4154 6188
369 261 394 313 1
405 263 439 315 5
1505 257 1952 314 PSYCHUMACH

2090 259 2476 315 PliAﬂFATlO.
3553 267 3620 325 ﬂ

544 377 697 442 Quod
723 377 880 430 dulce
907 375 1074 436 cordi,
1105 374 1244 443 quod
1275 375 1438 441 pium,
1462 373 1602 442 quod
1633 376 1864 440 unicum,

549 467 658 520 Deo
685 466 914 520 libenter
942 449 1271 520 aderandqu
1293 463 1518 517 credito.

547 555 791 623 Pugnare
822 563 1032 607 nosmet
1054 566 1174 606 cum
1202 551 1439 619 profanis
1465 551 1714 620 gentibus
1787 579 1790 582 η

370 649 440 702 10
547 645 748 710 Suasit,
777 659 1038 710 suumque
1068 656 1258 695 suasor
1284 643 1584 710 exemplum
1614 643 1762 698 dedit
1791 661 1804 698 :

554 737 662 791 Nec
685 745 810 789 ante
842 733 1043 802 prolem
1063 733 1396 802 cenjugalem
1425 733 1663 804 gignere,

553 831 662 883 Deo
691 837 932 896 parente,
963 837 1134 879 matre
1160 826 1351 880 virtute
1380 825 1600 892 editam,

558 921 718 989 580
741 919 910 984 Quam
941 927 1120 985 strage
1149 917 1312 968 multa
1341 915 1627 971 bellicosus
1659 917 1878 988 spiritus

555 1010 804 1064 Portenta
827 1007 1004 1062 cordis
1023 1007 1304 1060 servientis
1329 1007 1538 1061 vicerit.

377 1104 446 1160 15
552 1102 760 1156 Victum
783 1099 992 1156 feroces
1021 1099 1155 1155 forte
1183 1115 1335 1168 reges
1361 1107 1606 1169 ceperant

553 1196 710 1258 Loth,
743 1195 1116 1246 inimus-antem
1143 1191 1447 1245 criminosis
1474 1193 1696 1246 urbibus

555 1287 802 1342 Sodomae
821 1294 876 1338 et
899 1283 1234 1344 Gomorrhae,
1256 1297 1387 1351 quas
1417 1280 1627 1338 fovebat
1655 1287 1878 1350 advena,

555 1379 766 1433 Polleus
789 1376 996 1430 honore
1021 1375 1278 1444 patruelis
1297 1375 1503 1444 gloriae.

553 1471 772 1534 Abram,
799 1466 1032 1522 sinistris
1054 1466 1316 1521 excitatus
1345 1469 1568 1529 nuntiis,

1965 375 2112 442 A20

2219 377 2401 442 Audit,
2437 393 2812 448 pt-Optuquum,
2847 391 2992 434 sorte
3019 391 3232 450 captum
3263 382 3476 448 bellica,

2235 468 2448 524 Servire
2469 469 2617 522 duris
2647 470 2990 525 barbarorum
3024 473 3249 528 vinculis
3275 491 3287 525 :

2233 561 2420 612 Armat
2445 567 2733 622 trecentos,
2765 571 2951 630 terque
2972 577 3131 616 senos
3163 565 3430 627 vernulas,

2233 650 2462 716 Pergunt
2491 661 2546 704 ut
2571 653 2740 706 hostis
2770 661 2912 722 terga
2949 655 3122 708 cumis
3151 657 3396 712 cardere:

2232 740 2392 809 581
2417 739 2584 805 Quem
2612 755 2738 808 gaza
2769 740 2940 805 dives,
2965 757 3027 796 ac
3055 744 3356 812 triumphus
3397 748 3591 805 nobilis

2057 832 2126 886 25
2231 829 2415 899 (laptis
2445 831 2696 886 tenebant
2725 833 2920 898 impedi
2950 851 3036 888 um
3065 838 3251 904 copiis.

2231 921 2366 986 Quin
2396 922 2510 988 ipse
2537 921 2734 974 ferrum
2761 924 2992 988 stringit,
3026 935 3080 978 et
3107 927 3292 994 plenus
3318 929 3424 984 Deo

2234 1013 2408 1080 Reges
2439 1013 2702 1080 superbos
2735 1015 2872 1066 mole
2904 1016 3199 1080 pranlarum
3228 1032 3417 1084 graves

2233 1101 2390 1156 Pellit
2415 1104 2643 1170 fugatos,
2677 1103 2942 1156 sauciatos
2973 1107 3222 1172 proterit,

2231 1192 2452 1260 Frangit
2479 1205 2716 1260 catenas,
2737 1205 2789 1246 et
2816 1199 3055 1258 rapinam
3090 1197 3298 1262 liberal,

2056 1283 2126 1338 50
2231 1285 2454 1348 Aurum,
2485 1285 2706 1351 puellas,
2732 1289 3000 1353 parvulos.
3033 1289 3268 1354 tnoulia,

2233 1375 2432 1442 Greges
2463 1391 2742 1444 equarum,
2775 1392 2920 1444 vasa,
2955 1391 3178 1445 vestem,
3211 1383 3449 1438 buculas.

2235 1466 2368 1520 Loth
2393 1467 2504 1534 ipse
2533 1467 2702 1534 ruptis
2721 1470 2999 1536 expeditus
3023 1473 3245 1527 nexibus

1662 1555 1941 1609 GLOSSrlS
1981 1555 2312 1609 VETERES.

447 1655 498 1704 7.
525 1651 696 1716 Quod,
725 1661 852 1704 ιιι-ηε
881 1647 1505 1718 vibrabantunigenitum,
1518 1663 1660 1710 quem
1682 1647 1945 1718 diligebat,
1981 1651 2026 1708 Β
2053 1649 2374 1700 involvantur
2404 1648 2456 1699 in
2488 1649 2702 1716 peccatis
2725 1663 2918 1715 eorum,
2951 1651 3055 1705 lso.

377 1715 590 1784 oblnlil,
635 1723 705 1773 sic
753 1719 1064 1786 offerendum
1113 1715 1218 1766 Deo
1261 1717 1433 1769 credat
1471 1717 1654 1784 ﬁdelis,
1701 1715 1946 1786 quidquid

377 1794 692 1862 praecipuum
727 1791 894 1862 cordis
936 1787 1195 1839 invenerit.
1221 1814 1290 1824 —
1311 1786 1490 1850 Cordi,
1534 1787 1724 1840 scilicet
1760 1800 1852 1840 est.
1879 1816 1948 1826 ——

381 1857 548 1922 l‘ium,
577 1862 834 1920 dilectum,
870 1857 908 1912 1.

449 1933 504 1986 9.
537 1929 806 1992 Ρτοῐειιιίς,
839 1927 1068 1996 profante
1101 1934 1268 1993 gentes
1297 1933 1414 1978 sunt
1442 1926 1700 1992 passiones
1727 1927 1942 1990 animm,

377 2013 426 2055 et
455 2003 576 2055 vitia
605 2009 722 2054 sunt
752 2008 988 2065 portenta
1014 1998 1180 2050 cordis
1213 2005 1262 2048 et
1295 1996 1474 2066 anima
1507 1998 1762 2066 passiones
1782 2037 1798 2062 ,
1837 2015 1952 2066 quce

375 2073 655 2136 cupiditas,
689 2069 888 2127 ltvtitia,
911 2076 958 2119 et
979 2067 1229 2138 agritudo
1243 2065 1430 2138 {unde
1451 2076 1500 2120 et
1529 2065 1776 2138 Virgilius
1805 2065 1950 2120 cane-

378 2145 464 2194 bal
489 2158 508 2194 :
537 2139 786 2207 Cupiunt,
811 2136 1176 2207 gaudentque,
1201 2136 1504 2203 delentque.
1541 2136 1644 2189 lso.

455 2212 540 2264 1υ.
576 2205 911 2276 Eieinplutu,
958 2209 1085 2259 sicut
1119 2205 1206 2258 ille
1233 2221 1374 2276 veros
1403 2221 1540 2276 reges
1568 2207 1788 2273 perdidit
1814 2249 1828 2274 ,
1880 2208 1952 2262 ita

377 2297 472 2334 nos
499 2273 835 2334 exterminare
867 2277 988 2329 vitia
1023 2276 1204 2344 suasit,
1231 2273 1416 2344 quibus
1460 2273 1512 2327 in
1550 2279 1770 2344 quinque
1796 2273 1952 2331 sensi-

379 2351 474 2403 bus
497 2350 752 2416 subiugati
779 2363 972 2400 sumus.
1015 2343 1153 2398 Nunt
1183 2343 1440 2416 Abraham
1477 2343 1710 2414 spiritum
1741 2348 1948 2400 bellico-

375 2437 490 2473 sum
515 2415 765 2486 signiﬁcat
787 2433 803 2478 ;
831 2417 1042 2486 quinque
1072 2429 1213 2486 reges
1241 2415 1461 2486 quinque
1487 2429 1660 2468 sensus
1689 2419 1952 2483 corporis;

377 2489 510 2541 Loth
537 2483 689 2556 ﬁdem
714 2483 910 2553 captam
940 2501 972 2538 α
997 2483 1346 2556 vitiisqquam
1375 2483 1572 2556 relegat
1609 2486 1816 2555 spiritus
1845 2486 1948 2556 bel-

379 2553 600 2622 licosus;
623 2571 846 2610 cccxvnt
869 2555 1129 2608 vernaculi
1157 2553 1312 2621 ﬁdem
1341 2553 1594 2621 signiﬁcat
1622 2553 1736 2622 qua:
1765 2557 1816 2608 in
1854 2555 1951 2609 Ni-

380 2645 522 2682 cceno
552 2627 767 2678 concilio
789 2635 858 2678 est
888 2627 1158 2677 constituta
1183 2640 1214 2676 a
1240 2637 1466 2678 cccxvm
1495 2623 1768 2690 episcopis,
1795 2631 1882 2678 sed
1914 2643 1944 2679 x

378 2701 452 2749 ad
477 2699 796 2766 decalogunt,
825 2709 916 2747 vni
935 2695 1012 2766 ad
1038 2703 1148 2746 octo
1182 2693 1516 2746 beatitudines
1555 2695 1949 2766 pertinerepos-

378 2777 538 2828 sunt;
576 2762 674 2836 qui
695 2767 770 2819 bis
807 2765 1234 2836 omnibusAcaret,
1275 2779 1533 2831 nunquam
1575 2762 1643 2814 ad
1683 2765 1952 2832 praedictas

378 2833 718 2890 beatitudines
739 2835 1010 2903 perveniet,
1043 2833 1146 2887 lso.

451 2910 540 2960 11.
567 2902 795 2972 Prolem,
827 2909 1047 2974 fructum
1073 2904 1188 2956 boni
1215 2903 1400 2974 operis,
1424 2902 1528 2974 lso.

453 2977 544 3031 12.
573 2977 797 3038 Editam,
823 2972 1094 3040 prolatum.
1123 2972 1459 3042 procreatam,
1490 2972 1591 3026 lso.

449 3048 541 3100 15.
571 3045 778 3114 Strage,
809 3043 1357 3098 crede.—Bellicosus
1377 3042 1614 3114 spiritus,
1647 3043 1800 3114 ratio,
1835 3059 1952 3112 qua:

375 3126 452 3172 est
485 3118 538 3169 in
566 3113 761 3180 animo,
792 3131 1038 3185 pugnam
1051 3128 1290 3185 rxercens
1317 3122 1495 3185 contra
1517 3113 1642 3185 vitia
1676 3113 1740 3165 ab
1757 3113 1950 3185 harum

373 3189 616 3241 servitute
659 3181 900 3238 cunt'ro'r
946 3183 1209 3236 bellicosus
1252 3181 1464 3251 spiritus
1509 3181 1814 3248 liberaverit,
1854 3184 1950 3236 erit

375 3272 687 3324 consequens
755 3264 810 3306 ut
854 3255 916 3306 de
960 3263 1119 3324 matre
1167 3253 1350 3324 t-irtute
1391 3251 1596 3324 placens
1634 3251 1739 3305 Deo
1785 3255 1950 3321 proles

375 3322 580 3378 creetur
610 3325 723 3377 boni
750 3325 938 3376 scilicet
968 3322 1134 3392 operis
1155 3322 1370 3392 fructus,
1395 3322 1438 3392 Ι.

451 3395 544 3449 14.
573 3394 843 3456 Portenta,
873 3391 1122 3456 monstra,
1150 3391 1227 3452 vel
1252 3391 1392 3454 vitia,
1427 3391 1532 3445 lso.

451 3467 541 3520 15.
573 3465 856 3530 Ceperant,
896 3463 1074 3514 merito
1119 3461 1338 3530 capitur,
1388 3461 1476 3529 qui
1508 3475 1625 3512 cum
1668 3462 1952 3515 criminosis

379 3549 613 3588 moratur
635 3529 774 3595 {imo
794 3535 1048 3600 delegerat
1072 3529 1368 3594 immorari;
1392 3542 1568 3583 contra
1593 3532 1727 3597 quod
1751 3529 1954 3600 Moyses

378 3605 447 3656 ad
473 3605 743 3674 populum,
772 3601 1043 3674 Discedite,
1066 3601 1249 3674 inquit,
1276 3616 1308 3651 a
1335 3603 1670 3674 tabernaculis
1690 3600 1956 3674 hominum

380 3669 693 3744 impiorum;
724 3671 864 3724 haud
905 3670 1112 3724 dubiunt
1149 3671 1274 3741 quin
1311 3669 1449 3723 dicat
1476 3671 1637 3736 abire,
1692 3687 1753 3724 ne
1788 3681 1835 3723 et
1858 3669 1956 3740 ipsi

1975 3016 2022 3078 C

2125 1721 2212 1770 16.
2241 1718 2638 1780 lmtnOrantent,
2663 1718 2987 1783 habitantem,
3025 1723 3126 1777 lso.

2241 1787 2500 1860 Favebat,
2523 1789 2797 1853 incolebat,
2825 1791 3087 1860 diligebat,
3117 1794 3218 1846 lso.

2125 1857 2212 1910 18.
2241 1857 2478 1938 Pollens,
2519 1874 2775 1940 cresce‘ns,
2816 1857 3174 1940 slive'fulgenj,
3218 1865 3294 1916 vel
3340 1867 3630 1940 abundans,

2051 1929 2180 2005 sicut
2211 1929 2456 2005 scriptum
2488 1937 2558 2005 est
2589 1928 2979 2005 :_Recordatus-
2999 1928 3072 2005 est
3101 1931 3242 1986 Deus
3271 1937 3545 2005 Abraham,
3577 1928 3632 1995 ei

2053 1997 2281 2050 liberavit
2301 1997 2872 2071 'Lotlt_desubv_e_rsione
2898 2000 3052 2071 urbis.
3071 2029 3136 2040 -—
3176 2005 3408 2071 Honore,
3441 2010 3501 2060 ob
3532 1997 3625 2064 lim-

2053 2083 2227 2143 "ore",
2249 2066 2565 2143 muni-Loth
2594 2067 2833 2143 pollebat,
2862 2070 2992 2143 sicut
3013 2073 3254 2143 scriptum
3285 2085 3376 2134 est.
3397 2066 3524 2143 ’σίδη
3550 2082 3628 2134 vel

2053 2145 2184 2189 certe
2205 2135 2326 2210 quia
2347 2135 2484 2210 apud
2515 2152 2685 2210 omnes
2711 2137 2973 2210 Abraham
3011 2135 3257 2210 propheta
3289 2143 3382 2198 Dei
3409 2135 3628 2204 habeba-

2055 2207 2534 2268 tur.—Patruelis,
2559 2207 2798 2268 Abrahae,
2825 2207 2927 2260 lso.

2127 2279 2214 2330 19.
2258 2275 2524 2354 Sinis1ris,
2555 2278 2860 2354 contrariis;
2902 2279 3104 2332 sinister
3147 2283 3356 2336 nuntius
3392 2297 3496 2340 erat
3541 2291 3628 2354 qui

2052 2348 2268 2418 adversa
2338 2347 2651 2418 captivitatis
2681 2357 3006 2416 nepotemque
3040 2361 3244 2418 captum
3283 2356 3466 2410 servire
3505 2347 3626 2412 bar—

2053 2417 2188 2469 buris
2215 2417 2500 2470 nuntiabat.
2523 2447 2594 2456 —-
2615 2417 2908 2480 Excitatus,
2935 2421 3283 2484 conturbatus,
3319 2424 3423 2481 lsv.

2123 2488 2209 2540 21.
2241 2485 2615 2549 Barbarorum,
2644 2485 2934 2552 gentilium,
2959 2487 3061 2541 lso.

2123 2555 2211 2608 22.
2241 2555 2451 2623 Terque
2477 2570 2657 2615 senos,
2691 2571 2838 2620 xvnt,
2870 2556 2972 2610 lso.

2121 2625 2212 2706 24.
2247 2623 2436 2706 Quem,
2470 2635 2670 2706 euntem
2695 2624 2889 2677 hostem
2911 2627 3080 2681 divitis
3107 2645 3248 2697 gazte
3284 2635 3432 2702 copia
3467 2637 3628 2706 ἱῃιρε.

2056 2695 2216 2746 ditum
2239 2694 2447 2760 fecerat,
2479 2695 2584 2748 lso.

2083 2811 2092 2820 ,
2120 2761 2209 2816 25.
2241 2763 2577 2838 Intpeditnm,
2615 2761 2808 2838 hostem
2835 2765 3194 2838 pro__hastibus
3219 2772 3420 2838 posuit,
3448 2775 3626 2838 singu-

2053 2831 2170 2908 lare
2190 2849 2280 2908 pro
2311 2833 2521 2908 plurali,
2545 2844 2701 2908 ut_est
2721 2831 2854 2884 illud
2878 2847 2896 2884 :
2931 2833 3076 2888 Venit
3105 2831 3279 2890 musca
3305 2831 3624 2908 gravissima.

2049 2903 2334 2973 —Copiis,
2361 2903 2570 2966 divitiis,
2605 2904 2707 2956 lso.

2123 2973 2216 3046 26ἐ
2247 2973 2490 3046 Stringit,
2509 2973 2767 3046 evaginat.
2786 2973 3064 3028 —Plenus
3095 2975 3226 3042 Deo,
3257 2982 3498 3046 quoniam
3518 2984 3628 3046 ple-

2053 3043 2284 3118 nus_l)e_o
2307 3051 2434 3118 erat,
2463 3043 2834 3118 ideoadversas
2863 3047 2995 3097 acies
3018 3047 3169 3114 facile
3196 3043 3489 3118 superabat,
3518 3043 3622 3111 iso.

2123 3112 2217 3166 27.
2240 3113 2393 3176 Mole,
2416 3113 2785 3180 magnitudine,
2819 3112 2922 3167 lso.

2122 3181 2552 3270 28'.lgel|il','ftlf
2593 3182 2846 3270 invenitur
2879 3183 3105 3270 schema:
3143 3186 3281 3268 quod
3318 3189 3629 3270 ηῃροιςριείε

2051 3253 2340 3329 appellatur
2353 3269 2383 3329 ;_
2399 3250 2642 3329 videlicet.
2658 3251 2740 3329 ubi
2765 3251 2964 3329 diversa
2993 3253 3141 3329 νει-ὁρ
3159 3250 3398 3329 singulis
3421 3263 3630 3329 quibus-

2051 3337 2149 3388 que
2182 3321 2426 3396 clausults
2467 3321 2671 3389 proprie
2693 3321 3411 3396 juhguntur.—Sauci'atos,
3433 3321 3630 3388 'vulne-

2055 3403 2213 3444 ratos.
2246 3391 2349 3444 lso.

2123 3432 2213 3512 5(ιῖ
2242 3459 2476 3532 Manilia,
2509 3457 2825 3529 ornamenta,
2859 3477 2950 3522 pro
2978 3465 3116 3516 omni
3145 3475 3351 3532 ornatu,
3384 3470 3486 3523 lso.

2058 3599 2086 3652 ὁ
2127 3531 2215 3586 51.
2250 3531 2476 3652 lliuculas
2499 3568 2517 3595 ,
2564 3545 2779 3596 vaccas,
2836 3546 3009 3602 greges
3046 3531 3352 3604 vaccarum,
3403 3553 3630 3598 armenta

2090 3615 2228 3652 cum.
2282 3615 2368 3652 so.

2090 3615 2228 3663 cum,
2261 3615 2368 3653 Iso.

2127 3668 2218 3724 52.
2255 3667 2573 3733 Expeditus.
2603 3669 2868 3724 liberatus.
2892 3669 3058 3723 velox.
3088 3674 3166 3726 vel
3193 3675 3411 3730 solutus.
3443 3681 3544 3735 lso.

1723 3762 2271 3820 COMMENTARIUS.

450 3864 506 3914 7.
541 3859 596 3912 ln
627 3859 744 3912 Vat.
777 3857 843 3920 D,
872 3865 1058 3910 contra
1087 3863 1338 3926 metrum,
1360 3855 1496 3926 quod
1515 3867 1590 3908 est
1611 3855 1758 3910 dulce
1785 3857 1952 3911 cordi.

377 3931 532 3994 Ald.,
563 3929 674 3982 Gis.
700 3939 754 3981 et
779 3927 868 3980 alii
907 3928 1072 3992 vulg.,
1103 3926 1238 3995 quod
1267 3924 1418 3995 dulce
1437 3925 1590 3995 cordi
1614 3933 1710 3978 est.
1737 3929 1778 3980 Α
1813 3936 1954 3980 vete-

376 3993 532 4056 ribus
563 3998 711 4052 libris
735 3995 1058 4058 Heinsianis,
1093 3993 1124 4048 a
1147 3995 1304 4056 Man,
1347 3994 1490 4058 Rau,
1523 3993 1742 4058 Weitz.,
1785 3996 1950 4060 Vatt.,

379 4072 444 4134 (Σ,
479 4070 542 4131 F,
565 4068 632 4132 ϐ,
658 4068 720 4132 L,
741 4079 794 4121 et
819 4067 942 4120 aliis
974 4065 1240 4134 plerisque
1265 4065 1418 4119 abest
1452 4065 1672 4118 verbum
1701 4065 1952 4120 substan-

381 4143 552 4194 tivnm
577 4150 652 4192 est
679 4153 774 4206 per
799 4135 1143 4206 epexegesin,
1171 4143 1230 4206 ut
1253 4135 1304 4206 in
1331 4149 1486 4206 versu
1515 4135 1703 4206 primo.

453 4213 508 4263 8.
530 4203 855 4263 Scholiastes
881 4204 1051 4259 Persii
1081 4203 1146 4257 ad
1179 4203 1306 4258 illud
1339 4203 1504 4258 Lusca
1523 4205 1759 4258 sacerdos
1777 4213 1954 4274 satyra

379 4281 416 4334 5
437 4280 510 4331 ait
539 4297 552 4330 :
578 4277 754 4333 Solent
779 4276 1012 4328 mulieres
1034 4274 1284 4340 deformes
1305 4283 1352 4326 et
1373 4275 1546 4344 aliqua
1562 4278 1790 4344 corporis
1812 4287 1956 4341 parte

379 4365 580 4402 manca:
617 4349 684 4400 ad
719 4348 926 4399 deorum
965 4345 1242 4396 ministeria
1283 4360 1336 4395 se
1371 4343 1620 4412 conferre.
1652 4343 1846 4398 Contra
1877 4347 1953 4399 la-

381 4419 634 4474 ciendum
659 4416 906 4484 exemplo
931 4429 1028 4467 suo
1049 4415 1229 4467 docuit
1257 4414 1612 4467 Abrahamus.

465 4492 550 4541 10.
576 4488 720 4552 Ald.,
751 4485 1024 4540 mendose.
1056 4485 1235 4546 suasit,
1263 4492 1310 4534 et
1329 4498 1498 4536 suum.

461 4559 550 4611 12.
581 4558 734 4619 Man,
775 4555 918 4620 liat.,
970 4552 1179 4622 Weitz.
1209 4567 1330 4606 cum
1377 4552 1514 4618 aliis,
1559 4552 1697 4608 Gis..
1727 4564 1952 4622 parente.

381 4629 660 4684 lleinsiam
683 4640 890 4684 omnes.
921 4623 1098 4684 Alex.,
1137 4621 1280 4675 Vatt.
1318 4622 1378 4685 F,
1406 4623 1474 4685 (ὲ,
1498 4631 1552 4675 et
1579 4623 1814 4690 plerique
1841 4625 1952 4684 alii,

381 4701 705 4768 placentem:
731 4693 981 4768 Fuldens.
1021 4693 1182 4755 male,
1215 4692 1756 4768 plac_ente._lieiitsius
1803 4695 1956 4768 ait_i_n

383 4761 502 4822 suis
523 4781 642 4821 esse
669 4765 774 4817 Deo
798 4765 1074 4830 placentem
1097 4761 1221 4815 cum
1241 4763 1406 4824 Aldo;
1429 4761 1576 4816 addit
1595 4762 1954 4823 TeoLius.edi-

385 4841 568 4892 tiones
607 4849 794 4888 omnes
832 4833 1052 4887 Heinsio
1086 4834 1413 4890 anteriores,
1466 4831 1652 4886 Aldina
1712 4843 1952 4899 excepta,

387 4908 590 4961 habere
623 4904 728 4959 Deo
749 4913 972 4966 parente.
999 4905 1064 4954 At
1090 4917 1196 4954 non
1219 4901 1390 4954 solum
1413 4903 1464 4956 in
1491 4901 1680 4956 Aldina
1701 4903 1954 4964 editione,

386 4979 482 5031 sed
516 4977 569 5029 in
602 4977 718 5028 aliis
740 4975 900 5028 etiam
923 4975 1154 5039 antiquis
1181 4971 1394 5024 invenio
1421 4969 1526 5024 Deo
1557 4973 1866 5034 placentem,
1900 4983 1959 5024 ut

391 5047 448 5098 in
495 5045 784 5098 Basileensi
825 5045 948 5095 anni
991 5041 1146 5104 1540,
1179 5041 1486 5094 (ὶηΙοιιὶθιιδὶ
1518 5040 1674 5106 1594,
1723 5051 1776 5094 et
1813 5043 1952 5094 aliis.

393 5117 650 5168 Sichardo
677 5121 848 5181 placet
874 5121 1102 5180 parente,
1137 5111 1258 5175 quia
1295 5113 1537 5178 sequitur
1570 5125 1730 5164 inatre
1754 5111 1955 5175 virtute,

393 5197 456 5237 ut
477 5185 660 5237 Civem
679 5184 1028 5250 gloriabatur,
1056 5196 1114 5232 se
1143 5195 1252 5233 sua:
1277 5181 1568 5235 nobilitatis
1587 5194 1844 5250 parentem
1865 5181 1960 5234 ha-

385 5256 530 5310 bere
557 5253 808 5308 laborem.
841 5251 1022 5304 Virtus
1051 5261 1218 5304 mater
1241 5251 1451 5314 dicitur,
1485 5261 1542 5305 ut
1567 5253 1776 5304 castitas
1798 5263 1959 5304 mater

383 5328 610 5397 hymno
625 5325 678 5397 11
707 5323 1121 5397 (ὶθμιείηλγβι-ε.
1157 5320 1242 5397 1

461 5395 556 5450 14.
585 5394 732 5455 Ald.,
758 5391 896 5456 Gis.,
933 5393 1150 5451 lirl'urt.,
1183 5389 1372 5457 Bong..
1400 5400 1531 5459 Aug.
1567 5405 1688 5446 cum
1723 5391 1862 5444 Vatt.
1890 5387 1956 5456 C,

383 5469 454 5526 (ἲν,
487 5465 558 5528 0,
585 5463 652 5530 R,
687 5463 790 5524 IiB,
821 5472 876 5516 et.
901 5461 1040 5526 alits,
1071 5461 1336 5513 sarmentis.
1371 5460 1513 5523 Pttt.,
1541 5463 1742 5524 Oxum,
1777 5461 1955 5528 Egon,

382 5535 622 5596 Widm.,
661 5533 891 5593 Bonum,
934 5535 1110 5593 Alex.,
1152 5530 1308 5595 Man,
1341 5531 1460 5582 Rat.
1508 5547 1536 5583 a
1579 5531 1744 5597 prima
1776 5546 1956 5594 manu,

383 5619 438 5660 et
471 5605 568 5658 alii
595 5603 874 5665 servientis,
901 5617 1005 5667 quo
1037 5601 1200 5652 verbo
1237 5602 1392 5653 simili
1427 5600 1630 5653 ratione
1658 5614 1801 5665 serpe
1831 5615 1960 5654 usus

383 5686 474 5732 est
507 5673 844 5729 Prudentius.
879 5669 1144 5732 Barthius,
1184 5671 1276 5724 lib.
1317 5685 1462 5736 sun,
1496 5685 1614 5738 cap.
1645 5670 1676 5722 7
1709 5670 1955 5736 Advers.,

2062 3860 2116 3911 ln
2143 3855 2514 3926 quodamims.
2565 3847 3159 3926 inv'eneratscevientis,
3190 3859 3330 3925 qttod
3371 3861 3628 3925 optimum

2061 3923 2210 3995 putat
2233 3941 2278 3997 ;_
2305 3925 2399 3980 sed
2429 3923 2626 3997 fatetur
2653 3925 2704 3978 in
2739 3924 3008 3997 plerisque
3027 3925 3183 3979 codd.
3209 3923 3330 3997 esse
3350 3923 3630 3997 servientis,

2056 3993 2110 4051 et
2141 3995 2390 4064 explicat,
2432 3995 2532 4048 nisi
2561 4009 2656 4048 cor
2693 3993 2960 4064 redegerit
2999 3995 3054 4047 in
3097 3996 3430 4064 servitutem,
3475 4010 3528 4052 et
3556 3993 3625 4053 ita

2056 4063 2300 4134 portenta
2331 4065 2466 4132 ejus,
2496 4065 2612 4117 sive
2641 4063 2901 4132 malignas
2927 4063 3280 4132 cogitationes
3309 4065 3517 4120 vicerit.

2130 4137 2214 4190 15.
2249 4136 2302 4188 In
2327 4135 2457 4189 Mar.
2489 4149 2643 4187 error
2675 4144 2758 4187 est
2785 4135 2988 4200 ceperit,
3022 4143 3321 4188 correctum
3361 4149 3518 4204 supra
3544 4155 3629 4192 ce-

2058 4215 2257 4274 perant.
2285 4205 2472 4258 Simile
2502 4203 2752 4256 tuendum
2785 4204 2838 4256 in
2865 4203 2980 4256 Vat.
3003 4205 3066 4268 υ,
3097 4215 3319 4274 ceperat.

2126 4275 2216 4328 22.
2243 4274 2572 4342 Pignorius,_
2615 4275 2683 4326 de
2729 4275 2909 4328 Servis
2955 4288 3072 4340 pag.
3120 4272 3191 4324 22
3239 4283 3294 4326 et
3339 4288 3514 4342 seqq.,
3563 4277 3632 4334 de

1985 4367 2034 4426 ι)
2059 4361 2238 4426 verna:
2277 4339 2331 4426 et
2367 4339 2603 4424 vernulae
2641 4339 2998 4426 appellati-one
3016 4339 3278 4426 Edisserit
3311 4359 3324 4398 :
3361 4339 3626 4426 ita—voca-

2059 4416 2184 4469 bant
2209 4414 2408 4482 antiqui
2431 4427 2614 4466 servos
2639 4412 2782 4464 domi
2814 4411 3122 4482 natos.rSed
3149 4412 3435 4479 aliquando
3460 4429 3630 4469 verna:

2055 4499 2154 4538 vox
2179 4481 2366 4537 latiore
2391 4485 2609 4536 natione
2639 4496 2733 4546 pro
2763 4481 3086 4552 quibuslibet
3115 4483 3285 4536 servis
3327 4483 3628 4552 accipieba-

2060 4564 2164 4617 tur,
2197 4565 2254 4608 ut
2276 4554 2535 4619 exemplis
2561 4552 2843 4604 conlicmat
2873 4551 3169 4618 l’ignorius.

2125 4625 2215 4678 25.
2247 4625 2399 4686 Man,
2425 4629 2636 4691 pergat;
2665 4635 2824 4688 supra
2855 4629 3088 4691 pergant,
3111 4628 3276 4674 recte.

2126 4693 2217 4747 24.
2249 4695 2556 4754 Sichardus,
2601 4704 2876 4758 perperam
2897 4732 2912 4754 ,
2950 4691 3289 4758 triumphator
3319 4706 3413 4757 pro
3450 4703 3606 4745 trium

2058 4764 2210 4832 phus.
2250 4763 2573 4830 Triumphus
2615 4760 2806 4816 nobilis
2837 4760 3050 4824 dicitur,
3095 4771 3153 4814 ut
3189 4759 3290 4814 uda
3323 4759 3347 4810 1
3385 4760 3586 4814 lloratii
3615 4779 3628 4814 :

2063 4833 2342 4894 Palmaque
2371 4833 2573 4884 nobilis.

2125 4901 2217 4956 25.
2245 4901 2439 4968 Scripti
2463 4901 2753 4967 Heinsiani,
2780 4902 2958 4965 Alcm,
2989 4900 3111 4952 Vat.
3136 4898 3202 4964 F,
3226 4899 3372 4960 Ald.,
3394 4898 3625 4968 Bonum,

2061 4973 2212 5040 Egtu.
2265 4982 2319 5042 et
2351 4967 2462 5042 alii,
2507 4981 2669 5042 captis
2708 4971 2956 5042 tenebant.
3001 4968 3436 5042 Ψείιιίιιεηίξὶδ..
3471 4967 3630 5034 Man,

2059 5037 2206 5106 Rat"
2233 5041 2373 5095 Vatt.
2404 5037 2468 5104 (3,
2507 5041 2546 5094 F
2571 5037 2628 5096 'et
2673 5041 2783 5106 alii,
2820 5043 2983 5110 captis
3021 5041 3237 5094 tenebat.
3291 5037 3625 5104 Viennensis,

2057 5121 2262 5182 captum
2274 5111 2507 5182 tenebat.

2129 5184 2216 5236 26.
2241 5181 2458 5244 Vienn.,
2482 5191 2597 5234 tunc
2613 5181 2718 5248 ipse
2738 5197 2756 5244 ;
2777 5179 2886 5244 alii,
2910 5182 3031 5250 quin
3053 5175 3440 5246 ipse..Erfurt.a
3461 5175 3628 5242 prima

2060 5268 2240 5316 manu,
2271 5254 2474 5304 strinxit
2501 5265 2598 5318 pro
2622 5251 2846 5318 stringit.

2129 5314 2236 5376 5|.
2259 5314 2683 5375 Elmenhorstiua
2717 5314 2772 5372 in
2799 5319 3091 5373 Arnobium
3122 5329 3240 5382 pag.
3275 5314 3361 5378 16,
3393 5315 3632 5370 buculam

2061 5407 2160 5457 pro
2183 5393 2338 5452 hove,
2365 5391 2611 5458 juvenca.
2637 5388 2798 5444 hscca
2825 5405 2891 5443 ex
2917 5390 3108 5458 glossis
3139 5388 3430 5450 veteribus,
3465 5384 3632 5454 Virgi-

2062 5456 2164 5527 lio,
2188 5456 2470 5516 Aldhelmo
2501 5461 2604 5513 dici
2636 5461 2966 5527 comprobat.
2999 5456 3122 5510 Ald.
3159 5463 3214 5508 et
3243 5459 3404 5524 Ang.,
3443 5467 3634 5522 vestes;

2063 5532 2170 5596 alii,
2193 5544 2395 5584 vestem.

2133 5594 2222 5655 52.
2248 5601 2378 5654 Mar.
2406 5611 2460 5652 et
2491 5600 2692 5652 Bono".
2717 5612 2834 5652 cum
2865 5596 3188 5660 liciusiauis,
3221 5604 3421 5661 praeter
3451 5594 3644 5647 Putea-

2066 5685 2216 5735 nutn,
2255 5670 2513 5738 expcd'tus
2551 5669 2784 5734 vinculis,
2815 5680 2948 5734 quos
2974 5667 3124 5734 sequi
3156 5666 3322 5720 noluit
3363 5663 3644 5726 Heinsius,
