4154 6188
473 287 537 347 l9
1563 292 1840 348 AURELII
1882 291 2248 350 PRUDENTII
2288 296 2622 354 CARMINA.

504 474 513 484 '
644 401 890 458 Animam
919 399 1112 455 deinde
1138 401 1361 470 sp'ritus
1387 404 1760 472 complexibus

471 492 542 549 65
648 492 741 546 Pie
763 492 1033 558 maritam,
1066 492 1230 559 prolis
1258 500 1533 560 expertem
1558 494 1674 559 diu,

648 584 827 639 Faciet
857 585 1077 654 perenni
1110 583 1336 640 fertilem
1361 585 1431 640 de
1460 589 1686 641 semine.

2071 417 2121 473 Α
2325 414 2474 470 Tunc
2495 430 2613 470 sera
2639 417 2820 473 dotem
2848 418 3130 495 possidens
3160 433 3446 488 puerpera,

2332 505 2555 560 llmrede
2582 505 2742 577 digno
2778 508 2945 577 patris
2975 507 3219 579 implebit
3250 507 3491 563 domum.

1764 677 2046 734 GLOSSAE‘.
2083 675 2422 732 VETERES.

541 786 633 860 64.
669 786 933 860 Aniunarn,
957 803 1111 860 quam
1134 787 1268 860 Sara
1286 787 1561 858 signiﬁcat.
1591 819 1659 830 —
1680 788 1932 860 Spiritus,
1957 806 2046 854 per
2145 790 2311 845 illud:
2336 808 2450 843 cum
2479 800 2646 843 autem
2673 789 2922 860 pepererit
2946 804 3183 860 puerum,
3218 798 3349 860 etc.,
3396 787 3436 841 Ι.

466 856 699 923 spiritum
714 856 994 924 intelligere
1010 856 1406 923 vultAbraham,
1426 874 1513 922 per
1526 862 1751 911 animam
1776 858 1984 924 Soram,
2002 860 2044 913 Ι.

539 926 628 978 65.
661 927 917 997 Mat-itam,
948 943 1190 996 syncopa,
1222 928 1275 979 id
1299 937 1372 980 est
1401 929 1744 996 conjunctam,
1769 931 1916 997 quasi
1938 945 2047 982 ma-

466 994 690 1058 ritatam,
722 1012 755 1046 a
775 995 943 1059 verbo,
973 994 1110 1062 quod
1131 1006 1226 1059 est,
1253 997 1458 1062 marito,
1487 994 1567 1051 as.
1599 1027 1670 1039 —
1698 994 1895 1064 Prolis,
1938 1000 2042 1051 uir-

466 1072 634 1136 tutum
658 1066 1020 1136 spiritualium.
1040 1095 1111 1105 —
1131 1067 1445 1136 Expertem,
1477 1067 1723 1136 ignotam,
1751 1068 1790 1120 1.

536 1133 626 1189 66.
682 1133 951 1207 Fertilem,
985 1135 1302 1207 fructiferam
1332 1152 1452 1207 eum
1483 1133 1625 1191 bonis
1678 1137 1931 1207 aperibus.
1970 1167 2041 1207 5-—

469 1202 707 1265 Semine,
741 1205 786 1257 si
811 1202 1077 1258 semen’est
1104 1202 1309 1277 uerbum
1325 1204 1439 1271 Dei,
1456 1275 1463 1277 ξ
1482 1202 1847 1277 consequenter
1870 1217 1917 1260 et
1943 1206 2041 1277 ﬁlii

1633 1278 1737 1345 ﬁne
1762 1276 2041 1331 dominabi-

465 1359 616 1407 mur;
644 1360 748 1397 non
785 1345 1049 1413 feminam,
1079 1346 1133 1398 id
1168 1356 1246 1398 est
1272 1362 1373 1399 non
1411 1346 1565 1400 molle
1600 1348 1725 1415 quid
1753 1364 1815 1401 ac
1840 1345 2039 1400 resolu-

464 1421 594 1481 tum,
619 1415 709 1467 sed
735 1430 967 1481 puerum,
998 1415 1054 1467 id
1077 1423 1171 1478 est,
1196 1418 1328 1484 forte
1358 1432 1421 1469 ac
1446 1416 1668 1471 solidum
1689 1418 1962 1487 parientes,
1984 1424 2042 1470 ut

466 1288 620 1343 Opera
641 1282 779 1336 sunt,
810 1290 1026 1345 quorum
1054 1276 1229 1345 utique
1265 1275 1493 1329 mercede
1535 1277 1588 1329 in

2217 861 2304 915 67.
2342 862 2550 922 Dotem,
2578 858 2769 912 scilicet
2789 858 3062 920 virtutum,
3101 859 3254 911 vitam
3281 858 3475 911 beatam
3501 898 3516 922 ,
3539 860 3618 913 uel
3636 860 3727 929 ju-

2147 940 2278 984 stam
2300 934 2484 995 vitam;
2513 932 2605 982 'lws
2643 931 2764 982 sinit
2792 935 2986 982 intrare
3021 944 3148 998 quos
3202 930 3384 998 dignos
3427 929 3627 995 probat.
3655 957 3727 970 -—

2149 1001 2439 1069 Puerpera,
2470 1016 2683 1066 puerum
2706 1001 2931 1068 pariens,
2959 1000 3061 1054 Iso.

2220 1066 2310 1126 68.
2346 1070 2567 1124 Haerede
2595 1066 2772 1137 digno,
2806 1069 3081 1123 secundum
3108 1066 3243 1121 illud
3259 1084 3276 1121 :
3307 1067 3432 1121 Filii
3465 1067 3562 1132 tui,
3590 1069 3721 1121 sicut

2147 1142 2359 1195 novella:
2377 1140 2649 1203 olivarum,
2666 1138 2845 1194 etalibi
2857 1154 2875 1192 :
2901 1139 3072 1209 Dirige
3098 1137 3231 1207 ﬁlios
3252 1153 3462 1202 eorum;
3485 1154 3547 1190 ac
3568 1140 3725 1205 paulo

2149 1221 2260 1281 post
2276 1225 2305 1281 7:
2328 1210 2393 1264 Et
2415 1226 2569 1281 opera
2591 1225 2836 1281 manuum
2863 1208 3147 1281 nostrarum
3169 1208 3332 1277 dirige
3359 1223 3515 1281 super
3535 1222 3725 1260 nos.—

2145 1279 2340 1344 Patris,
2367 1279 2654 1334 ostenditur
2675 1295 2762 1347 per
2774 1279 3084 1332 divinitatem
3110 1291 3158 1331 et
3180 1279 3587 1340 humanitatem;
3610 1287 3722 1347 quin

2145 1366 2260 1403 cum
2272 1351 2373 1403 sint
2394 1352 2519 1416 duo,
2542 1346 2830 1403 nontamen
2844 1349 2973 1414 duo,
2989 1348 3076 1402 sed
3093 1364 3221 1402 unus
3247 1356 3320 1401 est
3336 1346 3590 1414 Christus,
3615 1346 3722 1401 lso.

1808 1522 2368 1580 COMMENTARIUS.

535 1633 625 1689 6i.
656 1633 804 1700 Ald.,
838 1633 953 1690 Gis.
984 1634 1035 1689 in
1058 1644 1311 1691 contextu
1339 1636 1359 1690 l
1404 1636 1517 1701 ed.,
1565 1635 1911 1701 connea'ibus;
1950 1635 2038 1689 alii

463 1705 660 1774 melius
683 1703 1045 1774 complexibus.

535 1772 623 1847 65.
656 1772 844 1834 Aldus.
868 1776 988 1842 pice,
1012 1775 1188 1830 minus
1216 1776 1373 1840 bene,
1421 1790 1517 1843 pro
1548 1778 1651 1847 pie.
1680 1774 1736 1847 in
1770 1773 2038 1830 nonnullis

464 1843 633 1915 vulg.,
666 1853 956 1913 expertam;
990 1847 1199 1915 corrige
1227 1856 1504 1913 expertem.
1532 1843 1799 1902 Cauchius
1842 1860 1910 1900 ex
1947 1859 2038 1900 co-

463 1912 580 1967 dice
610 1912 812 1982 scripto
843 1916 1075 1971 malebat
1094 1912 1175 1987 pie
1198 1912 1464 1969 maritans.

2220 1635 2310 1690 67.
2334 1633 2482 1702 Ald.,
2541 1633 2731 1698 Nebr.,
2781 1642 2837 1687 et
2876 1632 2968 1686 alii
3022 1628 3720 1702 vulguASarraal’lerique

2145 1704 2276 1762 editi
2319 1716 2375 1761 et
2429 1699 2583 1769 mss.,
2613 1721 2747 1764 sera,
2775 1710 2835 1756 ut
2871 1711 2996 1756 ante
3038 1716 3180 1756 vers.
3207 1700 3263 1763 2,
3301 1699 3557 1754 Abraham
3576 1715 3720 1753 serus

2144 1775 2509 1847 pater-dicitur.
2528 1775 2583 1847 lu
2600 1774 2716 1847 Vat.
2733 1771 2799 1847 ς.
2814 1787 2969 1847 serua
2988 1774 3153 1847 prima
3168 1786 3349 1847 manu,
3364 1771 3528 1835 S_arra
3539 1783 3716 1838 supra.

2212 1846 2304 1901 68.
2337 1846 2531 1910 Palat.,
2563 1845 2824 1914 implevit;
2851 1842 3042 1896 melius
3063 1842 3310 1912 implebit.

3460 2048 3687 2057 __-—_.__

1510 2156 2652 2272 PSYCHOMACHIA.

639 2505 796 2576 587
826 2503 1059 2568 Christe,
1087 2516 1280 2575 graves
1319 2502 1597 2558 hominum
1629 2518 1842 2572 semper
1870 2506 2033 2560 mise-
2067 2510 2110 2568 Β

1560 2595 1699 2669 [rate
1728 2595 1962 2660 labores,

2313 2508 2414 2576 Qui
2443 2511 2612 2580 patria
2646 2509 2845 2564 virtute
2876 2508 3034 2574 cluis,
3059 2486 3398 2580 propriaque.
3431 2512 3524 2566 sed
3554 2528 3686 2580 una,

2324 2600 2530 2669 (Unum
2556 2614 2785 2671 namque
2800 2600 2967 2656 Deum
2983 2600 3204 2654 colimus
3222 2600 3289 2655 de
3306 2602 3521 2656 nomine
3540 2604 3683 2657 trino
3704 2620 3717 2657 :

1774 2727 2065 2786 GLOSSAB
2104 2729 2443 2788 VETERES.

534 2847 584 2903 1.
616 2847 1157 2918 ϐτθνθθωιαρηοι--έ
1182 2846 1450 2913 Miserate,
1473 2847 1860 2918 participiumqa
1880 2847 2032 2918 uerbo

461 2920 694 2981 miseror,
725 2919 850 2986 aris,
883 2916 1019 2986 quod
1044 2917 1171 2986 regit
1197 2916 1577 2978 accusativum;
1609 2917 1726 2969 hinc
1743 2916 1907 2986 etiam
1934 2917 2030 2967 mi-

434 3003 650 3070 .seran:
661 2988 733 3039 ait
757 3002 776 3040 .'
806 2984 983 3039 Venite
1007 2987 1075 3038 ad
1099 2984 1175 3037 me
1203 3001 1399 3066 omnes,
1420 3002 1506 3053 qui
1533 2985 1797 3070 laboratis,
1830 2984 1930 3037 lso.

529 3060 584 3108 2.
609 3054 804 3116 Patria,
830 3065 1042 3126 paterna
1065 3071 1085 3109 .'
1114 3064 1328 3123 paterna
1352 3055 1529 3126 virtus
1550 3054 1782 3126 Christus
1819 3064 1890 3126 est
1917 3054 2038 3126 sub-

461 3127 697 3190 stamiva,
726 3123 839 3179 non’
855 3125 1127 3189 accidens;
1158 3139 1317 3192 neque
1341 3123 1564 3178 secunda
1589 3125 1813 3191 qualitas
1832 3123 2030 3188 Patris,

2139 2849 2231 2900 sed
2265 2847 2432 2920 Filius
2459 2850 2569 2918 ejus
2585 2858 2660 2920 est
2681 2850 2839 2920 ;quia
2865 2865 2964 2902 non
2992 2864 3032 2920 ar
3047 2864 3120 2911 se,
3144 2852 3232 2901 sed
3255 2849 3314 2901 ab
3338 2864 3398 2901 eo
3418 2849 3528 2914 ipso
3547 2853 3715 2920 gmm'l

2136 2933 2207 2969 se.
2227 2917 2694 2982 —C|uis,’cresris,
2714 2919 2891 2984 polles.
2911 2948 2979 2960 ——
2998 2919 3128 2975 Una.
3144 2919 3335 2971 scilicet
3358 2917 3655 2974 substantia.
3675 2924 3711 2973 l.

2170 2988 2262 3109 εὖ.
2299 2987 2525 3109 lNomine
2567 2987 2728 3051 trino,
2762 2987 2940 3054 Pater,
2984 2996 3032 3041 et
3068 2985 3261 3055 Filius,
3288 2998 3334 3042 et
3359 2987 3713 3060 Spiritussau-

2141 3070 2168 3106 c
2193 3073 2271 3109 us.
2328 3097 2341 3108 .

1818 3257 2380 3344 counsNTAnius.

530 3397 584 3450 l.
627 3393 682 3448 ln
717 3394 836 3449 Rat.
870 3395 957 3450 hic
980 3402 1062 3448 est
1133 3394 1339 3459 titulus,
1387 3392 1576 3462 Incipit
1607 3393 2028 3462 Psycltomachiae

457 3462 587 3519 liber
623 3464 820 3519 Aurelii
871 3464 1141 3519 Ρηιᾶωέἱὶ
1186 3462 1456 3518 Clementis
1486 3464 1551 3516 de
1585 3480 1755 3534 pugna
1780 3466 2026 3518 virtutum

456 3546 606 3603 atque
633 3535 888 3588 uitiorum.
923 3535 976 3588 ln
1008 3536 1158 3598 Man,
1195 3534 1481 3589 luvoratio.
1516 3535 1569 3587 In
1601 3535 1866 3588 veteribus
1906 3535 2026 3589 aliis

458 3606 615 3661 Codd.
647 3605 1123 3659 desuutinterdum
1153 3605 1317 3658 tituli.
1368 3603 1578 3668 Saepius
1626 3614 1801 3658 autem
1835 3603 2025 3658 inscri-

456 3677 570 3746 p'tio
597 3673 716 3746 libri
764 3676 1031 3746 reperitur
1059 3676 1109 3746 in
1162 3672 1489 3746 prj’fationis
1520 3673 1725 3738 limine,
1764 3688 1937 3746 quam
1970 3676 2023 3727 in

458 3743 698 3810 ejusdem
730 3743 1053 3809 praél‘ationis
1067 3745 1192 3796 line.
1213 3743 1422 3797 Primus
1445 3743 1548 3798 iste
1564 3759 1753 3798 versus
1768 3761 1831 3798 ex
1852 3744 2026 3797 imita-

455 3815 599 3868 tione
613 3813 814 3882 Virgilii
837 3814 1195 3869 conl'ormatus
1206 3823 1288 3869 est
1309 3814 1401 3868 lib.
1420 3829 1471 3870 vt
1492 3813 1730 3878 Eneidq
1773 3829 1913 3869 vers.
1929 3815 2025 3870 56:

454 3883 664 3956 Pluebe.
692 3898 866 3954 graves
889 3884 1069 3956 ATroja:
1079 3899 1289 3956 semper
1314 3884 1563 3956 miserate?
1578 3884 1801 3956 labores.

525 3955 579 4008 ὅ.
613 3955 668 4008 In
697 3963 808 4007 not.
839 3954 905 4009 ad
957 3954 1107 4022 praef.
1136 3954 1333 4021 Apoth.
1360 3970 1499 4008 vers.
1536 3955 1596 4008 3t
1630 3954 1745 4006 dix’i
1777 3956 1839 4007 de
1897 3954 2028 4006 Pru-

453 4024 638 4080 dentio
681 4024 904 4095 aliisque
923 4025 1125 4081 Latinis
1149 4025 1503 4095 scriptoribus
1522 4037 1665 4095 sape
1693 4038 1812 4077 esse
1834 4038 2023 4095 super-

453 4097 615 4150 lluum
641 4111 654 4158 ;
686 4093 925 4163 adeoque
951 4095 1090 4150 idem
1123 4106 1205 4149 est
1235 4095 1296 4146 de
1322 4094 1526 4146 nomine
1553 4093 1709 4156 trino,
1739 4107 1801 4145 ac
1820 4093 2026 4163 nomine

455 4167 607 4217 trino.
656 4160 900 4217 Heinsius
947 4164 1072 4226 legit
1113 4165 1178 4216 de
1207 4164 1407 4215 nomine
1450 4169 1664 4226 utroque
1712 4176 1832 4214 cum
1887 4160 2020 4221 suis.

455 4201 634 4298 ἐξὲἶιῖ,
656 4201 1097 4285 ’έςῖἒὶἕὶιῗὶίἜὲιὶ
1113 4201 1776 4297 ’Ξἲῶἷὲξἐ’ξῖαυῖἵῖἄῖῡὲὄ
1785 4201 2029 4285 Fati-3'21
2055 4201 2100 4263 ο

454 4302 596 4355 Filio
626 4310 829 4353 tantum
860 4301 987 4363 agit.
1035 4299 1278 4353 Barthius
1318 4298 1411 4352 lib.
1438 4316 1467 4352 ι,
1491 4299 1743 4365 Advers.,
1773 4315 1892 4367 cap.
1936 4303 2025 4366 ll,

454 4369 657 4437 reperit
684 4369 925 4424 eamdem
968 4370 1247 4424 lectionem
1279 4370 1330 4422 in
1358 4370 1478 4423 cod.
1520 4370 1744 4424 membr.
1788 4380 2025 4436 vetusto,

454 4440 547 4493 scd
586 4438 801 4506 conjicit
832 4439 1114 4500 legendum
1170 4451 1217 4493 te
1237 4507 1240 4508 ν
1261 4440 1461 4492 nomine
1482 4439 1637 4503 trino,
1665 4440 1744 4493 vel
1774 4442 1954 4508 potius
1983 4450 2031 4495 te

454 4509 659 4562 numine
685 4511 837 4562 trino.
872 4509 1064 4575 Unum,
1099 4510 1193 4575 ait,
1212 4507 1377 4562 Deum
1403 4510 1601 4563 nomine
1624 4507 1821 4563 tantum
1842 4511 2029 4563 trinum

455 4579 619 4632 dicere
654 4594 747 4646 ego
777 4595 876 4632 non
893 4580 1017 4633 satis
1042 4580 1180 4646 pium
1212 4581 1464 4641 existimo.
1487 4595 1945 4645 nequeconsouum
1964 4578 2023 4633 iis

454 4663 567 4720 qua
591 4659 900 4720 eo__tempore
916 4649 1244 4719 Augustinus,
1283 4648 1530 4720 Hilarius,
1564 4648 1898 4720 Athanasius,
1929 4648 2032 4720 Cy-

454 4717 1062 4788 rillusJIierOnymus'rt
1101 4721 1193 4772 alii
1235 4719 1426 4788 inﬁniti
1464 4717 1528 4774 de
1565 4719 1741 4772 eodem
1787 4717 2030 4787 mysterio

454 4791 785 4859 scripserunt,
806 4804 1022 4857 quorum
1048 4806 1169 4844 sane
1204 4789 1375 4842 nullus
1395 4791 1467 4842 ita
1490 4791 1798 4857 loquatur...
1829 4790 1891 4844 Si
1917 4792 2031 4859 quis

456 4870 623 4914 autem
642 4858 859 4924 scriptor
874 4860 1264 4929 circumspectus
1295 4860 1347 4911 in
1363 4862 1609 4929 mysteriis
1638 4860 1783 4929 fidei,
1814 4861 1859 4913 is
1883 4858 2027 4925 sane,

456 4930 655 5001 etiamsi
674 4936 844 5001 poeta,
872 4930 1007 4997 quod
1036 4946 1192 4999 genus
1236 4931 1387 4982 licent
1411 4946 1444 4982 a
1478 4933 1674 5001 majore
1710 4933 1791 4984 uti
1818 4930 2025 4996 dicitur,

457 5011 532 5053 est
552 4999 862 5052 Prudentius
892 5011 1082 5064 noster,
1110 5015 1169 5052 eo
1209 5001 1358 5052 etiam
1400 4999 1605 5053 nomine
1637 5002 1866 5054 omnium
1898 5016 2034 5053 com-

457 5072 776 5123 mendatione
801 5070 1148 5139 dignissimus.
1172 5069 1369 5123 Verum
1398 5069 1524 5123 illud
1569 5069 1818 5124 Barthius
1858 5079 2024 5133 errat.

459 5139 601 5205 quod
652 5148 799 5206 putet
850 5139 986 5192 alios
1030 5140 1129 5195 SS.
1185 5139 1390 5203 Patres,
1449 5140 1720 5192 Prutlentii
1769 5141 2041 5207 aequales,

463 5208 626 5262 [leum
657 5211 857 5262 nomine
875 5210 1005 5263 trino
1033 5224 1304 5277 nunquam
1332 5209 1570 5262 dixisse:
1595 5209 1735 5277 quod
1763 5210 1908 5262 enim
1941 5210 2035 5262 ad-

459 5279 554 5341 dit,
586 5294 690 5331 non
730 5294 850 5334 esse
877 5282 1006 5334 satis
1036 5280 1178 5347 pium
1227 5278 1427 5347 dicere.
1464 5281 1625 5332 Deum
1654 5294 1776 5332 esse
1816 5281 2035 5333 nomine

459 5354 661 5418 tantum
676 5348 834 5410 trino.
867 5365 969 5404 non
994 5346 1258 5418 repugno;
1289 5346 1387 5418 sed,
1406 5348 1715 5403 adverbium
1749 5359 1950 5418 tantum
1967 5349 2035 5418 de

461 5430 561 5490 sano
584 5417 681 5490 ille
701 5418 962 5490 adiunxit,
990 5417 1131 5490 quod
1161 5420 1212 5473 in
1251 5417 1542 5490 Prudentia
1571 5433 1686 5490 non
1727 5417 1944 5490 legitur.
1971 5417 2030 5490 δ.

461 5485 750 5552 Gregorius
771 5485 1131 5545 Nazianzenus
1160 5490 1213 5544 in
1241 5496 1467 5542 tractatu
1495 5488 1562 5541 de
1596 5485 1758 5552 Fide,
1786 5496 1905 5553 post
1931 5486 2037 5541 ini-

2130 3395 2295 3464 gratia
2340 3394 2494 3458 trino,
2542 3394 2761 3447 Innorat
2788 3411 2807 3456 ς
2836 3403 2890 3447 et
2921 3392 3051 3447 ibid.
3083 3393 3276 3464 iterum
3323 3410 3336 3446 :
3368 3393 3559 3451 Fassus
3577 3397 3711 3449 enim

2133 3463 2205 3517 est
2234 3481 2392 3517 unum
2423 3465 2554 3517 trino
2598 3465 2693 3517 sub
2741 3464 2943 3516 nomine
2967 3479 3157 3529 regem.
3194 3463 3256 3517 Et
3283 3464 3505 3531 epistola
3549 3465 3614 3520 l2
3642 3468 3709 3519 ad

2129 3538 2387 3593 Severum
2415 3552 2429 3588 :
2457 3533 2589 3587 Ecce
2606 3533 2741 3587 velut
2765 3534 2896 3586 trino
2923 3533 3041 3586 colit
3068 3549 3227 3586 unam
3251 3536 3452 3586 nomine
3473 3546 3707 3596 mentem,

2130 3604 2219 3659 Sic
2243 3606 2433 3657 trinum
2461 3614 2637 3657 sancta
2659 3606 2792 3657 mole
2820 3605 3037 3657 sacravit
3067 3618 3211 3671 apus.
3257 3603 3311 3657 In
3341 3605 3582 3658 versibus
3618 3606 3708 3673 qui
3777 3649 3787 3658 ,

2128 3674 2406 3727 Claudiani
2436 3675 2651 3727 nomine
2694 3672 3165 3735 cireumferuntur,
3211 3673 3323 3734 sed,
3352 3682 3410 3726 ut
3438 3674 3562 3727 alibi
3595 3689 3709 3727 tuo.

2139 3744 2255 3807 nui,
2270 3744 2606 3809 adjudicaodi
2630 3755 2753 3799 Sunt
2770 3743 3073 3797 Merobaudi
3089 3742 3419 3798 Scholastico
3438 3744 3706 3807 llistiauo:

2141 3813 2220 3868 Tu
2243 3815 2383 3868 solus
2402 3813 2674 3885 Patrisque
2697 3830 2880 3874 comes,
2903 3822 2950 3865 et
2978 3813 3202 3885 Spiritus
3231 3814 3428 3885 insons,
3475 3813 3537 3885 Et
3559 3814 3708 3885 toties

2135 3901 2271 3939 unus
2313 3882 2603 3955 Iriplicique
2646 3886 2699 3937 in
2736 3885 2940 3937 nomine
2985 3883 3221 3955 simplex.
3256 3882 3504 3955 §equiori
3537 3883 3707 3955 etiam

2137 3951 2596 4022 temporesimilis
2626 3955 2823 4008 locutio
2871 3964 2987 4007 erat
3022 3951 3222 4006 inbsu.
3256 3952 3556 4022 Dropaoius
3579 3951 3703 4005 Flo-

2134 4021 2260 4087 rus,
2282 4033 2431 4092 poeta
2453 4038 2615 4092 supra
2641 4038 2793 4076 suum
2807 4023 3081 4082 sarculum,
3111 4023 3162 4075 in
3190 4022 3427 4076 carmine
3455 4021 3523 4075 de
3547 4036 3708 4075 cereo

2132 4091 2398 4160 paschali:
2419 4091 2591 4146 Unum
2614 4108 2730 4159 qua:
2752 4096 2884 4144 trino
2897 4092 3250 4144 celebrantsub
3273 4093 3476 4145 nomine
3496 4107 3704 4155 numen,

2131 4161 2220 4215 ubi
2246 4161 2484 4215 imitatus
2511 4163 2720 4215 videtur
2748 4160 3116 4214 Prudentium.
3149 4160 3567 4214 Instrumentum
3582 4175 3709 4215 con-

2130 4230 2395 4287 cessionis
2415 4231 2635 4285 Ordonii
2669 4230 2731 4284 ill
2761 4244 2903 4284 anno
2930 4230 3057 4293 955,
3087 4240 3217 4284 tom.
3251 4229 3469 4284 XXXIV
3513 4231 3705 4296 Hispa-

2131 4303 2234 4354 nite
2262 4316 2456 4355 sacrm.
2486 4317 2602 4369 pag.
2635 4300 2763 4361 459,
2790 4302 2860 4352 ita
2912 4301 3095 4369 incipit
3129 4300 3241 4369 ειη
3278 4303 3482 4353 nomine
3522 4300 3703 4367 triplo,

2129 4371 2332 4441 simpla,
2360 4371 2554 4441 divino.
2586 4370 2955 4437 ego’Urdonius
2983 4368 3109 4423 nutu
3147 4368 3240 4422 Dei
3253 4387 3383 4441 rem.
3419 4379 3522 4423 etc.
3554 4369 3701 4433 Alia,

2130 4439 2246 4508 quae
2262 4441 2365 4494 huc
2388 4440 2582 4509 adduci
2616 4450 2853 4506 possent,
2884 4442 3037 4494 attuli
3066 4455 3223 4506 supra
3237 4439 3480 4494 Cathem.
3511 4441 3696 4509 bymn.

2131 4510 2185 4573 3,
2216 4525 2354 4566 vers.
2376 4508 2468 4575 20,
2491 4521 2546 4566 et
2575 4510 2782 4576 prtel'at.
2816 4510 3108 4579 Apotlteos.
3132 4524 3273 4563 vers.
3301 4513 3354 4575 Ι,
3387 4511 3474 4563 ubi
3504 4508 3708 4563 similes

2133 4579 2384 4648 loquendi
2410 4581 2662 4634 formulas
2689 4588 2876 4634 contra
2911 4580 3252 4634 lliucmarum
3272 4579 3504 4634 delendi.
3539 4580 3711 4634 Porro

2139 4650 2337 4705 habent
2363 4651 2426 4704 de
2460 4652 2665 4704 nomine
2712 4652 2847 4703 trino
2884 4649 3042 4703 codd.
3074 4649 3238 4714 νειμ,
3265 4651 3325 4715 C,
3358 4650 3422 4716 D,
3458 4650 3517 4715 Ρ,
3544 4648 3609 4713 G,
3646 4648 3708 4715 L,
3742 4687 3748 4693 -

2133 4720 2200 4784 Β,
2230 4725 2296 4787 U,
2333 4722 2434 4775 BB.
2486 4720 2542 4774 lu
2583 4720 2708 4776 cod.
2742 4721 2855 4773 Vat.
2903 4719 2970 4782 ll,
2995 4730 3208 4787 utroque
3243 4734 3271 4770 a
3315 4720 3483 4787 prima
3527 4733 3707 4781 manu,

2132 4805 2296 4859 supra
2339 4792 2493 4844 trino.
2530 4791 2585 4844 In
2617 4793 2799 4853 Alex.,
2838 4799 3075 4858 utroque.
3124 4789 3435 4853 Viennens.,
3478 4789 3711 4859 MarieL,

2133 4858 2282 4927 Rat.,
2321 4861 2466 4922 Ald.,
2494 4859 2632 4925 Gis.,
2661 4859 2854 4913 Weitz.
2888 4871 2943 4913 et
2970 4869 3176 4914 veteres
3205 4858 3357 4923 editi,
3388 4859 3541 4920 trino,
3569 4858 3711 4927 quod

2133 4926 2528 4986 Chamillardus
2552 4930 2809 4998 praetulit.
2840 4929 3121 4993 Cellarius,
3150 4928 3348 4998 Heinsii
3386 4926 3710 4998 auctoritate

2137 5011 2431 5066 permotus,
2466 4996 2680 5060 utroque
2694 4999 2878 5063 edidit,
2913 4999 3053 5067 quod
3087 4997 3254 5067 tenuit
3282 4997 3444 5067 etiam
3474 4996 3710 5049 Teolius.

2135 5069 2333 5126 Confer
2347 5070 2559 5125 Petrum
2583 5066 2954 5124 Constantium
2989 5070 3039 5121 in
3068 5066 3322 5121 \‘indiciis
3348 5072 3588 5119 veterum
3620 5078 3713 5118 co-

2135 5142 2313 5196 dicum
2355 5140 2714 5197 conllrmatis,
2759 5141 2847 5207 qui
2888 5137 3504 5207 Gottescalcumicontra
3553 5134 3715 5207 Hinc-

2137 5226 2343 5264 marum
2383 5219 2580 5272 tuetur,
2612 5218 2665 5263 et
2694 5204 2934 5262 Lamium
2964 5206 3034 5261 de
3069 5215 3212 5260 recta
3245 5206 3578 5259 Nicanorum
3611 5204 3717 5262 Pa-

2139 5292 2278 5334 trum
2315 5280 2446 5333 Fide
2471 5293 2591 5341 cap.
2626 5279 2716 5334 55.
2748 5294 2895 5332 num.
2922 5277 3009 5339 lO,
3049 5275 3139 5341 qui
3177 5275 3229 5329 in
3260 5275 3458 5330 Missali
3501 5275 3645 5330 edito
3685 5288 3715 5329 a

2138 5350 2287 5403 card.
2320 5349 2612 5402 'flmmasio
2644 5350 2777 5401 trina
2808 5346 2989 5400 veritas
3021 5347 3075 5399 in
3105 5347 3616 5414 interrogationibus
3648 5345 3713 5414 ad

2141 5419 2440 5487 baptizatos
2466 5417 2571 5471 dici
2595 5418 2861 5479 observat,
2887 5415 3301 5481 Berniniumque
3323 5413 3544 5487 refellit,
3576 5413 3715 5482 quod

2144 5486 2348 5542 llistor.
2383 5487 2569 5541 saeculi
2602 5503 2691 5541 vtn
2740 5501 2860 5551 cap.
2903 5488 2933 5539 7
2967 5490 3280 5547 asseruerit,
3324 5486 3716 5541 Gottescalcum

462 5557 592 5608 tium
620 5572 640 5628 ς
668 5555 810 5624 Tria,
834 5560 926 5621 ait,
958 5563 1185 5619 nomina.
1217 5569 1262 5612 et
1307 5567 1404 5611 tres
1449 5573 1692 5627 personas
1741 5559 1896 5628 unius
1923 5571 2031 5610 esse
2061 5569 2114 5627 ι)
2143 5557 2453 5615 defendisse
2482 5557 2617 5628 lianc
2651 5558 2974 5628 locutionem
3020 5556 3205 5628 triplea:
3224 5558 3397 5628 deitas,
3422 5572 3440 5610 :
3471 5570 3592 5609 nam
3623 5556 3714 5605 Ln-

463 5626 713 5699 essentia',
750 5629 902 5699 unius
947 5631 1249 5699 majestatis,
1285 5626 1706 5699 atque’potentirc
1753 5627 2031 5699 credimus.

466 5697 524 5751 ὃ.
570 5695 820 5750 Paulinus
846 5695 1041 5753 Natali'
1066 5701 1098 5755 9
1138 5718 1151 5753 :
1177 5700 1266 5754 Sic
1303 5695 1503 5754 animos
1525 5697 1722 5752 steriles
1747 5697 1802 5750 in
1834 5698 2041 5749 nomine

2146 5632 2287 5683 Imus
2319 5629 2455 5679 trina
2487 5627 2650 5681 deitas
2679 5627 2781 5681 dici
2811 5641 2970 5696 posse
2989 5625 3096 5687 ait,
3118 5627 3302 5697 triplex
3322 5627 3480 5681 deitas
3507 5636 3682 5691 negat.
