4154 6188
337 291 398 344 ΞΙ
1689 289 2228 346 PSYCILJMACIIIA.
3529 295 3600 349 2!

515 401 676 472 588
715 399 832 454 Non
865 409 1042 454 tamen
1081 409 1134 454 et
1161 399 1516 468 solum.-quia
1565 409 1618 454 tu
1659 402 1798 457 Dens
1847 419 1908 458 es
1943 409 1988 466 Α

1340 493 1358 564 1,
1383 493 1558 557 Patre,
1589 494 1802 548 Christe
1827 495 1843 560 )

332 586 366 636 ὅ
515 586 746 647 llissere,
779 600 871 638 rex
907 593 1110 648 noster,
1142 599 1248 654 quo
1278 585 1442 639 milite
1478 585 1676 654 pellere
1699 588 1881 657 culp-is

518 675 663 729 Mens
687 659 890 728 armata
921 683 1082 744 queat
1129 675 1295 728 nostri
1320 675 1386 728 de
1410 677 1642 742 pectoris
1670 686 1844 732 antro.

517 765 770 820 Exoritur
795 767 1006 834 quoties
1037 766 1262 820 turbatis
1289 767 1534 820 sensibus
1562 768 1702 820 intus

517 856 742 920 Seditio,
775 863 934 926 atque
957 858 1190 909 animam
1219 858 1530 911 morborum
1565 859 1678 912 rixa
1712 858 1915 928 fatigat,

519 947 670 1014 Quod
700 956 828 1000 tunc
859 946 1166 1014 praesidium
1195 963 1291 1015 pro
1317 947 1566 1002 libertate
1591 950 1812 1014 tuenda,

343 1045 414 1100 10
520 1045 712 1110 Quteve
741 1042 886 1097 acies
907 1042 1060 1098 furiis
1080 1043 1222 1098 inter
1249 1045 1542 1113 prareordia
1573 1047 1754 1100 mixtis

516 1137 752 1192 Obsistat
773 1136 1004 1192 meliore
1029 1153 1186 1192 manu
1207 1153 1223 1202 ;
1255 1153 1352 1193 nec
1370 1145 1534 1204 enim,
1553 1139 1944 1204 boneductor,,

519 1229 678 1302 589
715 1229 1024 1298 Magnarum
1067 1231 1317 1285 virtutum
1365 1233 1582 1301 inopes,
1635 1233 1918 1298 nervisque

1579 1324 1847 1394 [carentes

2196 405 2552 462 Christicolas
2583 409 2726 462 vitiis
2759 407 3131 478 populantibus
3155 422 3212 462 ei
3227 409 3465 476 posuisti.

2199 509 2314 572 Ipse
2339 506 2646 562 salutiferas
2677 508 2900 562 obsesso
2923 509 2974 562 in
3007 523 3234 576 corpore
3263 518 3463 562 turmas

2025 609 2090 662 15
2207 608 2528 677 Depugnare
2553 610 2712 680 juhes
2743 629 2754 662 :
2789 612 2902 679 ipse
2935 612 3318 666 excellentibus
3339 627 3513 666 armas

2205 709 2426 764 Artibus
2459 710 2752 780 ingenium,
2779 712 2972 781 quibus
3000 713 3066 765 ad
3095 712 3322 766 ludibria
3355 712 3537 766 contis

2199 811 2564 881 Oppugnanda
2599 825 2787 880 petens
2837 813 2930 866 tibi
2977 813 3213 878 dimicet,
3265 823 3319 868 et
3366 814 3459 868 tibi
3491 815 3604 866 vin-

3427 924 3533 966 cat.

2211 1013 2464 1068 Vin-cudi
2498 1029 2734 1081 prmsens
2765 1015 2901 1068 ratio
2939 1025 3053 1080 est,
3101 1018 3146 1070 si
3184 1018 3425 1072 cominus
3467 1017 3608 1086 ipsas

2201 1113 2468 1168 Virtutum
2505 1113 2699 1178 facies,
2732 1123 2786 1168 et
2812 1116 3150 1170 colluctantia
3181 1125 3366 1172 contra

2024 1215 2094 1270 ‘20
2205 1216 2416 1270 Viribus
2443 1216 2652 1270 infestis
2683 1217 2840 1272 liceat
2871 1227 3120 1287 portenta
3151 1227 3356 1272 notare.

2202 1325 2377 1378 Prima
2411 1327 2540 1394 petit
2570 1340 2814 1393 campum
2842 1324 3000 1378 dubia
3031 1327 3130 1378 sub
3159 1336 3308 1380 sorte
3339 1325 3502 1380 duelli

1637 1435 1922 1492 GLOSSIE
1963 1437 2304 1491 VETERES.

415 1545 470 1599 4.
496 1544 610 1600 Non
637 1556 831 1608 tamen,
863 1547 1008 1600 sicin
1039 1545 1143 1602 Deo
1169 1549 1436 1602 credamus
1463 1549 1733 1614 unitatem,
1767 1558 1821 1600 ut
1847 1563 1926 1602 so-

345 1615 614 1670 litudinem
645 1633 744 1670 non
769 1618 1114 1671 admittamus.
1152 1617 1296 1673 Unus
1329 1627 1399 1674 est
1423 1620 1578 1682 enim,
1611 1635 1712 1672 non
1738 1617 1923 1672 solita-

347 1688 476 1749 rius,
502 1688 540 1739 I.
971 1719 974 1724 -

418 1755 470 1807 5.
509 1757 741 1828 Dissei'e,
775 1759 1002 1824 ostende,
1029 1760 1106 1812 uel
1127 1759 1230 1812 dic.
1259 1787 1330 1798 —
1372 1757 1562 1826 Milite,
1591 1759 1812 1813 exercitu
1833 1759 1922 1828 fu-

345 1841 470 1896 gare
489 1827 634 1888 vitia,
665 1827 704 1879 1.

419 1895 472 1950 6.
499 1896 740 1958 Armala,
768 1913 937 1959 arma,
969 1898 1134 1967 inquit
1167 1897 1466 1965 Apostolus,
1491 1899 1690 1953 militia:
1734 1907 1926 1953 nostra

345 1982 452 2040 non
493 1967 740 2040 carnalia,
763 1967 861 2040 sed
888 1970 1114 2040 potentia
1162 1967 1281 2022 Dei.
1322 1999 1392 2008 —
1425 1970 1618 2038 Qucat,
1651 1971 1832 2040 possit.
1857 1997 1927 2009 ~—

347 2037 540 2107 Antro,
567 2037 890 2107 cogitatione,
914 2039 1014 2094 lso.

429 2106 484 2159 7.
523 2106 792 2170 Exoritur,
816 2109 1077 2174 excrescit,
1108 2109 1380 2164 valeveuit.
1412 2138 1480 2147 —
1507 2107 1780 2174 Turbatis,
1807 2125 1928 2162 con.

347 2177 599 2248 gregalis,
612 2176 728 2248 ‘lso.

419 2247 476 2301 8.
500 2245 725 2308 Seditio,
753 2247 1030 2301 discordia.
1063 2247 1196 2302 Caro
1209 2248 1526 2314 conrupiscit
1556 2249 1802 2301 adversus
1821 2249 1930 2316 spi—

347 2317 528 2382 ritum,
554 2325 603 2390 et
619 2329 771 2370 retro.
803 2347 884 2390 —-7
900 2318 1167 2382 Animam,
1220 2320 1592 2390 cogitationem.
1624 2349 1693 2358 ——
1719 2319 1930 2390 Morbo-

347 2402 492 2450 rum,
515 2388 1015 2452 vitiorum.—Rixa,
1031 2388 1379 2442 contentio'.—
1391 2389 1617 2455 Fatigat,
1633 2389 1863 2448 lribulal,
1890 2389 1926 2441 Ι.

421 2457 474 2510 9.
507 2457 844 2528 Praesidium,
873 2461 1147 2512 auxilium.
1177 2489 1246 2498 —
1276 2462 1378 2512 I‘ro
1409 2460 1681 2526 libertate,
1724 2475 1838 2528 quia
1859 2469 1932 2511 est

343 2527 416 2578 ad
441 2527 822 2596 protegendum.
851 2530 1014 2592 Absit,
1049 2539 1102 2581 ut
1133 2531 1185 2580 in
1219 2545 1271 2582 se
1301 2527 1534 2583 Christus
1571 2527 1829 2582 credentes
1859 2529 1934 2580 rio

347 2597 436 2650 tiis
461 2599 772 2664 exposuerit,
805 2597 1090 2665 viribusque
1117 2599 1398 2652 reddiderit
1419 2600 1710 2662 destitutos,
1736 2601 1932 2652 etiamsi

347 2668 590 2739 maximis
607 2667 872 2721 rirtutibus
893 2685 1210 2738 nequaquam
1240 2669 1442 2739 praediti
1470 2669 1592 2730 sint,
1625 2685 1740 2720 cum
1765 2669 1932 2721 dicat:

345 2735 481 2790 Noli
511 2739 706 2808 timere,
745 2740 962 2803 pusillus
993 2735 1152 2806 grex;
1191 2735 1552 2808 benedicatque
1585 2739 1790 2807 pusillis
1819 2754 1931 2790 cum

345 2807 660 2880 majoribus,
701 2817 850 2880 state,
880 2819 924 2861 et
955 2812 1112 2862 nolite
1133 2812 1314 2863 iterum
1331 2807 1748 2880 jugoservitutis
1769 2809 1934 2880 conti-

349 2879 464 2948 neri
479 2894 497 2942 ;
521 2879 748 2944 alioquin
769 2881 854 2945 qui
886 2881 1008 2948 facit
1030 2891 1306 2946 peccatum,
1334 2879 1504 2933 servus
1529 2888 1602 2931 est
1632 2879 1844 2946 peccati.
1867 2907 1932 2918 -—

347 2946 458 3002 Pro
487 2948 756 3014 libertate,
791 2946 922 3001 bona
947 2954 1132 3017 facere,
1164 2950 1203 3004 l.

423 3018 512 3088 10.
547 3019 725 3078 Acies,
757 3019 946 3072 scilicet
974 3023 1188 3074 obsistit.
1221 3049 1292 3060 —
1313 3019 1507 3084 Furiis,
1539 3019 1696 3084 vitiis,
1721 3020 1934 3088 velsug-

345 3087 692 3214 gestionibus.l
709 3119 780 3130 —
809 3090 1133 3155 Praecordia,
1161 3091 1435 3156 interiora;
1469 3093 1720 3161 integrum
1754 3087 1938 3144 mentis

351 3175 642 3214 inuentum.
701 3201 714 3212 .

351 3175 642 3228 ingenium,
675 3175 714 3214 ι.

423 3217 511 3284 11.
544 3217 803 3292 Obsistat,
829 3238 1008 3282 contra
1033 3241 1150 3288 stet.
1177 3261 1246 3271 -—-
1265 3230 1506 3298 Meliore,
1533 3230 1720 3284 caelesti
1755 3231 1932 3284 multi-
1967 3217 2012 3279 C

349 3300 551 3364 tudine,
579 3299 656 3371 uel
683 3301 887 3354 uirtute.
909 3329 980 3340 —
997 3301 1108 3358 Nec
1133 3303 1297 3366 enim,
1322 3302 1460 3371 quia.
1489 3329 1561 3342 -—
1584 3302 1800 3364 Ductur,
1844 3319 1938 3354 au-

345 3382 482 3431 c'or,
512 3369 589 3422 rel
617 3370 742 3434 dux,
778 3371 814 3422 Ι.

427 3439 516 3494 12.
545 3439 764 3504 Nervis,
791 3439 1079 3500 virtutibus.
1109 3442 1318 3506 viribus,
1345 3441 1384 3494 1.

429 3510 517 3581 15.
543 3510 921 3576 Christicolas,
954 3509 1304 3576 Christianos,
1336 3514 1421 3581 qui
1449 3511 1702 3567 Christum
1742 3512 1936 3566 colunt.

349 3607 426 3622 —
453 3580 861 3648 Populantibus,
893 3583 1226 3637 vastantibus.
1255 3612 1324 3623 ——
1349 3580 1665 3651 'Exposuisti
1688 3623 1706 3650 ,
1758 3593 1940 3636 contra

350 3652 600 3721 posuisti,
633 3668 736 3706 non
774 3653 1077 3722 deposuisti,
1111 3654 1128 3710 l

2101 1549 2187 1602 1-1.
2223 1549 2356 1610 Ipse.
2395 1549 2622 1614 lnduite,
2655 1552 2839 1620 inquit,
2872 1563 3185 1606 armaturam
3217 1553 3328 1606 Dei.
3355 1583 3424 1592 ——
3451 1552 3608 1607 Salu-

2030 1619 2232 1692 ﬁferas.
2257 1621 2504 1688 signatas.
2537 1651 2606 1692 ~1-
2626 1619 2892 1688 ObSesso,
2921 1625 3251 1692 circumsepta
3299 1625 3491 1676 anima.
3541 1653 3609 1664 ~—

2026 1689 2278 1750 Turmas,
2307 1693 2532 1754 v‘rtutes,
2561 1691 2598 1744 1.

2099 1760 2188 1813 15.
2225 1761 2567 1830 Depugnire,
2596 1771 2770 1815 contra
2801 1765 2922 1816 vitia
2965 1764 3200 1826 prterinis
3249 1779 3494 1830 pugnare.
3541 1793 3611 1802 ——

2029 1831 2428 1906 Euellentibns
2469 1846 2648 1886 armas
2698 1833 2904 1886 artibus
2931 1874 2946 1898 ,
2987 1833 3348 1887 excellentibus
3400 1835 3612 1906 adjuvat

2029 1901 2316 1964 uirtutibus,
2351 1901 2388 1954 1.

2105 1971 2520 2042 16:_lngeniutn,
2547 1971 2806 2042 ingenium
2836 1981 3033 2038 pot-ns,
3063 1971 3265 2025 Christo
3301 1973 3469 2040 potius
3501 1974 3612 2026 uin-

2034 2053 2136 2094 rat.
2175 2039 2326 2094 Unde
2356 2051 2402 2094 et
2435 2039 2713 2094 Psalniista
2739 2059 2757 2096 :
2784 2042 2904 2096 Non
2929 2042 3094 2104 nobis,
3124 2039 3373 2105 Domine,
3405 2044 3492 2095 sed
3523 2059 3612 2096 no-

2033 2113 2157 2164 mini
2179 2123 2273 2182 tuo_
2294 2111 2360 2164 da
2376 2112 2601 2182 gloriam
2623 2129 2640 2175 ;
2661 2113 2876 2182 itemque
2897 2128 2916 2166 :
2944 2111 3007 2164 In
3047 2111 3150 2164 Deo
3179 2113 3423 2182 faciemus
3453 2115 3612 2166 virtu-

2035 2193 2124 2234 tes.
2159 2209 2224 2220 --
2257 2179 2522 2242 Ludibria,
2553 2185 2620 2234 ad
2651 2179 2824 2245 ludos;
2852 2179 3256 2244 immunditiein,
3290 2183 3328 2235 l.

2105 2253 2192 2304 17.
2219 2251 2439 2323 Potens,
2465 2251 2654 2323 habens
2677 2255 2871 2306 cat/este
2895 2253 3232 2323 adjutorium.
3263 2281 3332 2292 -—-
3357 2252 3499 2314 Tibi,
3543 2253 3612 2303 ad

2036 2331 2176 2374 tuum
2206 2322 2465 2374 honorem.
2490 2351 2560 2361 —
2586 2322 2644 2374 Et
2671 2323 2785 2382 tibi,
2812 2323 2879 2376 ad
2901 2321 3039 2376 luant
3067 2321 3290 2378 laudem.
3317 2323 3612 2386 —Vincat,

2035 2402 2154 2444 tunc
2181 2407 2299 2444 raro
2331 2393 2554 2454 uelatur,
2583 2409 2696 2445 cum
2723 2395 2846 2447 vitia
2867 2393 3042 2454 vincit,
3075 2391 3114 2445 I.

2107 2461 2195 2514 18.
2226 2463 2491 2527 Prmsens,
2514 2463 2654 2516 omni
2687 2475 2904 2529 ’empore
2937 2473 3114 2530 parata
3145 2463 3214 2514 ad
3239 2464 3491 2532 praelium.
3541 2491 3610 2503 —

2035 2529 2156 2586 Con
2173 2533 2314 2592 inus.
2335 2541 2535 2599 contra,
2561 2535 2669 2586 sine
2693 2535 3066 2586 intermissione
3085 2574 3098 2596 ,
3126 2529 3304 2602 prope;
3325 2536 3376 2586 in
3391 2534 3615 2599 sequenti

2035 2603 2282 2666 siquidem
2309 2619 2460 2668 apere
2481 2612 2659 2654 contra
2677 2604 2881 2656 invicem
2908 2605 3070 2672 posita
3098 2613 3231 2665 sunt,
3261 2613 3305 2654 et
3327 2620 3615 2671 repugnan-

2039 2675 2106 2724 tia
2128 2674 2270 2730 ritia.
2290 2689 2352 2741 ea:
2377 2681 2724 2741 ea‘pugttantes
2753 2673 2960 2725 uirtutes
2985 2688 3002 2724 :
3033 2673 3166 2724 unde
3195 2674 3483 2736 conjicitur,
3508 2673 3609 2724 vel-

2037 2751 2092 2794 ut
2118 2743 2262 2809 pictis
2300 2740 2524 2862 Illistoriis
2555 2757 2700 2794 omne
2723 2758 2927 2794 carmen
2968 2744 3028 2794 ab
3065 2753 3268 2794 auctore
3295 2743 3450 2810 fuisse
3496 2744 3605 2796 dis-

2041 2814 2270 2862 tinctum.
2335 2851 2346 2862 .

2041 2814 2270 2870 tinctum,
2309 2814 2346 2862 Ι.

2111 2881 2199 2936 19.
2233 2880 2606 2944 Colluctantia,
2638 2881 2910 2944 obstantia,
2943 2882 3300 2950 repugnantia,
3333 2881 3372 2934 ῐ.

2109 2952 2200 3005 20.
2237 2951 2471 3016 Viribus,
2494 2952 2918 3020 suggestionibus.
2947 2981 3015 2990 —
3045 2951 3294 3004 Portenta
3317 2991 3331 3014 ,
3351 2953 3470 3020 jure
3498 2951 3618 3003 vitia

2039 3031 2696 3095 portenta_nuncupantur,
2738 3037 2838 3095 non
2879 3021 3325 3095 enitrt_serunduiit
3383 3029 3616 3074 naturam

2040 3091 2177 3152 sunt.
2217 3093 2304 3146 sed
2339 3100 2534 3145 natura:
2571 3093 2848 3145 contraria.
2877 3121 2946 3132 —
2999 3091 3196 3146 Notare
3222 3133 3234 3152 .
3288 3107 3621 3160 componere,

2045 3163 2286 3226 scribere,
2317 3161 2356 3215 1.

2113 3234 2202 3288 21.
2237 3233 2431 3298 Prima,
2466 3233 2742 3286 rectissime
2765 3249 2797 3284 a
2819 3232 2921 3301 fide
2942 3233 3110 3300 catpit,
3137 3247 3251 3302 qua:
3275 3271 3288 3288 .
3321 3239 3444 3285 trste
3484 3231 3622 3301 Apo-

2045 3305 2198 3370 stolo,
2229 3303 2490 3355 etinitium
2508 3305 2772 3366 bonorum,
2799 3312 2842 3354 et
2863 3303 3102 3356 virtutum.
3123 3309 3194 3354 cst
3213 3302 3622 3367 fundamentum.

2043 3373 2272 3438 alioquin
2313 3373 2562 3442 quidquid
2611 3389 2710 3442 non
2759 3381 2833 3426 est
2863 3389 2924 3425 ex
2955 3373 3084 3436 ﬁde,
3127 3383 3386 3442 peccatum
3411 3381 3505 3426 est.
3557 3401 3622 3414 -—

2047 3445 2203 3506 l‘etit,
2246 3441 2475 3496 intravit.
2509 3472 2578 3482 —-
2619 3441 2898 3512 Campum,
2937 3458 3146 3506 campus
3182 3453 3252 3496 est
3284 3442 3499 3494 nnmdus
3525 3482 3540 3504 ,
3571 3443 3623 3494 in

2045 3517 2192 3583 cujus
2223 3515 2348 3578 ﬁnes
2374 3515 2766 3582 prwdicatorunt
2797 3529 2954 3566 sonus
2981 3513 3171 3576 exivit;
3215 3527 3304 3565 nec
3333 3513 3470 3582 apud
3501 3528 3620 3583 eos,

2047 3581 2304 3654 reiliapud
2339 3581 2626 3636 incredulos
2667 3599 2776 3636 sors
2819 3583 2975 3636 dubia
3004 3584 3285 3654 videbatur.
3307 3613 3384 3654 A—
3419 3581 3622 3654 Diuelli.

2049 3652 2478 3716 belliJDnellum,
2510 3654 2656 3723 quasi
2686 3655 2900 3706 duorum
2926 3653 3188 3706 nominum
3215 3652 3422 3717 bellum,
3455 3653 3492 3706 l.

1691 3785 2228 3843 COMMENTARIUS

427 3897 482 3950 1.
513 3895 796 3965 ϐαιὴ-ωας
827 3897 997 3962 lsaim,
1033 3912 1172 3953 vers.
1209 3897 1321 3951 εις
1367 3897 1473 3968 Ego
1520 3914 1634 3950 sum
1671 3897 1936 3963 Dominus,

351 3969 546 4036 faciens
569 3969 762 4032 omnia,
787 3968 1062 4021 extendens
1081 3969 1234 4022 ctelos
1257 3969 1420 4033 solus,
1439 3968 1703 4020 stabiliens
1726 3979 1938 4030 terram,

350 4049 402 4090 et
431 4039 604 4090 nuléus
631 4053 846 4090 mecum.
877 4041 918 4090 Α
945 4039 1232 4092 l’rndeniio
1257 4039 1454 4092 dicitur
1477 4053 1610 4092 unus
1637 4039 1796 4102 Deus,
1832 4053 1936 4092 non

351 4117 537 4162 tamen
569 4109 715 4161 solus
744 4125 756 4159 :
789 4117 957 4171 recte,
981 4109 1100 4175 quia
1133 4109 1293 4162 Isaias
1322 4123 1387 4160 νο
1419 4109 1556 4174 loco,
1592 4108 1846 4176 populum
1870 4109 1938 4160 ab

351 4179 622 4232 i-lulornm
649 4178 794 4230 eultu
821 4193 1080 4233 revocare
1105 4177 1460 4243 contendens,
1495 4188 1698 4231 natura:
1742 4178 1936 4232 divinae

353 4251 616 4302 unitatem
663 4253 892 4316 astruit,
936 4249 1078 4316 quod
1126 4250 1318 4303 fatetur
1355 4257 1509 4318 poeta
1545 4258 1744 4313 noster,
1777 4250 1933 4303 simul

355 4323 542 4388 plures
565 4333 824 4384 personas
845 4333 1112 4372 asserens.

429 4389 480 4442 8.
513 4388 660 4448 Rat.,
695 4389 918 4446 Erfurt.
957 4391 1149 4456 Bong.,
1189 4391 1438 4442 animum.

433 4461 518 4512 10.
549 4459 680 4511 Vitia
705 4473 808 4512 non
842 4459 1108 4512 immerito
1129 4459 1378 4511 dicuntur
1401 4459 1570 4524 furite.
1598 4457 1934 4524 Lactantius,

354 4530 452 4583 lib.
479 4544 550 4592 vi,
575 4543 696 4596 cap.
727 4529 792 4581 ‘21
821 4545 834 4581 :
867 4528 991 4581 Tres
1015 4541 1128 4581 sunt
1161 4528 1567 4596 igituraﬂ'ectus,
1595 4530 1681 4598 qui
1709 4530 1938 4581 homines

353 4603 408 4652 in
445 4599 620 4651 omnia
655 4598 886 4665 facinora
917 4599 1200 4668 prtecipites
1230 4609 1408 4668 agunt,
1443 4601 1546 4663 ira,
1571 4599 1845 4665 cupiditas,
1879 4599 1942 4652 li-

355 4671 498 4722 bido.
533 4668 812 4736 Propterea
849 4679 1010 4736 poene
1055 4678 1156 4722 tres
1204 4669 1364 4732 furias
1393 4687 1498 4722 esse
1538 4671 1800 4730 dixerunt,
1829 4684 1942 4734 qua:

353 4749 546 4792 mentes
573 4738 834 4790 hominum
855 4740 1132 4807 exagitent,
1163 4741 1240 4790 ira
1273 4740 1515 4792 ultionem
1537 4741 1806 4802 desidirat,
1851 4755 1940 4790 ru-

355 4811 554 4879 piditas
601 4823 740 4879 opes,
812 4809 972 4862 libido
1020 4809 1328 4878 voluptates.
1375 4811 1524 4863 Nunc
1564 4819 1768 4877 septem
1815 4808 1940 4861 vitia

357 4877 672 4946 principalia
702 4880 814 4931 sive
842 4879 1088 4946 capitalia
1114 4889 1495 4943 numerantur;
1537 4880 1660 4932 olim
1705 4890 1828 4932 octo
1859 4893 1938 4932 re.

356 4951 566 5003 censeri
621 4957 1053 5010 consueverunt;
1105 4950 1171 5002 de
1215 4965 1322 5015 quo
1364 4951 1485 5002 vide
1533 4949 1942 5016 Theodnlphum

357 5019 800 5073 Aurelianeusem
829 5017 1064 5086 Capitul.
1095 5019 1158 5071 ad
1190 5019 1532 5088 presbyteros
1554 5035 1675 5088 cap.
1708 5021 1800 5072 51.

437 5089 524 5161 15.
555 5089 780 5161 Erfurt,
804 5089 1176 5161 spoliantibus;
1201 5093 1401 5152 caueri,
1427 5091 1810 5161 populantibus.
1835 5089 1946 5161 Hac

363 5158 572 5212 ratione
613 5159 905 5214 Simonidis
939 5174 1095 5213 error
1137 5158 1434 5223 evertitur,
1476 5158 1564 5227 qui
1597 5161 1762 5214 Deum
1793 5159 1946 5212 nobis

359 5227 624 5282 invidisse
643 5229 905 5294 iactabat,
936 5229 1076 5296 quod
1118 5237 1194 5281 tot
1219 5229 1356 5282 vitiis
1381 5230 1641 5283 obnoxios
1677 5245 1796 5284 esse
1827 5243 1948 5295 per-

359 5299 594 5370 miserit.
625 5298 754 5351 Nam
782 5299 936 5370 simul
967 5298 1264 5368 salutiferas
1296 5300 1495 5354 obsesso
1521 5300 1572 5352 in
1605 5315 1814 5370 corpore
1843 5310 1950 5351 tur-

359 5384 476 5420 mas
498 5369 792 5438 depugnare
812 5369 976 5438 jubet.

441 5437 526 5491 l5.
561 5437 734 5504 Egm.,
771 5438 884 5490 Pal.
919 5446 972 5490 et
1007 5439 1209 5492 Barthii
1239 5439 1440 5500 codex,
1469 5441 1626 5491 armis
1667 5453 1947 5508 perperam

357 5517 464 5630 Ero
493 5523 680 5562 armas.
727 5509 991 5574 Barthius,
1022 5525 1178 5576 quem
1213 5525 1351 5562 nunc
1380 5524 1526 5576 smpe
1551 5511 1842 5574 advombo,
1884 5509 1952 5561 de

401 5591 472 5629 oc
523 5591 620 5629 suo
644 5579 832 5630 codice
861 5587 912 5630 ct
943 5593 974 5630 c
995 5580 1372 5630 irrectionibus
1405 5580 1638 5630 loauitur
1664 5579 1756 5630 lib.
1783 5594 1813 5630 ι.
1840 5579 1952 5630 Ad-

401 5591 472 5629 oc
523 5591 620 5629 suo
644 5579 832 5648 codice
861 5587 912 5630 et
943 5593 974 5630 c
995 5580 1372 5633 irrectionibus
1405 5579 1756 5648 loquiturlib.
1783 5594 1813 5632 ι.
1840 5579 1954 5632 Ad-

357 5661 534 5709 vers.,
563 5661 680 5710 cap.
711 5647 798 5706 ll;
839 5649 964 5702 item
996 5663 1118 5714 cap.
1141 5649 1195 5712 9,
1231 5649 1326 5702 lib.
1354 5663 1432 5711 u;
1464 5647 1581 5716 cap.
1613 5647 1678 5702 12
1711 5648 1802 5703 lib.
1836 5664 1952 5714 Ltv;

353 5729 418 5770 et
441 5731 564 5785 cap.
595 5717 660 5771 18
687 5718 926 5786 ejusdem
961 5719 1103 5774 libri.
1135 5721 1292 5772 Erant
1325 5729 1499 5773 autem
1543 5719 1740 5773 Barthii
1783 5733 1952 5773 meme

1973 4710 2020 4768 D

2049 3901 2225 3951 branre
2254 3907 2530 3962 perveteres
2547 3937 2560 3962 ,
2593 3899 2900 3966 picturisque
2927 3899 3277 3965 antiquitatem
3297 3900 3626 3969 referentibus

2047 3977 2327 4021 aromata}.

2119 4039 2201 4092 19.
2234 4037 2456 4098 Erfurt”
2491 4037 2654 4097 male,
2683 4037 2814 4090 acies
2837 4052 2932 4105 pro
2959 4036 3136 4104 facies.

2113 4107 2206 4160 20.
2239 4107 2360 4160 Vat.
2419 4106 2495 4170 G,
2547 4108 2784 4174 infectis;
2833 4119 2976 4160 recte
3027 4106 3366 4160 emendatum
3407 4107 3623 4172 infestis.

2043 4175 2172 4232 Post
2195 4177 2336 4230 hunc
2361 4191 2570 4232 versum
2597 4177 2780 4230 titulus
2811 4179 2862 4230 in
2900 4176 3140 4241 plurimis
3169 4177 3439 4231 codicibus
3473 4178 3627 4242 poni-

2045 4256 2132 4301 tur
2152 4285 2168 4308 .
2219 4261 2522 4316 quanquam
2555 4248 2872 4316 Prudentius
2903 4247 3076 4302 nullos
3102 4249 3342 4316 posuisse
3365 4246 3628 4316 videatur.

2041 4317 2098 4370 In
2126 4315 2256 4371 Mar.
2287 4327 2342 4370 et
2391 4317 2538 4382 RaL,
2573 4315 2744 4372 Fides.
2787 4317 2841 4370 In
2878 4317 3170 4381 Viennen.,
3207 4316 3284 4370 De
3325 4315 3469 4368 Bello
3509 4315 3629 4383 ﬁdei

2041 4397 2087 4439 et
2116 4388 2344 4441 Cultura!
2362 4389 2596 4440 deorum.
2629 4389 2816 4444 Aldus.
2839 4385 2991 4440 Fidei
3013 4397 3056 4440 et
3081 4386 3400 4440 Idololatria:
3413 4403 3583 4454 pugna
3613 4403 3630 4439 :

2043 4459 2158 4516 inse
2203 4457 2388 4512 scribit
2441 4458 2713 4510 idolatriae.
2757 4457 3164 4516 Cbamillardus,
3195 4455 3350 4510 Fides
3378 4467 3424 4509 et
3453 4454 3632 4508 Idolo-

2044 4527 2215 4580 latria.
2247 4527 2508 4581 Weitzins
2535 4538 2587 4580 et
2618 4529 2887 4580 Giselinns
2917 4527 3049 4582 Aldo
3077 4527 3373 4580 adbnrrent.

2115 4599 2206 4651 ει.
2243 4599 2404 4651 Poeta
2426 4598 2649 4652 virtutes
2669 4611 2724 4651 et
2749 4598 2872 4651 vitia
2897 4598 3148 4664 graphice
3170 4595 3448 4651 describit.
3470 4596 3632 4650 Multa

2046 4669 2110 4722 ad
2147 4673 2286 4722 hunc
2321 4668 2555 4720 libellum
2591 4669 2962 4720 illustrandum
3001 4668 3108 4736 peti
3141 4678 3358 4734 possent
3388 4681 3450 4720 ex
3493 4666 3630 4719 Cha-

2051 4739 2344 4792 racteribns
2363 4737 2718 4804 Theophrasti
2744 4753 2862 4790 cum
2885 4739 3285 4790 commentariis
3301 4736 3624 4798 Casauboui,

2053 4825 2184 4872 quas
2223 4825 2292 4861 cx
2318 4823 2449 4862 mss.
2479 4807 2748 4862 Vaticanis
2777 4823 2946 4876 nuper
2973 4809 3118 4860 auxit
3159 4807 3227 4860 cl.
3259 4807 3450 4860 Joann.
3482 4805 3634 4858 Citri-

2057 4879 2342 4946 stopborus
2394 4877 2746 4942 Amadut‘ns,
2777 4893 2830 4932 et
2875 4877 3030 4944 paulo
3073 4887 3196 4930 ante
3241 4881 3288 4931 in
3331 4891 3630 4928 sermonem

2053 4949 2344 5016 HiSpanuin
2378 4948 2444 5000 cl.
2490 4948 2721 5016 lgnutins
2755 4949 2930 5012 Lopez
2967 4949 3035 5002 de
3065 4947 3230 5017 Aynla
3275 4951 3629 5017 converterat.

2055 5014 2169 5072 Alia
2213 5019 2371 5070 etiam
2421 5014 2770 5085 philosophus
2807 5019 3008 5074 Seneca
3047 5014 3229 5084 posset
3267 5014 3630 5085 suppeditare.

2056 5089 2264 5142 Etenim
2297 5089 2364 5142 de
2395 5083 2680 5142 virtutibus
2704 5099 2758 5142 et
2787 5089 2928 5142 vitiis
2961 5086 3262 5155 philosophi
3288 5083 3482 5139 ethnici
3509 5098 3634 5136 vere

2054 5167 2109 5212 et
2131 5169 2317 5226 argute
2349 5159 2630 5227 aliquando
2677 5159 3066 5213 disseruerunt.
3097 5157 3202 5210 Sed
3229 5172 3292 5210 ex
3325 5155 3502 5227 sacris
3535 5167 3569 5221 p
3591 5171 3632 5201 I-

2058 5223 2320 5282 tis-‘imum
2360 5223 2574 5282 Litteris
2607 5240 2656 5282 et
2702 5229 2953 5282 Ecclesia:
2982 5229 3291 5280 doctoribus
3333 5223 3634 5278 doctrinam

2056 5313 2204 5351 suam
2258 5299 2436 5352 hausit
2481 5299 2840 5353 Prudentius:
2884 5312 3018 5365 quos
3059 5311 3158 5360 ego
3187 5295 3364 5348 fontes
3396 5293 3517 5346 dum
3557 5303 3638 5345 at-

2061 5369 2224 5435 tingo,
2251 5369 2596 5438 philosophos
2622 5370 2848 5436 gentiles
2871 5370 2940 5420 ita
2967 5368 3142 5438 laudo,
3161 5365 3231 5417 ita
3255 5379 3440 5438 verum
3467 5365 3638 5417 inter-

2058 5439 2182 5491 dum
2217 5435 2550 5492 invenientes
2582 5435 2764 5492 mirari
2795 5439 2943 5492 soleo
2969 5476 2984 5499 ,
3023 5445 3080 5487 nt
3127 5435 3368 5490 homines
3413 5443 3642 5501 utroque

2059 5509 2216 5562 oculo
2237 5517 2453 5576 captos,
2485 5509 2572 5573 qui
2605 5509 2788 5562 labore
2814 5517 2868 5561 et
2898 5504 3157 5578 industria
3193 5505 3243 5558 id
3281 5507 3494 5578 demum
3554 5518 3643 5578 as-

2061 5574 2376 5645 sequuntur,
2410 5587 2464 5631 ut
2490 5589 2634 5632 certa
2665 5579 2889 5644 quadam
2923 5576 3002 5628 ria
3033 5575 3180 5628 recte
3213 5575 3481 5637 incedant,
3512 5574 3640 5645 quin

2061 5641 2830 5702 oll'rndant.Primaimtucitnr
2852 5645 2983 5699 fides
3005 5645 3158 5700 dubia
3181 5649 3270 5700 sub
3293 5656 3426 5699 sorle
3447 5641 3639 5697 duelli:

2063 5719 2149 5773 ubi
2181 5735 2282 5773 non
2307 5719 2492 5782 credo,
2528 5727 2736 5784 poetam
2769 5716 2938 5770 solum
2973 5719 3276 5786 respexisse
3305 5717 3370 5772 ad
3399 5726 3642 5771 naturam
