4154 6188
490 252 563 310 23
1589 253 1865 308 AURELIl
1908 253 2039 308 PRU

2147 253 2267 307 NTil
2308 252 2637 308 CARMINA.
3677 252 3750 307 24

664 363 825 435 590
852 362 1155 433 Pugnatura
1187 362 1366 430 Fides,
1401 364 1596 434 agresti
1636 364 1847 418 turlnda
1880 364 2057 430 cultu,
2091 376 2137 431 Α

661 457 807 512 Μάη
830 456 1103 520 humeros,
1134 456 1343 509 intonsa
1371 469 1573 520 comas,
1594 465 1781 508 exerta
1807 454 2054 509 licertus.

661 552 897 619 Namque
920 550 1230 617 repentinus
1249 548 1421 601 laudis
1436 548 1583 600 calor
1598 546 1661 600 ad
1686 562 1823 601 nova
1845 547 2058 603 fervens

498 642 560 695 25
664 641 876 705 Prmlia,
910 654 1011 694 nec
1039 638 1158 692 telis
1186 638 1448 703 meminit,
1484 652 1581 692 nec
1613 637 1847 706 tegmine
1874 637 2013 703 cingi
2040 654 2055 691 :

660 733 818 804 591
847 727 1072 784 Pectore
1113 729 1207 784 sed
1241 729 1409 783 ﬁdens
1440 728 1617 782 valido
1640 770 1655 793 ,
1698 729 2056 797 membrisque

1746 818 1985 889 [retectis

656 916 917 970 Provocat
947 914 1116 967 insani
1147 911 1434 980 frangenda
1465 909 1699 980 pericula
1741 910 1883 964 belli.

659 1008 797 1062 Ecce
831 1007 1179 1061 lacessentem
1212 1003 1423 1058 collatis
1451 1003 1651 1056 viribus
1685 1001 1845 1055 audet

654 1100 829 1153 Prima
862 1096 1022 1153 ferire
1060 1096 1242 1150 Fidem
1274 1103 1511 1149 veterum
1550 1091 1766 1148 Cultura
1803 1094 2049 1148 deorum.

476 1189 549 1246 '50
657 1188 749 1242 Illa
781 1186 971 1241 hostile
998 1195 1188 1254 caput,
1222 1184 1605 1254 phalerataque
1636 1195 1872 1255 tempora
1911 1187 2054 1241 vittis

659 1279 832 1332 Altior
859 1278 1141 1345 insurgens
1166 1274 1474 1340 labefactat,
1506 1283 1559 1328 et
1587 1289 1703 1341 ora,
1737 1288 1926 1329 cruore

2346 366 2419 420 De
2443 367 2702 435 pecudum
2720 366 2931 428 satiat".
2952 366 3066 419 solo
3088 364 3338 435 applicat,
3379 373 3433 419 et
3477 380 3610 434 peoe
3624 368 3742 421 cal-

2662 528 2671 535 ι
3558 458 3669 531 [cat

2339 550 2511 603 Elisos
2534 550 2587 604 in
2618 562 2790 604 morte
2821 548 3003 602 oculos
3034 565 3046 600 :
3076 547 3416 616 animamque
3445 549 3733 616 malignam

2339 642 2525 694 Fracta
2559 639 2840 707 intercepti
2884 637 3204 694 commercia
3233 637 3462 707 gutturis
3501 646 3738 703 armant,

2163 732 2232 785 55
2341 729 2730 797 Difficilemque
2769 729 2970 781 obitum
3020 727 3251 796 suspiria
3301 727 3456 797 longa
3495 726 3737 797 fatigant.

2338 822 2579 877 Exsultat
2610 811 2801 877 victrix
2830 820 2967 889 legio
2992 838 3003 874 :
3034 836 3199 891 quam
3221 820 3367 873 mille
3389 830 3628 876 coactam

2336 915 2656 984 Martyribus
2695 915 2875 985 regina
2919 915 3075 971 Fides
3108 914 3373 970 animarat
3405 915 3456 969 in
3499 914 3732 969 hostem.

2335 1003 2486 1057 Tunc
2516 1004 2683 1058 fortes
2712 1004 2886 1059 socios
2920 1015 3069 1071 parta
3101 1019 3199 1073 pro
3228 1005 3388 1059 laude
3424 1016 3645 1060 coronat

2338 1096 2499 1167 592
2513 1094 2777 1157 Floribus,
2799 1094 3111 1163 ardentique
3128 1094 3282 1164 jubet
3301 1096 3544 1151 vestirier
3563 1105 3732 1151 ostro.

2154 1184 2226 1241 7.0
2324 1186 2476 1239 Exin
2515 1188 2788 1254 gramineo
2819 1188 2871 1240 in
2907 1201 3096 1253 campo
3133 1202 3454 1242 concurrere
3489 1198 3733 1257 prompta

2333 1275 2495 1345 Virgo
2526 1275 2779 1330 Pudicitia
2807 1276 3063 1344 speciosis
3095 1274 3257 1345 fulget
3289 1276 3342 1329 in
3375 1276 3541 1331 armis
3571 1295 3583 1328 :

1758 1363 2042 1419 GLOSSIE
2080 1364 2400 1419 VETERES

545 1462 637 1516 εξ.
664 1461 897 1530 AgreSti,
923 1475 1021 1530 non
1049 1457 1673 1530 enimmadpra'dicandum
1692 1457 2041 1530 philosophos,

478 1534 562 1587 sed
596 1526 867 1600 piscatores
883 1528 1145 1600 elegiae
1166 1526 1418 1600 Turbida,
1450 1527 1607 1600 irata,
1636 1526 1907 1600 deformis,
1940 1544 2044 1582 non

477 1595 753 1657 secundum
781 1595 979 1653 carnem
1002 1598 1246 1650 militans.
1275 1626 1345 1636 -
1370 1596 1548 1662 Cultu,
1572 1595 1768 1657 habitu.
1803 1597 1843 1651 l.

546 1672 635 1727 25.
665 1671 814 1726 Nuda
836 1709 850 1733 ,
875 1677 1107 1738 prompta
1146 1668 1215 1719 ad
1252 1667 1382 1738 bona
1415 1683 1589 1735 opera.
1633 1697 1704 1738 —_-
1751 1667 2010 1722 llumeros
2030 1710 2044 1730 ,

476 1744 639 1796 nudos
669 1741 858 1794 habens
877 1736 1140 1790 humeros.
1171 1766 1239 1777 —
1268 1736 1476 1791 lutonsa
1494 1776 1509 1798 ,
1536 1736 1765 1799 inculta;
1793 1753 1905 1805 qua:
1946 1754 2044 1790 non

476 1813 752 1875 colebatur,
776 1818 829 1861 ut
858 1811 1032 1862 virtus.
1055 1836 1124 1845 ——
1148 1808 1363 1871 Exerta,
1386 1807 1579 1858 nudata
1605 1807 1672 1858 ad
1699 1808 1955 1871 prmlium.
1982 1806 2048 1860 In

477 1899 644 1936 carne.
674 1880 858 1947 inquit,
882 1875 1217 1941 ambulantes,
1246 1894 1347 1930 non
1372 1877 1651 1929 secundum
1678 1892 1884 1930 carnem
1908 1877 2048 1931 mili-

448 1963 655 2006 -tantes.
687 1981 758 1990 —
787 1948 1058 2010 Lacerius,
1090 1948 1330 2011 brachia,
1360 1947 1398 2003 1.

544 2022 636 2076 24.
669 2019 1025 2088 Repentinus,
1049 2026 1096 2070 et
1124 2017 1289 2087 factus
1331 2027 1401 2069 est
1437 2026 1645 2082 repente
1687 2017 1750 2070 de
1797 2016 1924 2070 caelo
1966 2032 2053 2070 soo

477 2109 573 2145 nus
590 2133 605 2156 ,
638 2092 739 2145 Iso.

546 2162 639 2216 Q5.
668 2160 776 2216 Nec
802 2159 924 2214 telis
954 2157 1230 2221 meminit,
1254 2172 1354 2209 non
1380 2156 1513 2209 enim
1549 2157 1600 2208 in
1630 2156 1881 2222 sapientia
1913 2156 2051 2209 verbi

476 2231 795 2303 syllogismos
826 2227 1110 2303 Aristotelis
1129 2267 1142 2288 ,
1175 2229 1276 2303 sive
1316 2236 1545 2282 contorta
1572 2226 1849 2295 Chrysippi
1890 2226 2053 2279 sancti

477 2296 833 2373 prwdicatores
845 2296 1066 2373 jaculati
1091 2307 1228 2373 sunt,
1259 2297 1300 2351 l.
1386 2365 1415 2373 η
1441 2364 1451 2373 _
1967 2332 1977 2341 .

527 2370 640 2425 .26.
672 2364 885 2437 Valide,
911 2368 1063 2437 hujus
1090 2367 1294 2419 omnino
1316 2364 1541 2437 validum
1573 2374 1745 2432 pectus
1792 2375 1930 2437 erat,
1964 2365 2050 2431 qui

477 2442 672 2493 dicebat
704 2456 723 2494 :
762 2442 841 2492 An
864 2431 1282 2508 “experimentum
1312 2431 1707 2508 queritis-ejus
1735 2435 1833 2508 qui
1878 2437 1928 2486 in
1971 2451 2048 2488 me

479 2512 724 2579 loquitur,
755 2504 988 2563 Christi?
1010 2506 1353 2579 -—g!lleiubris
1370 2544 1402 2579 ,Α
1420 2504 1641 2579 membra
1677 2505 1832 2579 etiam
1857 2514 2051 2558 retere-

477 2575 556 2635 rat
594 2596 612 2633 :
645 2578 815 2641 Nihil,
858 2581 1053 2648 inquit,
1084 2577 1349 2629 intulimus
1387 2575 1439 2628 in
1488 2576 1622 2628 hunc
1667 2576 1930 2629 mundum.
1982 2604 2051 2615 ——

477 2651 732 2713 Retectis,
754 2650 958 2703 nudatis
978 2687 993 2711 ,
1024 2650 1060 2700 1.

546 2720 637 2774 27.
666 2720 1001 2788 Frangenda,
1023 2732 1085 2770 ne
1106 2715 1424 2788 idololatrat,
1451 2725 1603 2788 atque
1624 2713 1823 2768 cultura
1842 2714 2052 2775 deorum

477 2792 691 2846 ulterius
712 2784 976 2844 coleretur.
1002 2817 1073 2827 —
1103 2786 1254 2851 Belli,
1286 2786 1427 2847 srcli,
1462 2784 1497 2837 Ι.

546 2861 637 2916 28.
676 2861 1073 2919 Lacessentem,
1116 2864 1507 2923 provocantem;
1532 2854 1684 2921 ﬁdem
1720 2856 1885 2922 prima
1927 2856 2049 2922 [erit

478 2931 798 2992 idololatria,
837 2944 952 2981 cum
966 2926 1088 2994 ﬁdei
1121 2925 1479 2993 praedicatores
1508 2924 1805 2991 insequitur.
1833 2952 1898 2961 —
1924 2925 2047 2977 Cul-

478 3001 620 3065 latis,
646 2999 894 3059 collectis,
926 2996 963 3048 Ι.

545 3060 636 3125 50.
669 3069 785 3136 llla,
813 3067 961 3135 fides.
990 3092 1061 3105 —
1084 3060 1309 3127 Hostile,
1330 3060 1515 3117 hostile
1541 3071 1693 3131 caput
1743 3060 2045 3131 labefactat,

2149 1474 2265 1511 cum
2292 1474 2465 1528 reges,
2511 1459 2613 1511 sive
2638 1458 2926 1525 philosophi
2954 1458 3021 1509 ad
3050 1456 3245 1509 cultum
3285 1467 3566 1510 curvantur
3609 1458 3734 1511 reli-

2147 1529 2331 1599 gionis.
2350 1527 2423 1599 :—
2451 1528 2645 1593 Caput,
2676 1528 3002 1583 idololatrite.
3027 1549 3098 1565 ε·-
3124 1527 3423 1599 Plialerata,
3454 1534 3659 1589 ornata,
3686 1528 3728 1581 Ι.

2221 1600 2308 1653 ⁸51.
2339 1597 2474 1662 Ora,
2511 1599 2808 1666 aspicientes
2828 1615 2957 1652 vana
2997 1614 3091 1666 pro
3119 1598 3279 1650 n'hilo
3304 1608 3663 1661 computantur
3702 1616 3725 1651 :

2152 1685 2271 1721 nam
2294 1678 2338 1721 et
2362 1669 2668 1733 moriuntur,
2696 1684 2810 1721 cum
2834 1668 3165 1731 meditantur,
3192 1676 3245 1719 ut
3275 1668 3475 1720 videant
3493 1706 3509 1731 ,
3539 1668 3581 1723 Ι.

2224 1739 2316 1794 55.
2349 1738 2540 1801 Elisos,
2562 1740 2870 1808 confractus,
2900 1740 2939 1791 ι.

2223 1809 2312 1863 51.
2343 1806 2698 1873 Commercia,
2730 1816 2955 1860 mutuata
2978 1807 3347 1861 vicissitudines
3362 1806 3614 1875 ﬂatuum;
3640 1817 3731 1863 tato

2154 1878 2272 1934 nite.
2303 1906 2373 1919 ——-
2404 1881 2646 1939 Arctant,
2675 1878 3049 1948 constringunt,
3079 1876 3117 1931 1.

2222 1950 2311 2004 56.
2347 1947 2530 2015 Legio,
2556 1948 2748 2001 scilicet
2769 1946 2997 2013 [idei.—
3017 1948 3286 2006 Coactum.
3305 1946 3592 2015 collectam,
3620 1947 3727 2003 lso.

2221 2019 2307 2072 57.
2337 2019 2633 2079 Animarat,
2660 2018 2951 2087 instigabat,
2981 2018 3206 2070 animum
3234 2018 3464 2080 dederat,
3487 2018 3525 2071 l.

2222 2090 2311 2143 58.
2345 2088 2552 2153 Socios,
2581 2090 2807 2147 virtutes.
2840 2116 2910 2128 —
2942 2089 3126 2148 Parta,
3158 2103 3410 2156 syncopa,
3443 2100 3612 2157 parta,
3643 2104 3727 2142 σεο

2151 2161 2357 2226 quisita.
2389 2170 2672 2223 praeparata
2690 2174 2707 2222 ;
2737 2166 2782 2212 et
2808 2159 2941 2211 venit
2964 2176 2993 2209 a
3025 2158 3172 2210 verbo
3199 2159 3393 2227 parior,
3426 2158 3462 2211 I.

2222 2228 2312 2285 59.
2346 2228 2617 2286 Floribus.
2647 2231 2798 2296 flores
2827 2238 2942 2280 sunt
2963 2228 3390 2281 immarcessibilis
3422 2227 3559 2281 uiror
3583 2238 3722 2281 mter.

2153 2314 2232 2351 nrr
2252 2298 2495 2351 mercedis
2517 2299 2671 2364 ,‘qttt'a
2692 2314 2779 2366 per
2795 2298 3061 2367 sanguinis
3085 2298 3166 2350 sui
3193 2297 3384 2350 undam
3404 2298 3555 2351 vitam
3577 2308 3725 2355 cter-

2152 2383 2272 2438 nam
2321 2379 2733 2437 proineruerunt;
2774 2366 3139 2438 voluptatibus.
3194 2392 3265 2408 -—-
3308 2368 3575 2433 Ardente,
3631 2385 3724 2438 pro

2152 2437 2337 2489 ardore
2365 2438 2649 2491 dilectionis
2679 2439 2867 2502 posuit.
2899 2454 2967 2477 -ε-
2992 2437 3172 2500 Ostrn,
3205 2453 3455 2505 purpura,
3485 2438 3522 2490 I.

2223 2508 2312 2560 60.
2362 2507 2537 2571 Exin,
2584 2507 2783 2563 deinde.
2831 2527 2898 2549 -ι
2933 2507 3252 2570 Gramineu,
3300 2508 3608 2577 graminoso.
3657 2537 3722 2550 -η

2160 2575 2709 2647 Catupmcxercitium
2749 2578 3067 2631 continrittfm
3095 2578 3256 2630 virore
3284 2575 3401 2647 fugi
3442 2577 3724 2647 jucundum

2153 2657 2249 2717 est.
2284 2677 2349 2685 —
2369 2646 2700 2703 Concurrere
2724 2659 2985 2715 prompta,
3020 2664 3247 2717 pugnare
3273 2646 3472 2712 parata,
3506 2648 3547 2702 l.

2225 2716 2315 2770 41.
2345 2718 2623 2780 Pudicitia,
2642 2720 2765 2787 jure
2793 2731 2905 2787 post
2924 2718 3076 2786 ﬁdem
3104 2718 3351 2783 pudicitia
3371 2718 3708 2786 poni.ur;quo

2153 2789 2290 2840 niam
2320 2788 2447 2840 sicut
2482 2789 2747 2857 integritas
2795 2788 2915 2855 fidei
2968 2788 3230 2856 virginitas
3273 2799 3347 2840 est
3392 2788 3609 2851 mentis;
3656 2796 3724 2840 ttt

2152 2857 2357 2928 castitas
2384 2859 2555 2910 carnis
2592 2858 2860 2910 exordium
2895 2867 2968 2910 est
2999 2868 3191 2928 sancta:
3218 2859 3527 2928 oprrationis
3575 2874 3595 2911 :
3636 2857 3724 2928 hac

2151 2926 2289 2977 enim
2308 2927 2583 2988 destructa,
2608 2929 2771 2978 omnis
2793 2929 3036 2979 virtutum
3064 2925 3260 2992 fabrica
3281 2929 3402 2981 ruit.
3424 2956 3494 2968 --
3514 2927 3723 2997 Specio-

2153 2998 2246 3060 sis,
2288 2999 2512 3061 speciosa
2540 3004 2655 3049 sunt
2693 2997 2926 3063 utrinque
2963 3012 3109 3050 arma
3138 2996 3285 3060 lucis,
3316 3006 3369 3049 ut
3399 2996 3571 3051 illud:
3613 2998 3725 3053 Sint

2153 3064 2310 3118 lumbi
2330 3066 2478 3123 vestri
2507 3065 2785 3127 vrtccincti.
2816 3076 2863 3119 et
2888 3065 3112 3120 lucerna:
3129 3068 3381 3133 ardentes,
3407 3067 3449 3124 Ι.

1298 3250 1301 3253 _
1795 3174 2348 3235 conuenrsnws.

476 3291 627 3356 belli,
655 3290 708 3345 in
748 3305 858 3363 qu_a_
882 3289 1089 3363 fortuna
1130 3290 1443 3363 plerumque
1472 3289 1735 3363 dominari
1758 3291 1891 3347 solet
1917 3333 1935 3356 ,
1987 3299 2046 3345 ut
2073 3292 2115 3350 C
2150 3294 2342 3347 stantia
2389 3294 2754 3360 communiri,
2805 3295 3163 3350 idololatriam
3211 3295 3445 3363 phaleris
3487 3297 3667 3350 ornari
3710 3311 3723 3349 :

474 3362 724 3419 Nebrissa
744 3359 1048 3429 ,Weitzius
1094 3372 1145 3415 et
1184 3360 1572 3414 Chamillardus
1606 3362 1904 3427 explicant;
1951 3364 2044 3417 sed

474 3432 746 3506 notiusad
775 3432 1005 3506 liberam
1036 3431 1307 3506 hominum
1338 3431 1663 3506 voluntatem
1684 3472 1703 3496 ,
1727 3443 1799 3506 _ut
1841 3430 1934 3506 l_s_o_
1969 3434 2049 3486 in-

474 3500 610 3558 iiuit.
641 3501 927 3556 Sicbardus
958 3500 1066 3563 ait,
1098 3501 1231 3556 adeo
1261 3504 1488 3555 alacrem
1519 3502 1677 3554 fidem
1707 3500 1958 3565 describi,
1993 3510 2049 3555 ut

474 3588 540 3627 ex
559 3571 730 3641 primo
751 3572 867 3635 eius
886 3582 1102 3641 aspectu
1129 3570 1280 3625 facile
1302 3570 1393 3641 tibi
1421 3571 1695 3625 victoriam
1720 3570 2044 3634 pollicearis.

472 3638 716 3709 Alcimus
735 3643 920 3695 Avitus
937 3642 1004 3695 de
1028 3638 1205 3695 Laude
1226 3640 1544 3709 virginitatis
1560 3656 1699 3695 vers.
1721 3640 1856 3696 563:
1883 3643 1947 3695 At
1970 3655 2042 3706 tu,

473 3715 615 3781 uirgo
651 3708 748 3763 Dei
766 3751 781 3776 ,
812 3711 999 3764 sanctis
1028 3727 1182 3781 quant
1210 3708 1429 3763 moribus
1457 3720 1658 3781 ornant,
1692 3710 1828 3764 Ilinc
1855 3715 2042 3776 pudor,

473 3780 595 3835 inde
634 3781 797 3848 ﬁdes,
846 3780 1058 3852 internis
1094 3782 1277 3852 fortior
1320 3782 1475 3832 armis
1508 3780 1669 3852 Belli
1711 3781 1910 3852 geris...
1945 3782 2045 3838 llic

474 3853 672 3905 virtutis
711 3867 857 3921 opes,
886 3849 1137 3904 hai'c'sunt
1190 3851 1373 3904 solatia
1418 3851 1604 3905 belli...
1640 3849 1769 3919 Qua:
1808 3854 2043 3915 prudenti

473 3923 594 3975 olim
624 3921 801 3975 cecinit
836 3920 1143 3975 Prudentius
1165 3937 1267 3974 ore.
1294 3921 1393 3974 Ubi
1421 3922 1849 3989 Peycliomacliire
1880 3938 2039 3991 argu-

426 4016 445 4036 ο
474 4003 711 4046 mentum
763 4002 1132 4059 repruisentzit.
1169 3993 1270 4046 Im.
1295 3994 1531 4058 Apostoli
1563 3991 1722 4044 verba
1769 3993 1832 4043 ad
1883 3993 2037 4046 Rom.

471 4077 585 4128 xw,
608 4063 697 4129 23,
728 4061 888 4115 Omne
904 4074 1069 4116 autem
1091 4062 1224 4129 quod
1247 4077 1345 4113 non
1361 4071 1434 4114 est
1453 4078 1513 4114 ex
1530 4062 1649 4125 ﬁde,
1666 4070 1924 4130 peccatum
1942 4074 2037 4125 est,

418 4138 425 4141 “
470 4134 666 4200 accipit
685 4132 751 4186 de
778 4134 1003 4200 fideiqna
1040 4133 1090 4184 in
1132 4132 1296 4183 Deum
1324 4133 1591 4184 credimus
1616 4148 1629 4182 :
1650 4141 1701 4183 et
1731 4132 1797 4182 ita
1824 4131 2036 4197 quidem

471 4199 709 4255 nonnulli
751 4201 849 4255 SS.
873 4199 1059 4252 Patres
1098 4200 1342 4253 eumdem
1391 4200 1563 4252 locum
1605 4201 1890 4266 cxp‘icant.
1932 4200 2036 4254 Sed

470 4269 524 4322 lii
550 4273 645 4337 ipsi
675 4278 937 4336 peccatum
965 4268 1267 4333 intel'ignut
1295 4268 1396 4319 hoc
1418 4267 1535 4321 loco
1562 4268 1663 4321 dici
1693 4283 1828 4331 opus
1851 4269 2039 4326 inutile

471 4339 535 4391 ad
556 4340 715 4409 vitam
744 4346 994 4409 aeternam
1024 4338 1474 4409 consequentiam.
1508 4338 1774 4409 Caeterum
1800 4338 2037 4409 plerique

471 4408 660 4461 melius
690 4408 1004 4473 Apostulmn
1054 4406 1473 4470 interpretantur
1497 4407 1565 4462 de
1604 4408 1734 4471 fide,
1765 4409 1877 4462 sive
1910 4406 2039 4464 con-

472 4478 715 4541 scientia,
749 4491 851 4544 qua
877 4476 1145 4547 credimus
1166 4477 1378 4545 aliquod
1407 4493 1540 4547 opus
1571 4479 1724 4533 nobis
1753 4478 1945 4544 licere,
1978 4492 2036 4533 ut

471 4561 538 4600 ex
566 4549 680 4615 ipso
699 4556 946 4617 contextu
987 4546 1174 4615 liquet.
1204 4546 1420 4601 Certum
1445 4547 1657 4617 quidem
1687 4558 1895 4603 estnon
1922 4565 2037 4604 om-

2152 3365 2417 3432 apposite.

2221 3431 2311 3486 24.
2340 3435 2650 3501 \"iennrns.,
2683 3438 2929 3503 jamque;
2954 3435 3062 3496 alii,
3097 3451 3330 3504 namque.
3375 3431 3520 3500 Put.,
3550 3435 3692 3489 labor
3705 3452 3739 3500 ;'

2150 3504 2330 3558 caueri
2358 3505 2552 3560 melius
2573 3507 2746 3572 calor;
2772 3506 2866 3559 sed
2899 3506 3016 3560 Vat.
3042 3504 3102 3558 F.
3129 3520 3421 3572 perperam
3435 3521 3592 3559 voces
3618 3516 3721 3560 trav

2144 3573 2273 3643 jecit
2301 3576 2443 3645 calor
2470 3575 2641 3629 laudis
2671 3590 2769 3645 pro
2798 3576 2968 3629 laudis
2999 3574 3158 3629 calor.
3184 3574 3314 3627 Vide
3337 3590 3477 3628 vers.
3500 3575 3591 3629 ἓξ.

2217 3645 2308 3699 27.
2339 3643 2580 3699 Pericula
2602 3643 2884 3715 frangenda
2906 3648 3002 3703 ait.
3026 3646 3297 3715 uthymuo
3322 3646 3342 3698 1
3371 3646 3551 3705 Cath.,
3577 3661 3720 3700 vers.

2146 3713 2217 3766 43
2246 3731 2261 3765 :
2290 3727 2443 3782 rupto
2466 3713 2784 3770 tenebrarum
2809 3718 2928 3769 situ.
2958 3716 3047 3770 S€c
3080 3713 3241 3769 etiam
3272 3714 3464 3767 dicitur
3485 3721 3720 3785 frangere

2144 3786 2440 3849 audaciam,
2485 3787 2732 3849 consilia,
2760 3787 3094 3851 sententiam,
3140 3784 3388 3837 morbum.
3424 3786 3541 3838 Post
3581 3784 3719 3839 hunc

2145 3870 2356 3909 versum
2391 3859 2440 3906 iu
2471 3857 2599 3910 Mar.
2631 3866 2686 3910 et
2714 3857 2836 3911 Rat.
2868 3856 3048 3910 titulus
3074 3862 3157 3907 est
3188 3869 3201 3907 :
3243 3855 3455 3908 Cultura
3485 3855 3718 3911 deorum.

2214 3927 2303 3979 30.
2330 3926 2459 3979 'f‘am
2495 3928 2546 3980 in
2570 3926 2698 3981 llfar.
2732 3941 2891 3995 quam
2914 3925 2966 3979 in
2992 3924 3113 3979 Rat.
3145 3934 3427 3981 exaratum
3465 3934 3549 3980 est
3590 3935 3717 3996 tym-

2143 4010 2269 4061 pora
2299 4010 2391 4060 pro
2419 4004 2665 4059 tempera.

2214 4065 2302 4120 51.
2343 4064 2571 4119 luiitatio
2602 4067 2833 4119 Maronis
2854 4107 2868 4128 ,
2919 4064 3007 4131 qui
3036 4078 3141 4117 non
3163 4064 3324 4118 semel
3352 4063 3442 4119 lib.
3470 4080 3519 4118 ιι
3542 4073 3595 4119 et
3621 4082 3714 4131 xu,

2141 4132 2306 4186 Altior
2328 4134 2617 4202 insurgens.

2211 4202 2298 4256 52.
2336 4204 2390 4255 In
2438 4204 2751 4271 quibusdam
2788 4203 2964 4275 vulg.,
3001 4222 3028 4252 ε
3061 4203 3332 4271 pecudum.
3370 4203 3712 4275 Superﬂunm

2139 4285 2282 4339 saepe
2307 4276 2500 4334 estde,
2533 4284 2584 4327 nt
2618 4274 2796 4327 monui
2821 4290 2960 4326 vers.
2994 4275 3048 4328 5.

2207 4342 2296 4397 55.
2331 4343 2616 4405 Weitzius,
2660 4340 2797 4408 Οἱς..
2829 4343 2984 4407 Μαι-η
3011 4344 3127 4398 Val.
3159 4343 3226 4411 R,
3256 4345 3308 4397 in
3337 4354 3568 4397 mortem.
3598 4343 3714 4397 Ple-

2138 4412 2289 4478 rique
2333 4414 2417 4466 alii
2442 4416 2607 4468 ltuslri
2638 4424 2692 4467 et
2719 4413 2988 4467 lluiusiaui
3020 4430 3137 4469 cum
3167 4415 3320 4476 Aldu,
3355 4416 3409 4469 in
3439 4424 3631 4476 ηιονιεὶ
3658 4423 3710 4468 ει

2140 4481 2385 4536 Ileinsius
2427 4483 2476 4536 id
2523 4484 2845 4550 confirmat,
2893 4485 3014 4552 quia
3044 4495 3216 4553 poeta:
3257 4486 3439 4550 aiunt,
3476 4484 3628 4538 Oculi
3659 4483 3713 4537 in

2136 4564 2297 4623 morte
2322 4564 2570 4607 natantes.
2606 4554 2723 4623 Ipse
2748 4554 2985 4608 ediderat
3014 4556 3066 4606 in
3098 4564 3329 4608 mortem.

473 4618 557 4669 nia
591 4616 881 4710 infidelium
920 4630 1083 4710 Opera
1107 4631 1227 4672 esse
1258 4616 1502 4687 peccata,
1546 4633 1644 4673 nec
1692 4618 2037 4689 plliiOSOpl10~
2064 4650 2117 4710 Ι)
2211 4622 2303 4678 5-1.
2351 4616 2644 4691 Ρθτρεηηί
2676 4624 2729 4677 in
2770 4625 3003 4680 editione
3032 4624 3322 4680 \Veitziana
3357 4635 3595 4680 notatum
3643 4622 3709 4680 ad

469 4701 587 4740 rum
611 4686 835 4739 virtutes
855 4702 973 4739 esse
993 4688 1137 4738 vitia.

541 4756 632 4809 22.
668 4755 843 4820 Fuld.,
877 4771 980 4809 non
1012 4757 1189 4821 inepte
1211 4798 1225 4820 ,
1267 4758 1407 4810 vultu
1444 4773 1539 4825 pro
1567 4761 1726 4812 cultu.
1766 4757 2033 4812 Poeticaui

468 4825 609 4881 hanc
640 4825 761 4879 ﬁdei
802 4826 1214 4892 descriptionem
1245 4827 1328 4880 lso
1351 4829 1480 4881 satis
1524 4828 1744 4882 feliciter
1777 4828 2036 4894 interpre-

470 4906 631 4950 tatur.
676 4896 880 4951 Addam
931 4895 1421 4962 interpretationem
1465 4897 1685 4962 Ruperti
1711 4899 2032 4963 Tuitiensis,

467 4970 558 5035 qui
615 4967 708 5020 lib.
768 4981 819 5019 νι
852 4964 917 5018 de
955 4967 1119 5031 Oper.
1156 4965 1253 5032 Sp.
1283 4967 1367 5029 S.,
1396 4980 1514 5034 cap.
1545 4968 1632 5033 lli,
1661 4969 1733 5020 ait
1763 4984 1774 5020 :
1804 4965 2035 5021 Fuerunt

468 5049 636 5091 tamen
665 5050 817 5104 quam
847 5035 1084 5106 plurimi,
1115 5037 1199 5102 qui
1230 5051 1326 5088 non
1358 5038 1606 5100 eiusmodi
1650 5039 1792 5090 stolis
1836 5038 2031 5106 (bono—

467 5121 585 5159 rum
624 5104 868 5175 cperum)
903 5106 1139 5157 adornati
1174 5117 1502 5158 cucutrxrunt
1549 5107 1617 5157 ad
1669 5104 2035 5174 confessionem

465 5179 625 5228 sancti
655 5174 891 5234 nominis,
922 5185 968 5227 et
990 5174 1157 5227 adhuc
1181 5178 1363 5227 recenti
1388 5176 1635 5242 baptismo
1664 5178 1895 5241 nitentes,
1920 5183 2037 5229 nul-

468 5244 531 5296 lis
558 5260 767 5314 operum
796 5242 1024 5311 praeculti
1055 5245 1336 5306 ornatibus,
1361 5245 1629 5297 induerunt
1654 5246 1871 5313 gloriam
1901 5263 2036 5299 mar-

467 5312 606 5382 tyrii.
642 5312 720 5367 De
750 5317 925 5368 talium
956 5314 1056 5382 [ide
1082 5316 1288 5384 quidam
1318 5316 1388 5366 ita
1417 5316 1597 5367 cecinit
1632 5312 1661 5369 :'
1689 5314 1864 5367 Prima
1914 5317 2032 5383 petit

467 5398 732 5453 campum,
763 5396 865 5438 etc.
909 5385 1004 5440 Ubi
1041 5399 1197 5439 versu
1237 5384 1307 5437 2i
1337 5395 1519 5439 contra
1564 5395 1793 5438 metrum
1845 5385 2033 5453 legitur

465 5452 607 5505 calor
636 5453 848 5507 laudis..
862 5492 875 5507 .
1672 5461 1677 5464 ’

534 5524 624 5575 23.
653 5523 929 5577 Exerimus
957 5525 1202 5590 lacertos,
1233 5539 1323 5579 seu
1349 5523 1607 5577 eudamus
1630 5522 1870 5586 brachia.
1904 5539 2023 5579 t'ttm

465 5593 611 5659 Operi
642 5591 913 5663 alicuiseu
937 5596 1103 5649 labori
1131 5595 1357 5650 inaxime
1375 5593 1604 5663 expediti
1622 5604 1675 5647 et
1702 5595 1889 5649 intenti
1909 5610 2027 5649 rSse

464 5663 729 5716 volumus.
784 5660 941 5715 Natat
985 5664 1286 5733 Ciscliuus,
1319 5660 1472 5721 fidem
1512 5665 1785 5737 alacritate
1810 5675 1859 5718 et
1898 5682 2030 5719 con-

2142 4706 2290 4744 oram
2316 4702 2520 4746 arctans
2548 4709 2644 4759 pro
2672 4704 2889 4747 arctanl.

2213 4763 2300 4816 57.
2336 4762 2648 4829 Vlcunens.,
2677 4774 2924 4817 armarat.
2956 4762 3132 4827 Fulol“
3175 4764 3429 4818 armabat.
3459 4766 3561 4818 Alii
3595 4781 3709 4820 me-

2143 4831 2243 4903 lius
2265 4834 2539 4886 animarat.
2564 4834 2618 4886 lu
2648 4850 2748 4888 ms.
2771 4836 2985 4903 optimae
3006 4846 3166 4899 none,
3193 4835 3432 4889 collatoa
3453 4835 3710 4890 Michaele

2141 4901 2381 4971 Picrarto
2410 4903 2546 4971 apud
2576 4901 2882 4965 Weitziuin,
2915 4912 2997 4957 est
3021 4914 3265 4959 armarat.

2211 4969 2297 5025 58.
2356 4969 2455 5025 Pro
2507 4984 2625 5026 tunc
2672 4974 2873 5027 habent
2920 4989 3055 5026 nunc
3107 4975 3317 5038 Vienn.,
3356 4972 3508 5032 Man.
3560 4973 3708 5038 Rat.,

2141 5039 2331 5108 Bong.,
2378 5042 2565 5102 Turn..
2618 5040 2754 5096 Gali.
2794 5054 2850 5096 et
2875 5042 2988 5094 alii.
3034 5040 3256 5098 Carolus
3297 5042 3591 5107 Paschalis,
3640 5047 3706 5099 de

2139 5110 2364 5182 Coronis
2392 5126 2517 5180 pag.
2542 5112 2670 5182 115,
2702 5112 2795 5166 lib.
2820 5127 2879 5175 ll,
2906 5127 3024 5182 cap.
3060 5115 3146 5174 15,
3168 5114 3346 5182 ,ιηιιιιει
3366 5110 3553 5175 affert,
3587 5114 3705 5182 qui-

2137 5177 2486 5251 bussuatleat
2527 5181 2683 5235 flores
2741 5199 2768 5235 a
2817 5177 2985 5249 poetis
3020 5177 3281 5236 interdum
3310 5182 3432 5251 poni
3474 5198 3573 5251 pro
3606 5177 3705 5238 ὀυ-

2137 5249 2305 5312 ronis,
2331 5251 2470 5314 quod
2502 5266 2533 5305 e
2560 5252 2778 5305 floribus
2805 5252 2995 5304 confici
3015 5254 3240 5304 soleant.

2207 5320 2295 5373 59.
2328 5319 2451 5372 l‘ost
2483 5322 2622 5374 hunc
2649 5336 2859 5374 versum
2892 5320 3074 5372 titulus
3117 5321 3167 5373 in
3216 5320 3385 5382 Aldo.
3434 5319 3705 5377 Pudicitia:

2134 5404 2325 5457 pugna.
2377 5389 2429 5441 In
2484 5391 2638 5455 Man,
2678 5403 2730 5443 et
2779 5393 2919 5452 ll..t.,
2968 5390 3263 5457 Pudicitia;
3310 5394 3361 5445 iu
3414 5392 3701 5448 Viennens.

2135 5460 2311 5510 nullus
2341 5467 2424 5512 cst
2458 5460 2661 5513 titulus.

2203 5531 2291 5603 ill.
2316 5527 2525 5603 _Fabr.,_
2567 5529 2701 5603 G_is.,
2730 5526 2872 5581 Vati.
2899 5527 3057 5603 E,_G,
3096 5531 3355 5599 gramineo
3385 5549 3563 5603 campo
3588 5531 3702 5589 siue

2131 5596 2482 5674 in._l§lebris~.a
2516 5600 2636 5674 legit
2671 5614 2865 5664 prona;
2887 5599 2975 5674 alii
3003 5596 3259 5674 prompta.

2201 5668 2287 5722 11.
2328 5672 2524 5722 Omnes
2565 5668 2786 5721 \‘ir‘utes
2828 5670 3043 5739 virgines
3082 5668 3352 5733 dicuntur,
3406 5671 3697 5743 praesertim
