4154 6188
355 301 425 355 29
1711 293 1931 349 ΡΒΥΟΗι

2032 293 2253 356 ACBlA.

531 403 806 459 Nascendo
821 405 873 458 in
890 403 1080 457 melius
1096 419 1108 455 :
1127 401 1253 456 mihi
1267 402 1510 465 contulit,
1526 401 1691 455 etsihi
1708 404 1922 456 mansit.
1955 407 2007 464 Α

356 499 428 552 85
535 497 640 549 Nec
664 497 806 548 Deus
834 510 902 546 ex
925 491 1122 546 nostr'is
1142 493 1476 546 minuitsua:
1509 495 1602 545 sed
1623 508 1716 545 sua
1741 494 1940 547 nostris

546 589 675 640 Dum
711 586 939 648 tribuit,
985 594 1194 638 nosmet
1232 585 1370 638 dona
1401 583 1466 636 ad
1496 583 1736 637 cmlestia
1769 583 1938 637 vexit.

540 684 684 738 Dona
735 682 852 736 haec
901 691 1059 744 sunt,
1093 679 1233 748 quod
1269 679 1408 732 victa
1452 679 1630 745 jaces,
1677 678 1937 732 lutulenta

1474 780 1494 823 .'
1532 792 1547 808 ι
1588 781 1594 794 ’
1631 769 1899 840 [Libido,-i

537 868 644 922 Nec
665 880 784 919 mea
809 873 928 933 post
951 863 1170 918 Mariam
1199 863 1340 931 potis
1362 876 1421 916 es
1444 847 1936 929 perfringitrc'jiira.

538 959 616 1012 Tu
642 957 892 1024 princeps
919 955 984 1006 ad
1013 954 1201 1008 mortis
1221 955 1344 1006 iter.
1374 961 1426 1004 tu
1451 951 1613 1019 janua
1643 950 1792 1014 Iethi,

356 1051 428 1104 90
543 1049 697 1121 597
719 1048 952 1113 Corpora
987 1042 1630 1104 commriculaiis;sii'-nmts
1655 1041 1710 1094 in
1727 1034 1935 1096 'tartsra

1431 1138 1440 1145 “
1516 1134 1525 1149 ⁴
1611 1133 1868 1204 '[lne'rgis-.

533 1230 682 1287 Abde
708 1237 868 1296 caput
903 1229 1041 1281 tristi
1069 1227 1177 1293 jam
1213 1225 1396 1293 frigida
1431 1225 1592 1291 pestis
1619 1225 1834 1293 abysso,

536 1323 758 1385 Occide,
812 1319 1203 1388 prostibulum,
1249 1331 1434 1371 manes
1486 1328 1635 1384 pete,
1689 1317 1936 1372 claudere

1579 1405 1636 1476 [Α
1649 1421 1829 1469 verno,

535 1508 701 1574 Inque
729 1502 1066 1567 tenebrosum
1091 1499 1262 1554 noctis
1289 1498 1393 1553 deti
1411 1498 1573 1552 ndere
1605 1497 1843 1550 fumium.

3557 297 3627 354 50

2207 405 2283 458 Te
2311 413 2528 459 votvant
2551 405 2736 459 subter
2762 404 2894 459 vada
2931 405 3204 470 ﬂammea,
3224 413 3275 461 te
3298 407 3431 462 vada
3451 408 3624 478 nigra,

2043 495 2112 551 95
2220 495 2654 564 Sulphureusque
2674 505 2812 550 rotet
2831 510 2925 563 per
2945 504 3131 566 stagna
3159 500 3402 552 sonantia
3419 510 3621 554 vortex.

2219 586 2323 639 Nec
2348 587 2456 653 jam
2481 584 2854 653 Christicolas,
2872 587 3126 641 furiarum
3155 589 3406 654 maxima,
3425 598 3624 647 tentes:

2223 679 2289 734 Ut
2320 688 2536 747 purgata
2565 695 2664 733 suo
2693 690 2974 734 serventur
2999 695 3226 748 corpora
3260 682 3393 749 regi.

2223 770 2433 822 Dixerat
2465 770 2598 836 hcce,
2635 780 2688 822 et
2713 769 2832 822 lana
2862 769 3122 823 Libidinis
3151 770 3448 826 interfecta:

2217 859 2384 914 Marte
2414 860 2696 925 Pudicitia,
2729 861 2960 928 gladium
2992 863 3241 916 Jordanis
3278 862 3330 915 in
3363 864 3520 918 undis

2045 953 2145 1008 100
2220 953 2393 1007 Ahluit
2421 953 2674 1007 infectum
2703 973 2715 1005 :
2741 957 2918 1010 sanies
2945 955 3027 1010 cui
3059 971 3182 1011 rore
3210 959 3419 1012 rubenti

2213 1044 2374 1116 593
2421 1046 2659 1100 llaeserat
2680 1077 2704 1110 ,ν
2730 1055 2784 1101 et
2813 1047 3038 1102 nitidum
3085 1049 3378 1102 macularat
3405 1049 3624 1103 vulnere

2155 1128 2458 1179 ῖίυί
2519 1145 2577 1170 ’³
2641 1127 2704 1171 ³’
3307 1141 3549 1213 [l‘errum.

2219 1227 2406 1296 Expiat
2437 1242 2564 1298 ergo
2592 1229 2761 1283 aciem
2788 1229 2985 1282 ﬂuviali
3017 1231 3172 1284 docta
3203 1231 3414 1286 lavacro

2225 1320 2506 1375 Victricem
2535 1322 2744 1388 victrix,
2777 1323 2994 1378 abolens
3027 1324 3346 1393 baptismate
3379 1327 3547 1380 labem

2217 1410 2430 1465 Hostilis
2452 1413 2616 1482 jugnli
2644 1431 2656 1466 :
2683 1427 2781 1467 nec
2807 1415 2916 1482 jam
2945 1425 3192 1470 contenta
3225 1417 3426 1485 piatum

2053 1503 2152 1557 105
2225 1503 2470 1559 Condere
2496 1505 2699 1573 \aginze
2726 1506 2982 1575 gladium,
3013 1524 3078 1562 ne
3106 1517 3242 1562 tecta
3271 1508 3458 1576 rubigo

1648 1586 1933 1643 GLOSSIE
1975 1590 2308 1652 VETERES.

428 1690 517 1744 81.
554 1685 814 1750 Contulit,
835 1684 996 1738 multa
1020 1683 1179 1747 bona;
1200 1696 1345 1736 suam
1367 1680 1930 1736 divinitatem—Mam-
1960 1685 2008 1745 B

355 1762 448 1820 sit,
485 1758 639 1821 Deus,
682 1755 722 1809 l.

428 1830 518 1883 85.
562 1829 639 1880 Ex
685 1823 915 1884 nostris,
957 1821 1427 1884 membris.—Sua,
1472 1821 1584 1874 ideo
1615 1829 1807 1874 nostra?
1835 1821 1930 1874 ltu-

356 1898 614 1952 mauitatis
658 1900 820 1964 factus
860 1903 932 1947 est
972 1893 1221 1962 particeps
1245 1932 1260 1956 ,
1304 1905 1356 1944 ut
1382 1906 1474 1944 nos
1511 1907 1618 1944 sua:
1647 1893 1930 1945 divinitatis

355 1969 629 2038 participes
658 1966 862 2038 faceret,
893 1965 931 2016 Ι.

428 2041 518 2092 87.
544 2029 732 2099 ’Βοὴει,
752 2035 871 2102 quia
890 2047 1032 2084 nemo
1053 2040 1208 2098 potest
1231 2048 1336 2086 esse
1357 2031 1619 2084 continens
1637 2071 1651 2094 ,
1676 2031 1772 2082 nisi
1786 2029 1933 2102 Deus

354 2100 848 2168 dcta—Lntnlenta,
881 2103 1118 2170 polluta:
1149 2102 1306 2155 libido
1343 2117 1536 2171 semper
1563 2100 1921 2166 immunditiis,

355 2195 421 2230 ac
447 2177 680 2229 sordibus
703 2175 1003 2238 delectatur,
1034 2172 1071 2224 I.

428 2250 519 2300 90.
542 2246 799 2311 Corpora,
837 2243 1117 2296 secundum
1142 2242 1440 2310 Apostolum
1465 2259 1482 2294 :
1508 2239 1700 2295 Cretera
1731 2249 1934 2310 peccata

352 2333 500 2372 erc'ra
530 2332 712 2382 corpus
736 2323 851 2366 sunt
893 2329 911 2365 :
949 2311 1044 2364 Itoc
1073 2322 1236 2364 autem
1265 2313 1374 2382 ipsa
1399 2326 1614 2376 corpora
1642 2327 1937 2363 commacu-

354 2392 450 2447 lat,
484 2396 530 2438 et
557 2384 858 2448 corrumpit,
888 2382 926 2436 l.

427 2459 518 2510 91.
546 2455 715 2510 Ahde.
747 2453 1087 2505 absconde—
1114 2451 1350 2520 Frigida,
1380 2449 1583 2517 victa,l.

425 2528 514 2581 92.
537 2523 814 2587 Claiidet‘u,
845 2524 1018 2576 clausa
1045 2523 1132 2586 sis,
1164 2522 1199 2574 Ι.

425 2598 514 2650 95.
543 2598 852 2657 Detrudcre,
887 2593 1090 2644 detrusa
1116 2592 1278 2645 sis.-—
1301 2590 1560 2654 Fundum,
1595 2600 1867 2655 tartarum,
1891 2590 1932 2643 Ι.

427 2667 516 2719 94.
543 2665 684 2716 Vada
736 2665 976 2715 flanimea
1001 2705 1014 2718 .
1068 2663 1247 2714 merito
1288 2661 1533 2728 sulplmre
1576 2669 1858 2725 torquetur,
1891 2669 1940 2712 et

351 2737 592 2807 igne,qt_ti
622 2737 825 2807 calores
842 2736 924 2783 hic
945 2733 1146 2807 [mtidos
1175 2733 1394 2801 neglexit
1420 2741 1754 2796 contemnere,
1783 2729 1823 2782 l.

423 2802 712 2866 95.’Rotet,
745 2804 929 2864 volvat,
955 2802 1021 2859 1.,

422 2876 512 2931 97.
536 2869 665 2939 suo,
691 2874 989 2944 proprio.—
1010 2871 1160 2940 Regi,
1186 2871 1404 2938 Christo,
1437 2871 1476 2922 l.

2223 1687 2486 1810 G:adium,
2511 1688 2715 1760 gladius
2743 1691 2875 1743 enim
2901 1691 3106 1745 verbum
3138 1690 3232 1745 Dei
3267 1702 3361 1755 est,
3396 1701 3451 1744 ut
3478 1687 3615 1760 Αρὸ-

2033 1768 2192 1809 stotus
2217 1799 2231 1819 ,
2263 1768 2304 1812 Ι.

2110 1829 2231 1882 100.
2256 1829 2456 1892 Abluit,
2492 1829 2836 1894 paenitentiam
2867 1847 3115 1899 agens.—-—
3133 1830 3412 1894 infectum,
3442 1849 3615 1884 macu-

2035 1898 2214 1951 latum.
2239 1899 2528 1964 -—Sanies,
2556 1900 2866 1966 impossibile
2900 1898 2973 1954 est
3003 1911 3056 1952 ut
3098 1902 3368 1954 humanam
3399 1913 3615 1954 mentem

2036 1985 2221 2020 carnea
2255 1969 2510 2040 fragilitas
2552 1986 2652 2022 non
2697 1972 2958 2034 obscuret;
2996 1973 3084 2023 sed
3113 1973 3230 2024 inde
3261 1983 3372 2038 past
3403 1973 3617 2024 solidius

2036 2040 2253 2107 assurgit
2282 2041 2333 2092 in
2374 2041 2872 2108 contemplationem,
2905 2058 3002 2110 quo
3028 2043 3339 2108 inﬁrmitatis
3365 2058 3469 2096 suw
3510 2058 3618 2096 me-

2034 2124 2145 2160 mor
2172 2125 2432 2178 nunquam
2463 2111 2674 2178 inﬂatur
2701 2126 2764 2162 ex
2789 2112 2920 2165 bono
2946 2128 3194 2181 opere.—
3210 2111 3351 2166 Rere
3383 2114 3612 2177 rubenti,

2037 2181 2281 2245 sanguine
2310 2181 2481 2244 rubro,
2509 2182 2542 2234 I.

2112 2251 2234 2304 101.
2261 2250 2518 2314 Nitidum,
2547 2249 2917 2316 splendentem,
2942 2250 2982 2303 1.

2118 2319 2237 2390 108.
2266 2321 2342 2373 Ex
2355 2322 2483 2388 piat,
2503 2321 2737 2373 mundat.
2761 2349 2830 2360 —
2847 2321 3047 2381 Aciem.
3073 2319 3210 2388 ipsas
3242 2321 3488 2390 siquidem
3519 2338 3616 2374 ma-

2043 2389 2183 2461 culas
2209 2392 2528 2460 cogitationis
2557 2390 2758 2459 ﬂetibus
2783 2391 2943 2444 abluit
2970 2391 3068 2460 pia:
3105 2389 3524 2461 compunctionis.
3547 2419 3616 2434 —-

2047 2459 2301 2522 Lavacro,
2330 2461 2598 2524 baptismo,
2632 2461 2672 2514 l.

2118 2530 2240 2584 105.
2264 2530 2519 2593 Abolens,
2548 2532 2741 2595 lavms,
2777 2529 2816 2585 1.

2119 2601 2240 2654 104.
2266 2601 2482 2670 Hostilis
2508 2601 2695 2668 jugali,
2719 2601 3160 2670 concupiscentia,
3187 2602 3226 2654 1.

2118 2671 2238 2724 105.
2259 2669 2524 2731 Condere,
2557 2670 2885 2733 abscondere,
2922 2671 3244 2723 intentionem
3274 2672 3462 2724 scilicet
3492 2672 3615 2722 casti

2043 2741 2286 2807 propositi
2315 2756 2413 2791 non
2435 2741 2538 2791 vult
2583 2741 2772 2800 celari;
2813 2756 2911 2791 non
2945 2739 3047 2792 vult
3077 2741 3172 2792 sibi
3224 2743 3488 2799 ronmtitti.
3529 2743 3614 2793 sed

2046 2808 2190 2873 Deo;
2229 2819 2281 2862 ut
2311 2810 2497 2874 luceat,
2529 2819 2575 2862 et
2607 2809 2938 2880 gloriﬁcetur.
2980 2825 3081 2862 non
3113 2810 3236 2875 ipse,
3266 2812 3353 2863 sed
3384 2810 3537 2874 Deus,
3572 2811 3610 2864 l.

1687 2957 2250 3015 COMMENTARIUS.

424 3057 518 3112 87.
558 3053 828 3109 Hemsiani
854 3053 1059 3121 scripti,
1085 3051 1678 3122 Alex.,Ang.,Weitz.,
1703 3049 1919 3122 Vienn.,
1951 3051 1995 3111 C
2054 3121 2057 3122 ν
2097 3051 2191 3106 98.
2221 3050 2360 3105 Beda
2407 3051 2476 3106 de
2525 3053 2655 3106 Arte
2685 3051 2904 3105 metrica
2951 3051 3092 3105 hunc
3121 3066 3333 3105 versum
3367 3054 3512 3106 citat.
3558 3062 3613 3107 et

355 3127 508 3189 Rat.,
540 3126 698 3189 Man,
731 3124 872 3178 Vatt.
905 3126 967 3190 C,
1001 3123 1072 3184 F,
1101 3123 1144 3177 (Ξ
1169 3163 1185 3186 ,
1223 3124 1368 3178 Sich.
1398 3132 1451 3175 et
1471 3121 1579 3185 alii,
1611 3121 1748 3188 quod
1793 3122 1925 3173 victa

350 3201 514 3262 iaces,
545 3210 703 3263 quam
733 3196 1010 3248 lectionem
1060 3192 1305 3246 Barthius
1347 3207 1412 3245 ex
1461 3192 1572 3246 suis
1604 3191 1929 3263 membranis

348 3261 694 3336 prml’erébat.
736 3264 837 3318 Alii
884 3265 1048 3336 queis,
1079 3264 1163 3316 vel
1194 3264 1308 3332 quis
1341 3263 1474 3336 victa
1491 3263 1654 3331 jaces.
1700 3262 1758 3314 ln
1807 3261 1925 3314 Vat.

349 3333 394 3392 ἰ]
425 3337 678 3390 mendum
707 3344 791 3387 est
819 3333 1072 3386 luculenta
1100 3348 1192 3397 pro
1221 3333 1491 3386 lutulenta.

425 3407 516 3460 88.
558 3409 694 3471 Ang.
723 3415 777 3459 et
809 3404 928 3456 ‘iat.
959 3402 1019 3465 C,
1053 3403 1275 3470 poteris;
1305 3402 1396 3455 sed
1431 3403 1482 3455 in
1518 3403 1634 3456 Vat.
1663 3402 1703 3455 C
1735 3401 1928 3454 abrasa

349 3488 477 3529 sunt
515 3477 716 3544 priora.
770 3474 939 3525 ltitiam
969 3476 1018 3525 in
1055 3474 1195 3544 Vat.
1219 3473 1258 3524 D
1288 3473 1534 3525 ahrasum
1583 3482 1664 3526 est
1709 3473 1924 3544 aliquid.

351 3546 491 3600 Vera
518 3542 692 3598 lectio
722 3553 804 3598 est
827 3544 956 3612 potis
984 3559 1056 3596 es.
1099 3542 1244 3608 Ald.,
1271 3543 1602 3611 perstringere
1625 3557 1645 3608 ;
1675 3543 1786 3607 alii,
1810 3558 1925 3611 per-

382 3633 598 3668 rinaere.

352 3617 758 3746 rr‘ggfrildus,
792 3681 1041 3735 Nebrissa
1072 3680 1265 3749 aliique
1295 3693 1504 3736 veteres
1530 3682 1680 3746 editi,
1711 3691 1763 3734 tu
1793 3696 1927 3746 prte-

353 3771 494 3818 ceps.
519 3757 585 3806 ad
616 3755 792 3806 mortis
826 3754 937 3814 iter,
967 3752 1105 3819 quod
1131 3752 1362 3817 eitplicat
1399 3751 1678 3813 Nebris-‘a,
1703 3766 1927 3820 prceceps

355 3827 533 3877 active
578 3839 677 3894 pro
714 3823 1070 3894 prtecipitans,
1112 3836 1205 3874 seu
1242 3822 1617 3894 pra’cipitanter
1642 3820 1925 3894 impellens.

355 3891 651 3947 l’everat'us
681 3894 924 3945 eamdem
955 3892 1232 3944 lectionem
1259 3893 1562 3950 contlrmat.
1592 3891 1710 3957 quia
1739 3905 1926 3952 magna

354 3964 598 4017 libidinis
628 3974 682 4015 et
709 3962 896 4014 mortis
937 3961 1218 4015 consensio
1257 3971 1368 4023 est;
1424 3961 1562 4028 quod
1594 3959 1928 4028 signiﬁcabat

353 4035 567 4101 priscus
597 4033 684 4086 ille
718 4031 1073 4101 Romanorum
1108 4031 1239 4082 ritus
1255 4030 1520 4101 vendendi
1547 4031 1596 4082 in
1618 4031 1731 4084 aade
1753 4029 1927 4101 Vene-

349 4099 430 4156 ris
460 4103 703 4155 Libitinae.
746 4116 804 4154 ea
852 4116 969 4169 quae
1011 4100 1077 4151 ad
1116 4100 1418 4169 sepulcrum
1475 4101 1825 4165 spectabant:
1861 4099 1928 4151 de

350 4188 464 4236 quin
507 4173 727 4224 consule
773 4168 1151 4223 KirChmanum
1190 4169 1256 4223 de
1307 4168 1440 4222 Fun.
1485 4171 1576 4223 lib.
1620 4186 1675 4232 ι,
1723 4183 1841 4230 cap.
1870 4169 1922 4220 9.

350 4241 528 4296 Codd.
574 4250 878 4294 constanter
915 4251 968 4291 tu
1005 4242 1275 4308 princeps.
1311 4239 1389 4292 sic
1425 4256 1455 4293 e
1495 4241 1690 4293 DOSIriS
1735 4241 1921 4303 Alex.,

351 4316 522 4378 Ang.,
557 4311 746 4364 Vienn.
772 4349 789 4374 ,
836 4309 1150 4379 Rat.,ﬁMaAr.
1183 4310 1295 4379 (ubi
1337 4317 1512 4362 tamen
1561 4320 1640 4362 est
1686 4309 1922 4378 princes,

349 4377 828 4466 gend_ose).‘Vatt.
865 4379 932 4444 ι),
968 4378 1038 4441 F,
1082 4377 1148 4466 ΟΔ,
1180 4377 1341 4466 ll,nL,
1375 4389 1432 4466 ut
1476 4379 1610 4466 alips
1661 4377 1922 4457 omittam.
1953 4407 2004 4466 υ

351 4447 628 4504 Εειηιάειη
670 4449 949 4503 lectionem
988 4455 1204 4501 tuentur
1254 4449 1501 4501 Barthius
1553 4450 1653 4503 loc.
1703 4447 1830 4509 cit.,
1873 4457 1928 4500 et

345 4519 658 4581 ,Becmanus
687 4521 740 4571 in
774 4518 1100 4574 Manuduet..
1123 4519 1188 4571 ad
1218 4517 1346 4586 ling.
1395 4518 1506 4571 Lat.
1541 4559 1556 4582 ,
1598 4534 1717 4585 cap.
1748 4518 1780 4570 6
1803 4562 1815 4576 .
1861 4532 1925 4570 ex

347 4589 471 4641 eod.
511 4589 662 4653 PaL,
703 4589 790 4655 qui
842 4589 1000 4641 etiam
1052 4586 1325 4641 Ciceronis
1355 4595 1513 4640 verba
1565 4588 1633 4640 de
1681 4587 1924 4640 Amicitia

351 4658 600 4726 producit
645 4677 657 4709 :
691 4659 845 4710 Amor
895 4659 1128 4727 princeps
1163 4667 1236 4710 est
1279 4659 1344 4710 ad
1385 4658 1777 4710 benevolentiam
1806 4673 1927 4709 con-

346 4729 688 4797 iungendam.
809 4796 814 4797 ν
1189 4767 1194 4770 ,
1218 4764 1220 4766 τ

425 4796 518 4852 90.
549 4799 780 4865 Uterque
807 4796 978 4861 Rott.,
1012 4799 1371 4849 commaculas.

424 4868 516 4922 91.
543 4868 691 4934 Ald.,
735 4868 842 4935 jam
873 4867 1089 4935 fervida,
1121 4867 1258 4935 quod
1298 4866 1663 4922 Nehrissensis
1712 4867 1932 4934 exponit

353 4936 422 5009 de
453 4937 677 4990 Veneris
704 4936 851 5009 ignea
885 4937 1313 5009 natura._C:rt_eri
1343 4938 1534 4990 melius
1555 4942 1670 5009 jam
1715 4937 1924 5009 frigida.

353 5005 472 5060 Non
503 5015 680 5060 tamen
716 5006 880 5074 probo
918 5006 1259 5058 Chamillardi
1288 5005 1801 5073 interpretationem,
1840 5007 1932 5059 fri-

359 5075 535 5142 gidam
585 5077 803 5140 vocari,
856 5077 976 5143 quia
1026 5075 1293 5129 crudelius
1333 5091 1594 5131 venenum
1619 5119 1632 5140 ,
1667 5091 1730 5130 ac
1761 5075 1929 5145 magis

361 5154 783 5211 prasentaneum
810 5145 1050 5213 frigidum
1076 5157 1177 5197 est.
1200 5146 1471 5198 Libentius
1497 5148 1653 5201 audio
1678 5149 1884 5199 Isonem
1914 5163 1924 5197 :

359 5213 762 5278 Fntctnsmicta,
785 5216 869 5267 vel
895 5217 1070 5280 potius
1095 5216 1334 5267 extincm.
1357 5216 1598 5284 Virgilius
1624 5233 1674 5270 tv
1689 5217 1883 5284 Georg.
1913 5232 1924 5266 :

353 5283 473 5339 Illa
499 5286 717 5358 guidem‘_
739 5285 917 5356 Stygia
949 5285 1098 5358 nabat
1141 5286 1247 5358 iam
1276 5283 1467 5358 {rigida
1489 5288 1708 5358 cymba.
1737 5285 1931 5338 Fraca-

357 5363 544 5425 s_torus
583 5354 927 5408 Prudentium
971 5357 1205 5425 imitatur
1235 5355 1284 5407 in
1316 5354 1564 5424 Syphilﬂ:
1590 5357 1730 5410 Abde
1753 5365 1927 5425 caput,

357 5422 580 5487 Benace,
614 5434 700 5477 tuo
731 5435 774 5476 et
802 5433 848 5476 te
868 5424 1025 5477 conde
1051 5427 1141 5477 sub
1163 5441 1328 5478 amne.

426 5492 522 5547 95.
554 5495 670 5548 Vat.
700 5493 761 5557 F,
791 5495 1042 5548 mendose
1071 5534 1084 5555 ,
1117 5495 1362 5562 sulﬁneus
1395 5511 1489 5563 pro
1518 5496 1841 5566 sulphureas.
1873 5495 1928 5550 In

357 5565 484 5620 Put.
519 5578 733 5632 semper
758 5565 1018 5628 solporeus
1039 5575 1092 5618 et
1116 5575 1282 5617 vertex
1308 5568 1582 5620 scribitur.

423 5635 715 5706 97.A_l3ong.
765 5642 820 5687 et
863 5633 1033 5706 Sich.,
1081 5633 1280 5687 Christo
1333 5650 1428 5702 pro
1472 5638 1597 5706 regi.
1639 5636 1694 5690 In
1727 5635 1924 5691 Erfurt.

349 5716 471 5762 erat
503 5702 704 5756 Christo
732 5718 824 5771 pro
854 5704 1046 5771 glossa.

2032 3121 2189 3175 docet
2231 3124 2299 3176 ita
2325 3131 2533 3176 veteres
2557 3122 2907 3189 pronuntiare
2925 3123 3266 3176 consuevisse
3283 3123 3608 3189 interefectae,

2032 3201 2089 3244 ut
2116 3193 2356 3257 dactylus
2386 3192 2569 3258 quinto
2595 3197 2743 3246 esset
2775 3192 2915 3245 loco.
2964 3192 3077 3246 Non
3124 3193 3391 3246 assentior
3431 3209 3447 3247 :
3491 3208 3611 3246 nam

2030 3263 2361 3329 antiquiores
2389 3263 2716 3331 grammatici
2746 3262 2946 3315 diserte
2969 3262 3203 3328 tradunt,
3227 3272 3604 3330 nonnunquam

2031 3333 2160 3386 sede
2191 3333 2370 3400 quinta
2397 3333 2706 3400 spondzenm
2736 3333 2787 3385 in
2813 3347 2967 3386 versu
3000 3333 3310 3385 hexametro
3337 3334 3609 3387 collocari.

2102 3402 2227 3457 100.
2253 3403 2307 3456 1η
2341 3403 2458 3456 Vat.
2483 3401 2522 3456 C
2546 3405 2700 3457 metri
2727 3415 2879 3455 error
2904 3410 3006 3460 est.
3032 3403 3113 3454 cui
3140 3403 3306 3455 sanies
3325 3418 3420 3471 pro
3445 3405 3611 3456 sanies

2031 3475 2136 3526 cui.
2171 3473 2224 3526 In
2254 3473 2375 3527 cod.
2412 3473 2661 3532 Piccarti.
2708 3473 2874 3524 sanies
2905 3472 2986 3524 cui
3013 3487 3120 3535 ore,
3151 3473 3290 3540 quod
3320 3473 3609 3527 defendere

2029 3543 2240 3597 videtur
2268 3543 2540 3598 Piccartus
2573 3545 2778 3596 ratione
2820 3544 3021 3607 hiatus;
3064 3542 3326 3594 sententia
3357 3558 3482 3594 vero
3511 3557 3606 3611 pa-

2029 3615 2132 3665 scit
2177 3615 2259 3666 cui
2288 3629 2422 3677 rore,
2469 3613 2568 3667 nisi
2621 3613 2703 3664 cui
2749 3613 3013 3666 referatur
3058 3611 3122 3665 ad
3153 3613 3470 3676 pudicitiam.
3502 3616 3610 3665 Cur

2027 3693 2203 3734 autem
2236 3683 2484 3736 Jordanis
2516 3686 2567 3736 in
2596 3683 2752 3736 undis
2796 3682 3042 3747 pudicitia
3085 3681 3313 3736 ablucrit
3342 3683 3602 3749 gladium,

2031 3761 2262 3875 gaéetuex
2295 3755 2536 3805 versibus
2566 3768 2717 3821 seqq.
2748 3762 2797 3805 et
2829 3768 2898 3807 ex
2931 3761 3045 3807 not.
3067 3752 3132 3805 ad
3161 3767 3304 3807 vers.
3323 3753 3389 3806 (iis
3423 3753 3605 3822 hymni

2140 3840 2163 3870 a
2213 3837 2338 3875 tem.

2028 3823 2064 3874 2
2093 3823 2338 3875 Cathem.

2102 3892 2222 3946 105.
2249 3891 2408 3960 Ang.,
2456 3892 2686 3944 ultricem
2732 3905 2828 3958 pro
2875 3892 3166 3957 victricem;
3210 3891 3436 3945 fortasse
3478 3906 3604 3945 vera

2029 3971 2113 4016 est
2139 3963 2293 4015 lectio
2319 3961 2570 4015 ultricem.

2104 4032 2224 4086 105.
2251 4031 2391 4095 Ald.,
2420 4034 2622 4101 vagina.
2655 4029 2754 4082 Alii
2788 4029 3045 4101 plerique,
3076 4030 3296 4101 vaginae.
3329 4029 3598 4082 Giselinus

2027 4102 2063 4155 2
2090 4101 2220 4156 edit.
2265 4098 2506 4154 ediderat
2533 4101 2763 4168 vagina},
2811 4098 2902 4152 sed
2935 4100 2984 4152 in
3018 4098 3438 4152 correctionibus
3478 4115 3604 4160 sup-

2030 4172 2206 4240 posuit
2229 4172 2430 4238 vagina.
2465 4171 2609 4225 Idem
2638 4168 2926 4232 Giselinns,
2973 4187 3034 4222 ne
3061 4171 3210 4222 sorde
3239 4170 3414 4222 latenti
3439 4168 3604 4221 Occu-

2028 4239 2379 4313 petqablutum
2407 4241 2587 4312 rubigo
2615 4239 2792 4313 scabra
2811 4241 3067 4313 Anitorem.
3102 4240 3345 4293 Heinsius
3376 4252 3478 4313 non
3510 4240 3605 4313 in:

2031 4309 2219 4380 telligit
2242 4326 2342 4380 qua
2375 4309 2688 4364 auctoritate
2720 4310 2770 4362 id
2803 4309 2912 4371 ﬁat,
2940 4326 3058 4380 cum
3089 4325 3275 4362 omnes
3311 4311 3390 4362 sui
3419 4309 3599 4378 scripti

2030 4392 2083 4435 et
2110 4379 2392 4434 Weitziani
2437 4391 2745 4434 constanter
2782 4394 2901 4431 cum
2932 4379 3066 4431 Aldo
3095 4381 3343 4442 habeant,
3379 4396 3440 4432 ne
3469 4388 3598 4432 tecta

2029 4451 2206 4519 rubigo
2232 4451 2451 4521 Occupet
2475 4452 2700 4503 ablutum
2729 4448 2971 4521 scabrosa
2987 4450 3139 4501 sorde
3161 4452 3398 4521 nitorem.
3433 4449 3601 4502 Aldus

2032 4518 2168 4575 male
2193 4518 2466 4589 distinguit
2495 4537 2556 4573 ne
2583 4530 2711 4589 tecta
2740 4518 2918 4589 rubigo
2953 4520 3198 4586 Occupet.
3223 4519 3464 4572 Ablutum
3485 4535 3603 4570 sca-

2031 4591 2180 4644 brosa
2217 4587 2379 4644 sorde'
2406 4591 2616 4642 nitorem
2648 4587 2912 4659 Catholica
2943 4589 2995 4640 in
3031 4590 3218 4659 templo
3247 4590 3403 4659 divini
3447 4590 3604 4658 fontis

2031 4662 2099 4712 ad
2132 4677 2275 4713 aram
2314 4659 2606 4714 Consecrat.
2643 4658 2881 4711 Giselino
2911 4673 3014 4711 non
3045 4658 3237 4726 placuit
3270 4658 3385 4713 lucc
3417 4660 3598 4720 lectio,

2030 4742 2081 4785 et
2112 4746 2228 4784 cum
2258 4731 2438 4800 rubigo
2470 4729 2605 4800 apud
2639 4729 2812 4794 ipsum
2839 4728 3184 4800 Prudentium
3212 4730 3347 4800 alibi
3371 4738 3424 4782 et
3454 4728 3592 4800 apud

2030 4804 2161 4852 alios
2183 4798 2404 4868 primam
2430 4798 2705 4865 producat,
2720 4812 2932 4851 carmen
2956 4799 3062 4852 alio
3085 4800 3244 4853 modo
3269 4799 3600 4860 reformavit,

2031 4871 2192 4922 donec
2232 4869 2576 4934 manuscripti,
2612 4869 2820 4935 inquit,
2866 4883 3036 4921 veram
3075 4869 3340 4921 lectionem
3367 4869 3599 4921 restitue-

2029 4941 2152 4991 rint.
2196 4938 2370 4991 Nostri
2403 4952 2589 4992 omnes
2619 4938 2772 5002 Mar.,
2817 4938 2961 5005 Rat.,
2997 4939 3212 5001 Vienn.,
3243 4941 3420 5002 Alex.,
3454 4937 3596 4988 Vatt.

2029 5009 2093 5071 C,
2138 5008 2200 5071 D,
2249 5007 2307 5070 F,
2350 5008 2415 5071 G,
2445 5007 2511 5070 Η,
2557 5008 2616 5072 L,
2663 5009 2864 5060 llonon.
2892 5018 2946 5061 et
2973 5012 3107 5074 Ang.
3144 5008 3342 5062 habent
3368 5023 3428 5059 ne
3474 5013 3601 5057 tecta

2029 5078 2206 5147 rubigo
2231 5076 2451 5143 Occupet
2476 5077 2702 5130 ablutum
2727 5079 2964 5131 scabrosa
2985 5079 3132 5131 sorde
3151 5080 3382 5130 nitorem.
3409 5077 3460 5147 In
3487 5076 3602 5126 solo

2031 5145 2160 5201 Vat;
2188 5149 2231 5199 l)
2259 5158 2342 5201 est
2369 5148 2526 5201 lectio
2552 5163 2670 5216 qum
2699 5147 2936 5201 Giselino
2967 5151 3127 5213 favet,
3161 5164 3221 5199 ne
3250 5147 3398 5216 sorde
3423 5145 3599 5196 latenti

2034 5217 2252 5286 Occupet
2275 5219 2500 5270 ablutum
2525 5219 2703 5286 rubigo
2727 5218 2963 5270 scabrosa
2990 5219 3221 5270 nitorem.
3248 5216 3343 5286 Ubi
3378 5215 3601 5268 fortasse

2031 5297 2114 5342 est
2156 5284 2404 5341 tuendum
2432 5284 2666 5341 scabrosa
2698 5302 2792 5355 pro
2822 5291 3021 5347 scabra,
3049 5287 3145 5339 nisi
3200 5284 3352 5339 malis
3398 5294 3598 5355 utram-

2031 5372 2134 5425 que
2176 5358 2370 5425 corripi
2421 5375 2453 5408 u
2497 5369 2551 5412 et
2593 5359 2611 5410 i
2658 5354 2708 5427 in
2759 5358 2958 5427 rubigo.
2992 5357 3251 5427 Caeterum
3301 5354 3602 5427 communis

2032 5422 2191 5480 lectio
2223 5422 2496 5480 retinenda
2539 5438 2642 5481 est.
2673 5426 2809 5490 Quid
2843 5422 2984 5479 enim
3034 5422 3278 5492 prohibet
3308 5463 3322 5485 ,
3374 5425 3599 5488 primam

2030 5497 2082 5549 in
2112 5497 2289 5566 rubigo
2314 5511 2434 5550 esse
2448 5511 2796 5566 communem
2819 5496 2840 5546 ?
2867 5498 2908 5547 A
2938 5493 3157 5566 martiali
3187 5494 3474 5566 corripitur
3500 5492 3595 5546 lib.

2030 5581 2088 5630 tt,
2115 5562 2285 5635 epig'r.
2313 5566 2400 5624 61.
2438 5565 2608 5619 Uteris
2638 5581 2724 5617 ore
2753 5567 2920 5635 aliter,
2961 5562 3218 5628 nimiaque
3258 5564 3489 5635 rubigine
3518 5578 3598 5635 ca-

2031 5632 2185 5701 pttts',
2217 5632 2286 5688 'ct
2315 5637 2396 5688 .ah
2424 5635 2619 5689 Ovidio
2663 5648 2754 5687 vnt
2805 5633 3016 5684 Metam.
3051 5645 3198 5685 vers.
3249 5632 3388 5697 805,
3434 5632 3602 5685 Labra

2032 5708 2214 5758 incana
2261 5710 2360 5758 situ
2387 5749 2400 5773 ,
2449 5705 2724 5770 scabraque
2760 5701 2988 5771 rubigine
3034 5701 3226 5758 dentes.
3286 5705 3407 5759 Scio
3468 5701 3603 5754 alios
