4154 6188
397 301 471 353 37
1757 299 2298 354 PSYCIIOMACHIA.
3579 307 3650 364 58

573 408 732 462 Forte
761 421 854 476 per
878 407 1074 462 eﬂ'usas
1103 410 1280 463 iullata
1321 409 1580 478 Superbia
1621 417 1823 463 turmas

573 494 770 550 Ell'reui
803 495 1059 550 volitabat
1089 510 1256 564 equo,
1287 511 1442 564 quem
1477 497 1614 565 pelle
1636 496 1805 551 leonis

434 589 536 644 180
572 585 820 652 Teserat,
845 597 900 640 et
923 587 1122 641 validos
1155 587 1292 641 villis
1321 602 1642 643 oneraverat
1669 605 1850 644 armos
1881 608 1894 642 :

571 679 686 744 Quo
714 693 774 732 se
803 677 931 732 fulta
955 677 1404 746 jubisjactantius
1435 680 1522 733 illa
1549 679 1738 734 ferinis

569 768 813 832 luterret,
847 769 1050 822 tumido
1069 769 1384 838 despectans
1411 771 1620 840 agmina
1641 771 1774 825 fastu
1791 811 1804 834 ,

573 859 843 912 Turritum
867 859 1023 913 tortis
1050 869 1207 926 caput
1231 862 1588 914 accumularat
1616 861 1668 914 in
1693 861 1861 914 altum

575 950 736 1020 606
761 948 1012 1006 Crinibus
1034 991 1051 1018 ,
1091 962 1394 1006 exstructus
1439 961 1663 1023 angeret
1707 963 1764 1007 ut
1793 953 1972 1006 addita

1703 1042 1902 1113 [cirros

437 1134 463 1187 1
474 1133 544 1188 85
580 1131 886 1202 Congeries,
903 1131 1212 1202 celsumque
1229 1133 1432 1202 apicem
1449 1133 1598 1189 l‘rous
1611 1135 1774 1190 ardua
1789 1137 1970 1190 ferret.

582 1223 842 1278 Carbasea
863 1238 930 1279 ex
953 1224 1188 1278 humeris
1208 1239 1418 1280 summo
1440 1227 1664 1282 collecta
1691 1229 1866 1284 coibat

578 1315 716 1368 Palla
743 1315 864 1368 sinu
892 1357 906 1379 ,
939 1323 1160 1368 teretem
1203 1325 1424 1370 nectens
1451 1332 1481 1369 a
1508 1327 1724 1385 pectore
1749 1319 1964 1373 nodum.

576 1415 620 1467 A
651 1413 860 1466 cervice
903 1410 1075 1464 ﬂuens
1096 1413 1238 1464 tenui
1270 1411 1535 1466 velamine
1563 1413 1760 1467 limbus

575 1500 820 1570 Concipit
847 1501 1080 1570 ingestas
1107 1502 1268 1556 textis
1291 1503 1628 1571 turgentibus
1651 1499 1844 1558 aurasi

1995 420 2048 477 Α
2113 410 2214 464 190
2251 409 2358 463 Nec
2383 409 2815 464 minus-instabili
2843 425 3058 480 sonipes
3081 411 3290 470 feritate
3317 415 3576 483 superbit,

2252 502 2535 570 impatiens
2557 501 2783 555 madidis
2814 503 3071 558 frenarier
3097 519 3190 560 ora
3221 505 3438 574 lupatis.

2253 595 2384 656 l’lnc,
2415 594 2540 647 illuc
2571 593 2818 647 frendens
2843 595 3071 650 obvertit
3095 607 3260 666 terga,
3291 608 3477 668 negata

2245 685 2403 755 607
2433 685 2698 738 Libertate
2727 685 2886 754 fugae,
2936 686 3246 755 pressisque
3277 690 3522 744 tumescit
3550 689 3647 744 Ita-

3403 780 3573 834 benis.

3403 780 3502 832 ben

2255 865 2362 918 lloc
2388 879 2508 919 sese
2529 873 2807 918 ostentans
2837 865 3018 918 habitu
3047 875 3266 920 ventosa
3299 777 3504 936 viritgo,

2253 953 2394 1007 Inter
2437 965 2720 1022 utramque
2750 955 2917 1008 aciem
2949 949 3332 1024 supereminet,
3374 969 3428 1012 et
3468 962 3648 1028 phale-

3384 1049 3578 1120 [latum

2251 1132 2630 1188 Circumﬂertit
2655 1149 2872 1203 equum,
2891 1135 3164 1204 vultuque,
3181 1146 3236 1192 et
3251 1154 3380 1194 voce
3401 1141 3648 1208 minatur,

2252 1225 2548 1280 Adversum
2575 1233 2824 1292 spectans
2845 1241 3072 1280 cuneum
3099 1243 3294 1298 :quem
3321 1229 3488 1286 milite
3509 1249 3650 1301 raro,

2257 1321 2322 1374 Et
2351 1320 2680 1390 paupertinis
2704 1321 2766 1372 ad
2795 1321 2932 1374 bella
2959 1331 3208 1391 coegerat
3237 1326 3401 1378 armis

2253 1412 2400 1466 Mens
2427 1411 2640 1464 Immitis
2663 1427 2678 1464 :
2700 1411 2882 1480 regina
2907 1412 3146 1479 quidem,
3174 1414 3267 1467 sed
3303 1429 3465 1484 egens
3494 1417 3650 1478 alieni

2075 1501 2182 1556 9.00
2259 1500 2484 1566 Auxilii,
2513 1501 2728 1569 pr0prio
2759 1515 2856 1554 nec
2883 1510 2964 1554 sat
2991 1501 3188 1556 conlisa
3215 1515 3422 1572 paratu,

2079 956 2180 1010 13.5

1707 1592 1993 1649 GLOSSE
2035 1591 2371 1646 VETERES.

473 1685 594 1759 181.
624 1685 758 1759 Quo,
787 1695 862 1740 ut.
887 1716 954 1724 —
975 1684 1148 1759 Eolla,
1171 1687 1296 1739 alta.
1313 1714 1384 1759 —_-
1409 1685 1636 1752 Ferinis,
1662 1687 1852 1754 ferinus
1879 1705 1966 1740 su-
1999 1690 2042 1748 Β
2070 1688 2141 1739 tio
2170 1697 2262 1748 est,
2293 1693 2339 1737 et
2371 1692 2528 1759 potest
2548 1685 2834 1759 subaudiri,
2855 1684 2934 1738 vel
2955 1685 3162 1750 habens,
3192 1690 3538 1759 participium,
3561 1697 3640 1748 vel

403 1757 586 1824 perbia:
613 1757 814 1808 habitus
835 1799 849 1822 ,
879 1771 938 1808 ac
964 1756 1208 1824 femineus
1250 1757 1440 1825 pariter
1465 1798 1480 1819 ,
1511 1764 1558 1808 et
1595 1759 1840 1826 equestris
1879 1759 1967 1810 de-

403 1827 656 1890 scribitur,
685 1835 740 1877 ut
761 1827 823 1878 ab
846 1831 1069 1877 humano
1089 1841 1246 1888 more,
1266 1826 1320 1876 id
1349 1835 1442 1886 est,
1473 1843 1503 1878 a
1529 1827 1725 1880 rulime
1752 1827 1966 1894 degene-

403 1911 543 1948 rasse
561 1895 802 1960 superbos
833 1895 1142 1958 ostenderet,
1169 1896 1256 1948 sed
1287 1911 1445 1965 neque
1465 1897 1648 1950 virtute
1666 1899 1822 1965 fortes
1839 1940 1850 1960 ,
1881 1914 1972 1950 nec

401 1966 582 2017 suimet
604 1973 856 2032 compotes
880 2005 894 2026 ,
927 1965 968 2017 l.

473 2033 598 2088 182.
633 2036 812 2096 Fastu,
838 2033 1095 2102 superbia,
1124 2033 1162 2086 Ι.

477 2103 599 2156 185.
631 2105 1022 2166 Accumularat,
1057 2113 1308 2168 erexerat,
1335 2103 1372 2156 Ι.

475 2172 600 2226 185.
634 2174 830 2236 Ardua,
854 2175 981 2234 alta,
1013 2174 1049 2226 Ι.

475 2243 599 2296 186.
632 2243 924 2304 Carbasea,
956 2243 1212 2312 candida;
1259 2243 1549 2306 carbasum,
1593 2259 1750 2312 genus
1795 2243 1971 2312 optimi

404 2312 896 2393 lini.A:—_Summo,
929 2313 1078 2393 pleno
1099 2351 1114 2374 ,
1139 2311 1176 2363 Ι.

477 2381 602 2435 189.
633 2381 896 2450 lngestas,
925 2380 1178 2434 immissas
1203 2421 1219 2446 ,
1261 2380 1338 2434 vel
1369 2381 1598 2449 infestas.
1647 2409 1718 2419 —
1757 2381 1968 2446 Testis,

403 2453 706 2505 vestimentis
725 2492 740 2517 ,
773 2451 810 2504 1.

477 2521 600 2575 190.
649 2521 757 2602 Nec
805 2521 1010 2602 minus,
1055 2519 1290 2602 superbia
1340 2521 1546 2590 equitat.
1598 2550 1669 2560 —
1721 2518 1971 2590 Sonipes,

406 2607 558 2661 equus
576 2607 596 2654 ;
615 2591 736 2658 quia
755 2591 966 2660 pedibus
989 2589 1156 2654 sonat,
1178 2589 1218 2644 Ι.
1380 2589 1387 2590 ί
1860 2589 1867 2590 “

438 2731 450 2737 _
479 2660 601 2737 191.
637 2659 946 2737 Frenarier,
976 2663 1173 2737 frenata
1202 2674 1342 2737 εδει».-
1367 2687 1435 2696 —
1459 2658 1564 2737 _Ora
1585 2658 1978 2737 ,‘quando-pas-

407 2731 498 2784 sivi
516 2729 714 2800 generis
741 2728 888 2784 verbo
917 2727 1234 2782 accusativus
1255 2729 1574 2800 adjungitur,
1595 2727 1818 2796 ﬁgurata
1837 2728 1978 2780 loeu-

2078 1773 2186 1824 pcr,
2211 1755 2532 1832 praepositio;
2561 1767 2614 1806 ut
2639 1757 2827 1810 habens
2859 1773 2948 1808 ora
2973 1799 2988 1824 ,
3029 1773 3119 1826 per
3145 1773 3256 1812 ora.
3287 1789 3357 1799 —
3377 1755 3604 1832 Lupa-tis
3625 1805 3642 1830 ,

2080 1843 2224 1878 canto
2239 1867 2252 1888 ,
2291 1827 2326 1880 I.

2153 1897 2277 1966 195.
2312 1895 2562 1966 "ahenis,
2592 1897 2849 1964 capistris,
2877 1897 2915 1950 Ι.

2307 1966 2438 2038 lloc,
2468 1965 2702 2038 superbia
2727 1968 3062 2019 comminatur
3091 1967 3270 2036 turbis,
3305 1969 3345 2022 1.

2151 2035 2274 2090 195.
2303 2035 2466 2102 inter,
2498 2035 2800 2093 humilitatis
2827 2049 2872 2088 et
2892 2038 3156 2103 superbiae.
3183 2035 3262 2078 -⁷
3283 2039 3643 2106 Phaleratum,

2081 2117 2336 2179 Ornatam,
2357 2119 2404 2161 et
2435 2111 2638 2179 proprie
2665 2108 2732 2158 ad
2758 2123 2955 2179 equum
2967 2109 3201 2175 pertinet,
3235 2108 3274 2161 1.

2149 2176 2271 2228 197.
2304 2176 2624 2238 Adversum,
2651 2186 2826 2229 contra
2849 2177 3098 2240 positum;
3123 2179 3452 2242 contrarium,
3486 2189 3532 2233 et
3562 2181 3644 2234 hic

2077 2261 2255 2298 nomen
2284 2261 2354 2300 est
2390 2245 2817 2317 adjectivumaid
2857 2254 2947 2317 est,
2990 2249 3298 2317 contrarium
3336 2250 3430 2301 sibi
3470 2251 3646 2303 videns

2074 2317 2312 2392 superbia
2341 2315 2554 2392 cuneum
2598 2315 2918 2392 humilitgtis.
2947 2345 3016 2354 —
3041 2315 3320 2392 _S_pectans,
3351 2320 3646 2392 circumspi-

2077 2379 2230 2438 ciens.
2261 2418 2332 2428 ——
2360 2389 2621 2452 Cuneum,
2652 2379 2920 2450 populant,
2941 2415 3019 2455 W—
3047 2385 3208 2450 liaro,
3241 2404 3429 2455 pauco,
3465 2391 3502 2444 Ι.

2152 2455 2272 2526 198.
2307 2457 2582 2526 Coegerat,
2611 2457 2904 2526 collegerat,
2936 2454 2976 2508 l.

2153 2525 2272 2579 199.
2303 2524 2445 2581 Mens
2471 2527 2705 2590 humilis,
2727 2524 2988 2576 humilitas
3010 2525 3115 2577 sine
3139 2541 3227 2592 spe
3249 2535 3382 2579 caret
3409 2537 3644 2581 constan~

2080 2597 2150 2647 tia
2171 2610 2189 2655 ;
2214 2606 2262 2649 et
2291 2598 2403 2649 ideo
2432 2607 2550 2649 tunc
2571 2597 2720 2648 etiam
2748 2611 2846 2646 non
2873 2595 2964 2646 erit
2993 2596 3171 2660 virtus,
3202 2596 3290 2650 sed
3311 2597 3486 2650 vitium
3510 2611 3532 2652 :
3550 2599 3646 2652 erit

2081 2665 2213 2716 enim
2232 2666 2646 2736 pusillanimitas.
2671 2693 2742 2704 -—
2763 2664 2986 2732 Regina,
3013 2673 3142 2727 erat,
3173 2664 3213 2718 l.

1768 2819 2325 2876 COMMENTARIUS.

409 2914 738 2980 tinguerc:N
745 2915 850 2967 ulla
891 2929 1074 2980 anceps
1097 2911 1350 2966 luctamen
1378 2912 1470 2964 init
1493 2913 1674 2964 virtute
1698 2912 1808 2966 sine
1833 2913 1930 2965 ista
1961 2928 1980 2966 :

416 2985 590 3038 Virtus
620 3000 738 3036 nam
767 2985 919 3036 vidua
937 2993 1011 3036 est
1036 2999 1186 3051 quam
1227 2998 1327 3034 non
1357 2982 1600 3050 patientia
1629 2981 1820 3049 firmat.
1855 2982 1982 3036 Post

407 3054 550 3106 hunc
579 3069 788 3107 versum
806 3052 986 3106 titulus
1006 3063 1084 3106 est
1107 3054 1158 3106 in
1189 3051 1325 3105 Aldo
1345 3091 1360 3114 ,
1385 3051 1648 3120 Superbus
1673 3062 1720 3106 et
1751 3051 1980 3105 Humili-

2091 2915 2175 2974 15,
2205 2923 2334 2966 tom.
2365 2913 2438 2974 ll,
2467 2912 2535 2967 de
2563 2911 2902 2978 inscriptione
2921 2951 2939 2976 ,
2964 2897 3120 2980 quam
3150 2909 3264 2977 ipse
3283 2911 3544 2979 explicat,
3593 2923 3652 2970 et

2087 2983 2157 3036 ita
2185 2983 2313 3052 legit
2343 3001 2355 3035 :
2385 2983 2606 3046 Gname,
2651 2981 2869 3036 Pierinis
2904 2979 3122 3052 ancjlla,
3151 2982 3384 3034 ornatrix
3415 2983 3551 3036 elata
3574 2995 3650 3038 est

2083 3063 2202 3124 ante
2241 3046 2382 3106 diem
2417 3055 2651 3124 quintum,
2681 3052 2920 3124 calendas
2962 3046 3270 3124 Februarias
3291 3089 3327 3124 ,_
3338 3052 3655 3124 imperatore

405 3126 526 3176 tatis
561 3140 752 3193 prsgna.
806 3123 866 3193 in
909 3122 1220 3193 Viennensi,
1277 3113 1353 3193 ρε
1388 3113 1560 3193 duello
1597 3119 1914 3193 humilitatis
1933 3131 1982 3174 et
2009 3113 2054 3176 C
2084 3119 2282 3176 Ca'sare
2310 3113 2515 3193 tertium
2541 3123 2790 3193 decimum
2813 3119 3031 3193 ,_Marco
3055 3117 3260 3174 Plautio
3289 3113 3500 3193 §ilvano
3530 3139 3652 3176 con-

407 3189 696 3260 saperbié:
743 3193 796 3246 ln
839 3191 958 3244 Rat.
989 3203 1044 3246 et
1081 3191 1245 3255 Man,
1279 3189 1555 3259 Superbia.
1606 3189 1662 3244 ιιι
1693 3191 1836 3254 aliis,
1879 3191 1984 3245 Su-

407 3264 582 3328 perbia
609 3271 654 3314 et
681 3262 961 3314 humilitas.

477 3333 602 3386 178.
619 3331 820 3399 Widm.
843 3341 896 3385 et
918 3334 972 3384 in
995 3329 1304 3399 quibusdam
1333 3331 1476 3398 vulg.
1505 3329 1570 3384 ad
1593 3345 1756 3399 marg.
1775 3340 1980 3396 ,morte;

409 3402 522 3464 alii,
553 3402 702 3465 forte,
724 3402 864 3470 quod
891 3415 1072 3470 verum
1111 3401 1340 3470 videtur,
1367 3399 1638 3468 magisque
1664 3403 1898 3466 elegans.

480 3471 606 3524 179.
633 3471 848 3536 Vieun.,
874 3469 1442 3536 elfreno;alii,elfreni,
1475 3471 1612 3537 quod
1641 3469 1974 3524 retinendum

409 3552 535 3594 est:
594 3541 842 3610 quamvis
891 3541 1032 3610 enim
1079 3539 1339 3610 (laedam,
1369 3539 1669 3608 hujusmodi
1718 3539 1975 3610 vocabula

411 3607 635 3674 utroque
667 3609 825 3662 modo
853 3609 1204 3678 proferantur,
1239 3619 1294 3661 ut
1323 3607 1566 3674 inermus,
1591 3609 1814 3672 inermis,
1839 3607 1972 3662 hila-

409 3696 518 3742 rus,
547 3679 752 3740 hilaris,
776 3689 949 3733 tamen
975 3679 1104 3731 nihil
1133 3693 1326 3732 novum
1351 3688 1552 3733 temere
1579 3687 1660 3732 est
1689 3680 1975 3732 admitten-

411 3751 560 3805 dum.
591 3749 857 3803 Giselinus
888 3749 1108 3816 margini
1139 3747 1332 3815 adjecit
1357 3747 1565 3811 eﬂ'reno.

479 3819 602 3873 180.
633 3819 774 3882 Gis.,
805 3828 1084 3881 ornaverat,
1103 3817 1240 3885 quod
1272 3832 1304 3872 e
1322 3833 1418 3871 suo
1433 3832 1534 3870 ms.
1560 3817 1768 3870 videtur
1786 3832 1979 3885 appro-

409 3889 534 3942 bare
565 3889 858 3950 Piccartus,
880 3888 1107 3940 adducto
1133 3890 1248 3940 loco
1275 3887 1442 3940 Plauti
1471 3928 1486 3950 ,
1520 3887 1830 3940 Ornamenta
1855 3887 1977 3956 Aja-

409 3959 500 4011 cis.
529 3959 759 4012 Pulchre
780 3957 1021 4024 superbia
1053 3972 1188 4024 equo
1218 3957 1452 4012 insidens
1476 3956 1824 4011 describitur:
1860 3957 1979 4010 uul-

413 4028 522 4081 lum
550 4028 691 4082 enim
725 4026 918 4080 animal
945 4041 1080 4093 equo
1109 4026 1319 4079 elatius.

483 4097 606 4152 181.
641 4097 832 4150 Vienn.
860 4103 916 4150 et
938 4094 1072 4163 Aug.
1097 4136 1112 4160 ,
1135 4095 1465 4166 jactantibus.
1519 4095 1619 4148 Alii
1651 4095 1871 4162 melius,
1891 4097 1975 4164 ja-

410 4168 652 4221 ctantius.

483 4236 604 4293 183.
635 4235 798 4290 Vides
831 4245 1064 4289 veterem
1103 4233 1537 4288 consuetudinem
1569 4235 1790 4288 ornandi
1813 4237 1976 4302 capil-

411 4306 494 4360 los
525 4351 539 4372 ,
593 4308 710 4360 usui
759 4319 1062 4359 nostrorum
1113 4315 1408 4372 tetnporum
1459 4305 1596 4357 haud
1653 4306 1968 4358 absimilem.

411 4377 644 4429 Exstant
675 4377 726 4428 iu
774 4377 970 4428 muscis
1011 4377 1178 4438 capita
1229 4383 1284 4427 et
1323 4385 1510 4427 statuae
1565 4373 1876 4428 feminarum
1920 4377 1969 4427 in

409 4445 548 4500 hanc
576 4445 798 4499 formam
825 4447 1114 4497 adornatm.
1144 4443 1297 4511 Apud
1328 4453 1532 4497 veteres
1561 4443 1807 4511 frequens
1827 4463 1971 4498 meu-

411 4518 508 4568 tio.
531 4515 823 4576 Iuvenalis,
861 4517 1010 4566 satir.
1043 4515 1076 4566 6
1097 4557 1110 4580 ,
1142 4527 1283 4567 vers.
1315 4512 1437 4574 502,
1466 4515 1678 4578 gradus,
1711 4515 1896 4580 quibus
1925 4517 1974 4567 in

407 4585 676 4654 fastigium
700 4584 875 4654 capilli
893 4584 1292 4647 attollebantur,
1319 4593 1468 4654 vocat
1498 4583 1718 4654 ordines.
1751 4583 1842 4654 [at
1864 4601 1978 4654 pre—

403 4657 499 4706 mit
531 4651 790 4708 ordinibus
813 4693 828 4714 ,
876 4663 945 4706 tot
983 4654 1150 4704 adhuc
1188 4652 1507 4722 compagibus
1537 4651 1694 4722 altum
1727 4651 1978 4720 /Edi]icnt

403 4736 594 4788 caput,
629 4724 1012 4775 Andromachen
1043 4739 1074 4773 a
1101 4723 1266 4788 fronte
1295 4721 1503 4784 ridebis,
1539 4721 1660 4774 Post
1689 4724 1850 4774 minor
1878 4735 1972 4776 est.

400 4795 628 4846 Ovidius
668 4795 735 4847 de
773 4794 964 4845 ancilla
1005 4792 1272 4844 oruatrice
1323 4791 1415 4843 lib.
1457 4805 1493 4842 ιι
1530 4793 1748 4856 Amor.,
1784 4793 1850 4845 cl.
1897 4797 1928 4845 8
1960 4811 1971 4844 :

403 4861 668 4915 Ponendis
687 4866 737 4913 in
763 4864 900 4913 mille
917 4863 1092 4914 modos
1113 4861 1352 4930 prwfecta
1373 4860 1590 4930 capillis.
1615 4859 1790 4914 Videri
1816 4862 1886 4914 eti
1907 4879 1973 4914 λιιι

403 4941 632 5000 possunt
651 4931 911 4996 Manilius,
940 4931 1205 4990 Horatius,
1231 4940 1283 4983 ct
1303 4931 1390 4983 alii
1419 4948 1433 4982 :
1459 4945 1489 4983 e
1510 4929 1824 4982 Christianis
1848 4931 1979 4986 Gre.-

401 5003 587 5070 gorius
614 5001 980 5054 Nazianzenus
999 5041 1012 5065 ,
1051 5002 1405 5068 Hieronymus
1429 5001 1478 5052 in
1505 5002 1660 5067 epist.
1690 5005 1753 5053 ad
1791 5003 1975 5054 Dento.

405 5069 632 5124 triadem
659 5115 672 5136 ,
699 5071 786 5136 qui
819 5071 1058 5122 turritum
1087 5072 1320 5122 verticem
1339 5070 1517 5122 alienis
1549 5069 1748 5138 capillis
1777 5080 1978 5122 struere

409 5141 567 5203 dixit,
615 5152 670 5195 et
714 5141 1070 5193 'l‘ertullianus
1099 5141 1163 5192 de
1205 5141 1360 5193 Cultu
1396 5140 1710 5192 feminarum
1744 5155 1860 5208 cap.
1895 5142 1924 5193 7
1960 5160 1970 5192 :

407 5211 618 5277 Aﬂigitis
645 5221 894 5280 pratterea
927 5211 1095 5262 nescio
1119 5227 1244 5278 quas
1287 5210 1604 5280 enormitates
1646 5210 1976 5280 capillamen-

404 5290 593 5342 torum,
617 5295 750 5333 nunc
776 5281 828 5330 in
855 5281 1015 5348 galeri
1043 5283 1246 5332 modum
1275 5280 1421 5348 quasi
1443 5279 1672 5348 vaginam
1700 5279 1904 5346 Capitis,
1927 5291 1974 5333 et

399 5351 698 5418 operculum
723 5351 922 5402 verticis
939 5391 952 5411 ,
985 5366 1118 5401 nunc
1155 5352 1204 5400 in
1229 5351 1473 5400 cervicum
1500 5361 1630 5400 retro
1659 5359 1970 5419 suggestum.

399 5419 595 5473 Mirum
617 5463 630 5484 ,
662 5423 800 5488 quod
831 5431 1005 5471 contra
1033 5419 1238 5472 Dontiui
1267 5429 1514 5487 prwcepta
1533 5421 1867 5470 contenditur.
1899 5420 1975 5471 Ad

397 5507 690 5543 mensuram
727 5491 974 5542 neminem
1010 5491 1104 5542 sibi
1139 5489 1358 5558 adjicere
1382 5504 1546 5558 posse
1590 5491 1974 5554 pronuntiatum

397 5570 470 5612 est
499 5575 520 5612 :
547 5576 634 5612 vos
657 5575 774 5612 vero
801 5559 1022 5630 adjicitis
1047 5560 1113 5611 ad
1135 5557 1351 5630 pmqus.
1379 5557 1805 5630 Paulinusetiam
1840 5559 1972 5630 dixit

395 5631 642 5682 turritum
671 5627 1084 5696 caputhonl'er
1113 5629 1358 5682 Carolum
1407 5627 1738 5696 Paschaliqu
1782 5643 1846 5684 «te
1873 5627 1971 5680 Co-

395 5701 658 5755 runislib.
685 5715 720 5768 I,
745 5713 864 5769 cap.
885 5699 939 5764 5,
967 5699 1475 5754 et‘disscrtationem
1503 5699 1716 5753 Antonii
1741 5699 1808 5752 Μ.
1837 5697 1969 5767 Lupi

2087 3193 2302 3246 sul.'bus.
2353 3192 2446 3246 llis
2483 3192 2618 3246 adde
2647 3191 2936 3257 Eugenium
2970 3187 3176 3243 Guasco
3220 3207 3231 3242 :
3278 3189 3656 3246 Dissertasione

2083 3262 2348 3314 tusculana
2361 3279 2511 3330 capra
2527 3263 2614 3314 un’
2631 3263 2800 3332 antica
2825 3261 3101 3332 iscrisione
3113 3260 3396 3332 sepolcrale
3413 3273 3651 3332 apporte-

2080 3342 2225 3386 nente
2255 3335 2322 3385 ad
2338 3329 2695 3386 un’ornatrice.
2723 3331 2904 3384 Roma:
2923 3369 2938 3396 ,
2976 3329 3130 3394 1771,
3156 3330 3290 3384 in—8.

2154 3403 2274 3455 187.
2305 3401 2480 3464 Fuld.,
2507 3405 2560 3454 in
2591 3412 2807 3468 pectore.

2153 3473 2276 3528 188.
2309 3473 2519 3533 Ἧειιιι..
2553 3465 2696 3524 limbi
2719 3512 2733 3534 ,
2760 3485 2865 3523 non
2891 3465 3047 3527 bene.
3073 3484 3170 3538 pro
3193 3467 3396 3522 limbus.
3427 3470 3648 3524 Elmen-

2083 3541 2339 3604 horstius,
2377 3543 2428 3596 in
2479 3542 2770 3596 Arnobium
2824 3554 2941 3606 pag.
2991 3538 3060 3595 55
3098 3537 3164 3596 ad
3204 3539 3364 3593 verba
3399 3542 3644 3605 Arnobii.~

2079 3609 2444 3666 Inmtinuerent
2475 3613 2661 3680 frontes
2681 3609 2879 3674 limbis,
2908 3609 3101 3678 allegat
3119 3609 3280 3680 etiam
3305 3624 3372 3680 ex
3399 3609 3517 3664 Stat
3537 3626 3569 3665 0
3595 3614 3650 3666 iu

2081 3681 2272 3734 Achill.
2297 3723 2313 3747 ,
2344 3678 2620 3734 Geminatis
2650 3691 2737 3733 aut
2766 3689 2968 3732 nectunt
2990 3691 3214 3746 tempora
3244 3678 3432 3730 limbis.

2151 3751 2274 3804 189.
2305 3751 2440 3814 (ἤδη
2473 3751 2604 3804 Mur.
2631 3790 2644 3810 ,
2675 3750 2818 3808 Hat..
2847 3748 3065 3812 Weitz.,
3087 3751 3323 3819 ingestas.
3352 3748 3504 3819 Alex.
3530 3788 3546 3815 ,
3573 3751 3654 3804 in-

2079 3820 2234 3888 festas
2257 3821 2336 3874 vel
2359 3821 2581 3888 ingestas
2611 3835 2730 3872 cum
2759 3819 2931 3887 glossa
2954 3818 3224 3888 immissas.
3251 3818 3413 3888 Aug-.,
3439 3818 3650 3888 infestas

2078 3885 2196 3942 cum
2227 3885 2748 3957 glossa’contrarias.
2767 3885 2907 3940 'Ald.
2927 3929 2943 3952 ,
2970 3886 3172 3940 Witlm.
3205 3885 3269 3938 ad
3299 3885 3469 3957 oram,
3496 3885 3649 3942 'Vatt.

2077 3931 2464 4024 δῖ’ὺῗῖῖιῐ
2475 3931 2943 4026 ξ”ξ’ἱιῗέἐι“ἆὲ,’ᾆίἷόιῑ
2966 3931 3350 4026 ιίὶηἷίὶίὶέιῦᾶνῆ
3364 3931 3673 4026 ῐιξίὶιέίῦζζῒ

2076 4028 2318 4098 quamvis
2347 4029 2415 4082 ita
2449 4031 2498 4081 in
2521 4025 2631 4081 suis
2649 4027 2893 4080 oumibus
2918 4041 3046 4078 mss.
3077 4025 3358 4093 legeretur.
3385 4025 3508 4077 Mihi
3543 4041 3650 4098 noti

2078 4095 2210 4150 adeo
2248 4099 2491 4167 displicet
2520 4099 2758 4167 infestas,
2792 4111 2912 4149 nam
2953 4105 3124 4167 vestes
3156 4105 3464 4167 turgescunt
3491 4095 3638 4151 auris

2076 4163 2373 4221 contrariis.
2401 4167 2549 4222 Sich.
2576 4163 2636 4220 et
2667 4167 2856 4220 Vienn.
2889 4166 3084 4232 pariter
3111 4163 3305 4217 habent
3340 4163 3574 4232 infestas.

2148 4241 2269 4291 190.
2307 4239 2522 4300 Vienn.,
2549 4237 2822 4290 instabilis.

2147 4307 2269 4362 19‘2.
2301 4308 2356 4361 In
2393 4309 2507 4360 ttat.
2541 4309 2737 4360 sciulus
2776 4313 3086 4360 correxerat
3125 4303 3223 4356 huc
3278 4301 3499 4372 illucque
3543 4307 3654 4377 {re-

2077 4394 2212 4431 mens
2232 4421 2244 4438 ,
2271 4379 2531 4444 prioribus
2557 4378 2743 4432 erasis.
3084 4442 3092 4444 Α
3421 4401 3428 4408 ·

2153 4442 2282 4502 1971.
2305 4449 2359 4501 ln
2391 4449 2578 4500 Vienn.
2609 4445 2943 4500 desideratur
2967 4459 3062 4510 que
3083 4442 3132 4495 in
3161 4446 3463 4514 pressisque.

2153 4518 2273 4571 194.
2311 4520 2542 4570 Virtutes
2571 4527 2722 4570 vocat
2751 4516 2988 4584 virgines,
3021 4515 3324 4566 superbiam
3351 4517 3657 4582 viraginem,

2081 4589 2219 4651 aliud
2253 4589 2394 4640 aliud
2428 4590 2581 4654 longe
2610 4588 2878 4638 diversum
2909 4595 2984 4636 est
3011 4599 3023 4642 ;
3055 4591 3108 4634 et
3147 4585 3410 4649 superbia:
3436 4587 3656 4653 quidem

2079 4673 2240 4726 opera
2271 4659 2322 4711 in
2352 4659 2493 4710 viros
2519 4653 2683 4723 magis
2703 4669 2858 4722 quam
2885 4653 3192 4726 iut'emjnas
3217 4657 3434 4726 cadunt.

2153 4727 2272 4780 196.
2325 4729 2449 4780 l’ost
2498 4721 2636 4778 hun":
2683 4721 2892 4778 versum
2947 4724 2994 4775 in
3039 4721 3169 4776 Mar.
3218 4735 3269 4776 rt
3317 4724 3438 4780 Rat.
3469 4726 3658 4779 titulus

2081 4795 2383 4848 Ilumilitas.

2154 4867 2270 4920 198.
2303 4864 2648 4934 Paupertinus
2691 4864 2912 4917 verbum
2940 4863 3168 4927 Apuleii,
3213 4863 3469 4934 Varronis
3499 4863 3656 4934 apud

2081 4935 2327 4998 Nouium,
2379 4932 2444 4989 Ai.
2473 4935 2651 4996 Gellii,
2704 4937 3029 5000 Symmachi,
3081 4933 3372 4998 Ammiuui,
3416 4932 3653 4986 Sidonii.
3713 4939 3718 4944 ‘

2083 5007 2242 5060 Jonas
2263 5007 2542 5072 episcopus
2574 5005 2993 5068 Aurelianensis,
3043 5005 3134 5056 lib.
3175 5019 3206 5056 ιι
3239 5003 3306 5056 de
3329 5003 3481 5054 Cultu
3507 5016 3645 5054 sacr.

2081 5077 2263 5140 imag.,
2290 5075 2630 5129 Prudentimn
2654 5087 2866 5128 secutus
2888 5084 2970 5127 est
2995 5091 3006 5124 :
3037 5071 3350 5141 Paupertina
3369 5073 3480 5137 ejus
3504 5086 3652 5122 arma

2079 5157 2416 5209 contemnens,
2443 5145 2530 5198 ubi
2555 5147 2690 5198 male
2721 5144 2958 5198 nonnulli
2996 5144 3179 5212 legunt
3220 5141 3518 5209 pauperina,
3567 5143 3650 5193 vel

2077 5216 2425 5288 pauperrima.
2503 5284 2513 5288 _
2577 5284 2588 5288 _
2766 5283 2796 5288 __
2842 5283 2852 5288 _
3158 5281 3168 5288 _
3578 5277 3590 5288 .

2154 5278 2275 5338 199.
2303 5285 2472 5339 Voces
2503 5283 2799 5352 hujusmodi
2834 5282 3040 5335 humilis
3069 5291 3122 5336 ct
3149 5278 3404 5352 humilitas
3427 5293 3525 5352 pro,
3543 5278 3650 5352 vir?

2083 5361 2192 5409 tute
2217 5355 2354 5416 apud
2387 5349 2634 5422 profanos
2665 5355 2951 5420 scriptores
2982 5368 3083 5404 nnn
3109 5349 3467 5422 inveniuntur.
3493 5349 3646 5414 Quod

2080 5418 2400 5490 Spartianus
2420 5424 2490 5477 ait
2522 5425 2572 5477 in
2619 5425 2721 5475 vita
2752 5418 2942 5475 Iuliani
2971 5435 3089 5486 Cap.
3119 5419 3151 5472 9
3181 5434 3194 5471 :
3223 5418 3434 5490 Objerta
3465 5429 3534 5470 est
3565 5435 3656 5470 su-

2081 5489 2274 5562 perbia,
2327 5510 2440 5547 cum
2466 5493 2554 5546 ille
2589 5494 2737 5546 etiam
2779 5493 2831 5544 in
2871 5491 3084 5562 imperio
3129 5489 3280 5554 fuerit
3309 5503 3659 5562 transeuntis,

2081 5559 2322 5632 intelligit
2352 5563 2534 5616 vitium
2565 5564 2826 5632 superbia:
2853 5560 3180 5613 COJHI‘JI‘lllIII
3199 5599 3212 5617 .
3263 5573 3368 5612 non
3397 5559 3652 5612 virtutem

2081 5635 2220 5689 inter
2251 5631 2530 5702 utrumque
2561 5631 2808 5686 inediam.
