4154 6188
466 246 536 303 69
814 274 815 277 η
1561 247 1838 305 Λυιῑειιῐ
1878 243 2248 303 PRUDENTI!
2287 241 2608 297 CABMINA.
3663 237 3734 294 40

641 354 800 424 Spem
845 356 944 409 sibi
978 356 1233 426 collegam
1270 358 1637 425 conjunxerat,
1678 357 1820 411 edita
1857 356 2034 425 cujus,
2064 361 2117 421 Α

644 448 708 501 Et
736 462 991 515 suspensa
1015 450 1083 502 ab
1100 448 1259 503 humo
1275 460 1353 502 est
1381 450 1651 514 opulentia
1668 448 1831 503 divite
1848 463 2034 517 regno,

637 539 801 610 608
829 538 969 608 Ergo
1013 539 1265 593 humilem
1319 549 1594 606 postquam
1635 540 1900 593 malesana
1939 538 2039 592 Sn-

1498 629 1702 701 [pcrhia
1735 641 1966 683 mentem

640 720 848 774 Vilibus
878 721 1190 772 instructam
1224 735 1293 771 nu
1319 719 1370 771 In
1400 719 1753 772 ostentamine
1783 719 1908 771 telis

637 810 862 879 Aspicit,
896 811 949 863 in
979 825 1161 864 vocem
1194 810 1347 862 dictis
1373 824 1432 862 se
1460 809 1681 862 emtndit
1711 825 1860 862 amar
1883 825 1928 862 s.

638 904 750 957 Non
785 902 973 968 pudet:
999 916 1032 953 o
1063 917 1111 951 m
1137 902 1266 965 seri,
1297 901 1504 967 plebeio
1536 900 1702 952 milite
1729 901 1901 953 claros

634 995 913 1045 Attentare
932 991 1117 1053 duces,
1145 989 1395 1059 ferreque
1428 991 1691 1043 lacessere.
1721 1001 1933 1054 gentem

638 1086 901 1152 Insignem
935 1083 1141 1135 titulis:
1167 1095 1376 1137 veteres
1404 1085 1488 1138 cui
1521 1084 1705 1136 bellica
1741 1086 1906 1135 virtus

642 1176 858 1229 Divitias
889 1173 1113 1242 peperit,
1142 1172 1294 1226 lzetos
1320 1182 1375 1226 et
1402 1173 1643 1239 gramine
1671 1172 1839 1226 colles

638 1266 865 1333 Imperio
893 1266 1101 1318 calcare
1135 1258 1318 1318 dedit?
1350 1264 1509 1318 Nunc
1532 1263 1736 1316 advena
1764 1263 1933 1315 nudus

634 1356 831 1410 Nititur
854 1359 1122 1422 antiquos,
1153 1353 1196 1406 si
1226 1352 1304 1405 las
1335 1363 1440 1417 est,
1472 1352 1674 1420 pellere
1700 1366 1873 1421 rcges.

635 1446 713 1499 En
744 1445 832 1511 qui
875 1452 1055 1497 nostra
1087 1442 1200 1495 suis
1238 1442 1290 1494 in
1330 1442 1564 1509 praedam
1594 1439 1789 1495 cedere
1833 1439 2036 1493 dextris

635 1539 854 1604 Sceptra
900 1534 1109 1587 volunt!
1157 1547 1254 1595 en,
1300 1531 1390 1599 qui
1439 1541 1649 1585 nostras
1688 1530 1897 1585 sulcare
1935 1544 2033 1582 no-

1770 1620 1961 1691 [vales,

460 813 566 868 203

2325 356 2571 422 Arvaque
2597 361 2749 422 rapta
2779 368 2934 404 manu
2970 352 3276 421 popularier
3302 351 3515 420 hospite
3553 360 3733 405 aratro

2136 444 2250 499 9.15
2322 444 2690 507 Contendnut,
2719 442 2886 496 duros
2915 453 2969 496 et
2997 442 3196 510 pellere
3227 442 3392 496 Marte
3417 442 3658 495 colonos.

2322 535 2545 599 Nempe,
2574 549 2605 585 ο
2628 533 2910 586 ridiculum
2937 530 3157 601 vulgus!
3188 532 3453 584 natalibus
3478 531 3625 585 horis

2323 627 2485 697 609
2513 626 2704 680 Totum
2736 626 3026 687 hominem,
3061 637 3111 678 et
3142 624 3345 677 calidos
3374 640 3401 675 a
3428 636 3598 679 matre
3618 640 3726 680 atn-

3154 714 3459 786 [plct-timur
3488 726 3662 772 artus.

2326 811 2549 880 Vimque
2572 818 2889 878 potestatum
2912 822 3007 875 per
3025 808 3260 861 irembra
3281 808 3511 861 recentis
3527 808 3731 865 alumni.

2319 901 2651 971 Spargimns,
2695 908 2751 954 et
2790 898 3009 953 rudibus
3047 898 3386 951 dominamur
3425 898 3477 952 in
3518 900 3731 952 ossibw.

3422 986 3652 1060 lumnas.

2321 1080 2450 1148 Quis
2482 1081 2633 1134 locus
2659 1079 2710 1132 in
2743 1088 2924 1132 nostra
2951 1087 3076 1131 tunc
3108 1076 3258 1130 vobis
3288 1079 3416 1131 sede
3444 1080 3690 1141 dabatur,

2324 1171 2631 1238 Congenitis
2656 1186 2776 1221 rum
2810 1184 2970 1236 regna
2998 1169 3157 1222 simul
3184 1167 3475 1221 ditiooihus
3502 1184 3657 1237 :Pqtto

2320 1261 2531 1315 [labore
2560 1259 2909 1314 crescebant?
2942 1260 3052 1311 nati
3085 1274 3205 1310 nam
3234 1257 3352 1312 luce
3377 1259 3478 1312 sub
3506 1273 3606 1311 una

2321 1351 2390 1403 Et
2419 1349 2633 1411 domus,
2664 1358 2719 1402 et
2740 1349 2937 1401 domini
2964 1348 3180 1417 paribus
3199 1347 3527 1401 adolevimus
3548 1348 3718 1402 annis.

2319 1439 2396 1494 Ex
2419 1454 2525 1508 quo
2550 1439 2752 1509 plasma
2785 1454 3003 1504 novum,
3032 1438 3100 1492 de
3128 1450 3386 1505 consepto
3411 1438 3641 1507 paradisi

2137 1530 2259 1586 225v
2319 1530 2507 1585 Limite
2523 1527 3125 1600 progrediens,amplum
3142 1527 3419 1598 transfugit
3433 1529 3483 1581 in
3498 1529 3709 1596 orbem,

2314 1620 2448 1676 Pelli
2473 1635 2640 1690 o-qne
2668 1619 2874 1674 habitus
2913 1620 3142 1686 sumpsit
3169 1619 3488 1672 venerabilis
3522 1619 3720 1679 Adam,

2142 1080 2177 1132 2

2178 1080 2247 1133 20

1765 1755 2049 1833 ϐωδβιλε
2093 1757 2424 1812 VETERES.

522 1892 649 1947 201.
681 1891 970 1959 Collegam,
995 1888 1478 1948 sociam.-—-Edita,
1511 1898 1722 1941 etcvata.
1753 1888 2021 1957 -—Cujns,
2059 1896 2103 1953 Β
2199 1891 2328 1949 212.
2362 1892 2459 1952 En,
2493 1908 2579 1961 per
2600 1892 2815 1945 ironiam
2840 1889 2981 1955 dicit,
3012 1890 3068 1943 id
3089 1899 3164 1942 est
3179 1892 3372 1959 quales.
3410 1889 3708 1953 --Cedere,

456 1965 586 2018 mei.
610 1965 649 2015 1.
1825 1982 1843 2013 t

680 2030 980 2101 Opulentia,
1029 2029 1285 2096 apulentia
1335 2031 1439 2101 spei
1486 2027 1548 2080 ab
1590 2029 1741 2079 humo
1781 1982 2026 2099 siispensa

456 2114 548 2164 est.
573 2105 692 2173 quia
716 2100 817 2154 non
842 2103 903 2153 de
932 2101 1168 2173 deorsum
1200 2100 1592 2167 repromitlitur,
1622 2104 1711 2151 sed
1742 2100 2026 2152 desursum.

455 2202 525 2213 —
552 2171 727 2227 Divite
755 2173 961 2232 cmlesti,
994 2171 1033 2224 l.

520 2244 642 2295 203.
672 2243 827 2308 Ergo,
848 2242 1082 2305 superbia
1112 2241 1313 2292 iterum.
1337 2267 1409 2277 -—
1430 2238 1717 2299 Malesana,
1751 2255 1959 2303 vesana,
1987 2241 2024 2291 Ι.

520 2312 649 2365 204.
684 2309 903 2369 Vilibus,
933 2314 1169 2376 quoniam
1191 2314 1345 2361 stulta
1365 2318 1414 2360 et
1436 2309 1705 2377 ignobilia.
1731 2316 1776 2358 et
1808 2321 2031 2361 contem-

454 2385 651 2451 ptibilia
683 2380 832 2451 elegit
862 2379 1021 2443 Deus,
1057 2396 1143 2448 per
1175 2393 1290 2448 qua:
1323 2378 1541 2447 superba
1564 2392 1773 2447 qumque
1805 2379 2034 2431 destrue-

454 2462 547 2516 ret,
578 2453 616 2505 l.

519 2522 646 2577 206.
689 2519 804 2575 Non
834 2516 1013 2588 pudet,
1050 2533 1137 2586 per
1165 2517 1401 2570 ironiam.
1434 2547 1501 2557 —
1530 2516 1766 2585 Pleheio,
1816 2519 2027 2582 rustico,

453 2593 747 2656 rusticano,‘
761 2591 799 2642 I.

517 2664 642 2716 207.
667 2666 967 2721 Attentare,
996 2659 1227 2730 aggredi,
1258 2658 1296 2713 1.

517 2734 645 2788 208.
669 2732 879 2796 Titulis,
909 2731 1118 2800 gladiis,
1154 2732 1190 2782 1.

517 2802 643 2858 209.
672 2802 870 2864 Colles,
900 2798 1290 2861 dominationes,
1322 2798 1363 2851 1.

516 2875 641 2927 211.
664 2874 723 2927 bi
749 2873 826 2925 fas
851 2881 952 2934 εει,
983 2869 1027 2922 si
1054 2870 1293 2937 possibile
1317 2877 1413 2930 est,
1441 2869 1483 2920 1.

2130 1965 2441 2028 contingere.
2475 1963 2515 2015 1.

2201 2033 2325 2085 215.
2370 2035 2610 2098 Sceptra,
2635 2047 2810 2099 regna.
2842 2060 2910 2071 —
2944 2029 3069 2094 Qui,
3097 2030 3294 2097 quales,
3329 2029 3369 2083 1.

2201 2103 2327 2156 214.
2364 2103 2604 2168 Hospite,
2639 2101 2825 2157 alieno.
2859 2116 2986 2169 quos
3013 2115 3104 2153 rex
3131 2099 3472 2169 superbire,id
3493 2109 3564 2151 est
3594 2099 3708 2151 dia-
3760 2156 3767 2157 ί

2135 2171 2279 2224 bolus
2310 2171 2386 2225 vel
2417 2183 2683 2241 tyrannus,
2711 2174 2964 2222 invaserat
2995 2179 3168 2223 aratro
3194 2169 3592 2241 praedicationis,
3628 2182 3715 2237 per

2136 2240 2449 2312 humilitatis,
2473 2243 2826 2312 praedicatores
2856 2241 3085 2312 nielius_e
3098 2241 3386 2312 rcoluntur,
3405 2240 3457 2312 Vl.

2204 2311 2332 2365 215.
2362 2307 2553 2376 Duras,
2584 2311 2774 2363 scilicet
2801 2327 2912 2363 nos.
2943 2339 3014 2349 —
3043 2310 3273 2376 Pellere,
3300 2307 3491 2363 scilicet
3516 2307 3711 2362 volunt.

2138 2410 2208 2419 —
2230 2381 2416 2437 Marte.
2443 2381 2593 2443 bello,
2620 2382 2660 2435 Ι.

2206 2451 2330 2503 216.
2366 2450 2689 2511 Ridiculum,
2721 2457 2816 2513 est,
2843 2449 2975 2503 Mar.

2362 2523 2608 2591 rAlumui,
2640 2522 2806 2591 pueri,
2841 2520 2880 2574 I.

2208 2589 2335 2644 219.
2359 2590 2624 2654 Rudihus,
2642 2589 2816 2654 novis,
2847 2591 2885 2642 l.

2206 2658 2331 2714 221.
2365 2660 2685 2720 Ditionihus.
2715 2660 2942 2727 imperiis
2968 2661 3176 2724 nostris,
3206 2659 3250 2714 1.

2204 2730 2331 2784 225.
2362 2734 2578 2795 Domus,
2615 2732 2833 2798 familia.
2865 2759 2934 2769 —
2964 2731 3326 2794 Adolevimus,
3370 2731 3638 2798 crevimus,
3666 2727 3706 2781 1.

2203 2799 2330 2852 224.
2359 2800 2591 2867 Plasma,
2616 2797 2803 2854 Adam.
2833 2829 2903 2838 -—
2932 2800 3223 2868 Consepto,
3252 2807 3487 2868 angusto,
3521 2797 3561 2852 1.

2202 2869 2328 2923 225.
2359 2870 2572 2935 Limite,
2604 2871 2855 2939 margine.
2887 2898 2957 2909 —
2984 2869 3319 2939 Transfugit,
3349 2870 3475 2935 ibat,
3506 2871 3542 2923 1.

1783 2995 2341 3055 COMMENTARIUS.

517 3140 642 3195 202.
675 3138 942 3193 Giselinus
998 3145 1146 3207 putat
1187 3135 1424 3207 alludere
1466 3143 1675 3205 poetam
1707 3133 1771 3207 ad
1801 3147 2017 3205 etymon

454 3210 787 3274 luuuilitatis,
834 3224 955 3263 cum
986 3205 1081 3271 ait,
1123 3206 1445 3276 opulentiam
1473 3207 1584 3274 spei
1612 3206 1678 3259 ab
1707 3205 1868 3257 humo
1897 3223 2022 3260 sns-

454 3294 698 3349 pensam,
740 3294 912 3342 neque
957 3281 1145 3346 prohat
1182 3282 1465 3349 vulgatam
1506 3278 2019 3342 interpretationem,

2138 3138 2268 3192 lum.
2304 3137 2518 3201 Vienn.,
2542 3155 2643 3192 non
2666 3137 2851 3193 talibus
2870 3139 3029 3201 horis,
3062 3139 3221 3194 male.
3250 3139 3369 3193 Ald.
3400 3130 3706 3203 et'Erl‘urt.,

2141 3209 2398 3262 natalibus
2427 3224 2550 3273 oris,
2580 3219 2728 3275 puto,
2757 3212 2877 3279 quia
2916 3220 3122 3264 veteres
3162 3225 3535 3279 nonnunquam
3566 3213 3708 3275 aspi-

2138 3288 2400 3332 rationem
2456 3279 2790 3333 omittebant.
2838 3278 3107 3334 Gloriatur
3145 3278 3409 3348 superbia
3438 3280 3706 3335 hominem

452 3341 601 3417 spem
641 3341 879 3402 omnium
920 3341 1100 3402 rerum
1144 3341 1464 3401 abundantia
1505 3341 1868 3413 procreatam,
1921 3358 1974 3401 et
1996 3362 2026 3401 e
2054 3341 2099 3402 C
2146 3350 2212 3402 ab
2243 3349 2358 3416 ipso
2385 3350 2543 3402 natali
2573 3350 2658 3403 die
2688 3350 2739 3402 in
2772 3365 2863 3403 sua
2895 3365 3015 3404 esse
3048 3341 3329 3417 potestate.

452 3429 594 3474 terra
621 3419 973 3480 sublevatam,
1014 3434 1080 3471 eo
1109 3418 1289 3480 modo,
1337 3432 1442 3485 quo
1484 3417 1622 3485 apud
1650 3418 1917 3468 Itomanos
1938 3430 2023 3470 re-

450 3504 578 3544 cens
607 3493 710 3542 nati
742 3491 793 3542 in
821 3498 961 3541 terra
995 3489 1219 3556 primum
1246 3497 1571 3549 statuuntur,
1628 3485 1820 3539 deinde
1851 3487 2021 3539 Leva-

451 3576 535 3613 tue
562 3560 674 3613 dea:
706 3558 905 3612 atuilio
932 3560 1214 3617 implorato
1237 3556 1510 3609 tolluntur.
1546 3556 1672 3609 Mihi
1710 3570 1815 3608 non
1845 3556 2024 3624 displi-

452 3639 540 3684 cet
582 3630 754 3696 Bergii
803 3627 942 3694 apud
982 3627 1263 3682 Weitzium
1307 3629 1601 3693 expositio,
1652 3627 1825 3696 locum
1875 3627 2021 3679 illum

423 3701 674 3768 'intclligi
696 3694 733 3752 _:
762 3697 909 3750 Beati
956 3714 1224 3767 pauperes,
1279 3700 1398 3766 quia
1438 3712 1646 3767 regnum
1678 3694 1770 3749 Dei
1798 3698 2025 3760 possideo

452 3773 594 3821 bunt.
623 3767 896 3823 Sententia
931 3770 1042 3821 haec
1069 3778 1170 3825 est,
1216 3782 1363 3834 spem
1397 3778 1599 3820 tantum
1628 3780 1749 3820 esse
1777 3767 1828 3819 in
1861 3777 2022 3829 terra,

451 3838 572 3903 ejus
613 3838 959 3903 ouulentiam,
1012 3848 1065 3891 et
1102 3839 1252 3891 dives
1292 3853 1509 3902 regnum
1538 3841 1588 3891 in
1615 3836 1775 3891 cmlo.
1807 3836 1860 3889 In
1891 3837 2019 3890 edit.

453 3908 757 3963 Loloniensi
805 3908 1077 3963 Mariettus
1117 3920 1206 3962 aut
1247 3912 1380 3959 alios
1423 3907 1492 3962 ad
1526 3907 1814 3975 marginem
1857 3921 1887 3959 e
1920 3922 2020 3960 ms.

453 3980 574 4033 rod.
596 3987 888 4044 notaverat,
910 3987 957 4030 et
975 3995 1218 4048 suspensa
1239 3979 1302 4029 ab
1325 3977 1475 4048 hamo
1500 3993 1518 4030 :
1541 3993 1647 4048 non
1681 3975 1877 4042 patitur
1904 3990 2022 4029 ver-

452 4062 566 4112 sus,
601 4065 772 4118 neque
801 4050 1036 4113 intelligo
1067 4046 1189 4116 quid
1223 4048 1306 4100 hic
1334 4047 1433 4100 sibi
1465 4049 1590 4100 velit
1617 4046 1818 4118 luimus.

525 4121 651 4174 204.
688 4113 911 4179 Vienna,
963 4113 1101 4170 Vait.
1146 4118 1186 4171 C
1230 4126 1282 4170 et
1309 4118 1374 4179 0,
1420 4127 1738 4175 extructam;
1775 4113 1900 4179 alii,
1944 4114 2023 4169 in-

452 4207 476 4243 ι
500 4199 711 4243 ructant.

526 4258 651 4310 205.
682 4256 950 4315 Barthius,
974 4271 1091 4319 cap.
1122 4255 1211 4319 15,
1259 4253 1482 4307 Advers.
1516 4254 1609 4308 lib.
1640 4274 1788 4324 xxxv,
1837 4259 2023 4314 obser-

454 4336 543 4379 vat
593 4326 871 4383 Verissime
901 4326 949 4377 id
997 4326 1214 4385 dictum,
1258 4336 1314 4395 ut
1341 4339 1408 4395 ex
1440 4339 1540 4379 ms.
1570 4329 1709 4395 apud
1739 4329 1979 4383 Boetinm
2006 4346 2017 4381 :

457 4395 647 4468 Debilis
675 4396 808 4468 heu!
836 4406 1032 4468 mtestos
1061 4411 1213 4468 cogor
1239 4394 1302 4468 _in
1341 4394 1415 4447 ire
1449 4394 1626 4449 modos
1668 4400 1841 4468 potius
1865 4415 2020 4468 quam

453 4467 583 4539 inire
608 4467 803 4539 modos.
831 4466 945 4539 Ald».
991 4463 1300 4539 etpvatZC,
1335 4480 1389 4517 se
1421 4468 1621 4539 fundit;
1670 4463 1926 4539 plerique,
1969 4485 2023 4522 se

453 4534 687 4601 e/fundnt,
715 4537 872 4588 etiam
899 4535 1161 4589 Barthius.
1194 4534 1350 4598 Ci-ll.,
1380 4550 1434 4587 se
1464 4538 1652 4604 fundit.

523 4606 649 4658 208.
683 4604 853 4668 Siclt.,
886 4604 1101 4671 Wi'itz.,
1132 4605 1316 4672 Bong.,
1346 4605 1477 4658 telis.
1505 4608 1603 4661 Alii
1638 4608 1852 4669 rectius,
1900 4609 2020 4661 titu-
2055 4618 2061 4625 ’

2048 4712 2100 4766 Β
2127 4676 2540 4766 demiialiislgue
2566 4675 3173 4766 ljieronymiﬁiceronis
3198 4687 3250 4766 et
3287 4678 3575 4766 Propertii,
3604 4679 3698 4731 oh-

452 4674 540 4730 lis.
572 4674 769 4728 Widm.
791 4690 971 4741 supra.
999 4675 1209 4745 gladiis.

524 4746 651 4799 209.
679 4745 895 4798 l'ircarti
926 4762 990 4798 r0
1014 4762 1115 4803 εει.
1148 4744 1370 4812 germine
1394 4744 1567 4798 colles.

522 4820 647 4871 2N.
678 4816 797 4868 Ald.
829 4815 1045 4880 Wcitz.,
1074 4815 1187 4870 Gis.
1216 4826 1270 4867 et
1299 4815 1407 4877 alii,
1436 4831 1568 4868 nunc
1604 4818 1819 4869 advena.
1841 4817 1952 4870 Gis.
1988 4816 2013 4869 1

453 4887 585 4944 edit.
613 4885 666 4938 in
693 4893 970 4947 contextu,
1017 4898 1073 4937 et
1110 4896 1261 4939 vetus
1300 4886 1466 4937 codex
1498 4883 1565 4937 ad
1594 4889 1883 4953 inargimun
1908 4889 2019 4939 edi—

455 4959 614 5010 tionis
646 4953 952 5009 Weitzianzn
989 4959 1127 5019 apud
1158 4958 1223 5008 cl.
1254 4955 1534 5024 prtefulem
1569 4955 1840 5024 lleggium.
1883 4956 2018 5009 unde

453 5030 673 5088 adventa,
701 5040 803 5079 non
832 5025 989 5089 male,
1012 5028 1055 5077 si
1080 5025 1234 5079 aliter
1262 5022 1575 5087 distinguas.

524 5097 649 5150 212.
686 5096 909 5147 latitatio
939 5099 1165 5149 Maronis
1198 5096 1299 5149 θυι.
1333 5094 1383 5157 1,
1426 5092 1505 5145 En
1539 5095 1678 5157 que’s
1702 5097 2017 5149 con-evimus

454 5166 639 5234 agros!
675 5179 728 5218 et
771 5164 984 5219 ASueid.
1023 5168 1110 5218 tib.
1142 5181 1216 5227 ix,
1269 5178 1408 5217 vers.
1451 5164 1576 5228 600,
1610 5164 1691 5217 En
1727 5167 1814 5235 qui
1845 5177 2017 5219 nostra

451 5236 546 5288 sibi
569 5235 698 5288 bello
728 5238 975 5288 connubia
997 5251 1201 5302 poscam
1223 5235 1243 5287 .'
1654 5250 1657 5253 '

521 5306 644 5357 213.
680 5305 865 5368 Aldus,
918 5306 1075 5359 Fahr.
1121 5321 1242 5359 cum
1273 5304 1537 5358 nonnullis
1564 5321 1631 5359 ex
1659 5304 1853 5358 nostris
1883 5305 2016 5359 srri-

455 5373 587 5443 hunt
612 5385 808 5427 nostros
835 5389 932 5443 pro
952 5385 1169 5427 nostras.
1196 5375 1323 5427 Mar.
1341 5388 1391 5427 et
1410 5376 1651 5443 plerique
1665 5375 1775 5437 alii,
1793 5385 2023 5427 nostras:

455 5441 694 5512 Utroque
717 5441 873 5497 modo
893 5445 1104 5498 dicitur.
1132 5445 1271 5511 Virg.
1298 5441 1466 5512 eclog.
1485 5441 1598 5509 cit.,
1622 5443 1771 5498 Culta
1788 5447 2011 5498 novalia.

521 5509 647 5580 215.
681 5514 841 5580 Aug"
875 5513 992 5566 Vat.
1025 5516 1084 5578 (3,
1119 5509 1275 5566 duros
1301 5509 1567 5580 expellere.

524 5579 650 5633 216.
682 5579 895 5644 Wettz.,
929 5583 1081 5645 Man,
1120 5584 1328 5647 Victum,
1375 5585 1518 5647 llat.,
1561 5598 1740 5641 nempe
1765 5584 1856 5636 hoc
1887 5584 2014 5636 rio’i-

457 5651 661 5709 culum;
692 5659 745 5703 et
771 5653 944 5717 glossa
991 5654 1040 5705 in
1071 5653 1225 5719 Man,
1252 5664 1343 5707 est.
1372 5655 1494 5715 Alii,
1538 5669 1735 5715 nempe,
1767 5668 1796 5705 ο
1824 5654 2014 5706 ι-ἱάσοιι-

2208 3418 2335 3472 217.
2368 3418 2639 3473 Iuvenalis
2683 3430 2766 3473 sat
2787 3436 2833 3473 r.
2879 3422 2943 3483 7,
2993 3422 3302 3477 vers..1!l'6.
3357 3418 3423 3472 Et
3470 3419 3640 3474 adhuc
3676 3438 3708 3474 a

2134 3500 2293 3540 matre
2311 3490 2588 3543 rubentem.

2197 3559 2322 3611 219.
2353 3559 2565 3623 Vicnn.,
2597 3573 2894 3627 perperam.
2914 3559 3226 3614 damnamur?
3248 3560 3297 3611 in
3344 3559 3707 3614 ossibus.Pru-

2132 3627 2343 3699 dentins
2373 3643 2466 3696 pro
2487 3636 2629 3682 novis
2652 3644 2795 3699 smpe
2823 3633 2969 3683 rudes
2991 3641 3232 3695 usurpat,
3256 3644 3554 3695 quanquam
3580 3646 3698 3685 ossa

2135 3697 2365 3750 hominis
2394 3713 2581 3751 recens
2614 3697 2900 3752 ιιθιίὟθοιθ
2944 3704 3094 3752 rudia
3147 3715 3238 3751 seu
3280 3700 3588 3763 imperfecta
3618 3716 3706 3768 ap-

2133 3768 2418 3833 pellantur.
2463 3769 2721 3832 Supcrhia
2767 3768 3001 3833 loquitur
3049 3770 3115 3822 de
3163 3769 3274 3822 suis
3304 3769 3562 3822 militibus
3610 3784 3704 3825 sou

2130 3838 2291 3900 vitim,
2335 3841 2398 3891 ad
2430 3840 2479 3892 id
2509 3853 2677 3906 genus
2706 3840 3092 3907 spectantibus,
3142 3854 3261 3908 qua:
3308 3853 3466 3906 supra
3498 3844 3705 3895 vocavit

2128 3908 2302 3980 antiqu
2310 3926 2375 3980 osi
2387 3924 2546 3980 reges.

2198 3978 2327 4032 221.
2360 3977 2576 4041 Vienn.,
2604 3977 2891 4038 ditioribus,
2923 3992 3027 4031 non
3060 3977 3217 4032 bene.

2195 4047 2321 4101 222.
2353 4047 2574 4109 Vienn.,
2625 4063 2727 4100 non
2770 4049 2927 4110 male,
2974 4049 3082 4100 nati
3125 4064 3238 4100 cu-n
3292 4046 3404 4100 luce
3447 4048 3538 4100 sub
3580 4064 3701 4102 una.

2130 4119 2292 4184 Ang.,
2325 4131 2626 4185 perperam,
2654 4118 2786 4172 uatis
2817 4117 2907 4169 sub
2937 4116 3068 4170 luce.

2195 4185 2547 4259 225.ADomus
2576 4194 2659 4241 est
2687 4189 2797 4259 ipse
2830 4186 3019 4259 homo;
3052 4188 3262 4259 domini,
3288 4187 3385 4259 qui
3410 4203 3553 4259 reges
3581 4199 3705 4246 ante

2133 4257 2283 4317 dicti,
2313 4257 2522 4310 diversa
2554 4257 2818 4322 Superbia!
2848 4257 2992 4316 vitia,
3024 4273 3140 4312 suve
3167 4258 3213 4311 ei
3243 4257 3446 4311 aftinia.

2201 4327 2329 4383 225.
2357 4327 2572 4395 Vienn..
2605 4328 2777 4380 limine
2809 4326 3415 4397 progrediens.We'tzins
3446 4342 3563 4381 cum
3587 4329 3705 4383 solo

2134 4398 2352 4453 Piccarti
2383 4398 2526 4461 cod.,
2554 4399 2844 4466 trans/luxit
2877 4396 2970 4463 pro
2998 4396 3416 4467 trausfugitJ’at.
3447 4398 3508 4464 F,
3541 4400 3699 4464 male,

2130 4470 2300 4521 urbem
2330 4483 2425 4531 pro
2449 4472 2636 4521 orbem.

2196 4536 2322 4591 226.
2354 4537 2705 4608 Rosweydns,
2730 4537 2782 4590 in
2813 4537 2953 4590 nmis
2983 4535 3047 4590 ad
3073 4535 3371 4608 Paulinum,
3420 4552 3537 4605 pag.
3567 4537 3697 4603 871,

2124 4606 2190 4659 ad
2218 4608 2304 4659 illa
2334 4608 2516 4671 verba,
2546 4606 2705 4659 multo
2736 4609 2856 4660 bove
2887 4607 3153 4676 pelleatus.
3191 4622 3254 4661 ex
3288 4607 3387 4660 hoc
3419 4610 3534 4660 loco
3572 4608 3700 4663 Pru-

2129 4759 2308 4799 servat
2360 4747 2524 4814 pelles
2575 4746 2736 4802 fuisse
2767 4744 3178 4800 'vetustussimos
3240 4747 3447 4801 l'ahitus
3497 4744 3721 4817 primoJ

2121 4832 2237 4870 rum
2269 4817 2502 4870 Patrum.
2534 4818 2813 4871 Weitzium
2847 4833 2951 4869 non
3003 4818 3261 4884 intelligO,
3313 4817 3403 4884 qui
3441 4818 3515 4871 ait
3543 4820 3696 4873 aliam

2120 4900 2334 4939 causam
2376 4888 2527 4940 nobis
2556 4902 2809 4957 oggerere
2844 4901 3052 4940 sarram
3082 4886 3313 4942 Genesin
3345 4901 3464 4952 cap.
3497 4900 3574 4951 tu,
3604 4890 3693 4953 2|,

2121 4956 2468 5025 Cyprianum,
2521 4958 2793 5010 Bastltum.
2840 4956 2947 5009 Nisi
2977 4959 3126 5010 valde
3157 4971 3242 5009 me
3268 4958 3445 5008 omnia
3479 4957 3691 5022 fallunt,
3727 5005 3737 5013 .

2122 5038 2183 5079 ex
2203 5026 2395 5080 Genesi
2423 5032 2524 5080 loc.
2547 5029 2640 5080 cit.
2659 5037 2713 5081 et
2741 5027 2836 5081 SS.
2866 5025 3108 5079 Patribus
3142 5025 3386 5089 superbia
3408 5040 3567 5077 causa
3596 5031 3694 5081 tutt

2123 5111 2218 5149 cur
2247 5097 2483 5150 Adatnus
2507 5112 2539 5151 e
2569 5096 2814 5165 paradiso
2843 5097 3090 5149 exsulare
3120 5096 3275 5147 fuerit
3309 5096 3504 5161 iussus.
3544 5092 3693 5151 Fecit

2122 5180 2319 5234 quoque
2352 5167 2597 5218 Dmiinus
2631 5166 2765 5234 Deus
2796 5167 2920 5217 Adie
2939 5175 2986 5234 et
3012 5166 3158 5218 uxori
3187 5166 3296 5231 ejus
3320 5166 3518 5217 tunicas
3548 5169 3692 5232 pelli-

2122 5233 2236 5288 ceas
2280 5245 2325 5287 et
2346 5237 2510 5287 induit
2547 5252 2649 5288 eos.
2696 5233 2761 5286 Et
2800 5244 2871 5287 ait
2899 5253 2917 5291 :
2945 5233 3073 5287 Ecce
3101 5234 3266 5287 Adam
3293 5236 3434 5298 quasi
3474 5251 3605 5289 unus
3630 5253 3692 5290 ea:

2123 5306 2265 5358 nobis
2295 5308 2456 5375 factus
2477 5317 2570 5370 est,
2594 5307 2769 5357 ’sciens
2798 5310 2984 5357 bonum
3010 5314 3056 5357 et
3084 5304 3274 5356 malum
3299 5318 3317 5357 :
3338 5321 3471 5357 nunc
3489 5322 3608 5376 ergo
3630 5322 3689 5359 ne

2122 5382 2252 5444 forte
2275 5379 2439 5429 mittat
2468 5391 2677 5427 manum
2697 5390 2865 5435 suam,
2885 5383 3012 5437 etc.,
3045 5385 3098 5427 et
3122 5388 3281 5440 supra
3316 5390 3453 5428 vers.
3487 5378 3542 5440 5,
3570 5393 3683 5429 sero

2123 5447 2295 5511 pontis
2323 5460 2445 5507 Vox,
2488 5446 2857 5515 quodipsum
2895 5456 2979 5515 est
3024 5445 3287 5511 superbiae
3325 5458 3683 5515 praereptum:

2122 5514 2280 5566 Erilis
2307 5516 2433 5567 sicut
2460 5514 2550 5566 du.
2605 5513 3029 5584 Elmenhorstins
3060 5531 3111 5567 tn
3143 5513 3433 5570 Arnoltiuin
3465 5513 3584 5584 pag.
3619 5515 3681 5570 61

2119 5599 2183 5636 rx
2210 5586 2450 5637 Lucretio
2474 5584 2703 5652 illustrat
2726 5583 2956 5638 similem
2989 5585 3162 5640 locum
3204 5587 3446 5652 Arnobii,
3478 5587 3686 5640 Amiriri

2119 5654 2371 5705 desinunt
2397 5650 2631 5710 pellibus.
