  <div class='ocr_page' id='page_1' title='image "/cluster/home/n/w/nwhite01/storage/ocr_20150623/60/hvd.32044054758677/034.png"; bbox 0 0 4154 6188; ppageno 0'>
   <div class='ocr_carea' id='block_1_1' title="bbox 375 314 1961 378">
    <p class='ocr_par' dir='ltr' id='par_1_1' title="bbox 375 314 1961 376">
     <span class='ocr_line' id='line_1_1' title="bbox 375 314 1961 376; baseline -0.004 0"><span class='ocrx_word' id='word_1_1' title='bbox 375 319 452 376; x_wconf 61' lang='grc'><strong>15</strong></span> <span class='ocrx_word' id='word_1_2' title='bbox 1705 314 1961 372; x_wconf 78' lang='lat' dir='ltr'><strong>PSYCHG</strong></span> 
     </span>
    </p>
   </div>
   <div class='ocr_carea' id='block_1_2' title="bbox 2066 314 3640 378">
    <p class='ocr_par' dir='ltr' id='par_1_2' title="bbox 2066 315 3640 378">
     <span class='ocr_line' id='line_1_2' title="bbox 2066 315 3640 378; baseline 0.006 -10"><span class='ocrx_word' id='word_1_3' title='bbox 2066 315 2252 372; x_wconf 82' lang='lat' dir='ltr'><strong>.ClllA.</strong></span> <span class='ocrx_word' id='word_1_4' title='bbox 3571 319 3640 378; x_wconf 70' lang='grc'>46</span> 
     </span>
    </p>
   </div>
   <div class='ocr_carea' id='block_1_3' title="bbox 382 425 2046 499">
    <p class='ocr_par' dir='ltr' id='par_1_3' title="bbox 382 425 2046 499">
     <span class='ocr_line' id='line_1_3' title="bbox 382 425 2046 499; baseline -0.004 -15"><span class='ocrx_word' id='word_1_5' title='bbox 382 430 488 486; x_wconf 78' lang='grc'><strong>295</strong></span> <span class='ocrx_word' id='word_1_6' title='bbox 561 429 652 484; x_wconf 92' lang='lat' dir='ltr'><strong>Ille</strong></span> <span class='ocrx_word' id='word_1_7' title='bbox 667 425 1342 499; x_wconf 74' lang='lat' dir='ltr'><strong>minas,rigidus,jactans,</strong></span> <span class='ocrx_word' id='word_1_8' title='bbox 1363 425 1962 490; x_wconf 80' lang='lat' dir='ltr'><strong>truculentus,amarus,</strong></span> <span class='ocrx_word' id='word_1_9' title='bbox 1993 433 2046 489; x_wconf 75' lang='grc' dir='ltr'><strong>Α</strong></span> 
     </span>
    </p>
   </div>
   <div class='ocr_carea' id='block_1_4' title="bbox 563 515 1960 583">
    <p class='ocr_par' dir='ltr' id='par_1_4' title="bbox 563 515 1960 583">
     <span class='ocr_line' id='line_1_4' title="bbox 563 515 1960 583; baseline -0.004 -10"><span class='ocrx_word' id='word_1_10' title='bbox 563 520 697 573; x_wconf 89' lang='lat' dir='ltr'><strong>Dum</strong></span> <span class='ocrx_word' id='word_1_11' title='bbox 721 527 890 572; x_wconf 91' lang='lat' dir='ltr'><strong>tumet</strong></span> <span class='ocrx_word' id='word_1_12' title='bbox 911 517 1244 583; x_wconf 89' lang='lat' dir='ltr'><strong>indomitum,</strong></span> <span class='ocrx_word' id='word_1_13' title='bbox 1267 517 1392 571; x_wconf 91' lang='lat' dir='ltr'><strong>dum</strong></span> <span class='ocrx_word' id='word_1_14' title='bbox 1417 515 1746 571; x_wconf 78' lang='lat' dir='ltr'><strong>formidabile</strong></span> <span class='ocrx_word' id='word_1_15' title='bbox 1773 515 1960 582; x_wconf 83' lang='lat' dir='ltr'><strong>fervet,</strong></span> 
     </span>
    </p>
   </div>
   <div class='ocr_carea' id='block_1_5' title="bbox 560 609 1960 680">
    <p class='ocr_par' dir='ltr' id='par_1_5' title="bbox 560 609 1960 680">
     <span class='ocr_line' id='line_1_5' title="bbox 560 609 1960 680; baseline -0.004 -14"><span class='ocrx_word' id='word_1_16' title='bbox 560 611 698 666; x_wconf 86' lang='lat' dir='ltr'><strong>Dum</strong></span> <span class='ocrx_word' id='word_1_17' title='bbox 729 625 852 666; x_wconf 88' lang='lat' dir='ltr'><strong>sese</strong></span> <span class='ocrx_word' id='word_1_18' title='bbox 880 619 1115 664; x_wconf 76' lang='lat' dir='ltr'><strong>ostentat</strong></span> <span class='ocrx_word' id='word_1_19' title='bbox 1137 610 1326 680; x_wconf 74' lang='lat' dir='ltr'><strong>clypeo</strong></span> <span class='ocrx_word' id='word_1_20' title='bbox 1345 653 1358 676; x_wconf 89' lang='lat'><strong>,</strong></span> <span class='ocrx_word' id='word_1_21' title='bbox 1386 610 1510 664; x_wconf 88' lang='lat' dir='ltr'><strong>dum</strong></span> <span class='ocrx_word' id='word_1_22' title='bbox 1536 609 1746 662; x_wconf 82' lang='lat' dir='ltr'><strong>territat</strong></span> <span class='ocrx_word' id='word_1_23' title='bbox 1767 623 1924 662; x_wconf 83' lang='lat' dir='ltr'><strong>auras</strong></span> <span class='ocrx_word' id='word_1_24' title='bbox 1949 625 1960 661; x_wconf 90' lang='lat'><strong>:</strong></span> 
     </span>
    </p>
   </div>
   <div class='ocr_carea' id='block_1_6' title="bbox 563 697 1857 769">
    <p class='ocr_par' dir='ltr' id='par_1_6' title="bbox 563 697 1857 769">
     <span class='ocr_line' id='line_1_6' title="bbox 563 697 1857 769; baseline -0.003 -15"><span class='ocrx_word' id='word_1_25' title='bbox 563 701 830 769; x_wconf 77' lang='lat' dir='ltr'><strong>Expertus</strong></span> <span class='ocrx_word' id='word_1_26' title='bbox 851 743 866 766; x_wconf 91' lang='lat'><strong>,</strong></span> <span class='ocrx_word' id='word_1_27' title='bbox 901 700 1052 768; x_wconf 90' lang='lat' dir='ltr'><strong>pueri</strong></span> <span class='ocrx_word' id='word_1_28' title='bbox 1079 699 1202 766; x_wconf 87' lang='lat' dir='ltr'><strong>quid</strong></span> <span class='ocrx_word' id='word_1_29' title='bbox 1237 700 1438 766; x_wconf 86' lang='lat' dir='ltr'><strong>possint</strong></span> <span class='ocrx_word' id='word_1_30' title='bbox 1465 697 1666 752; x_wconf 88' lang='lat' dir='ltr'><strong>ludicra</strong></span> <span class='ocrx_word' id='word_1_31' title='bbox 1691 699 1857 766; x_wconf 88' lang='lat' dir='ltr'><strong>parvi,</strong></span> 
     </span>
    </p>
   </div>
   <div class='ocr_carea' id='block_1_7' title="bbox 558 787 1786 844">
    <p class='ocr_par' dir='ltr' id='par_1_7' title="bbox 558 787 1786 844">
     <span class='ocr_line' id='line_1_7' title="bbox 558 787 1786 844; baseline -0.003 0"><span class='ocrx_word' id='word_1_32' title='bbox 558 789 850 844; x_wconf 85' lang='lat' dir='ltr'><strong>Succubuit</strong></span> <span class='ocrx_word' id='word_1_33' title='bbox 879 791 1078 844; x_wconf 83' lang='lat' dir='ltr'><strong>teneris</strong></span> <span class='ocrx_word' id='word_1_34' title='bbox 1099 789 1322 843; x_wconf 84' lang='lat' dir='ltr'><strong>bellator</strong></span> <span class='ocrx_word' id='word_1_35' title='bbox 1347 788 1586 842; x_wconf 79' lang='lat' dir='ltr'><strong>turbidus</strong></span> <span class='ocrx_word' id='word_1_36' title='bbox 1613 787 1786 841; x_wconf 86' lang='lat' dir='ltr'><strong>annis.</strong></span> 
     </span>
    </p>
   </div>
   <div class='ocr_carea' id='block_1_8' title="bbox 563 879 1750 946">
    <p class='ocr_par' dir='ltr' id='par_1_8' title="bbox 563 879 1750 946">
     <span class='ocr_line' id='line_1_8' title="bbox 563 879 1750 946; baseline -0.002 -12"><span class='ocrx_word' id='word_1_37' title='bbox 563 880 646 934; x_wconf 83' lang='lat' dir='ltr'><strong>Me</strong></span> <span class='ocrx_word' id='word_1_38' title='bbox 677 889 802 934; x_wconf 91' lang='lat' dir='ltr'><strong>tunc</strong></span> <span class='ocrx_word' id='word_1_39' title='bbox 829 881 920 933; x_wconf 88' lang='lat' dir='ltr'><strong>ille</strong></span> <span class='ocrx_word' id='word_1_40' title='bbox 941 895 1070 946; x_wconf 87' lang='lat' dir='ltr'><strong>puer</strong></span> <span class='ocrx_word' id='word_1_41' title='bbox 1095 879 1304 932; x_wconf 87' lang='lat' dir='ltr'><strong>virtutis</strong></span> <span class='ocrx_word' id='word_1_42' title='bbox 1334 879 1470 946; x_wconf 87' lang='lat' dir='ltr'><strong>pube</strong></span> <span class='ocrx_word' id='word_1_43' title='bbox 1505 887 1750 946; x_wconf 91' lang='lat' dir='ltr'><strong>secutus,</strong></span> 
     </span>
    </p>
   </div>
   <div class='ocr_carea' id='block_1_9' title="bbox 563 967 1966 1036">
    <p class='ocr_par' dir='ltr' id='par_1_9' title="bbox 563 967 1966 1036">
     <span class='ocr_line' id='line_1_9' title="bbox 563 967 1966 1036; baseline -0.002 -12"><span class='ocrx_word' id='word_1_44' title='bbox 563 970 842 1025; x_wconf 83' lang='lat' dir='ltr'><strong>Florentes</strong></span> <span class='ocrx_word' id='word_1_45' title='bbox 863 971 1071 1024; x_wconf 87' lang='lat' dir='ltr'><strong>animos</strong></span> <span class='ocrx_word' id='word_1_46' title='bbox 1095 983 1302 1022; x_wconf 80' lang='lat' dir='ltr'><strong>sursum</strong></span> <span class='ocrx_word' id='word_1_47' title='bbox 1327 969 1376 1022; x_wconf 90' lang='lat' dir='ltr'><strong>in</strong></span> <span class='ocrx_word' id='word_1_48' title='bbox 1401 983 1514 1022; x_wconf 89' lang='lat' dir='ltr'><strong>mea</strong></span> <span class='ocrx_word' id='word_1_49' title='bbox 1534 983 1696 1036; x_wconf 75' lang='lat' dir='ltr'><strong>regna</strong></span> <span class='ocrx_word' id='word_1_50' title='bbox 1721 967 1966 1034; x_wconf 85' lang='lat' dir='ltr'><strong>tetendit,</strong></span> 
     </span>
    </p>
   </div>
   <div class='ocr_carea' id='block_1_10' title="bbox 569 1059 1898 1129">
    <p class='ocr_par' dir='ltr' id='par_1_10' title="bbox 569 1059 1898 1129">
     <span class='ocr_line' id='line_1_10' title="bbox 569 1059 1898 1129; baseline -0.002 -14"><span class='ocrx_word' id='word_1_51' title='bbox 569 1061 821 1118; x_wconf 81' lang='lat' dir='ltr'><strong>Servatur</strong></span> <span class='ocrx_word' id='word_1_52' title='bbox 847 1075 948 1129; x_wconf 86' lang='lat' dir='ltr'><strong>qua</strong></span> <span class='ocrx_word' id='word_1_53' title='bbox 978 1069 1122 1114; x_wconf 87' lang='lat' dir='ltr'><strong>certa</strong></span> <span class='ocrx_word' id='word_1_54' title='bbox 1147 1059 1276 1113; x_wconf 80' lang='lat' dir='ltr'><strong>mihi</strong></span> <span class='ocrx_word' id='word_1_55' title='bbox 1304 1059 1492 1114; x_wconf 90' lang='lat' dir='ltr'><strong>domus</strong></span> <span class='ocrx_word' id='word_1_56' title='bbox 1520 1060 1898 1128; x_wconf 86' lang='lat' dir='ltr'><strong>omnipotentis</strong></span> 
     </span>
    </p>
   </div>
   <div class='ocr_carea' id='block_1_11' title="bbox 386 880 494 936">
    <p class='ocr_par' dir='ltr' id='par_1_11' title="bbox 386 880 494 936">
     <span class='ocr_line' id='line_1_11' title="bbox 386 880 494 936; baseline 0.009 -1"><span class='ocrx_word' id='word_1_57' title='bbox 386 880 494 936; x_wconf 85' lang='grc'><strong>500</strong></span> 
     </span>
    </p>
   </div>
   <div class='ocr_carea' id='block_1_12' title="bbox 569 1148 1970 1220">
    <p class='ocr_par' dir='ltr' id='par_1_12' title="bbox 569 1148 1970 1220">
     <span class='ocr_line' id='line_1_12' title="bbox 569 1148 1970 1220; baseline -0.004 -12"><span class='ocrx_word' id='word_1_58' title='bbox 569 1151 682 1208; x_wconf 84' lang='lat' dir='ltr'><strong>Sub</strong></span> <span class='ocrx_word' id='word_1_59' title='bbox 717 1150 942 1220; x_wconf 78' lang='lat' dir='ltr'><strong>pedibus</strong></span> <span class='ocrx_word' id='word_1_60' title='bbox 982 1149 1232 1214; x_wconf 89' lang='lat' dir='ltr'><strong>Domini,</strong></span> <span class='ocrx_word' id='word_1_61' title='bbox 1275 1163 1466 1218; x_wconf 89' lang='lat' dir='ltr'><strong>meque</strong></span> <span class='ocrx_word' id='word_1_62' title='bbox 1499 1148 1564 1202; x_wconf 91' lang='lat' dir='ltr'><strong>ad</strong></span> <span class='ocrx_word' id='word_1_63' title='bbox 1605 1148 1832 1202; x_wconf 87' lang='lat' dir='ltr'><strong>sublime</strong></span> <span class='ocrx_word' id='word_1_64' title='bbox 1873 1163 1970 1202; x_wconf 87' lang='lat' dir='ltr'><strong>vo-</strong></span> 
     </span>
    </p>
   </div>
   <div class='ocr_carea' id='block_1_13' title="bbox 1683 1247 1896 1294">
    <p class='ocr_par' dir='ltr' id='par_1_13' title="bbox 1683 1247 1896 1294">
     <span class='ocr_line' id='line_1_13' title="bbox 1683 1247 1896 1294; baseline 0 -2"><span class='ocrx_word' id='word_1_65' title='bbox 1683 1247 1896 1294; x_wconf 88' lang='lat' dir='ltr'><strong>cantem</strong></span> 
     </span>
    </p>
   </div>
   <div class='ocr_carea' id='block_1_14' title="bbox 559 1237 1948 1400">
    <p class='ocr_par' dir='ltr' id='par_1_14' title="bbox 559 1237 1948 1400">
     <span class='ocr_line' id='line_1_14' title="bbox 1683 1247 1896 1294; baseline 0 -2"><span class='ocrx_word' id='word_1_66' title='bbox 1683 1247 1896 1294; x_wconf 89' lang='lat' dir='ltr'><strong>cantem</strong></span> 
     </span>
     <span class='ocr_line' id='line_1_15' title="bbox 559 1237 1948 1400; baseline -0.001 -18"><span class='ocrx_word' id='word_1_67' title='bbox 559 1330 718 1400; x_wconf 79' lang='lat'><strong>615</strong></span> <span class='ocrx_word' id='word_1_68' title='bbox 747 1329 990 1382; x_wconf 75' lang='lat' dir='ltr'><strong>Victores</strong></span> <span class='ocrx_word' id='word_1_69' title='bbox 1015 1341 1152 1382; x_wconf 71' lang='lat' dir='ltr'><strong>caesa</strong></span> <span class='ocrx_word' id='word_1_70' title='bbox 1182 1326 1462 1396; x_wconf 88' lang='lat' dir='ltr'><strong>culparum</strong></span> <span class='ocrx_word' id='word_1_71' title='bbox 1486 1326 1605 1382; x_wconf 91' lang='lat' dir='ltr'><strong>labe</strong></span> <span class='ocrx_word' id='word_1_72' title='bbox 1636 1237 1948 1394; x_wconf 41' lang='lat' dir='ltr'><strong>capessunt.</strong></span> 
     </span>
    </p>
   </div>
   <div class='ocr_carea' id='block_1_15' title="bbox 387 1421 1821 1490">
    <p class='ocr_par' dir='ltr' id='par_1_15' title="bbox 387 1421 1821 1490">
     <span class='ocr_line' id='line_1_16' title="bbox 387 1421 1821 1490; baseline -0.001 -12"><span class='ocrx_word' id='word_1_73' title='bbox 387 1421 494 1480; x_wconf 77' lang='grc'><strong>505</strong></span> <span class='ocrx_word' id='word_1_74' title='bbox 564 1423 708 1478; x_wconf 74' lang='lat' dir='ltr'><strong>Dixit</strong></span> <span class='ocrx_word' id='word_1_75' title='bbox 737 1431 792 1476; x_wconf 88' lang='lat' dir='ltr'><strong>et</strong></span> <span class='ocrx_word' id='word_1_76' title='bbox 820 1422 1021 1476; x_wconf 80' lang='lat' dir='ltr'><strong>auratis</strong></span> <span class='ocrx_word' id='word_1_77' title='bbox 1050 1421 1428 1490; x_wconf 65' lang='lat' dir='ltr'><strong>priestringens</strong></span> <span class='ocrx_word' id='word_1_78' title='bbox 1453 1436 1576 1476; x_wconf 89' lang='lat' dir='ltr'><strong>aera</strong></span> <span class='ocrx_word' id='word_1_79' title='bbox 1607 1422 1821 1490; x_wconf 87' lang='lat' dir='ltr'><strong>pennis,</strong></span> 
     </span>
    </p>
   </div>
   <div class='ocr_carea' id='block_1_16' title="bbox 2247 424 3497 494">
    <p class='ocr_par' dir='ltr' id='par_1_16' title="bbox 2247 424 3497 494">
     <span class='ocr_line' id='line_1_17' title="bbox 2247 424 3497 494; baseline 0.004 -16"><span class='ocrx_word' id='word_1_80' title='bbox 2247 425 2302 478; x_wconf 89' lang='lat' dir='ltr'><strong>lu</strong></span> <span class='ocrx_word' id='word_1_81' title='bbox 2325 424 2519 478; x_wconf 78' lang='lat' dir='ltr'><strong>cmlum</strong></span> <span class='ocrx_word' id='word_1_82' title='bbox 2551 437 2609 478; x_wconf 89' lang='lat' dir='ltr'><strong>se</strong></span> <span class='ocrx_word' id='word_1_83' title='bbox 2633 425 2782 494; x_wconf 84' lang='lat' dir='ltr'><strong>virgo</strong></span> <span class='ocrx_word' id='word_1_84' title='bbox 2805 425 2942 494; x_wconf 81' lang='lat' dir='ltr'><strong>rapit</strong></span> <span class='ocrx_word' id='word_1_85' title='bbox 2967 443 2978 476; x_wconf 87' lang='lat'><strong>:</strong></span> <span class='ocrx_word' id='word_1_86' title='bbox 3009 425 3265 480; x_wconf 82' lang='lat' dir='ltr'><strong>mirantur</strong></span> <span class='ocrx_word' id='word_1_87' title='bbox 3283 437 3497 483; x_wconf 87' lang='lat' dir='ltr'><strong>euntem</strong></span> 
     </span>
    </p>
   </div>
   <div class='ocr_carea' id='block_1_17' title="bbox 2249 517 3602 588">
    <p class='ocr_par' dir='ltr' id='par_1_17' title="bbox 2249 517 3602 588">
     <span class='ocr_line' id='line_1_18' title="bbox 2249 517 3602 588; baseline 0.007 -20"><span class='ocrx_word' id='word_1_88' title='bbox 2249 517 2504 580; x_wconf 72' lang='lat' dir='ltr'><strong>Virtutes,</strong></span> <span class='ocrx_word' id='word_1_89' title='bbox 2539 517 2833 584; x_wconf 86' lang='lat' dir='ltr'><strong>tolluntque</strong></span> <span class='ocrx_word' id='word_1_90' title='bbox 2861 517 3070 572; x_wconf 90' lang='lat' dir='ltr'><strong>animos</strong></span> <span class='ocrx_word' id='word_1_91' title='bbox 3093 519 3142 571; x_wconf 92' lang='lat' dir='ltr'><strong>in</strong></span> <span class='ocrx_word' id='word_1_92' title='bbox 3168 527 3322 588; x_wconf 87' lang='lat' dir='ltr'><strong>vota,</strong></span> <span class='ocrx_word' id='word_1_93' title='bbox 3359 520 3602 578; x_wconf 87' lang='lat' dir='ltr'><strong>volentes</strong></span> 
     </span>
    </p>
   </div>
   <div class='ocr_carea' id='block_1_18' title="bbox 2248 609 3534 673">
    <p class='ocr_par' dir='ltr' id='par_1_18' title="bbox 2248 609 3534 673">
     <span class='ocr_line' id='line_1_19' title="bbox 2248 609 3534 673; baseline 0.003 -11"><span class='ocrx_word' id='word_1_94' title='bbox 2248 611 2328 662; x_wconf 88' lang='lat' dir='ltr'><strong>lre</strong></span> <span class='ocrx_word' id='word_1_95' title='bbox 2357 609 2536 673; x_wconf 88' lang='lat' dir='ltr'><strong>simul,</strong></span> <span class='ocrx_word' id='word_1_96' title='bbox 2569 609 2621 662; x_wconf 89' lang='lat' dir='ltr'><strong>ui</strong></span> <span class='ocrx_word' id='word_1_97' title='bbox 2646 609 2784 662; x_wconf 88' lang='lat' dir='ltr'><strong>bella</strong></span> <span class='ocrx_word' id='word_1_98' title='bbox 2815 609 2978 664; x_wconf 88' lang='lat' dir='ltr'><strong>duces</strong></span> <span class='ocrx_word' id='word_1_99' title='bbox 3009 619 3218 666; x_wconf 89' lang='lat' dir='ltr'><strong>terrena</strong></span> <span class='ocrx_word' id='word_1_100' title='bbox 3241 614 3534 668; x_wconf 85' lang='lat' dir='ltr'><strong>retardent.</strong></span> 
     </span>
    </p>
   </div>
   <div class='ocr_carea' id='block_1_19' title="bbox 2245 701 3639 770">
    <p class='ocr_par' dir='ltr' id='par_1_19' title="bbox 2245 701 3639 770">
     <span class='ocr_line' id='line_1_20' title="bbox 2245 701 3639 770; baseline 0.003 -16"><span class='ocrx_word' id='word_1_101' title='bbox 2245 701 2546 770; x_wconf 80' lang='lat' dir='ltr'><strong>Conﬂigunt</strong></span> <span class='ocrx_word' id='word_1_102' title='bbox 2565 701 2726 763; x_wconf 86' lang='lat' dir='ltr'><strong>vitiis,</strong></span> <span class='ocrx_word' id='word_1_103' title='bbox 2751 715 2914 769; x_wconf 86' lang='lat' dir='ltr'><strong>seque</strong></span> <span class='ocrx_word' id='word_1_104' title='bbox 2942 701 3005 754; x_wconf 90' lang='lat' dir='ltr'><strong>ad</strong></span> <span class='ocrx_word' id='word_1_105' title='bbox 3035 715 3126 755; x_wconf 89' lang='lat' dir='ltr'><strong>sua</strong></span> <span class='ocrx_word' id='word_1_106' title='bbox 3161 704 3377 770; x_wconf 65' lang='lat' dir='ltr'><strong>praemia</strong></span> <span class='ocrx_word' id='word_1_107' title='bbox 3402 713 3639 760; x_wconf 89' lang='lat' dir='ltr'><strong>servant.</strong></span> 
     </span>
    </p>
   </div>
   <div class='ocr_carea' id='block_1_20' title="bbox 2245 789 3466 847">
    <p class='ocr_par' dir='ltr' id='par_1_20' title="bbox 2245 789 3466 847">
     <span class='ocr_line' id='line_1_21' title="bbox 2245 789 3466 847; baseline 0.003 -4"><span class='ocrx_word' id='word_1_108' title='bbox 2245 789 2472 844; x_wconf 75' lang='lat' dir='ltr'><strong>Venerat</strong></span> <span class='ocrx_word' id='word_1_109' title='bbox 2507 791 2741 844; x_wconf 84' lang='lat' dir='ltr'><strong>occiduis</strong></span> <span class='ocrx_word' id='word_1_110' title='bbox 2773 791 2952 844; x_wconf 88' lang='lat' dir='ltr'><strong>mundi</strong></span> <span class='ocrx_word' id='word_1_111' title='bbox 2983 792 3048 844; x_wconf 84' lang='lat' dir='ltr'><strong>de</strong></span> <span class='ocrx_word' id='word_1_112' title='bbox 3073 793 3266 846; x_wconf 75' lang='lat' dir='ltr'><strong>finibus</strong></span> <span class='ocrx_word' id='word_1_113' title='bbox 3299 794 3466 847; x_wconf 73' lang='lat' dir='ltr'><strong>hosﬁs</strong></span> 
     </span>
    </p>
   </div>
   <div class='ocr_carea' id='block_1_21' title="bbox 2243 882 3638 956">
    <p class='ocr_par' dir='ltr' id='par_1_21' title="bbox 2243 882 3638 956">
     <span class='ocr_line' id='line_1_22' title="bbox 2243 882 3638 956; baseline 0.004 -21"><span class='ocrx_word' id='word_1_114' title='bbox 2243 883 2406 954; x_wconf 79' lang='lat'><strong>616</strong></span> <span class='ocrx_word' id='word_1_115' title='bbox 2433 882 2690 946; x_wconf 83' lang='lat' dir='ltr'><strong>Luxuria,</strong></span> <span class='ocrx_word' id='word_1_116' title='bbox 2735 883 3014 936; x_wconf 64' lang='lat' dir='ltr'><strong>exstinctae</strong></span> <span class='ocrx_word' id='word_1_117' title='bbox 3042 885 3149 950; x_wconf 86' lang='lat' dir='ltr'><strong>jam</strong></span> <span class='ocrx_word' id='word_1_118' title='bbox 3177 885 3375 938; x_wconf 89' lang='lat' dir='ltr'><strong>dudum</strong></span> <span class='ocrx_word' id='word_1_119' title='bbox 3421 886 3638 956; x_wconf 85' lang='lat' dir='ltr'><strong>prodiga</strong></span> 
     </span>
    </p>
   </div>
   <div class='ocr_carea' id='block_1_22' title="bbox 3369 975 3570 1049">
    <p class='ocr_par' dir='ltr' id='par_1_22' title="bbox 3369 975 3570 1049">
     <span class='ocr_line' id='line_1_23' title="bbox 3369 975 3570 1049; baseline 0.01 -21"><span class='ocrx_word' id='word_1_120' title='bbox 3369 975 3570 1049; x_wconf 65' lang='lat' dir='ltr'><strong>Hamae,</strong></span> 
     </span>
    </p>
   </div>
   <div class='ocr_carea' id='block_1_23' title="bbox 2253 1065 3574 1136">
    <p class='ocr_par' dir='ltr' id='par_1_23' title="bbox 2253 1065 3574 1136">
     <span class='ocr_line' id='line_1_24' title="bbox 2253 1065 3574 1136; baseline 0.005 -18"><span class='ocrx_word' id='word_1_121' title='bbox 2253 1065 2492 1120; x_wconf 85' lang='lat' dir='ltr'><strong>Delibnta</strong></span> <span class='ocrx_word' id='word_1_122' title='bbox 2524 1079 2724 1126; x_wconf 87' lang='lat' dir='ltr'><strong>comas,</strong></span> <span class='ocrx_word' id='word_1_123' title='bbox 2751 1065 2920 1119; x_wconf 84' lang='lat' dir='ltr'><strong>oculis</strong></span> <span class='ocrx_word' id='word_1_124' title='bbox 2945 1080 3070 1134; x_wconf 83' lang='lat' dir='ltr'><strong>vaga</strong></span> <span class='ocrx_word' id='word_1_125' title='bbox 3095 1107 3107 1128; x_wconf 92' lang='lat'><strong>,</strong></span> <span class='ocrx_word' id='word_1_126' title='bbox 3139 1066 3384 1136; x_wconf 81' lang='lat' dir='ltr'><strong>languida</strong></span> <span class='ocrx_word' id='word_1_127' title='bbox 3415 1083 3574 1134; x_wconf 90' lang='lat' dir='ltr'><strong>voce,</strong></span> 
     </span>
    </p>
   </div>
   <div class='ocr_carea' id='block_1_24' title="bbox 2251 1155 3498 1226">
    <p class='ocr_par' dir='ltr' id='par_1_24' title="bbox 2251 1155 3498 1226">
     <span class='ocr_line' id='line_1_25' title="bbox 2251 1155 3498 1226; baseline 0.004 -19"><span class='ocrx_word' id='word_1_128' title='bbox 2251 1155 2462 1209; x_wconf 86' lang='lat' dir='ltr'><strong>Perdita</strong></span> <span class='ocrx_word' id='word_1_129' title='bbox 2493 1155 2701 1208; x_wconf 85' lang='lat' dir='ltr'><strong>deliciis</strong></span> <span class='ocrx_word' id='word_1_130' title='bbox 2732 1171 2744 1206; x_wconf 91' lang='lat'><strong>:</strong></span> <span class='ocrx_word' id='word_1_131' title='bbox 2777 1155 2900 1208; x_wconf 66' lang='lat' dir='ltr'><strong>vitae</strong></span> <span class='ocrx_word' id='word_1_132' title='bbox 2929 1157 3014 1208; x_wconf 88' lang='lat' dir='ltr'><strong>cui</strong></span> <span class='ocrx_word' id='word_1_133' title='bbox 3045 1170 3200 1210; x_wconf 88' lang='lat' dir='ltr'><strong>causa</strong></span> <span class='ocrx_word' id='word_1_134' title='bbox 3233 1157 3498 1226; x_wconf 87' lang='lat' dir='ltr'><strong>voluptas,</strong></span> 
     </span>
    </p>
   </div>
   <div class='ocr_carea' id='block_1_25' title="bbox 2247 1246 3640 1314">
    <p class='ocr_par' dir='ltr' id='par_1_25' title="bbox 2247 1246 3640 1314">
     <span class='ocr_line' id='line_1_26' title="bbox 2247 1246 3640 1314; baseline 0.003 -14"><span class='ocrx_word' id='word_1_135' title='bbox 2247 1246 2522 1300; x_wconf 86' lang='lat' dir='ltr'><strong>Elumbem</strong></span> <span class='ocrx_word' id='word_1_136' title='bbox 2557 1246 2764 1300; x_wconf 89' lang='lat' dir='ltr'><strong>mollire</strong></span> <span class='ocrx_word' id='word_1_137' title='bbox 2791 1248 3048 1310; x_wconf 89' lang='lat' dir='ltr'><strong>animum,</strong></span> <span class='ocrx_word' id='word_1_138' title='bbox 3080 1248 3380 1314; x_wconf 86' lang='lat' dir='ltr'><strong>petulanter</strong></span> <span class='ocrx_word' id='word_1_139' title='bbox 3404 1263 3640 1304; x_wconf 72' lang='lat' dir='ltr'><strong>ammnas</strong></span> 
     </span>
    </p>
   </div>
   <div class='ocr_carea' id='block_1_26' title="bbox 2073 1337 3640 1404">
    <p class='ocr_par' dir='ltr' id='par_1_26' title="bbox 2073 1337 3640 1404">
     <span class='ocr_line' id='line_1_27' title="bbox 2073 1337 3640 1404; baseline 0.004 -14"><span class='ocrx_word' id='word_1_140' title='bbox 2073 1337 2177 1392; x_wconf 80' lang='grc'><strong>515</strong></span> <span class='ocrx_word' id='word_1_141' title='bbox 2251 1337 2475 1392; x_wconf 87' lang='lat' dir='ltr'><strong>llaurire</strong></span> <span class='ocrx_word' id='word_1_142' title='bbox 2504 1337 2820 1404; x_wconf 85' lang='lat' dir='ltr'><strong>illecebras,</strong></span> <span class='ocrx_word' id='word_1_143' title='bbox 2867 1347 2922 1392; x_wconf 90' lang='lat' dir='ltr'><strong>et</strong></span> <span class='ocrx_word' id='word_1_144' title='bbox 2951 1337 3148 1394; x_wconf 84' lang='lat' dir='ltr'><strong>fractos</strong></span> <span class='ocrx_word' id='word_1_145' title='bbox 3184 1339 3396 1396; x_wconf 86' lang='lat' dir='ltr'><strong>solvere</strong></span> <span class='ocrx_word' id='word_1_146' title='bbox 3429 1357 3640 1398; x_wconf 81' lang='lat' dir='ltr'><strong>sensus.</strong></span> 
     </span>
    </p>
   </div>
   <div class='ocr_carea' id='block_1_27' title="bbox 2245 1428 3640 1498">
    <p class='ocr_par' dir='ltr' id='par_1_27' title="bbox 2245 1428 3640 1498">
     <span class='ocr_line' id='line_1_28' title="bbox 2245 1428 3640 1498; baseline 0.004 -16"><span class='ocrx_word' id='word_1_147' title='bbox 2245 1428 2323 1482; x_wconf 85' lang='lat' dir='ltr'><strong>Ac</strong></span> <span class='ocrx_word' id='word_1_148' title='bbox 2357 1437 2482 1482; x_wconf 89' lang='lat' dir='ltr'><strong>tunc</strong></span> <span class='ocrx_word' id='word_1_149' title='bbox 2513 1429 2824 1498; x_wconf 79' lang='lat' dir='ltr'><strong>pervigilem</strong></span> <span class='ocrx_word' id='word_1_150' title='bbox 2859 1429 3102 1484; x_wconf 87' lang='lat' dir='ltr'><strong>ructabat</strong></span> <span class='ocrx_word' id='word_1_151' title='bbox 3129 1431 3362 1486; x_wconf 82' lang='lat' dir='ltr'><strong>marcida</strong></span> <span class='ocrx_word' id='word_1_152' title='bbox 3386 1447 3594 1488; x_wconf 68' lang='lat' dir='ltr'><strong>caenam</strong></span> <span class='ocrx_word' id='word_1_153' title='bbox 3625 1451 3640 1488; x_wconf 85' lang='lat'><strong>:</strong></span> 
     </span>
    </p>
   </div>
   <div class='ocr_carea' id='block_1_28' title="bbox 2067 792 2172 846">
    <p class='ocr_par' dir='ltr' id='par_1_28' title="bbox 2067 792 2172 846">
     <span class='ocr_line' id='line_1_29' title="bbox 2067 792 2172 846; baseline 0 -1"><span class='ocrx_word' id='word_1_154' title='bbox 2067 792 2172 846; x_wconf 87' lang='grc'><strong>510</strong></span> 
     </span>
    </p>
   </div>
   <div class='ocr_carea' id='block_1_29' title="bbox 1685 1511 2344 1572">
    <p class='ocr_par' dir='ltr' id='par_1_29' title="bbox 1685 1511 2344 1572">
     <span class='ocr_line' id='line_1_30' title="bbox 1685 1511 2344 1572; baseline 0.006 -4"><span class='ocrx_word' id='word_1_155' title='bbox 1685 1511 1966 1568; x_wconf 71' lang='lat' dir='ltr'><strong>GLOSSE</strong></span> <span class='ocrx_word' id='word_1_156' title='bbox 2011 1514 2344 1572; x_wconf 80' lang='lat' dir='ltr'><strong>VETERES.</strong></span> 
     </span>
    </p>
   </div>
   <div class='ocr_carea' id='block_1_30' title="bbox 457 1600 1280 1670">
    <p class='ocr_par' dir='ltr' id='par_1_30' title="bbox 457 1600 1280 1670">
     <span class='ocr_line' id='line_1_31' title="bbox 457 1600 1280 1670; baseline -0.002 -14"><span class='ocrx_word' id='word_1_157' title='bbox 457 1603 582 1656; x_wconf 74' lang='lat'><strong>295.</strong></span> <span class='ocrx_word' id='word_1_158' title='bbox 614 1601 988 1670; x_wconf 87' lang='lat' dir='ltr'><strong>Truculentus,</strong></span> <span class='ocrx_word' id='word_1_159' title='bbox 1021 1612 1212 1666; x_wconf 82' lang='lat' dir='ltr'><strong>torvus,</strong></span> <span class='ocrx_word' id='word_1_160' title='bbox 1239 1600 1280 1654; x_wconf 94' lang='grc'><strong>1.</strong></span> 
     </span>
    </p>
   </div>
   <div class='ocr_carea' id='block_1_31' title="bbox 459 1671 1970 1738">
    <p class='ocr_par' dir='ltr' id='par_1_31' title="bbox 459 1671 1970 1738">
     <span class='ocr_line' id='line_1_32' title="bbox 459 1671 1970 1738; baseline 0.001 -13"><span class='ocrx_word' id='word_1_161' title='bbox 459 1674 584 1727; x_wconf 74' lang='grc'><strong>290.</strong></span> <span class='ocrx_word' id='word_1_162' title='bbox 616 1672 955 1736; x_wconf 89' lang='lat' dir='ltr'><strong>Indomitum,</strong></span> <span class='ocrx_word' id='word_1_163' title='bbox 987 1673 1252 1726; x_wconf 72' lang='lat' dir='ltr'><strong>indomita.</strong></span> <span class='ocrx_word' id='word_1_164' title='bbox 1283 1702 1350 1711; x_wconf 96' lang='lat'><strong>—</strong></span> <span class='ocrx_word' id='word_1_165' title='bbox 1381 1671 1758 1738; x_wconf 88' lang='lat' dir='ltr'><strong>Formidabile,</strong></span> <span class='ocrx_word' id='word_1_166' title='bbox 1792 1672 1970 1726; x_wconf 87' lang='lat' dir='ltr'><strong>adver-</strong></span> 
     </span>
    </p>
   </div>
   <div class='ocr_carea' id='block_1_32' title="bbox 391 1743 1152 1811">
    <p class='ocr_par' dir='ltr' id='par_1_32' title="bbox 391 1743 1152 1811">
     <span class='ocr_line' id='line_1_33' title="bbox 391 1743 1152 1811; baseline -0.001 -14"><span class='ocrx_word' id='word_1_167' title='bbox 391 1745 542 1797; x_wconf 83' lang='lat' dir='ltr'><strong>bium.</strong></span> <span class='ocrx_word' id='word_1_168' title='bbox 566 1771 638 1781; x_wconf 96' lang='lat'><strong>—</strong></span> <span class='ocrx_word' id='word_1_169' title='bbox 663 1745 872 1806; x_wconf 81' lang='lat' dir='ltr'><strong>Terret,</strong></span> <span class='ocrx_word' id='word_1_170' title='bbox 905 1743 1077 1811; x_wconf 83' lang='lat' dir='ltr'><strong>fervet,</strong></span> <span class='ocrx_word' id='word_1_171' title='bbox 1113 1743 1152 1796; x_wconf 92' lang='grc'><strong>1.</strong></span> 
     </span>
    </p>
   </div>
   <div class='ocr_carea' id='block_1_33' title="bbox 457 1813 1033 1876">
    <p class='ocr_par' dir='ltr' id='par_1_33' title="bbox 457 1813 1033 1876">
     <span class='ocr_line' id='line_1_34' title="bbox 457 1813 1033 1876; baseline -0.002 -11"><span class='ocrx_word' id='word_1_172' title='bbox 457 1814 581 1868; x_wconf 72' lang='grc'><strong>504.</strong></span> <span class='ocrx_word' id='word_1_173' title='bbox 611 1813 780 1876; x_wconf 67' lang='lat' dir='ltr'><strong>Cassa,</strong></span> <span class='ocrx_word' id='word_1_174' title='bbox 812 1815 960 1876; x_wconf 80' lang='lat' dir='ltr'><strong>victa,</strong></span> <span class='ocrx_word' id='word_1_175' title='bbox 995 1814 1033 1864; x_wconf 90' lang='grc'><strong>1.</strong></span> 
     </span>
    </p>
   </div>
   <div class='ocr_carea' id='block_1_34' title="bbox 459 1881 1962 1949">
    <p class='ocr_par' dir='ltr' id='par_1_34' title="bbox 459 1881 1962 1949">
     <span class='ocr_line' id='line_1_35' title="bbox 459 1881 1962 1949; baseline -0.001 -13"><span class='ocrx_word' id='word_1_176' title='bbox 459 1883 581 1936; x_wconf 83' lang='grc'><strong>505.</strong></span> <span class='ocrx_word' id='word_1_177' title='bbox 617 1884 681 1935; x_wconf 91' lang='lat' dir='ltr'><strong>Et</strong></span> <span class='ocrx_word' id='word_1_178' title='bbox 717 1883 938 1949; x_wconf 84' lang='lat' dir='ltr'><strong>auratis,</strong></span> <span class='ocrx_word' id='word_1_179' title='bbox 965 1882 1228 1936; x_wconf 80' lang='lat' dir='ltr'><strong>humilitas</strong></span> <span class='ocrx_word' id='word_1_180' title='bbox 1257 1882 1486 1935; x_wconf 78' lang='lat' dir='ltr'><strong>ascendit</strong></span> <span class='ocrx_word' id='word_1_181' title='bbox 1513 1883 1564 1936; x_wconf 86' lang='lat' dir='ltr'><strong>in</strong></span> <span class='ocrx_word' id='word_1_182' title='bbox 1591 1881 1770 1935; x_wconf 80' lang='lat' dir='ltr'><strong>ctelum</strong></span> <span class='ocrx_word' id='word_1_183' title='bbox 1807 1898 1824 1936; x_wconf 92' lang='lat'><em>:</em></span> <span class='ocrx_word' id='word_1_184' title='bbox 1859 1883 1962 1935; x_wconf 86' lang='lat' dir='ltr'><strong>vir-</strong></span> 
     </span>
    </p>
   </div>
   <div class='ocr_carea' id='block_1_35' title="bbox 387 1950 1790 2018">
    <p class='ocr_par' dir='ltr' id='par_1_35' title="bbox 387 1950 1790 2018">
     <span class='ocr_line' id='line_1_36' title="bbox 387 1950 1790 2018; baseline 0 -12"><span class='ocrx_word' id='word_1_185' title='bbox 387 1962 514 2007; x_wconf 85' lang='lat' dir='ltr'><strong>tutes</strong></span> <span class='ocrx_word' id='word_1_186' title='bbox 541 1953 814 2006; x_wconf 84' lang='lat' dir='ltr'><strong>mirantur.</strong></span> <span class='ocrx_word' id='word_1_187' title='bbox 843 1981 912 1991; x_wconf 92' lang='lat'>—</span> <span class='ocrx_word' id='word_1_188' title='bbox 939 1953 1110 2016; x_wconf 85' lang='lat' dir='ltr'><strong>Aera,</strong></span> <span class='ocrx_word' id='word_1_189' title='bbox 1138 1953 1456 2006; x_wconf 81' lang='lat' dir='ltr'><strong>accusativus</strong></span> <span class='ocrx_word' id='word_1_190' title='bbox 1481 1950 1688 2006; x_wconf 67' lang='lat' dir='ltr'><strong>Graecus</strong></span> <span class='ocrx_word' id='word_1_191' title='bbox 1707 1995 1722 2018; x_wconf 93' lang='lat'><strong>,</strong></span> <span class='ocrx_word' id='word_1_192' title='bbox 1749 1953 1790 2006; x_wconf 90' lang='grc'><strong>1.</strong></span> 
     </span>
    </p>
   </div>
   <div class='ocr_carea' id='block_1_36' title="bbox 1997 1605 3148 1678">
    <p class='ocr_par' dir='ltr' id='par_1_36' title="bbox 1997 1605 3148 1678">
     <span class='ocr_line' id='line_1_37' title="bbox 1997 1605 3148 1678; baseline 0.003 -20"><span class='ocrx_word' id='word_1_193' title='bbox 1997 1607 2048 1668; x_wconf 92' lang='grc' dir='ltr'><strong>Β</strong></span> <span class='ocrx_word' id='word_1_194' title='bbox 2109 1629 2112 1632; x_wconf 60' lang='grc'><em>’</em></span> <span class='ocrx_word' id='word_1_195' title='bbox 2144 1605 2268 1678; x_wconf 85' lang='grc'><strong>509.</strong></span> <span class='ocrx_word' id='word_1_196' title='bbox 2291 1607 2618 1678; x_wconf 71' lang='lat' dir='ltr'><strong>Conflignnt,</strong></span> <span class='ocrx_word' id='word_1_197' title='bbox 2641 1617 2870 1678; x_wconf 79' lang='lat' dir='ltr'><strong>pugnant</strong></span> <span class='ocrx_word' id='word_1_198' title='bbox 2888 1607 3076 1672; x_wconf 78' lang='lat' dir='ltr'><strong>adhuc,</strong></span> 
     </span>
    </p>
   </div>
   <div class='ocr_carea' id='block_1_37' title="bbox 2144 1677 3640 1748">
    <p class='ocr_par' dir='ltr' id='par_1_37' title="bbox 2144 1677 3640 1748">
     <span class='ocr_line' id='line_1_38' title="bbox 2144 1677 3640 1748; baseline 0.005 -18"><span class='ocrx_word' id='word_1_199' title='bbox 2144 1677 2267 1748; x_wconf 76' lang='grc'><strong>511.</strong></span> <span class='ocrx_word' id='word_1_200' title='bbox 2293 1677 2407 1731; x_wconf 85' lang='lat' dir='ltr'><strong>Jam</strong></span> <span class='ocrx_word' id='word_1_201' title='bbox 2433 1677 2653 1738; x_wconf 81' lang='lat' dir='ltr'><strong>dudum,</strong></span> <span class='ocrx_word' id='word_1_202' title='bbox 2679 1679 2866 1732; x_wconf 79' lang='lat' dir='ltr'><strong>statim.</strong></span> <span class='ocrx_word' id='word_1_203' title='bbox 2892 1707 2961 1718; x_wconf 89' lang='lat'><strong>-—</strong></span> <span class='ocrx_word' id='word_1_204' title='bbox 2982 1677 3225 1748; x_wconf 81' lang='lat' dir='ltr'><strong>Prodiga,</strong></span> <span class='ocrx_word' id='word_1_205' title='bbox 3257 1682 3571 1748; x_wconf 65' lang='lat' dir='ltr'><strong>ostentatrix,</strong></span> <span class='ocrx_word' id='word_1_206' title='bbox 3599 1681 3640 1737; x_wconf 90' lang='grc'><strong>1.</strong></span> 
     </span>
    </p>
   </div>
   <div class='ocr_carea' id='block_1_38' title="bbox 2143 1747 3284 1815">
    <p class='ocr_par' dir='ltr' id='par_1_38' title="bbox 2143 1747 3284 1815">
     <span class='ocr_line' id='line_1_39' title="bbox 2143 1747 3284 1815; baseline 0.001 -16"><span class='ocrx_word' id='word_1_207' title='bbox 2143 1747 2266 1800; x_wconf 72' lang='grc'><strong>512.</strong></span> <span class='ocrx_word' id='word_1_208' title='bbox 2305 1748 2566 1813; x_wconf 78' lang='lat' dir='ltr'><strong>llelibttta,</strong></span> <span class='ocrx_word' id='word_1_209' title='bbox 2597 1758 2842 1800; x_wconf 80' lang='lat' dir='ltr'><strong>uncta.—</strong></span> <span class='ocrx_word' id='word_1_210' title='bbox 2859 1749 3075 1814; x_wconf 67' lang='lat' dir='ltr'><strong>(Ionias,</strong></span> <span class='ocrx_word' id='word_1_211' title='bbox 3105 1763 3214 1815; x_wconf 85' lang='lat' dir='ltr'><strong>per,</strong></span> <span class='ocrx_word' id='word_1_212' title='bbox 3245 1748 3284 1802; x_wconf 86' lang='grc'><strong>1.</strong></span> 
     </span>
    </p>
   </div>
   <div class='ocr_carea' id='block_1_39' title="bbox 2139 1815 2938 1882">
    <p class='ocr_par' dir='ltr' id='par_1_39' title="bbox 2139 1815 2938 1882">
     <span class='ocr_line' id='line_1_40' title="bbox 2139 1815 2938 1882; baseline 0.005 -14"><span class='ocrx_word' id='word_1_213' title='bbox 2139 1815 2264 1870; x_wconf 74' lang='grc'><strong>514.</strong></span> <span class='ocrx_word' id='word_1_214' title='bbox 2293 1818 2597 1882; x_wconf 80' lang='lat' dir='ltr'><strong>Elumlietn,</strong></span> <span class='ocrx_word' id='word_1_215' title='bbox 2629 1817 2863 1882; x_wconf 85' lang='lat' dir='ltr'><strong>mollem,</strong></span> <span class='ocrx_word' id='word_1_216' title='bbox 2899 1817 2938 1873; x_wconf 89' lang='lat' dir='ltr'><strong>I.</strong></span> 
     </span>
    </p>
   </div>
   <div class='ocr_carea' id='block_1_40' title="bbox 2139 1887 3079 1954">
    <p class='ocr_par' dir='ltr' id='par_1_40' title="bbox 2139 1887 3079 1954">
     <span class='ocr_line' id='line_1_41' title="bbox 2139 1887 3079 1954; baseline 0.003 -14"><span class='ocrx_word' id='word_1_217' title='bbox 2139 1887 2265 1940; x_wconf 82' lang='grc'><strong>515.</strong></span> <span class='ocrx_word' id='word_1_218' title='bbox 2299 1888 2604 1950; x_wconf 87' lang='lat' dir='ltr'><strong>lllecebras,</strong></span> <span class='ocrx_word' id='word_1_219' title='bbox 2635 1888 3013 1954; x_wconf 86' lang='lat' dir='ltr'><strong>delectationes,</strong></span> <span class='ocrx_word' id='word_1_220' title='bbox 3039 1890 3079 1943; x_wconf 93' lang='grc'><strong>1.</strong></span> 
     </span>
    </p>
   </div>
   <div class='ocr_carea' id='block_1_41' title="bbox 2130 1956 3639 2029">
    <p class='ocr_par' dir='ltr' id='par_1_41' title="bbox 2130 1956 3639 2029">
     <span class='ocr_line' id='line_1_42' title="bbox 2130 1956 3639 2029; baseline 0.007 -19"><span class='ocrx_word' id='word_1_221' title='bbox 2130 1956 2338 2012; x_wconf 79' lang='grc' dir='ltr'><strong>516.Λο</strong></span> <span class='ocrx_word' id='word_1_222' title='bbox 2359 1958 2932 2022; x_wconf 78' lang='lat' dir='ltr'><strong>tunc,lu.ruria,auditis</strong></span> <span class='ocrx_word' id='word_1_223' title='bbox 2947 1960 3172 2029; x_wconf 85' lang='lat' dir='ltr'><strong>tubis,ad</strong></span> <span class='ocrx_word' id='word_1_224' title='bbox 3193 1959 3382 2016; x_wconf 89' lang='lat' dir='ltr'><strong>bellum</strong></span> <span class='ocrx_word' id='word_1_225' title='bbox 3399 1963 3578 2029; x_wconf 86' lang='lat' dir='ltr'><strong>currit,</strong></span> <span class='ocrx_word' id='word_1_226' title='bbox 3597 1963 3639 2021; x_wconf 87' lang='grc'><strong>1.</strong></span> 
     </span>
    </p>
   </div>
   <div class='ocr_carea' id='block_1_42' title="bbox 1735 2061 2300 2122">
    <p class='ocr_par' dir='ltr' id='par_1_42' title="bbox 1735 2061 2300 2122">
     <span class='ocr_line' id='line_1_43' title="bbox 1735 2061 2300 2122; baseline 0.004 -5"><span class='ocrx_word' id='word_1_227' title='bbox 1735 2061 2300 2122; x_wconf 77' lang='lat' dir='ltr'><strong>COMMENTARIUS.</strong></span> 
     </span>
    </p>
   </div>
   <div class='ocr_carea' id='block_1_43' title="bbox 456 2153 1964 2210">
    <p class='ocr_par' dir='ltr' id='par_1_43' title="bbox 456 2153 1964 2210">
     <span class='ocr_line' id='line_1_44' title="bbox 456 2153 1964 2210; baseline -0.001 0"><span class='ocrx_word' id='word_1_228' title='bbox 456 2155 584 2210; x_wconf 71' lang='lat'><strong>295.</strong></span> <span class='ocrx_word' id='word_1_229' title='bbox 619 2155 738 2208; x_wconf 89' lang='lat' dir='ltr'><strong>Vat.</strong></span> <span class='ocrx_word' id='word_1_230' title='bbox 765 2155 806 2209; x_wconf 90' lang='lat' dir='ltr'><strong>C</strong></span> <span class='ocrx_word' id='word_1_231' title='bbox 834 2154 972 2208; x_wconf 89' lang='lat' dir='ltr'><strong>hunc</strong></span> <span class='ocrx_word' id='word_1_232' title='bbox 997 2153 1238 2208; x_wconf 87' lang='lat' dir='ltr'><strong>ordinem</strong></span> <span class='ocrx_word' id='word_1_233' title='bbox 1269 2166 1448 2210; x_wconf 83' lang='lat' dir='ltr'><strong>servat</strong></span> <span class='ocrx_word' id='word_1_234' title='bbox 1475 2155 1576 2210; x_wconf 84' lang='lat' dir='ltr'><strong>Ille</strong></span> <span class='ocrx_word' id='word_1_235' title='bbox 1601 2157 1794 2210; x_wconf 75' lang='lat' dir='ltr'><strong>minax.</strong></span> <span class='ocrx_word' id='word_1_236' title='bbox 1831 2154 1964 2208; x_wconf 85' lang='lat' dir='ltr'><strong>Dum</strong></span> 
     </span>
    </p>
   </div>
   <div class='ocr_carea' id='block_1_44' title="bbox 387 2223 1962 2292">
    <p class='ocr_par' dir='ltr' id='par_1_44' title="bbox 387 2223 1962 2292">
     <span class='ocr_line' id='line_1_45' title="bbox 387 2223 1962 2292; baseline -0.003 -10"><span class='ocrx_word' id='word_1_237' title='bbox 387 2243 510 2282; x_wconf 77' lang='lat' dir='ltr'><strong>sese.</strong></span> <span class='ocrx_word' id='word_1_238' title='bbox 563 2225 694 2277; x_wconf 87' lang='lat' dir='ltr'><strong>Dum</strong></span> <span class='ocrx_word' id='word_1_239' title='bbox 737 2233 908 2278; x_wconf 88' lang='lat' dir='ltr'><strong>tumet.</strong></span> <span class='ocrx_word' id='word_1_240' title='bbox 963 2223 1080 2278; x_wconf 73' lang='lat' dir='ltr'><strong>Vat.</strong></span> <span class='ocrx_word' id='word_1_241' title='bbox 1120 2226 1192 2292; x_wconf 86' lang='lat' dir='ltr'><strong>D,</strong></span> <span class='ocrx_word' id='word_1_242' title='bbox 1231 2225 1330 2278; x_wconf 84' lang='lat' dir='ltr'><strong>Ille</strong></span> <span class='ocrx_word' id='word_1_243' title='bbox 1366 2228 1561 2280; x_wconf 73' lang='lat' dir='ltr'><strong>minax.</strong></span> <span class='ocrx_word' id='word_1_244' title='bbox 1613 2227 1748 2278; x_wconf 87' lang='lat' dir='ltr'><strong>Dum</strong></span> <span class='ocrx_word' id='word_1_245' title='bbox 1789 2233 1962 2278; x_wconf 86' lang='lat' dir='ltr'><strong>tumet.</strong></span> 
     </span>
    </p>
   </div>
   <div class='ocr_carea' id='block_1_45' title="bbox 387 2293 1966 2362">
    <p class='ocr_par' dir='ltr' id='par_1_45' title="bbox 387 2293 1966 2362">
     <span class='ocr_line' id='line_1_46' title="bbox 387 2293 1966 2362; baseline -0.002 -11"><span class='ocrx_word' id='word_1_246' title='bbox 387 2297 671 2362; x_wconf 73' lang='lat' dir='ltr'><strong>Expertus,</strong></span> <span class='ocrx_word' id='word_1_247' title='bbox 707 2299 868 2362; x_wconf 87' lang='lat' dir='ltr'><strong>pueri.</strong></span> <span class='ocrx_word' id='word_1_248' title='bbox 903 2293 1036 2347; x_wconf 82' lang='lat' dir='ltr'><strong>Dum</strong></span> <span class='ocrx_word' id='word_1_249' title='bbox 1068 2311 1192 2349; x_wconf 85' lang='lat' dir='ltr'><strong>sese.</strong></span> <span class='ocrx_word' id='word_1_250' title='bbox 1230 2295 1334 2350; x_wconf 82' lang='lat' dir='ltr'><strong>Alii</strong></span> <span class='ocrx_word' id='word_1_251' title='bbox 1363 2298 1606 2351; x_wconf 84' lang='lat' dir='ltr'><strong>ordinem</strong></span> <span class='ocrx_word' id='word_1_252' title='bbox 1637 2297 1723 2350; x_wconf 83' lang='lat' dir='ltr'><strong>hic</strong></span> <span class='ocrx_word' id='word_1_253' title='bbox 1751 2295 1966 2352; x_wconf 81' lang='lat' dir='ltr'><strong>exhibi-</strong></span> 
     </span>
    </p>
   </div>
   <div class='ocr_carea' id='block_1_46' title="bbox 387 2369 782 2420">
    <p class='ocr_par' dir='ltr' id='par_1_46' title="bbox 387 2369 782 2420">
     <span class='ocr_line' id='line_1_47' title="bbox 387 2369 782 2420; baseline -0.01 0"><span class='ocrx_word' id='word_1_254' title='bbox 387 2377 498 2420; x_wconf 89' lang='lat' dir='ltr'><strong>tum</strong></span> <span class='ocrx_word' id='word_1_255' title='bbox 533 2369 782 2419; x_wconf 87' lang='lat' dir='ltr'><strong>retinent.</strong></span> 
     </span>
    </p>
   </div>
   <div class='ocr_carea' id='block_1_47' title="bbox 454 2435 1962 2506">
    <p class='ocr_par' dir='ltr' id='par_1_47' title="bbox 454 2435 1962 2506">
     <span class='ocr_line' id='line_1_48' title="bbox 454 2435 1962 2506; baseline -0.001 -16"><span class='ocrx_word' id='word_1_256' title='bbox 454 2435 584 2490; x_wconf 75' lang='lat'><strong>296.</strong></span> <span class='ocrx_word' id='word_1_257' title='bbox 619 2435 834 2506; x_wconf 86' lang='lat' dir='ltr'><strong>Vienn.,</strong></span> <span class='ocrx_word' id='word_1_258' title='bbox 862 2435 1125 2494; x_wconf 85' lang='lat' dir='ltr'><strong>indomite.</strong></span> <span class='ocrx_word' id='word_1_259' title='bbox 1157 2435 1296 2503; x_wconf 91' lang='lat' dir='ltr'><strong>quod</strong></span> <span class='ocrx_word' id='word_1_260' title='bbox 1326 2436 1464 2504; x_wconf 88' lang='lat' dir='ltr'><strong>sapit</strong></span> <span class='ocrx_word' id='word_1_261' title='bbox 1499 2436 1783 2506; x_wconf 79' lang='lat' dir='ltr'><strong>glossema.</strong></span> <span class='ocrx_word' id='word_1_262' title='bbox 1829 2435 1962 2490; x_wconf 86' lang='lat' dir='ltr'><strong>Tres</strong></span> 
     </span>
    </p>
   </div>
   <div class='ocr_carea' id='block_1_48' title="bbox 386 2505 1960 2572">
    <p class='ocr_par' dir='ltr' id='par_1_48' title="bbox 386 2505 1960 2572">
     <span class='ocr_line' id='line_1_49' title="bbox 386 2505 1960 2572; baseline 0.001 -15"><span class='ocrx_word' id='word_1_263' title='bbox 386 2507 708 2560; x_wconf 73' lang='lat' dir='ltr'><strong>vetustiores</strong></span> <span class='ocrx_word' id='word_1_264' title='bbox 753 2505 1022 2559; x_wconf 82' lang='lat' dir='ltr'><strong>lleinsiani</strong></span> <span class='ocrx_word' id='word_1_265' title='bbox 1047 2545 1062 2569; x_wconf 92' lang='lat'><strong>,</strong></span> <span class='ocrx_word' id='word_1_266' title='bbox 1104 2507 1294 2568; x_wconf 79' lang='lat' dir='ltr'><strong>Ales.,</strong></span> <span class='ocrx_word' id='word_1_267' title='bbox 1335 2505 1515 2572; x_wconf 52' lang='grc' dir='ltr'><strong>ΑΜ..</strong></span> <span class='ocrx_word' id='word_1_268' title='bbox 1541 2507 1738 2563; x_wconf 87' lang='lat' dir='ltr'><strong>Widm.</strong></span> <span class='ocrx_word' id='word_1_269' title='bbox 1779 2522 1960 2570; x_wconf 84' lang='lat' dir='ltr'><strong>supra,</strong></span> 
     </span>
    </p>
   </div>
   <div class='ocr_carea' id='block_1_49' title="bbox 387 2575 1960 2646">
    <p class='ocr_par' dir='ltr' id='par_1_49' title="bbox 387 2575 1960 2646">
     <span class='ocr_line' id='line_1_50' title="bbox 387 2575 1960 2646; baseline -0.003 -14"><span class='ocrx_word' id='word_1_270' title='bbox 387 2577 526 2640; x_wconf 81' lang='lat' dir='ltr'><strong>Cis.,</strong></span> <span class='ocrx_word' id='word_1_271' title='bbox 555 2577 722 2646; x_wconf 81' lang='lat' dir='ltr'><strong>fervet.</strong></span> <span class='ocrx_word' id='word_1_272' title='bbox 775 2575 881 2629; x_wconf 82' lang='lat' dir='ltr'><strong>Alii</strong></span> <span class='ocrx_word' id='word_1_273' title='bbox 920 2577 1076 2646; x_wconf 76' lang='lat' dir='ltr'><strong>etiam</strong></span> <span class='ocrx_word' id='word_1_274' title='bbox 1115 2585 1320 2630; x_wconf 81' lang='lat' dir='ltr'><strong>veteres</strong></span> <span class='ocrx_word' id='word_1_275' title='bbox 1349 2584 1531 2642; x_wconf 85' lang='lat' dir='ltr'><strong>terret,</strong></span> <span class='ocrx_word' id='word_1_276' title='bbox 1573 2592 1765 2646; x_wconf 87' lang='lat' dir='ltr'><strong>nempe</strong></span> <span class='ocrx_word' id='word_1_277' title='bbox 1803 2577 1960 2639; x_wconf 68' lang='lat' dir='ltr'><strong>Man,</strong></span> 
     </span>
    </p>
   </div>
   <div class='ocr_carea' id='block_1_50' title="bbox 387 2645 1761 2712">
    <p class='ocr_par' dir='ltr' id='par_1_50' title="bbox 387 2645 1761 2712">
     <span class='ocr_line' id='line_1_51' title="bbox 387 2645 1761 2712; baseline -0.001 -12"><span class='ocrx_word' id='word_1_278' title='bbox 387 2647 610 2712; x_wconf 83' lang='lat' dir='ltr'><strong>Vienn.,</strong></span> <span class='ocrx_word' id='word_1_279' title='bbox 645 2645 761 2700; x_wconf 81' lang='lat' dir='ltr'><strong>Bal.</strong></span> <span class='ocrx_word' id='word_1_280' title='bbox 795 2659 916 2698; x_wconf 88' lang='lat' dir='ltr'><strong>cum</strong></span> <span class='ocrx_word' id='word_1_281' title='bbox 947 2645 1192 2708; x_wconf 87' lang='lat' dir='ltr'><strong>Weitzio,</strong></span> <span class='ocrx_word' id='word_1_282' title='bbox 1223 2655 1276 2699; x_wconf 92' lang='lat' dir='ltr'><strong>et</strong></span> <span class='ocrx_word' id='word_1_283' title='bbox 1303 2661 1410 2699; x_wconf 90' lang='lat' dir='ltr'><strong>uno</strong></span> <span class='ocrx_word' id='word_1_284' title='bbox 1436 2645 1761 2701; x_wconf 80' lang='lat' dir='ltr'><strong>Cauchiano.</strong></span> 
     </span>
    </p>
   </div>
   <div class='ocr_carea' id='block_1_51' title="bbox 455 2715 1966 2784">
    <p class='ocr_par' dir='ltr' id='par_1_51' title="bbox 455 2715 1966 2784">
     <span class='ocr_line' id='line_1_52' title="bbox 455 2715 1966 2784; baseline 0 -16"><span class='ocrx_word' id='word_1_285' title='bbox 455 2717 584 2770; x_wconf 74' lang='lat'><strong>297.</strong></span> <span class='ocrx_word' id='word_1_286' title='bbox 617 2716 788 2783; x_wconf 81' lang='lat' dir='ltr'><strong>Aliqui</strong></span> <span class='ocrx_word' id='word_1_287' title='bbox 815 2715 1142 2784; x_wconf 83' lang='lat' dir='ltr'><strong>distinguunt</strong></span> <span class='ocrx_word' id='word_1_288' title='bbox 1167 2716 1272 2768; x_wconf 88' lang='lat' dir='ltr'><strong>alio</strong></span> <span class='ocrx_word' id='word_1_289' title='bbox 1301 2716 1478 2780; x_wconf 87' lang='lat' dir='ltr'><strong>modo,</strong></span> <span class='ocrx_word' id='word_1_290' title='bbox 1512 2717 1643 2768; x_wconf 92' lang='lat' dir='ltr'><strong>Dum</strong></span> <span class='ocrx_word' id='word_1_291' title='bbox 1673 2733 1780 2770; x_wconf 86' lang='lat' dir='ltr'><strong>sese</strong></span> <span class='ocrx_word' id='word_1_292' title='bbox 1799 2723 1966 2768; x_wconf 81' lang='lat' dir='ltr'><strong>osten-</strong></span> 
     </span>
    </p>
   </div>
   <div class='ocr_carea' id='block_1_52' title="bbox 387 2786 1960 2855">
    <p class='ocr_par' dir='ltr' id='par_1_52' title="bbox 387 2786 1960 2855">
     <span class='ocr_line' id='line_1_53' title="bbox 387 2786 1960 2855; baseline -0.001 -15"><span class='ocrx_word' id='word_1_293' title='bbox 387 2795 500 2854; x_wconf 89' lang='lat' dir='ltr'><strong>tat,</strong></span> <span class='ocrx_word' id='word_1_294' title='bbox 537 2787 711 2855; x_wconf 82' lang='lat' dir='ltr'><strong>clypeo</strong></span> <span class='ocrx_word' id='word_1_295' title='bbox 743 2786 866 2836; x_wconf 88' lang='lat' dir='ltr'><strong>dum</strong></span> <span class='ocrx_word' id='word_1_296' title='bbox 907 2787 1099 2838; x_wconf 80' lang='lat' dir='ltr'><strong>territat</strong></span> <span class='ocrx_word' id='word_1_297' title='bbox 1130 2802 1280 2838; x_wconf 82' lang='lat' dir='ltr'><strong>auras</strong></span> <span class='ocrx_word' id='word_1_298' title='bbox 1314 2801 1434 2840; x_wconf 89' lang='lat' dir='ltr'><strong>cum</strong></span> <span class='ocrx_word' id='word_1_299' title='bbox 1467 2786 1713 2840; x_wconf 84' lang='lat' dir='ltr'><strong>Weitzio.</strong></span> <span class='ocrx_word' id='word_1_300' title='bbox 1753 2787 1867 2839; x_wconf 87' lang='lat' dir='ltr'><strong>Vat.</strong></span> <span class='ocrx_word' id='word_1_301' title='bbox 1897 2787 1960 2849; x_wconf 64' lang='grc' dir='ltr'><strong>(ἐ,</strong></span> 
     </span>
    </p>
   </div>
   <div class='ocr_carea' id='block_1_53' title="bbox 387 2856 1890 2918">
    <p class='ocr_par' dir='ltr' id='par_1_53' title="bbox 387 2856 1890 2918">
     <span class='ocr_line' id='line_1_54' title="bbox 387 2856 1890 2918; baseline 0 -10"><span class='ocrx_word' id='word_1_302' title='bbox 387 2857 510 2908; x_wconf 82' lang='lat' dir='ltr'><strong>dum</strong></span> <span class='ocrx_word' id='word_1_303' title='bbox 537 2857 702 2908; x_wconf 82' lang='lat' dir='ltr'><strong>irritat</strong></span> <span class='ocrx_word' id='word_1_304' title='bbox 730 2871 912 2917; x_wconf 86' lang='lat' dir='ltr'><strong>auras,</strong></span> <span class='ocrx_word' id='word_1_305' title='bbox 945 2857 1102 2909; x_wconf 88' lang='lat' dir='ltr'><strong>male.</strong></span> <span class='ocrx_word' id='word_1_306' title='bbox 1133 2857 1188 2910; x_wconf 92' lang='lat' dir='ltr'><strong>ln</strong></span> <span class='ocrx_word' id='word_1_307' title='bbox 1221 2856 1356 2918; x_wconf 84' lang='lat' dir='ltr'><strong>PaL,</strong></span> <span class='ocrx_word' id='word_1_308' title='bbox 1385 2857 1506 2909; x_wconf 88' lang='lat' dir='ltr'><strong>dum</strong></span> <span class='ocrx_word' id='word_1_309' title='bbox 1527 2859 1724 2910; x_wconf 86' lang='lat' dir='ltr'><strong>territat</strong></span> <span class='ocrx_word' id='word_1_310' title='bbox 1751 2872 1890 2909; x_wconf 80' lang='lat' dir='ltr'><strong>ense.</strong></span> 
     </span>
    </p>
   </div>
   <div class='ocr_carea' id='block_1_54' title="bbox 455 2925 1400 2996">
    <p class='ocr_par' dir='ltr' id='par_1_54' title="bbox 455 2925 1400 2996">
     <span class='ocr_line' id='line_1_55' title="bbox 455 2925 1400 2996; baseline 0 -18"><span class='ocrx_word' id='word_1_311' title='bbox 455 2926 582 2996; x_wconf 74' lang='grc'><strong>298.</strong></span> <span class='ocrx_word' id='word_1_312' title='bbox 615 2925 744 2996; x_wconf 79' lang='lat' dir='ltr'><strong>Mar.</strong></span> <span class='ocrx_word' id='word_1_313' title='bbox 775 2934 830 2978; x_wconf 89' lang='lat' dir='ltr'><strong>et</strong></span> <span class='ocrx_word' id='word_1_314' title='bbox 859 2927 1003 2996; x_wconf 73' lang='lat' dir='ltr'><strong>llat.,</strong></span> <span class='ocrx_word' id='word_1_315' title='bbox 1031 2926 1154 2994; x_wconf 86' lang='lat' dir='ltr'><strong>quid</strong></span> <span class='ocrx_word' id='word_1_316' title='bbox 1179 2938 1400 2996; x_wconf 84' lang='lat' dir='ltr'><strong>possent.</strong></span> 
     </span>
    </p>
   </div>
   <div class='ocr_carea' id='block_1_55' title="bbox 453 2994 1962 3064">
    <p class='ocr_par' dir='ltr' id='par_1_55' title="bbox 453 2994 1962 3064">
     <span class='ocr_line' id='line_1_56' title="bbox 453 2994 1962 3064; baseline 0.001 -16"><span class='ocrx_word' id='word_1_317' title='bbox 453 2995 584 3048; x_wconf 73' lang='grc'><strong>299.</strong></span> <span class='ocrx_word' id='word_1_318' title='bbox 619 2994 738 3048; x_wconf 84' lang='lat' dir='ltr'><strong>Ald.</strong></span> <span class='ocrx_word' id='word_1_319' title='bbox 771 3004 824 3047; x_wconf 80' lang='lat' dir='ltr'><strong>et</strong></span> <span class='ocrx_word' id='word_1_320' title='bbox 851 2995 943 3049; x_wconf 87' lang='lat' dir='ltr'><strong>alii</strong></span> <span class='ocrx_word' id='word_1_321' title='bbox 969 2997 1111 3064; x_wconf 82' lang='lat' dir='ltr'><strong>vulg.</strong></span> <span class='ocrx_word' id='word_1_322' title='bbox 1141 3035 1158 3064; x_wconf 91' lang='lat'><strong>,</strong></span> <span class='ocrx_word' id='word_1_323' title='bbox 1180 2994 1354 3050; x_wconf 74' lang='lat' dir='ltr'><strong>armis</strong></span> <span class='ocrx_word' id='word_1_324' title='bbox 1389 3011 1482 3064; x_wconf 89' lang='lat' dir='ltr'><strong>pro</strong></span> <span class='ocrx_word' id='word_1_325' title='bbox 1512 2998 1677 3050; x_wconf 85' lang='lat' dir='ltr'><strong>annis.</strong></span> <span class='ocrx_word' id='word_1_326' title='bbox 1713 2994 1962 3050; x_wconf 87' lang='lat' dir='ltr'><strong>Barthius</strong></span> 
     </span>
    </p>
   </div>
   <div class='ocr_carea' id='block_1_56' title="bbox 385 3066 870 3128">
    <p class='ocr_par' dir='ltr' id='par_1_56' title="bbox 385 3066 870 3128">
     <span class='ocr_line' id='line_1_57' title="bbox 385 3066 870 3128; baseline -0.004 -8"><span class='ocrx_word' id='word_1_327' title='bbox 385 3066 666 3128; x_wconf 83' lang='lat' dir='ltr'><strong>mendose,</strong></span> <span class='ocrx_word' id='word_1_328' title='bbox 693 3066 870 3120; x_wconf 79' lang='lat' dir='ltr'><strong>unciis.</strong></span> 
     </span>
    </p>
   </div>
   <div class='ocr_carea' id='block_1_57' title="bbox 455 3135 1752 3206">
    <p class='ocr_par' dir='ltr' id='par_1_57' title="bbox 455 3135 1752 3206">
     <span class='ocr_line' id='line_1_58' title="bbox 455 3135 1752 3206; baseline 0.001 -17"><span class='ocrx_word' id='word_1_329' title='bbox 455 3136 584 3191; x_wconf 81' lang='grc'><strong>501.</strong></span> <span class='ocrx_word' id='word_1_330' title='bbox 617 3135 816 3206; x_wconf 66' lang='lat' dir='ltr'><strong>Erfurt.</strong></span> <span class='ocrx_word' id='word_1_331' title='bbox 845 3151 872 3187; x_wconf 91' lang='lat' dir='ltr'><strong>a</strong></span> <span class='ocrx_word' id='word_1_332' title='bbox 899 3135 1067 3203; x_wconf 89' lang='lat' dir='ltr'><strong>prima</strong></span> <span class='ocrx_word' id='word_1_333' title='bbox 1097 3151 1276 3197; x_wconf 89' lang='lat' dir='ltr'><strong>manu,</strong></span> <span class='ocrx_word' id='word_1_334' title='bbox 1307 3139 1543 3206; x_wconf 81' lang='lat' dir='ltr'><strong>ﬂorentes</strong></span> <span class='ocrx_word' id='word_1_335' title='bbox 1571 3153 1752 3190; x_wconf 87' lang='lat' dir='ltr'><strong>annos.</strong></span> 
     </span>
    </p>
   </div>
   <div class='ocr_carea' id='block_1_58' title="bbox 457 3205 1464 3272">
    <p class='ocr_par' dir='ltr' id='par_1_58' title="bbox 457 3205 1464 3272">
     <span class='ocr_line' id='line_1_59' title="bbox 457 3205 1464 3272; baseline -0.001 -13"><span class='ocrx_word' id='word_1_336' title='bbox 457 3205 586 3259; x_wconf 70' lang='lat'><strong>502.</strong></span> <span class='ocrx_word' id='word_1_337' title='bbox 619 3205 812 3258; x_wconf 82' lang='lat' dir='ltr'><strong>Weitz.</strong></span> <span class='ocrx_word' id='word_1_338' title='bbox 844 3219 963 3258; x_wconf 89' lang='lat' dir='ltr'><strong>cum</strong></span> <span class='ocrx_word' id='word_1_339' title='bbox 997 3207 1137 3268; x_wconf 60' lang='lat' dir='ltr'><strong>l‘ut.,</strong></span> <span class='ocrx_word' id='word_1_340' title='bbox 1164 3209 1286 3272; x_wconf 85' lang='lat' dir='ltr'><strong>quia</strong></span> <span class='ocrx_word' id='word_1_341' title='bbox 1310 3218 1464 3259; x_wconf 88' lang='lat' dir='ltr'><strong>certa.</strong></span> 
     </span>
    </p>
   </div>
   <div class='ocr_carea' id='block_1_59' title="bbox 457 3275 1963 3340">
    <p class='ocr_par' dir='ltr' id='par_1_59' title="bbox 457 3275 1963 3340">
     <span class='ocr_line' id='line_1_60' title="bbox 457 3275 1963 3340; baseline -0.002 -10"><span class='ocrx_word' id='word_1_342' title='bbox 457 3275 584 3330; x_wconf 67' lang='grc'><strong>504.</strong></span> <span class='ocrx_word' id='word_1_343' title='bbox 617 3275 767 3328; x_wconf 70' lang='grc' dir='ltr'><strong>Ριίοι·</strong></span> <span class='ocrx_word' id='word_1_344' title='bbox 793 3275 984 3329; x_wconf 87' lang='lat' dir='ltr'><strong>Bohcr.</strong></span> <span class='ocrx_word' id='word_1_345' title='bbox 1037 3285 1090 3330; x_wconf 90' lang='lat' dir='ltr'><strong>et</strong></span> <span class='ocrx_word' id='word_1_346' title='bbox 1129 3275 1338 3330; x_wconf 88' lang='lat' dir='ltr'><strong>&#39;l‘buan.</strong></span> <span class='ocrx_word' id='word_1_347' title='bbox 1365 3291 1394 3330; x_wconf 90' lang='lat' dir='ltr'><strong>a</strong></span> <span class='ocrx_word' id='word_1_348' title='bbox 1425 3276 1656 3330; x_wconf 90' lang='lat' dir='ltr'><strong>secunda</strong></span> <span class='ocrx_word' id='word_1_349' title='bbox 1687 3290 1868 3340; x_wconf 87' lang='lat' dir='ltr'><strong>manu,</strong></span> <span class='ocrx_word' id='word_1_350' title='bbox 1896 3275 1963 3328; x_wconf 86' lang='lat' dir='ltr'><strong>li-</strong></span> 
     </span>
    </p>
   </div>
   <div class='ocr_carea' id='block_1_60' title="bbox 385 3357 1098 3416">
    <p class='ocr_par' dir='ltr' id='par_1_60' title="bbox 385 3357 1098 3416">
     <span class='ocr_line' id='line_1_61' title="bbox 385 3357 1098 3416; baseline -0.003 -18"><span class='ocrx_word' id='word_1_351' title='bbox 385 3357 550 3399; x_wconf 81' lang='lat' dir='ltr'><strong>ctores</strong></span> <span class='ocrx_word' id='word_1_352' title='bbox 580 3361 732 3416; x_wconf 53' lang='lat' dir='ltr'><strong>censa.</strong></span> <span class='ocrx_word' id='word_1_353' title='bbox 1014 3415 1017 3416; x_wconf 14' lang='grc' dir='ltr'><em>ν</em></span> <span class='ocrx_word' id='word_1_354' title='bbox 1087 3405 1098 3416; x_wconf 39' lang='grc'><strong>⁹</strong></span> 
     </span>
    </p>
   </div>
   <div class='ocr_carea' id='block_1_61' title="bbox 457 3415 1964 3486">
    <p class='ocr_par' dir='ltr' id='par_1_61' title="bbox 457 3415 1964 3486">
     <span class='ocr_line' id='line_1_62' title="bbox 457 3415 1964 3486; baseline 0.001 -17"><span class='ocrx_word' id='word_1_355' title='bbox 457 3417 584 3470; x_wconf 78' lang='grc'><strong>505.</strong></span> <span class='ocrx_word' id='word_1_356' title='bbox 621 3415 736 3468; x_wconf 85' lang='lat' dir='ltr'><strong>Vat.</strong></span> <span class='ocrx_word' id='word_1_357' title='bbox 787 3419 850 3482; x_wconf 72' lang='grc' dir='ltr'><strong>(ἶ,</strong></span> <span class='ocrx_word' id='word_1_358' title='bbox 902 3415 1223 3486; x_wconf 73' lang='lat' dir='ltr'><strong>pcrfringens</strong></span> <span class='ocrx_word' id='word_1_359' title='bbox 1252 3431 1270 3468; x_wconf 90' lang='lat'><strong><em>:</em></strong></span> <span class='ocrx_word' id='word_1_360' title='bbox 1297 3432 1402 3468; x_wconf 87' lang='lat' dir='ltr'><strong>non</strong></span> <span class='ocrx_word' id='word_1_361' title='bbox 1459 3416 1646 3484; x_wconf 89' lang='lat' dir='ltr'><strong>placet.</strong></span> <span class='ocrx_word' id='word_1_362' title='bbox 1684 3415 1808 3469; x_wconf 85' lang='lat' dir='ltr'><strong>Ald.</strong></span> <span class='ocrx_word' id='word_1_363' title='bbox 1841 3431 1964 3470; x_wconf 85' lang='lat' dir='ltr'><strong>cum</strong></span> 
     </span>
    </p>
   </div>
   <div class='ocr_carea' id='block_1_62' title="bbox 386 3487 1944 3555">
    <p class='ocr_par' dir='ltr' id='par_1_62' title="bbox 386 3487 1944 3555">
     <span class='ocr_line' id='line_1_63' title="bbox 386 3487 1944 3555; baseline -0.001 -16"><span class='ocrx_word' id='word_1_364' title='bbox 386 3487 530 3555; x_wconf 77' lang='lat' dir='ltr'><strong>aliis,</strong></span> <span class='ocrx_word' id='word_1_365' title='bbox 563 3487 940 3555; x_wconf 67' lang='lat' dir='ltr'><strong>praestringens.</strong></span> <span class='ocrx_word' id='word_1_366' title='bbox 1265 3554 1272 3555; x_wconf 14' lang='grc' dir='ltr'>ί</span> <span class='ocrx_word' id='word_1_367' title='bbox 1493 3553 1516 3555; x_wconf 94' lang='lat'>_</span> <span class='ocrx_word' id='word_1_368' title='bbox 1605 3554 1610 3555; x_wconf 17' lang='grc' dir='ltr'><em>ν</em></span> <span class='ocrx_word' id='word_1_369' title='bbox 1935 3529 1944 3538; x_wconf 94' lang='grc'><strong>.</strong></span> 
     </span>
    </p>
   </div>
   <div class='ocr_carea' id='block_1_63' title="bbox 460 3553 1964 3615">
    <p class='ocr_par' dir='ltr' id='par_1_63' title="bbox 460 3553 1964 3615">
     <span class='ocr_line' id='line_1_64' title="bbox 460 3553 1964 3615; baseline -0.001 -6"><span class='ocrx_word' id='word_1_370' title='bbox 460 3553 585 3610; x_wconf 77' lang='grc'><strong>509.</strong></span> <span class='ocrx_word' id='word_1_371' title='bbox 638 3555 764 3608; x_wconf 83' lang='lat' dir='ltr'><strong>Post</strong></span> <span class='ocrx_word' id='word_1_372' title='bbox 802 3553 954 3609; x_wconf 71' lang='lat' dir='ltr'><strong>hunc</strong></span> <span class='ocrx_word' id='word_1_373' title='bbox 995 3569 1206 3607; x_wconf 83' lang='lat' dir='ltr'><strong>versum</strong></span> <span class='ocrx_word' id='word_1_374' title='bbox 1236 3554 1448 3615; x_wconf 80' lang='lat' dir='ltr'><strong>Vienn.,</strong></span> <span class='ocrx_word' id='word_1_375' title='bbox 1483 3553 1559 3606; x_wconf 82' lang='lat' dir='ltr'><strong>De</strong></span> <span class='ocrx_word' id='word_1_376' title='bbox 1590 3554 1872 3610; x_wconf 77' lang='lat' dir='ltr'><strong>Sobrietate</strong></span> <span class='ocrx_word' id='word_1_377' title='bbox 1917 3566 1964 3608; x_wconf 81' lang='lat' dir='ltr'><strong>et</strong></span> 
     </span>
    </p>
   </div>
   <div class='ocr_carea' id='block_1_64' title="bbox 389 3623 1962 3690">
    <p class='ocr_par' dir='ltr' id='par_1_64' title="bbox 389 3623 1962 3690">
     <span class='ocr_line' id='line_1_65' title="bbox 389 3623 1962 3690; baseline 0.001 -14"><span class='ocrx_word' id='word_1_378' title='bbox 389 3623 644 3677; x_wconf 71' lang='lat' dir='ltr'><strong>Luxuria.</strong></span> <span class='ocrx_word' id='word_1_379' title='bbox 675 3625 804 3678; x_wconf 79' lang='lat' dir='ltr'><strong>Mar.</strong></span> <span class='ocrx_word' id='word_1_380' title='bbox 839 3636 894 3679; x_wconf 88' lang='lat' dir='ltr'><strong>et.</strong></span> <span class='ocrx_word' id='word_1_381' title='bbox 925 3627 1064 3684; x_wconf 76' lang='lat' dir='ltr'><strong>llat.,</strong></span> <span class='ocrx_word' id='word_1_382' title='bbox 1103 3623 1346 3677; x_wconf 73' lang='lat' dir='ltr'><strong>Luxuria.</strong></span> <span class='ocrx_word' id='word_1_383' title='bbox 1389 3625 1578 3686; x_wconf 75' lang='lat' dir='ltr'><strong>Aldus,</strong></span> <span class='ocrx_word' id='word_1_384' title='bbox 1612 3625 1873 3690; x_wconf 74' lang='lat' dir='ltr'><strong>Luxuritc,</strong></span> <span class='ocrx_word' id='word_1_385' title='bbox 1916 3636 1962 3680; x_wconf 89' lang='lat' dir='ltr'><strong>et</strong></span> 
     </span>
    </p>
   </div>
   <div class='ocr_carea' id='block_1_65' title="bbox 385 3694 1851 3767">
    <p class='ocr_par' dir='ltr' id='par_1_65' title="bbox 385 3694 1851 3767">
     <span class='ocr_line' id='line_1_66' title="bbox 385 3694 1851 3767; baseline -0.003 -17"><span class='ocrx_word' id='word_1_386' title='bbox 385 3694 688 3767; x_wconf 69' lang='lat' dir='ltr'><strong>Sobrietatis</strong></span> <span class='ocrx_word' id='word_1_387' title='bbox 719 3713 908 3767; x_wconf 82' lang='lat' dir='ltr'><strong>pugna.</strong></span> <span class='ocrx_word' id='word_1_388' title='bbox 928 3695 1216 3767; x_wconf 75' lang='lat' dir='ltr'><strong>Giselinus,</strong></span> <span class='ocrx_word' id='word_1_389' title='bbox 1243 3695 1472 3767; x_wconf 74' lang='lat' dir='ltr'><strong>Luxuria</strong></span> <span class='ocrx_word' id='word_1_390' title='bbox 1495 3703 1538 3746; x_wconf 86' lang='lat' dir='ltr'><strong>et</strong></span> <span class='ocrx_word' id='word_1_391' title='bbox 1571 3695 1851 3767; x_wconf 72' lang='lat' dir='ltr'><strong>S_obrietas.</strong></span> 
     </span>
    </p>
   </div>
   <div class='ocr_carea' id='block_1_66' title="bbox 463 3763 1962 3832">
    <p class='ocr_par' dir='ltr' id='par_1_66' title="bbox 463 3763 1962 3832">
     <span class='ocr_line' id='line_1_67' title="bbox 463 3763 1962 3832; baseline 0.001 -15"><span class='ocrx_word' id='word_1_392' title='bbox 463 3765 588 3818; x_wconf 83' lang='grc'><strong>510.</strong></span> <span class='ocrx_word' id='word_1_393' title='bbox 615 3763 848 3832; x_wconf 76' lang='lat' dir='ltr'><strong>Lepidus</strong></span> <span class='ocrx_word' id='word_1_394' title='bbox 876 3775 956 3818; x_wconf 87' lang='lat' dir='ltr'><strong>est</strong></span> <span class='ocrx_word' id='word_1_395' title='bbox 987 3765 1086 3816; x_wconf 92' lang='lat' dir='ltr'><strong>hoc</strong></span> <span class='ocrx_word' id='word_1_396' title='bbox 1117 3765 1232 3817; x_wconf 91' lang='lat' dir='ltr'><strong>loco</strong></span> <span class='ocrx_word' id='word_1_397' title='bbox 1272 3763 1556 3818; x_wconf 86' lang='lat' dir='ltr'><strong>Giselinus.</strong></span> <span class='ocrx_word' id='word_1_398' title='bbox 1585 3765 1772 3831; x_wconf 81' lang='lat' dir='ltr'><strong>Rejicit</strong></span> <span class='ocrx_word' id='word_1_399' title='bbox 1799 3766 1962 3818; x_wconf 83' lang='lat' dir='ltr'><strong>inter-</strong></span> 
     </span>
    </p>
   </div>
   <div class='ocr_carea' id='block_1_67' title="bbox 389 3833 1962 3904">
    <p class='ocr_par' dir='ltr' id='par_1_67' title="bbox 389 3833 1962 3904">
     <span class='ocr_line' id='line_1_68' title="bbox 389 3833 1962 3904; baseline 0.001 -18"><span class='ocrx_word' id='word_1_400' title='bbox 389 3835 762 3904; x_wconf 80' lang='lat' dir='ltr'><strong>pretationem</strong></span> <span class='ocrx_word' id='word_1_401' title='bbox 783 3851 941 3904; x_wconf 81' lang='lat' dir='ltr'><strong>quant</strong></span> <span class='ocrx_word' id='word_1_402' title='bbox 963 3835 1207 3886; x_wconf 84' lang='lat' dir='ltr'><strong>dubitans</strong></span> <span class='ocrx_word' id='word_1_403' title='bbox 1231 3834 1482 3888; x_wconf 85' lang='lat' dir='ltr'><strong>Nebrissa</strong></span> <span class='ocrx_word' id='word_1_404' title='bbox 1514 3833 1788 3904; x_wconf 75' lang='lat' dir='ltr'><strong>indicavit,</strong></span> <span class='ocrx_word' id='word_1_405' title='bbox 1815 3835 1962 3887; x_wconf 89' lang='lat' dir='ltr'><strong>intel-</strong></span> 
     </span>
    </p>
   </div>
   <div class='ocr_carea' id='block_1_68' title="bbox 389 3899 1961 3972">
    <p class='ocr_par' dir='ltr' id='par_1_68' title="bbox 389 3899 1961 3972">
     <span class='ocr_line' id='line_1_69' title="bbox 389 3899 1961 3972; baseline -0.001 -16"><span class='ocrx_word' id='word_1_406' title='bbox 389 3899 660 3972; x_wconf 83' lang='lat' dir='ltr'><strong>ligendum</strong></span> <span class='ocrx_word' id='word_1_407' title='bbox 714 3899 764 3957; x_wconf 88' lang='lat' dir='ltr'><strong>id</strong></span> <span class='ocrx_word' id='word_1_408' title='bbox 793 3899 910 3959; x_wconf 76' lang='lat' dir='ltr'><strong>esse</strong></span> <span class='ocrx_word' id='word_1_409' title='bbox 958 3905 1026 3958; x_wconf 92' lang='lat' dir='ltr'><strong>de</strong></span> <span class='ocrx_word' id='word_1_410' title='bbox 1056 3913 1212 3957; x_wconf 69' lang='lat' dir='ltr'><strong>astate</strong></span> <span class='ocrx_word' id='word_1_411' title='bbox 1237 3903 1522 3972; x_wconf 15' lang='lat' dir='ltr'><strong>mundiiad</strong></span> <span class='ocrx_word' id='word_1_412' title='bbox 1569 3919 1814 3956; x_wconf 87' lang='lat' dir='ltr'><strong>occasum</strong></span> <span class='ocrx_word' id='word_1_413' title='bbox 1839 3919 1961 3955; x_wconf 88' lang='lat' dir='ltr'><strong>ver-</strong></span> 
     </span>
    </p>
   </div>
   <div class='ocr_carea' id='block_1_69' title="bbox 389 3971 1958 4042">
    <p class='ocr_par' dir='ltr' id='par_1_69' title="bbox 389 3971 1958 4042">
     <span class='ocr_line' id='line_1_70' title="bbox 389 3971 1958 4042; baseline -0.001 -14"><span class='ocrx_word' id='word_1_414' title='bbox 389 3971 570 4042; x_wconf 81' lang='lat' dir='ltr'><strong>gente,</strong></span> <span class='ocrx_word' id='word_1_415' title='bbox 604 3985 660 4027; x_wconf 87' lang='lat' dir='ltr'><strong>ut</strong></span> <span class='ocrx_word' id='word_1_416' title='bbox 685 3975 987 4042; x_wconf 81' lang='lat' dir='ltr'><strong>Hispaniain</strong></span> <span class='ocrx_word' id='word_1_417' title='bbox 1017 3988 1188 4040; x_wconf 89' lang='lat' dir='ltr'><strong>suam,</strong></span> <span class='ocrx_word' id='word_1_418' title='bbox 1220 3975 1386 4042; x_wconf 90' lang='lat' dir='ltr'><strong>inquit</strong></span> <span class='ocrx_word' id='word_1_419' title='bbox 1415 3971 1700 4034; x_wconf 85' lang='lat' dir='ltr'><strong>Giselinus,</strong></span> <span class='ocrx_word' id='word_1_420' title='bbox 1735 3983 1789 4025; x_wconf 88' lang='lat' dir='ltr'><strong>et</strong></span> <span class='ocrx_word' id='word_1_421' title='bbox 1814 3973 1958 4026; x_wconf 86' lang='lat' dir='ltr'><strong>Afri-</strong></span> 
     </span>
    </p>
   </div>
   <div class='ocr_carea' id='block_1_70' title="bbox 387 4043 1958 4113">
    <p class='ocr_par' dir='ltr' id='par_1_70' title="bbox 387 4043 1958 4113">
     <span class='ocr_line' id='line_1_71' title="bbox 387 4043 1958 4113; baseline -0.002 -15"><span class='ocrx_word' id='word_1_422' title='bbox 387 4059 510 4098; x_wconf 89' lang='lat' dir='ltr'><strong>cam</strong></span> <span class='ocrx_word' id='word_1_423' title='bbox 549 4045 646 4098; x_wconf 84' lang='lat' dir='ltr'><strong>hac</strong></span> <span class='ocrx_word' id='word_1_424' title='bbox 675 4045 957 4113; x_wconf 80' lang='lat' dir='ltr'><strong>ignominia</strong></span> <span class='ocrx_word' id='word_1_425' title='bbox 985 4043 1252 4097; x_wconf 87' lang='lat' dir='ltr'><strong>liberaret.</strong></span> <span class='ocrx_word' id='word_1_426' title='bbox 1289 4045 1420 4097; x_wconf 82' lang='lat' dir='ltr'><strong>Tum</strong></span> <span class='ocrx_word' id='word_1_427' title='bbox 1471 4043 1742 4110; x_wconf 81' lang='lat' dir='ltr'><strong>probabile</strong></span> <span class='ocrx_word' id='word_1_428' title='bbox 1769 4043 1958 4096; x_wconf 81' lang='lat' dir='ltr'><strong>existi-</strong></span> 
     </span>
    </p>
   </div>
   <div class='ocr_carea' id='block_1_71' title="bbox 389 4113 1960 4182">
    <p class='ocr_par' dir='ltr' id='par_1_71' title="bbox 389 4113 1960 4182">
     <span class='ocr_line' id='line_1_72' title="bbox 389 4113 1960 4182; baseline 0 -16"><span class='ocrx_word' id='word_1_429' title='bbox 389 4123 524 4176; x_wconf 85' lang='lat' dir='ltr'><strong>mat,</strong></span> <span class='ocrx_word' id='word_1_430' title='bbox 555 4125 763 4182; x_wconf 88' lang='lat' dir='ltr'><strong>poetam</strong></span> <span class='ocrx_word' id='word_1_431' title='bbox 797 4128 864 4167; x_wconf 80' lang='lat' dir='ltr'><strong>ex</strong></span> <span class='ocrx_word' id='word_1_432' title='bbox 891 4113 973 4167; x_wconf 80' lang='lat' dir='ltr'><strong>his</strong></span> <span class='ocrx_word' id='word_1_433' title='bbox 1015 4113 1320 4180; x_wconf 81' lang='lat' dir='ltr'><strong>regionibus</strong></span> <span class='ocrx_word' id='word_1_434' title='bbox 1360 4127 1556 4181; x_wconf 81' lang='lat' dir='ltr'><strong>organa</strong></span> <span class='ocrx_word' id='word_1_435' title='bbox 1598 4115 1818 4166; x_wconf 75' lang='lat' dir='ltr'><strong>luxuriae</strong></span> <span class='ocrx_word' id='word_1_436' title='bbox 1867 4129 1960 4166; x_wconf 84' lang='lat' dir='ltr'><strong>ac-</strong></span> 
     </span>
    </p>
   </div>
   <div class='ocr_carea' id='block_1_72' title="bbox 389 4183 1958 4250">
    <p class='ocr_par' dir='ltr' id='par_1_72' title="bbox 389 4183 1958 4250">
     <span class='ocr_line' id='line_1_73' title="bbox 389 4183 1958 4250; baseline -0.001 -13"><span class='ocrx_word' id='word_1_437' title='bbox 389 4185 704 4248; x_wconf 82' lang='lat' dir='ltr'><strong>cersivisse,</strong></span> <span class='ocrx_word' id='word_1_438' title='bbox 748 4197 867 4236; x_wconf 87' lang='lat' dir='ltr'><strong>cum</strong></span> <span class='ocrx_word' id='word_1_439' title='bbox 920 4198 1016 4246; x_wconf 64' lang='lat' dir='ltr'><strong>eae,</strong></span> <span class='ocrx_word' id='word_1_440' title='bbox 1071 4183 1330 4250; x_wconf 87' lang='lat' dir='ltr'><strong>imprimis</strong></span> <span class='ocrx_word' id='word_1_441' title='bbox 1369 4199 1496 4236; x_wconf 88' lang='lat' dir='ltr'><strong>vero</strong></span> <span class='ocrx_word' id='word_1_442' title='bbox 1529 4183 1796 4250; x_wconf 79' lang='lat' dir='ltr'><strong>lli~pania,</strong></span> <span class='ocrx_word' id='word_1_443' title='bbox 1825 4184 1958 4246; x_wconf 90' lang='lat' dir='ltr'><strong>auri,</strong></span> 
     </span>
    </p>
   </div>
   <div class='ocr_carea' id='block_1_73' title="bbox 387 4253 1962 4321">
    <p class='ocr_par' dir='ltr' id='par_1_73' title="bbox 387 4253 1962 4321">
     <span class='ocr_line' id='line_1_74' title="bbox 387 4253 1962 4321; baseline 0 -15"><span class='ocrx_word' id='word_1_444' title='bbox 387 4255 617 4321; x_wconf 79' lang='lat' dir='ltr'><strong>argenti,</strong></span> <span class='ocrx_word' id='word_1_445' title='bbox 651 4255 806 4318; x_wconf 59' lang='lat' dir='ltr'><strong>lanas,</strong></span> <span class='ocrx_word' id='word_1_446' title='bbox 840 4263 1168 4316; x_wconf 87' lang='lat' dir='ltr'><strong>aromatum,</strong></span> <span class='ocrx_word' id='word_1_447' title='bbox 1214 4253 1545 4320; x_wconf 86' lang='lat' dir='ltr'><strong>aliarumque</strong></span> <span class='ocrx_word' id='word_1_448' title='bbox 1573 4269 1748 4306; x_wconf 89' lang='lat' dir='ltr'><strong>rerum</strong></span> <span class='ocrx_word' id='word_1_449' title='bbox 1789 4253 1854 4306; x_wconf 93' lang='lat' dir='ltr'><strong>ad</strong></span> <span class='ocrx_word' id='word_1_450' title='bbox 1885 4255 1962 4306; x_wconf 91' lang='lat' dir='ltr'><strong>ef-</strong></span> 
     </span>
    </p>
   </div>
   <div class='ocr_carea' id='block_1_74' title="bbox 387 4322 1959 4390">
    <p class='ocr_par' dir='ltr' id='par_1_74' title="bbox 387 4322 1959 4390">
     <span class='ocr_line' id='line_1_75' title="bbox 387 4322 1959 4390; baseline 0.001 -16"><span class='ocrx_word' id='word_1_451' title='bbox 387 4325 730 4376; x_wconf 82' lang='lat' dir='ltr'><strong>feminandos</strong></span> <span class='ocrx_word' id='word_1_452' title='bbox 777 4338 952 4376; x_wconf 81' lang='lat' dir='ltr'><strong>mores</strong></span> <span class='ocrx_word' id='word_1_453' title='bbox 1003 4325 1401 4390; x_wconf 79' lang='lat' dir='ltr'><strong>pertim-ntinin,</strong></span> <span class='ocrx_word' id='word_1_454' title='bbox 1432 4325 1586 4390; x_wconf 82' lang='lat' dir='ltr'><strong>copia</strong></span> <span class='ocrx_word' id='word_1_455' title='bbox 1616 4322 1838 4376; x_wconf 59' lang='lat' dir='ltr'><strong>mirifice</strong></span> <span class='ocrx_word' id='word_1_456' title='bbox 1868 4338 1959 4376; x_wconf 87' lang='lat' dir='ltr'><strong>cc-</strong></span> 
     </span>
    </p>
   </div>
   <div class='ocr_carea' id='block_1_75' title="bbox 389 4393 1958 4462">
    <p class='ocr_par' dir='ltr' id='par_1_75' title="bbox 389 4393 1958 4462">
     <span class='ocr_line' id='line_1_76' title="bbox 389 4393 1958 4462; baseline 0 -18"><span class='ocrx_word' id='word_1_457' title='bbox 389 4395 572 4446; x_wconf 84' lang='lat' dir='ltr'><strong>lcbrcs</strong></span> <span class='ocrx_word' id='word_1_458' title='bbox 595 4393 812 4446; x_wconf 84' lang='lat' dir='ltr'><strong>fuerint.</strong></span> <span class='ocrx_word' id='word_1_459' title='bbox 843 4395 967 4458; x_wconf 76' lang='lat' dir='ltr'><strong>Qua:</strong></span> <span class='ocrx_word' id='word_1_460' title='bbox 997 4395 1176 4460; x_wconf 79' lang='lat' dir='ltr'><strong>(verba</strong></span> <span class='ocrx_word' id='word_1_461' title='bbox 1213 4395 1328 4458; x_wconf 82' lang='lat' dir='ltr'><strong>ejus</strong></span> <span class='ocrx_word' id='word_1_462' title='bbox 1349 4393 1520 4462; x_wconf 84' lang='lat' dir='ltr'><strong>audis)</strong></span> <span class='ocrx_word' id='word_1_463' title='bbox 1550 4393 1594 4445; x_wconf 86' lang='lat' dir='ltr'><strong>si</strong></span> <span class='ocrx_word' id='word_1_464' title='bbox 1631 4393 1736 4445; x_wconf 79' lang='lat' dir='ltr'><strong>suis</strong></span> <span class='ocrx_word' id='word_1_465' title='bbox 1763 4409 1816 4446; x_wconf 88' lang='lat' dir='ltr'><strong>se</strong></span> <span class='ocrx_word' id='word_1_466' title='bbox 1840 4393 1958 4458; x_wconf 84' lang='lat' dir='ltr'><strong>ﬁtti-</strong></span> 
     </span>
    </p>
   </div>
   <div class='ocr_carea' id='block_1_76' title="bbox 2073 2155 3640 2234">
    <p class='ocr_par' dir='ltr' id='par_1_76' title="bbox 2073 2155 3640 2234">
     <span class='ocr_line' id='line_1_77' title="bbox 2073 2155 3640 2234; baseline 0.009 -26"><span class='ocrx_word' id='word_1_467' title='bbox 2073 2155 2164 2234; x_wconf 76' lang='lat' dir='ltr'><strong>bus</strong></span> <span class='ocrx_word' id='word_1_468' title='bbox 2193 2159 2675 2234; x_wconf 79' lang='lat' dir='ltr'><strong>lacernarum,etc.</strong></span> <span class='ocrx_word' id='word_1_469' title='bbox 2698 2161 3002 2234; x_wconf 77' lang='lat' dir='ltr'><strong>Mensarum</strong></span> <span class='ocrx_word' id='word_1_470' title='bbox 3031 2164 3162 2216; x_wconf 87' lang='lat' dir='ltr'><strong>enim</strong></span> <span class='ocrx_word' id='word_1_471' title='bbox 3184 2165 3446 2234; x_wconf 81' lang='lat' dir='ltr'><strong>voragines</strong></span> <span class='ocrx_word' id='word_1_472' title='bbox 3469 2174 3520 2220; x_wconf 87' lang='lat' dir='ltr'><strong>et</strong></span> <span class='ocrx_word' id='word_1_473' title='bbox 3553 2185 3640 2222; x_wconf 83' lang='lat' dir='ltr'><strong>va-</strong></span> 
     </span>
    </p>
   </div>
   <div class='ocr_carea' id='block_1_77' title="bbox 2070 2228 3640 2304">
    <p class='ocr_par' dir='ltr' id='par_1_77' title="bbox 2070 2228 3640 2304">
     <span class='ocr_line' id='line_1_78' title="bbox 2070 2228 3640 2304; baseline 0.01 -27"><span class='ocrx_word' id='word_1_474' title='bbox 2070 2228 2174 2280; x_wconf 85' lang='lat' dir='ltr'><strong>rias</strong></span> <span class='ocrx_word' id='word_1_475' title='bbox 2201 2231 2512 2304; x_wconf 70' lang='lat' dir='ltr'><strong>voluptatum</strong></span> <span class='ocrx_word' id='word_1_476' title='bbox 2535 2233 2833 2304; x_wconf 79' lang='lat' dir='ltr'><strong>illecebras,</strong></span> <span class='ocrx_word' id='word_1_477' title='bbox 2855 2249 2916 2284; x_wconf 91' lang='lat' dir='ltr'><strong>ne</strong></span> <span class='ocrx_word' id='word_1_478' title='bbox 2939 2231 3138 2304; x_wconf 84' lang='lat' dir='ltr'><strong>longius</strong></span> <span class='ocrx_word' id='word_1_479' title='bbox 3162 2228 3476 2304; x_wconf 48' lang='lat' dir='ltr'><strong>progr&#39;ediar,</strong></span> <span class='ocrx_word' id='word_1_480' title='bbox 3511 2247 3640 2304; x_wconf 76' lang='lat' dir='ltr'><strong>prte-</strong></span> 
     </span>
    </p>
   </div>
   <div class='ocr_carea' id='block_1_78' title="bbox 2073 2299 3638 2372">
    <p class='ocr_par' dir='ltr' id='par_1_78' title="bbox 2073 2299 3638 2372">
     <span class='ocr_line' id='line_1_79' title="bbox 2073 2299 3638 2372; baseline 0.009 -24"><span class='ocrx_word' id='word_1_481' title='bbox 2073 2299 2388 2372; x_wconf 79' lang='lat' dir='ltr'><strong>termitto....</strong></span> <span class='ocrx_word' id='word_1_482' title='bbox 2417 2299 2646 2372; x_wconf 82' lang='lat' dir='ltr'><strong>Denique</strong></span> <span class='ocrx_word' id='word_1_483' title='bbox 2666 2317 2756 2369; x_wconf 90' lang='lat' dir='ltr'><strong>pro</strong></span> <span class='ocrx_word' id='word_1_484' title='bbox 2783 2301 3086 2370; x_wconf 81' lang='lat' dir='ltr'><strong>pltilosOpho</strong></span> <span class='ocrx_word' id='word_1_485' title='bbox 3109 2299 3306 2370; x_wconf 67' lang='lat' dir='ltr'><strong>cantor,</strong></span> <span class='ocrx_word' id='word_1_486' title='bbox 3329 2317 3376 2358; x_wconf 81' lang='lat' dir='ltr'><strong>et</strong></span> <span class='ocrx_word' id='word_1_487' title='bbox 3398 2307 3450 2358; x_wconf 87' lang='lat' dir='ltr'><strong>in</strong></span> <span class='ocrx_word' id='word_1_488' title='bbox 3465 2299 3638 2362; x_wconf 80' lang='lat' dir='ltr'><strong>locum</strong></span> 
     </span>
    </p>
   </div>
   <div class='ocr_carea' id='block_1_79' title="bbox 2071 2370 3642 2432">
    <p class='ocr_par' dir='ltr' id='par_1_79' title="bbox 2071 2370 3642 2432">
     <span class='ocr_line' id='line_1_80' title="bbox 2071 2370 3642 2432; baseline 0.009 -15"><span class='ocrx_word' id='word_1_489' title='bbox 2071 2370 2288 2422; x_wconf 88' lang='lat' dir='ltr'><strong>oratoris</strong></span> <span class='ocrx_word' id='word_1_490' title='bbox 2329 2371 2506 2423; x_wconf 88' lang='lat' dir='ltr'><strong>doctor</strong></span> <span class='ocrx_word' id='word_1_491' title='bbox 2533 2370 2718 2425; x_wconf 81' lang='lat' dir='ltr'><strong>artium</strong></span> <span class='ocrx_word' id='word_1_492' title='bbox 2765 2372 3078 2426; x_wconf 84' lang='lat' dir='ltr'><strong>ludicrarum</strong></span> <span class='ocrx_word' id='word_1_493' title='bbox 3121 2375 3316 2427; x_wconf 85' lang='lat' dir='ltr'><strong>accitur</strong></span> <span class='ocrx_word' id='word_1_494' title='bbox 3344 2391 3364 2428; x_wconf 89' lang='lat'><strong><em>:</em></strong></span> <span class='ocrx_word' id='word_1_495' title='bbox 3388 2387 3434 2429; x_wconf 83' lang='lat' dir='ltr'><strong>et</strong></span> <span class='ocrx_word' id='word_1_496' title='bbox 3462 2377 3642 2432; x_wconf 89' lang='lat' dir='ltr'><strong>biblio-</strong></span> 
     </span>
    </p>
   </div>
   <div class='ocr_carea' id='block_1_80' title="bbox 2073 2435 3640 2520">
    <p class='ocr_par' dir='ltr' id='par_1_80' title="bbox 2073 2435 3640 2520">
     <span class='ocr_line' id='line_1_81' title="bbox 2073 2435 3640 2520; baseline 0.01 -33"><span class='ocrx_word' id='word_1_497' title='bbox 2073 2435 2230 2520; x_wconf 61' lang='lat' dir='ltr'><strong>thecis</strong></span> <span class='ocrx_word' id='word_1_498' title='bbox 2259 2440 2756 2520; x_wconf 29' lang='lat' dir='ltr'><strong>sepulcrorum‘ritu</strong></span> <span class='ocrx_word' id='word_1_499' title='bbox 2781 2443 2834 2494; x_wconf 85' lang='lat' dir='ltr'><strong>in</strong></span> <span class='ocrx_word' id='word_1_500' title='bbox 2881 2454 3176 2520; x_wconf 61' lang='lat' dir='ltr'><strong>perpetuum</strong></span> <span class='ocrx_word' id='word_1_501' title='bbox 3229 2445 3420 2520; x_wconf 76' lang='lat' dir='ltr'><strong>clausis</strong></span> <span class='ocrx_word' id='word_1_502' title='bbox 3446 2465 3640 2520; x_wconf 79' lang='lat' dir='ltr'><strong>organa</strong></span> 
     </span>
    </p>
   </div>
   <div class='ocr_carea' id='block_1_81' title="bbox 2070 2507 3640 2583">
    <p class='ocr_par' dir='ltr' id='par_1_81' title="bbox 2070 2507 3640 2583">
     <span class='ocr_line' id='line_1_82' title="bbox 2070 2507 3640 2583; baseline 0.008 -24"><span class='ocrx_word' id='word_1_503' title='bbox 2070 2507 2320 2583; x_wconf 74' lang='lat' dir='ltr'><strong>fabricant</strong></span> <span class='ocrx_word' id='word_1_504' title='bbox 2351 2512 2740 2578; x_wconf 79' lang='lat' dir='ltr'><strong>uthydraulica,</strong></span> <span class='ocrx_word' id='word_1_505' title='bbox 2773 2507 3167 2566; x_wconf 52' lang='lat' dir='ltr'><strong>etc.&#39;l’ostrcmo</strong></span> <span class='ocrx_word' id='word_1_506' title='bbox 3191 2515 3258 2565; x_wconf 87' lang='lat' dir='ltr'><strong>ad</strong></span> <span class='ocrx_word' id='word_1_507' title='bbox 3287 2517 3340 2567; x_wconf 87' lang='lat' dir='ltr'><strong>id</strong></span> <span class='ocrx_word' id='word_1_508' title='bbox 3363 2507 3640 2583; x_wconf 64' lang='lat' dir='ltr'><strong>indignita-</strong></span> 
     </span>
    </p>
   </div>
   <div class='ocr_carea' id='block_1_82' title="bbox 2068 2575 3638 2652">
    <p class='ocr_par' dir='ltr' id='par_1_82' title="bbox 2068 2575 3638 2652">
     <span class='ocr_line' id='line_1_83' title="bbox 2068 2575 3638 2652; baseline 0.01 -26"><span class='ocrx_word' id='word_1_509' title='bbox 2068 2577 2133 2652; x_wconf 76' lang='lat' dir='ltr'><strong>tis</strong></span> <span class='ocrx_word' id='word_1_510' title='bbox 2159 2589 2229 2652; x_wconf 72' lang='lat' dir='ltr'><strong>est</strong></span> <span class='ocrx_word' id='word_1_511' title='bbox 2255 2575 2486 2652; x_wconf 37' lang='lat' dir='ltr'><strong>ventum]</strong></span> <span class='ocrx_word' id='word_1_512' title='bbox 2519 2593 2572 2632; x_wconf 90' lang='lat' dir='ltr'><strong>ut</strong></span> <span class='ocrx_word' id='word_1_513' title='bbox 2615 2599 2727 2633; x_wconf 89' lang='lat' dir='ltr'><strong>cum</strong></span> <span class='ocrx_word' id='word_1_514' title='bbox 2773 2585 3024 2652; x_wconf 80' lang='lat' dir='ltr'><strong>peregrini</strong></span> <span class='ocrx_word' id='word_1_515' title='bbox 3055 2587 3113 2635; x_wconf 80' lang='lat' dir='ltr'><strong>ob</strong></span> <span class='ocrx_word' id='word_1_516' title='bbox 3145 2575 3638 2648; x_wconf 47' lang='lat' dir='ltr'><strong>formidatamuliaud</strong></span> 
     </span>
    </p>
   </div>
   <div class='ocr_carea' id='block_1_83' title="bbox 2066 2646 3638 2720">
    <p class='ocr_par' dir='ltr' id='par_1_83' title="bbox 2066 2646 3638 2720">
     <span class='ocr_line' id='line_1_84' title="bbox 2066 2646 3638 2720; baseline 0.01 -24"><span class='ocrx_word' id='word_1_517' title='bbox 2066 2646 2138 2696; x_wconf 83' lang='lat' dir='ltr'><strong>ita</strong></span> <span class='ocrx_word' id='word_1_518' title='bbox 2163 2648 2358 2720; x_wconf 71' lang='lat' dir='ltr'><strong>dudum</strong></span> <span class='ocrx_word' id='word_1_519' title='bbox 2405 2646 3020 2720; x_wconf 73' lang='lat' dir='ltr'><strong>alimentoruminopiam</strong></span> <span class='ocrx_word' id='word_1_520' title='bbox 3061 2646 3368 2720; x_wconf 79' lang='lat' dir='ltr'><strong>pellerentur</strong></span> <span class='ocrx_word' id='word_1_521' title='bbox 3403 2657 3465 2708; x_wconf 88' lang='lat' dir='ltr'><strong>ab</strong></span> <span class='ocrx_word' id='word_1_522' title='bbox 3504 2656 3638 2711; x_wconf 89' lang='lat' dir='ltr'><strong>Urbe</strong></span> 
     </span>
    </p>
   </div>
   <div class='ocr_carea' id='block_1_84' title="bbox 2071 2718 3638 2789">
    <p class='ocr_par' dir='ltr' id='par_1_84' title="bbox 2071 2718 3638 2789">
     <span class='ocr_line' id='line_1_85' title="bbox 2071 2718 3638 2789; baseline 0.008 -23"><span class='ocrx_word' id='word_1_523' title='bbox 2071 2718 2374 2789; x_wconf 65' lang='lat' dir='ltr'><strong>praecipites,</strong></span> <span class='ocrx_word' id='word_1_524' title='bbox 2416 2721 2743 2772; x_wconf 79' lang='lat' dir='ltr'><strong>sectatoribus</strong></span> <span class='ocrx_word' id='word_1_525' title='bbox 2787 2718 3176 2789; x_wconf 81' lang='lat' dir='ltr'><strong>disciplinarum</strong></span> <span class='ocrx_word' id='word_1_526' title='bbox 3216 2723 3502 2777; x_wconf 81' lang='lat' dir='ltr'><strong>liberalium</strong></span> <span class='ocrx_word' id='word_1_527' title='bbox 3543 2728 3638 2778; x_wconf 86' lang='lat' dir='ltr'><strong>im-</strong></span> 
     </span>
    </p>
   </div>
   <div class='ocr_carea' id='block_1_85' title="bbox 2071 2787 3634 2858">
    <p class='ocr_par' dir='ltr' id='par_1_85' title="bbox 2071 2787 3634 2858">
     <span class='ocr_line' id='line_1_86' title="bbox 2071 2787 3634 2858; baseline 0.008 -22"><span class='ocrx_word' id='word_1_528' title='bbox 2071 2787 2252 2858; x_wconf 85' lang='lat' dir='ltr'><strong>pendio</strong></span> <span class='ocrx_word' id='word_1_529' title='bbox 2297 2790 2474 2856; x_wconf 83' lang='lat' dir='ltr'><strong>paucis</strong></span> <span class='ocrx_word' id='word_1_530' title='bbox 2501 2791 2610 2843; x_wconf 89' lang='lat' dir='ltr'><strong>sine</strong></span> <span class='ocrx_word' id='word_1_531' title='bbox 2635 2787 2969 2858; x_wconf 78' lang='lat' dir='ltr'><strong>respiratione</strong></span> <span class='ocrx_word' id='word_1_532' title='bbox 2997 2791 3104 2842; x_wconf 88' lang='lat' dir='ltr'><strong>ulla</strong></span> <span class='ocrx_word' id='word_1_533' title='bbox 3133 2793 3368 2858; x_wconf 73' lang='lat' dir='ltr'><strong>extrusis,</strong></span> <span class='ocrx_word' id='word_1_534' title='bbox 3401 2804 3634 2848; x_wconf 78' lang='lat' dir='ltr'><strong>teneren-</strong></span> 
     </span>
    </p>
   </div>
   <div class='ocr_carea' id='block_1_86' title="bbox 2069 2857 3633 2926">
    <p class='ocr_par' dir='ltr' id='par_1_86' title="bbox 2069 2857 3633 2926">
     <span class='ocr_line' id='line_1_87' title="bbox 2069 2857 3633 2926; baseline 0.006 -20"><span class='ocrx_word' id='word_1_535' title='bbox 2069 2865 2152 2906; x_wconf 86' lang='lat' dir='ltr'><strong>tur</strong></span> <span class='ocrx_word' id='word_1_536' title='bbox 2175 2857 2446 2910; x_wconf 88' lang='lat' dir='ltr'><strong>mimarum</strong></span> <span class='ocrx_word' id='word_1_537' title='bbox 2475 2861 2678 2912; x_wconf 76' lang='lat' dir='ltr'><strong>assedit:</strong></span> <span class='ocrx_word' id='word_1_538' title='bbox 2706 2857 2829 2920; x_wconf 85' lang='lat' dir='ltr'><strong>veri,</strong></span> <span class='ocrx_word' id='word_1_539' title='bbox 2857 2859 3000 2926; x_wconf 87' lang='lat' dir='ltr'><strong>quive</strong></span> <span class='ocrx_word' id='word_1_540' title='bbox 3017 2861 3068 2912; x_wconf 86' lang='lat' dir='ltr'><strong>id</strong></span> <span class='ocrx_word' id='word_1_541' title='bbox 3085 2857 3390 2916; x_wconf 80' lang='lat' dir='ltr'><strong>simularunt</strong></span> <span class='ocrx_word' id='word_1_542' title='bbox 3413 2866 3479 2916; x_wconf 87' lang='lat' dir='ltr'><strong>ad</strong></span> <span class='ocrx_word' id='word_1_543' title='bbox 3506 2877 3633 2917; x_wconf 84' lang='lat' dir='ltr'><strong>tent-</strong></span> 
     </span>
    </p>
   </div>
   <div class='ocr_carea' id='block_1_87' title="bbox 2071 2927 3636 2997">
    <p class='ocr_par' dir='ltr' id='par_1_87' title="bbox 2071 2927 3636 2997">
     <span class='ocr_line' id='line_1_88' title="bbox 2071 2927 3636 2997; baseline 0.007 -20"><span class='ocrx_word' id='word_1_544' title='bbox 2071 2941 2205 2992; x_wconf 86' lang='lat' dir='ltr'><strong>pus;</strong></span> <span class='ocrx_word' id='word_1_545' title='bbox 2233 2933 2278 2978; x_wconf 88' lang='lat' dir='ltr'><strong>et</strong></span> <span class='ocrx_word' id='word_1_546' title='bbox 2307 2929 2406 2979; x_wconf 89' lang='lat' dir='ltr'><strong>tria</strong></span> <span class='ocrx_word' id='word_1_547' title='bbox 2435 2927 2598 2982; x_wconf 87' lang='lat' dir='ltr'><strong>millia</strong></span> <span class='ocrx_word' id='word_1_548' title='bbox 2643 2929 2956 2980; x_wconf 74' lang='lat' dir='ltr'><strong>saltatricum</strong></span> <span class='ocrx_word' id='word_1_549' title='bbox 2991 2945 3049 2982; x_wconf 89' lang='lat' dir='ltr'><strong>ne</strong></span> <span class='ocrx_word' id='word_1_550' title='bbox 3081 2931 3398 2997; x_wconf 86' lang='lat' dir='ltr'><strong>interpellata</strong></span> <span class='ocrx_word' id='word_1_551' title='bbox 3435 2937 3636 2996; x_wconf 68' lang='lat' dir='ltr'><strong>quidem</strong></span> 
     </span>
    </p>
   </div>
   <div class='ocr_carea' id='block_1_88' title="bbox 2068 2997 3632 3070">
    <p class='ocr_par' dir='ltr' id='par_1_88' title="bbox 2068 2997 3632 3070">
     <span class='ocr_line' id='line_1_89' title="bbox 2068 2997 3632 3070; baseline 0.006 -24"><span class='ocrx_word' id='word_1_552' title='bbox 2068 3009 2185 3047; x_wconf 87' lang='lat' dir='ltr'><strong>cum</strong></span> <span class='ocrx_word' id='word_1_553' title='bbox 2213 2997 2400 3060; x_wconf 75' lang='lat' dir='ltr'><strong>choris,</strong></span> <span class='ocrx_word' id='word_1_554' title='bbox 2429 2999 2732 3070; x_wconf 83' lang='lat' dir='ltr'><strong>totidemque</strong></span> <span class='ocrx_word' id='word_1_555' title='bbox 2763 3009 3080 3070; x_wconf 81' lang='lat' dir='ltr'><strong>remanerent</strong></span> <span class='ocrx_word' id='word_1_556' title='bbox 3107 3003 3382 3070; x_wconf 79' lang='lat' dir='ltr'><strong>magistris.</strong></span> <span class='ocrx_word' id='word_1_557' title='bbox 3412 3001 3476 3054; x_wconf 85' lang='lat' dir='ltr'><strong>Et</strong></span> <span class='ocrx_word' id='word_1_558' title='bbox 3497 3005 3632 3070; x_wconf 86' lang='lat' dir='ltr'><strong>licet,</strong></span> 
     </span>
    </p>
   </div>
   <div class='ocr_carea' id='block_1_89' title="bbox 2067 3068 3636 3143">
    <p class='ocr_par' dir='ltr' id='par_1_89' title="bbox 2067 3068 3636 3143">
     <span class='ocr_line' id='line_1_90' title="bbox 2067 3068 3636 3143; baseline 0.008 -27"><span class='ocrx_word' id='word_1_559' title='bbox 2067 3081 2365 3143; x_wconf 76' lang='lat' dir='ltr'><strong>quocunque</strong></span> <span class='ocrx_word' id='word_1_560' title='bbox 2387 3068 2562 3120; x_wconf 86' lang='lat' dir='ltr'><strong>oculos</strong></span> <span class='ocrx_word' id='word_1_561' title='bbox 2590 3070 2809 3143; x_wconf 72' lang='lat' dir='ltr'><strong>flexeris,</strong></span> <span class='ocrx_word' id='word_1_562' title='bbox 2841 3069 3054 3143; x_wconf 77' lang='lat' dir='ltr'><strong>feminas</strong></span> <span class='ocrx_word' id='word_1_563' title='bbox 3079 3068 3274 3135; x_wconf 76' lang='lat' dir='ltr'><strong>affatim</strong></span> <span class='ocrx_word' id='word_1_564' title='bbox 3305 3074 3488 3126; x_wconf 87' lang='lat' dir='ltr'><strong>multas</strong></span> <span class='ocrx_word' id='word_1_565' title='bbox 3521 3068 3636 3143; x_wconf 47' lang='lat' dir='ltr'><strong>spe;</strong></span> 
     </span>
    </p>
   </div>
   <div class='ocr_carea' id='block_1_90' title="bbox 2070 3138 3636 3208">
    <p class='ocr_par' dir='ltr' id='par_1_90' title="bbox 2070 3138 3636 3208">
     <span class='ocr_line' id='line_1_91' title="bbox 2070 3138 3636 3208; baseline 0.006 -22"><span class='ocrx_word' id='word_1_566' title='bbox 2070 3145 2207 3208; x_wconf 83' lang='lat' dir='ltr'><strong>clare</strong></span> <span class='ocrx_word' id='word_1_567' title='bbox 2229 3139 2471 3208; x_wconf 80' lang='lat' dir='ltr'><strong>cirratas,</strong></span> <span class='ocrx_word' id='word_1_568' title='bbox 2515 3138 2716 3206; x_wconf 85' lang='lat' dir='ltr'><strong>quibus,</strong></span> <span class='ocrx_word' id='word_1_569' title='bbox 2759 3139 2802 3190; x_wconf 85' lang='lat' dir='ltr'><strong>si</strong></span> <span class='ocrx_word' id='word_1_570' title='bbox 2853 3139 3166 3206; x_wconf 84' lang='lat' dir='ltr'><strong>nupsissent,</strong></span> <span class='ocrx_word' id='word_1_571' title='bbox 3197 3157 3288 3208; x_wconf 85' lang='lat' dir='ltr'><strong>per</strong></span> <span class='ocrx_word' id='word_1_572' title='bbox 3331 3138 3636 3196; x_wconf 53' lang='lat' dir='ltr'><strong>tetatem&#39;ter</strong></span> 
     </span>
    </p>
   </div>
   <div class='ocr_carea' id='block_1_91' title="bbox 2059 3207 3634 3281">
    <p class='ocr_par' dir='ltr' id='par_1_91' title="bbox 2059 3207 3634 3281">
     <span class='ocr_line' id='line_1_92' title="bbox 2059 3207 3634 3281; baseline 0.007 -26"><span class='ocrx_word' id='word_1_573' title='bbox 2059 3207 2175 3281; x_wconf 72' lang='lat' dir='ltr'><strong>jam</strong></span> <span class='ocrx_word' id='word_1_574' title='bbox 2225 3207 2376 3281; x_wconf 72' lang='lat' dir='ltr'><strong>nixus</strong></span> <span class='ocrx_word' id='word_1_575' title='bbox 2407 3217 2599 3281; x_wconf 83' lang='lat' dir='ltr'><strong>poterat</strong></span> <span class='ocrx_word' id='word_1_576' title='bbox 2647 3217 2911 3275; x_wconf 76' lang='lat' dir='ltr'><strong>suppetere</strong></span> <span class='ocrx_word' id='word_1_577' title='bbox 2953 3209 3246 3274; x_wconf 86' lang='lat' dir='ltr'><strong>liberorum,</strong></span> <span class='ocrx_word' id='word_1_578' title='bbox 3274 3211 3501 3281; x_wconf 82' lang='lat' dir='ltr'><strong>adusque</strong></span> <span class='ocrx_word' id='word_1_579' title='bbox 3537 3223 3634 3266; x_wconf 75' lang='lat' dir='ltr'><strong>trc-</strong></span> 
     </span>
    </p>
   </div>
   <div class='ocr_carea' id='block_1_92' title="bbox 2066 3275 3632 3348">
    <p class='ocr_par' dir='ltr' id='par_1_92' title="bbox 2066 3275 3632 3348">
     <span class='ocr_line' id='line_1_93' title="bbox 2066 3275 3632 3348; baseline 0.007 -22"><span class='ocrx_word' id='word_1_580' title='bbox 2066 3275 2208 3348; x_wconf 82' lang='lat' dir='ltr'><strong>dium</strong></span> <span class='ocrx_word' id='word_1_581' title='bbox 2236 3277 2446 3348; x_wconf 82' lang='lat' dir='ltr'><strong>pedibus</strong></span> <span class='ocrx_word' id='word_1_582' title='bbox 2477 3279 2762 3344; x_wconf 87' lang='lat' dir='ltr'><strong>pavimenta</strong></span> <span class='ocrx_word' id='word_1_583' title='bbox 2806 3287 3050 3342; x_wconf 84' lang='lat' dir='ltr'><strong>terentes,</strong></span> <span class='ocrx_word' id='word_1_584' title='bbox 3089 3281 3283 3348; x_wconf 87' lang='lat' dir='ltr'><strong>jactari</strong></span> <span class='ocrx_word' id='word_1_585' title='bbox 3331 3275 3632 3337; x_wconf 76' lang='lat' dir='ltr'><strong>volubilibus</strong></span> 
     </span>
    </p>
   </div>
   <div class='ocr_carea' id='block_1_93' title="bbox 2064 3346 3632 3419">
    <p class='ocr_par' dir='ltr' id='par_1_93' title="bbox 2064 3346 3632 3419">
     <span class='ocr_line' id='line_1_94' title="bbox 2064 3346 3632 3419; baseline 0.005 -23"><span class='ocrx_word' id='word_1_586' title='bbox 2064 3346 2234 3419; x_wconf 66' lang='lat' dir='ltr'><strong>gyris,</strong></span> <span class='ocrx_word' id='word_1_587' title='bbox 2255 3346 2375 3419; x_wconf 82' lang='lat' dir='ltr'><strong>dum</strong></span> <span class='ocrx_word' id='word_1_588' title='bbox 2401 3349 2693 3419; x_wconf 72' lang='lat' dir='ltr'><strong>exprimunt</strong></span> <span class='ocrx_word' id='word_1_589' title='bbox 2742 3349 3010 3419; x_wconf 76' lang='lat' dir='ltr'><strong>innumera</strong></span> <span class='ocrx_word' id='word_1_590' title='bbox 3051 3346 3349 3413; x_wconf 84' lang='lat' dir='ltr'><strong>simulacra,</strong></span> <span class='ocrx_word' id='word_1_591' title='bbox 3373 3367 3486 3414; x_wconf 70' lang='lat' dir='ltr'><strong>qum</strong></span> <span class='ocrx_word' id='word_1_592' title='bbox 3528 3352 3632 3419; x_wconf 76' lang='lat' dir='ltr'><strong>ﬁn-</strong></span> 
     </span>
    </p>
   </div>
   <div class='ocr_carea' id='block_1_94' title="bbox 2062 3416 3636 3483">
    <p class='ocr_par' dir='ltr' id='par_1_94' title="bbox 2062 3416 3636 3483">
     <span class='ocr_line' id='line_1_95' title="bbox 2062 3416 3636 3483; baseline 0.005 -16"><span class='ocrx_word' id='word_1_593' title='bbox 2062 3431 2180 3467; x_wconf 68' lang='lat' dir='ltr'><strong>xere</strong></span> <span class='ocrx_word' id='word_1_594' title='bbox 2205 3416 2392 3483; x_wconf 69' lang='lat' dir='ltr'><strong>fabula!</strong></span> <span class='ocrx_word' id='word_1_595' title='bbox 2436 3417 2728 3472; x_wconf 85' lang='lat' dir='ltr'><strong>theatrales.</strong></span> <span class='ocrx_word' id='word_1_596' title='bbox 2761 3417 2893 3482; x_wconf 67' lang='lat' dir='ltr'><strong>Quae</strong></span> <span class='ocrx_word' id='word_1_597' title='bbox 2933 3419 3110 3471; x_wconf 88' lang='lat' dir='ltr'><strong>omnia</strong></span> <span class='ocrx_word' id='word_1_598' title='bbox 3145 3416 3636 3475; x_wconf 51' lang='lat' dir='ltr'><strong>Prudentiante&#39;de-</strong></span> 
     </span>
    </p>
   </div>
   <div class='ocr_carea' id='block_1_95' title="bbox 2064 3486 3630 3558">
    <p class='ocr_par' dir='ltr' id='par_1_95' title="bbox 2064 3486 3630 3558">
     <span class='ocr_line' id='line_1_96' title="bbox 2064 3486 3630 3558; baseline 0.004 -21"><span class='ocrx_word' id='word_1_599' title='bbox 2064 3486 2335 3558; x_wconf 81' lang='lat' dir='ltr'><strong>seriptioni</strong></span> <span class='ocrx_word' id='word_1_600' title='bbox 2383 3487 2605 3558; x_wconf 58' lang='lat' dir='ltr'><strong>luxuria:</strong></span> <span class='ocrx_word' id='word_1_601' title='bbox 2640 3489 2881 3556; x_wconf 86' lang='lat' dir='ltr'><strong>apprime</strong></span> <span class='ocrx_word' id='word_1_602' title='bbox 2906 3489 3248 3542; x_wconf 87' lang='lat' dir='ltr'><strong>conveniunt.</strong></span> <span class='ocrx_word' id='word_1_603' title='bbox 3285 3489 3432 3542; x_wconf 90' lang='lat' dir='ltr'><strong>Haud</strong></span> <span class='ocrx_word' id='word_1_604' title='bbox 3475 3491 3630 3558; x_wconf 87' lang='lat' dir='ltr'><strong>equi-</strong></span> 
     </span>
    </p>
   </div>
   <div class='ocr_carea' id='block_1_96' title="bbox 2063 3554 3632 3625">
    <p class='ocr_par' dir='ltr' id='par_1_96' title="bbox 2063 3554 3632 3625">
     <span class='ocr_line' id='line_1_97' title="bbox 2063 3554 3632 3625; baseline 0.006 -19"><span class='ocrx_word' id='word_1_605' title='bbox 2063 3554 2183 3625; x_wconf 65' lang='lat' dir='ltr'><strong>dem</strong></span> <span class='ocrx_word' id='word_1_606' title='bbox 2213 3557 2538 3623; x_wconf 79' lang='lat' dir='ltr'><strong>negaverim,</strong></span> <span class='ocrx_word' id='word_1_607' title='bbox 2575 3554 2808 3625; x_wconf 18' lang='lat' dir='ltr'><strong>illoiipso</strong></span> <span class='ocrx_word' id='word_1_608' title='bbox 2836 3568 3074 3614; x_wconf 76' lang='lat' dir='ltr'><strong>tempore</strong></span> <span class='ocrx_word' id='word_1_609' title='bbox 3123 3560 3302 3611; x_wconf 87' lang='lat' dir='ltr'><strong>luxum</strong></span> <span class='ocrx_word' id='word_1_610' title='bbox 3337 3557 3387 3609; x_wconf 92' lang='lat' dir='ltr'><strong>in</strong></span> <span class='ocrx_word' id='word_1_611' title='bbox 3413 3554 3632 3615; x_wconf 66' lang='lat' dir='ltr'><strong>Oriente</strong></span> 
     </span>
    </p>
   </div>
   <div class='ocr_carea' id='block_1_97' title="bbox 2064 3623 3634 3697">
    <p class='ocr_par' dir='ltr' id='par_1_97' title="bbox 2064 3623 3634 3697">
     <span class='ocr_line' id='line_1_98' title="bbox 2064 3623 3634 3697; baseline 0.004 -22"><span class='ocrx_word' id='word_1_612' title='bbox 2064 3623 2320 3697; x_wconf 67' lang='lat' dir='ltr'><strong>eli&#39;renum</strong></span> <span class='ocrx_word' id='word_1_613' title='bbox 2353 3627 2509 3679; x_wconf 89' lang='lat' dir='ltr'><strong>etiam</strong></span> <span class='ocrx_word' id='word_1_614' title='bbox 2561 3623 2745 3690; x_wconf 83' lang='lat' dir='ltr'><strong>fuisse,</strong></span> <span class='ocrx_word' id='word_1_615' title='bbox 2782 3637 2835 3678; x_wconf 91' lang='lat' dir='ltr'><strong>Ill</strong></span> <span class='ocrx_word' id='word_1_616' title='bbox 2863 3627 3101 3694; x_wconf 82' lang='lat' dir='ltr'><strong>arguitur</strong></span> <span class='ocrx_word' id='word_1_617' title='bbox 3131 3644 3196 3680; x_wconf 83' lang='lat' dir='ltr'><strong>ex</strong></span> <span class='ocrx_word' id='word_1_618' title='bbox 3237 3627 3319 3680; x_wconf 91' lang='lat' dir='ltr'><strong>his</strong></span> <span class='ocrx_word' id='word_1_619' title='bbox 3348 3629 3488 3682; x_wconf 86' lang='lat' dir='ltr'><strong>vitiis</strong></span> <span class='ocrx_word' id='word_1_620' title='bbox 3516 3645 3634 3697; x_wconf 67' lang='lat' dir='ltr'><strong>qua:</strong></span> 
     </span>
    </p>
   </div>
   <div class='ocr_carea' id='block_1_98' title="bbox 2061 3691 3634 3765">
    <p class='ocr_par' dir='ltr' id='par_1_98' title="bbox 2061 3691 3634 3765">
     <span class='ocr_line' id='line_1_99' title="bbox 2061 3691 3634 3765; baseline 0.005 -21"><span class='ocrx_word' id='word_1_621' title='bbox 2061 3691 2471 3765; x_wconf 63' lang='lat' dir='ltr'><strong>Chrysitstomus</strong></span> <span class='ocrx_word' id='word_1_622' title='bbox 2499 3697 2812 3764; x_wconf 79' lang='lat' dir='ltr'><strong>gravissime</strong></span> <span class='ocrx_word' id='word_1_623' title='bbox 2841 3708 2894 3750; x_wconf 90' lang='lat' dir='ltr'><strong>et</strong></span> <span class='ocrx_word' id='word_1_624' title='bbox 2928 3691 3340 3751; x_wconf 56' lang='lat' dir='ltr'><strong>&#39;concionatorio</strong></span> <span class='ocrx_word' id='word_1_625' title='bbox 3379 3705 3515 3765; x_wconf 86' lang='lat' dir='ltr'><strong>ston</strong></span> <span class='ocrx_word' id='word_1_626' title='bbox 3535 3691 3634 3752; x_wconf 67' lang='lat' dir='ltr'><strong>&#39;re-</strong></span> 
     </span>
    </p>
   </div>
   <div class='ocr_carea' id='block_1_99' title="bbox 2064 3764 3627 3834">
    <p class='ocr_par' dir='ltr' id='par_1_99' title="bbox 2064 3764 3627 3834">
     <span class='ocr_line' id='line_1_100' title="bbox 2064 3764 3627 3834; baseline 0.004 -20"><span class='ocrx_word' id='word_1_627' title='bbox 2064 3764 2363 3834; x_wconf 74' lang='lat' dir='ltr'><strong>prehendit.</strong></span> <span class='ocrx_word' id='word_1_628' title='bbox 2392 3764 2502 3834; x_wconf 81' lang='lat' dir='ltr'><strong>Sed</strong></span> <span class='ocrx_word' id='word_1_629' title='bbox 2525 3765 2638 3819; x_wconf 80' lang='lat' dir='ltr'><strong>sive</strong></span> <span class='ocrx_word' id='word_1_630' title='bbox 2667 3767 2962 3830; x_wconf 83' lang='lat' dir='ltr'><strong>Antiochia,</strong></span> <span class='ocrx_word' id='word_1_631' title='bbox 2997 3769 3108 3819; x_wconf 88' lang='lat' dir='ltr'><strong>sive</strong></span> <span class='ocrx_word' id='word_1_632' title='bbox 3137 3764 3627 3834; x_wconf 69' lang='lat' dir='ltr'><strong>Constantinopolis</strong></span> 
     </span>
    </p>
   </div>
   <div class='ocr_carea' id='block_1_100' title="bbox 2063 3831 3632 3902">
    <p class='ocr_par' dir='ltr' id='par_1_100' title="bbox 2063 3831 3632 3902">
     <span class='ocr_line' id='line_1_101' title="bbox 2063 3831 3632 3902; baseline 0.004 -18"><span class='ocrx_word' id='word_1_633' title='bbox 2063 3831 2246 3902; x_wconf 70' lang='lat' dir='ltr'><strong>Roma:</strong></span> <span class='ocrx_word' id='word_1_634' title='bbox 2274 3833 2599 3898; x_wconf 84' lang='lat' dir='ltr'><strong>conferatur,</strong></span> <span class='ocrx_word' id='word_1_635' title='bbox 2634 3849 2736 3886; x_wconf 88' lang='lat' dir='ltr'><strong>non</strong></span> <span class='ocrx_word' id='word_1_636' title='bbox 2765 3833 2950 3886; x_wconf 88' lang='lat' dir='ltr'><strong>dttbilo</strong></span> <span class='ocrx_word' id='word_1_637' title='bbox 2971 3837 3096 3902; x_wconf 90' lang='lat' dir='ltr'><strong>quin</strong></span> <span class='ocrx_word' id='word_1_638' title='bbox 3129 3837 3297 3888; x_wconf 90' lang='lat' dir='ltr'><strong>multo</strong></span> <span class='ocrx_word' id='word_1_639' title='bbox 3325 3831 3632 3902; x_wconf 42' lang='lat' dir='ltr'><strong>majur&#39;fue-</strong></span> 
     </span>
    </p>
   </div>
   <div class='ocr_carea' id='block_1_101' title="bbox 2061 3901 3630 3972">
    <p class='ocr_par' dir='ltr' id='par_1_101' title="bbox 2061 3901 3630 3972">
     <span class='ocr_line' id='line_1_102' title="bbox 2061 3901 3630 3972; baseline 0.004 -20"><span class='ocrx_word' id='word_1_640' title='bbox 2061 3904 2134 3972; x_wconf 69' lang='lat' dir='ltr'><strong>rit</strong></span> <span class='ocrx_word' id='word_1_641' title='bbox 2172 3901 2380 3955; x_wconf 86' lang='lat' dir='ltr'><strong>licentia</strong></span> <span class='ocrx_word' id='word_1_642' title='bbox 2413 3912 2463 3956; x_wconf 90' lang='lat' dir='ltr'><strong>et</strong></span> <span class='ocrx_word' id='word_1_643' title='bbox 2484 3904 2753 3972; x_wconf 83' lang='lat' dir='ltr'><strong>corruptio</strong></span> <span class='ocrx_word' id='word_1_644' title='bbox 2797 3901 3006 3956; x_wconf 81' lang='lat' dir='ltr'><strong>morum</strong></span> <span class='ocrx_word' id='word_1_645' title='bbox 3039 3905 3220 3957; x_wconf 79' lang='lat' dir='ltr'><strong>Roma:</strong></span> <span class='ocrx_word' id='word_1_646' title='bbox 3243 3901 3482 3972; x_wconf 27' lang='lat' dir='ltr'><strong>quam’in</strong></span> <span class='ocrx_word' id='word_1_647' title='bbox 3511 3907 3630 3958; x_wconf 89' lang='lat' dir='ltr'><strong>aliis</strong></span> 
     </span>
    </p>
   </div>
   <div class='ocr_carea' id='block_1_102' title="bbox 2063 3969 2558 4026">
    <p class='ocr_par' dir='ltr' id='par_1_102' title="bbox 2063 3969 2558 4026">
     <span class='ocr_line' id='line_1_103' title="bbox 2063 3969 2558 4026; baseline 0.002 -1"><span class='ocrx_word' id='word_1_648' title='bbox 2063 3969 2294 4026; x_wconf 65' lang='lat' dir='ltr'><strong>Orientis</strong></span> <span class='ocrx_word' id='word_1_649' title='bbox 2322 3971 2558 4026; x_wconf 90' lang='lat' dir='ltr'><strong>urbibus.</strong></span> 
     </span>
    </p>
   </div>
   <div class='ocr_carea' id='block_1_103' title="bbox 2134 4039 3632 4112">
    <p class='ocr_par' dir='ltr' id='par_1_103' title="bbox 2134 4039 3632 4112">
     <span class='ocr_line' id='line_1_104' title="bbox 2134 4039 3632 4112; baseline 0.001 -18"><span class='ocrx_word' id='word_1_650' title='bbox 2134 4043 2256 4112; x_wconf 84' lang='grc'><strong>511.</strong></span> <span class='ocrx_word' id='word_1_651' title='bbox 2309 4043 2586 4096; x_wconf 82' lang='lat' dir='ltr'><strong>Cornelius</strong></span> <span class='ocrx_word' id='word_1_652' title='bbox 2625 4041 2840 4095; x_wconf 86' lang='lat' dir='ltr'><strong>Tacitus</strong></span> <span class='ocrx_word' id='word_1_653' title='bbox 2879 4042 3068 4095; x_wconf 82' lang='lat' dir='ltr'><strong>Annal.</strong></span> <span class='ocrx_word' id='word_1_654' title='bbox 3124 4041 3217 4094; x_wconf 92' lang='lat' dir='ltr'><strong>lib.</strong></span> <span class='ocrx_word' id='word_1_655' title='bbox 3247 4057 3300 4094; x_wconf 77' lang='lat' dir='ltr'><strong>st</strong></span> <span class='ocrx_word' id='word_1_656' title='bbox 3343 4059 3356 4092; x_wconf 87' lang='lat'>:</span> <span class='ocrx_word' id='word_1_657' title='bbox 3391 4039 3632 4112; x_wconf 72' lang='lat' dir='ltr'><strong>Infamia:</strong></span> 
     </span>
    </p>
   </div>
   <div class='ocr_carea' id='block_1_104' title="bbox 2063 4111 3144 4182">
    <p class='ocr_par' dir='ltr' id='par_1_104' title="bbox 2063 4111 3144 4182">
     <span class='ocr_line' id='line_1_105' title="bbox 2063 4111 3144 4182; baseline 0.003 -21"><span class='ocrx_word' id='word_1_658' title='bbox 2063 4111 2198 4182; x_wconf 87' lang='lat' dir='ltr'><strong>apud</strong></span> <span class='ocrx_word' id='word_1_659' title='bbox 2228 4113 2466 4182; x_wconf 85' lang='lat' dir='ltr'><strong>prodigos</strong></span> <span class='ocrx_word' id='word_1_660' title='bbox 2497 4113 2768 4182; x_wconf 85' lang='lat' dir='ltr'><strong>novissima</strong></span> <span class='ocrx_word' id='word_1_661' title='bbox 2796 4113 3144 4182; x_wconf 80' lang='lat' dir='ltr'><strong>voluptasest.</strong></span> 
     </span>
    </p>
   </div>
   <div class='ocr_carea' id='block_1_105' title="bbox 2133 4181 3630 4248">
    <p class='ocr_par' dir='ltr' id='par_1_105' title="bbox 2133 4181 3630 4248">
     <span class='ocr_line' id='line_1_106' title="bbox 2133 4181 3630 4248; baseline 0.001 -14"><span class='ocrx_word' id='word_1_662' title='bbox 2133 4183 2257 4234; x_wconf 77' lang='lat' dir='ltr'><strong>5|:t.</strong></span> <span class='ocrx_word' id='word_1_663' title='bbox 2282 4182 2524 4236; x_wconf 84' lang='lat' dir='ltr'><strong>Secunda</strong></span> <span class='ocrx_word' id='word_1_664' title='bbox 2557 4184 2608 4234; x_wconf 90' lang='lat' dir='ltr'><strong>in</strong></span> <span class='ocrx_word' id='word_1_665' title='bbox 2652 4181 2878 4236; x_wconf 88' lang='lat' dir='ltr'><strong>delibuta</strong></span> <span class='ocrx_word' id='word_1_666' title='bbox 2907 4181 3218 4248; x_wconf 72' lang='lat' dir='ltr'><strong>producitur</strong></span> <span class='ocrx_word' id='word_1_667' title='bbox 3265 4181 3333 4235; x_wconf 88' lang='lat' dir='ltr'><strong>ob</strong></span> <span class='ocrx_word' id='word_1_668' title='bbox 3357 4181 3511 4236; x_wconf 88' lang='lat' dir='ltr'><strong>metri</strong></span> <span class='ocrx_word' id='word_1_669' title='bbox 3535 4198 3630 4236; x_wconf 84' lang='lat' dir='ltr'><strong>ne-</strong></span> 
     </span>
    </p>
   </div>
   <div class='ocr_carea' id='block_1_106' title="bbox 2063 4250 3631 4306">
    <p class='ocr_par' dir='ltr' id='par_1_106' title="bbox 2063 4250 3631 4306">
     <span class='ocr_line' id='line_1_107' title="bbox 2063 4250 3631 4306; baseline 0.001 -3"><span class='ocrx_word' id='word_1_670' title='bbox 2063 4253 2386 4305; x_wconf 82' lang='lat' dir='ltr'><strong>cessitatem.</strong></span> <span class='ocrx_word' id='word_1_671' title='bbox 2425 4251 2663 4306; x_wconf 83' lang='lat' dir='ltr'><strong>Imitatus</strong></span> <span class='ocrx_word' id='word_1_672' title='bbox 2709 4255 2795 4305; x_wconf 86' lang='lat' dir='ltr'><strong>est</strong></span> <span class='ocrx_word' id='word_1_673' title='bbox 2824 4250 3071 4305; x_wconf 88' lang='lat' dir='ltr'><strong>Galterus</strong></span> <span class='ocrx_word' id='word_1_674' title='bbox 3118 4251 3211 4304; x_wconf 89' lang='lat' dir='ltr'><strong>lib.</strong></span> <span class='ocrx_word' id='word_1_675' title='bbox 3243 4267 3272 4302; x_wconf 89' lang='lat' dir='ltr'><strong>v</strong></span> <span class='ocrx_word' id='word_1_676' title='bbox 3306 4251 3458 4304; x_wconf 74' lang='lat' dir='ltr'><strong>Alex.</strong></span> <span class='ocrx_word' id='word_1_677' title='bbox 3490 4267 3631 4306; x_wconf 89' lang='lat' dir='ltr'><strong>vers.</strong></span> 
     </span>
    </p>
   </div>
   <div class='ocr_carea' id='block_1_107' title="bbox 2061 4319 3632 4390">
    <p class='ocr_par' dir='ltr' id='par_1_107' title="bbox 2061 4319 3632 4390">
     <span class='ocr_line' id='line_1_108' title="bbox 2061 4319 3632 4390; baseline 0.001 -18"><span class='ocrx_word' id='word_1_678' title='bbox 2061 4320 2164 4374; x_wconf 72' lang='grc'><strong>218</strong></span> <span class='ocrx_word' id='word_1_679' title='bbox 2197 4339 2210 4373; x_wconf 89' lang='lat'><strong>:</strong></span> <span class='ocrx_word' id='word_1_680' title='bbox 2243 4321 2494 4390; x_wconf 87' lang='lat' dir='ltr'><strong>Sanieque</strong></span> <span class='ocrx_word' id='word_1_681' title='bbox 2544 4323 2730 4374; x_wconf 86' lang='lat' dir='ltr'><strong>recenti</strong></span> <span class='ocrx_word' id='word_1_682' title='bbox 2777 4319 3023 4390; x_wconf 71' lang='lat' dir='ltr'><strong>Delibuta</strong></span> <span class='ocrx_word' id='word_1_683' title='bbox 3047 4335 3238 4374; x_wconf 87' lang='lat' dir='ltr'><strong>comas.</strong></span> <span class='ocrx_word' id='word_1_684' title='bbox 3285 4321 3632 4390; x_wconf 79' lang='lat' dir='ltr'><strong>Rott._prior,</strong></span> 
     </span>
    </p>
   </div>
   <div class='ocr_carea' id='block_1_108' title="bbox 2064 4387 3637 4460">
    <p class='ocr_par' dir='ltr' id='par_1_108' title="bbox 2064 4387 3637 4460">
     <span class='ocr_line' id='line_1_109' title="bbox 2064 4387 3637 4460; baseline 0.001 -18"><span class='ocrx_word' id='word_1_685' title='bbox 2064 4391 2238 4443; x_wconf 89' lang='lat' dir='ltr'><strong>oculos</strong></span> <span class='ocrx_word' id='word_1_686' title='bbox 2267 4387 2420 4460; x_wconf 77' lang='lat' dir='ltr'><strong>vaga,</strong></span> <span class='ocrx_word' id='word_1_687' title='bbox 2469 4391 2715 4459; x_wconf 87' lang='lat' dir='ltr'><strong>languida</strong></span> <span class='ocrx_word' id='word_1_688' title='bbox 2765 4405 2952 4452; x_wconf 75' lang='lat' dir='ltr'><strong>uocem,</strong></span> <span class='ocrx_word' id='word_1_689' title='bbox 2987 4387 3174 4460; x_wconf 66' lang='lat' dir='ltr'><strong>Gr;eco</strong></span> <span class='ocrx_word' id='word_1_690' title='bbox 3206 4405 3372 4450; x_wconf 89' lang='lat' dir='ltr'><strong>more.</strong></span> <span class='ocrx_word' id='word_1_691' title='bbox 3423 4387 3479 4443; x_wconf 77' lang='lat' dir='ltr'><strong>ut</strong></span> <span class='ocrx_word' id='word_1_692' title='bbox 3507 4387 3637 4444; x_wconf 71' lang='lat' dir='ltr'><strong>deli-</strong></span> 
     </span>
    </p>
   </div>
   <div class='ocr_carea' id='block_1_109' title="bbox 387 4437 3638 4532">
    <p class='ocr_par' dir='ltr' id='par_1_109' title="bbox 387 4437 3638 4532">
     <span class='ocr_line' id='line_1_110' title="bbox 387 4437 3638 4532; baseline -0.001 -18"><span class='ocrx_word' id='word_1_693' title='bbox 387 4465 482 4532; x_wconf 78' lang='lat' dir='ltr'><strong>bus</strong></span> <span class='ocrx_word' id='word_1_694' title='bbox 513 4437 896 4522; x_wconf 59' lang='lat' dir='ltr'><strong>continuisseni,</strong></span> <span class='ocrx_word' id='word_1_695' title='bbox 929 4437 1182 4532; x_wconf 69' lang='lat' dir='ltr'><strong>nuiiquum</strong></span> <span class='ocrx_word' id='word_1_696' title='bbox 1208 4437 1422 4531; x_wconf 73' lang='lat' dir='ltr'><strong>fdrtnsse</strong></span> <span class='ocrx_word' id='word_1_697' title='bbox 1450 4437 1540 4514; x_wconf 73' lang='lat' dir='ltr'><strong>nds</strong></span> <span class='ocrx_word' id='word_1_698' title='bbox 1562 4461 1730 4529; x_wconf 71' lang='lat' dir='ltr'><strong>Belga:</strong></span> <span class='ocrx_word' id='word_1_699' title='bbox 1757 4437 1958 4532; x_wconf 69' lang='lat' dir='ltr'><strong>(anilem</strong></span> <span class='ocrx_word' id='word_1_700' title='bbox 1987 4437 2037 4496; x_wconf 81' lang='grc' dir='ltr'><strong>Ῐ)</strong></span> <span class='ocrx_word' id='word_1_701' title='bbox 2063 4461 2180 4514; x_wconf 86' lang='lat' dir='ltr'><strong>bula</strong></span> <span class='ocrx_word' id='word_1_702' title='bbox 2209 4437 2596 4515; x_wconf 54' lang='lat' dir='ltr'><strong>comti’s.,Nust;i</strong></span> <span class='ocrx_word' id='word_1_703' title='bbox 2626 4473 2817 4532; x_wconf 82' lang='lat' dir='ltr'><strong>omnes</strong></span> <span class='ocrx_word' id='word_1_704' title='bbox 2836 4437 2954 4532; x_wconf 78' lang='lat' dir='ltr'><strong>enni</strong></span> <span class='ocrx_word' id='word_1_705' title='bbox 2985 4459 3137 4532; x_wconf 81' lang='lat' dir='ltr'><strong>aliis,</strong></span> <span class='ocrx_word' id='word_1_706' title='bbox 3149 4461 3318 4532; x_wconf 80' lang='lat' dir='ltr'><strong>oculis</strong></span> <span class='ocrx_word' id='word_1_707' title='bbox 3346 4437 3494 4532; x_wconf 65' lang='lat' dir='ltr'><strong>vaga,</strong></span> <span class='ocrx_word' id='word_1_708' title='bbox 3520 4462 3638 4514; x_wconf 84' lang='lat' dir='ltr'><strong>lan-</strong></span> 
     </span>
    </p>
   </div>
   <div class='ocr_carea' id='block_1_110' title="bbox 385 4531 1959 4600">
    <p class='ocr_par' dir='ltr' id='par_1_110' title="bbox 385 4531 1959 4600">
     <span class='ocr_line' id='line_1_111' title="bbox 385 4531 1959 4600; baseline 0 -16"><span class='ocrx_word' id='word_1_709' title='bbox 385 4549 418 4584; x_wconf 85' lang='lat' dir='ltr'><strong>a</strong></span> <span class='ocrx_word' id='word_1_710' title='bbox 439 4531 553 4584; x_wconf 80' lang='lat' dir='ltr'><strong>Jul.</strong></span> <span class='ocrx_word' id='word_1_711' title='bbox 575 4533 775 4585; x_wconf 69' lang='lat' dir='ltr'><strong>Ca’sare</strong></span> <span class='ocrx_word' id='word_1_712' title='bbox 803 4533 942 4584; x_wconf 84' lang='lat' dir='ltr'><strong>nobis</strong></span> <span class='ocrx_word' id='word_1_713' title='bbox 966 4535 1202 4585; x_wconf 86' lang='lat' dir='ltr'><strong>tributam</strong></span> <span class='ocrx_word' id='word_1_714' title='bbox 1223 4533 1578 4584; x_wconf 72' lang='lat' dir='ltr'><strong>amisissemus.</strong></span> <span class='ocrx_word' id='word_1_715' title='bbox 1609 4531 1788 4597; x_wconf 78' lang='lat' dir='ltr'><strong>Recte,</strong></span> <span class='ocrx_word' id='word_1_716' title='bbox 1818 4531 1959 4600; x_wconf 91' lang='lat' dir='ltr'><strong>quod</strong></span> 
     </span>
    </p>
   </div>
   <div class='ocr_carea' id='block_1_111' title="bbox 385 4603 1957 4670">
    <p class='ocr_par' dir='ltr' id='par_1_111' title="bbox 385 4603 1957 4670">
     <span class='ocr_line' id='line_1_112' title="bbox 385 4603 1957 4670; baseline -0.001 -15"><span class='ocrx_word' id='word_1_717' title='bbox 385 4603 579 4670; x_wconf 73' lang='lat' dir='ltr'><strong>Belgas</strong></span> <span class='ocrx_word' id='word_1_718' title='bbox 613 4605 820 4655; x_wconf 73' lang='lat' dir='ltr'><strong>laudem</strong></span> <span class='ocrx_word' id='word_1_719' title='bbox 845 4613 1074 4656; x_wconf 89' lang='lat' dir='ltr'><strong>veterem</strong></span> <span class='ocrx_word' id='word_1_720' title='bbox 1099 4603 1338 4655; x_wconf 74' lang='lat' dir='ltr'><strong>amisiSse</strong></span> <span class='ocrx_word' id='word_1_721' title='bbox 1367 4603 1586 4666; x_wconf 76' lang='lat' dir='ltr'><strong>fatetur;</strong></span> <span class='ocrx_word' id='word_1_722' title='bbox 1612 4603 1750 4670; x_wconf 84' lang='lat' dir='ltr'><strong>quod</strong></span> <span class='ocrx_word' id='word_1_723' title='bbox 1785 4613 1957 4655; x_wconf 87' lang='lat' dir='ltr'><strong>autem</strong></span> 
     </span>
    </p>
   </div>
   <div class='ocr_carea' id='block_1_112' title="bbox 384 4673 1956 4739">
    <p class='ocr_par' dir='ltr' id='par_1_112' title="bbox 384 4673 1956 4739">
     <span class='ocr_line' id='line_1_113' title="bbox 384 4673 1956 4739; baseline 0 -14"><span class='ocrx_word' id='word_1_724' title='bbox 384 4687 605 4725; x_wconf 80' lang='lat' dir='ltr'><strong>causam</strong></span> <span class='ocrx_word' id='word_1_725' title='bbox 653 4675 703 4724; x_wconf 91' lang='lat' dir='ltr'><strong>in</strong></span> <span class='ocrx_word' id='word_1_726' title='bbox 735 4675 990 4738; x_wconf 64' lang='lat' dir='ltr'><strong>ilispunos</strong></span> <span class='ocrx_word' id='word_1_727' title='bbox 1024 4673 1260 4738; x_wconf 87' lang='lat' dir='ltr'><strong>conjicit,</strong></span> <span class='ocrx_word' id='word_1_728' title='bbox 1291 4673 1514 4725; x_wconf 79' lang='lat' dir='ltr'><strong>fortasse</strong></span> <span class='ocrx_word' id='word_1_729' title='bbox 1541 4687 1680 4724; x_wconf 87' lang='lat' dir='ltr'><strong>nunc</strong></span> <span class='ocrx_word' id='word_1_730' title='bbox 1717 4681 1956 4739; x_wconf 80' lang='lat' dir='ltr'><strong>negaret,</strong></span> 
     </span>
    </p>
   </div>
   <div class='ocr_carea' id='block_1_113' title="bbox 381 4741 1962 4810">
    <p class='ocr_par' dir='ltr' id='par_1_113' title="bbox 381 4741 1962 4810">
     <span class='ocr_line' id='line_1_114' title="bbox 381 4741 1962 4810; baseline 0 -16"><span class='ocrx_word' id='word_1_731' title='bbox 381 4743 640 4808; x_wconf 79' lang='lat' dir='ltr'><strong>antiquos</strong></span> <span class='ocrx_word' id='word_1_732' title='bbox 663 4743 904 4796; x_wconf 78' lang='lat' dir='ltr'><strong>dominos</strong></span> <span class='ocrx_word' id='word_1_733' title='bbox 931 4741 1186 4810; x_wconf 78' lang='lat' dir='ltr'><strong>lliSpanos</strong></span> <span class='ocrx_word' id='word_1_734' title='bbox 1222 4745 1288 4808; x_wconf 86' lang='lat' dir='ltr'><strong>ab</strong></span> <span class='ocrx_word' id='word_1_735' title='bbox 1320 4741 1400 4793; x_wconf 84' lang='lat' dir='ltr'><strong>bis</strong></span> <span class='ocrx_word' id='word_1_736' title='bbox 1432 4743 1638 4809; x_wconf 89' lang='lat' dir='ltr'><strong>populis</strong></span> <span class='ocrx_word' id='word_1_737' title='bbox 1675 4743 1876 4794; x_wconf 88' lang='lat' dir='ltr'><strong>laudari</strong></span> <span class='ocrx_word' id='word_1_738' title='bbox 1909 4751 1962 4796; x_wconf 89' lang='lat' dir='ltr'><strong>et</strong></span> 
     </span>
    </p>
   </div>
   <div class='ocr_carea' id='block_1_114' title="bbox 385 4811 1958 4874">
    <p class='ocr_par' dir='ltr' id='par_1_114' title="bbox 385 4811 1958 4874">
     <span class='ocr_line' id='line_1_115' title="bbox 385 4811 1958 4874; baseline -0.001 -10"><span class='ocrx_word' id='word_1_739' title='bbox 385 4813 688 4866; x_wconf 77' lang='lat' dir='ltr'><strong>desiderari</strong></span> <span class='ocrx_word' id='word_1_740' title='bbox 735 4815 1044 4865; x_wconf 84' lang='lat' dir='ltr'><strong>observans.</strong></span> <span class='ocrx_word' id='word_1_741' title='bbox 1077 4811 1204 4864; x_wconf 88' lang='lat' dir='ltr'><strong>lltud</strong></span> <span class='ocrx_word' id='word_1_742' title='bbox 1259 4825 1386 4863; x_wconf 86' lang='lat' dir='ltr'><strong>vero</strong></span> <span class='ocrx_word' id='word_1_743' title='bbox 1414 4811 1650 4864; x_wconf 81' lang='lat' dir='ltr'><strong>GiSelino</strong></span> <span class='ocrx_word' id='word_1_744' title='bbox 1675 4812 1958 4874; x_wconf 79' lang='lat' dir='ltr'><strong>assentior,</strong></span> 
     </span>
    </p>
   </div>
   <div class='ocr_carea' id='block_1_115' title="bbox 383 4880 1962 4949">
    <p class='ocr_par' dir='ltr' id='par_1_115' title="bbox 383 4880 1962 4949">
     <span class='ocr_line' id='line_1_116' title="bbox 383 4880 1962 4949; baseline 0.001 -17"><span class='ocrx_word' id='word_1_745' title='bbox 383 4893 602 4949; x_wconf 79' lang='lat' dir='ltr'><strong>poetam</strong></span> <span class='ocrx_word' id='word_1_746' title='bbox 635 4883 810 4948; x_wconf 88' lang='lat' dir='ltr'><strong>potius</strong></span> <span class='ocrx_word' id='word_1_747' title='bbox 840 4887 1136 4942; x_wconf 58' lang='lat' dir='ltr'><strong>resaexisse</strong></span> <span class='ocrx_word' id='word_1_748' title='bbox 1179 4889 1343 4933; x_wconf 88' lang='lat' dir='ltr'><strong>totunt</strong></span> <span class='ocrx_word' id='word_1_749' title='bbox 1371 4880 1736 4946; x_wconf 89' lang='lat' dir='ltr'><strong>Occidentem,</strong></span> <span class='ocrx_word' id='word_1_750' title='bbox 1771 4892 1962 4944; x_wconf 74' lang='lat' dir='ltr'><strong>quate-</strong></span> 
     </span>
    </p>
   </div>
   <div class='ocr_carea' id='block_1_116' title="bbox 385 4951 1960 5018">
    <p class='ocr_par' dir='ltr' id='par_1_116' title="bbox 385 4951 1960 5018">
     <span class='ocr_line' id='line_1_117' title="bbox 385 4951 1960 5018; baseline 0.001 -16"><span class='ocrx_word' id='word_1_751' title='bbox 385 4967 488 5002; x_wconf 80' lang='lat' dir='ltr'><strong>nus</strong></span> <span class='ocrx_word' id='word_1_752' title='bbox 517 4967 580 5004; x_wconf 78' lang='lat' dir='ltr'><strong>ea</strong></span> <span class='ocrx_word' id='word_1_753' title='bbox 611 4951 791 5003; x_wconf 85' lang='lat' dir='ltr'><strong>mundi</strong></span> <span class='ocrx_word' id='word_1_754' title='bbox 823 4968 942 5014; x_wconf 82' lang='lat' dir='ltr'><strong>pars</strong></span> <span class='ocrx_word' id='word_1_755' title='bbox 978 4953 1044 5003; x_wconf 87' lang='lat' dir='ltr'><strong>ab</strong></span> <span class='ocrx_word' id='word_1_756' title='bbox 1082 4951 1332 5004; x_wconf 85' lang='lat' dir='ltr'><strong>Orientali</strong></span> <span class='ocrx_word' id='word_1_757' title='bbox 1359 4952 1714 5018; x_wconf 82' lang='lat' dir='ltr'><strong>distinguitur.</strong></span> <span class='ocrx_word' id='word_1_758' title='bbox 1753 4951 1960 5003; x_wconf 86' lang='lat' dir='ltr'><strong>Etenim</strong></span> 
     </span>
    </p>
   </div>
   <div class='ocr_carea' id='block_1_117' title="bbox 387 5021 1965 5088">
    <p class='ocr_par' dir='ltr' id='par_1_117' title="bbox 387 5021 1965 5088">
     <span class='ocr_line' id='line_1_118' title="bbox 387 5021 1965 5088; baseline 0 -16"><span class='ocrx_word' id='word_1_759' title='bbox 387 5031 448 5072; x_wconf 84' lang='lat' dir='ltr'><strong>ut</strong></span> <span class='ocrx_word' id='word_1_760' title='bbox 479 5021 642 5072; x_wconf 86' lang='lat' dir='ltr'><strong>tradit</strong></span> <span class='ocrx_word' id='word_1_761' title='bbox 663 5021 930 5088; x_wconf 80' lang='lat' dir='ltr'><strong>Sulpicius</strong></span> <span class='ocrx_word' id='word_1_762' title='bbox 955 5025 1002 5072; x_wconf 83' lang='lat' dir='ltr'><strong>in</strong></span> <span class='ocrx_word' id='word_1_763' title='bbox 1035 5021 1144 5072; x_wconf 79' lang='lat' dir='ltr'><strong>Vita</strong></span> <span class='ocrx_word' id='word_1_764' title='bbox 1170 5021 1227 5074; x_wconf 89' lang='lat' dir='ltr'><strong>S.</strong></span> <span class='ocrx_word' id='word_1_765' title='bbox 1255 5021 1488 5080; x_wconf 74' lang='lat' dir='ltr'><strong>Martini,</strong></span> <span class='ocrx_word' id='word_1_766' title='bbox 1525 5023 1684 5074; x_wconf 81' lang='lat' dir='ltr'><strong>luxus</strong></span> <span class='ocrx_word' id='word_1_767' title='bbox 1717 5021 1965 5073; x_wconf 88' lang='lat' dir='ltr'><strong>immodi-</strong></span> 
     </span>
    </p>
   </div>
   <div class='ocr_carea' id='block_1_118' title="bbox 390 5090 1956 5158">
    <p class='ocr_par' dir='ltr' id='par_1_118' title="bbox 390 5090 1956 5158">
     <span class='ocr_line' id='line_1_119' title="bbox 390 5090 1956 5158; baseline 0.001 -18"><span class='ocrx_word' id='word_1_768' title='bbox 390 5104 489 5142; x_wconf 82' lang='lat' dir='ltr'><strong>cus</strong></span> <span class='ocrx_word' id='word_1_769' title='bbox 513 5091 564 5141; x_wconf 85' lang='lat' dir='ltr'><strong>in</strong></span> <span class='ocrx_word' id='word_1_770' title='bbox 585 5093 874 5144; x_wconf 84' lang='lat' dir='ltr'><strong>Occidente</strong></span> <span class='ocrx_word' id='word_1_771' title='bbox 893 5091 1056 5158; x_wconf 84' lang='lat' dir='ltr'><strong>magis</strong></span> <span class='ocrx_word' id='word_1_772' title='bbox 1074 5105 1228 5158; x_wconf 88' lang='lat' dir='ltr'><strong>quam</strong></span> <span class='ocrx_word' id='word_1_773' title='bbox 1258 5091 1306 5142; x_wconf 93' lang='lat' dir='ltr'><strong>in</strong></span> <span class='ocrx_word' id='word_1_774' title='bbox 1331 5090 1547 5144; x_wconf 87' lang='lat' dir='ltr'><strong>Oriente</strong></span> <span class='ocrx_word' id='word_1_775' title='bbox 1569 5090 1956 5143; x_wconf 73' lang='lat' dir='ltr'><strong>dominabatur.</strong></span> 
     </span>
    </p>
   </div>
   <div class='ocr_carea' id='block_1_119' title="bbox 393 5159 1962 5228">
    <p class='ocr_par' dir='ltr' id='par_1_119' title="bbox 393 5159 1962 5228">
     <span class='ocr_line' id='line_1_120' title="bbox 393 5159 1962 5228; baseline 0.003 -20"><span class='ocrx_word' id='word_1_776' title='bbox 393 5159 456 5210; x_wconf 89' lang='lat' dir='ltr'><strong>In</strong></span> <span class='ocrx_word' id='word_1_777' title='bbox 497 5163 795 5213; x_wconf 73' lang='lat' dir='ltr'><strong>Occidentis</strong></span> <span class='ocrx_word' id='word_1_778' title='bbox 845 5163 1098 5213; x_wconf 82' lang='lat' dir='ltr'><strong>vocabulo</strong></span> <span class='ocrx_word' id='word_1_779' title='bbox 1128 5160 1420 5212; x_wconf 83' lang='lat' dir='ltr'><strong>diaboluut&#39;</strong></span> <span class='ocrx_word' id='word_1_780' title='bbox 1448 5160 1733 5228; x_wconf 82' lang='lat' dir='ltr'><strong>signiﬁcari</strong></span> <span class='ocrx_word' id='word_1_781' title='bbox 1785 5162 1962 5228; x_wconf 87' lang='lat' dir='ltr'><strong>plures</strong></span> 
     </span>
    </p>
   </div>
   <div class='ocr_carea' id='block_1_120' title="bbox 387 5229 1963 5298">
    <p class='ocr_par' dir='ltr' id='par_1_120' title="bbox 387 5229 1963 5298">
     <span class='ocr_line' id='line_1_121' title="bbox 387 5229 1963 5298; baseline 0.001 -18"><span class='ocrx_word' id='word_1_782' title='bbox 387 5230 732 5282; x_wconf 70' lang='lat' dir='ltr'><strong>docent.Sed</strong></span> <span class='ocrx_word' id='word_1_783' title='bbox 776 5245 898 5284; x_wconf 89' lang='lat' dir='ltr'><strong>cum</strong></span> <span class='ocrx_word' id='word_1_784' title='bbox 933 5231 1210 5298; x_wconf 90' lang='lat' dir='ltr'><strong>imperium</strong></span> <span class='ocrx_word' id='word_1_785' title='bbox 1241 5229 1534 5282; x_wconf 76' lang='lat' dir='ltr'><strong>Romanum</strong></span> <span class='ocrx_word' id='word_1_786' title='bbox 1576 5231 1802 5282; x_wconf 81' lang='lat' dir='ltr'><strong>divisum</strong></span> <span class='ocrx_word' id='word_1_787' title='bbox 1838 5238 1963 5282; x_wconf 88' lang='lat' dir='ltr'><strong>tunc</strong></span> 
     </span>
    </p>
   </div>
   <div class='ocr_carea' id='block_1_121' title="bbox 385 5301 1960 5367">
    <p class='ocr_par' dir='ltr' id='par_1_121' title="bbox 385 5301 1960 5367">
     <span class='ocr_line' id='line_1_122' title="bbox 385 5301 1960 5367; baseline 0.001 -17"><span class='ocrx_word' id='word_1_788' title='bbox 385 5309 562 5360; x_wconf 75' lang='lat' dir='ltr'><strong>esset,</strong></span> <span class='ocrx_word' id='word_1_789' title='bbox 589 5313 638 5352; x_wconf 87' lang='lat' dir='ltr'><strong>et</strong></span> <span class='ocrx_word' id='word_1_790' title='bbox 663 5301 898 5353; x_wconf 87' lang='lat' dir='ltr'><strong>Orientis</strong></span> <span class='ocrx_word' id='word_1_791' title='bbox 928 5313 978 5352; x_wconf 84' lang='lat' dir='ltr'><strong>et</strong></span> <span class='ocrx_word' id='word_1_792' title='bbox 1000 5301 1300 5353; x_wconf 82' lang='lat' dir='ltr'><strong>Occidentis</strong></span> <span class='ocrx_word' id='word_1_793' title='bbox 1323 5302 1522 5352; x_wconf 82' lang='lat' dir='ltr'><strong>mentio</strong></span> <span class='ocrx_word' id='word_1_794' title='bbox 1553 5301 1748 5367; x_wconf 77' lang='lat' dir='ltr'><strong>possint</strong></span> <span class='ocrx_word' id='word_1_795' title='bbox 1773 5314 1960 5352; x_wconf 86' lang='lat' dir='ltr'><strong>occur-</strong></span> 
     </span>
    </p>
   </div>
   <div class='ocr_carea' id='block_1_122' title="bbox 385 5369 1958 5438">
    <p class='ocr_par' dir='ltr' id='par_1_122' title="bbox 385 5369 1958 5438">
     <span class='ocr_line' id='line_1_123' title="bbox 385 5369 1958 5438; baseline 0 -16"><span class='ocrx_word' id='word_1_796' title='bbox 385 5379 545 5422; x_wconf 71' lang='lat' dir='ltr'><strong>reret</strong></span> <span class='ocrx_word' id='word_1_797' title='bbox 568 5373 932 5436; x_wconf 81' lang='lat' dir='ltr'><strong>.probabilius</strong></span> <span class='ocrx_word' id='word_1_798' title='bbox 972 5379 1054 5422; x_wconf 92' lang='lat' dir='ltr'><strong>est</strong></span> <span class='ocrx_word' id='word_1_799' title='bbox 1097 5369 1438 5422; x_wconf 84' lang='lat' dir='ltr'><strong>Prudentium</strong></span> <span class='ocrx_word' id='word_1_800' title='bbox 1469 5371 1764 5438; x_wconf 84' lang='lat' dir='ltr'><strong>intelligere</strong></span> <span class='ocrx_word' id='word_1_801' title='bbox 1791 5371 1958 5434; x_wconf 90' lang='lat' dir='ltr'><strong>impe-</strong></span> 
     </span>
    </p>
   </div>
   <div class='ocr_carea' id='block_1_123' title="bbox 383 5438 1960 5506">
    <p class='ocr_par' dir='ltr' id='par_1_123' title="bbox 383 5438 1960 5506">
     <span class='ocr_line' id='line_1_124' title="bbox 383 5438 1960 5506; baseline -0.001 -14"><span class='ocrx_word' id='word_1_802' title='bbox 383 5438 532 5492; x_wconf 88' lang='lat' dir='ltr'><strong>rium</strong></span> <span class='ocrx_word' id='word_1_803' title='bbox 561 5441 930 5504; x_wconf 81' lang='lat' dir='ltr'><strong>Uccidentale,</strong></span> <span class='ocrx_word' id='word_1_804' title='bbox 977 5449 1028 5492; x_wconf 91' lang='lat' dir='ltr'><strong>et</strong></span> <span class='ocrx_word' id='word_1_805' title='bbox 1061 5455 1323 5506; x_wconf 70' lang='lat' dir='ltr'><strong>praecipue</strong></span> <span class='ocrx_word' id='word_1_806' title='bbox 1361 5439 1473 5504; x_wconf 84' lang='lat' dir='ltr'><strong>ejus</strong></span> <span class='ocrx_word' id='word_1_807' title='bbox 1503 5453 1658 5506; x_wconf 88' lang='lat' dir='ltr'><strong>caput</strong></span> <span class='ocrx_word' id='word_1_808' title='bbox 1709 5439 1960 5502; x_wconf 81' lang='lat' dir='ltr'><strong>Romam,</strong></span> 
     </span>
    </p>
   </div>
   <div class='ocr_carea' id='block_1_124' title="bbox 383 5506 1960 5577">
    <p class='ocr_par' dir='ltr' id='par_1_124' title="bbox 383 5506 1960 5577">
     <span class='ocr_line' id='line_1_125' title="bbox 383 5506 1960 5577; baseline 0.001 -17"><span class='ocrx_word' id='word_1_809' title='bbox 383 5513 480 5560; x_wconf 83' lang='lat' dir='ltr'><strong>ubi</strong></span> <span class='ocrx_word' id='word_1_810' title='bbox 513 5523 577 5560; x_wconf 87' lang='lat' dir='ltr'><strong>eo</strong></span> <span class='ocrx_word' id='word_1_811' title='bbox 621 5521 862 5576; x_wconf 85' lang='lat' dir='ltr'><strong>tempore</strong></span> <span class='ocrx_word' id='word_1_812' title='bbox 894 5511 1168 5577; x_wconf 85' lang='lat' dir='ltr'><strong>insigniter</strong></span> <span class='ocrx_word' id='word_1_813' title='bbox 1195 5506 1576 5562; x_wconf 79' lang='lat' dir='ltr'><strong>effervescebat</strong></span> <span class='ocrx_word' id='word_1_814' title='bbox 1613 5510 1853 5572; x_wconf 79' lang='lat' dir='ltr'><strong>luxurii,</strong></span> <span class='ocrx_word' id='word_1_815' title='bbox 1904 5519 1960 5562; x_wconf 88' lang='lat' dir='ltr'><strong>ut</strong></span> 
     </span>
    </p>
   </div>
   <div class='ocr_carea' id='block_1_125' title="bbox 383 5578 1955 5644">
    <p class='ocr_par' dir='ltr' id='par_1_125' title="bbox 383 5578 1955 5644">
     <span class='ocr_line' id='line_1_126' title="bbox 383 5578 1955 5644; baseline 0.001 -14"><span class='ocrx_word' id='word_1_816' title='bbox 383 5579 510 5632; x_wconf 55' lang='lat' dir='ltr'><strong>fuse</strong></span> <span class='ocrx_word' id='word_1_817' title='bbox 539 5590 716 5632; x_wconf 82' lang='lat' dir='ltr'><strong>narrat</strong></span> <span class='ocrx_word' id='word_1_818' title='bbox 745 5579 1428 5638; x_wconf 55' lang='lat' dir='ltr'><strong>AmmianusMarcellinus,</strong></span> <span class='ocrx_word' id='word_1_819' title='bbox 1453 5579 1542 5644; x_wconf 84' lang='lat' dir='ltr'><strong>qui</strong></span> <span class='ocrx_word' id='word_1_820' title='bbox 1564 5579 1700 5632; x_wconf 79' lang='lat' dir='ltr'><strong>inter</strong></span> <span class='ocrx_word' id='word_1_821' title='bbox 1723 5579 1823 5630; x_wconf 89' lang='lat' dir='ltr'><strong>alia</strong></span> <span class='ocrx_word' id='word_1_822' title='bbox 1846 5578 1916 5631; x_wconf 86' lang='lat' dir='ltr'><strong>ait</strong></span> <span class='ocrx_word' id='word_1_823' title='bbox 1941 5595 1955 5632; x_wconf 90' lang='lat'><strong>:</strong></span> 
     </span>
    </p>
   </div>
   <div class='ocr_carea' id='block_1_126' title="bbox 385 5647 1960 5710">
    <p class='ocr_par' dir='ltr' id='par_1_126' title="bbox 385 5647 1960 5710">
     <span class='ocr_line' id='line_1_127' title="bbox 385 5647 1960 5710; baseline 0.001 -10"><span class='ocrx_word' id='word_1_824' title='bbox 385 5651 496 5700; x_wconf 79' lang='lat' dir='ltr'><strong>Alii</strong></span> <span class='ocrx_word' id='word_1_825' title='bbox 545 5665 799 5701; x_wconf 84' lang='lat' dir='ltr'><strong>summum</strong></span> <span class='ocrx_word' id='word_1_826' title='bbox 847 5656 996 5700; x_wconf 86' lang='lat' dir='ltr'><strong>decus</strong></span> <span class='ocrx_word' id='word_1_827' title='bbox 1023 5650 1074 5700; x_wconf 87' lang='lat' dir='ltr'><strong>in</strong></span> <span class='ocrx_word' id='word_1_828' title='bbox 1104 5648 1328 5699; x_wconf 84' lang='lat' dir='ltr'><strong>carrucis</strong></span> <span class='ocrx_word' id='word_1_829' title='bbox 1375 5647 1522 5700; x_wconf 86' lang='lat' dir='ltr'><strong>solito</strong></span> <span class='ocrx_word' id='word_1_830' title='bbox 1569 5649 1866 5710; x_wconf 86' lang='lat' dir='ltr'><strong>altioribus,</strong></span> <span class='ocrx_word' id='word_1_831' title='bbox 1911 5657 1960 5702; x_wconf 89' lang='lat' dir='ltr'><strong>et</strong></span> 
     </span>
    </p>
   </div>
   <div class='ocr_carea' id='block_1_127' title="bbox 383 5718 1954 5788">
    <p class='ocr_par' dir='ltr' id='par_1_127' title="bbox 383 5718 1954 5788">
     <span class='ocr_line' id='line_1_128' title="bbox 383 5718 1954 5788; baseline 0.003 -19"><span class='ocrx_word' id='word_1_832' title='bbox 383 5719 660 5772; x_wconf 84' lang='lat' dir='ltr'><strong>ambitioso</strong></span> <span class='ocrx_word' id='word_1_833' title='bbox 686 5721 900 5774; x_wconf 85' lang='lat' dir='ltr'><strong>vestium</strong></span> <span class='ocrx_word' id='word_1_834' title='bbox 931 5719 1069 5771; x_wconf 85' lang='lat' dir='ltr'><strong>cultu</strong></span> <span class='ocrx_word' id='word_1_835' title='bbox 1091 5727 1354 5782; x_wconf 83' lang='lat' dir='ltr'><strong>ponentes,</strong></span> <span class='ocrx_word' id='word_1_836' title='bbox 1386 5718 1572 5772; x_wconf 87' lang='lat' dir='ltr'><strong>sudant</strong></span> <span class='ocrx_word' id='word_1_837' title='bbox 1601 5721 1690 5772; x_wconf 83' lang='lat' dir='ltr'><strong>sub</strong></span> <span class='ocrx_word' id='word_1_838' title='bbox 1712 5719 1954 5788; x_wconf 81' lang='lat' dir='ltr'><strong>ponderi-</strong></span> 
     </span>
    </p>
   </div>
   <div class='ocr_carea' id='block_1_128' title="bbox 2064 4528 3631 4600">
    <p class='ocr_par' dir='ltr' id='par_1_128' title="bbox 2064 4528 3631 4600">
     <span class='ocr_line' id='line_1_129' title="bbox 2064 4528 3631 4600; baseline 0.003 -20"><span class='ocrx_word' id='word_1_839' title='bbox 2064 4533 2218 4600; x_wconf 81' lang='lat' dir='ltr'><strong>gaida</strong></span> <span class='ocrx_word' id='word_1_840' title='bbox 2251 4547 2395 4600; x_wconf 82' lang='lat' dir='ltr'><strong>voce,</strong></span> <span class='ocrx_word' id='word_1_841' title='bbox 2417 4542 2638 4597; x_wconf 81' lang='lat' dir='ltr'><strong>excepto</strong></span> <span class='ocrx_word' id='word_1_842' title='bbox 2654 4528 2984 4600; x_wconf 71' lang='lat' dir='ltr'><strong>Cauchiano,</strong></span> <span class='ocrx_word' id='word_1_843' title='bbox 3011 4531 3098 4596; x_wconf 87' lang='lat' dir='ltr'><strong>qui</strong></span> <span class='ocrx_word' id='word_1_844' title='bbox 3126 4530 3252 4582; x_wconf 91' lang='lat' dir='ltr'><strong>illud</strong></span> <span class='ocrx_word' id='word_1_845' title='bbox 3281 4528 3631 4600; x_wconf 12' lang='lat' dir='ltr'><strong>priuighabet.</strong></span> 
     </span>
    </p>
   </div>
   <div class='ocr_carea' id='block_1_129' title="bbox 2066 4597 3631 4666">
    <p class='ocr_par' dir='ltr' id='par_1_129' title="bbox 2066 4597 3631 4666">
     <span class='ocr_line' id='line_1_130' title="bbox 2066 4597 3631 4666; baseline 0.001 -14"><span class='ocrx_word' id='word_1_846' title='bbox 2066 4597 2313 4654; x_wconf 61' lang='lat' dir='ltr'><strong>ileinsius</strong></span> <span class='ocrx_word' id='word_1_847' title='bbox 2338 4599 2504 4653; x_wconf 86' lang='lat' dir='ltr'><strong>edidit</strong></span> <span class='ocrx_word' id='word_1_848' title='bbox 2544 4598 2810 4652; x_wconf 86' lang='lat' dir='ltr'><strong>oculos....</strong></span> <span class='ocrx_word' id='word_1_849' title='bbox 2835 4613 3036 4660; x_wconf 83' lang='lat' dir='ltr'><strong>vocem;</strong></span> <span class='ocrx_word' id='word_1_850' title='bbox 3079 4601 3249 4652; x_wconf 89' lang='lat' dir='ltr'><strong>secuti</strong></span> <span class='ocrx_word' id='word_1_851' title='bbox 3277 4609 3400 4651; x_wconf 89' lang='lat' dir='ltr'><strong>sunt</strong></span> <span class='ocrx_word' id='word_1_852' title='bbox 3421 4597 3631 4666; x_wconf 71' lang='lat' dir='ltr'><strong>Charm,</strong></span> 
     </span>
    </p>
   </div>
   <div class='ocr_carea' id='block_1_130' title="bbox 2067 4667 3632 4732">
    <p class='ocr_par' dir='ltr' id='par_1_130' title="bbox 2067 4667 3632 4732">
     <span class='ocr_line' id='line_1_131' title="bbox 2067 4667 3632 4732; baseline 0 -10"><span class='ocrx_word' id='word_1_853' title='bbox 2067 4669 2226 4732; x_wconf 69' lang='lat' dir='ltr'><strong>Gall.,</strong></span> <span class='ocrx_word' id='word_1_854' title='bbox 2268 4669 2495 4724; x_wconf 84' lang='lat' dir='ltr'><strong>ctTeol.</strong></span> <span class='ocrx_word' id='word_1_855' title='bbox 2545 4669 2789 4721; x_wconf 89' lang='lat' dir='ltr'><strong>Barthius</strong></span> <span class='ocrx_word' id='word_1_856' title='bbox 2817 4683 2934 4720; x_wconf 88' lang='lat' dir='ltr'><strong>cum</strong></span> <span class='ocrx_word' id='word_1_857' title='bbox 2976 4667 3263 4722; x_wconf 86' lang='lat' dir='ltr'><strong>Prudentio</strong></span> <span class='ocrx_word' id='word_1_858' title='bbox 3301 4671 3506 4724; x_wconf 85' lang='lat' dir='ltr'><strong>confert</strong></span> <span class='ocrx_word' id='word_1_859' title='bbox 3537 4673 3632 4722; x_wconf 81' lang='lat' dir='ltr'><strong>Ba-</strong></span> 
     </span>
    </p>
   </div>
   <div class='ocr_carea' id='block_1_131' title="bbox 2065 4737 3630 4808">
    <p class='ocr_par' dir='ltr' id='par_1_131' title="bbox 2065 4737 3630 4808">
     <span class='ocr_line' id='line_1_132' title="bbox 2065 4737 3630 4808; baseline -0.001 -14"><span class='ocrx_word' id='word_1_860' title='bbox 2065 4741 2320 4794; x_wconf 85' lang='lat' dir='ltr'><strong>chiarium</strong></span> <span class='ocrx_word' id='word_1_861' title='bbox 2374 4749 2647 4808; x_wconf 75' lang='lat' dir='ltr'><strong>nostrum,</strong></span> <span class='ocrx_word' id='word_1_862' title='bbox 2676 4741 2779 4808; x_wconf 80' lang='lat' dir='ltr'><strong>qui</strong></span> <span class='ocrx_word' id='word_1_863' title='bbox 2822 4739 3006 4790; x_wconf 83' lang='lat' dir='ltr'><strong>oculos</strong></span> <span class='ocrx_word' id='word_1_864' title='bbox 3037 4737 3266 4794; x_wconf 85' lang='lat' dir='ltr'><strong>hominis</strong></span> <span class='ocrx_word' id='word_1_865' title='bbox 3317 4739 3447 4806; x_wconf 89' lang='lat' dir='ltr'><strong>lapsi</strong></span> <span class='ocrx_word' id='word_1_866' title='bbox 3477 4755 3630 4808; x_wconf 87' lang='lat' dir='ltr'><strong>vagos</strong></span> 
     </span>
    </p>
   </div>
   <div class='ocr_carea' id='block_1_132' title="bbox 2065 4807 3202 4872">
    <p class='ocr_par' dir='ltr' id='par_1_132' title="bbox 2065 4807 3202 4872">
     <span class='ocr_line' id='line_1_133' title="bbox 2065 4807 3202 4872; baseline -0.002 -10"><span class='ocrx_word' id='word_1_867' title='bbox 2065 4810 2212 4872; x_wconf 79' lang='lat' dir='ltr'><strong>dicit,</strong></span> <span class='ocrx_word' id='word_1_868' title='bbox 2239 4809 2496 4861; x_wconf 78' lang='lat' dir='ltr'><strong>luxuriam</strong></span> <span class='ocrx_word' id='word_1_869' title='bbox 2525 4817 2579 4860; x_wconf 88' lang='lat' dir='ltr'><strong>et</strong></span> <span class='ocrx_word' id='word_1_870' title='bbox 2602 4807 2869 4860; x_wconf 87' lang='lat' dir='ltr'><strong>libidinem</strong></span> <span class='ocrx_word' id='word_1_871' title='bbox 2901 4808 3202 4860; x_wconf 87' lang='lat' dir='ltr'><strong>indicando.</strong></span> 
     </span>
    </p>
   </div>
   <div class='ocr_carea' id='block_1_133' title="bbox 2135 4877 3632 4945">
    <p class='ocr_par' dir='ltr' id='par_1_133' title="bbox 2135 4877 3632 4945">
     <span class='ocr_line' id='line_1_134' title="bbox 2135 4877 3632 4945; baseline 0.002 -15"><span class='ocrx_word' id='word_1_872' title='bbox 2135 4879 2254 4932; x_wconf 87' lang='grc'><strong>515.</strong></span> <span class='ocrx_word' id='word_1_873' title='bbox 2287 4879 2498 4942; x_wconf 85' lang='lat' dir='ltr'><strong>Vienn.,</strong></span> <span class='ocrx_word' id='word_1_874' title='bbox 2526 4879 2694 4942; x_wconf 87' lang='lat' dir='ltr'><strong>edita;</strong></span> <span class='ocrx_word' id='word_1_875' title='bbox 2751 4877 2939 4931; x_wconf 91' lang='lat' dir='ltr'><strong>melius</strong></span> <span class='ocrx_word' id='word_1_876' title='bbox 2969 4879 3188 4944; x_wconf 85' lang='lat' dir='ltr'><strong>perdita.</strong></span> <span class='ocrx_word' id='word_1_877' title='bbox 3225 4878 3417 4933; x_wconf 84' lang='lat' dir='ltr'><strong>Boher.</strong></span> <span class='ocrx_word' id='word_1_878' title='bbox 3464 4879 3632 4945; x_wconf 84' lang='lat' dir='ltr'><strong>prior.</strong></span> 
     </span>
    </p>
   </div>
   <div class='ocr_carea' id='block_1_134' title="bbox 2065 4947 3638 5017">
    <p class='ocr_par' dir='ltr' id='par_1_134' title="bbox 2065 4947 3638 5017">
     <span class='ocr_line' id='line_1_135' title="bbox 2065 4947 3638 5017; baseline 0 -17"><span class='ocrx_word' id='word_1_879' title='bbox 2065 4965 2186 5001; x_wconf 88' lang='lat' dir='ltr'><strong>cura</strong></span> <span class='ocrx_word' id='word_1_880' title='bbox 2240 4965 2337 5017; x_wconf 81' lang='lat' dir='ltr'><strong>pro</strong></span> <span class='ocrx_word' id='word_1_881' title='bbox 2383 4963 2536 4999; x_wconf 84' lang='lat' dir='ltr'><strong>causa</strong></span> <span class='ocrx_word' id='word_1_882' title='bbox 2594 4951 2770 5000; x_wconf 86' lang='lat' dir='ltr'><strong>minus</strong></span> <span class='ocrx_word' id='word_1_883' title='bbox 2821 4949 2974 5000; x_wconf 83' lang='lat' dir='ltr'><strong>bene.</strong></span> <span class='ocrx_word' id='word_1_884' title='bbox 3017 4947 3230 5000; x_wconf 78' lang='lat' dir='ltr'><strong>Viventii</strong></span> <span class='ocrx_word' id='word_1_885' title='bbox 3259 4965 3411 5001; x_wconf 88' lang='lat' dir='ltr'><strong>causa</strong></span> <span class='ocrx_word' id='word_1_886' title='bbox 3464 4951 3638 5001; x_wconf 89' lang='lat' dir='ltr'><strong>solent</strong></span> 
     </span>
    </p>
   </div>
   <div class='ocr_carea' id='block_1_135' title="bbox 2065 5017 3632 5088">
    <p class='ocr_par' dir='ltr' id='par_1_135' title="bbox 2065 5017 3632 5088">
     <span class='ocr_line' id='line_1_136' title="bbox 2065 5017 3632 5088; baseline -0.001 -18"><span class='ocrx_word' id='word_1_887' title='bbox 2065 5019 2167 5070; x_wconf 92' lang='lat' dir='ltr'><strong>dici</strong></span> <span class='ocrx_word' id='word_1_888' title='bbox 2198 5023 2440 5070; x_wconf 87' lang='lat' dir='ltr'><strong>virtutes.</strong></span> <span class='ocrx_word' id='word_1_889' title='bbox 2485 5017 2753 5088; x_wconf 71' lang='lat' dir='ltr'><strong>iuvenalis</strong></span> <span class='ocrx_word' id='word_1_890' title='bbox 2794 5025 2972 5088; x_wconf 85' lang='lat' dir='ltr'><strong>satyra</strong></span> <span class='ocrx_word' id='word_1_891' title='bbox 3011 5017 3065 5084; x_wconf 90' lang='lat'><strong>8,</strong></span> <span class='ocrx_word' id='word_1_892' title='bbox 3101 5031 3250 5088; x_wconf 56' lang='lat' dir='ltr'><strong>vers.</strong></span> <span class='ocrx_word' id='word_1_893' title='bbox 3279 5020 3384 5071; x_wconf 67' lang='grc' dir='ltr'><strong>διε</strong></span> <span class='ocrx_word' id='word_1_894' title='bbox 3420 5017 3483 5068; x_wconf 74' lang='lat' dir='ltr'><strong>Et</strong></span> <span class='ocrx_word' id='word_1_895' title='bbox 3511 5033 3632 5086; x_wconf 83' lang='lat' dir='ltr'><strong>pro-</strong></span> 
     </span>
    </p>
   </div>
   <div class='ocr_carea' id='block_1_136' title="bbox 2067 5086 3635 5156">
    <p class='ocr_par' dir='ltr' id='par_1_136' title="bbox 2067 5086 3635 5156">
     <span class='ocr_line' id='line_1_137' title="bbox 2067 5086 3635 5156; baseline 0 -16"><span class='ocrx_word' id='word_1_896' title='bbox 2067 5097 2175 5156; x_wconf 84' lang='lat' dir='ltr'><strong>pter</strong></span> <span class='ocrx_word' id='word_1_897' title='bbox 2201 5090 2350 5140; x_wconf 86' lang='lat' dir='ltr'><strong>vitam</strong></span> <span class='ocrx_word' id='word_1_898' title='bbox 2393 5087 2588 5140; x_wconf 87' lang='lat' dir='ltr'><strong>vivendi</strong></span> <span class='ocrx_word' id='word_1_899' title='bbox 2636 5088 2842 5153; x_wconf 81' lang='lat' dir='ltr'><strong>perdere</strong></span> <span class='ocrx_word' id='word_1_900' title='bbox 2869 5086 3072 5140; x_wconf 82' lang='lat' dir='ltr'><strong>causas.</strong></span> <span class='ocrx_word' id='word_1_901' title='bbox 3100 5086 3322 5140; x_wconf 79' lang='lat' dir='ltr'><strong>Ratione</strong></span> <span class='ocrx_word' id='word_1_902' title='bbox 3369 5087 3635 5140; x_wconf 86' lang='lat' dir='ltr'><strong>contraria</strong></span> 
     </span>
    </p>
   </div>
   <div class='ocr_carea' id='block_1_137' title="bbox 2067 5157 3075 5225">
    <p class='ocr_par' dir='ltr' id='par_1_137' title="bbox 2067 5157 3075 5225">
     <span class='ocr_line' id='line_1_138' title="bbox 2067 5157 3075 5225; baseline -0.004 -13"><span class='ocrx_word' id='word_1_903' title='bbox 2067 5157 2352 5212; x_wconf 85' lang='lat' dir='ltr'><strong>luxuriosis</strong></span> <span class='ocrx_word' id='word_1_904' title='bbox 2373 5159 2492 5210; x_wconf 72' lang='lat' dir='ltr'><strong>vita:</strong></span> <span class='ocrx_word' id='word_1_905' title='bbox 2517 5171 2674 5210; x_wconf 86' lang='lat' dir='ltr'><strong>causa</strong></span> <span class='ocrx_word' id='word_1_906' title='bbox 2701 5169 2782 5211; x_wconf 91' lang='lat' dir='ltr'><strong>est</strong></span> <span class='ocrx_word' id='word_1_907' title='bbox 2813 5159 3075 5225; x_wconf 86' lang='lat' dir='ltr'><strong>voluptas.</strong></span> 
     </span>
    </p>
   </div>
   <div class='ocr_carea' id='block_1_138' title="bbox 2138 5225 3642 5296">
    <p class='ocr_par' dir='ltr' id='par_1_138' title="bbox 2138 5225 3642 5296">
     <span class='ocr_line' id='line_1_139' title="bbox 2138 5225 3642 5296; baseline -0.001 -15"><span class='ocrx_word' id='word_1_908' title='bbox 2138 5227 2262 5282; x_wconf 76' lang='grc'><strong>514.</strong></span> <span class='ocrx_word' id='word_1_909' title='bbox 2305 5228 2516 5280; x_wconf 86' lang='lat' dir='ltr'><strong>Persius</strong></span> <span class='ocrx_word' id='word_1_910' title='bbox 2553 5238 2728 5296; x_wconf 83' lang='lat' dir='ltr'><strong>satyra</strong></span> <span class='ocrx_word' id='word_1_911' title='bbox 2763 5229 2812 5292; x_wconf 87' lang='grc'><strong>1,</strong></span> <span class='ocrx_word' id='word_1_912' title='bbox 2841 5241 2980 5282; x_wconf 85' lang='lat' dir='ltr'><strong>vers.</strong></span> <span class='ocrx_word' id='word_1_913' title='bbox 3009 5229 3132 5292; x_wconf 72' lang='grc'><strong>104,</strong></span> <span class='ocrx_word' id='word_1_914' title='bbox 3167 5228 3380 5280; x_wconf 88' lang='lat' dir='ltr'><strong>Summa</strong></span> <span class='ocrx_word' id='word_1_915' title='bbox 3409 5225 3642 5296; x_wconf 86' lang='lat' dir='ltr'><strong>delumbe</strong></span> 
     </span>
    </p>
   </div>
   <div class='ocr_carea' id='block_1_139' title="bbox 2068 5295 3643 5422">
    <p class='ocr_par' dir='ltr' id='par_1_139' title="bbox 2068 5295 3643 5422">
     <span class='ocr_line' id='line_1_140' title="bbox 2068 5295 3643 5422; baseline -0.001 -71"><span class='ocrx_word' id='word_1_916' title='bbox 2068 5300 2249 5422; x_wconf 48' lang='lat' dir='ltr'><strong>activa.</strong></span> <span class='ocrx_word' id='word_1_917' title='bbox 2300 5297 2498 5352; x_wconf 87' lang='lat' dir='ltr'><strong>Auctor</strong></span> <span class='ocrx_word' id='word_1_918' title='bbox 2549 5295 2742 5367; x_wconf 80' lang='lat' dir='ltr'><strong>dialogi</strong></span> <span class='ocrx_word' id='word_1_919' title='bbox 2795 5298 2862 5352; x_wconf 90' lang='lat' dir='ltr'><strong>de</strong></span> <span class='ocrx_word' id='word_1_920' title='bbox 2907 5297 3132 5352; x_wconf 90' lang='lat' dir='ltr'><strong>Oratore</strong></span> <span class='ocrx_word' id='word_1_921' title='bbox 3171 5299 3444 5363; x_wconf 87' lang='lat' dir='ltr'><strong>usurpavit</strong></span> <span class='ocrx_word' id='word_1_922' title='bbox 3483 5295 3643 5350; x_wconf 86' lang='lat' dir='ltr'><strong>elum-</strong></span> 
     </span>
     <span class='ocr_line' id='line_1_141' title="bbox 2100 5385 2164 5422; baseline 0 -1"><span class='ocrx_word' id='word_1_923' title='bbox 2100 5385 2164 5422; x_wconf 79' lang='lat' dir='ltr'><strong>is.</strong></span> 
     </span>
    </p>
   </div>
   <div class='ocr_carea' id='block_1_140' title="bbox 2100 5385 2164 5422">
    <p class='ocr_par' dir='ltr' id='par_1_140' title="bbox 2100 5385 2164 5422">
     <span class='ocr_line' id='line_1_142' title="bbox 2100 5385 2164 5422; baseline 0 -1"><span class='ocrx_word' id='word_1_924' title='bbox 2100 5385 2164 5422; x_wconf 76' lang='grc'><strong>18.</strong></span> 
     </span>
    </p>
   </div>
   <div class='ocr_carea' id='block_1_141' title="bbox 2139 5434 3640 5506">
    <p class='ocr_par' dir='ltr' id='par_1_141' title="bbox 2139 5434 3640 5506">
     <span class='ocr_line' id='line_1_143' title="bbox 2139 5434 3640 5506; baseline -0.001 -14"><span class='ocrx_word' id='word_1_925' title='bbox 2139 5439 2264 5492; x_wconf 73' lang='grc'><strong>515.</strong></span> <span class='ocrx_word' id='word_1_926' title='bbox 2315 5437 2548 5492; x_wconf 80' lang='lat' dir='ltr'><strong>Verbum</strong></span> <span class='ocrx_word' id='word_1_927' title='bbox 2603 5437 2864 5500; x_wconf 60' lang='lat' dir='ltr'><strong>sv&#39;ilemne,</strong></span> <span class='ocrx_word' id='word_1_928' title='bbox 2909 5451 3027 5506; x_wconf 75' lang='lat' dir='ltr'><strong>cuin</strong></span> <span class='ocrx_word' id='word_1_929' title='bbox 3069 5435 3157 5506; x_wconf 12' lang='lat' dir='ltr'><strong>de!</strong></span> <span class='ocrx_word' id='word_1_930' title='bbox 3187 5434 3640 5506; x_wconf 15' lang='lat' dir='ltr'><strong>luxuriaiagitur,</strong></span> 
     </span>
    </p>
   </div>
   <div class='ocr_carea' id='block_1_142' title="bbox 2070 5504 3644 5574">
    <p class='ocr_par' dir='ltr' id='par_1_142' title="bbox 2070 5504 3644 5574">
     <span class='ocr_line' id='line_1_144' title="bbox 2070 5504 3644 5574; baseline 0 -12"><span class='ocrx_word' id='word_1_931' title='bbox 2070 5509 2376 5562; x_wconf 75' lang='lat' dir='ltr'><strong>FRANGERE.</strong></span> <span class='ocrx_word' id='word_1_932' title='bbox 2415 5507 2549 5560; x_wconf 89' lang='lat' dir='ltr'><strong>Vide</strong></span> <span class='ocrx_word' id='word_1_933' title='bbox 2599 5523 2717 5574; x_wconf 76' lang='lat' dir='ltr'><strong>qua:</strong></span> <span class='ocrx_word' id='word_1_934' title='bbox 2763 5517 2925 5574; x_wconf 7' lang='lat' dir='ltr'><strong>notat,</strong></span> <span class='ocrx_word' id='word_1_935' title='bbox 2959 5504 3315 5558; x_wconf 78' lang='lat' dir='ltr'><strong>Gmhofredus</strong></span> <span class='ocrx_word' id='word_1_936' title='bbox 3362 5505 3428 5560; x_wconf 91' lang='lat' dir='ltr'><strong>ad</strong></span> <span class='ocrx_word' id='word_1_937' title='bbox 3480 5504 3644 5562; x_wconf 78' lang='lat' dir='ltr'><strong>verba</strong></span> 
     </span>
    </p>
   </div>
   <div class='ocr_carea' id='block_1_143' title="bbox 2069 5573 3644 5648">
    <p class='ocr_par' dir='ltr' id='par_1_143' title="bbox 2069 5573 3644 5648">
     <span class='ocr_line' id='line_1_145' title="bbox 2069 5573 3644 5648; baseline 0 -16"><span class='ocrx_word' id='word_1_938' title='bbox 2069 5595 2270 5632; x_wconf 73' lang='lat' dir='ltr'><strong>FRACTA</strong></span> <span class='ocrx_word' id='word_1_939' title='bbox 2299 5577 2519 5648; x_wconf 83' lang='lat' dir='ltr'><strong>molliter</strong></span> <span class='ocrx_word' id='word_1_940' title='bbox 2547 5573 2721 5646; x_wconf 80' lang='lat' dir='ltr'><strong>plebe,</strong></span> <span class='ocrx_word' id='word_1_941' title='bbox 2753 5577 2872 5628; x_wconf 86' lang='lat' dir='ltr'><strong>cod.</strong></span> <span class='ocrx_word' id='word_1_942' title='bbox 2906 5573 3113 5628; x_wconf 87' lang='lat' dir='ltr'><strong>Theod.</strong></span> <span class='ocrx_word' id='word_1_943' title='bbox 3157 5575 3326 5648; x_wconf 30' lang='lat' dir='ltr'><strong>libavx</strong></span> <span class='ocrx_word' id='word_1_944' title='bbox 3357 5576 3424 5632; x_wconf 91' lang='lat' dir='ltr'><strong>ad</strong></span> <span class='ocrx_word' id='word_1_945' title='bbox 3471 5579 3644 5648; x_wconf 79' lang='lat' dir='ltr'><strong>legem</strong></span> 
     </span>
    </p>
   </div>
   <div class='ocr_carea' id='block_1_144' title="bbox 2069 5647 3365 5711">
    <p class='ocr_par' dir='ltr' id='par_1_144' title="bbox 2069 5647 3365 5711">
     <span class='ocr_line' id='line_1_146' title="bbox 2069 5647 3365 5711; baseline -0.002 -7"><span class='ocrx_word' id='word_1_946' title='bbox 2069 5649 2260 5704; x_wconf 87' lang='lat' dir='ltr'><strong>Jutiam</strong></span> <span class='ocrx_word' id='word_1_947' title='bbox 2284 5647 2350 5700; x_wconf 92' lang='lat' dir='ltr'><strong>de</strong></span> <span class='ocrx_word' id='word_1_948' title='bbox 2371 5647 2632 5700; x_wconf 76' lang='lat' dir='ltr'><strong>adulteris</strong></span> <span class='ocrx_word' id='word_1_949' title='bbox 2657 5659 2723 5698; x_wconf 79' lang='lat' dir='ltr'><strong>ex</strong></span> <span class='ocrx_word' id='word_1_950' title='bbox 2751 5651 2932 5696; x_wconf 87' lang='lat' dir='ltr'><strong>nostro</strong></span> <span class='ocrx_word' id='word_1_951' title='bbox 2965 5653 3122 5711; x_wconf 86' lang='lat' dir='ltr'><strong>poeta</strong></span> <span class='ocrx_word' id='word_1_952' title='bbox 3151 5655 3204 5700; x_wconf 89' lang='lat' dir='ltr'><strong>et</strong></span> <span class='ocrx_word' id='word_1_953' title='bbox 3229 5647 3365 5702; x_wconf 90' lang='lat' dir='ltr'><strong>aliis.</strong></span> 
     </span>
    </p>
   </div>
   <div class='ocr_carea' id='block_1_145' title="bbox 2139 5711 3648 5786">
    <p class='ocr_par' dir='ltr' id='par_1_145' title="bbox 2139 5711 3648 5786">
     <span class='ocr_line' id='line_1_147' title="bbox 2139 5711 3648 5786; baseline -0.003 -12"><span class='ocrx_word' id='word_1_954' title='bbox 2139 5719 2266 5774; x_wconf 87' lang='grc'><strong>516.</strong></span> <span class='ocrx_word' id='word_1_955' title='bbox 2299 5717 2442 5783; x_wconf 63' lang='lat' dir='ltr'><strong>itan,</strong></span> <span class='ocrx_word' id='word_1_956' title='bbox 2472 5715 2628 5782; x_wconf 66' lang='lat' dir='ltr'><strong>Man,</strong></span> <span class='ocrx_word' id='word_1_957' title='bbox 2671 5711 2892 5782; x_wconf 78' lang='lat' dir='ltr'><strong>Weitz.,</strong></span> <span class='ocrx_word' id='word_1_958' title='bbox 2927 5715 3105 5786; x_wconf 78' lang='lat' dir='ltr'><strong>Alex.,</strong></span> <span class='ocrx_word' id='word_1_959' title='bbox 3137 5732 3198 5771; x_wconf 83' lang='lat' dir='ltr'><strong>ac</strong></span> <span class='ocrx_word' id='word_1_960' title='bbox 3239 5727 3377 5776; x_wconf 86' lang='lat' dir='ltr'><strong>tunc.</strong></span> <span class='ocrx_word' id='word_1_961' title='bbox 3425 5717 3569 5784; x_wconf 85' lang='lat' dir='ltr'><strong>Ald.,</strong></span> <span class='ocrx_word' id='word_1_962' title='bbox 3599 5725 3648 5770; x_wconf 75' lang='lat' dir='ltr'><strong>et</strong></span> 
     </span>
    </p>
   </div>
  </div>
