4154 6188
496 298 561 355 ιπ
1564 302 1838 361 AURELII
1878 302 2246 361 PRUDENTII
2289 277 2618 365 cantum.
3695 308 3763 367 tit

671 407 787 466 Sub
807 408 981 465 lucem
1010 410 1131 480 quia
1158 409 1298 467 forte
1317 408 1501 480 iacens
1525 412 1592 467 ad
1620 412 1843 479 fercula,
1876 430 2068 471 raucos
2095 422 2149 481 Α

673 500 928 555 Audierat
959 498 1138 567 lituos,
1166 511 1325 573 atque
1351 503 1474 559 inde
1502 504 1732 572 tepentia
1756 504 2004 576 linquens

674 592 891 658 Pocula,
917 593 1141 662 lapsanti
1171 608 1266 662 per
1286 593 1428 663 vina,
1456 603 1511 649 et
1532 594 1765 650 balsama
1794 611 2001 667 gressu,

669 683 825 738 Ebria
853 683 1072 739 calcatis
1096 685 1163 738 ad
1186 685 1385 740 bellum
1414 685 1636 742 ﬂoribus
1658 685 1787 742 ibat.

667 772 784 828 Non
833 781 1008 827 tamen
1057 773 1145 829 illa
1189 772 1382 843 pedes,
1429 775 1523 831 sed
1551 790 1712 832 curru
1744 776 1952 832 invecta
1984 791 2075 835 ve-
2138 800 2143 801 ί

1848 879 2003 925 11118ῑο

1848 885 1925 925 nu:

665 955 856 1011 Saucia
885 956 1172 1011 mirantum
1201 957 1447 1027 capiebat
1475 958 1638 1013 corda
1667 869 1925 1013 virort[im.

663 1048 709 1105 Ο
730 1064 866 1105 nova
890 1049 1154 1119 pugnandi
1184 1051 1419 1118 species!
1458 1065 1565 1105 non
1591 1051 1703 1107 ales
1727 1051 1932 1106 arundo

658 1141 819 1212 617
844 1140 1020 1197 Nervo
1064 1140 1216 1210 pulsa
1261 1140 1417 1212 fugit,
1468 1156 1568 1197 nec
1611 1142 1836 1197 stridula
1884 1141 2069 1197 lancea

1829 1232 1999 1306 [torto

663 1324 869 1380 Emicat
896 1335 1135 1390 amento,
1168 1325 1425 1381 frameam
1445 1340 1545 1380 nec
1573 1323 1765 1380 dextra
1794 1325 2065 1382 minatur:

658 1414 775 1471 Sed:
793 1415 963 1471 Violas
991 1416 1187 1471 lasciva
1217 1414 1366 1486 iacit,
1398 1414 1650 1486 foliisque
1674 1429 1923 1470 rosarum

659 1508 908 1577 Dimicat,
938 1518 991 1562 et
1020 1508 1261 1564 calathos
1290 1508 1504 1564 inimica
1527 1523 1624 1578 per
1642 1508 1854 1578 agmina
1873 1506 2064 1563 fundit.

658 1603 804 1669 Inde,
836 1603 1122 1659 eblanditis
1151 1603 1434 1658 virtutibus
1454 1643 1469 1668 ,
1502 1601 1698 1657 halitus
1729 1601 1852 1658 illex

658 1693 890 1765 Inspirat
921 1706 1162 1749 tenerum
1209 1693 1469 1749 labefacta
1501 1708 1598 1763 per
1622 1707 1746 1748 ossa
1766 1709 2061 1759 venenum;

483 1323 589 1380 525

478 1785 584 1842 5⁵50
657 1785 724 1840 Et
749 1788 889 1840 maie
915 1784 1085 1840 dulcis
1136 1785 1272 1841 odor
1298 1784 1481 1840 domat
1504 1798 1631 1849 ora,
1662 1793 1716 1839 et
1746 1792 1979 1854 pectora,
2011 1794 2064 1839 et
2096 1797 2143 1856 Β

1781 1876 1948 1947 [arma
1966 1918 1980 1944 ,

651 1966 1009 2037 Ferratnsqne
1036 1974 1181 2020 toros
1207 1965 1380 2020 obliso
1411 1966 1605 2021 robore
1627 1966 1841 2021 mulcet.

650 2056 908 2128 Dejiriunt
933 2056 1160 2123 animus,
1192 2070 1289 2111 ceu
1320 2054 1467 2123 victi,
1497 2065 1552 2111 et
1579 2056 1780 2126 spicula
1810 2066 2013 2126 ponunt

2354 417 2638 489 Turpiter,
2684 419 2820 473 lteul
2854 417 3059 474 dextris
3092 417 3469 490 languentibus
3495 420 3759 489 obstupe-

3515 512 3660 585 [l‘acti
3676 555 3695 581 ,

2357 600 2492 655 Dum
2520 615 2737 655 currum
2768 600 2914 655 varia
2937 614 3270 677 gemmarum
3296 601 3413 657 luce
3438 602 3727 661 micantem

2179 690 2285 747 555
2357 692 2636 758 Mirantur,
2668 689 2795 746 dum
2826 691 3114 747 bracteolis
3137 694 3456 763 crepitantia
3483 694 3620 764 lora,

2355 783 2425 839 Et
2453 784 2629 839 solido
2655 798 2722 840 ex
2751 798 2886 839 auro
2908 785 3127 853 pretiosi
3153 785 3406 855 ponderis
3434 801 3592 843 axem

2350 874 2517 945 618
2546 873 2746 930 Deﬁxis
2775 875 2985 930 inhiant
3006 875 3281 932 obtutibus
3297 920 3313 946 ,
3338 885 3394 932 et
3419 877 3692 933 radiorum

2352 970 2591 1036 Argento
2613 965 2884 1021 albentem
2907 966 3104 1022 seriem
3124 1008 3140 1035 ,
3177 981 3339 1038 quam
3376 981 3587 1024 summa
3616 979 3762 1024 rota-

3547 1057 3688 1131 [rum

2351 1148 2587 1204 Flexura
2615 1151 2799 1207 electri
2828 1151 3077 1220 pallentis
3096 1151 3338 1207 continet
3365 1152 3520 1208 orbe.

2350 1241 2416 1295 Et
2438 1241 2551 1309 jam
2574 1253 2765 1297 cuncta
2786 1243 2928 1298 acies
2950 1242 3004 1298 in
3035 1242 3324 1299 deditionis
3351 1258 3593 1299 amorem

2349 1333 2552 1403 Sponte
2581 1349 2677 1390 sua
2706 1335 2875 1390 versis
2904 1334 3168 1390 transibat
3194 1334 3396 1405 perﬁda
3421 1336 3610 1406 signis,

2172 1237 2278 1295 540

2354 1426 2602 1482 Luxuriae
2629 1426 2834 1482 servire
2861 1427 3070 1494 volens,
3100 1427 3440 1499 dominmque
3471 1427 3686 1483 liuentis

2347 1518 2474 1573 .Iura
2506 1517 2635 1589 pati,
2666 1526 2721 1573 et
2746 1517 2863 1572 laxa
2886 1532 3178 1588 ganearum
3207 1519 3324 1588 lege
3347 1519 3539 1573 teneri.

2347 1612 2608 1683 Ingemuit
2630 1619 2737 1667 tam
2767 1610 2922 1667 triste
2943 1610 3092 1666 nefas
3120 1611 3409 1666 fortissima
3427 1610 3603 1667 virtus

2169 1705 2277 1762 545
2349 1703 2649 1770 Sobrietas,
2676 1702 2869 1759 dextro
2896 1705 3077 1758 socios
3103 1702 3370 1758 decedere
3392 1717 3584 1769 cornu,

2353 1795 2714 1867 Invictumque
2751 1808 2970 1849 manum
3016 1793 3287 1864 quondam
3326 1794 3445 1851 sine
3473 1795 3622 1850 caede
3659 1809 3755 1865 pe-

3556 1906 3681 1943 r.re.

2345 1961 2613 2017 Vexillum
2642 1960 2873 2015 sublime
2893 1958 3088 2026 crucis,
3113 1958 3253 2030 quod
3278 1959 3330 2014 in
3348 1888 3755 2030 agmingrgifiino

2348 2053 2459 2108 Dux
2493 2054 2631 2108 bona
2656 2051 2983 2123 przetulerat,
3005 2048 3179 2107 delixa
3201 2050 3426 2120 cuspide
3453 2050 3617 2121 sistit,

1780 2167 2064 2223 GLOSSIE
2104 2164 2441 2222 VETERES.

539 2286 664 2343 517.
697 2286 808 2342 Sub
861 2287 1058 2349 lucem,
1110 2298 1267 2352 usque
1293 2282 1361 2335 ad
1406 2252 1693 2339 lucem.l—
1720 2280 1935 2348 Jacens,
1977 2296 2058 2334 se-

471 2360 613 2413 dens.
641 2387 712 2398 —
730 2357 974 2422 Fercula,
1008 2353 1242 2416 lectulos,
1271 2352 1313 2406 1.

540 2429 668 2484 519.
699 2421 970 2495 Lapsauti,
1003 2423 1223 2479 nutanti.
1249 2451 1318 2461 —
1347 2421 1629 2495 Balsama,
1649 2421 1878 2495 balsamo
1900 2428 2057 2474 uncta

471 2509 606 2580 erat,
637 2501 757 2580 quia
779 2491 956 2551 odoris
984 2496 1151 2565 gratia
1192 2508 1374 2563 sparsa
1415 2491 1512 2563 fuit
1540 2493 1721 2547 domus
1752 2492 1978 2546 balsamo
2003 2502 2054 2546 et

468 2571 703 2642 ﬂoribus,
728 2569 769 2623 1.
1028 2593 1036 2601 ·

538 2640 665 2695 521.
698 2637 892 2703 Pedes,
927 2636 1193 2706 pedestris,
1226 2635 1264 2689 I.

538 2710 661 2766 522.
694 2702 971 2778 sapiebat,
1004 2706 1306 2777 decipiebat,
1334 2702 1376 2778 l_._

537 2780 662 2838 525.
689 2780 734 2836 0
762 2774 924 2845 nova,
954 2774 1164 2833 luxuria
1204 2775 1564 2830 blandimentis
1601 2775 1813 2845 virtutes
1838 2774 2049 2843 decipit.

466 2882 537 2895 -
562 2854 691 2907 Ales
718 2850 949 2915 arundo,
984 2847 1131 2900 velox
1159 2847 1366 2916 sagitta,
1394 2860 1427 2897 a
1448 2845 1771 2912 rectitudine,
1797 2844 1838 2900 l.

536 2922 664 2976 525.
697 2920 925 2985 Emicat,
957 2917 1149 2978 exsilit,
1184 2918 1225 2970 Ι.

538 2991 661 3047 527.
690 2984 963 3051 Calathos,
991 2992 1166 3058 plenos
1195 3002 1431 3058 rosarum
1454 2984 1670 3058 spargit,
1701 2984 1741 3038 1.

542 3062 663 3116 528.
693 3058 924 3124 Halitus,
957 3053 1284 3127 spiritus.‘—
1315 3056 1442 3112 llles
1464 3053 1687 3127 ,'illir._ita
1710 3069 1986 3127 peragens,
2003 3053 2041 3107 l.

544 3132 663 3186 551.
694 3124 1069 3196 Ferratosqiie,
1102 3124 1236 3180 colla
1263 3124 1781 3188 loricata.-Toros,
1814 3124 2044 3192 brachia,

466 3201 543 3257 vel
567 3202 843 3255 densitates
871 3196 1479 3253 brachiorum.—0bliso
1505 3196 1719 3261 robore,
1749 3199 1915 3265 [rat-ta
1936 3199 2048 3263 for-

463 3270 798 3398 mg‘ggfhtu
828 3338 973 3407 victi,
1002 3338 1099 3393 viri
1125 3337 1337 3409 dejectis
1364 3337 1545 3404 armis,
1585 3342 1864 3407 sequuntur
1893 3332 2047 3389 luxu-

2165 2279 2319 2340 riam,
2354 2277 2393 2332 1.

2232 2350 2359 2403 554.
2382 2346 2631 2413 Currum,
2667 2345 2909 2413 luxuriae,
2937 2345 2974 2399 I.

2230 2419 2357 2474 555.
2393 2416 2707 2481 Bracteulis,
2739 2416 2968 2479 laminis,
2997 2415 3075 2469 vel
3107 2414 3232 2484 ﬁlis,
3266 2413 3309 2469 Ι.

2231 2490 2357 2544 510.
2393 2488 2460 2542 Et
2482 2488 2616 2558 jam,
2648 2496 2835 2541 cuncta
2869 2488 3011 2558 acies
3054 2491 3208 2541 versis
3242 2486 3400 2556 signis
3431 2488 3498 2540 ad
3521 2489 3742 2545 deditio-

2158 2575 2273 2615 ttem
2296 2557 2498 2613 transit.
2525 2589 2593 2599 —
2620 2557 2934 2629 Deditionis,
2957 2561 3222 2629 potestatis
3250 2559 3500 2625 avaritiae,
3531 2561 3633 2614 lso.

2232 2630 2357 2686 5M.
2389 2629 2588 2696 Versis,
2623 2629 2818 2697 positis,
2851 2628 2958 2683 lso.

2230 2702 2355 2757 555.
2384 2700 2688 2757 Ganearum
2710 2740 2726 2765 ,
2756 2708 3039 2754 scortorum
3074 2700 3151 2753 uel
3193 2706 3497 2768 cantorum,
3545 2700 3742 2757 Itslluo-

2158 2788 2285 2826 num
2312 2772 2388 2828 vel
2411 2772 2730 2843 gulosorum,
2756 2773 2794 2843 _l.

2228 2844 2353 2898 544.
2379 2839 2658 2911 Ingemuit,
2688 2839 2934 2894 sobrietas
2956 2840 3184 2910 increpat
3211 2841 3368 2905 acies,
3388 2841 3623 2911 suadens
3645 2842 3739 2909 eis,

2160 2909 2526 2984 negsequantur
2556 2911 2935 2984 tua:_uriam.‘_—
2961 2911 3160 2984 Virtus,
3188 2911 3352 2984 virgo,
3384 2909 3427 2965 Ι.

2232 2981 2360 3037 545.
2384 2984 2584 3049 Cornu,
2618 2982 2683 3035 de
2708 2982 2933 3035 exercitu
2958 2981 3280 3044 sobrietatis,
3306 2981 3343 3035 I.
3584 3007 3593 3013 -

2231 3054 2356 3109 546.
2396 3053 2633 3115 Manum,
2681 3052 3081 3122 multitudinem.
3120 3081 3187 3092 —
3218 3052 3347 3108 Sine
3373 3051 3522 3108 ccede
3545 3053 3737 3122 perire,

2155 3125 2263 3179 sine
2282 3138 2459 3196 pugna
2481 3123 2740 3196 decedere,
2771 3121 2809 3176 Ι.

2230 3192 2637 3262 547ῘΑςηιίηθ,
2667 3193 2939 3262 exercitus.
2976 3192 3084 3249 lso.

2231 3265 2357 3321 548.
2391 3260 2527 3328 Dux,
2550 3263 2815 3329 sobrietas,
2850 3260 2892 3316 l.

1840 3441 2407 3521 COMMENTARIUS.

464 3579 606 3624 tunc.
643 3567 871 3632 ~Vienn.,
900 3564 1089 3629 Gise|.,
1144 3564 1284 3632 PaL,
1326 3572 1377 3618 at
1408 3573 1548 3618 tunc.
1598 3561 1871 3620 lleinsiani
1913 3577 2036 3620 cum
2066 3560 2113 3625 C
2144 3559 2254 3632 dita
2271 3559 2445 3632 corda.

462 3638 661 3709 nostris
689 3638 892 3709 faciunt
919 3652 980 3709 ac
1007 3644 1151 3690 tunc.

525 3708 652 3764 52L
677 3706 893 3773 Vienn.,
927 3706 1017 3760 nec
1038 3716 1228 3769 tamen,

532 3779 659 3836 525.
692 3777 872 3848 Egm.,
899 3775 1029 3848 alis;
1064 3778 1178 3847 lege
1206 3775 1331 3830 ales.

523 3848 652 3905 524.
684 3844 825 3918 Aug.
853 3847 1030 3902 minus
1087 3844 1224 3902 bene
1266 3861 1422 3901 nervo
1452 3847 1608 3918 pulsa
1653 3845 1771 3918 fuit.
1793 3844 1937 3918 __Put.
1986 3859 2042 3905 et

453 3920 610 3992 Egm.
638 3935 669 3974 a
715 3914 874 3973 manu
916 3919 1085 3992 prima
1118 3933 1325 3992 nervum
1351 3914 1528 3992 pulsa
1580 3914 1736 3992 fugit.
1766 3914 2042 3992 _lleinsius

451 3985 755 4057 suspicatur
797 3985 949 4042 nervo
998 3989 1223 4058 impulsa
1250 3985 1403 4058 fugit,
1451 3985 1596 4057 quod
1639 3985 1916 4053 amplexus
1958 4000 2043 4046 est

448 4061 732 4117 Cellarius.
788 4059 903 4114 Non
971 4059 1290 4113 mutaverim
1364 4058 1648 4111 lectzouem
1700 4069 2039 4114 communem

449 4148 603 4186 nervo
630 4130 781 4200 pulsa
804 4131 935 4200 fugit
979 4129 1032 4181 in
1066 4129 1243 4200 Ale_x.,
1271 4126 1417 4200 Vati.
1445 4125 1509 4200 C,
1542 4126 1617 4200 D_,_
1639 4122 1706 4191 G,
1741 4125 1800 4200 1.,
1830 4125 1897 4189 Ο,
1929 4128 2034 4199 ΒΒ,

449 4202 607 4267 Man,
632 4194 1038 4263 'Rat.,'Vieun.,
1069 4196 1216 4264 Ald.,
1248 4204 1303 4251 et
1322 4196 1461 4251 aliis.
1488 4197 1545 4251 In
1579 4194 1699 4250 Vat.
1742 4195 1784 4250 H
1813 4205 1895 4251 est
1920 4194 2036 4253 uer;

446 4287 563 4325 vum
587 4269 737 4336 pulsa
761 4267 916 4337 fugit.

518 4333 643 4396 525.
673 4333 996 4402 Ald.,'Gis.,
1038 4335 1225 4402 Fabr.,
1253 4333 1375 4406 Vat.
1403 4334 1469 4401 G,
1506 4336 1724 4406 framea.
1753 4335 1809 4391 In
1840 4335 1960 4394 Vat.
1990 4340 2031 4397 C

445 4411 784 4466 desideratur
832 4408 917 4462 hic
947 4421 1153 4479 versu_s.
1187 4408 1242 4461 ln
1292 4405 1412 4462 aliis
1439 4405 1574 4479 etin
1610 4406 1854 4479 margine
1890 4408 2030 4479 Gis.,

443 4482 721 4551 frameam.
739 4478 954 4533 Amenta
983 4493 1049 4551 ex
1083 4476 1242 4551 Festo
1271 4487 1395 4531 sunt
1423 4476 1629 4546 quibus,
1663 4487 1719 4551 ut
1749 4478 1886 4551 mitti
1913 4476 2031 4551 pos;

440 4548 563 4615 sint,
592 4550 882 4604 vinciuntur
890 4549 1091 4621 jacula.
1130 4548 1262 4602 llinc
1289 4559 1549 4621 anientare
1572 4549 1713 4618 apud
1754 4548 2028 4607 Lucanum

442 4631 498 4677 et
526 4621 842 4689 Martianum
870 4618 1140 4689 Capellam
1169 4618 1451 4687 reperitur.

506 4690 630 4761 5ξ7.
662 4688 804 4761 Rat.,
832 4707 920 4761 per
935 4688 1143 4761 agmina
1171 4689 1324 4761 fudit.

508 4759 632 4817 528.
665 4759 901 4825 Erl‘urt.,
942 4759 1063 4816 inde
1089 4759 1352 4814 blanditis.
1386 4760 1544 4827 Ang.,
1578 4759 1700 4814 inae
1728 4760 2021 4817 eblanditis.

439 4832 745 4902 Legendum
774 4831 894 4884 inde
922 4830 1211 4902 eblanditis.
1234 4831 1343 4902 Alii
1378 4831 1537 4896 inlex,
1572 4830 1663 4885 alii
1716 4832 1841 4886 illex
1888 4834 2025 4889 sei-i-

435 4898 588 4958 limit.
624 4901 763 4956 Illerc
804 4902 872 4956 ab
917 4901 1194 4964 illiciendo,
1226 4898 1361 4966 illiw,
1390 4911 1482 4955 aut
1511 4902 1668 4968 inlex,
1715 4915 1746 4956 a
1794 4915 1904 4972 quo
1932 4904 2019 4961 lex

433 4981 838 5039 non'servatur,
869 4974 1009 5042 quod
1031 4973 1143 5025 vult
1172 4972 1275 5042 lso.

503 5042 628 5100 551.
662 5043 810 5104 Ald..
836 5041 1010 5113 oblito,
1043 5042 1218 5097 minus
1239 5041 1397 5113 bene,
1430 5057 1529 5112 pro
1557 5041 1737 5097 obliso.
1769 5044 1876 5100 Nec
1897 5060 2011 5101 me-

2225 3631 2347 3702 552.
2374 3630 2500 3691 Alii.
2533 3627 2934 3702 deiciuntralii,
2962 3628 3232 3702 dejiciunt.

2220 3701 2347 3758 555.
2379 3701 2660 3756 Bracteolis
2691 3700 2918 3767 scribas,
2948 3700 3333 3770 an‘bratteolis,
3363 3706 3730 3762 controversia

2148 3771 2561 3842 ortliograpbica
2592 3780 2695 3827 est.

2217 3840 2345 3899 557‘.
2371 3843 2588 3911 Vienn.,
2629 3844 2752 3896 dum
2775 3840 2893 3911 ﬁxis
2913 3840 3134 3895 inhiant.

2218 3915 2345 3998 558.
2366 3910 2760 3983 Palat.,qnem,
2778 3911 2983 3967 scilicet
2996 3926 3171 3967 axem.
3194 3910 3321 3982 Alii,
3340 3929 3514 3984 quam,
3536 3930 3729 3987 nempe
3810 3948 3817 3954 -

2145 3999 2361 4041 seriem.

2214 4055 2338 4111 559.
2370 4055 2584 4120 Vienn.,
2611 4054 2798 4118 orbem,
2830 4066 2937 4106 non
2960 4052 3119 4108 bene.
3167 4054 3177 4066 '
3293 4113 3296 4117 ,

2214 4126 2339 4181 511.
2362 4125 2417 4180 In
2441 4128 2759 4197 quibusdam
2786 4124 2955 4193 vulg.,
2982 4125 3183 4192 perdita
3209 4137 3306 4194 pro
3327 4124 3525 4195 perﬁda
3541 4143 3562 4191 ;
3581 4127 3722 4197 quod

2142 4206 2471 4267 postremum
2503 4198 2660 4267 longe
2691 4201 2964 4267 venustius
2989 4203 3094 4267 est.

2210 4265 2336 4320 542.
2374 4264 2837 4339 \’ienn.,'jubentis
2867 4278 2964 4339 pro
3001 4266 3232 4335 ﬂuentis,
3265 4264 3366 4320 hoc
3415 4274 3500 4320 est
3540 4266 3718 4334 ﬂuxae,

2136 4342 2287 4409 quod
2305 4339 2575 4409 proprium
2606 4337 2689 4392 est
2714 4337 2957 4409 luxurias.

2208 4408 2331 4465 545.
2393 4405 2671 4463 Veterrimi
2720 4405 3016 4471 Heinsiani,
3079 4406 3296 4474 Vienn.,
3354 4406 3510 4467 Man.
3566 4407 3711 4477 Rat.,

2138 4477 2357 4544 Weitz.,
2388 4478 2528 4533 Gali.
2556 4489 2611 4534 et
2631 4480 2742 4545 alii,
2782 4493 3082 4548 ganearum.
3116 4479 3284 4533 Aldus
3324 4492 3444 4531 cum
3469 4477 3633 4535 Turn.
3660 4493 3716 4534 et

2133 4548 2406 4620 nonnullis
2451 4549 2589 4617 aliis,
2619 4565 2919 4620 ganearum,
2957 4549 3097 4618 quod
3130 4563 3238 4601 non
3287 4548 3555 4618 improbo,
3590 4565 3710 4605 nam

2131 4637 2349 4689 ganeum
2376 4618 2552 4675 fornix
2576 4616 2680 4676 est.
2709 4616 3097 4685 Giselinusait,
3132 4633 3227 4690 pro
3252 4616 3381 4674 voce
3428 4635 3710 4690 ganearum

2131 4688 2459 4746 substituere
2506 4694 2766 4760 quosdam
2813 4706 3123 4760 ganeonnm.
3178 4688 3482 4761 Quorsum]
3517 4692 3707 4761 inquit.

2131 4762 2285 4818 Anne
2314 4758 2535 4817 eadem
2566 4761 2709 4832 leges
2730 4758 2914 4829 ganeis
2940 4770 2996 4815 et
3035 4760 3396 4830 ganeonibus?
3424 4758 3624 4827 Caneri,
3654 4764 3723 4817 et’

2127 4849 2347 4902 ganeum
2372 4834 2422 4887 in
2453 4832 2637 4900 Graiam
2666 4832 2874 4901 origine
2899 4832 3208 4902 scribuntur
3233 4845 3326 4899 per
3353 4854 3383 4902 ῃ
3412 4846 3508 4902 δεμ
3540 4846 3568 4884 e
3592 4832 3708 4886 Inn-

2126 4899 2270 4972 gum.
2299 4899 2685 4960 Becmanusde
2713 4899 2912 4972 origin.
2939 4903 3066 4970 ling.
3095 4900 3236 4963 Lat.,
3259 4900 3424 4953 verbo
3453 4899 3705 4971 Gsnsuu,

2044 4948 2097 5009 Ῐ)
2124 4948 2835 5042 Biiééivai'ninﬁos"s£p§
2853 4948 2980 5031 η’ἰη
3013 4948 3045 5021 ἓ
3088 4948 3472 5042 commutasse,
3499 4979 3554 5042 e_t
3600 4948 3707 5026 iu-e

2118 5044 2305 5115 breve,
2326 5058 2377 5099 ut
2397 5043 2709 5115 Gynwceum
2729 5038 2866 5112 apud
2881 5042 3189 5097 Terentium
3212 5040 3505 5115 penultitna
3525 5038 3702 5115 brevi,

431 5114 535 5167 lius
565 5114 745 5168 choros
763 5115 909 5185 alter
940 5111 1087 5167 Rott.
1115 5128 1236 5167 cum
1269 5109 1500 5185 Βοιιὸῐι.Δ
1526 5128 1626 5181 pro
1655 5122 1794 5168 toros
1824 5130 1844 5168 :
1888 5129 2010 5171 nam
2117 5109 2402 5185 Cyclopeus
2431 5109 2571 5183 apud
2605 5109 2897 5177 Maronem,
2928 5126 3210 5185 conopeum
3254 5110 3393 5185 apud
3423 5109 3700 5185 Horatium

468 5184 575 5240 uod
602 5185 656 5240 in
686 5183 1004 5255 quibusdam
1034 5198 1164 5255 mss.
1184 5192 1435 5255 exaratur
1459 5182 1656 5250 thoros,
1691 5185 1762 5238 nil
1805 5199 2004 5241 moror.

2114 5180 2216 5239 eda
2247 5180 2481 5255 9'Epod.
2508 5185 2692 5241 Ganeo
2721 5195 2823 5249 est,
2852 5192 2908 5237 ut
2947 5187 3021 5235 ait
3059 5182 3293 5255 Isidorus
3325 5180 3418 5255 lib.
3461 5196 3514 5244 x,
3546 5181 3701 5237 luxu-

478 5256 541 5309 is.
585 5251 953 5312 nou'omnino
1009 5254 1187 5322 rejicit
1231 5254 1411 5320 oblito,
1459 5262 1514 5308 nt
1545 5255 1685 5322 apud
1732 5255 2006 5324 Virgilium
2113 5256 2301 5321 riosus,
2351 5251 2398 5310 et
2436 5266 2683 5322 tanquam
2733 5258 2785 5308 in
2835 5251 3209 5324 occultislocis
3249 5260 3296 5305 et
3330 5253 3697 5324 subterraneis,

426 5324 597 5395 eclog.
639 5326 695 5390 9,
731 5324 885 5380 Nunc
933 5324 1091 5379 oblita
1135 5325 1372 5395 millium!
1409 5325 1656 5395 carmina.
1693 5323 1842 5380 Post
1864 5326 2007 5384 hunc
2111 5344 2225 5389 (utre
2253 5327 2422 5383 (ἔτιεοὶ
2468 5341 2631 5394 ganea
2660 5335 2861 5379 vocant.
2896 5326 3021 5378 l’ost
3061 5323 3200 5376 hunc
3234 5337 3447 5377 versum
3480 5323 3612 5380 Mar.
3641 5339 3696 5380 et

425 5393 637 5465 versum
670 5398 722 5449 in
750 5395 969 5462 Vienn.,
1019 5395 1231 5465 Angel.,
1266 5393 1405 5449 Vatt.
1438 5394 1501 5460 C,
1536 5395 1596 5459 L,
1627 5395 1711 5450 ΒΒ
1756 5397 2004 5465 leguntur
2112 5396 2235 5453 Rat.
2268 5414 2363 5463 pro
2387 5397 2537 5452 titul»
2568 5395 2853 5451 Sobrietas.
3085 5461 3101 5465 _
3154 5463 3163 5465 _
3247 5463 3267 5465 _
3524 5395 3547 5419 ⁸

426 5464 478 5519 bi
507 5465 613 5518 duo
637 5479 863 5522 versus:
893 5464 1124 5520 Luxuria
1150 5466 1248 5519 huc
1286 5466 1444 5519 violas
1470 5482 1624 5519 curru
1647 5464 1823 5519 delata
1844 5482 2002 5521 venu-

420 5546 499 5607 sto
521 5531 624 5607 Per
648 5537 864 5607 populos
877 5539 1023 5607 jacit,
1052 5546 1107 5590 ut
1136 5536 1271 5590 mala
1297 5537 1505 5607 credula
1531 5538 1689 5590 corda
1719 5546 1995 5606 tepescant.

418 5605 688 5676 tiiselinus
723 5605 946 5676 eosdem
1000 5609 1276 5663 invenerat
1320 5606 1373 5661 in
1415 5607 1644 5676 quodam
1702 5605 1831 5671 cod.
1888 5622 1992 5663 ms.

2181 5461 2306 5523 547.
2338 5466 2626 5523 Gretserus
2649 5468 2741 5521 lib.
2773 5481 2830 5532 it,
2863 5479 2983 5532 cap.
3041 5461 3107 5518 18
3135 5463 3203 5518 de
3232 5463 3425 5530 Cruce,
3453 5466 3690 5520 alludere

2108 5538 2454 5594 Prudentium
2484 5539 2560 5593 ait
2578 5536 2646 5590 ad
2676 5551 2881 5591 morem
2911 5534 3231 5604 praeferendi
3261 5534 3551 5606 imaginem
3572 5551 3693 5590 cru-

2103 5612 2182 5665 cis
2222 5611 2274 5662 in
2306 5607 2524 5679 praeliis,
2556 5620 2717 5678 quem
2763 5620 2971 5664 morem
3022 5606 3265 5679 pluribus
3304 5620 3370 5664 eo
3407 5607 3528 5663 loco
3555 5620 3692 5662 con-

419 5674 689 5732 Theodori
719 5674 1087 5742 Pulmanni,et
1106 5677 1274 5731 altero
1304 5674 1602 5732 Davéutriae
1627 5690 1857 5743 excuso,
1895 5680 1993 5733 sed
2104 5682 2303 5737 lirmat.

416 5746 624 5802 ellictos
667 5758 813 5801 reete
843 5745 1186 5802 existimavit.
1220 5746 1489 5804 Gisetinus
1546 5762 1675 5832 vero
1722 5747 1854 5818 legit
1879 5763 1991 5802 cre-
