4154 6188
376 333 444 388 ι.)
1747 331 2288 392 ΡΒΥΟΙΙΟΜΛΟΗΙᾹ.
3565 337 3638 391 50

553 445 926 514 lnstauralque
956 443 1127 498 levem
1151 441 1306 496 dictis
1330 441 1666 494 mordacibus
1693 442 1854 499 alam.

379 536 481 592 55".)
555 536 913 590 Exstimulans
939 534 1169 600 animos,
1200 546 1339 586 nunc
1366 531 1594 600 probris.
1631 547 1770 585 nunc
1797 547 1953 600 prece

1649 620 1841 694 [mixta
1869 640 1880 676 :

554 717 718 787 619
729 715 858 782 Quis
883 713 1029 768 furor
1045 712 1257 768 insanas
1277 714 1442 781 agitat
1463 712 1689 779 caligine
1712 713 1956 767 mentes?

556 808 670 875 Quo
720 805 922 861 ruitis?
969 806 1052 859 cui
1075 803 1208 859 colla
1241 804 1415 859 datis?
1453 820 1570 874 qua:
1597 804 1804 858 vincula
1834 813 1954 858 tan-

1716 894 1908 972 [delun

564 987 702 1044 Proh
718 987 912 1058 pudor,
927 986 1208 1057 armigeris
1241 1001 1390 1040 amor
1417 993 1499 1040 est
1525 985 1757 1055 perferre
1787 987 1957 1040 lacer-

1777 1076 1884 1148 [tis,

565 1169 696 1224 Lilia
728 1168 936 1223 luteolis
964 1166 1331 1222 interlucentia
1358 1167 1534 1232 sertis,

568 1260 633 1314 Et
652 1259 955 1328 lerrugineo
985 1265 1268 1313 vernantes
1298 1257 1432 1312 ﬂore
1451 1259 1714 1312 coronas?

569 1352 659 1406 llis
686 1351 861 1420 placet
887 1359 1128 1404 assuetas
1146 1349 1284 1405 bello
1305 1349 1414 1417 jam
1447 1351 1656 1404 tradere
1688 1353 1887 1417 palmas

562 1440 831 1496 Nesibus?
859 1440 942 1494 his
965 1439 1163 1508 rigidas
1185 1439 1340 1492 nodis
1371 1439 1630 1494 innectier
1659 1439 1856 1494 ulnas?

571 1530 640 1586 Ut
659 1530 815 1584 mitra
845 1530 1118 1584 caesariem
1147 1528 1402 1583 cohibens
1429 1538 1612 1582 aurata
1646 1529 1854 1583 virilem

564 1619 846 1676 Combibat
872 1619 1102 1674 infusum
1131 1633 1323 1675 croceo
1374 1619 1685 1688 religamine
1714 1621 1955 1685 nardum,

392 1259 494 1316 555

1976 445 2029 504 A
2053 445 2156 500 560
2227 447 2352 500 Post
2383 447 2635 514 inscripta
2659 445 2779 502 oleo
2810 445 3000 500 frontis
3031 441 3318 514 signacula,
3345 456 3445 510 per
3473 458 3592 511 qme

2234 537 2766 608 Unguentumregale
2817 537 2996 590 datum
3047 533 3254 599 est,'et
3281 533 3511 587 chrisma
3543 547 3630 600 pe-

3335 623 3522 694 [renne
3546 638 3558 674 :

2237 719 2304 774 Ut
2328 727 2478 774 tener
2507 719 2747 774 incessus
2775 718 2991 787 vestigia
3015 727 3249 788 syrmate
3273 724 3468 782 verrat,

2235 808 2400 880 620
2450 808 2736 878 Sericaque
2786 809 2837 862 in
2889 807 3072 862 fractis
3117 808 3324 862 ﬂuitent
3373 814 3428 860 ut
3477 807 3634 871 pallia

3264 896 3563 968 [membris,

2241 989 2368 1044 Post
2396 991 2751 1044 immortalem
2777 992 3030 1051 tunicam,
3061 1004 3218 1054 quam
3250 990 3443 1057 pollice
3473 989 3636 1042 docto

2062 1077 2165 1132 565
2240 1077 2588 1133 Texuitalma
2621 1079 2800 1142 Fides,
2833 1080 2965 1134 dans
2995 1079 3400 1147 impenetrabile
3425 1090 3634 1148 tegmen

2240 1171 2551 1226 Pectoribus
2573 1173 2711 1238 lotis,
2742 1173 2963 1228 de‘derat
2991 1173 3181 1242 quibus
3207 1172 3316 1240 ipsa
3339 1172 3566 1226 renasci.

2243 1263 2368 1318 Inde
2396 1264 2461 1318 ad
2492 1274 2776 1320 nocturnas
2803 1265 3108 1333 epulas,ul;i
3139 1265 3424 1319 cantharus
3454 1263 3638 1332 ingens

2246 1355 2465 1424 Despuit
2492 1355 2643 1410 eﬂ'usi
2674 1357 2973 1424 spumantia
3004 1356 3197 1410 damna
3225 1354 3462 1418 Falerni,

2242 1443 2298 1498 ln
2325 1459 2562 1500 mensam
2593 1446 2802 1518 cyathis
2827 1446 3173 1514 stillantibus,
3213 1445 3312 1499 uda
3343 1444 3429 1498 ubi
3471 1443 3641 1498 multo

2063 1533 2166 1587 570
2239 1533 2427 1588 Fulcra
2452 1549 2625 1602 mero,
2655 1535 2928 1606 veterique
2972 1544 3263 1592 toreumata
3305 1548 3425 1590 rore
3461 1535 3638 1602 rigan-

3423 1625 3568 1697 [turi

1683 1731 1965 1789 GLOSSKE
2008 1734 2338 1792 VETERES.

463 1819 586 1876 549.
619 1820 905 1884 lnstaurat,
935 1829 1120 1876 armat.
1154 1849 1222 1860 —
1245 1818 1459 1881 Levem,
1481 1821 1716 1888 velocem,
1743 1821 1783 1874 Ι.

463 1893 587 1946 550.
629 1892 1013 1954 Exstimulans,
1046 1890 1278 1944 hortans.
1313 1919 1384 1928 —-
1406 1889 1575 1958 Nunc,
1607 1891 1884 1957 interdum,
1917 1889 1957 1944 l.

463 1963 589 2019 552.
625 1963 814 2027 ltuitis,
839 1961 1064 2026 tenditis,
1085 1959 1124 2014 l.

463 2030 590 2103 555.
622 2032 782 2103 Proh,
810 2032 1090 2103 interjectio
1111 2031 1484 2103 exprobrantis,
1502 2029 1540 2083 Ι.

465 2101 590 2158 554.
631 2101 884 2166 Litteolis,
917 2101 1105 2169 rubris,
1138 2101 1176 2155 Ι.
1866 2143 1888 2163 ,

463 2172 592 2294 35'5.
620 2172 969 2242 Ferrugineo,
1003 2187 1276 2241 purpureo.
1325 2199 1394 2214 -
1425 2170 1746 2235 Vernantes,
1777 2172 1966 2240 ﬂoren-

463 2261 487 2294 l.
547 2281 560 2293 .

395 2253 487 2303 tes,
523 2253 560 2294 Ι.

462 2311 586 2368 556.
614 2311 842 2375 Palmas,
869 2310 1062 2365 scilicet
1084 2322 1294 2376 vestras,
1325 2312 1364 2367 l.

461 2382 590 2436 557.
614 2381 870 2446 Nexibus,
910 2381 1175 2446 doctrinis,
1207 2382 1246 2437 l.

413 2464 416 2465 '
464 2452 589 2507 558.
619 2449 902 2514 Cohibeus,
931 2453 1295 2522 constringens,
1329 2453 1366 2505 l.

1991 1825 2035 1886 Β
2131 1823 2257 1881 559.
2289 1825 2541 1889 Nardum,

2569 1830 2768 1897 ﬂorent,
2798 1828 2836 1882 l.

2141 1896 2265 1966 562.
2291 1896 2743 1966 εγτῐηθιθ,⁷Ιοηςια
2768 1900 2936 1964 vestis,
2962 1899 3003 1953 l.

2143 1963 2266 2019 565.
2299 1963 2572 2036 Membris,
2594 1963 2785 2022 scilicet
2812 1963 2933 2036 tuis,
2965 1971 3005 2024 l.

2142 2036 2267 2105 565.
2300 2035 2558 2105 Tegmen,
2589 2038 2757 2090 albam
2780 2047 2984 2105 vestem,
3017 2038 3057 2094 Ι.

2141 2103 2264 2158 567.
2297 2103 2445 2172 Inde,
2474 2108 2795 2172 descendisti,
2825 2108 2862 2161 Ι.

2142 2175 2265 2246 568.
2293 2175 2531 2246 Despuit,
2562 2177 2762 2244 effudit,
2796 2179 2873 2231 vel
2895 2177 3412 2246 efﬂavit.—-Falerni,
3444 2180 3569 2242 viai,
3601 2179 3638 2234 1.

2139 2242 2262 2299 570.
2297 2242 2507 2319 Pulcra,
2541 2242 2943 2319 tripodesJecti'.
2969 2277 3032 2319 έ
3066 2249 3232 2314 lllero,
3270 2242 3406 2304 vino.
3436 2279 3507 2290 -—
3532 2250 3640 2304 Το-

2068 2322 2328 2381 reumata,
2360 2318 2625 2382 ctelatura,
2655 2319 2731 2371 vel
2753 2318 3048 2382 tornatilia;
3072 2331 3320 2383 toreuma,
3351 2319 3403 2372 id
3429 2326 3522 2384 est,
3545 2335 3641 2372 ca:-

2067 2385 2257 2448 latura,
2293 2385 2592 2458 LATornata
2638 2404 2778 2453 casa,
2835 2387 2965 2442 Mar.
2993 2417 3062 2427 —
3101 2388 3263 2458 Rere,
3297 2390 3559 2454 lectorum,
3591 2389 3643 2442 id

2063 2463 2134 2507 est
2165 2466 2306 2519 potu,
2347 2456 2386 2510 Ι.

1770 2562 2322 2622 COMMENTARIUS.

462 2656 602 2713 550.“
619 2657 877 2726 Prtecipui
903 2655 1173 2710 lleinsiani
1191 2669 1310 2709 cum
1330 2654 1468 2726 Aldo
1493 2662 1545 2708 et
1570 2653 1706 2726 aliis,
1727 2654 1962 2726 instimu-

397 2727 728 2783 lans.Nostri
771 2723 1188 2795 priestantiores,
1232 2726 1384 2790 Man,
1419 2725 1536 2778 llat.
1559 2766 1573 2790 ,
1607 2725 1783 2788 Alex.,
1824 2723 1960 2787 Gis.,

399 2797 652 2851 Weitzius
679 2806 733 2851 et
752 2797 864 2862 alii,
886 2797 1234 2850 exstimulans.

467 2867 591 2922 551.
615 2868 860 2921 Barthius
885 2866 1149 2933 improbat
1171 2867 1380 2918 insanus
1407 2878 1501 2932 pro
1529 2864 1754 2928 insanae,
1780 2875 1966 2932 quam-

399 2938 477 2992 vis
497 2936 626 2992 illud
649 2938 702 2990 in
729 2951 827 2990 suo
851 2950 952 2990 ms.
979 2935 1260 2990 invenerit.
1292 2935 1442 3004 Egm.
1468 2950 1699 3002 quoque,
1731 2936 1963 2988 insanus.

463 3007 590 3061 555.
625 3006 836 3068 Vienn.,
887 3004 951 3059 alt
1000 3006 1197 3073 pudor!
1225 3007 1313 3058 alii
1364 3022 1456 3073 pro
1499 3015 1589 3058 aut
1618 3005 1746 3073 proh
1767 3005 1970 3074 pudor!

399 3077 618 3142 \‘ienn.,
653 3077 880 3146 proferre
921 3075 1144 3129 lacertis.
1175 3075 1502 3136 Paschalius,
1527 3074 1593 3129 de
1620 3076 1844 3146 Coronis
1871 3075 1959 3146 lib.

397 3163 455 3210 Il,
488 3162 608 3215 cap.
643 3145 730 3215 15,
751 3145 882 3215 pag.
915 3147 1037 3210 12-1,
1067 3156 1210 3200 notat
1236 3161 1303 3199 ex
1331 3146 1430 3200 hoc
1461 3146 1578 3199 loco
1607 3145 1796 3200 ﬂorum
1824 3145 1968 3198 mix-

397 3228 573 3272 turam
606 3218 658 3271 in
681 3218 891 3272 coronis
924 3215 1218 3270 imitatione
1242 3225 1462 3269 naturm.
1517 3215 1646 3270 Vide
1675 3215 1966 3270 Tertullia-

398 3304 527 3341 num
556 3287 625 3341 de
647 3285 844 3356 Coron.
871 3286 1043 3350 milit.,
1070 3287 1158 3356 qui
1183 3287 1426 3340 inventos
1461 3286 1536 3339 ait
1563 3286 1719 3342 liores
1749 3300 1856 3340 non
1879 3299 1966 3340 ca-

399 3359 494 3426 piti
527 3352 789 3420 ornando,
816 3356 909 3410 sed
942 3352 1160 3410 naribus
1187 3356 1537 3410 oblectandis.
1569 3388 1596 3415 ;,

471 3429 599 3482 555.
647 3428 728 3483 lso
753 3436 807 3481 et
846 3427 936 3480 alii
968 3436 1176 3496 veteres
1219 3428 1636 3496 interpretantur
1664 3426 1969 3496 ferrugineo,

401 3499 504 3554 hoc
533 3507 614 3551 est
658 3513 935 3570 purpureo.
983 3493 1406 3570 hlarieltus‘cum
1437 3493 1703 3570 exglossa
1736 3493 1967 3550 notasset

402 3566 666 3640 purpureo
691 3583 784 3635 pro
823 3566 1447 3640 ferrugineo,subjuinxit,
1480 3566 1788 3630 videndum,
1833 3582 1971 3620 nun-

402 3637 529 3706 quid
567 3653 800 3706 purpura
832 3653 951 3691 eum
982 3637 1268 3705 ferrugine.
1301 3639 1388 3688 Est
1429 3641 1810 3706 certe‘ferruyo
1853 3653 1974 3702 pur-

399 3703 534 3778 pura
563 3703 764 3777 nigrior
787 3707 925 3774 apud
951 3703 1224 3774 Virgi'iinn
1258 3723 1270 3760 ι
1300 3706 1529 3778 GcorgL:
1559 3703 1687 3778 Cum
1711 3703 1858 3778 caput
1888 3706 1976 3760 ob-

402 3775 551 3833 scura
579 3775 798 3848 nitidum
829 3779 1084 3848 ferrugine
1112 3779 1252 3842 texit,
1285 3788 1339 3848 et
1368 3793 1418 3830 Ix
1446 3775 1659 3848 Alneid.
1689 3793 1702 3830 :
1728 3775 1976 3848 Ferrugi-

403 3797 551 3833 scura
579 3797 798 3831 nmaum
829 3797 966 3848 [erru

403 3866 468 3902 ne
498 3851 669 3902 clarus
708 3847 886 3912 lbera,
933 3797 1002 3902 illi

403 3935 512 3974 non
554 3919 915 3985 Hispanicum.
944 3918 1190 3986 intelligit
1220 3936 1231 3969 :
1274 3917 1364 3971 al:i
1393 3925 1598 3971 contra.

473 3991 600 4044 557.
637 3987 848 4053 Writz.,
883 3988 1105 4054 Erlurt.,
1136 4004 1195 4040 ac
1213 3988 1424 4051 rigidus.

475 4060 602 4115 559.
634 4060 794 4126 Angu,
815 4073 1110 4126 perperam,
1131 4075 1242 4111 cum
1267 4057 1400 4110 bibat
1419 4073 1514 4126 pro
1531 4056 1799 4112 combibat.
1816 4058 1976 4112 [lein-

403 4131 548 4186 siani
575 4137 631 4184 et
682 4131 847 4182 nostri
896 4130 1160 4192 meliores,
1193 4131 1442 4193 infusum.
1477 4127 1618 4181 Vatt.
1652 4128 1733 4181 BB
1761 4139 1813 4182 ct
1839 4131 1973 4182 alius

405 4200 546 4268 apud
568 4200 742 4261 Teol.,
761 4197 1094 4252 Caucliiauus
1110 4199 1298 4263 codex,
1319 4198 1534 4261 Weitz.,
1554 4199 1797 4265 infusam.
1823 4199 1972 4267 Egm.

408 4285 512 4340 pro
554 4270 846 4338 religamine
877 4269 1034 4324 habet
1060 4271 1382 4340 relegamine,
1439 4285 1541 4320 non
1566 4276 1739 4340 recte.
1787 4269 1978 4322 Sacra-

405 4337 661 4394 inentum’
699 4341 1115 4394 οοιιιίτηιηῑιοιιὶε
1165 4337 1504 4400 describitur,
1545 4338 1614 4392 de
1662 4353 1768 4405 quo
1818 4353 1976 4402 supra

405 4409 595 4479 liymn.
618 4410 767 4463 Calh.
794 4411 847 4471 6,
880 4425 1016 4463 vers.
1045 4410 1164 4465 l28.
1197 4409 1329 4462 Vide
1358 4408 1641 4479 Baronium
1667 4417 1796 4462 tom.
1823 4408 1842 4462 l
1872 4411 1976 4461 An-

406 4478 521 4536 nal.
574 4495 692 4550 pag.
728 4479 866 4550 249,
907 4489 960 4533 et
984 4483 1173 4536 .loann.
1228 4478 1570 4550 Laurentium
1606 4478 1850 4550 Bertiu_m
1884 4479 1974 4533 lib.

406 4547 672 4606 xxxu'de
707 4548 914 4603 -Theol.
972 4549 1111 4606 Disc.
1144 4565 1264 4616 eap.
1296 4550 1358 4603 ll)
1387 4549 1451 4601 de
1479 4549 1661 4604 unctioI
1682 4549 1725 4601 is
1764 4547 1975 4611 Forma,

407 4636 444 4690 p
475 4629 611 4674 aster
636 4619 769 4673 alios
797 4621 884 4688 qui
911 4619 990 4674 his
1019 4619 1284 4674 Prudentii
1315 4620 1972 4690 versihusmsacramentnm

407 4687 834 4743 conﬁrmationis
860 4690 1147 4757 explicant.
1180 4690 1347 4744 Simul
1379 4699 1525 4741 notat
1551 4687 1869 4742 Prudentius
1897 4688 1973 4742 ef-

385 4759 699 4814 'l'eniinatos
749 4759 981 4814 virorum
1028 4775 1224 4818 mores.
1259 4761 1346 4827 qui
1373 4759 1654 4811 utebantur
1679 4760 1856 4824 mitra,
1888 4774 1976 4811 or-

410 4842 666 4884 namento
687 4831 1046 4892 meretricum,
1071 4839 1126 4884 et
1150 4830 1371 4883 reticulo
1393 4843 1583 4882 eroceo
1604 4843 1784 4882 comas
1808 4828 1979 4882 invol-

409 4903 630 4954 vebant.
663 4899 935 4954 iuvenalis
979 4909 1078 4954 sat.
1113 4899 1146 4952 5
1176 4917 1188 4953 :
1218 4897 1318 4962 Ite,
1363 4899 1544 4967 quibus
1570 4909 1717 4968 grata
1742 4909 1814 4952 est
1841 4899 1979 4968 picta

413 4971 538 5036 lupa
578 4969 794 5023 barbara
819 4971 990 5022 mitra.
1023 4969 1135 5024 Sat.
1170 4969 1240 5024 6:
1275 4969 1381 5024 Sed
1412 4971 1612 5039 nigrant
1631 4972 1764 5038 ﬂavo
1791 4969 1982 5021 crinem

415 5041 750 5093 abscondente
785 5041 979 5110 galero.
1010 5041 1121 5094 Sat.
1148 5041 1184 5093 2
1213 5058 1226 5092 :
1254 5039 1633 5107 lieticulumque
1653 5039 1805 5092 comis
1829 5054 1984 5091 aura-

420 5119 527 5181 tum
553 5110 836 5181 ingentibus
863 5111 1092 5181 implent.

493 5177 868 5243 δθοῑννεῑιιη
903 5179 1127 5246 Erlurt.,
1160 5188 1444 5248 postquam.
1492 5179 1565 5232 lta
1607 5177 1805 5232 Widnt.
1837 5192 1866 5231 a
1895 5193 1984 5232 se-

415 5251 589 5319 cunda
603 5266 779 5316 manu,
811 5249 902 5304 sed
927 5267 950 5302 a
971 5252 1136 5319 prima
1153 5265 1308 5302 manu
1327 5260 1439 5318 post
1464 5264 1596 5318 quae.
1612 5249 1711 5304 Alii
1734 5264 1823 5318 per
1850 5263 1981 5316 quat.

490 5317 612 5373 562.
647 5320 862 5385 Vienn.,
894 5331 939 5374 et
967 5317 1138 5382 tener;
1178 5317 1366 5372 inelius
1389 5328 1460 5371 ut.
1481 5320 1656 5372 Luxus
1675 5317 1981 5382 denotatur,

411 5389 737 5458 qnodwesds
758 5391 825 5442 ad
858 5398 1047 5444 terreni
1077 5405 1242 5456 usque
1269 5390 1529 5442 efﬂueret.
1559 5389 1848 5457 Cyprianus
1869 5391 1982 5442 sive

412 5457 569 5524 alius,
593 5460 661 5514 de
689 5459 868 5528 Jejun.
899 5460 1099 5516 Christ.
1131 5478 1142 5513 :
1171 5459 1554 5513 Paludameatis
1572 5457 1815 5511 talaribus
1841 5460 1984 5528 pavi-

409 5541 580 5584 tnmta
612 5539 880 5585 terrentes.

485 5599 609 5655 565.
642 5602 907 5655 Giselinus
932 5599 1160 5669 explicat
1191 5599 1243 5652 in
1275 5599 1472 5669 fractis,
1503 5599 1751 5652 mollibus
1772 5607 1823 5652 et
1850 5599 1981 5669 eﬂeg

409 5673 650 5728 minatis.
674 5679 733 5723 ut
751 5669 892 5734 duae,
916 5668 1106 5735 inquit,
1128 5671 1234 5724 sint
1255 5668 1533 5725 dictiones.
1553 5669 1798 5737 Sijubeat
1822 5668 1980 5722 scribi

406 5761 461 5798 ιη
484 5742 691 5809 fractis,
717 5742 1073 5796 necessarium
1103 5740 1317 5810 quidem
1364 5742 1413 5794 id
1461 5755 1565 5794 non
1597 5749 1679 5795 est
1706 5755 1719 5794 :
1755 5753 1873 5794 nam
1903 5740 1982 5791 ia-

1008 3849 1020 3900 i
1054 3848 1269 3902 Servius
1317 3847 1590 3918 Ponticam
1630 3847 1970 3918 lerruginein,
2001 3889 2005 3892 μ

2003 4654 2056 4714 D

2067 2658 2260 2730 fractus
2291 2657 2444 2730 unica
2475 2657 2636 2713 dictio
2681 2669 2833 2730 sonat
2865 2661 3022 2714 etiam
3049 2663 3265 2730 fractus.
3299 2662 3532 2718 Verbum
3565 2671 3641 2718 ta-

2069 2737 2192 2800 men
2224 2723 2434 2800 ﬂuitare
2464 2742 2682 2800 poscere
2713 2729 3001 2800 videturiin
3030 2723 3266 2785 membris
3295 2733 3492 2800 fractis.
3523 2733 3641 2785 Plu-

2069 2794 2189 2848 rimi
2241 2795 2575 2919 1ytit‘igjungunt
2620 2799 2876 2866 infractis.
2917 2799 2993 2854 De
3036 2801 3198 2856 verbo
3250 2794 3496 2870 lr'angere
3523 2803 3643 2859 vide

2069 2878 2211 2918 vers.
2350 2901 2367 2919 .

2068 2878 2211 2918 vers.
2241 2878 2367 2919 515.

2140 2933 2262 2988 561.
2293 2935 2520 2992 Weitzio
2565 2939 2764 3006 placuit
2803 2953 2922 2992 eum
2952 2938 3068 2992 solo
3095 2938 3300 2995 Widm.
3325 2942 3485 2998 edere
3517 2946 3643 2997 toni-

2071 3015 2300 3078 cam,_et
2342 3009 2750 3078 praetermittere
2781 3009 3024 3070 tunicam,
3076 3011 3215 3078 quod
3241 3022 3412 3066 exstat
3440 3013 3491 3066 in
3522 3013 3644 3067 aliis

2071 3075 2322 3147 oninibus
2350 3075 2365 3129 ':
2397 3077 2636 3132 ridicule.
2691 3082 2853 3146 Ang.,
2886 3079 3064 3132 dextro
3095 3075 3210 3147 'pro
3239 3082 3404 3145 docto,
3436 3099 3540 3136 non
3571 3084 3641 3138 ita

2073 3143 2230 3199 bene.
2257 3147 2446 3224 sermo
2475 3155 2556 3224 e-_t
2575 3147 2649 3224 _de
2686 3143 2854 3224 grafia
2880 3143 3230 3224 baptismatis,
3254 3143 3421 3224 tutam,
3443 3153 3643 3222 signiﬁ-

2071 3225 2192 3268 cant
2219 3218 2370 3270 stola:
2399 3218 2636 3272 candida:
2680 3219 2872 3288 quibus
2911 3234 3094 3273 recens
3126 3218 3369 3288 baptizati
3412 3218 3640 3277 induun-

1997 3291 2043 3354 ο
2075 3296 2177 3338 tur.

2149 3355 2592 3430 567._i_leinsiani,
2616 3359 3162 3430 exieeplo_0xon.,ﬂet
3184 3363 3350 3415 nostri
3383 3364 3640 3430 potiores,

2077 3427 2238 3494 Ang.,
2289 3426 2444 3490 Man,
2491 3428 2639 3492 Rat.,
2670 3429 2790 3482 Vat.
2826 3428 2866 3482 H
2895 3445 3014 3483 cum
3047 3429 3260 3495 Weitz.,
3321 3426 3457 3485 inde.
3492 3433 3642 3487 Multi

2076 3496 2163 3549 alii
2193 3497 2332 3549 Vatt.
2356 3497 2416 3564 C,
2443 3497 2506 3565 F,
2541 3497 2605 3562 G,
2635 3498 2694 3562 L,
2724 3501 2786 3563 0,
2813 3499 2895 3550 BB
2924 3514 3042 3552 cum
3061 3503 3256 3565 Oxon.,
3279 3501 3396 3554 Ald.
3420 3513 3472 3556 et
3494 3503 3643 3555 Gise—

2078 3565 2207 3636 lino,
2258 3569 2344 3635 ite,
2399 3568 2536 3636 quod
2584 3569 2749 3622 lenuit
2805 3568 3042 3623 Gilanius
3081 3585 3146 3624 ex
3175 3580 3281 3624 vet.
3315 3572 3408 3624 lib.
3440 3571 3490 3626 in
3521 3571 3636 3626 Ind.

2078 3635 2329 3691 Lucretii.
2393 3635 2445 3692 ln
2497 3638 2681 3694 codice
2725 3638 2946 3701 Barthii,
2993 3640 3270 3694 inde:ubi
3307 3644 3464 3696 etiam
3501 3656 3638 3696 vers.

2074 3721 2214 3772 seq.,
2234 3708 2437 3779 idispuit
2468 3723 2564 3776 pro
2587 3709 2802 3776 despuit.
2832 3707 2961 3762 Inde
2985 3711 3150 3778 magis
3177 3711 3367 3779 placet,
3397 3723 3450 3766 et
3480 3713 3645 3766 inter-

2077 3778 2282 3852 [ogalio
2328 3788 2452 3832 tunc
2506 3780 2851 3852 protrahitur
2874 3780 2937 3833 ad
2980 3778 3188 3852 versum
3220 3781 3343 3846 570,
3376 3783 3644 3852 rigantur?

2077 3845 2364 3919 P_everatus
2420 3855 2567 3914 putat
2636 3847 2778 3902 hunc
2814 3849 3012 3919 locum
3065 3845 3513 3919 desumptum'ex
3571 3868 3642 3907 vlt

2077 3916 2318 3983 ﬁdem;
2347 3916 2567 3986 fortasse
2591 3931 2731 3970 vers.
2766 3917 2868 3972 146
2890 3927 2941 3970 et
2961 3932 3075 3986 seq.

2146 3987 2270 4043 569.
2326 3987 2469 4053 Ald,
2503 3985 2811 4040 Immensam
2857 3985 3050 4056 cyathis
3103 3987 3408 4043 stillantibus
3447 3991 3637 4043 undam

2077 4057 2161 4110 ubi
2213 4059 2370 4111 multo
2399 4056 2593 4110 Fulcra
2637 4074 2795 4122 mero,
2844 4057 2981 4126 quod
3012 4072 3075 4111 ex
3121 4067 3223 4111 vet.
3259 4059 3350 4111 lib.
3384 4060 3640 4127 approbat

2077 4127 2315 4181 Gilanius
2345 4129 2446 4182 loc.
2470 4129 2583 4193 cit.,
2615 4139 2667 4182 et
2696 4143 2799 4181 non
2819 4129 3094 4182 invenuste
3123 4128 3172 4180 id
3204 4127 3400 4182 dictum
3423 4146 3450 4183 a
3481 4128 3640 4184 docto

2079 4208 2234 4262 poeta
2259 4201 2468 4262 asserit,
2497 4199 2633 4251 sicut
2671 4213 2844 4251 rorem
2871 4200 3027 4251 titiam
3060 4208 3212 4252 vocat
3249 4199 3453 4264 vinum,
3490 4210 3544 4254 et
3586 4201 3640 4254 in

2080 4267 2392 4338 llittocbteo,
2421 4267 2566 4322 Unde
2591 4270 2711 4322 meri
2723 4268 2895 4322 veteris
2913 4268 3210 4338 defunditur
3226 4271 3384 4336 unda,
3415 4270 3636 4325 tetracb.

2077 4337 2316 4410 52vers.
2353 4338 2470 4392 l28.
2508 4339 3033 4410 Giselinnsrestitnit
3079 4337 3144 4392 In
3173 4355 3398 4393 mensam
3444 4341 3640 4410 cyathis

2077 4408 2408 4474 stillantibus,
2433 4410 2538 4463 uda
2569 4409 2653 4462 ubi
2683 4408 2842 4462 multo
2886 4407 3078 4462 Fulcra
3107 4425 3241 4463 mero
3263 4449 3276 4474 ,
3310 4419 3364 4464 et
3392 4407 3644 4465 observat

2077 4477 2128 4530 in
2160 4477 2259 4532 hoc
2280 4491 2432 4546 poeta
2472 4493 2534 4533 ex
2568 4481 2847 4532 temeraria
2871 4488 2924 4531 et
2955 4477 3083 4532 falsa
3107 4481 3496 4547 prmpositionis
3521 4495 3639 4534 cum

2078 4561 2177 4599 suo
2208 4563 2332 4601 casu
2362 4549 2692 4602 eonnexione
2737 4549 2884 4615 plura
2917 4547 3078 4602 fuisse
3103 4557 3369 4616 corrupta.
3400 4549 3542 4606 Sane
3591 4550 3642 4603 in

2085 4618 2350 4687 plerisque
2373 4617 2530 4672 codd.
2558 4618 2788 4685 antiquis
2820 4620 2887 4670 ita
2911 4617 3048 4672 inter
3074 4633 3193 4672 sese
3220 4620 3378 4673 verba
3409 4620 3644 4687 quando.

2078 4703 2184 4751 que
2212 4697 2335 4740 sunt
2360 4687 2662 4756 conjuncta,
2691 4698 2746 4740 ut
2771 4687 2972 4754 judicio
2994 4689 3102 4741 acri
3121 4702 3254 4756 opus
3272 4689 3341 4743 sit
3370 4689 3434 4743 ad
3465 4691 3644 4755 singu-

2078 4756 2157 4828 las
2204 4771 2360 4828 voces
2404 4757 2749 4828 separandas.
2795 4757 2909 4812 Non
2955 4765 3128 4812 tamen
3151 4759 3450 4828 negaverim
3500 4760 3642 4817 Aldi.

2081 4827 2277 4881 Gilanii
2305 4836 2361 4882 ct
2388 4827 2612 4881 Fabricii
2641 4827 2924 4880 lectionem
2951 4829 3001 4880 in
3028 4827 3297 4883 veteribus
3323 4829 3646 4884 membranis

2082 4898 2505 4967 reperiri,quam
2537 4897 2788 4950 exhibent
2818 4896 2958 4951 Vatt.
2989 4896 3050 4961 C,
3086 4895 3151 4960 G,
3185 4897 3244 4963 L,
3276 4899 3378 4962 BB,
3408 4898 3507 4950 nisi
3535 4911 3647 4949 ma-

2083 4967 2150 5020 lis
2177 4965 2376 5036 legere,
2404 4965 2469 5020 In
2491 4982 2717 5020 mensam
2738 4967 2932 5036 cyathis
2972 4969 3283 5022 stillantibus
3311 4967 3540 5036 undam,
3558 4967 3647 5036 ubi

2085 5040 2246 5089 multo
2275 5035 2470 5089 Fulcra
2494 5053 2651 5090 mero.
2674 5037 2728 5090 In
2762 5035 2919 5106 Ang.,
2954 5039 3230 5103 mendose,
3259 5038 3416 5091 unda.
3441 5036 3499 5106 lit
3525 5035 3644 5091 Vat.

2089 5105 2132 5161 Η
2165 5107 2317 5174 plane
2341 5116 2668 5176 corruptum,
2715 5107 3024 5161 stillantibus
3053 5109 3226 5161 daubis
3255 5105 3412 5159 multo
3457 5105 3650 5162 Fulcra

2087 5193 2244 5231 mero.
2279 5176 2492 5242 Vienn.,
2544 5177 2740 5247 cyathis
2777 5176 3337 5247 stipulanlibusrquod
3389 5177 3516 5229 nulli
3570 5183 3653 5231 est

2091 5249 2227 5300 usui.
2280 5249 2361 5302 Ad
2412 5248 2550 5302 hunc
2577 5246 2861 5303 Prudentii
2896 5249 2923 5301 l-
2949 5264 3067 5302 cum
3108 5246 3314 5301 videtur
3348 5247 3652 5314 respexisse

2089 5317 2368 5371 Salvianus
2386 5319 2478 5371 lib.
2495 5334 2543 5370 iv
2567 5318 2822 5373 adversus
2851 5319 3164 5374 Avaritiam:
3183 5314 3378 5368 Natant
3402 5316 3653 5370 triclinio-

2087 5403 2200 5440 rum
2251 5390 2532 5458 parimenta
2579 5390 2729 5456 vino;
2778 5387 3004 5442 Falerno
3049 5384 3201 5458 nobili
3246 5385 3410 5458 lutum
3435 5389 3650 5455 faciunt,

2088 5456 2273 5512 mensa:
2302 5475 2491 5525 eorum,
2524 5475 2586 5511 ac
2613 5469 2891 5512 toreumata
2910 5472 3042 5510 mero
3069 5456 3257 5525 iugiter
3280 5456 3508 5521 madent,
3525 5474 3655 5512 sem-

2087 5545 2176 5598 per
2203 5531 2304 5580 nda
2329 5524 2484 5598 sunt.
2504 5529 2583 5582 Ex
2612 5528 2805 5598 quibus
2836 5527 2990 5598 lectio
3019 5524 3122 5576 uda
3143 5527 3512 5598 confirmatur.

2159 5599 2285 5653 570.
2342 5596 2641 5650 Toreumata
2679 5612 2774 5664 pro
2820 5597 3067 5649 toralibus
3115 5596 3420 5665 accipienda
3471 5604 3654 5650 monet

2087 5666 2400 5724 Sirmondus
2429 5670 2492 5718 ad
2515 5667 2811 5730 Sidonium,
2844 5666 2940 5720 hos
2969 5679 3155 5719 versus
3174 5665 3392 5721 laudans
3415 5668 3479 5721 ad
3499 5670 3654 5734 epist.

2085 5739 2118 5792 2
2148 5739 2237 5794 lib.
2269 5752 2343 5790 ix.
2379 5735 2652 5791 Fabricius
2679 5742 2844 5803 tenet,
2876 5737 2974 5792 hoc
3019 5739 3178 5793 etiam
3207 5737 3324 5794 loco
3354 5745 3654 5792 toreumata
