4154 6188
1877 555 1988 630 [ille

660 648 803 705 Fons
849 650 1087 720 patribus
1136 650 1206 706 de
1250 664 1382 719 rupe
1420 647 1598 713 datus,
1651 662 1806 718 quem
1841 648 2058 718 mystica

1824 737 1990 811 [virga

668 834 881 901 Elicuit,
922 833 1073 889 scissi
1100 834 1377 889 salientem
1402 834 1602 888 vertice
1631 831 1781 888 saxi?

667 923 1021 992 Angelicusne
1046 922 1197 976 cibus
1228 923 1400 991 prima
1424 921 1476 975 in
1506 921 1731 975 tentoria
1762 918 1957 973 vestris

667 1013 844 1068 Fluxit
866 1013 978 1066 avis
1008 1030 1023 1066 :
1054 1027 1211 1081 quem
1238 1026 1378 1065 nunc
1402 1025 1525 1065 sero
1550 1010 1757 1064 felicior
1780 1023 1897 1063 aevo

669 1103 1013 1172 Vespertinus
1042 1101 1153 1156 edit
1179 1101 1404 1171 populus
1432 1101 1501 1155 de
1524 1115 1750 1170 corpore
1778 1096 2027 1153 Christi?

669 1195 761 1248 llis
781 1209 874 1247 vos
900 1192 1126 1247 imbutos
1156 1192 1378 1261 dapibus
1400 1192 1508 1261 jam
1540 1192 1769 1260 crapula‘
1792 1192 1960 1259 turpis

667 1284 912 1339 Luxuriae
933 1284 997 1337 ad
1024 1282 1291 1337 madidum
1322 1282 1457 1351 rapit
1476 1282 1777 1351 importuna
1808 1280 2062 1350 lupanar:

665 1376 912 1445 Quosque
944 1375 1087 1430 viros
1117 1392 1220 1429 non
1244 1374 1321 1429 ira
1355 1374 1608 1440 fremens,
1633 1388 1738 1428 non
1762 1373 1900 1428 idola
1928 1373 2067 1429 bello

498 1469 601 1525 380
671 1468 832 1538 6.22
885 1465 1089 1522 Cedere
1150 1467 1540 1537 compulerant,
1610 1465 1851 1520 saltatrix
1921 1463 2066 1519 ebria

1805 1552 1994 1627 [ﬂexit.

671 1647 840 1715 State,
895 1661 1106 1716 precor,
1133 1646 1297 1702 vestri
1321 1660 1608 1714 memores,
1641 1659 1906 1700 memores
1936 1657 2068 1714 quo-

1624 1734 1748 1809 [que
1775 1733 1993 1791 Christi.

434 1024 447 1089 3
492 1015 597 1070 575

674 1825 805 1894 Quae
846 1825 917 1882 sit
942 1835 1128 1882 vestra
1157 1827 1347 1894 tribus,
1377 1842 1495 1898 qua:
1519 1825 1705 1898 gloria,
1748 1826 1866 1895 quis
1913 1826 2073 1892 Deus,
2104 1832 2152 1895 Β

1803 1925 1856 1971 et
1884 1931 2000 1980 rex,

1803 1925 1856 1971 et
1884 1931 2000 1980 rex,

673 2007 808 2076 Quis
852 2008 1121 2079 dominus,
1174 2009 1483 2066 meminisse
1536 2009 1730 2066 decet:
1761 1915 1853 2066 v[os
1884 2007 2073 2066 'nobile

1807 2100 1999 2174 [ιυίιω.

1546 351 1819 410 AURELII
1858 346 2222 406 PRIJDENTII
2258 349 2588 410 CARMINA.
3232 416 3239 422 θ
3662 345 3733 404 53

657 470 814 542 621
846 467 1056 542 Excidit
1082 484 1210 540 ergo
1237 468 1431 525 animis
1458 468 1625 522 eremi
1656 467 1773 522 sitis
1804 481 1819 517 :
1844 465 2049 521 excidit
2079 469 2157 526 Αν

2328 468 2559 525 Gcrmen
2617 467 2684 523 ad
2733 482 2902 538 usque
2932 466 3028 523 Dei
3080 448 3420 537 genitricem,
3450 479 3553 534 qua
3586 464 3729 520 Deus

3497 557 3632 629 [ipse

2162 650 2266 705 385
2339 649 2498 706 Esset
2517 649 2700 717 homo,
2720 663 3005 720 procerum
3029 648 3250 704 venistis
3271 648 3527 718 sanguine
3552 650 3729 717 longo.

2340 741 2551 797 Excitet
2586 742 2826 812 egregias
2852 749 3058 796 mentes
3087 741 3432 796 celeberrima
3464 739 3628 796 David

2340 832 2540 897 Gloria,
2569 832 2834 887 continuis
2858 832 3119 886 bellorum
3142 846 3286 885 exeri
3304 830 3374 884 ita
3400 831 3565 884 curis.

2233 940 2258 966 ο
2340 922 2550 977 Excitet
2570 933 2624 977 et
2649 923 2887 989 Samuel,
2908 923 3132 992 spolium
3163 923 3250 991 qui
3300 920 3464 975 divite
3492 921 3557 976 ab
3586 920 3737 976 lmste

2343 1014 2643 1068 Attreetare
2668 1020 2832 1079 vetat,
2865 1028 2965 1067 nec
2992 1012 3187 1066 vietum
3213 1011 3393 1065 vivere
3415 1014 3594 1079 regem

2342 1104 2777 1159 lncircumcisum
2821 1102 3021 1171 patitur
3048 1119 3061 1155 :
3091 1117 3157 1155 ne
3186 1101 3364 1170 praeda
3396 1110 3667 1168 superstes

2344 1194 2617 1248 Victorem
2649 1193 2915 1263 placidum
2945 1192 3176 1247 recidiva
3200 1191 3252 1246 in
3279 1191 3460 1260 praelia
3495 1198 3699 1260 poscat,

2347 1283 2574 1339 Parcere
2601 1284 2709 1353 jam
2739 1291 2894 1351 capto
2943 1282 3146 1337 crimen
3177 1290 3329 1351 putat
3348 1281 3437 1336 ille
3468 1291 3691 1352 tyranno
3720 1297 3736 1334 :

2348 1375 2414 1427 At
2435 1373 2588 1427 vobis
2600 1382 2785 1428 contra
2806 1372 2964 1437 vinci,
2989 1380 3043 1427 et
3065 1372 3413 1428 succumbere
3437 1381 3614 1427 votum
3635 1380 3737 1426 est.
3784 1396 3789 1399 -

2347 1463 2629 1530 Poeniteat,
2656 1479 2752 1532 per
2772 1464 2920 1532 siqua
2949 1472 3129 1519 movet
3151 1463 3450 1518 reverentia
3474 1462 3669 1516 summi

2348 1554 2609 1624 Numinis,
2658 1555 2761 1612 hoc
2801 1567 2907 1610 tam
2961 1555 3116 1610 dulce
3143 1556 3337 1610 malum
3388 1554 3618 1610 voluisse
3646 1568 3742 1608 ne-

2326 1632 2338 1644 '
3489 1647 3669 1719 [fanda

2345 1736 2652 1793 Proditione
2667 1736 2816 1807 sequi
2842 1754 2855 1789 :
2880 1736 2924 1791 si
2951 1736 3192 1806 pmnitet,
3224 1735 3363 1790 haud
3393 1745 3548 1791 nocet
3565 1751 3740 1791 error.

2354 1828 2607 1884 Paenituit
2629 1828 2891 1883 Jonathau
2914 1828 3113 1898 jejuuia
3145 1828 3322 1883 sobria
3352 1828 3495 1882 dulci

2351 1919 2511 1989 623
2526 1918 2868 1974 Conviolasse
2886 1916 3008 1973 favo
3024 1918 3238 1987 sceptri,
3258 1918 3535 1988 mellisque
3555 1932 3746 1987 sapore

2359 2005 2502 2065 [leui
2536 2009 2673 2064 male
2693 2017 2922 2080 gustato,
2947 2011 3098 2079 regni
3124 2009 3248 2064 dum
3280 2010 3471 2064 blanda
3502 2010 3746 2080 voluptas

2177 2101 2284 2159 400
2356 2100 2604 2157 Oblectat
2633 2099 2918 2171 juvenem,
2947 2100 3228 2186 iurataque
3255 2115 3406 2157 sacra
3437 2100 3673 2157 resolvit.

2167 1103 2270 1160 390

2171 1555 2275 1612 395

1786 2192 2068 2249 GLOSSIE
2104 2192 2439 2249 VETERES.

573 2285 671 2340 371
684 2323 698 2337 .
729 2284 961 2349 Animis,
990 2286 1190 2350 uestris,
1213 2284 1254 2340 1.

572 2353 695 2409 572.
726 2353 989 2420 Patribus,
1020 2356 1219 2415 uestris,
1252 2355 1292 2408 ι.

573 2423 698 2479 575.
726 2423 942 2489 Elicuit,
970 2425 1169 2485 extulit,
1202 2423 1244 2477 Ι.

573 2496 698 2549 577.
724 2492 980 2557 lmbntos,
1026 2494 1230 2558 ductos,
1255 2493 1294 2547 Ι.

505 2558 515 2570 ’
574 2563 697 2618 578.
728 2563 995 2634 Eupanar,
1026 2565 1383 2634 prostibulum,
1415 2564 1455 2619 Ι.

573 2635 696 2688 586.
733 2628 957 2698 Excitet,
982 2628 1136 2693 vobis.
1162 2634 1202 2687 l.

502 2776 544 2828 Α
572 2703 1051 2828 389.lAttrcctare,
1082 2719 1238 2758 manu
1257 2712 1462 2775 tangere
1483 2704 1733 2777 prohibet.
1761 2734 1828 2747 -
1851 2704 2071 2778 Regem,

549 2791 668 2828 aaa.
725 2811 740 2828 .

548 2791 668 2848 gag,
700 2791 740 2828 ι.

2257 2284 2376 2341 590.
2410 2283 2867 2347 lncircumcisum,
2899 2300 3145 2350 crassum,
3176 2283 3214 2338 l.

2254 2356 2380 2411 591.
2408 2355 2695 2419 Victorem,
2729 2353 2964 2421 Saulem,
2999 2356 3037 2409 1.

2253 2426 2378 2481 595.
2401 2425 2615 2489 Votum,
2642 2426 2893 2489 uoluntas,
2923 2426 2959 2479 Ι.

2251 2496 2375 2552 594.
2404 2496 2506 2550 Per
2524 2496 2702 2565 siqua,
2728 2512 2815 2561 per
2840 2496 3331 2565 reuerentiamijuro,
3358 2498 3435 2551 vel
3459 2511 3567 2557 oro,
3599 2495 3638 2550 1.

2249 2566 2377 2623 596.
2400 2564 2735 2636 Rroditioue,
2753 2565 3043 2636 traditione.
3067 2595 3140 2636 -ς-
3158 2564 3407 2636 Paenitet,
3458 2580 3565 2631 vos,
3597 2566 3638 2620 l.

2250 2637 2371 2693 399.
2417 2634 3053 2706 Begni,fPhilistinorum,
3081 2635 3122 2690 Ι.

2250 2708 2380 2764 400.
2419 2705 2679 2771 Resolvit,
2709 2707 2932 2776 rumpit;
2956 2706 3076 2776 quia
3104 2722 3204 2760 non
3231 2719 3301 2761 est
3324 2708 3539 2773 occisus,
3567 2706 3608 2761 1.

1834 2861 2384 2922 COMMENTARIUS.

507 2971 631 3012 esse
656 2970 814 3026 opera
839 2954 1186 3026 tornol'acta,
1211 2957 1504 3026 politaque,
1531 2956 1672 3026 quod
1695 2957 1852 3011 etiam
1884 2957 2081 3011 docent

508 3024 735 3095 glossai;
761 3024 854 3078 sed
877 3025 929 3078 id
959 3025 1130 3078 minus
1171 3026 1365 3094 placet.
1396 3024 1608 3096 ‘Relege
1654 3025 1890 3081 Salviani
1918 3027 2080 3083 verba

508 3108 651 3150 vers.
683 3108 802 3159 sup.

585 3164 709 3238 37].
742 3161 942 3238 l_n_lia_t_.
973 3164 1206 3238 insulsus
1234 3176 1505 3238 corrector
1523 3167 1699 3234 posuit
1731 3166 1933 3220 Excidit
1959 3181 2079 3238 ergo

512 3234 697 3287 animis
721 3232 1006 3305 sitientibus
1025 3233 1112 3287 ille
1137 3236 1190 3287 in
1216 3251 1379 3289 eremo
1408 3232 1546 3289 Fons
1574 3238 1817 3305 patribus,
1844 3252 1910 3291 ne
1936 3232 2083 3290 sciii-

513 3310 601 3356 ret
622 3299 855 3356 secunda
877 3302 929 3356 in
954 3318 1120 3356 eremo
1149 3306 1531 3372 corriperetur.
1561 3299 1844 3361 Historiam
1876 3319 2083 3361 sacram

512 3372 690 3439 legere
714 3373 912 3441 poteris
937 3372 1103 3426 Exodi
1127 3388 1241 3440 cap.
1275 3390 1363 3428 xvi
1392 3384 1448 3431 et
1476 3391 1604 3429 xvrt.

585 3440 881 3504 373.7Ald.,
912 3458 938 3496 e
964 3443 1162 3497 uertice.
1190 3445 1242 3496 lu
1274 3446 1389 3498 aliis
1413 3448 1566 3500 abest
1594 3464 1637 3498 θ.
1670 3442 1725 3498 In
1755 3444 1876 3501 Vat.
1911 3445 1975 3509 Ρ,
2004 3461 2088 3498 sa-

517 3512 688 3582 liente,
720 3521 771 3582 et
803 3512 855 3565 in
880 3513 1145 3566 nonnullis
1175 3515 1319 3582 vulg.
1349 3515 1520 3568 scissis
1542 3515 1790 3570 mendum
1816 3525 1918 3569 est.

588 3581 709 3635 574.
757 3580 1152 3655 lit-quibusdam
1193 3580 1362 3655 vulg”
1391 3586 1725 3655 angelicusne.
1758 3585 1970 3639 Caucliii
2001 3600 2092 3639 co-

519 3651 649 3721 dex,
694 3652 867 3721 patria,
886 3652 940 3703 in
971 3652 1205 3708 tentoria.
1242 3651 1533 3716 Heinsizini,
1567 3656 1720 3719 Mam,
1756 3656 1900 3721 Bat.,
1935 3657 2087 3711 A'ex.

518 3730 579 3794 et
602 3720 828 3794 VuttLC,
850 3720 994 3794 D_._G,
1027 3722 1088 3794 l1,
1115 3722 1178 3786 L,
1201 3723 1264 3786 Ο,
1290 3724 1392 3787 BB,
1417 3722 1636 3790 Weilz.,
1656 3727 1869 3794 aliique,
1889 3720 2089 3780 uestris.

518 3790 666 3853 Ald.,
712 3790 850 3862 Gis.,
884 3789 1002 3862 Vat.
1034 3791 1091 3857 F,
1128 3796 1263 3861 Aug.
1297 3808 1325 3847 a
1361 3796 1527 3862 prima
1569 3789 1985 3862 manufnostris.
2015 3795 2089 3850 lla

514 3862 675 3915 etiam
702 3861 909 3914 videtur
939 3860 1102 3915 fuisse
1123 3865 1174 3916 in
1203 3860 1511 3919 Viennensi.

587 3928 713 3984 375.
746 3930 890 3995 Rat.,
923 3931 1154 3999 feliciter,
1179 3933 1354 3988 minus
1381 3935 1535 3990 bene.

586 4000 712 4072 370'.
756 4001 981 4072 Erl'urt.,
1027 4002 1090 4055 de
1132 4006 1377 4072 sanguine
1424 4005 1629 4060 Christi.
1679 4005 1834 4059 Vides
1886 4004 2086 4059 clarum

519 4070 881 4142 testimonium
930 4070 1377 4142 catliolicae'lidei
1410 4074 1476 4126 de
1525 4074 1806 4142 praesentia
1852 4075 2088 4142 corporis

517 4140 713 4194 Christi
760 4140 1170 4213 irreucharistia,
1203 4157 1322 4195 eum
1351 4140 1704 4213 similitudine
1730 4144 1830 4198 cibi
1865 4140 2088 4213 angelici

520 4224 706 4282 manna
737 4224 768 4260 a
797 4209 893 4261 SS.
925 4208 1169 4282 Patribns
1197 4211 1606 4282 smpeindicata.
1636 4213 1779 4267 Inter
1805 4208 1964 4282 opera
1988 4213 2090 4280 Cy-

522 4279 686 4354 priani
714 4292 964 4331 sermone
993 4278 1239 4354 deﬂe-na
1261 4298 1288 4354 _:
1322 4279 1481 4333 Panis
1507 4278 1920 4354 istenngelorum
1942 4278 2089 4354 omne

521 4347 1410 4421 delectametitunihabensAttii-ture
1460 4347 1818 4416 miri/icui”...
1865 4353 2089 4421 amplius

518 4431 669 4489 quam
691 4431 879 4468 manna
902 4418 1209 4489 illndreremi
1228 4419 1436 4487 implet;
1462 4430 1509 4473 et
1527 4422 1679 4474 satiat
1709 4418 1962 4477 edentiuni
1989 4439 2085 4489 ap-

517 4486 721 4555 petitus,
767 4497 871 4539 etc.
902 4485 1174 4540 Fabricius
1198 4491 1271 4541 ait
1299 4485 1440 4544 'mire
1482 4491 1679 4546 dictum
1711 4509 1740 4546 a
1796 4485 2088 4547 Prudentia

519 4556 860 4633 vespertinum
885 4558 1122 4626 papulum
1152 4573 1247 4626 pro
1273 4575 1337 4614 eo
1360 4562 1464 4633 qui
1491 4570 1573 4615 est
1599 4564 1852 4617 extremis
1882 4573 2088 4632 tempo-

518 4625 672 4696 ribus
684 4625 958 4696 _victurus,
984 4625 1192 4696 sumpta
1233 4631 1497 4685 sermonis
1536 4633 1705 4685 forma
1735 4633 1802 4686 ab
1832 4633 1935 4687 illis
1966 4625 2086 4687 ver-

2183 2951 2672 3021 diligentissimum,
2726 2949 2954 3021 mediam
2991 2949 3156 3021 huius
3208 2949 3377 3005 Graeci
3404 2951 3644 3007 vocabuli
3673 2950 3750 3006 di-

2184 3019 2447 3079 ctio—nibus
2489 3020 2827 3089 transpositis
2874 3019 3186 3089 produxisse
3220 3022 3398 3090 :quod
3450 3031 3625 3090 tamen
3679 3021 3750 3077 ab

2184 3101 2400 3148 auctore
2429 3107 2534 3145 non
2568 3087 3022 3157 profectum'esse
3050 3099 3198 3144 certo
3228 3087 3453 3145 constat.
3478 3087 3607 3145 Illud
3630 3106 3754 3146 vero

2186 3179 2291 3217 non
2316 3162 2487 3231 probo
2535 3163 2589 3216 in
2619 3160 2879 3231 Giseliuo,
2907 3160 3049 3231 quod
3105 3162 3398 3231 litterarum
3446 3161 3755 3217 Graecarum

2186 3229 2542 3303 cngn’itiouem
2585 3231 2638 3284 in
2686 3230 2976 3303 Prudentio
3018 3229 3325 3303 desiderare
3374 3231 3602 3297 videtur,
3635 3247 3756 3288 cum

2189 3299 2341 3358 simul
2370 3303 2617 3363 fateatur,
2647 3317 2767 3355 eum
2793 3301 2871 3354 sui
2893 3299 3073 3354 saeculi
3096 3303 3462 3355 auctoritatem
3491 3311 3755 3367 secutum,

2190 3384 2441 3428 arcemus
2460 3371 2630 3425 Latini
2660 3373 2986 3438 aliarumque
3006 3371 3307 3439 regularum
3331 3373 3536 3426 ratione
3559 3371 3755 3436 habita,

2190 3444 2535 3509 quantitatem
2562 3442 2842 3509 genuinam
2877 3442 3199 3507 neglexisse.
3223 3440 3329 3494 Cur
3351 3443 3492 3496 enim
3526 3458 3630 3495 non
3663 3456 3758 3509 po-

2192 3525 2326 3568 terat
2361 3513 2678 3565 Prudentius
2703 3512 2982 3566 scientiam
3010 3510 3111 3563 sibi
3142 3525 3439 3582 reservare,
3468 3528 3618 3567 nsum
3665 3527 3758 3582 p0<

2191 3587 2315 3653 pulo
2335 3581 2667 3653 concedere?
2841 3648 2855 3653 Δ
2880 3650 2891 3653 _
3144 3651 3151 3653 Α
3472 3636 3475 3637 ν

2260 3654 2384 3709 585.
2416 3652 2535 3705 Ald.
2567 3660 2619 3705 et
2634 3659 2764 3704 vett.
2793 3648 2940 3709 edd..
2963 3657 3112 3702 natus
3134 3651 3280 3703 homo
3307 3666 3401 3716 pro
3426 3662 3555 3706 esset
3581 3649 3755 3705 homo.

2189 3723 2457 3778 Giselinns
2486 3722 2766 3789 quoqueiu
2790 3730 3038 3773 contextu
3069 3731 3218 3773 natus
3257 3719 3428 3790 homo,
3471 3722 3610 3790 quod
3649 3736 3759 3774 tuac

2190 3796 2272 3865 gis
2297 3793 2566 3865 arridebat
2595 3791 2893 3865 Callandio,
2924 3790 3163 3857 quamvis
3191 3789 3421 3844 ediderit
3449 3801 3570 3846 esset
3586 3793 3756 3848 homo.

2259 3865 2380 3918 588.
2412 3862 2585 3916 Adisis
2613 3860 2704 3915 lib.
2741 3862 2756 3912 I
2790 3863 2987 3928 ltegum
3019 3875 3136 3927 cap.
3170 3875 3257 3912 xv.

2260 3935 2382 3988 590.
2419 3932 2631 3994 Vieun.,
2663 3932 2874 3997 pariter,
2900 3946 3002 3982 non
3031 3939 3194 3994 recte,
3220 3944 3314 3995 pro
3339 3931 3547 3998 patitur.
3572 3929 3755 3995 Fahr.,

2190 4020 2289 4056 neu
2315 4003 2525 4073 pra’da;
2557 4002 2747 4054 melius
2781 4016 2843 4053 ne
2870 4000 3068 4068 praeda.
3101 4000 3154 4054 ln
3185 4000 3358 4069 glossa
3383 4016 3581 4055 crassus
3619 4000 3759 4058 idem

2193 4083 2276 4128 est
2305 4088 2366 4142 ac
2394 4087 2619 4142 gressus.

2261 4136 2556 4211 39l7.:Rat.,
2609 4138 2765 4211 Man,
2798 4137 3068 4211 lleiusiani
3099 4136 3351 4211 (excepti),
3372 4140 3533 4211 priori
3589 4138 3760 4211 Rott.)

2192 4212 2332 4272 Gis.,
2352 4210 2571 4275 Weitz.,
2593 4209 2833 4263 recidiva.
2858 4208 2978 4263 Ald.
2993 4208 3117 4263 cum
3136 4211 3251 4264 aliis
3268 4209 3495 4277 vulgatis
3520 4208 3761 4264 rediviva.

2261 4283 2385 4336 505.
2417 4279 2565 4347 Ald.,
2584 4279 2728 4333 nobis
2751 4295 2845 4345 pro
2873 4279 3044 4343 vobis;
3066 4279 3204 4348 quod
3230 4289 3555 4347 postremum
3580 4294 3761 4334 verum

2191 4363 2294 4407 est.
2328 4356 2461 4418 Aug.
2494 4364 2522 4401 a
2555 4352 2722 4413 prima
2753 4363 2912 4404 manu
2941 4358 3115 4402 notum
3150 4359 3246 4417 est,
3287 4358 3434 4405 recte
3462 4359 3763 4405 correctum

2191 4438 2284 4493 Pe?
2308 4432 2477 4493 υρηίᾉη
2504 4428 2598 4493 sst-

2260 4491 2382 4545 594.
2417 4489 2605 4554 Fuld.,
2636 4497 2820 4544 contra
2848 4489 3018 4559 legem
3047 4489 3226 4554 matri,
3268 4505 3358 4558 per
3378 4493 3519 4559 siqua
3545 4498 3759 4545 moveat.

2259 4562 2384 4616 396.
2430 4561 2485 4613 lu
2538 4559 2819 4631 Margarita
2845 4558 3051 4628 poetica
3099 4559 3303 4614 Alberti
3354 4558 3490 4631 Eyb.
3520 4560 3764 4631 canonici

2191 4631 2622 4695 Bambergeusis,
2654 4629 2699 4698 si
2733 4633 2957 4692 paenitet,
2991 4636 3082 4682 aut
3132 4642 3275 4682 nocet
3303 4629 3468 4698 errdr,
3501 4646 3565 4684 ex
3592 4630 3765 4685 veteri

517 4693 619 4777 bis,
646 4693 799 4777 {Iane
828 4693 1407 4777 nobiseum,'quo_niani_
1426 4702 1817 4777 advesperascit.
1842 4702 2084 4777 __1_Vulium
2113 4714 2169 4777 Ῑ)
2193 4693 2543 4777 qugrutudam
2567 4693 2841 4777 scribendi
2874 4701 3078 4753 ratione
3107 4713 3204 4767 pro
3233 4699 3373 4753 haud
3398 4693 3480 4756 vel
3510 4701 3655 4754 haut.

515 4773 607 4840 est
642 4763 860 4840 dubium
916 4766 1041 4840 quin
1086 4769 1310 4834 populus
1348 4763 1682 4825 Christianus
1730 4772 2082 4840 intelligatur;

514 4834 612 4911 sed
642 4835 739 4888 liae
764 4835 864 4911 alia
893 4836 1119 4911 ratione,
1150 4840 1402 4911 quodper
1424 4856 1677 4911 vesperam
1701 4843 1750 4896 in
1780 4834 1947 4897 sacris
1977 4834 2088 4896 Lit;

518 4905 651 4980 teris
674 4919 816 4974 saepe
844 4906 1153 4980 intelligitur
1180 4905 1441 4980 Christus,
1467 4905 1557 4964 aut
1580 4912 1696 4980 ejus
1720 4913 2004 4980 adventus,
2033 4922 2087 4967 et

519 4976 742 5042 septima
795 4986 925 5052 aetas
947 4976 1159 5052 inundi.
1193 4977 1398 5052 Patres,
1440 4981 1529 5048 qui
1558 4976 1651 5052 has
1675 4982 1959 5052 allegorias
1986 4976 2075 5038 ex-

558 5057 745 5109 onunt,
798 5047 920 5122 vide
946 5046 1209 5100 indicatos
1238 5064 1275 5122 a_
1316 5046 1545 5122 Laureto
1575 5051 1625 5122 in
1666 5046 1810 5106 Silva
1843 5054 2083 5122 Allegor.

541 5116 808 5194 feveratus
832 5116 1080 5194 opinatur
1121 5117 1369 5194 populum
1398 5119 1757 5194 Christianum
1786 5139 1813 5173 ει
1848 5116 2087 5176 Pruden-

513 5188 593 5236 tio
632 5188 969 5255 vespertinum
1007 5188 1208 5258 vocari,
1262 5192 1380 5258 quia
1432 5200 1549 5258 pust
1580 5192 1763 5243 horam
1812 5206 2003 5245 nouam
2035 5200 2091 5247 et

521 5256 1091 5328 temporevespertino
1118 5258 1168 5310 in
1185 5256 1517 5328 stationibus
1547 5259 1740 5311 edebat
1767 5260 1835 5313 de
1862 5276 2087 5328 corpore

515 5323 733 5379 Christi.
765 5323 970 5380 Non'ea
999 5341 1149 5381 mens
1178 5327 1448 5381 Prudentii
1478 5343 1596 5382 esse
1625 5330 1751 5382 milii
1785 5323 2011 5393 videtur.

586 5393 712 5447 579.
744 5396 798 5447 1η
823 5398 1086 5451 nonnullis
1109 5396 1280 5465 vulg.,
1313 5398 1454 5459 viris,
1488 5399 1647 5452 male.
1675 5399 1728 5451 ln
1754 5398 1873 5451 Rit;
1904 5416 2084 5455 (οιτο-

513 5468 1081 5537 etor.,cunsuetuditiis
1107 5470 1201 5520 ιι·ιαί
1238 5467 1584 5520 l’rudentiani
1618 5470 1852 5536 ignarus,
1889 5470 2083 5537 priori-

509 5528 612 5583 bus
639 5533 846 5606 erasis,_
875 5537 1087 5606 scripsit
1112 5538 1352 5606 idolaque
1384 5537 1534 5590 bello.
1571 5528 1689 5594 Ald.
1722 5528 1962 5593 ediderat
2003 5556 2081 5594 reo

510 5608 598 5680 etc
645 5616 748 5680 non
791 5602 930 5680 idola
962 5606 1094 5680 bello
1115 5602 1388 5680 ;_eorrettit
1419 5609 1599 5675 inepte
1653 5607 1894 5680 idolaque
1923 5610 2077 5663 bello.

513 5665 779 5749 Giselinus
807 5670 1056 5749 advertit,
1083 5665 1665 5749 Aldum‘Manutiumﬁi
1686 5665 1903 5744 usqu'atn
1927 5681 2074 5745 alibi,

510 5747 657 5794 certe
682 5740 737 5793 in
762 5740 917 5808 hujus
943 5744 1177 5799 auctoris
1213 5747 1449 5804 editione
1493 5740 1790 5817 praesertim
1816 5740 2074 5815 secunda,

2262 4772 2385 4825 597.
2419 4770 2546 4824 Vide
2566 4769 2658 4823 lib.
2691 4771 2705 4820 l
2738 4767 2869 4836 Reg.
2902 4783 3019 4837 cap.
3051 4785 3159 4822 xw.
3187 4780 3202 4797 ο

2260 4840 2384 4895 598.
2417 4838 2689 4894 Heiusiani
2716 4853 2919 4906 omnes,
2940 4840 3076 4901 PaL,
3098 4839 3273 4904 Fnld.,
3289 4838 3760 4907 Widm.,Erfurt.,

2189 4909 2388 4966 Weitz.
2434 4924 2553 4964 eum
2590 4910 2785 4963 nostris
2828 4909 2983 4974 Man,
3009 4908 3155 4973 Rat.,
3188 4910 3401 4976 Vienu.,
3429 4911 3608 4973 Alex.,
3644 4910 3763 4962 Vat.

2192 4982 2257 5049 ll,
2281 4982 2345 5047 Ο,
2365 4984 2595 5050 Βοηοη.,
2620 4980 2737 5049 fauo
2757 4980 2961 5050 sceptri.
2994 4982 3046 5032 In
3069 4979 3200 5034 Mar.
3224 4986 3398 5050 glossa
3421 4981 3475 5033 id
3495 4990 3566 5034 est
3586 4980 3764 5050 virgis;

2191 5046 2253 5105 in
2284 5046 2708 5120 Etlurt.,_glo’ssa
2736 5046 2882 5102 melle
2923 5058 3126 5120 accepto
3172 5046 3261 5120 per
3299 5046 3569 5119 iceptrum.
3614 5049 3763 5112 Ald.,

2192 5122 2382 5185 Torn.,
2411 5117 2555 5183 (iis,
2580 5120 2696 5188 {auo
2727 5127 2943 5188 sumpto.
2981 5117 3289 5175 Gallandius
3315 5117 3391 5175 ait
3405 5163 3418 5180 .
3453 5135 3637 5173 vocem
3670 5136 3765 5187 gu-

2192 5201 2324 5245 stato
2372 5204 2507 5243 vers.
2540 5207 2652 5253 seq.
2700 5188 2926 5242 fortasse
2972 5192 3185 5243 obstare
3227 5193 3348 5244 huic
3391 5190 3605 5244 lectioni
3651 5193 3765 5258 favo

2189 5271 2410 5332 sumpto.
2432 5264 2590 5332 Aug.,
2612 5259 2753 5312 Vatt.
2781 5259 2840 5321 L,
2857 5259 2962 5332 [ξιξ.
2985 5274 3096 5332 non_
3116 5261 3275 5324 male,
3301 5259 3609 5332 conviolasse
3626 5263 3763 5332 favo,

2189 5348 2250 5385 su
2271 5328 2381 5397 u'pti
2407 5329 2667 5396 mellisque
2694 5344 2895 5400 sapore.
2926 5328 3039 5382 Vat.
3071 5329 3134 5394 Ι),
3169 5330 3444 5394 mendose,
3475 5330 3589 5400 favo
3614 5328 3759 5400 Cepit.

2190 5402 2245 5454 In
2278 5396 2396 5453 Vat.
2430 5402 2487 5463 (Ζ,
2520 5400 2713 5452 desunt
2744 5399 2828 5451 hic
2858 5408 2911 5451 et
2942 5401 3227 5468 sequentes
3272 5396 3679 5468 versus'usqne‘
3696 5396 3763 5451 ad

2190 5487 2330 5524 vers.
2362 5470 2490 5531 450,
2521 5469 2720 5521 scilicet
2751 5471 2952 5536 integro
2984 5466 3110 5520 folio
3139 5470 3344 5525 avulsi).

2258 5541 2381 5593 599.
2409 5540 2463 5593 1η
2486 5540 2601 5590 Vat.
2622 5537 2665 5589 D
2686 5551 2835 5590 error
2859 5537 3009 5590 metri
3032 5536 3167 5590 mala
3182 5542 3417 5606 uoluptas
3436 5552 3532 5607 pro
3553 5536 3761 5591 blanda.

2256 5608 2380 5664 400.
2406 5607 2623 5671 Vieun.,
2656 5609 2783 5675 jura
2812 5607 3032 5677 resolvit.
3092 5608 3366 5672 Postrema
3400 5624 3523 5674 pars
3549 5608 3760 5677 glossat,

2185 5680 2306 5747 quia
2336 5695 2435 5730 non
2466 5686 2540 5729 est
2571 5677 2785 5747 occisus,
2816 5676 3025 5730 videtur
3062 5690 3303 5746 spectare
3341 5680 3407 5734 ad
3438 5676 3651 5735 versum
3680 5689 3767 5733 se-

2185 5744 2453 5815 Quentetn,
2486 5761 2575 5801 nec
2601 5761 2712 5800 sors
2743 5744 3208 5815 lacrymabilis‘illa
3235 5757 3327 5802 est.
