4154 6188
334 334 410 393 53
1700 332 2240 392 PSYCHDMACHIA.
3523 323 3593 382 δῦ

517 450 622 509 Sed
636 450 760 522 quia
776 453 1047 521 pmnituit,
1063 430 1171 510 nec.
1182 468 1302 509 sors
1323 455 1682 525 lacrymabilis
1703 456 1791 509 illa
1811 462 1917 521 est,
1946 456 1997 517 Α

520 545 626 601 Nec
651 544 806 613 tingit
832 547 1031 613 patrias
1056 548 1320 602 sententia
1347 563 1488 602 saeva
1515 561 1751 602 secures.

523 637 595 692 En
625 650 724 705 ego
759 636 1069 703 Sobrietas,
1101 640 1145 692 si
1177 639 1485 708 conSpirare
1515 639 1745 708 paratis,

525 725 873 781 Pandoviam
905 728 1111 782 cunctis
1137 730 1441 790 virtutibus,
1474 742 1528 783 ut
1561 727 1870 782 malesuada

526 816 805 882 Luxuries,
841 818 1007 871 multo
1031 820 1223 886 stipata
1255 820 1509 883 satellite,
1543 834 1727 888 poenas

524 907 655 960 Cum
687 907 900 976 legione
928 923 1021 962 sua
1046 906 1262 963 Christo
1286 910 1387 965 sub
1408 912 1591 979 judice
1616 912 1831 981 pendat.

527 996 616 1052 Sic
646 996 824 1060 eifata,
855 1012 1069 1052 crucem
1104 999 1310 1054 Domini
1341 1000 1672 1057 ferventibus
1698 1003 1855 1056 oll'crt

530 1089 695 1143 Obvia
724 1088 1019 1159 quadrigis.
1050 1088 1250 1160 lignum
1277 1092 1579 1147 venerabile
1604 1093 1656 1148 in
1689 1094 1833 1165 ipsos

530 1179 797 1232 intentans
826 1178 1007 1234 frenos
1038 1194 1053 1231 :
1082 1180 1223 1249 quod
1253 1188 1311 1235 ut
1336 1196 1598 1246 expavere
1625 1183 1832 1240 feroces

530 1266 790 1322 Cornibus
810 1271 1086 1336 oppansis,
1112 1279 1166 1324 et
1192 1285 1397 1324 summa
1424 1271 1596 1327 fronte
1617 1288 1920 1343 ceruscum,

534 1358 696 1429 624
722 1358 952 1413 Vertunt
982 1360 1307 1429 prwcipitem
1339 1375 1480 1416 caeca
1510 1361 1795 1419 formidine
1826 1365 1927 1421 fusi

528 1447 631 1502 Per
653 1458 917 1518 praerupta
945 1448 1121 1518 fugam
1150 1465 1165 1502 :
1198 1449 1366 1504 fertur
1392 1453 1635 1521 resupina
1668 1454 1902 1508 reductis

529 1537 893 1608 Nequidquam
914 1539 1044 1593 loris
1064 1541 1265 1609 auriga,
1288 1555 1603 1611 comamque
1625 1544 1927 1600 madentem

529 1628 755 1684 Pulvere
784 1629 949 1684 findat
977 1631 1122 1684 bumi
1157 1648 1169 1681 :
1202 1638 1331 1685 tunc
1363 1637 1420 1685 et
1448 1633 1654 1701 vertigo
1690 1641 1926 1688 rotarum

530 1717 770 1789 implicat
801 1734 1079 1776 excussam
1122 1721 1392 1777 dominam
1432 1739 1445 1774 :
1484 1737 1605 1777 nam
1636 1738 1797 1793 prona
1828 1727 1929 1783 sub

344 819 454 871 405

346 1268 458 1322 410

1678 1813 1853 1884 larem
1957 1817 2001 1877 Β

527 1898 766 1966 Labitur,
794 1907 849 1954 et
876 1899 1055 1956 lacero
1084 1900 1258 1957 tardat
1284 1900 1584 1958 sufﬂamine
1610 1916 1848 1958 currum.

2197 448 2359 506 Addit
2388 447 2659 504 Sobrietas
2687 446 2877 501 vulnus
2902 443 3100 500 lethale
3124 441 3347 513 iacenti,

2202 538 2509 609 Couiiciens
2534 538 2736 592 silicem
2764 536 2910 604 rupis
2936 535 3002 590 de
3034 541 3183 604 parte
3209 533 3485 586 molarem.

2200 632 2354 686 llunc
2381 629 2691 686 vexilliferae
2731 628 2978 697 quoniam
3008 627 3116 680 fors
3143 626 3332 680 obtulit
3373 625 3556 690 ictum,

2205 722 2419 792 Spicula
2454 722 2598 775 nulla
2629 735 2822 781 manu,
2854 718 2946 773 sed
2979 718 3099 772 belli
3129 717 3337 784 insigne
3364 714 3594 784 gerenti,

2200 814 2371 869 Casus
2408 812 2516 881 agit
2543 826 2752 877 saxum,
2784 808 2945 864 medii
2972 810 3238 877 spiramen
3262 817 3323 861 ut
3347 808 3457 862 oris

2202 903 2364 975 625
2392 903 2704 973 Frangeret,
2735 910 2789 956 et
2817 915 3009 956 recavo
3040 901 3289 956 misceret
3320 898 3466 953 labra
3498 911 3593 967 pa-

3371 987 3523 1059 [lato.

2203 1086 2463 1142 Dentibus
2488 1086 2774 1140 introrsum
2810 1081 3061 1137 resolu'is
3081 1119 3096 1147 ,
3128 1081 3303 1150 lingua
3336 1087 3595 1135 resectam

2208 1179 2467 1233 Dilaniata
2505 1177 2681 1246 gulam
2712 1175 2895 1230 frustis
2927 1188 3046 1228 cum
3089 1171 3359 1242 sanguinis
3389 1171 3593 1240 implet.

2208 1269 2439 1327 Insolitis
2464 1268 2688 1336 dapibus
2716 1264 2986 1321 crudescit
3022 1270 3222 1334 guttur,
3255 1271 3308 1318 et
3337 1276 3458 1317 ossa

2204 1357 2583 1428 Colliquefacta
2627 1371 2822 1411 vorans
2865 1356 3112 1421 revomit,
3147 1368 3279 1424 quas
3325 1353 3596 1421 hauserat,

3351 1446 3527 1519 iollas.

2206 1540 2496 1611 Ebibeiam
2514 1539 2785 1619 proprium
2805 1547 2923 1607 post
2939 1538 3127 1607 pocula
3145 1538 3305 1592 multa
3326 1552 3596 1603 cruorem,

2206 1634 2367 1703 Virgo
2387 1633 2462 1687 ait
2487 1631 2808 1701 increpitans
2834 1648 2848 1684 :
2872 1630 2979 1686 sint
3004 1631 3118 1686 hac
3141 1630 3232 1686 tibi
3262 1630 3465 1686 fercula
3493 1639 3600 1685 tan-

3387 1721 3531 1795 [dem

2203 1815 2395 1870 Tristia
2424 1814 2679 1886 praeteriti
2712 1814 2892 1869 nimiis
2922 1828 3018 1883 pro
3046 1813 3292 1869 dulcibus
3317 1815 3437 1869 aevi.

2026 724 2131 778 420

2025 1272 2133 1328 425

2025 1906 2133 1965 450
2205 1908 2455 1967 Lascivas
2481 1908 2604 1963 vita:
2633 1905 2911 1962 illecebras
2939 1914 3181 1977 gustatus
3210 1920 3408 1961 amara:

1622 2036 1906 2096 GLOSSA‘I
1948 2040 2283 2100 VETERES.

423 2151 549 2208 405.
587 2150 932 2217 Conspirare,
960 2152 1272 2217 coadtmare,
1309 2150 1351 2205 1.

422 2221 549 2277 404.
588 2221 765 2284 Viam,
793 2221 1084 2290 prtebendo,
1115 2221 1155 2275 1.

420 2294 546 2348 405.
586 2289 814 2359 Stipata,
845 2292 1178 2358 circumdata,
1209 2289 1254 2345 l.

422 2364 545 2418 406.
586 2361 808 2426 Pendat,
838 2362 1018 2424 solvat,
1054 2363 1095 2417 I.

423 2433 551 2514 407..
590 2430 839 2555 Clrucem,
861 2432 1104 2486 sobrietas
1132 2447 1333 2487 crucem
1353 2428 1560 2486 Domini
1581 2431 1730 2500 offert
1756 2430 1927 2485 currui

423 2518 591 2555 ιιιηιε.
648 2541 661 2553 .

358 2503 591 2567 Ιηειιήιε,
622 2503 661 2555 1.

427 2572 554 2645 409.
592 2572 886 2645 intentans,
915 2572 1219 2645 impingens,
1248 2571 1286 2626 1.

427 2642 554 2696 410.
593 2641 875 2702 Cornlbus,
899 2640 1095 2711 crucis,
1107 2642 1162 2695 id
1181 2650 1254 2697 est
1282 2640 1786 2706 resilit—Fronte,
1807 2655 1928 2695 cott-

358 2723 439 2767 tra
464 2713 646 2780 [aciem
675 2711 823 2778 oﬂ’ert
853 2712 1063 2778 lignum,
1098 2712 1142 2767 1.

425 2782 551 2837 415.
591 2786 786 2846 Axem,
813 2782 1101 2850 antiptosis,
1127 2783 1168 2837 1.

2097 2154 2224 2237 Ml.
2264 2154 2459 2237 A_ddit,
2488 2155 2733 2209 sobrietas
2764 2156 2987 2225 lapidem
3007 2154 3169 2226 jacit,
3203 2163 3251 2208 et
3278 2154 3519 2225 percussit
3545 2172 3601 2210 os

2032 2223 2268 2291 luxurie,
2300 2226 2342 2280 1.
2818 2223 2825 2225 ⁷
3008 2223 3021 2226 ⁷
3278 2223 3285 2225 ⁷
3596 2246 3605 2253 ·

2099 2295 2224 2366 418.
2265 2294 2587 2366 Coniicieus,
2610 2296 2831 2366 jociens,
2859 2295 3105 2366 retinens,
3139 2296 3178 2348 Ι.

2099 2363 2240 2446 ιξο..
2267 2365 2511 2435 insigne,
2549 2363 2806 2420 velrillum.
2835 2395 2903 2408 —-
2932 2364 3185 2434 Gerenti,
3217 2365 3486 2437 magniﬁce
3518 2380 3602 2418 rs-

2032 2436 2189 2503 genti,
2221 2436 2264 2490 1.

2102 2503 2229 2558 421.
2267 2505 2452 2571 Casus,
2476 2514 2693 2568 eventus.
2730 2506 2770 2559 1.

2101 2572 2239 2645 427.
2268 2575 2465 2642 Ebibe,
2512 2576 2756 2629 sobrietas
2816 2576 3047 2645 increpat
3092 2574 3355 2629 luxuriam
3416 2574 3602 2628 exstin-

2036 2644 2481 2779 ωῗὲέλιττῑειίςι,
2508 2714 2709 2767 acerba.
2732 2743 2803 2755 —
2831 2712 3099 2780 Dulcibus,
3129 2713 3352 2777 (axibus,
3383 2712 3423 2766 l.

2104 2780 2231 2838 450.
2270 2782 2428 2851 Vitta,
2457 2792 2575 2849 tuae,
2607 2784 2646 2841 Ι.

1721 2887 2275 2948 COMMENTARIUS.

426 3009 553 3063 401.
598 3008 817 3075 Vienn.,
854 3006 1025 3074 Fu!d.,
1059 3007 1259 3064 Widm.
1310 3021 1493 3076 supra,
1524 3005 1635 3060 ulla
1669 3015 1762 3070 est,
1809 3022 1931 3062 cum

356 3077 564 3136 Barthii
593 3078 798 3133 codice.

423 3149 728 3219 402.7Alt|.,
754 3149 913 3215 Ang.,
941 3147 1128 3213 Fabr.,
1162 3148 1344 3212 tinxit;
1368 3147 1475 3214 alii,
1508 3146 1676 3219 tingit,
1707 3146 1841 3212 sive,
1876 3156 1934 3202 ut

358 3218 603 3275 nonnulli
627 3219 885 3280 scribunt,
913 3219 1112 3280 tinguit.

430 3288 561 3345 408.
593 3289 743 3351 Ald.,
775 3289 936 3355 Ang.,
966 3285 1132 3353 Gall.,
1170 3286 1485 3353 Weitziani,
1528 3294 1754 3352 excepto
1789 3285 1928 3354 PaL,

358 3374 425 3414 ac
449 3361 619 3413 nostri
648 3358 899 3427 praecipui
926 3372 1046 3427 cum
1075 3356 1187 3412 Gis.
1219 3357 1464 3427 aliisque,
1493 3357 1776 3427 quadrigis.
1821 3356 1930 3427 Re-

361 3429 631 3484 centiores
654 3426 800 3482 edd.
830 3443 951 3482 cum
982 3426 1202 3492 Weitz.,
1229 3426 1374 3494 Put.,
1408 3426 1553 3491 Rot.,
1593 3426 1930 3496 quadriiugis,

359 3498 506 3569 quod
552 3499 728 3552 minus
774 3497 947 3566 placet
981 3496 1279 3551 Gallanrlio.
1330 3497 1563 3569 Observa
1587 3496 1928 3569 potentiam,

360 3565 572 3633 erucis,
606 3565 782 3636 quam
811 3581 955 3636 stepc
991 3576 1173 3621 noster
1218 3577 1402 3636 ioeta,
1449 3568 1630 3621 invitis
1670 3565 1936 3621 haereticis

362 3639 620 3693 inculcat.

433 3705 561 3762 410.
594 3705 869 3761 lleinsiani
896 3720 1105 3771 omnes,
1133 3705 1289 3771 Man,
1311 3706 1458 3774 Rat.,
1481 3706 1697 3768 Ἥρωι..
1721 3706 1841 3760 Vat.
1868 3706 1935 3771 Ο,

361 3776 586 3844 Weitz.,
636 3777 1007 3847 oppansisraut
1053 3775 1310 3847 obpansis.
1370 3778 1424 3830 in
1468 3778 1644 3847 Egm.,
1693 3777 1938 3844 obpanuis

360 3846 706 3901 emendatum
740 3862 834 3914 per
852 3846 1106 3914 obpansis.
1140 3846 1331 3911 Vat.L,
1361 3846 1557 3900 Barthii
1589 3848 1932 3910 membranae,

361 3915 637 3973 Giseiinus
674 3913 792 3969 cum
834 3913 1003 3969 tribus
1045 3913 1173 3968 Mss.
1206 3925 1259 3969 et
1283 3918 1514 3970 editione
1552 3914 1933 3978 Dmentriensi,

360 4003 483 4057 qua:
512 3990 635 4054 iure
674 3986 749 4057 illi
792 3985 959 4039 instar
998 3985 1180 4057 optimi
1220 3988 1442 4052 antiqui,
1470 3986 1733 4057 ioppassis.
1774 3983 1940 4057 Aldus

360 4054 483 4111 cum
517 4058 637 4111 aliis
666 4056 833 4124 vulg.,
865 4056 1102 4122 expansis
1148 4063 1239 4107 aut
1281 4054 1711 4124 expr'ssis,'quod
1763 4054 1937 4124 minus

359 4130 646 4196 probatur,
666 4122 958 4193 praesertim
986 4140 1104 4178 cum
1128 4122 1445 4196 Prudentius
1471 4133 1610 4178 amet
1636 4122 1939 4196 huiusmodi

362 4193 628 4251 vocabula
682 4196 1057 4263 prcepositione
1100 4195 1161 4247 ob
1204 4200 1496 4261 composita
1523 4233 1539 4257 ,
1589 4204 1645 4247 ttt
1686 4193 1939 4258 oblidere,

363 4268 732 4328 obbrutescere,
770 4264 1054 4332 obtrudere,
1083 4264 1390 4333 appallesco,
1413 4265 1551 4333 quod
1590 4264 1698 4331 iam
1738 4263 1939 4332 pridem

362 4338 682 4390 observant
709 4335 997 4390 Giseiinus.
1045 4334 1208 4388 Aulus
1237 4333 1439 4389 Gellius
1470 4350 1676 4400 passum
1704 4349 1732 4403 a
1774 4334 1940 4403 pando

364 4422 581 4475 semper
606 4405 708 4459 dici
735 4404 1010 4475 contendit
1032 4405 1124 4460 lib.
1154 4419 1247 4467 xv,
1275 4420 1391 4472 cap.
1421 4406 1487 4459 15
1509 4420 1537 4456 a
1566 4419 1671 4471 quo
1700 4402 1946 4475 dissentit

365 4473 612 4530 Gitanius
655 4476 768 4528 Ind.
816 4474 1001 4539 Lucr.,
1045 4475 1208 4529 verbo
1240 4475 1547 4538 DISPANSUS,
1597 4477 1684 4540 qui
1732 4473 1946 4527 adducit

364 4546 743 4600 auctoritatem
774 4554 1015 4598 veterum
1047 4545 1290 4598 codicum
1341 4547 1395 4598 in
1438 4547 1541 4598 hoc
1563 4543 1785 4612 aliisque
1811 4543 1945 4596 Pru—

364 4617 532 4669 dentii
562 4625 617 4667 et
648 4617 874 4668 aliorum
906 4614 1054 4669 locis.
1082 4614 1402 4669 Prudentius
1430 4631 1533 4669 non
1564 4613 1728 4668 semel
1758 4628 1945 4682 pansus

363 4686 522 4740 dixit.
551 4685 607 4737 In
650 4685 861 4751 Erfurt,
896 4686 968 4738 ita
997 4685 1081 4738 hic
1109 4700 1226 4737 cum
1258 4686 1515 4750 superiori
1546 4698 1699 4735 versu
1732 4682 1942 4750 legitur,

2039 3023 2144 3091 non
2187 3009 2377 3091 debuit
2404 3008 2673 3066 afﬁrmare
2708 3010 2912 3066 nullum
2942 3010 3059 3077 ejus
3081 3017 3298 3068 exstare
3323 3010 3602 3083 vestigium

2037 3094 2091 3133 tn
2119 3092 2233 3133 SUIS
2262 3093 2393 3137 mss.

2105 3150 2235 3204 415.
2260 3150 2380 3203 Ald.
2413 3164 2532 3204 cum
2561 3151 2833 3208 nonnullis
2861 3152 3018 3207 etiam
3052 3151 3305 3216 vetustis,
3336 3153 3428 3206 sub
3453 3169 3567 3208 axe.

2105 3219 2229 3274 416.
2263 3218 2537 3292 Sttﬂlamen
2558 3230 2637 3292 est
2662 3222 2903 3276 machina
2926 3237 3040 3290 quae
3067 3231 3195 3276 rotae
3223 3223 3387 3277 nimio
3408 3223 3605 3292 impetu

2035 3287 2347 3360 decurrenti
2358 3287 2704 3357 supponitur,
2728 3302 2785 3346 ut
2806 3287 3112 3347 retineatur.
3141 3292 3217 3347 De
3238 3307 3461 3359 corpore
3482 3287 3606 3360 ipso

2035 3358 2420 3482 lulxt'i‘rimlrotis
2448 3360 2707 3429 implicito
2734 3376 2838 3416 non
2868 3361 3007 3416 male
3036 3362 3207 3417 locum
3240 3358 3380 3418 hunc
3405 3358 3605 3417 inte—lli-

2035 3443 2085 3482 at
2186 3445 2250 3482 eo
2274 3446 2374 3482 ius.

2073 3430 2111 3481 it
2141 3430 2374 3483 Teolius.

2035 3443 2111 3499 git
2141 3443 2374 3483 't‘eottus.

2106 3498 2233 3569 418.
2265 3499 2479 3563 Vienn.,
2509 3500 2672 3568 prima
2696 3501 2759 3554 de
2775 3510 2936 3569 parte,
2966 3516 3068 3555 non
3094 3502 3251 3556 bene.
3491 3530 3495 3533 λ

2071 3567 2229 3690 l.til9.
2270 3567 2523 3638 Plerique
2562 3570 2669 3638 fors
2707 3567 2980 3636 scribunt,
3028 3571 3117 3626 alii
3147 3587 3274 3627 sors.
3336 3571 3606 3628 Utrumvis

2090 3652 2191 3690 me.

2036 3652 2191 3703 euge.

2084 3752 2089 3758 .
2113 3706 2232 3760 421.
2268 3707 2514 3761 Barthius
2541 3709 2802 3776 afﬁrmat,
2834 3712 2889 3766 in
2916 3712 3027 3766 suis
3055 3710 3380 3765 membranis
3407 3710 3608 3765 diserte

2038 3776 2136 3844 legi
2174 3776 2328 3847 medii
2368 3780 2620 3847 spiramen
2652 3780 2841 3846 odoris,
2883 3783 3022 3846 quod
3064 3780 3270 3847 inquit,
3303 3780 3608 3834 examinare

2039 3848 2219 3910 velim,
2244 3846 2333 3913 qui
2361 3846 2567 3911 pcetam
2595 3857 2833 3902 nostrum
2861 3861 2978 3912 post
3007 3867 3103 3904 nos
3126 3852 3443 3903 tra‘ctubunt.
3470 3849 3606 3914 Quid

2039 3916 2128 3969 alii
2164 3916 2440 3983 peritiores
2480 3915 2765 3979 iudicaturi
2810 3919 2947 3983 sint,
2997 3936 3098 3971 uno
3147 3920 3317 3972 audeo
3360 3917 3605 3973 delinire.

2042 3986 2166 4058 Mihi
2191 3985 2411 4058 quidem,
2433 3985 2561 4058 nihil
2586 3989 2783 4041 certius
2804 3992 3053 4048 occurrit.
3079 3989 3181 4058 nisi
3211 3987 3457 4058 mendum
3488 4000 3608 4042 esse

2042 4056 2296 4126 spiramen
2346 4056 2518 4126 odoris
2566 4071 2661 4125 pro
2705 4060 2961 4125 spiramen
2989 4068 3040 4111 ut
3086 4056 3208 4121 oris,
3243 4056 3413 4126 qualia
3442 4071 3529 4109 mu
3555 4065 3607 4110 ta

2046 4124 2236 4189 passim
2267 4126 2318 4179 in
2340 4124 2611 4180 codicibus
2639 4124 2940 4182 veterrimis
2967 4128 3323 4183 inveniuntur.
3357 4125 3467 4179 Hoc
3492 4126 3608 4193 ipso

2044 4195 2161 4248 loco
2191 4195 2367 4251 clarus
2395 4211 2548 4249 error
2578 4205 2659 4251 est
2688 4196 2739 4249 in
2773 4199 2891 4251 Vat.
2920 4199 2980 4264 D,
2999 4198 3146 4262 6,0,
3174 4198 3230 4249 in
3254 4197 3446 4264 quibus
3470 4196 3607 4249 scri-

2044 4274 2190 4334 ptum
2222 4275 2303 4319 est
2331 4266 2586 4333 spiramen
2616 4267 2718 4320 oris
2742 4268 2857 4322 sine
2885 4276 2961 4323 ut.
3011 4268 3260 4322 Fortasse
3286 4266 3400 4320 lucc
3427 4265 3608 4333 conje-

2044 4344 2191 4389 ctura
2223 4336 2438 4389 Bartltio
2466 4336 2730 4404 placeret,
2766 4339 3041 4400 legendth
3069 4336 3228 4392 Casus
3268 4337 3608 4406 agit'saxum,

2046 4406 2197 4479 medii
2232 4415 2285 4458 ut
2319 4410 2576 4479 spiramen
2618 4406 2788 4479 odoris
2812 4407 3133 4479 Fraugeret;
3179 4415 3238 4459 ut
3282 4421 3447 4479 nasus
3481 4420 3612 4459 saxo

2046 4475 2346 4528 confractus
2367 4474 2715 4546 intelligatur.
2737 4476 2839 4531 Sed
2859 4474 2975 4543 «iure
2995 4485 3307 4546 sequuntur,
3332 4477 3612 4546 lectionem

2047 4558 2382 4598 communem
2416 4547 2583 4612 magis
2610 4545 2837 4611 probant
2876 4564 2889 4599 :
2930 4557 2985 4600 ct
3012 4557 3197 4600 contra
3226 4547 3401 4614 gulam
3432 4545 3486 4599 in
3514 4549 3613 4599 hoc

2048 4616 2337 4668 certamine
2361 4615 2551 4683 agitur.
2583 4630 2684 4666 non
2714 4627 2895 4669 contra
2920 4616 3222 4670 odoratum.

2118 4684 2240 4737 422.
2278 4683 2503 4746 Erfurt.,
2535 4685 2809 4753 frangeret,
2840 4696 2955 4740 atra
2988 4703 3130 4742 ravo.
3161 4686 3397 4741 Alcimus
3430 4684 3615 4739 Avitus

364 4758 502 4833 quod
520 4763 576 4807 ut
594 4771 838 4833 expavere
859 4770 1121 4808 coruscum
1138 4753 1383 4833 Cornibus
1399 4752 1660 4833 oppansis,
1682 4761 1729 4805 et
1749 4768 1945 4806 summa
1975 4772 2025 4833 ι)
2049 4753 2144 4833 111)ἰ
2158 4770 2219 4833 ξι
2241 4753 2438 4833 Βςραυο
2466 4756 2537 4832 sic
2558 4752 2942 4833 linguapalato.

366 4826 534 4893 fronte
562 4824 816 4890 renitens;
838 4840 996 4892 supra
1022 4840 1287 4877 caruscum
1315 4824 1505 4889 legitur
1530 4826 1753 4894 feroces;
1777 4838 1937 4894 supra

367 4891 613 4958 renitens,
664 4891 953 4948 coruscum.
998 4898 1077 4948 Ac
1121 4908 1249 4948 Sane
1286 4891 1758 4949 renitens’ratione
1787 4891 1942 4946 metri

369 4964 723 5034 reiiciendum
753 4974 854 5030 est,
890 4967 931 5016 si
963 4972 1203 5017 sumatur
1235 4978 1330 5027 pro
1353 4980 1641 5017 coruscum.

371 5104 409 5155 ἀ
442 5036 569 5155 4⁸15.
596 5035 742 5099 Ald.,
766 5050 1033 5101 comasque
1055 5034 1316 5088 madentes
1336 5049 1354 5096 ;
1373 5034 1481 5100 alii,
1513 5048 1803 5101 comamque
1831 5048 1943 5085 ma-

413 5120 469 5155 eu
497 5121 588 5155 em.

413 5114 588 5156 autem.

448 5173 570 5226 414.
593 5172 815 5227 Ovidius
844 5189 935 5226 vm
961 5173 1330 5237 .‘lietamorph.,
1361 5172 1576 5228 Pulvere
1601 5174 1834 5227 canitiem
1860 5189 1946 5242 ge-

369 5245 534 5315 nitor,
555 5242 818 5315 vultusque
842 5244 1022 5296 seniles
1042 5242 1222 5315 Fre_dat
1244 5246 1384 5315 humi
1405 5245 1569 5312 fusus.
1593 5244 1709 5310 Quo
1735 5242 1947 5315 videtur

368 5313 692 5368 Prudentius
731 5312 1056 5381 respexistae.
1108 5312 1475 5378 Gra-cismum,
1506 5330 1660 5383 quem
1684 5314 1945 5378 ,lleinsius

364 5391 422 5435 ιιι
453 5388 781 5438 recentiores
802 5386 1192 5451 amplectuntur
1215 5400 1333 5436 cum
1356 5384 1496 5447 Put.,
1526 5396 1750 5452 utroque
1771 5384 1938 5449 Rott.,

364 5460 419 5504 et
447 5467 516 5505 ex
556 5453 755 5507 nostris
799 5453 979 5518 Alex.,
1016 5454 1129 5506 Vat.
1167 5453 1205 5506 ll
1250 5469 1278 5507 a
1317 5457 1479 5521 prima
1524 5470 1706 5518 manu,
1737 5468 1943 5509 necnon

364 5536 493 5593 cum
541 5524 790 5585 Barthio,
839 5538 941 5576 non
988 5535 1278 5591 agnmcunt
1329 5524 1562 5593 plerique
1608 5539 1669 5578 ex
1714 5527 1943 5592 nostris,

365 5592 529 5650 Man.
551 5593 695 5656 Rau,
718 5594 931 5655 Vienn.,
953 5594 1069 5646 Vat.
1092 5593 1150 5656 F,
1172 5593 1236 5653 (ἓ.
1261 5593 1320 5657 L,
1340 5592 1489 5655 Διά..
1508 5593 1942 5655 Gis.,Weitzius.

362 5661 590 5718 Scilicet
620 5663 695 5717 illi
725 5664 911 5731 legunt
940 5665 1140 5731 pulvere
1168 5665 1388 5732 Ῑωάαιην
1428 5680 1523 5731 pro
1554 5666 1757 5729 pulvere
1789 5667 1946 5731 foedat

365 5732 539 5786 humi.
581 5732 717 5788 Eum
744 5733 1091 5789 Grmcistnum
1140 5737 1340 5801 respuit
1387 5735 1545 5788 etiam
1574 5734 1808 5799 Tcolius,
1849 5734 1941 5790 scd

2120 4823 2241 4875 4‘25.
2284 4824 2397 4877 Non
2430 4823 2559 4874 sstis
2596 4822 2908 4892 intelligitur
2948 4840 3045 4879 cur
3072 4825 3190 4893 gula
3215 4835 3437 4881 resecta.
3484 4824 3614 4877 Foro

2049 4902 2188 4964 tassc
2209 4894 2382 4964 legere
2407 4892 2669 4964 przrstabit
2697 4895 2871 4959 lingua
2892 4892 3124 4949 retectam
3146 4896 3393 4948 dilaniata
3417 4894 3612 4964 gulam.

2121 4961 2243 5036 424.
2267 4962 2365 5036 (iis
2392 4963 2436 5036 _l
2469 4961 2622 5036 ﬁdit”
2654 4963 2830 5031 frustis
2858 4974 2904 5036 et
2933 4967 3181 5035 sanguine
3208 4961 3437 5036 complet:

2121 5031 2248 5086 428.
2276 5032 2451 5104 Euld,
2471 5032 2693 5104 Erfurt.,
2715 5035 2897 5104 poeula
2918 5051 3011 5102 pro
3027 5031 3236 5103 fercula.
3265 5031 3616 5104 Praecesserat

2056 5106 2261 5172 pocula.
2302 5102 2378 5172 De
2406 5102 2617 5156 ferculis
2645 5101 2825 5172 liyiun.
2856 5107 2889 5159 5
2916 5101 3178 5171 ϐδιῐιθηιη
3214 5118 3353 5156 vers.
3388 5101 3473 5172 16.

2122 5172 2247 5228 4‘29.
2272 5170 2712 5244 Ald.,nint_iis_sub
2734 5174 2955 5241 lusibus,
2978 5175 3114 5244 quod
3139 5176 3187 5226 in
3207 5171 3403 5244 Widtn.
3425 5170 3617 5244 glossm

2052 5243 2221 5298 vicem
2244 5246 2486 5297 sustinet.
2516 5242 2643 5308 Alii,
2671 5261 2763 5309 pro
2787 5240 3008 5309 luxibus,
3039 5255 3093 5297 ut
3124 5241 3343 5296 Piccarti
3374 5240 3539 5295 codex
3563 5249 3619 5295 et

2055 5312 2293 5367 Vaticani
2338 5316 2514 5380 p'ures
2561 5312 2620 5375 F,
2640 5311 2705 5377 G,
2736 5315 2795 5376 1.,
2824 5316 2905 5369 BB
2934 5331 3051 5369 cum
3076 5314 3234 5379 Ang.,
3267 5318 3319 5363 et
3350 5311 3618 5364 nonnullis

2054 5382 2372 5437 lleinsianis.
2401 5381 2647 5437 Barthius
2676 5400 2793 5436 cum
2828 5402 2923 5436 suo
2946 5400 3045 5436 ms.
3080 5382 3350 5434 veri'atem
3377 5382 3620 5436 lectionis

2055 5455 2132 5506 ait
2156 5468 2274 5507 esse
2299 5453 2469 5505 nimiis
2495 5469 2587 5516 pro
2615 5453 2844 5507 dulcibus
2860 5455 2951 5508 (rvi
2973 5468 2993 5505 :
3015 5452 3095 5505 cui
3122 5449 3464 5504 consentiunt
3487 5467 3622 5517 prm-

2056 5524 2343 5597 stantiores
2387 5523 2577 5597 nostri,
2614 5523 2765 5581 Man,
2812 5526 2991 5597 ᾼΙςκ..
3035 5521 3183 5597 ilatz,
3217 5518 3336 5573 Vat.
3372 5523 3434 5587 li,
3554 5522 3619 5597 _ln

2058 5592 2243 5647 Vienu.
2268 5600 2382 5645 erat
2408 5591 2659 5653 dolcibus,
2692 5593 2830 5658 quod
2865 5590 3112 5655 p'erverse
3141 5590 3334 5644 factum
3368 5601 3447 5646 est
3476 5592 3621 5644 dolo-

2050 5663 2209 5716 ribus.
2235 5662 2375 5722 Put.,
2392 5660 2622 5719 Tltuan.,
2648 5658 2871 5720 Caucln,
2896 5659 3110 5725 Wi-itz.,
3135 5659 3245 5715 Gis.
3272 5663 3323 5714 in
3345 5672 3619 5724 contextu,

2053 5744 2243 5801 pariter
2271 5729 2522 5784 dulcibus.
2553 5728 2830 5782 Praecessit
2859 5731 3041 5797 tristia,
3072 5732 3170 5787 hoc
3195 5740 3276 5788 est
3300 5747 3502 5787 amara.
