4154 6188
504 292 581 354 δε
628 343 637 349 _
1561 285 1832 344 AURELlI
1872 284 2235 343 causam"
2268 286 2595 367 CARNINA.
3681 289 3756 348 56

670 402 875 471 Mortis,
899 409 952 459 et
977 399 1232 458 horrifico
1257 413 1418 471 sapor
1441 397 1660 455 ultimus
1687 404 1901 467 asperet
1925 395 2056 452 han-
2084 401 2135 459 Α

1867 489 1994 563 pm.

671 586 827 642 Caede
851 586 1002 643 ducis
1025 585 1264 655 dispersa
1294 583 1426 653 fugit
1452 582 1755 652 trepidante
1780 597 1986 652 pavore

668 678 921 747 Nugatrix
950 679 1113 731 acies.
1140 675 1320 739 locus,
1350 685 1403 727 et
1429 672 1722 728 Petulantia
1756 673 1914 743 primi

667 769 917 840 Cymbala
945 767 1230 837 projiciunt
1260 783 1273 820 :
1304 765 1499 821 bellum
1531 780 1652 821 nam
1678 764 1872 823 talibus
1900 765 2066 821 armis

671 860 949 916 Ludehaut
972 873 1170 927 δεδοηο
1195 857 1515 912 meditantes
1541 857 1759 911 vulnera
1788 856 1972 910 sistro.

666 952 829 1024 626
853 951 951 1004 Dat
981 958 1184 1019 tergum
1215 947 1463 1019 fugitivus
1483 948 1649 1001 Amor
1675 964 1687 999 :
1718 946 1807 1000 lita
1840 945 1942 1000 tela
1968 960 2060 1001 ve-

1806 1038 1991 1110 [netto,

665 1133 732 1189 Et
771 1133 975 1202 lapsum
1011 1145 1077 1186 ex
1116 1130 1354 1187 humeris
1390 1145 1609 1197 arcum,
1651 1128 2063 1200 pharetramque

495 863 600 919 455

1690 1220 1990 1295 [cadentem
2098 1285 2111 1296 .

667 1314 902 1370 Pallidus
929 1314 1044 1384 ipse
1071 1322 1215 1368 metu
1244 1327 1337 1368 sua
1372 1320 1489 1381 post
1516 1312 1739 1383 vestigia
1769 1309 1983 1380 linquit.

665 1404 862 1473 Pompa
892 1404 1211 1458 ostentatrix
1239 1405 1359 1457 vani
1389 1403 1710 1472 splendoris,
1735 1402 1881 1457 inani

665 1495 887 1550 Exuitur
912 1493 1105 1549 nudata
1135 1494 1314 1563 peplo,
1338 1493 1563 1549 discissa
1593 1493 1877 1548 trahuntur

662 1590 816 1648 Serta
842 1588 1184 1654 Venustatis,
1228 1588 1489 1658 collique,
1519 1601 1583 1643 ac
1617 1588 1831 1642 verticis
1862 1600 2053 1644 aurum

661 1681 916 1747 Solvitur,
950 1689 1004 1734 et
1032 1693 1271 1748 gemmas
1301 1679 1575 1733 Discordia
1604 1677 1822 1732 dissona
1854 1677 2051 1733 turbat.

660 1769 777 1835 Non
801 1770 944 1841 piget
969 1769 1163 1824 attritis
1193 1768 1418 1839 pedibus
1440 1783 1537 1839 per
1561 1778 1717 1824 acuta
1745 1766 1944 1824 fruteta

491 1495 594 1555 440

2305 398 2387 454 Ire
2409 398 2745 470 Voluptatem
2769 413 2785 455 :
2807 396 3058 469 quoniam
3082 398 3164 454 vis
3190 397 3364 468 maior
3385 399 3634 456 acerbam

2167 484 2274 543 445
2309 488 2593 559 Compellit
2622 489 2852 544 tolerare
2878 489 3055 559 fugam
3081 507 3096 544 :
3127 490 3357 545 formido
3389 492 3575 560 pericli

2294 578 2580 632 ’Praadurat
2609 589 2821 634 teneras
2858 578 2962 634 iter
2989 578 3054 633 ad
3083 579 3372 636 cruciabile
3402 581 3633 649 plantas.

2306 672 2465 743 627
2511 673 2624 740 Qua
2675 688 2736 726 86
2782 687 2990 744 cunque
3030 675 3183 745 fugax
3230 677 3453 755 trepidis
3484 677 3585 732 l'ert
3620 693 3743 733 cur-

3249 767 3423 840 [sibus
3450 785 3665 840 agmen,

2309 852 2511 906 Damna
2536 853 2733 923 iacent,
2763 854 2981 909 crinalis
3002 869 3159 922 acus,
3179 858 3514 926 redimicula,
3533 862 3702 926 vittae,

2302 941 3497 1016 Fibula,llammeolum,strophium,diadema,
3516 952 3733 1006 monile.

2164 1033 2269 1093 450
2310 1036 2404 1091 His
2429 1050 2488 1090 se
2516 1034 2790 1091 Sobrietas
2808 1076 2824 1104 ,
2852 1046 2908 1092 et
2933 1045 3072 1092 totus
3098 1037 3414 1096 Sobrietatis

2303 1124 2550 1181 Ahstinet
2571 1125 2782 1182 exuviis
2800 1127 2972 1192 miles,
2995 1128 3349 1196 damnataque
3364 1131 3525 1187 castis

2303 1218 2570 1274 Scandala
2595 1219 2872 1288 proculcat
2891 1222 3140 1291 pedibus,
3172 1237 3272 1277 nec
3291 1223 3465 1278 fronte
3484 1239 3699 1281 severos

2304 1311 2638 1366 Connivente
2664 1311 2848 1367 oculos
2870 1312 3169 1381 prazdarum
3196 1313 3261 1368 ad
3280 1315 3470 1383 gaudia
3507 1316 3693 1375 flectit.

2305 1400 2495 1457 Fertur
2517 1401 2778 1468 Avaritia,
2804 1404 3008 1471 gremio
3029 1407 3312 1473 prmcincta
3334 1407 3538 1476 capaci,

2160 1492 2267 1548 455
2302 1491 2574 1561 Quidquid
2589 1491 2768 1549 Luxus
2789 1493 2926 1548 edax
2961 1493 3251 1563 pretiosum
3280 1495 3528 1563 liquerat,
3558 1511 3693 1551 unca

2300 1583 2638 1652 Corripuisse
2663 1599 2843 1650 manu,
2861 1585 3082 1653 pulchra
3106 1584 3158 1638 in
3192 1584 3418 1649 ludibria
3439 1596 3590 1640 vasto

2302 1676 2409 1732 Ore
2434 1676 2684 1742 inhians;
2709 1678 2933 1747 aurique
2948 1676 3129 1748 legens
3154 1677 3452 1748 fragmenta
3471 1677 3659 1733 caduci

2302 1768 2446 1824 Inter
2493 1783 2779 1824 arenarum
2817 1768 3103 1824 cumulos:
3131 1783 3232 1824 nec
3259 1768 3458 1824 sufficit
3489 1768 3696 1839 amplos

1774 1905 2059 1963 GLOSSE
2097 1905 2436 1963 VETERES.

554 2042 687 2101 45!;
719 2041 996 2107 IIorrifico,
1026 2056 1203 2094 amaro
1229 2049 1372 2109 potu,
1403 2039 1446 2094 I.

554 2114 679 2171 455.
718 2113 971 2183 Nugatrix
994 2157 1009 2181 ,
1054 2113 1273 2167 inutilis.
1305 2140 1375 2150 —
1402 2109 1586 2177 locus,
1625 2114 1779 2182 jocus
1824 2109 2057 2183 cymbala

485 2182 929 2256 proiiciensfugit,
953 2182 992 2237 Ι.

552 2256 680 2310 455.
717 2251 909 2324 Sistro,
938 2252 1076 2317 tuba,
1106 2267 1262 2324 genus
1289 2252 1624 2324 symphonite,
1654 2251 1697 2308 I.

551 2324 678 2380 456.
721 2323 858 2387 Lita',
883 2338 1026 2376 arma
1048 2332 1218 2389 uncta,
1240 2321 1283 2377 l.

551 2394 678 2449 440.
718 2391 902 2462 Peplo,
932 2393 1111 2461 pallio,
1143 2391 1181 2444 1.

549 2464 677 2533 441.
715 2461 905 2528 Seria,
937 2464 1212 2533 ligamenta
1241 2461 1443 2533 capitis,
1474 2461 1516 2517 1.

554 2532 681 2589 447.
712 2526 940 2601 Agmen,
973 2526 1244 2598 Exercitus,
1273 2526 1313 2584 l.

550 2603 680 2660 448.
712 2600 1062 2669 Redimicula,
1099 2610 1427 2669 ornamenta,
1459 2600 1503 2658 Ι.

2084 2043 2134 2105 Β
2230 2042 2358 2096 449.
2392 2040 2596 2105 Fibula,
2620 2040 2866 2111 virginale
2894 2038 3192 2107 pallium,l.

2230 2112 2361 2168 451.
2392 2111 2565 2177 Miles,
2596 2109 2865 2165 exercitus.
2891 2139 2962 2150 —
2985 2111 3261 2175 Damnata,
3287 2110 3534 2179 nefanda,
3563 2109 3607 2164 ι.

2230 2182 2356 2237 452.
2388 2183 2640 2252 Severos,
2669 2196 2863 2252 graues.
2894 2181 2934 2252 l.

2229 2254 2356 2309 454.
2381 2251 2637 2316 Avaritia,
2655 2250 2993 2322 philargyria,
3012 2251 3067 2304 id
3082 2263 3153 2322 est
3169 2251 3385 2306 avaritia
3399 2265 3579 2306 aurum
3597 2250 3731 2307 inter

2163 2338 2347 2377 arenas
2375 2324 2515 2392 legit.
2545 2352 2615 2362 —
2640 2320 2894 2392 Gremio',
2927 2323 3041 2375 sinu
3064 2363 3080 2386 ,
3106 2321 3146 2375 Ι.

2234 2394 2363 2448 455.
2396 2390 2598 2457 Luxus,
2628 2390 2917 2446 delectatio.
2948 2422 3020 2431 —
3049 2392 3213 2461 Unca,
3241 2406 3418 2461 avara,
3448 2390 3487 2445 I.

2231 2463 2358 2518 456.
2385 2462 2439 2517 In
2468 2462 2719 2529 ludibria,
2747 2462 2801 2515 in
2826 2462 2988 2515 risum
3014 2464 3155 2517 nobis
3184 2459 3487 2518 Christianis
3509 2461 3607 2529 sit,
3651 2459 3729 2516 uel

2158 2535 2416 2603 pecunias,
2450 2532 2490 2588 Ι.

1816 2691 2371 2751 COMMENTARIUS.

548 2827 672 2885 45L
707 2826 885 2887 Fuld.,
922 2825 1123 2880 Widm.
1168 2840 1355 2894 supra,
1386 2824 1580 2894 Oxon.,
1607 2824 1875 2894 horriﬁcos
1902 2840 2054 2894 sapor

480 2899 690 2952 ultimus
724 2905 921 2985 asperet
946 2895 1177 2985 haustaus;
1195 2892 1734 2985 Plaga-uelxhqizr’iﬁco‘
1745 2892 2058 2985 supinum-

484 2984 596 3023 mus
618 2961 816 3037 asperet
838 2966 1045 3017 haustu.
1074 2963 1177 3019 Sed
1209 2963 1260 3016 in
1289 2961 1404 3018 V‘at.
1428 2963 1493 3026 ll,
1522 2964 1666 3026 Ald.,
1696 2961 1831 3027 Gis.,
1853 2962 2051 3018 Weitz.

480 3048 531 3090 et
563 3037 679 3091 aliis
708 3041 928 3105 asperat.
979 3032 1259 3089 Sententia
1288 3040 1413 3086 nota
1439 3044 1543 3097 e5t,
1575 3047 1786 3087 amaros
1814 3047 1936 3088 esse
1960 3050 2053 3089 vo-

480 3106 695 3176 luptatis
713 3106 921 3176 exitus.

549 3170 676 3230 455.
706 3174 760 3228 In
788 3177 951 3241 Ang.,
973 3170 1133 3234 locus.
1156 3171 1362 3239 corrige
1378 3173 1548 3242 jocus.
1577 3172 1654 3226 De
1681 3171 1832 3242 nugis
1856 3179 1911 3226 et
1934 3172 2049 3232 acie

481 3245 752 3309 nugatrice
776 3243 976 3313 dictum
1007 3244 1187 3313 hymn.
1218 3242 1435 3313 etiam.
1468 3257 1611 3297 vers.
1640 3242 1728 3297 39..

548 3315 675 3370 454.
707 3312 885 3384 Aliqui
923 3311 1130 3367 veteres
1168 3311 1404 3369 scribunt
1434 3312 1708 3381 proiciunt,
1743 3322 1798 3367 ut
1828 3312 2040 3380 Vienn.,

478 3382 607 3438 Mar.
637 3393 692 3440 et
719 3382 829 3439 alii.

714 3429 940 3523 Erit-nrt”
987 3452 1162 3520 Fuld.,
1198 3451 1395 3523 prtzlia.
1434 3451 1501 3506 Et
1529 3450 1800 3523 Iuvenalis
1836 3451 2043 3521 quidem
2071 3429 2118 3492 Ο

477 3522 610 3579 dixit
650 3525 886 3581 meditari
929 3522 1129 3593 prtelia,
1166 3522 1341 3593 satyra
1368 3522 1451 3593 A7,
1488 3537 1629 3593 vers.
1677 3522 1820 3593 128:
1870 3523 2051 3577 Statua

480 3595 754 3666 meditatur
783 3591 964 3666 praelia
1013 3596 1174 3666 lusca.
1211 3591 1316 3666 Sed
1363 3591 1415 3645 in
1440 3592 1742 3666 Prudentio_
1765 3593 1871 3662 jam
1914 3608 2052 3666 prae:

478 3665 643 3719 cessit
671 3661 878 3721 bellum.
925 3668 1000 3721 De
1028 3665 1189 3717 sistro
1214 3663 1334 3717 vide
1362 3673 1650 3717 comment.
1680 3661 1744 3715 ad
1767 3661 2049 3717 ’vers.5'27

478 3744 533 3803 et
559 3732 681 3797 528,
726 3737 816 3788 lib.
852 3752 885 3790 ιι
916 3744 1098 3792 contra
1123 3734 1522 3801 Symmachum.
1555 3731 1808 3803 Virgilius
1836 3734 1926 3787 lib.
1956 3749 2049 3788 vm

473 3800 542 3883 de
570 3803 849 3874 Cleopatra
886 3825 902 3862 :
938 3807 1133 3878 Regina
1164 3800 1217 3856 in
1259 3803 1435 3857 mediis
1467 3804 1634 3873 patrio
1656 3800 1813 3857 Evocat
1841 3805 2048 3875 agmina

473 3883 642 3928 sistro.

541 3943 668 3998 437.
700 3943 888 4001 Weitz.
927 3961 1045 4001 cum
1088 3948 1203 4001 solo
1229 3943 1455 4007 Widm.,
1494 3952 1541 3997 et
1581 3943 1782 4009 lapsum
1823 3942 2048 3997 humeris

473 4028 671 4069 arcum.
705 4014 811 4070 Sed
842 4033 938 4072 cur
969 4017 1053 4072 hic
1082 4020 1255 4069 hiatus
1293 4012 1652 4067 admittendus
1679 4014 1799 4081 erit,
1833 4011 2043 4066 dissen-

475 4082 726 4139 tientibus
752 4088 962 4141 cmteris
993 4084 1309 4140 codicibus?

540 4152 665 4222 458.
697 4155 923 4220 Erfurt.,
956 4157 1124 4222 liquit,
1156 4168 1262 4206 non
1293 4151 1365 4205 ita
1391 4151 1549 4222 bene.

462 4244 491 4287 χ
539 4221 665 4273 459.
690 4217 934 4277 Rabanus
961 4217 1172 4279 Maurus
1201 4222 1267 4273 de
1288 4220 1456 4274 sacris
1481 4217 1767 4272 Ordinibus
1793 4232 1909 4287 cap.
1938 4218 2037 4272 ηε

472 4286 1087 4360 Pompantambitionem
1108 4331 1122 4355 ,
1170 4291 1270 4343 sive
1297 4288 1634 4360 jactantiam,
1666 4297 1712 4339 et
1740 4288 1819 4341 his
1854 4286 2043 4344 similia

473 4357 691 4431 intelligi
716 4359 894 4414 debere
921 4362 1243 4431 praphetirus
1266 4357 1429 4431 sermo
1461 4359 1790 4431 demonstrat,
1806 4374 1931 4431 cum
1957 4359 2041 4412 di-

470 4428 537 4498 cit
560 4442 579 4480 :
606 4427 697 4481 Va:
716 4432 801 4498 qui
822 4427 1049 4498 opulenti
1067 4433 1188 4486 estis
1210 4432 1260 4484 in
1285 4429 1431 4495 Sion,
1455 4436 1501 4481 et
1524 4428 1778 4493 conﬁditis
1799 4428 1850 4480 in
1872 4440 2041 4498 monte

473 4494 736 4571 Samaria!
762 4513 780 4550 :
806 4494 1098 4571 optimates
1137 4502 1304 4571 capita
1347 4494 1651 4571 populorum
1704 4497 2039 4571 ingredientes

469 4569 752 4634 pompatice
777 4565 984 4623 domum
1016 4565 1207 4625 Israel;
1245 4565 1354 4625 Sed
1375 4565 1602 4622 Clemens
1633 4577 1678 4621 et
1701 4565 2035 4634 Prudentius,

468 4630 824 4707 disertissimus
854 4649 999 4706 atque
1024 4641 1487 4695 Christianissimus
1528 4638 1789 4707 poeta,in
1829 4630 1925 4690 hac
1960 4630 2034 4693 si;

466 4704 790 4779 g_niﬁcatione
832 4703 1067 4779 pompam
1112 4711 1277 4775 posuit
1320 4710 1376 4761 in
1422 4703 1548 4761 libro
1576 4703 2035 4778 Psyrhomachita:

2159 2825 2274 2880 Ind.
2307 2825 2461 2881 Lucr.
2494 2827 2659 2882 verbo
2682 2824 2774 2879 Vis
2803 2839 2997 2891 uacua,
3029 2822 3119 2892 qui
3145 2820 3290 2876 addit
3320 2838 3335 2875 :
3366 2821 3498 2874 Eum
3528 2828 3726 2892 pactam

2158 2895 2525 2956 Christianum,
2556 2898 2677 2965 quia
2707 2912 2861 2959 nunc,
2894 2902 2959 2965 ut
2979 2891 3180 2965 opinor,
3218 2896 3323 2965 [ere
3361 2900 3521 2944 totum
3554 2891 3726 2965 uindi-

2156 2967 2379 3018 cavfmus
2403 2983 2433 3018 a
2453 2962 2649 3019 mendis
2675 2963 3142 3025 innumerabilibus,
3167 2962 3416 3015 addamus
3440 2970 3487 3015 et
3510 2962 3722 3030 aliquot,

2154 3044 2211 3104 ut
2236 3035 2309 3087 ita
2334 3036 2520 3099 dicam,
2548 3037 2814 3089 manticas.
2844 3034 3093 3104 lntelligit
3114 3032 3350 3104 Gifanius
3375 3031 3565 3104 menda
3610 3047 3727 3104 quin

2152 3103 2205 3157 in
2234 3105 2328 3158 cit.
2356 3104 2471 3159 lnd.
2494 3106 2779 3161 emendare
2800 3101 3144 3171 sluduitCQui
3192 3111 3437 3157 asserunt
3457 3101 3723 3155 Gilanium

2151 3173 2308 3227 aliam
2338 3190 2552 3241 operam
2581 3175 2894 3230 illustrando
2922 3172 3212 3229 Prudentia
3241 3171 3586 3241 impendisse,
3619 3172 3726 3224 for-

2147 3248 2292 3297 tasse
2328 3260 2394 3299 ex
2441 3245 2539 3299 hoc
2574 3244 2694 3300 loco
2737 3245 2948 3314 decepti
2979 3253 3120 3314 sunt.
3168 3243 3305 3314 Quid
3335 3243 3404 3295 sit
3440 3243 3723 3314 uis_major,

2147 3315 2411 3387 explicant
2430 3315 2720 3387 iurisperiti
2742 3314 2808 3387 ad
2834 3311 2937 3387 leg.
2963 3313 3048 3387 Ea:
3066 3313 3345 3387 conducto;
3376 3315 3480 3387 leg.
3506 3311 3566 3387 S_i
3587 3328 3721 3387 mer-

2146 3397 2249 3449 ces,
2284 3384 2310 3454 §
2349 3384 2437 3439 Vis
2462 3386 2647 3456 major,
2678 3384 2734 3439 lI‘.
2767 3382 2971 3448 Locdt.;
3001 3384 3107 3454 leg.
3134 3385 3425 3456 ﬂuminum,
3458 3382 3723 3456 §__S_eruius

2147 3469 2346 3522 quoque
2364 3459 2427 3509 de
2448 3453 2625 3510 damn.
2651 3457 2823 3526 infect.
2854 3453 3176 3526 Intelligunt,
3200 3468 3319 3509 esse
3340 3453 3718 3526 vimdivinam,

2151 3539 2268 3592 qum
2298 3528 2491 3582 accidit
2519 3542 2681 3592 supra
2707 3522 2922 3579 omnem
2956 3522 3226 3578 hominum
3258 3522 3575 3577 custodiam.

2220 3593 2344 3650 446.
2373 3599 2531 3667 Ang..
2557 3597 2706 3660 Διά..
2731 3594 2973 3667 Gifanius
3001 3592 3543 3667 lnd._I.ucr.,_\_Vidm.
3575 3607 3603 3645 a
3634 3607 3720 3667 se-

2150 3667 2320 3746 cunda
2348 3661 2967 3746 man'u,_perdurat,f.ali_i,
2993 3665 3278 3746 prtedurat.
3297 3661 3535 3746 Gifanius
3556 3665 3719 3746 verbo

2148 3731 2261 3788 Pen
2290 3731 2581 3800 contendit,
2617 3738 2715 3790 hoc
2745 3735 2968 3790 articulo
2992 3731 3173 3803 juncta
3206 3733 3372 3788 fuisse
3399 3733 3536 3800 apud
3568 3742 3716 3786 vete-

2148 3817 2236 3857 res
2259 3806 2501 3873 ~plurima
2548 3822 2666 3870 qua:
2712 3806 2868 3861 hodie
2916 3802 3005 3860 vel
3043 3805 3095 3859 in
3124 3819 3263 3874 prie,
3293 3802 3568 3874 vel'aliter
3592 3810 3717 3858 sunt

2147 3886 2488 3944 commutata.
2534 3875 2638 3932 Sed
2688 3878 2826 3931 idem
2875 3884 3056 3944 posset
3099 3873 3199 3929 dici
3232 3875 3298 3944 de
3337 3873 3558 3928 articulo
3587 3888 3712 3944 prae.

2148 3941 2282 4016 _Vide
2311 3946 2494 4016 hymn.
2528 3947 2586 4001 S.
2605 3941 3037 4001 Vincentii'vers.
3067 3944 3188 4010 178,
3216 3943 3302 3997 ubi
3333 3943 3569 3998 occurrit
3588 3941 3713 3997 'vcr-

2145 4010 2270 4084 hum
2300 4010 2554 4084 predum.
3478 4056 3481 4059 -

2215 4083 2341 4138 447.
2372 4086 2526 4150 Man,
2559 4084 2810 4152 gressibus
2842 4098 2938 4152 pro
2966 4084 3213 4137 cursibus.

2214 4153 2341 4209 448.
2373 4155 2589 4219 Vienn.,
2632 4169 2736 4209 non
2765 4151 2914 4216 bene,
2962 4153 3211 4206 criniulis.
3249 4151 3445 4204 Damna
3475 4151 3710 4219 intelligo

2143 4223 2327 4293 spolia.
2360 4224 2661 4294 Pignorius,
2694 4223 2761 4278 de
2783 4223 2984 4294 Servis
3035 4239 3152 4292 pag.
3184 4221 3309 4291 l95,
3343 4223 3450 4290 agit
3499 4222 3706 4294 de_acu

2142 4290 2244 4363 qua
2277 4290 2667 4350 sustinebantur
2692 4302 2745 4348 et
2767 4290 3061 4361 figebantur
3082 4290 3429 4363 capilli,qu
3468 4290 3537 4346 ab
3565 4291 3708 4363 Apu-

2142 4360 2249 4419 leio
2277 4365 2469 4421 dicitur
2493 4366 2651 4421 etiam
2678 4360 3036 4417 acus’crt'ualts
3068 4360 3159 4417 lib.
3192 4379 3279 4418 vttt
3311 4362 3524 4416 Metam.
3556 4360 3709 4416 Cala-

2142 4436 2386 4558 mistltium
2415 4443 2534 4492 erat
2577 4449 2704 4491 acus
2749 4434 2919 4503 major
2940 4447 3060 4503 qua:
3085 4433 3338 4489 calefacta
3369 4432 3706 4501 intorquebat

2142 4519 2255 4558 cant
2302 4520 2383 4558 os.

2141 4519 2383 4571 capulos.

2211 4574 2333 4630 452.
2370 4573 2545 4642 Fuld.,
2595 4591 2696 4629 non
2743 4576 2940 4645 fronte;
2980 4572 3202 4641 Weitz.,
3255 4589 3318 4628 ne
3337 4573 3547 4644 fronte:
3574 4587 3704 4626 ncu-

2140 4651 2278 4698 trum
2312 4646 2501 4713 placet.
2680 4690 2683 4691 ν

2212 4711 2627 4769 4531-Weivtzius
2652 4755 2668 4779 ,
2697 4717 2900 4784 ﬂectat,
2945 4713 3065 4782 quia
3103 4728 3260 4782 supra
3299 4713 3593 4784 neiposuit.
3646 4711 3702 4766 In

467 4773 1018 4853 fompacsten'tatrix,
1048 4773 1152 4835 etc.
1186 4778 1512 4853 'l‘heodulfus
1542 4773 1828 4853 episcopus
1854 4779 2033 4834 Aure-
2058 4790 2114 4850 ι)
2138 4784 2268 4840 Mar.
2291 4800 2355 4840 ex
2382 4786 2642 4838 conibente
2657 4773 3003 4839 emendatum
3034 4773 3311 4837 conivente.
3367 4773 3499 4836 lluic
3528 4784 3702 4837 versui

464 4843 719 4919 [inpensis
748 4848 816 4901 de
848 4848 972 4901 0rd.
1005 4850 1149 4918 bapt.
1180 4864 1298 4919 cap.
1336 4847 1403 4901 12
1429 4847 1544 4902 hinc
1576 4849 1688 4919 ipsa
1717 4843 1881 4902 verba
1908 4859 2033 4905 ante
2058 4843 2102 4850 —
2137 4855 2376 4910 succedit
2408 4857 2456 4908 in
2490 4854 2620 4910 Mar.
2663 4863 2717 4909 et
2753 4854 2880 4909 Rat;
2925 4855 3108 4909 titulus
3153 4853 3421 4916 Avaritia,-
3464 4854 3514 4906 in
3567 4853 3701 4906 Aldo

462 4912 737 4970 Rabannm
771 4912 1166 4986 perscripserat.

531 4986 656 5039 442.
705 4986 882 5050 Fuld.,
922 4984 1193 5042 concordia
1239 4987 1464 5040 dissona.
1512 4984 1814 5056 Ileinsiani,
1863 4989 2029 5044 nostri

461 5058 735 5123 praecipui,
763 5058 934 5123 Alex.,
963 5058 1136 5127 Vien.,
1161 5057 1315 5122 Man,
1341 5057 1457 5110 Vat.
1486 5056 1549 5120 D,
1576 5058 1781 5122 turbat;
1806 5060 1898 5113 alii
1921 5069 2031 5113 tur-

460 5136 546 5189 pat
576 5140 694 5179 ('lIlIl
724 5129 878 5184 Aldo.

528 5193 651 5266 445.
682 5197 924 5253 Barthius
949 5196 1001 5251 in
1025 5212 1125 5252 suo
1147 5211 1248 5250 ms.
1272 5195 1415 5265 legit.
1430 5194 1604 5266 partitis
1627 5196 1859 5266 pedibus.
1885 5198 2024 5265 quod

458 5265 705 5330 explicat,
727 5274 1016 5322 contractis
1054 5267 1124 5320 ob
1157 5264 1370 5321 sensum
1409 5264 1636 5329 doloris,
1661 5275 1715 5319 et
1746 5264 2027 5322 confirmat

455 5332 613 5407 simili
652 5336 878 5405 lectione
917 5339 967 5390 in
1011 5336 1212 5404 praefat.
1242 5335 1547 5407 Psychom.,
1587 5336 1736 5389 artita
1765 5338 1898 5391 colla
1927 5354 2022 5407 pro

454 5402 647 5473 attrita,
677 5402 832 5473 quam
863 5420 928 5460 eo
959 5402 1075 5460 loco
1104 5402 1458 5472 explosiinus.

521 5470 646 5544 444.
674 5470 948 5529 Lucretius
970 5476 1062 5529 lib.
1087 5492 1137 5530 vi
1157 5470 1223 5530 de
1245 5476 1326 5527 his
1346 5475 1434 5544 qui
1465 5486 1788 5529 exercen'ur
1813 5475 1865 5528 in
1897 5491 2016 5530 me-

454 5540 593 5615 tallis
613 5544 880 5615 eruendis,
894 5556 947 5598 et
971 5546 1035 5599 ad
1058 5546 1109 5601 id
1132 5550 1262 5615 opus
1282 5540 1620 5608 damnantur,
1641 5546 1781 5607 Quos
1796 5561 1945 5615 apere
1964 5548 2018 5599 in

451 5612 540 5685 tali
567 5610 761 5665 cohibet
789 5615 862 5667 vis
888 5631 1090 5685 magna.
1121 5610 1317 5672 Eodem
1348 5616 1459 5672 fere
1487 5615 1646 5670 modo
1669 5610 2014 5685 Prudentium

448 5680 682 5739 locutum
720 5680 1068 5753 qubuiam'vis
1107 5690 1292 5759 major,
1324 5698 1453 5758 etc.,
1497 5688 1746 5744 observat
1775 5684 2014 5742 Gilattius

2136 4924 2377 4979 Avaritia:
2403 4936 2450 4995 et
2480 4922 2757 4995 Largitatis
2788 4940 2993 4995 pugna;
3020 4926 3069 4979 in
3094 4924 3211 4978 aliis
3236 4924 3461 4976 Avaritia
3492 4933 3539 4975 et
3568 4920 3703 4990 0pc-

2134 4998 2285 5049 ratio.
2313 4996 2368 5052 In
2402 4994 2599 5051 Vienn.
2625 4995 2723 5048 hoc
2746 4994 2871 5048 loco
2891 4995 3068 5049 nullus
3090 4995 3294 5049 titulus.

2169 5064 2330 5186 ιι454.
2364 5067 2511 5131 Rat.,
2540 5066 2797 5121 avarities.
2831 5065 2996 5120 Recte
3027 5068 3147 5131 alii,
3176 5063 3412 5127 avaritia,
3445 5059 3700 5130 producta

2213 5151 2337 5186 ima.

2128 5135 2337 5190 ultima.

2200 5205 2322 5262 456.
2352 5205 2508 5272 Marx,
2542 5205 2685 5269 Rat.,
2716 5206 2895 5272 Alcm,
2929 5204 3072 5260 Vati.
3098 5202 3161 5269 G,
3197 5203 3265 5268 Il,
3292 5202 3355 5264 Ο,
3388 5201 3614 5272 pulchra
3630 5200 3701 5272 in

2129 5273 2370 5330 ludibria.
2406 5268 2516 5331 Hoc
2545 5268 2773 5329 νοιυὶεειε
2802 5268 2960 5330 credo
2988 5274 3109 5330 Vat.
3140 5273 3201 5339 C,
3231 5284 3286 5327 et
3312 5268 3550 5327 codicem
3583 5268 3700 5322 Pica-

2125 5347 2257 5398 carti
2285 5347 2501 5413 pulchra
2554 5345 2819 5399 illudihria
2843 5385 2858 5407 ,
2895 5346 2961 5399 de
2990 5360 3092 5411 qua
3134 5358 3265 5398 voce
3292 5343 3523 5413 amplius
3549 5354 3697 5413 quae-

2124 5408 2348 5468 rcndum
2379 5415 2632 5470 censebat
2658 5413 2938 5469 Weitzius.
2972 5408 3085 5467 Duo
3114 5415 3254 5467 Vatt.
3286 5412 3350 5476 L,
3374 5408 3428 5465 et
3450 5408 3697 5479 Bprul-

2124 5481 2245 5535 chra
2267 5497 2312 5538 et
2335 5487 2577 5539 ludibria.
2608 5485 2776 5538 Aldus
2798 5500 2916 5537 cum
2945 5485 3087 5547 aliis,
3114 5482 3330 5552 pulchra
3353 5483 3419 5536 ad
3449 5480 3693 5537 ludibria.

2192 5556 2320 5609 457.
2380 5557 2627 5609 lleinsius
2674 5556 2923 5624 opinatur
2951 5557 3162 5623 aurique
3216 5553 3384 5624 lvgens
3434 5560 3694 5618 ramenta,

2122 5634 2178 5681 et
2204 5627 2287 5695 agi
2314 5624 2380 5681 de
2409 5640 2538 5680 auro
2568 5623 2804 5680 nondum
2830 5635 3071 5681 excocto.
3104 5624 3219 5681 Non
3247 5623 3437 5694 probo.
