4154 6188
344 341 413 396 57
1705 321 2250 384 PSYCHOMACHIA.
3045 309 3052 317 ’
3541 335 3611 392 ss

523 445 835 517 lmplevisse
857 445 1008 499 sinus
1027 459 1041 496 :
1059 441 1210 510 juvat
1239 440 1490 496 intarcire
1520 443 1789 498 crumenis

347 543 454 599 460
526 541 705 608 Turpe
747 539 998 600 lucrum,
1027 543 1082 591 et
1108 535 1360 605 gravidos
1410 533 1564 589 furtis
1613 533 1924 589 distendere

1623 624 1806 695 [llscos
1834 639 1851 678 :

521 723 681 792 628
702 720 850 785 Quos
873 718 1005 771 lmva
1030 715 1239 771 celante
1253 716 1403 786 tegit,
1423 716 1710 783 laterisque
1723 714 1928 770 sinistri

531 812 673 866 Vetat
703 808 1010 878 eprimento
1034 825 1046 858 :
1071 805 1227 860 velox
1251 820 1370 861 nam
1396 805 1581 860 dextra
1610 805 1824 873 rapinas

529 903 767 966 Abradit,
793 900 1089 970 spoliisque
1119 913 1321 968 ungues
1347 907 1564 953 exercet
1597 913 1780 953 aenos.

535 995 690 1056 Cura,
705 991 920 1057 Fames,
935 990 1130 1054 Metus,
1147 990 1423 1057 Anxietas,
1438 989 1701 1058 Periuria,
1722 989 1926 1056 Pallor,

349 1090 461 1144 465
537 1084 878 1155 Corruptela,
950 1083 1152 1150 Dolus,
1219 1081 1565 1148 Commenta,
1623 1082 1924 1149 Insomnia,

1597 1171 1816 1242 [Sordes
1839 1211 1856 1236 ,

533 1263 852 1320 Eumenides
875 1262 1037 1316 varia:
1061 1302 1076 1326 ,
1108 1261 1333 1316 monstri
1369 1261 1655 1316 comitatus
1682 1271 1926 1330 aguntur.

537 1358 643 1412 Nec
674 1356 852 1416 minus
881 1354 1084 1410 interea
1110 1353 1416 1408 rabidorum
1447 1367 1597 1409 more
1627 1353 1869 1422 luporum

527 1436 1096 1512 Criminapersultant
1125 1452 1236 1498 toto
1255 1445 1550 1513 grassantia
1578 1459 1796 1514 campo,

529 1538 712 1592 Matris
740 1536 992 1591 Avaritia:
1022 1535 1175 1603 nigro
1199 1534 1267 1589 de
1298 1535 1434 1589 lacte
1461 1545 1658 1590 creata.

351 1631 457 1686 470
530 1629 584 1686 Si
609 1629 790 1684 fratris
813 1631 1014 1697 galeam
1044 1627 1200 1682 fulvis
1223 1627 1436 1682 radiare
1467 1628 1712 1682 ceraunis

534 1718 833 1774 Germanus
862 1717 992 1771 vidit
1015 1718 1327 1782 commilito,
1360 1731 1463 1770 non
1497 1717 1644 1772 timet
1669 1732 1852 1773 ensem

534 1809 796 1872 Exerere,
828 1817 986 1874 atque
1007 1813 1166 1875 caput
1193 1805 1339 1858 socio
1369 1821 1622 1861 mucrone
1642 1805 1822 1872 ferire,

538 1899 614 1953 De
641 1897 1042 1966 consanguineo
1062 1907 1314 1964 rapturus
1340 1897 1539 1952 vertice
1565 1912 1822 1967 gemmas.

530 1989 699 2044 Filius
725 1987 1054 2042 exstinctum
1085 1986 1208 2042 belli
1239 1987 1339 2041 sub
1365 1997 1509 2042 sorte
1539 1989 1767 2044 cadaver

351 2083 459 2140 475
532 2080 753 2152 Aspexit
775 2081 820 2135 si
852 2079 990 2135 forte
1021 2078 1212 2149 patris,
1242 2078 1498 2150 fulgentia
1530 2080 1690 2136 bullis

1951 445 2006 504 Α

2205 443 2370 517 629
2423 443 2689 515 Cingula,
2748 453 2804 502 et
2854 447 3072 504 exuvias
3119 448 3313 519 gaudet
3365 450 3606 519 rapuisse

3225 538 3426 609 [cruen'
3438 554 3497 596 as
3520 559 3534 595 :

2213 625 2505 697 Cognatam
2537 626 2707 682 civilis
2736 629 2842 697 agit
2872 627 3144 683 Discordia
3174 630 3431 698 prwdam,
3511 693 3518 697 _

2211 715 2320 770 Nec
2345 717 2512 783 parcit
2540 717 2768 787 propriis
2795 719 2960 772 Amor
2997 719 3277 775 insatiatus
3310 720 3538 774 habendi

2211 809 2553 879 Pignoribus,
2579 810 3015 878 spoliatquesuos
3039 811 3226 866 Fames
3246 814 3403 879 impia
3432 824 3605 868 natos.

2035 901 2142 956 480
2213 899 2359 953 Talia
2389 914 2485 969 per
2513 900 2735 968 populos
2765 899 2956 954 edebat
2983 902 3172 954 funera
3205 902 3392 958 victrix

2204 990 2359 1045 Orbis
2384 990 2635 1057 Avaritia,
2655 1001 2900 1046 sternens
2919 1001 3141 1045 centena
3160 992 3395 1047 virorum

2207 1079 2369 1135 Millia
2397 1079 2710 1134 vulneribus
2737 1079 2933 1134 variis:
2961 1082 3102 1135 hunc
3120 1081 3319 1136 lumine
3335 1083 3606 1153 adempto,

2211 1170 2539 1240 EtTossisque
2564 1169 2733 1225 oculis
2758 1171 2906 1225 velut
2932 1172 2984 1225 in
3016 1171 3238 1242 caligine
3271 1175 3441 1228 noctis

2210 1259 2424 1316 Caecum
2457 1274 2639 1315 errare
2665 1260 2812 1328 sinit,
2844 1275 3047 1331 perque
3091 1262 3412 1318 ollensacula
3442 1266 3608 1319 multa

2031 1351 2138 1407 485
2214 1345 2317 1417 lre,
2349 1365 2447 1405 nec
2487 1351 2788 1420 oppositum
2845 1352 3034 1406 baculo
3079 1362 3283 1408 tentare
3331 1355 3603 1422 periclum.

2212 1443 2380 1497 Porro
2400 1442 2566 1496 alium
2598 1444 2740 1512 capit
2782 1443 2994 1510 intuitu,
3043 1445 3282 1515 fallitque
3307 1447 3606 1514 videntem,

2208 1533 2418 1600 Insigne
2445 1542 2726 1588 ostentans
2754 1534 2951 1604 aliquid
2980 1552 2992 1588 :
3024 1535 3164 1605 quod
3191 1536 3314 1590 dum
3339 1539 3470 1605 petit
3498 1538 3605 1604 ille,

2211 1626 2488 1695 Excipitur
2516 1626 2620 1681 telo
2644 1625 2912 1692 incautus,
2945 1627 3231 1698 cordisque
3255 1629 3354 1682 sub
3388 1631 3503 1696 ipso

2212 1717 2437 1773 Saucius
2465 1717 2674 1773 occulto
2715 1716 2912 1772 ferrum
2940 1718 3170 1788 suspirat
3198 1717 3442 1773 adactum
3464 1760 3479 1782 ,

1964 1805 2012 1866 B
2038 1811 2144 1867 490
2217 1809 2408 1866 Multos
2438 1808 2778 1877 prmcipitans
2803 1809 2855 1862 in
2887 1818 3068 1878 aperta
3100 1808 3343 1864 incendia
3366 1810 3505 1880 cogit
3531 1850 3546 1875 ,

2213 1899 2376 1970 63o
2395 1898 2504 1952 Nec
2528 1899 2727 1967 patitur
2755 1899 2925 1954 vitare
2965 1899 3144 1965 focos,
3188 1899 3379 1970 quibus
3421 1907 3608 1955 :estuat

2557 2052 2564 2058 λ
3301 1991 3536 2062 [aurum,

2210 2081 2360 2149 Quod
2391 2081 2520 2152 petit
2541 2094 2760 2136 arsurus
2787 2081 2986 2149 pariter
3007 2080 3311 2150 speculator
3337 2082 3552 2137 avarus.

1654 2192 1941 2250 GLOSS/E
1981 2193 2314 2251 VETERES.
2402 2264 2408 2270 _

421 2307 548 2364 459.
579 2307 754 2374 Juvat,
783 2308 1016 2360 delectat.
1046 2334 1116 2345 —
1144 2303 1445 2377 Crumenis,
1467 2307 1739 2377 marsupiis
1757 2321 1776 2360 :
1804 2323 1921 2361 cru-

351 2381 522 2434 menia
543 2387 661 2432 sunt
688 2377 891 2447 praprie
927 2377 1213 2447 fragmenta
1232 2376 1366 2443 auri,
1397 2375 1436 2430 1.

425 2450 552 2503 460.
585 2445 791 2516 FiSCOs,
822 2445 1089 2516 sacculos,
1120 2445 1160 2499 Ι.

422 2518 551 2572 461.
583 2520 762 2580 Laeva,
789 2519 1018 2575 sinistra,
1053 2515 1091 2567 l.

420 2587 550 2644 464.
574 2587 738 2659 Cura,
766 2586 1039 2640 multitudo
1065 2586 1300 2640 vitiorum
1323 2627 1337 2653 ,
1366 2600 1479 2655 qua:
1511 2586 1732 2640 avaritia
1778 2587 1924 2659 nigro

355 2666 494 2713 creat
523 2659 668 2715 lacte.
697 2655 737 2709 l.

419 2727 543 2782 468.
575 2727 834 2790 Crimina,
861 2733 1090 2794 peccata.
1126 2754 1196 2765 —
1223 2725 1550 2790 Grassantia,
1582 2725 1854 2793 uastantia,
1884 2727 1924 2781 Ι.

418 2797 544 2851 469.
568 2795 782 2859 Creata,
814 2797 953 2848 idest
984 2797 1122 2860 titia,
1152 2797 1227 2848 uel
1255 2797 1442 2859 culpw.
1479 2795 1519 2849 Ι.

424 2865 552 2920 470.
577 2865 804 2924 Fratris.
827 2865 927 2919 sui.
956 2895 1024 2904 —
1054 2865 1233 2918 Fulvis
1260 2866 1528 2927 ceraunis,
1561 2865 1729 2918 rubris
1760 2867 1929 2919 moni-

354 2937 509 3000 libus,
539 2936 616 2989 vel
644 2935 844 3001 lapillis
875 2949 894 2986 :
921 2951 1143 2988 cerauna
1170 2935 1436 3005 preprium
1471 2950 1658 3005 nomen
1697 2952 1927 3005 gemma’,

351 3008 546 3079 {utrum
571 3005 764 3079 babens
789 3005 1028 3079 colorem,
1057 3002 1370 3079 nam—Graece
1399 3004 1591 3079 fulgor,
1623 3005 1665 3060 l.

418 3077 544 3133 472.
574 3077 824 3141 Exererc,
855 3075 1096 3144 educere,
1121 3074 1198 3129 vel
1221 3075 1416 3144 eripere
1435 3113 1451 3140 ,
1477 3075 1514 3128 ι.

2097 2308 2224 2361 475.
2249 2305 2431 2368 Bullis,
2463 2305 2690 2374 gemmis,
2725 2305 2768 2377 1.
2843 2374 2852 2377 _
3153 2373 3165 2377 ,
3209 2365 3222 2377 .

2103 2378 2230 2433 480.
2256 2377 2424 2437 Talia,
2455 2373 2669 2430 avaritia
2715 2374 2964 2446 plurimos
3010 2373 3229 2441 sternit}
3268 2374 3398 2430 alios
3447 2392 3605 2432 ccecos

2032 2464 2205 2502 errare
2227 2449 2366 2510 sinit,
2402 2447 2438 2500 I.

2087 2511 2228 2572 '482.
2263 2517 2434 2579 llunc,
2467 2516 2752 2585 quemdam.
2787 2545 2854 2555 —-
2882 2514 3168 2583 Ademplo,
3211 2515 3380 2569 ablato
3402 2555 3417 2579 ,
3454 2517 3495 2570 Ι.

2105 2589 2228 2642 485.
2257 2587 2473 2652 Baculo,
2507 2589 2739 2638 baculum
2760 2602 2860 2637 non
2884 2586 3108 2654 permisit
3140 2596 3370 2651 portare,
3403 2588 3440 2640 Ι.

2101 2657 2225 2712 486.
2259 2656 2447 2717 Porro,
2480 2657 2728 2719 avaritia,
2763 2655 2880 2706 dum
2909 2655 3106 2722 aliquid
3151 2658 3395 2719 ostendit,
3425 2656 3608 2724 jacula

2033 2737 2290 2797 percutere
2304 2726 2411 2777 vult
2427 2742 2444 2788 ;
2459 2726 2684 2797 capita:
2705 2724 2918 2797 Intuitu,
2938 2725 3123 2792 decipit
3139 2729 3246 2776 visu
3265 2725 3548 2793 oculorum,
3567 2728 3607 2780 Ι.

2105 2797 2229 2851 489.
2261 2793 2546 2858 Admetum,
2575 2793 2813 2862 inﬁxum,
2840 2793 2878 2846 Ι.

2108 2867 2232 2921 490.
2273 2865 2484 2932 Multos,
2515 2861 2732 2918 avaritia
2773 2861 2964 2916 multos
2998 2863 3287 2933 praecipitat
3326 2865 3381 2917 in
3427 2865 3605 2919 incen-

2035 2938 2175 2990 dium
2193 2978 2207 3000 ,
2231 2937 2273 2991 Ι.

2106 3007 2230 3062 491.
2270 3005 2462 3068 Focos,
2494 3005 2665 3076 ignes,
2693 3001 2771 3060 vel
2799 3010 3046 3058 tartareas
3093 3017 3266 3075 plenas
3317 3002 3512 3076 Stygis.
3536 3033 3607 3048 -

2040 3076 2251 3133 Estual
2264 3119 2279 3146 ,
2304 3076 2551 3146 coquitur,
2581 3074 2619 3128 1.

1690 3187 2237 3260 couitsu'rsntus.

419 3311 547 3366 459.
577 3308 758 3374 Fuld.,
790 3308 1099 3373 implicuisse
1127 3306 1286 3371 sinas,
1319 3305 1493 3359 minus
1521 3304 1681 3360 bene.
1715 3305 1818 3361 Pro
1843 3306 1924 3359 in-

348 3384 539 3452 fercire
579 3380 686 3452 alii
707 3378 976 3449 infercire,
1019 3392 1111 3443 pro
1140 3377 1393 3452 ct'untenis
1441 3378 1635 3430 vetusti
1676 3377 1922 3452 nonnulli

348 3446 621 3520 cruminis.
651 3446 879 3520 Etymon
906 3461 1174 3520 crumena:
1212 3446 1406 3520 dicitur
1441 3460 1560 3500 esse
1607 3460 1635 3499 a
1676 3447 1882 3518 κοεμάω
1906 3488 1922 3514 ,

352 3523 476 3592 quia
508 3519 578 3592 sit
608 3516 860 3592 pendula.
895 3516 1084 3592 Glossa
1113 3531 1216 3592 non
1246 3516 1436 3582 placet.

423 3591 551 3646 460.
583 3586 738 3646 Fuld.
771 3603 866 3659 pro
889 3589 1037 3659 fiscos
1067 3586 1225 3659 habet
1244 3601 1436 3659 saccos.

422 3661 552 3715 461.
594 3655 820 3714 Veteres
865 3656 1104 3724 plerique
1157 3655 1336 3724 legunt
1385 3656 1657 3723 laterisque
1708 3656 1926 3711 sinistri.

355 3731 608 3785 Heinsius
644 3728 811 3784 edidit
839 3727 1108 3793 laterisque
1151 3725 1392 3786 ministri,
1421 3725 1514 3778 sed
1561 3739 1680 3778 cum
1729 3727 1928 3780 nullam

355 3802 652 3856 variantem
702 3797 986 3852 lectionem
1015 3803 1240 3863 promat.
1264 3794 1482 3848 dubium
1513 3804 1596 3848 est
1623 3810 1690 3849 an
1722 3795 1774 3850 id
1803 3810 1932 3852 casu

354 3871 639 3925 exciderit.
668 3866 1060 3924 Chamillardus
1091 3865 1306 3919 Heinsio
1335 3864 1582 3918 adbazsit.

426 3940 556 3994 462.
584 3939 851 4002 Barthius,
886 3936 1097 3997 lleins.,
1128 3946 1451 4003 opermento;
1480 3936 1641 4005 Aag.,
1667 3933 1930 4005 adcperto,

355 4010 500 4078 quod
528 4019 852 4078 postremum
883 4015 1068 4076 aperte
1094 4001 1405 4060 mendosum
1436 4013 1538 4059 est.
1563 4001 1808 4073 Plerique
1837 4020 1934 4059 no-

355 4082 457 4134 stri
477 4082 782 4134 onrimento.

428 4143 800 4203 465.1nRott.
831 4146 1028 4214 priore,
1061 4144 1337 4210 insomnia,
1366 4151 1546 4214 sortes.
1579 4143 1700 4214 Alii,
1732 4145 1931 4198 sort/es.

359 4218 686 4273 Prudentius
712 4213 870 4271 sortes
900 4215 1113 4284 egregie
1143 4214 1320 4268 dicere
1347 4213 1539 4283 potuit,
1570 4213 1611 4284 si
1643 4213 1804 4267 ludus
1833 4215 1934 4267 iste.

356 4303 527 4357 quem
549 4290 672 4341 lotto
698 4288 855 4355 vulgo
884 4283 1333 4357 appellant,_tune
1357 4283 1610 4357 temporis
1637 4285 1895 4357 viguisset
1920 4303 1932 4336 :

357 4353 446 4412 cui
478 4373 581 4412 non
604 4358 781 4424 inepte
794 4353 1166 4408 accommodes
1183 4354 1280 4408 hos
1305 4353 1438 4407 duos
1459 4354 1747 4407 versiculos
1752 4371 1788 4424 _:
1810 4354 1936 4407 Car-

357 4430 596 4498 ruptet’a,
629 4421 777 4480 dolus
798 4467 812 4489 ,
843 4435 1155 4498 commenta,
1187 4423 1468 4488 insomnia,
1514 4432 1703 4488 sortes,
1742 4421 1934 4478 Eume-

355 4494 510 4552 nides
530 4499 684 4550 varia:
711 4496 923 4548 monstri
945 4494 1213 4546 comitatus
1234 4503 1471 4562 aguntur.

429 4568 560 4621 466.
591 4567 733 4630 Ald.,
762 4565 1062 4618 Eumenides
1087 4564 1236 4633 furia:
1251 4561 1401 4633 ,falii,
1431 4561 1734 4633 Eumenides
1763 4563 1933 4633 uarice,

359 4646 412 4691 et
446 4639 500 4690 in
532 4638 663 4691 Mar.
688 4637 837 4706 furiae
861 4645 942 4688 est
961 4631 1362 4706 glpsSema.Pro
1388 4633 1541 4706 uaria:
1563 4632 1720 4706 Fabr.
1745 4645 1795 4686 et
1818 4631 1930 4686 Gis.

356 4709 524 4760 varie.
548 4703 856 4761 Gallandius
881 4704 1044 4757 edidit
1071 4704 1246 4768 variae,
1271 4703 1364 4756 sed
1395 4703 1446 4754 in
1475 4703 1610 4754 notis
1641 4712 1790 4767 putat
1818 4717 1936 4757 esse

362 4778 618 4830 vitiosam
641 4774 1012 4845 repetitionem
1032 4773 1204 4845 uarice,
1225 4788 1348 4845 cum
1369 4787 1444 4826 ea:
1463 4771 1768 4845 singillatim
1787 4773 1938 4845 prius

360 4839 766 4901 recenseantur.
798 4844 994 4899 Verum
1043 4842 1092 4895 id
1126 4842 1272 4896 nihili
1300 4852 1380 4896 est
1409 4857 1422 4893 ε
1461 4839 1581 4895 nam
1614 4839 1934 4896 Eumenides

361 4918 471 4970 illa:
527 4916 776 4970 dicuntur
805 4929 925 4968 esse
973 4912 1134 4965 varia:
1157 4951 1172 4978 ,
1205 4911 1304 4966 hoc
1328 4921 1410 4965 est
1433 4911 1574 4965 inter
1599 4925 1658 4965 se
1683 4911 1932 4967 diversae.

361 4987 530 5040 Poeta
585 4986 819 5039 imitatur
869 4983 1141 5050 Virgilium
1199 4997 1271 5035 xu
1326 4979 1542 5035 IEneid.
1594 4996 1734 5036 vers.
1791 4983 1934 5037 336:

360 5056 599 5119 Irazaue,
634 5056 930 5122 insidia’que
959 5053 1042 5105 dei
1077 5052 1346 5104 comitatus
1368 5059 1610 5122 aguntur.

440 5125 566 5178 46Ἱ.
589 5125 825 5187 Boetius,
848 5120 1074 5175 fortasse
1098 5122 1332 5176 imitatus
1372 5120 1427 5173 Pi
1443 5120 1737 5186 udentium,
1758 5120 1935 5175 avari-

367 5194 507 5264 tiam
529 5195 646 5264 Iupo
674 5193 1004 5264 comparavit
1026 5191 1119 5245 lib.
1141 5207 1210 5264 Iv,
1244 5205 1398 5259 prosa
1428 5193 1482 5244 3.

437 5261 648 5318 468.'ln
674 5265 798 5318 Ald.
822 5270 879 5317 et
904 5261 1032 5316 Mar.
1060 5277 1088 5313 a
1122 5262 1284 5327 prima
1314 5275 1480 5312 manu
1506 5274 1658 5314 error
1684 5271 1764 5315 est
1797 5277 1938 5314 cras-

357 5335 544 5388 santia
564 5374 578 5393 ,
619 5345 672 5386 ut
699 5335 750 5386 in
779 5332 906 5385 Vat.
949 5331 1009 5394 C,
1039 5333 1319 5391 cessantia;
1352 5333 1464 5397 lege
1492 5335 1799 5400 grassantia.

432 5405 564 5458 479.
589 5402 713 5458 Sive
758 5402 1072 5471 pigneribus,
1102 5403 1214 5454 sive
1245 5401 1539 5470 pigneribus
1588 5403 1810 5460 scribas,
1839 5415 1938 5452 an-

354 5475 545 5540 tiquos
572 5473 732 5527 duces
754 5473 1013 5539 sequeris.
1048 5472 1186 5524 Idem
1213 5471 1278 5540 die
1304 5472 1479 5531 tantes,
1499 5480 1550 5523 et
1565 5472 1715 5540 famis
1730 5485 1938 5540 assero.

351 5539 623 5596 scribunt
658 5546 821 5612 fames
854 5542 992 5594 V’att.
1019 5540 1083 5609 C,
1126 5541 1187 5606 F,
1223 5539 1289 5604 G,
1323 5540 1383 5602 L,
1412 5540 1478 5612 ρ.
1497 5540 1603 5612 Δ1311.
1637 5539 1942 5612 Nequeob-

340 5614 522 5684 jicias
576 5606 786 5666 versum
817 5627 923 5684 non
951 5606 1198 5684 constare
1229 5627 1242 5662 :
1274 5606 1678 5684 ua_m_Gil'ani_us,
1710 5611 1799 5684 qui
1827 5609 1939 5684 ind.

347 5679 534 5739 Lucr.
563 5697 627 5736 ex
658 5694 766 5736 vet.
797 5681 920 5736 cod.
951 5681 1076 5749 legit
1121 5685 1298 5749 fames,
1324 5679 1444 5732 inde
1472 5679 1672 5746 colligit
1707 5680 1943 5733 I’ruden-

349 5757 505 5810 tium
535 5753 590 5807 in
618 5769 668 5808 es
690 5753 839 5807 ﬁnita
865 5766 1007 5822 saepe
1035 5751 1213 5807 facere
1254 5750 1454 5805 brevia.
1499 5749 1748 5804 llcinsius
1791 5751 1941 5820 famis

2027 3307 2198 3377 magis
2220 3303 2721 3377 approbat._Contra
2747 3303 3013 3377 Giselinus
3027 3303 3370 3374 reprehendit
3391 3307 3604 3377 Aldum,

2029 3375 2170 3445 quod
2201 3375 2488 3446 aliquando
2508 3375 2810 3446 hujusmodi
2843 3376 3055 3446 nomin'a
3083 3378 3132 3429 in
3157 3377 3200 3429 is
3222 3375 3606 3445 terminaverit,

2032 3456 2088 3500 ut
2117 3449 2300 3517 hymn.
2329 3445 2386 3501 S.
2415 3445 2683 3517 Hippolyti
2709 3459 2852 3499 vers.
2876 3445 2904 3517 ρ
2916 3447 2983 3517 90
3001 3447 3198 3517 ,λοηυιίξ
3215 3449 3396 3517 adorat
3425 3447 3606 3510 Pubis.

1956 3515 2002 3577 C
2033 3514 2174 3583 eunt,
2197 3519 2429 3570 redeunt.
2449 3514 2657 3584 Quippe
2683 3523 2838 3584 negat
2864 3514 3153 3582 Giselinus,
3180 3516 3521 3571 Prudentium
3539 3519 3605 3572 ad

2034 3587 2473 3642 consuetudinem
2517 3594 2755 3640 veterum
2807 3587 3146 3650 respexisse,
3178 3588 3264 3655 qui
3308 3586 3608 3644 istiusmodi

2031 3657 2392 3710 neminatiws
2429 3671 2522 3722 per
2567 3672 2618 3708 es
2667 3663 2721 3708 et
2750 3656 2795 3708 is
2854 3655 3134 3720 aliquando
3165 3658 3473 3712 extulerint.
3504 3659 3608 3713 Pro

2032 3727 2191 3794 impia
2233 3726 2346 3779 Pal.
2380 3725 2633 3789 improba.
2657 3725 2905 3779 Alliertus
2936 3727 3093 3796 Eyln,
3123 3728 3209 3791 qui
3241 3728 3294 3781 in
3327 3727 3604 3796 Margarita

2035 3797 2240 3868 poetica
2273 3796 2445 3868 locum
2477 3803 2672 3868 poetae
2701 3806 2885 3868 nostro
2915 3795 3093 3868 dedit,
3125 3796 3253 3863 legit
3299 3795 3458 3868 fames
3487 3800 3604 3852 ino-

2033 3863 2140 3937 pia,
2173 3866 2310 3937 quod
2337 3863 2586 3918 mendum
2616 3865 2942 3937 est_carmiui
2961 3881 3297 3937 repugnans.

2104 3937 2227 3991 480.
2264 3935 2478 4002 Vienn.,
2502 3933 2769 4006 generabat
2787 3949 2885 4004 pro
2908 3935 3082 3988 edebat
3107 3950 3174 3992 ex
3203 3938 3381 4006 aliquo
3403 3937 3606 3992 insulso

2033 4006 2371 4076 glossemate.

2103 4076 2232 4131 481.
2258 4077 2310 4130 In
2343 4075 2459 4130 Bat.
2489 4090 2554 4131 ex
2594 4074 2811 4128 avaritia
2836 4073 3034 4128 recenti
3068 4087 3225 4128 manu
3255 4073 3449 4128 factum
3477 4091 3601 4130 ava-

2036 4147 2198 4212 rities,
2227 4145 2440 4199 lrustra.

2107 4218 2235 4272 484.
2264 4217 2316 4270 In
2351 4216 2470 4270 Put.
2494 4223 2546 4270 et
2565 4214 2727 4284 Ang.,
2751 4213 3084 4284 offendicula.
3115 4215 3214 4269 Alii
3239 4213 3428 4269 melius
3451 4215 3608 4283 offen-

2036 4289 2212 4340 sacula
2242 4303 2261 4340 :
2289 4301 2432 4350 nam,
2464 4297 2521 4340 ut
2545 4287 2792 4341 observat
2834 4285 3101 4351 Heinsius,
3137 4286 3220 4339 lex
3246 4285 3399 4338 metri
3435 4287 3608 4354 reiicit.

2039 4357 2386 4424 o/fendicula:
2417 4354 2553 4423 quod
2582 4357 2724 4410 enim
2755 4357 2892 4410 idem
2943 4365 3111 4422 putat,
3161 4355 3507 4410 Prudentium
3539 4358 3610 4412 de

2038 4427 2122 4482 his
2145 4443 2249 4480 non
2284 4427 2444 4481 luisse
2474 4425 2626 4479 valde
2650 4426 2934 4479 sollicitum
2954 4465 2968 4486 ,
3007 4427 3095 4494 qui
3121 4426 3350 4492 priorem
3381 4428 3429 4480 iu
3457 4429 3608 4480 mitra

2037 4497 2376 4562 corripuerit.
2409 4505 2461 4549 et
2489 4497 2554 4565 in
2583 4495 2812 4565 rubigine
2851 4495 3094 4562 primmn,
3129 4496 3178 4548 id
3224 4511 3327 4550 non
3367 4509 3444 4551 est
3477 4501 3625 4552 satis-

2040 4566 2230 4620 idonea
2253 4581 2408 4620 causa
2433 4564 2497 4618 ad
2521 4564 2801 4620 lectionem
2835 4565 3033 4634 regulis
3061 4568 3384 4620 contrariam
3415 4568 3609 4622 admit-

2039 4636 2273 4701 tendam,
2296 4637 2479 4690 relicta
2509 4635 2756 4705 meliori:
2789 4651 2959 4702 neque
2981 4636 3149 4705 prima
3179 4637 3229 4688 in
3252 4637 3402 4690 mitra
3425 4652 3609 4692 neces-

2042 4709 2280 4760 sarioest
2309 4704 2667 4774 producenda.
2700 4703 3033 4760 Cant-hiantis
3057 4706 3224 4760 codex
3260 4707 3420 4763 habet
3441 4725 3622 4763 sccam=

2038 4792 2210 4830 errare
2241 4777 2385 4845 facit.
2416 4791 2520 4829 non
2546 4775 2686 4828 sinit.

2111 4845 2236 4899 487.
2262 4847 2317 4898 In
2348 4845 2476 4898 Mar.
2508 4856 2624 4897 erat
2647 4845 2779 4910 quod
2807 4861 2917 4898 cum
2946 4845 3088 4913 petit.

2109 4916 2235 4971 491.
2267 4913 2428 4978 Ang.,
2451 4915 2608 4975 male,
2631 4932 2810 4967 auram
2839 4932 2931 4981 pro
2973 4931 3174 4968 aurum.

2111 4986 2237 5038 ΜΞ.
2267 4985 2510 5038 Heinsius
2533 4986 2720 5038 iterum
2739 5002 2769 5039 e
2797 4986 3005 5039 duobus
3025 4986 3399 5039 vetustissimis
3425 4983 3607 5038 defen-

2043 5056 2172 5110 dere
2193 5063 2418 5108 couatur
2447 5053 2708 5122 pecalator
2729 5067 2909 5110 contra
2933 5060 3178 5109 Czll'lllints
3206 5059 3363 5124 leges,
3391 5055 3607 5106 asserit-

2043 5143 2146 5194 que
2175 5126 2261 5179 vix
2309 5125 2482 5178 locum
2517 5125 2715 5179 habere
2745 5128 3048 5194 speculator.
3085 5125 3274 5179 Verum
3321 5142 3422 5178 non
3457 5124 3608 5179 video

2043 5212 2139 5249 cur
2171 5197 2216 5249 ei
2248 5211 2353 5250 non
2393 5195 2594 5262 placeat
2635 5195 2904 5250 Nebrissa:
2942 5196 3335 5262 interpretatio:
3367 5195 3450 5261 qui
3477 5195 3608 5247 videt

2044 5283 2123 5319 res
2153 5267 2396 5330 pretiosas
2422 5265 2655 5318 inccndio
2684 5266 2866 5333 perire.
2898 5265 3011 5318 Jam
3039 5266 3236 5334 pridem
3268 5265 3533 5318 Biceiolus
3556 5265 3607 5318 in

2044 5335 2413 5406 ludiusyllab.
2438 5345 2767 5390 controvers.
2795 5337 3016 5398 monuit,
3042 5333 3103 5386 ex
3122 5349 3249 5406 mss.
3273 5333 3461 5406 codd.,
3475 5344 3609 5406 teste

2048 5404 2263 5468 Vossio,
2293 5406 2570 5474 legendum
2599 5406 2912 5476 speculator,
2947 5419 3050 5457 nou
3082 5404 3363 5470 peculator.
3407 5405 3606 5470 Aldus,

2045 5476 2182 5539 Gis.,
2212 5475 2428 5539 Weitz.,
2459 5475 2786 5531 recentiores
2839 5483 3091 5542 prmlerea
3120 5488 3239 5526 cum
3273 5476 3469 5529 nostris
3497 5489 3609 5528 om-

2043 5546 2200 5600 nibus
2227 5547 2383 5616 codd.
2427 5546 2583 5616 Man,
2627 5547 2769 5616 Rat,
2807 5545 3017 5616 Vienna,
3066 5544 3246 5616 Alex.,
3279 5549 3438 5616 Ang..
3467 5545 3609 5598 Vatt.

2044 5617 2106 5676 C.
2137 5617 2198 5677 ι),
2233 5615 2292 5678 F,
2328 5614 2392 5679 G,
2421 5617 2484 5679 ll,
2508 5615 2566 5682 l.,
2593 5616 2658 5680 0,
2689 5615 2790 5680 ltB,
2822 5613 3018 5668 habent
3038 5615 3345 5684 speculator.
3368 5613 3608 5682 Bonum,

2047 5689 2320 5754 mendose,
2345 5685 2673 5755 speculatum.
