4154 6188
468 322 538 382 59

645 437 814 490 Omne
834 433 1106 489 hominum
1120 431 1259 502 rapit
1274 430 1364 485 illa
1387 444 1574 499 genus,
1589 428 1831 483 mortalia
1849 437 2036 483 cuncta
2064 431 2113 486 Α

650 530 885 595 Occupat
899 525 1143 581 interitu:
1161 538 1333 592 neque
1343 521 1485 577 enim
1497 531 1579 575 est
1596 520 1875 575 violentius
1888 520 2050 574 ullum

476 616 584 672 495
660 617 945 670 Terrarum
976 616 1194 679 vitium,
1225 610 1369 683 quod
1402 613 1564 667 tantis
1608 611 1849 665 cladibus
1878 624 2050 664 aevum

667 707 914 762 Mundani
939 705 1172 759 involvat
1199 703 1402 773 populi,
1435 702 1753 771 damnetque
1775 700 2053 771 gehennae.

652 800 790 865 Quin
813 798 958 866 ipsos
983 805 1187 851 tentare
1206 810 1388 863 manu,
1409 795 1452 848 si
1475 793 1696 848 credere
1716 793 1931 861 dignum
1950 799 2052 856 est,

654 891 796 944 Ausa
825 888 1129 943 sacerdotes
1160 886 1367 940 Domini
1399 903 1410 938 :
1451 885 1539 954 qui
1570 884 1747 952 praelia
1777 883 1915 937 forte

653 981 813 1051 631
855 980 1113 1033 Ductores
1163 978 1386 1047 primam
1418 984 1541 1029 ante
1565 974 1734 1029 aciem
1766 988 1861 1043 pro
1894 972 2057 1027 laude

1707 1063 1988 1136 [gerebant

485 1162 591 1219 500
662 1160 955 1225 Virtutum,
986 1172 1285 1229 magnoque
1329 1155 1619 1225 implebant
1645 1152 1870 1210 classica
1907 1153 2055 1208 ﬂatu.

666 1250 853 1303 Etlors
878 1250 1112 1302 innocuo
1141 1246 1382 1300 tinxisset
1402 1244 1658 1312 sanguine
1684 1242 1901 1309 ferrum,

657 1338 722 1393 Ni
750 1339 904 1393 Ratio
924 1339 1272 1407 armipotens,
1296 1334 1473 1406 gentis
1499 1333 1758 1390 Levitidis
1783 1346 1887 1388 una

658 1431 885 1499 Semper
931 1430 1033 1485 lida
1070 1443 1275 1494 comes,
1318 1427 1565 1499 clypeum
1614 1425 1960 1495 objectasset,
2002 1431 2059 1479 et

1835 1515 1989 1588 [atrae

662 1614 840 1675 Hostis
862 1613 929 1668 ab
959 1614 1179 1668 incursu
1206 1611 1382 1668 claros
1402 1611 1627 1667 texisset
1653 1608 1926 1666 alumnos.

487 1705 592 1762 503
663 1704 818 1761 Stant
846 1696 1219 1759 tuti'Rationis
1239 1715 1363 1774 ope,
1393 1709 1540 1757 stant
1566 1700 1781 1757 turbine
1818 1701 1885 1754 ab
1909 1697 2059 1753 omni

1586 314 1854 372 AURELII
1895 314 2026 372 PRU
2039 314 2259 370 DENTII
2297 312 2620 370 CARMINA.
3655 317 3727 373 60

2323 423 2611 492 Immunes,
2645 420 2917 490 fortesque
2946 421 3110 476 animi
3137 438 3148 474 :
3181 422 3267 475 vix
3293 421 3344 475 in
3373 431 3495 478 cute
3516 438 3726 481 summa

2336 515 2721 584 Praesuingens
2746 528 2942 581 paucos
2973 514 3118 567 tenui
3147 514 3213 569 de
3235 515 3451 570 vulnere
3478 517 3623 571 laedit
3722 516 3729 521 ’

2332 604 2524 675 Cuspis
2545 602 2818 672 Avaritiae,
2844 604 3047 672 stupuit
3067 603 3182 658 lues
3205 604 3467 673 improha,
3496 608 3659 661 castis

2336 698 2566 752 lleroum
2590 696 2789 765 jugulis
2817 695 2971 763 longe
2993 709 3089 748 sua
3122 694 3225 748 tela
3249 696 3439 763 repelli
3474 714 3486 749 :

2162 790 2267 846 5I0
2332 790 2582 858 Ingemit,
2609 797 2663 842 et
2687 787 2846 842 dictis
2867 786 3060 841 ardens
3088 786 3364 841 furialibus
3394 787 3530 841 iniit.

2338 880 2501 951 632
2526 878 2825 944 Vincimur,
2865 877 2998 932 heu!
3029 891 3249 946 segnes,
3287 891 3390 932 nec
3415 885 3595 932 nostra
3632 894 3733 946 po-

3249 968 3436 1040 [tentia
3461 969 3662 1038 perfert
3782 952 3793 961 ⁷

2336 1062 2457 1116 Vim
2492 1061 2740 1126 solitam;
2777 1060 2988 1130 languet
3017 1060 3268 1115 violentia
3296 1076 3437 1116 saeva
3481 1062 3729 1129 nocendi,

2340 1154 2607 1211 Sueverat
2637 1153 2846 1209 invictis
2871 1167 2990 1222 quae
3018 1154 3224 1208 viribus
3244 1154 3421 1207 omnia
3449 1154 3648 1224 ubique

2335 1245 2605 1314 Rumpere
2632 1245 2794 1299 corda
2828 1246 3097 1299 hominum
3134 1262 3147 1297 :
3191 1259 3288 1299 nec
3315 1245 3457 1298 enim
3487 1256 3593 1299 tam
3626 1245 3735 1301 fer-

3203 1336 3315 1409 [rea
3346 1354 3664 1409 quemquam

2166 1430 2271 1486 5I5
2340 1430 2610 1485 Formavit
2639 1439 2829 1484 natura
2852 1428 3047 1495 virum,
3068 1430 3220 1498 cujus
3248 1430 3392 1499 rigor
3419 1446 3525 1483 arra

2343 1519 2653 1589 Sperneret,
2667 1530 2758 1574 aut
2777 1530 2963 1575 noetro
2985 1521 3119 1575 foret
3140 1520 3559 1588 impenetrabilis
3583 1536 3735 1587 auro,

2344 1612 2617 1683 Ingenium
2646 1626 2807 1667 omne
2829 1613 2946 1669 neci
2991 1611 3256 1681 dedimus,
3279 1621 3487 1681 tenera,
3516 1615 3732 1684 aSpei-a,

3527 1704 3705 1776 [dum

1796 1788 2079 1847 GLOSSIE
2114 1790 2447 1848 VETERES.

558 1889 685 1944 495.
719 1887 989 1956 Mortalia,
1020 1887 1278 1953 homines,
1305 1886 1345 1941 Ι.

559 1959 685 2015 494.
724 1959 1036 2022 Violentius,
1062 1958 1264 2027 fortius,
1295 1957 1409 2024 lso,
1433 1956 1566 2012 Mar.

559 2032 685 2089 50L
718 2029 873 2096 Fors,
903 2026 1142 2099 forsitan,
1172 2026 1304 2099 Mar.

561 2100 686 2157 504.
715 2097 996 2166 Aluntnos,
1028 2098 1187 2167 ﬁlios,
1214 2097 1253 2151 I.

562 2171 685 2224 505.
716 2169 858 2236 Tuti,
887 2165 1071 2223 securi.
1101 2198 1171 2208 —
1201 2170 1334 2235 Ope,
1365 2167 1648 2236 adjutorio,
1682 2165 1723 2220 Ι.

564 2241 691 2297 507.
725 2238 950 2305 Paucos,
982 2238 1047 2292 de
1072 2237 1339 2304 militibus,
1374 2237 1479 2291 Iso.

2243 1887 2369 1943 509.
2400 1888 2628 1958 Jugulis,
2657 1887 2963 1956 pectoribus,
2992 1887 3035 1942 l.

2242 1958 2367 2015 5I0.
2401 1957 2643 2027 Ingemit,
2674 1961 2888 2027 stupuit,
2912 1959 2990 2011 vel
3015 1958 3283 2027 ingemuit,
3318 1957 3356 2010 Ι.

2243 2028 2369 2083 515.
2402 2029 2695 2090 Formavit,
2727 2027 2953 2084 duravit.
2984 2055 3054 2069 —
3076 2027 3262 2097 Rigor,
3295 2028 3509 2088 duritia,
3542 2027 3582 2079 l.

2400 2098 2695 2169 Ingenium,
2726 2098 3307 2161 hominum—Tenen,
3329 2112 3528 2152 omnem
3546 2104 3743 2152 aetatem

2208 2183 2273 2222 tct
2304 2209 2318 2222 .
2376 2206 2391 2222 .

2208 2168 2318 2234 icit,
2352 2169 2391 2222 I.

1838 2316 2399 2380 COMMENTARIUS.

571 2442 696 2497 495.
736 2440 949 2504 Vienn.,
976 2438 1137 2504 male,
1170 2453 1367 2492 omnem
1396 2436 1651 2490 hominem
1672 2436 1832 2502 rapit.

569 2512 696 2567 494.
722 2513 776 2565 In
798 2509 971 2578 vulg.,
1010 2524 1170 2577 neque
1198 2508 1333 2561 enim
1377 2517 1470 2560 est.
1508 2506 1756 2578 Heinsius
1783 2505 2072 2578 aliquando

500 2590 778 2649 potaverat
805 2577 965 2650 neque
992 2595 1050 2650 ea
1068 2578 1336 2650 violentius
1358 2578 1539 2630 ullum.
1564 2577 1754 2650 Postea
1778 2591 1842 2630 ex
1859 2577 2078 2650 scriptis

503 2646 717 2717 agnovit
741 2646 968 2704 hiatum.
992 2648 1283 2711 Giselinus,
1325 2662 1483 2716 neque
1508 2646 1640 2699 enim
1667 2656 1762 2715 est,
1792 2647 1935 2716 quod
1961 2647 2076 2715 pla-

507 2731 614 2776 cet.
645 2721 768 2776 Ald.
792 2730 848 2775 et
876 2718 1069 2775 Weitz.
1098 2735 1218 2773 cum
1251 2732 1405 2777 mss..
1434 2733 1591 2779 neque
1611 2725 1703 2769 est.

578 2791 709 2848 497.
738 2791 800 2845 Si
825 2791 1025 2844 credere
1054 2790 1263 2859 dignum
1283 2796 1357 2841 est
1395 2801 1472 2859 ex,
1495 2786 1711 2855 Virgilio
1741 2800 1798 2839 ιιι
1831 2785 2079 2859 Georgic.

579 2861 706 2916 498.
740 2861 967 2926 Erlurt.,
998 2855 1153 2928 fortes
1173 2901 1186 2923 ,
1217 2873 1324 2928 non
1371 2856 1529 2928 male,
1561 2871 1657 2923 pro
1702 2855 2083 2928 forte.__Nescio

512 2947 610 2987 cur
632 2930 887 2985 Nebrissa
930 2924 1253 2982 dubitaverit
1276 2926 1343 2979 de
1381 2925 1572 2993 quibus
1596 2924 1965 2978 sacerdotibus
1991 2940 2084 2979 ve-

514 3002 642 3056 teris
685 3000 818 3067 legis
842 3004 992 3065 poeta
1024 2996 1311 3067 loquatur:
1342 3009 1462 3047 nam
1487 2994 1837 3047 clarissimum
1879 3004 1961 3048 est
2012 2995 2081 3050 de

512 3065 880 3146 sacerdotibus
896 3080 1061 3146 novae
1082 3065 1213 3146 legis
1235 3078 1539 3146 sermonem
1563 3078 1683 3146 esse
1698 3104 1713 3127 ,
1738 3079 1858 3146 cum
1886 3133 1897 3144 ο
1907 3079 2081 3146 pugna

511 3142 766 3194 virtutum
790 3145 845 3191 et
859 3136 1107 3191 vitiorum
1135 3131 1381 3187 inanima
1403 3131 1701 3187 Christiana
1727 3131 2084 3189 describatur.

515 3212 585 3263 At
608 3206 1001 3262 Chamillardus
1029 3204 1095 3259 de
1124 3202 1486 3259 ecclesiastico
1526 3202 1712 3257 ordine
1757 3204 2081 3259 mentionem

516 3277 701 3333 haberi
746 3276 1011 3331 lubentius
1050 3282 1318 3338 autumat,
1364 3273 1506 3341 quod
1562 3272 1882 3328 Prudentius
1923 3275 1975 3328 in
2006 3275 2083 3328 lu-

516 3348 686 3404 xuriae
725 3361 899 3417 pugna
930 3343 1291 3417 objurgaverit
1331 3341 1683 3417 Hispanoran
1732 3342 2085 3417 fast_um,_qui

517 3413 754 3474 consiliis
796 3413 1130 3470 sacerdOtum
1169 3429 1275 3467 non
1306 3413 1767 3482 obtemperabant.
1823 3413 2083 3481 Equidem

517 3487 649 3542 nihil
678 3486 831 3541 video
859 3485 911 3540 in
942 3499 1006 3539 ea
1030 3499 1201 3553 pugna
1229 3498 1295 3539 ex
1335 3497 1441 3551 quo
1465 3483 1616 3552 argui
1644 3484 1830 3552 possit,
1856 3483 2089 3537 Pruden-

517 3559 652 3612 tium
683 3556 998 3626 objurgasse
1021 3555 1393 3626 Hispanorum
1437 3554 1631 3607 fastum
1651 3593 1665 3617 ,
1690 3562 1781 3607 aut
1825 3553 2087 3626 Hispanos

518 3623 867 3682 sacerdotum'
885 3624 1121 3680 consiliis
1169 3640 1272 3678 non
1323 3624 1753 3692 obtemperasse,
1795 3623 2087 3678 nisi’forte

520 3697 659 3766 quod
675 3696 1103 3766 animadversum
1134 3704 1217 3748 est
1246 3694 1309 3766 ad
1327 3708 1537 3749 versum
1568 3694 1689 3766 3l0.
1711 3694 1814 3766 Sed
1840 3694 1982 3748 aliud
2004 3702 2088 3748 est

2101 2438 2150 2496 Β
2180 2433 2396 2503 passim,
2428 2442 2485 2491 et
2510 2434 2734 2503 licenter
2762 2432 3019 2489 adversus
3056 2433 3474 2489 ecclesiasticum
3502 2433 3749 2490 ordinem

2182 2502 2619 2568 debacchantur,
2671 2502 2947 2559 Prudentii
2996 2505 3244 2572 exemplo
3299 2504 3507 2568 moniti,
3556 2504 3744 2559 mode-

2183 2577 2339 2630 stiam
2369 2574 2422 2630 in
2454 2576 2571 2645 ejus
2594 2575 2800 2630 ordinis
2828 2575 2972 2630 vitiis
3000 2574 3342 2645 obiurgandis
3377 2582 3619 2638 poterant
3663 2576 3748 2631 di-

2180 2659 2351 2701 scere.
2400 2646 2693 2700 Avaritiam
2722 2660 2850 2700 vero
2892 2645 3257 2700 sacerdotibus
3286 2653 3533 2714 tanquam
3563 2646 3749 2701 vitium

2183 2731 2367 2771 eorum
2397 2717 2565 2785 magis
2594 2716 2860 2783 peculiare
2890 2716 3069 2785 plures
3093 2714 3375 2785 affingunt,
3418 2723 3566 2769 certe
3592 2716 3748 2770 vehe-

2183 2796 2394 2841 menter
2432 2783 2851 2855 reprehendunt.
2883 2784 3238 2855 Hieronymus
3275 2783 3396 2852 jure
3439 2799 3540 2837 suo
3565 2788 3748 2839 acrius

2186 2856 2237 2908 in
2266 2856 2539 2909 avaritiam
2576 2856 3056 2922 ecclesiasticarum
3102 2855 3373 2909 invehitur
3390 2855 3547 2922 epist.
3588 2856 3657 2910 52
3683 2856 3751 2910 ad

2184 2924 2536 2994 Nepmianum
2595 2921 2663 2980 de
2724 2925 2833 2979 vita
2871 2925 3187 2981 clericorum
3234 2934 3290 2979 et
3344 2921 3753 2992 monachorum,

2185 3010 2341 3063 quem
2371 2995 2547 3064 legere
2563 2994 2942 3064 juvabit.Nam
2966 2997 3107 3064 quod
3137 2993 3451 3048 Ammianus
3487 2994 3579 3050 lib.
3609 3011 3751 3049 xxvn

2147 3107 2155 3119 .
2186 3067 2597 3119 ostentationem
2640 3066 3089 3132 cupiditatemque
3121 3064 3374 3118 Romanis
3414 3065 3752 3132 pontificibus

2184 3134 2369 3189 saeculi
2400 3149 2449 3188 tv
2476 3135 2678 3204 objicit,
2709 3134 2762 3189 id
2792 3134 2859 3190 ab
2890 3135 3105 3190 homine
3127 3136 3343 3189 ethnico
3380 3135 3662 3204 confictum
3690 3134 3754 3189 li-

2184 3213 2334 3272 quet,
2381 3215 2438 3258 ut
2467 3203 2775 3260 detraheret
2819 3206 3140 3268 auctoritati,
3168 3221 3268 3273 qua
3297 3203 3559 3272 potiuntur
3599 3212 3753 3259 teter-

2186 3289 2268 3346 πω
2296 3274 2783 3346 αιὺίεερίδεορὶηιιι
2813 3274 3048 3344 loquitur
3067 3275 3170 3346 lib.
3204 3291 3293 3328 xv.

2258 3345 2383 3400 505.
2409 3344 2637 3405 Erfurt,
2671 3344 2967 3417 objectaret;
2987 3345 3081 3400 sed
3110 3344 3405 3417 objectasset
3433 3344 3606 3413 poscit
3632 3358 3753 3400 sen-

2185 3428 2297 3480 sus,
2332 3423 2385 3469 et
2408 3424 2590 3482 postea
2619 3417 2857 3484 sequitur
2879 3417 3099 3470 texisset.

2260 3485 2386 3542 506.
2416 3484 2599 3549 Fuld.,
2627 3488 2880 3555 fortesque
2907 3487 3102 3551 animo;
3132 3485 3427 3555 elegantius
3460 3494 3543 3541 est
3571 3485 3752 3555 animi.

2259 3556 2385 3609 507.
2423 3554 2668 3609 Meliores
2705 3555 2999 3621 Heinsiani,
3045 3554 3313 3617 Barthius,
3350 3557 3526 3625 Egm.,
3574 3554 3753 3622 Fuld.,

2188 3624 2414 3688 Widm.,
2438 3625 2799 3695 praestringens
2838 3640 2957 3680 cum
2991 3626 3135 3688 Bat..
3164 3627 3315 3694 cujus
3336 3624 3511 3695 glessa
3540 3637 3620 3679 est
3658 3641 3754 3693 pa-

2188 3711 2304 3747 rum
2346 3697 2638 3761 vulnerans,
2679 3694 2931 3765 Weitzio,
2976 3705 3031 3751 et
3055 3697 3194 3751 aliis.
3235 3694 3382 3761 Ald.,
3411 3696 3548 3765 Gis.,
3591 3695 3753 3763 Aug.,

522 3764 575 3821 in
598 3766 848 3853 Hispania
873 3766 943 3853 ob
972 3764 1207 3853 regionis
1224 3765 1522 3853 ubertatem
1550 3764 1802 3853 collocari
1823 3780 2089 3853 posseor-
2114 3790 2161 3853 ο
2194 3765 2443 3853 Mariatt.,
2501 3766 2617 3853 Vat,
2807 3764 3003 3853 aliique
3024 3806 3041 3832 ,
3082 3766 3441 3853 perstringens.
3490 3764 3758 3853 Utrolibet

517 3853 672 3909 pana,
695 3834 763 3909 ἰιι
782 3836 991 3891 dicebat
1026 3835 1316 3909 Giselinus,
1348 3835 1585 3909 lusuria',
1616 3835 1756 3888 aliud
1788 3834 1926 3909 quod
1955 3835 2086 3909 Pru-

521 3905 733 3962 dentius
757 3908 1016 3961 luxuriam
1044 3906 1288 3976 Hispanis
1308 3906 1639 3976 potissimum
1661 3905 2083 3976 exprobraverit,

521 3978 665 4048 quod
683 3994 786 4032 non
814 3977 915 4032 nisi
944 3973 1526 4048 temere'atltirtfutbiturt
1554 3973 1943 4048 Chaunillardus
1960 3988 2085 4048 vero

524 4043 643 4103 cum
674 4049 877 4102 videret
928 4047 1084 4116 vulgo
1110 4046 1266 4114 objici
1311 4044 1559 4116 Hispanis
1600 4044 1817 4107 fastum,
1853 4043 2089 4116 Pruden-

523 4120 675 4182 tium,
708 4118 775 4171 de
798 4112 1362 4184 luxuria'loquentem,
1396 4115 1775 4184 interpretatus
1803 4121 1885 4165 est
1914 4114 1976 4165 ad
2012 4112 2090 4164 fa-

524 4180 671 4241 stum
713 4187 1065 4252 llispanorum
1107 4180 1437 4252 respexisse.
1479 4183 1636 4252 Atqui
1667 4180 1833 4252 fastus
1864 4186 1976 4236 sive
2002 4198 2091 4235 su-

527 4254 724 4320 perbia:
744 4250 927 4307 vitium
948 4268 1053 4306 non
1077 4266 1143 4306 eo
1165 4253 1281 4305 loco
1302 4267 1329 4302 a
1360 4250 1643 4303 Prudentio
1661 4251 1976 4320 exagitetur,
1995 4252 2089 4307 sed

529 4325 732 4393 luxuria
759 4333 813 4377 et
841 4338 958 4393 quae
985 4322 1429 4393 indeinascuntur
1468 4322 1612 4384 vitia,
1640 4321 1815 4393 jocus,
1849 4324 2093 4387 petulan-

528 4396 620 4460 tia,
651 4391 880 4448 lascivus
907 4407 1077 4446 amor.
1092 4391 1300 4447 Nemini
1329 4401 1504 4446 autem
1527 4393 1734 4446 venerit
1756 4392 1807 4445 in
1832 4402 2091 4455 mentem,

530 4462 645 4517 haec
673 4463 795 4515 vitia
828 4462 1178 4531 Hispanorum
1229 4462 1395 4516 fuisse
1425 4473 1513 4514 aut
1554 4476 1673 4515 esse
1704 4462 1943 4529 propria,
1969 4477 2092 4520 cum

530 4532 581 4585 in
603 4531 849 4586 omnibus
878 4546 1029 4601 aeque
1059 4531 1216 4586 terris
1235 4532 1595 4586 dominentur.
1622 4533 1732 4587 lmo
1755 4533 1844 4598 qui
1874 4547 2095 4600 geogra-

534 4602 716 4669 phic:is
744 4602 1103 4657 institutiones
1132 4602 1379 4665 tradttnt,
1411 4602 1651 4671 quamvis
1680 4602 1864 4656 faciles
1903 4603 2009 4656 sint
2038 4603 2093 4656 in

528 4672 699 4742 vitiis,
726 4672 1128 4742 virtutibusque
1156 4687 1251 4740 pro
1280 4672 1432 4726 libitu
1468 4673 1754 4742 unicuique
1782 4674 1924 4741 genti
1962 4675 2096 4726 assi-

529 4740 797 4811 gnandis,
856 4740 1039 4796 tamen
1084 4741 1331 4795 virtutem
1386 4742 1614 4796 luxuriae
1669 4740 1893 4812 ejusque
1950 4744 2096 4799 vitiis

529 4813 873 4876 contrariam,
904 4811 1102 4866 nullius
1128 4813 1299 4878 gentis
1328 4815 1592 4881 propriam
1619 4827 1739 4867 esse
1762 4811 1987 4881 jactant.

594 4882 728 5009 1499..
760 4881 960 4938 Widm.
989 4896 1171 4952 Supra,
1197 4882 1350 4950 primi
1374 4892 1490 4935 ante
1529 4884 1710 4936 acient.
1735 4881 1917 4953 Neque
1945 4883 1998 4940 id
2019 4883 2100 4938 di-

617 4969 695 5008 tce
721 4992 736 5008 .

531 4955 736 5024 splicet.

2192 3836 2351 3889 modo
2390 3845 2537 3891 recte
2562 3835 2783 3900 dixeris,
2829 3846 2883 3890 et
2911 3835 3133 3890 fortasse
3161 3835 3479 3891 Prudentius
3505 3836 3610 3890 alio
3638 3836 3756 3889 loco

2190 3907 2517 3977 prwstringo,
2537 3907 2642 3959 alio
2672 3907 2957 3977 perstringo
2986 3906 3215 3977 scripsit,
3244 3916 3303 3959 ut
3326 3906 3463 3977 nihil
3491 3906 3665 3977 dicam
3688 3905 3757 3977 de

2188 3975 2608 4041 exscriptOribus
2637 3975 2795 4029 etiam
2822 3975 3217 4037 vetustissimis,
3250 3975 3338 4043 qui
3372 3975 3570 4045 saepius
3622 3975 3755 4030 scri-

2192 4045 2350 4098 bendi
2382 4046 2642 4098 rationem
2668 4044 2925 4098 arbitratu
2956 4058 3053 4099 suo
3083 4045 3461 4100 reformabant.

2262 4113 2641 4185 508.7Vienn.,
2692 4116 2849 4185 cassis
2887 4115 3136 4185 mendum
3179 4130 3276 4185 pro
3315 4117 3487 4169 castis.
3521 4115 3598 4170 De
3645 4115 3756 4168 lues

2191 4182 2306 4237 sive
2331 4182 2435 4253 luis
2458 4182 2580 4238 vide
2606 4199 2747 4238 vers.
2772 4184 2875 4240 479
2904 4184 2957 4237 in
2979 4185 3155 4253 fames.

2262 4253 2385 4323 510.
2419 4252 2595 4323 Fuld.,
2627 4255 2821 4323 inquit;
2847 4260 3046 4318 caeteri,
3067 4256 3200 4323 inﬁt.

2263 4322 2388 4377 5H.
2422 4322 2712 4391 Giselinus,
2741 4340 2859 4378 cum
2892 4324 3013 4378 Ald.
3038 4335 3089 4377 et
3115 4325 3203 4378 ed.
3236 4323 3604 4379 Davcntrieosi
3636 4338 3759 4390 prae-

2218 4394 2292 4465 ert
2323 4393 2513 4447 melius
2542 4405 2688 4465 putat
2727 4410 2882 4462 quam
2930 4398 3139 4465 perfert.
3172 4393 3279 4448 Sed
3311 4394 3480 4448 Aldus
3509 4394 3758 4458 Weitzio,

2244 4464 2433 4528 einsio,
2464 4474 2518 4516 et
2544 4464 2670 4517 mihi
2698 4466 2771 4518 ait
2801 4464 3031 4533 perfert.
3059 4465 3167 4517 lloc
3214 4480 3423 4532 quoque
3479 4479 3760 4533 argumen-

2197 4544 2307 4589 tum
2354 4543 2435 4586 est
2465 4533 2692 4601 duplicis
2736 4532 2987 4588 editionis
3020 4534 3245 4589 Aldinae.
3277 4534 3471 4588 Verum
3505 4532 3763 4587 Weitzius

2196 4618 2337 4659 nunc
2367 4604 2649 4659 lectionem
2680 4604 2921 4659 eamdem
2945 4620 3007 4657 ac
3030 4620 3125 4657 nos
3155 4604 3389 4669 exhibet,
3409 4603 3527 4657 aliis
3556 4604 3607 4657 in
3631 4603 3762 4658 locis

2197 4674 2485 4728 diversam.
2521 4675 2674 4742 Saepe
2698 4674 2910 4743 quidem
2956 4676 3170 4738 accidit,
3215 4674 3441 4741 aliquam
3482 4674 3762 4727 lectionem

2197 4743 2410 4800 cuidam
2439 4744 2641 4799 auctori
2671 4745 2908 4809 attribui,
2932 4745 3081 4812 cujus
3108 4760 3231 4798 vere
3253 4759 3356 4797 non
3381 4752 3461 4797 est
3490 4761 3502 4795 :
3536 4743 3626 4797 sed
3650 4744 3764 4812 ejus

2200 4829 2392 4869 nomen
2425 4815 2640 4880 excidit,
2666 4829 2785 4868 cum
2816 4815 2953 4868 alius
2988 4811 3131 4869 esset
3183 4814 3555 4868 nominandus.
3597 4811 3764 4867 Wett-

2201 4886 2314 4939 zius
2356 4884 2516 4940 habet
2553 4888 2705 4953 refert
2727 4899 2846 4940 cum
2886 4884 3087 4938 Widm.
3137 4883 3190 4937 In
3240 4883 3417 4953 Fuld.,
3446 4882 3675 4953 profert;
3710 4883 3763 4935 in

2202 4953 2430 5019 Cauch.,
2480 4952 2705 5023 praefert.
2757 4954 3025 5010 Heinsiani
3086 4968 3300 5016 omnes,
3330 4952 3505 5023 rFabr.
3562 4952 3763 5006 Widm.

606 5025 731 5079 50l.
762 5023 890 5079 Post
934 5021 1076 5077 hunc
1120 5035 1335 5075 versum
1378 5020 1510 5075 Mar.
1554 5030 1610 5076 et
1636 5022 1760 5077 llat.
1801 5038 1901 5093 pro
1948 5023 2102 5078 titulo
2204 5020 2597 5095 supra-nostri:
2619 5025 2873 5095 plerique,
2912 5026 3121 5095 perfert,
3149 5023 3290 5095 quod
3327 5022 3460 5077 bene
3479 5036 3599 5076 cum
3640 5036 3767 5076 sen-

539 5094 709 5147 Ratio.

606 5164 731 5220 502.
760 5162 1020 5219 Weitzius
1043 5174 1113 5215 ex
1148 5160 1218 5214 LI.
1249 5159 1438 5228 Bergio
1466 5160 1735 5228 observat,
1769 5162 1993 5217 fortasse
2022 5161 2099 5214 al-
2128 5167 2178 5227 ι)

539 5232 720 5288 ludere
748 5244 953 5303 poetam
981 5232 1047 5287 ad
1085 5231 1342 5285 rationale
1369 5231 1701 5303 MoisaicntnL
1707 5233 1847 5300 quod
1878 5242 1994 5287 erat
2043 5235 2094 5287 in

542 5300 758 5372 pectore
784 5304 1071 5372 pontificis,
1103 5316 1198 5355 suo
1226 5311 1416 5372 ornatu
1445 5300 1633 5372 induti.
1668 5301 1779 5370 Ego
1801 5302 1927 5356 nihil
1955 5303 2096 5356 aliud

541 5371 642 5444 hoc
673 5371 794 5427 loco
816 5376 1046 5444 reperio,
1089 5372 1187 5444 nisi
1229 5371 1570 5444 Prudentium
1614 5372 2095 5444 ecclesiasticornm

544 5441 695 5493 fama;
735 5440 1086 5505 consuluisse,
1117 5442 1275 5496 etiam
1315 5440 1440 5496 dum
1486 5442 1719 5495 avaritiae
1764 5444 1968 5495 crimen
2017 5443 2096 5496 eis

542 5509 873 5583 aliquatenus
912 5515 1112 5583 objicit.
1143 5513 1284 5568 Sane
1303 5511 1370 5566 de
1397 5510 1626 5577 ratione,
1656 5520 1712 5565 et
1748 5520 1945 5583 mente,
1978 5512 2099 5578 qui-

546 5581 643 5633 bus
670 5581 1076 5637 sacerdotes'sui
1107 5584 1360 5651 temporis
1399 5584 1738 5649 praestabant,
1782 5581 1943 5634 multa
1975 5596 2101 5637 vere

546 5656 755 5722 poterat
797 5652 1105 5722 praedicare,
1137 5650 1255 5706 cum
1287 5652 1431 5722 nullo
1461 5661 1699 5722 tempore
1739 5650 2007 5706 doctiores
2047 5652 2099 5706 in

545 5718 782 5778 Ecclesia
812 5721 912 5776 viri
949 5721 1242 5776 ﬂoruerint.
1283 5723 1381 5787 Qui
1413 5721 1512 5778 hac
1561 5718 1873 5794 tempestate
1919 5731 2100 5777 nostra

2205 5094 2369 5149 tentia
2402 5094 2657 5162 procedit.
2774 5094 2781 5095 ⁷
2916 5094 2919 5095 ⁷
3006 5094 3009 5095 ⁷
3172 5094 3177 5095 ⁷
3298 5140 3306 5147 .

2272 5159 2653 5229 513.⁷Ει·1”ιιιι.,
2687 5164 2803 5220 Vat.
2833 5162 2873 5216 C
2895 5179 2924 5216 a
2956 5163 3123 5232 prima
3150 5159 3641 5227 manu,durauit.ln
3665 5161 3765 5216 hoc

2206 5233 2324 5287 Vat.
2374 5249 2532 5299 supra
2566 5236 2820 5303 formavit.
2855 5232 3123 5288 Giselinus
3144 5234 3208 5286 ad
3238 5248 3409 5299 oram,
3454 5233 3675 5286 duravit.
3709 5232 3762 5285 In

2205 5303 2387 5366 Fuld.,
2418 5304 2561 5372 uigor
2589 5320 2713 5358 trra.
2740 5303 3005 5357 Giselinus
3048 5320 3111 5358 ex
3156 5305 3420 5373 plerisque
3463 5317 3594 5356 mss.
3626 5316 3764 5371 pra:-

2202 5376 2302 5443 fert
2326 5375 2463 5443 rigor
2491 5390 2506 5427 :
2535 5389 2653 5426 nam
2673 5375 2802 5426 dura
2828 5374 3008 5443 rigere,
3040 5389 3144 5443 non
3172 5374 3336 5443 vigere
3354 5373 3624 5435 dicuntur,

2272 5442 2399 5498 517⁷.
2438 5443 2667 5497 Imitatio
2710 5442 2938 5497 Maronis
2969 5456 3023 5496 ιιι
3067 5442 3285 5512 εἴδοις..
3328 5443 3392 5495 Et
3433 5458 3586 5511 genus
3621 5454 3767 5494 omne

2205 5515 2316 5566 neci
2341 5513 2594 5581 pecudum
2627 5515 2780 5576 dedit,
2803 5528 2973 5582 omne
3001 5515 3250 5582 ferarum.
3275 5512 3601 5567 Sententiam
3622 5525 3766 5582 eam-

2203 5584 2323 5638 dem
2354 5585 2630 5652 amplexus
2660 5591 2742 5636 est
2772 5580 3014 5652 Horatius
3046 5583 3139 5636 lib.
3183 5598 3243 5649 ιι,
3277 5598 3523 5637 sermone
3551 5584 3585 5636 5
3612 5580 3763 5633 :0m--

2206 5655 2283 5706 nis
2306 5651 2585 5721 enim’res:
2618 5652 2808 5715 Virtus,
2840 5651 2998 5721 fama,
3024 5653 3195 5720 decus,
3246 5652 3417 5721 divina
3443 5656 3768 5719 humanaque

2206 5723 2429 5791 pulchris
2458 5720 2659 5777 Divitiis
2688 5732 2883 5793 parent.
3406 5720 3409 5723 ’
