4154 6188
378 311 444 368 bl
1717 316 2154 372 PSYCHOMACII
2165 319 2182 372 1
2194 321 2250 373 Α.
3562 321 3633 377 62

557 421 739 488 Docta,
802 421 1015 476 indocta
1056 421 1236 485 simul,
1296 421 1474 488 bruta,
1545 436 1598 478 et
1650 427 1912 496 sapientia
1939 471 1954 493 ,
1985 435 2035 492 Α
2061 431 2164 484 550
2197 429 2454 497 oEgimus
2481 444 2511 484 e
2543 430 2789 486 Scariot?
2813 447 3041 502 magnus
3065 433 3154 503 qui
3181 432 3564 502 discipulorum

1681 533 1882 572 necnon

1681 533 1882 572 necnon

557 602 732 668 Casta,
759 602 960 656 incesta
993 617 1125 657 mea:
1153 613 1442 672 patuerunt
1472 517 1688 673 pector[a
1719 607 1950 662 dextrae.

556 694 676 749 Sola
702 694 867 762 igitur
911 695 1102 761 rapui,
1141 695 1394 763 quidquid
1439 696 1566 766 Styx
1597 697 1740 752 abdit
1781 701 1954 754 avaris

561 783 901 852 Gurgitibus:
933 782 1084 836 nobis
1112 783 1370 837 ditissima
1399 793 1596 839 tartara
1627 787 1844 852 debent,

557 876 700 943 Quos
729 876 981 938 retinent.
1029 876 1254 944 populos
1283 893 1297 928 :
1339 876 1480 946 quod
1513 878 1731 933 volvunt
1759 881 1950 936 stncula

1457 967 1716 1038 [nostrum
1749 979 1829 1025 est
1863 988 1876 1023 :

565 1059 711 1127 Quod
741 1059 930 1113 miscet
950 1058 1198 1123 mundus,
1220 1071 1416 1112 vesana
1441 1061 1668 1129 negotia,
1687 1070 1946 1116 nostrum.

561 1150 657 1216 Qui
690 1151 766 1216 fit,
796 1148 1112 1218 prtevalidas
1157 1149 1296 1218 quod
1337 1150 1544 1218 pollens
1591 1152 1760 1219 gloria
1810 1154 1948 1208 vires

561 1245 787 1310 Deserit,
811 1253 865 1299 et
885 1259 1063 1299 cassos
1095 1244 1232 1298 ludit
1261 1245 1468 1300 fortuna
1498 1247 1772 1300 lacertos?

555 1334 713 1405 633
729 1334 1260 1390 SordetChristicolis
1280 1335 1546 1388 rutilantis
1560 1335 1696 1389 fulva
1714 1346 1941 1390 moneta:

556 1427 798 1497 Effigies,
828 1427 1048 1482 sordent
1089 1426 1297 1496 argenti
1325 1427 1662 1491 emblemata,
1690 1437 1744 1482 et
1769 1429 1946 1481 omnis

555 1519 863 1574 Thesaurus
889 1520 1132 1588 nigrante
1159 1518 1328 1572 oculis
1352 1518 1560 1572 vilescit
1588 1519 1808 1573 honore.

553 1609 689 1675 Quid
727 1609 826 1664 sibi
857 1609 1014 1664 docta
1045 1607 1226 1663 volunt
1263 1608 1509 1675 fastidia?
1548 1607 1735 1663 Nonne
1767 1609 1951 1662 trium-

1697 1699 1879 1771 [phum

378 693 483 751 520

2237 523 2300 574 Et
2326 521 2544 575 conviva
2575 522 2692 589 Dei,
2726 523 2850 577 dum
2885 525 3022 579 fallit
3054 525 3258 580 findere
3292 539 3491 579 mensa:

2239 608 2651 682 Haudquaquam
2682 614 2950 692 ignarum,
2977 617 3322 686 dextramque
3351 616 3631 685 parapside

3346 707 3559 777 [jungit,

2231 792 2396 863 63d.
2441 795 2626 849 lncidit
2666 795 2720 848 in
2760 803 2999 849 nostrum
3037 795 3341 850 ﬂammante
3386 798 3632 865 cupidine

3348 887 3556 958 [tclnm,

2233 975 2478 1029 Infamem
2510 985 2772 1030 mercatus
2797 991 2979 1046 agrum
3002 977 3068 1030 de
3095 977 3350 1046 sanguine
3379 978 3535 1032 amici

2055 1067 2160 1120 555
2231 1065 2494 1130 Numinis,
2519 1066 2692 1119 obliso
2721 1066 2950 1120 luiturus
2976 1067 3160 1135 jugera
3194 1067 3350 1120 collo.

2231 1157 2449 1211 Viderat
2464 1167 2516 1211 et
2531 1156 2747 1211 Jericbo
2769 1159 2977 1227 propria
2993 1157 3130 1212 inter
3153 1159 3624 1225 funera,quantum

2227 1247 2413 1303 Posset
2476 1257 2656 1302 nostra
2697 1262 2925 1312 manus;
2985 1262 3103 1301 cum
3162 1248 3332 1302 victor
3397 1249 3629 1300 concidit

3322 1337 3341 1409 [
3366 1338 3570 1403 ACilati,

2229 1429 2472 1485 Ctedibus
2513 1430 2757 1499 insignis,
2799 1430 2985 1484 murali
3029 1438 3083 1484 et
3125 1437 3299 1499 strage
3337 1430 3624 1498 superbus,

2228 1519 2519 1574 Succubuit
2546 1529 2702 1588 capto
2725 1520 2876 1574 victis
2897 1534 2961 1572 ex
2988 1519 3227 1573 hostibus
3256 1534 3416 1572 auro:

2055 1609 2162 1664 510
2241 1610 2372 1663 Dum
2413 1609 2593 1664 vetitis
2646 1610 2850 1678 insigne
2887 1612 3065 1678 legens
3099 1607 3378 1662 anathema
3414 1607 3625 1675 favillis,

2234 1700 2422 1756 Maesta
2453 1700 2724 1754 ruinarum
2754 1700 2924 1769 Spolia
2957 1701 3266 1754 insatiabilis
3291 1698 3486 1756 baut-it.

1685 1788 1967 1844 GLOSSAE
2009 1787 2346 1844 VETERES.

447 1881 574 1937 518.
596 1880 783 1945 Bruta,
811 1880 993 1944 stulta,
1022 1881 1062 1933 l.

449 1953 574 2008 519.
605 1951 832 2012 Incesta,
860 1949 1146 2013 immunda,
1181 1949 1224 2005 1.

449 2021 573 2076 520.
607 2022 755 2090 Styx,
787 2021 1038 2090 infernus,
1063 2019 1130 2071 ad
1151 2020 1403 2090 infernum
1427 2021 1584 2086 vadit,
1610 2021 1650 2074 Ι.

449 2091 574 2145 52!.
605 2089 932 2157 Gurgitibus,
961 2090 1282 2159 ﬂuminibus,
1316 2089 1355 2143 1.

447 2161 574 2215 525.
607 2160 757 2230 Quod
789 2161 995 2224 miscet,
1016 2163 1152 2229 quod
1179 2161 1286 2230 agit
1311 2159 1531 2214 mundus
1555 2161 1694 2225 mali,
1724 2161 1762 2214 Ι.

449 2230 576 2285 52-1.
611 2229 790 2295 Vires,
812 2232 1013 2282 virtutes
1038 2247 1177 2295 suas,
1202 2229 1245 2284 l.

449 2298 572 2354 525.
602 2301 812 2365 (lassos,
841 2301 1064 2353 inutiles.
1090 2328 1161 2340 —
1189 2300 1364 2366 Ludit,
1394 2299 1570 2353 delusa
1597 2308 1691 2354 est.
1716 2329 1782 2340 ——
1813 2299 1942 2354 For-

379 2377 525 2435 tuna,
560 2370 779 2439 felicitas
801 2379 996 2437 nostra,
1034 2371 1072 2422 Ι.

1980 1884 2027 1942 Β

2130 1882 2254 1936 526.
2284 1881 2466 1946 Fulva,
2491 1883 2666 1947 rubra,
2693 1882 2734 1934 1.

2127 1953 2251 2021 527,
2281 1952 2631 2018 Emblemata,
2661 1953 2858 2021 ﬁgurte,
2888 1954 2964 2006 rel
2991 1952 3339 2018 abundaiuiar,
3369 1950 3412 2008 l.

2121 2020 2244 2075 59.8.
2279 2022 2551 2090 Nigrante,
2583 2020 2828 2090 dispecta,
2862 2024 2900 2075 Ι.

2122 2090 2246 2162 552.
2282 2092 2714 2162 liaudquaquam,
2746 2108 3083 2162 nequaquam,
3122 2093 3160 2152 L

2121 2159 2244 2214 555.
2279 2159 2628 2224 Flammante,
2659 2161 2886 2226 ardente,
2918 2159 2959 2217 i.

2123 2230 2240 2285 554.
2274 2230 2549 2294 Infamem,
2582 2231 2947 2298 detestabilem,
2976 2231 3014 2286 l.'

2123 2301 2248 2355 555.
2275 2300 2531 2363 Numinis,
2559 2301 2746 2369 dei/iri,
2773 2301 2806 2353 Ι.

2124 2371 2249 2426 559.
2278 2370 2584 2432 Succubuit,
2618 2371 2996 2426 scilicetnostra
3019 2374 3354 2444 suggestione,
3391 2375 3430 2429 l.

1714 2457 2272 2516 COMMENTARIUS.

450 2570 574 2625 522.
608 2571 664 2624 In
688 2571 840 2636 Man,
858 2569 1271 2638 retinet,recenti
1293 2584 1454 2623 manu
1483 2569 1616 2624 scite
1645 2580 1945 2625 correctum

380 2656 478 2710 per
499 2643 739 2694 retinent.

457 2711 582 2766 525.
618 2711 672 2765 ln
704 2711 824 2766 Rat.
855 2710 1187 2766 desideratur
1209 2719 1300 2772 est.
1335 2719 1394 2764 ut
1415 2711 1464 2763 in
1501 2709 1768 2778 plerisque
1789 2709 1945 2764 editis

377 2790 435 2836 et
471 2795 601 2834 mss.
650 2781 705 2834 In
731 2781 854 2834 Ald.
898 2791 950 2834 et
971 2786 1106 2850 Ang.
1161 2790 1334 2836 exstat
1380 2789 1609 2834 nostrum
1645 2788 1718 2832 est
1756 2779 1944 2835 eodem

380 2850 542 2904 modo
566 2865 629 2904 ac
654 2851 706 2904 in
736 2865 893 2905 versu
920 2852 1206 2916 superiori.

449 2920 580 2976 52L
613 2919 668 2973 In
698 2921 824 2973 Rat.
848 2919 943 2973 fuit
968 2921 1095 2988 quid
1115 2922 1193 2986 ﬁt,
1217 2921 1313 2976 sed
1343 2919 1538 2974 factum
1559 2927 1643 2975 est
1666 2919 1750 2986 qui
1773 2919 1850 2986 lit.
1886 2919 1940 2974 lu

375 2990 660 3059 Mar.,qui;
687 2995 751 3043 au
775 3005 945 3054 oram,
973 2990 1047 3044 vel
1071 2992 1195 3060 quid
1217 3001 1310 3044 est.
1331 2990 1505 3053 Sich.,
1523 2988 1650 3060 editi
1679 2989 1936 3060 nonnulli,

383 3061 548 3129 quid,
590 3074 707 3131 cum
757 3059 1089 3131 Bong.,_ubi
1137 3061 1260 3131 quid
1310 3062 1397 3115 sit.
1443 3059 1707 3128 Plerique,
1742 3059 1939 3127 quiﬁt.

374 3136 516 3198 Aug.
547 3141 601 3183 et
630 3129 771 3192 Vat.,
795 3129 856 3194 C,
885 3129 1004 3198 quid
1030 3129 1110 3198 ﬁt.

444 3200 576 3255 5:26.
605 3201 762 3268 Ang.,
786 3199 952 3266 {arma
973 3210 1213 3265 moneris;
1235 3201 1350 3268 lege
1378 3200 1536 3268 fulva.

445 3269 573 3324 528.
591 3267 807 3330 Weitz.,
832 3270 1096 3340 migrante,
1118 3285 1182 3323 ex
1207 3267 1428 3324 Piccarti
1451 3268 1594 3333 cod.;
1617 3267 1707 3322 alii
1733 3282 1940 3335 omnes,

381 3341 638 3408 nigrante,
671 3355 785 3407 quac
812 3355 985 3392 vertor
1006 3346 1086 3393 est
1115 3340 1292 3394 lectio.

2052 2571 2334 2645 \jleitzins.
2359 2571 2480 2645 Ald.
2510 2581 2562 2624 et
2587 2571 2768 2634 Fabr.,
2795 2571 3122 2645 dextramque
3152 2576 3424 2645 paropside
3452 2575 3621 2645 tingit.

2051 2640 2340 2714 Eiselinns,
2363 2642 2972 2714 dextrainqueyaropside
2983 2640 3173 2714 jungit,
3201 2644 3264 2696 ad
3282 2640 3429 2697 cram
3452 2640 3623 2714 tingit.

2049 2709 2208 2764 Multa
2243 2711 2486 2782 Heinsius
2517 2710 2584 2762 de
2604 2710 2980 2782 orthographia
3011 2709 3164 2773 liuius
3191 2714 3333 2766 vocis
3363 2709 3619 2782 parapsis,

2047 2796 2205 2847 quam
2237 2779 2448 2847 praefert
2474 2779 2754 2848 parapsidi,
2803 2781 3042 2847 quamvis
3080 2782 3307 2834 fateatur
3359 2779 3619 2848 quosdam
3698 2839 3700 2841 .

2049 2852 2121 2904 ita
2142 2851 2485 2916 distinguere,
2519 2859 2574 2902 ut
2603 2849 2834 2920 parapsis
2859 2849 2931 2920 sit
2956 2851 3175 2920 scutella
3209 2854 3432 2914 escaria,
3462 2869 3620 2920 para-

2049 2922 2154 2990 psis
2187 2922 2423 2992 ἐμϐἀφιον
2458 2920 2538 2971 vel
2584 2917 2970 2992 oEuC’éptoe._in
3021 2919 3292 2992 glossariis
3352 2917 3621 2976 veteribus

2053 2985 2286 3056 parapsis
2314 2985 2396 3043 est
2433 2985 2762 3059 acetabulum
2804 2985 2971 3059 majus
2997 2999 3051 3059 et
3083 2991 3445 3059 suffusoriutn,
3477 2993 3620 3059 quod

2051 3061 2212 3130 aliqui
2242 3060 2472 3130 catinum
2504 3057 2790 3130 appellant.
2811 3058 2960 3130 Apud
2989 3057 3046 3112 S.
3077 3058 3356 3121 lsidorum,
3386 3057 3620 3130 Etymol.

2051 3125 2155 3182 lib:
2167 3146 2254 3192 xx,
2273 3145 2389 3197 cap.
2416 3129 2469 3190 4,
2494 3137 2574 3180 est
2595 3125 3001 3197 quadrangulum
3020 3137 3064 3178 et
3084 3125 3484 3197 quadriluterum
3511 3148 3618 3194 ras,

2050 3199 2106 3252 id
2134 3210 2224 3265 est,
2244 3189 2462 3264 'par'ibus
2484 3189 2689 3250 obsidis.
2715 3189 3380 3259 Alii'scribunt'absidibus.
3412 3210 3466 3253 et
3488 3189 3621 3254 Pau;

2051 3268 2189 3323 linus
2219 3269 2511 3333 dubitabat,
2537 3266 2669 3319 absis
2693 3281 2760 3318 an
2781 3267 2955 3318 absida
2977 3267 3078 3320 dici
3101 3267 3338 3322 deberet.
3370 3269 3620 3322 Barthius

2051 3353 2118 3392 ex
2157 3353 2254 3392 suo
2288 3339 2474 3409 codice
2513 3337 2638 3405 legit
2680 3336 2956 3409 parapside
2986 3339 3180 3406 jungit,
3222 3353 3283 3390 ac
3323 3349 3476 3409 negat
3518 3341 3620 3409 legi

448 3395 574 3463 529.
607 3395 765 3477 Aug,
795 3410 1016 3478 fastigia,
1047 3425 1151 3463 non
1183 3408 1431 3472 absurde,
1460 3423 1556 3476 pro
1579 3408 1807 3475 fastidia.
1842 3407 1945 3460 Ne-
1975 3395 2018 3454 C
2051 3422 2208 3475 posse
2239 3408 2420 3476 tingit:
2465 3395 2592 3459 nonv
2607 3395 2747 3478 enim
2795 3395 3013 3478 manuni
3057 3395 3287 3476 tingebat
3329 3395 3614 3477 invpatiua',

374 3477 660 3532 brissensis
685 3477 1192 3544 explicat’numines,
1218 3481 1303 3548 qui
1338 3479 1613 3532 thesauros
1645 3478 1938 3530 fastidiunt.

375 3548 605 3616 ltttelligi
646 3560 821 3616 potest
851 3550 1000 3602 docta
1037 3549 1269 3618 fastidia,
1295 3549 1430 3601 docti
1462 3549 1705 3610 homines,
1745 3548 1948 3618 scilicet

375 3620 705 3681 sacerdotes,
731 3619 796 3672 de
818 3621 1006 3686 quibus
1033 3616 1170 3672 nunc
1199 3620 1392 3688 agitur,
1422 3618 1580 3683 fastu,
1613 3626 1665 3671 et
1698 3616 1948 3684 superbia

375 3688 448 3740 ob
473 3689 767 3741 doctrinam
802 3689 942 3751 elati,
974 3689 1242 3741 autetiam
1279 3691 1552 3756 pecuniam
1597 3688 1943 3740 fastidientes.

377 3757 527 3812 Ald..
555 3757 734 3818 Alex..
772 3757 910 3810 Vatt.
941 3758 1000 3821 Ε,
1025 3760 1091 3822 0,
1121 3758 1275 3821 Man,
1307 3758 1451 3818 Rat.,
1481 3757 1694 3820 Vienn.,
1729 3757 1943 3820 Weitz.,

381 3828 634 3896 praecipui
661 3827 950 3885 Heinsiani,
973 3829 1189 3894 aliique,
1223 3843 1386 3881 nonne
1407 3824 1948 3896 triumphumEgimus

375 3911 439 3949 ea:
466 3895 733 3966 Schariot.
765 3899 820 3966 ln
850 3897 1161 3964 quibusdam
1193 3898 1384 3966 egimus
1414 3913 1439 3948 e
1469 3895 1764 3951 Scliarioth.
1800 3896 1948 3948 Meu-

374 3967 510 4036 dose
541 3966 592 4018 in
636 3965 752 4036 Vat.
791 3965 855 4029 (ἶ,
896 3967 1088 4036 egimus
1127 3965 1441 4031 Excariotlt;
1471 3974 1526 4019 et
1566 3969 1619 4018 in
1662 3967 1825 4033 Ang.,
1868 3966 1948 4018 Ea:

375 4035 654 4089 Scharioth
707 4036 914 4104 egimus.
956 4037 1223 4090 Giselinus
1268 4037 1446 4104 nescio
1482 4051 1586 4103 quo
1624 4043 1841 4088 aurtnre
1895 4037 1943 4087 in

377 4114 553 4168 textu,
596 4103 760 4176 nonne
805 4105 1062 4176 triumpho
1102 4104 1312 4176 Egimus
1348 4103 1657 4158 Ischariotlt.
1702 4105 1843 4176 idem
1893 4107 1944 4158 in

373 4190 554 4244 marg.
583 4174 618 4226 2
647 4179 797 4235 edit.,
836 4184 889 4227 et
919 4175 968 4228 in
1005 4174 1160 4229 textu
1189 4176 1214 4228 1
1253 4176 1403 4236 edit.,
1434 4192 1600 4228 nonne
1635 4175 1945 4244 triumphant

375 4243 595 4312 Egimus
645 4260 670 4296 e
713 4243 1002 4298 Scharioth.
1046 4244 1302 4309 Gifanius,
1344 4245 1625 4313 triumphos
1664 4246 1856 4311 egimus
1884 4261 1946 4298 ea:

377 4314 623 4366 Scariot:
652 4330 767 4365 nam
795 4315 863 4366 ita
898 4324 1104 4368 veteres
1135 4317 1337 4369 iOCUlUS
1367 4314 1616 4368 affirmat.
1655 4314 1784 4368 Vide
1807 4314 1946 4369 ludi-

374 4398 495 4437 ccm
523 4383 750 4436 Lucretii
769 4385 930 4437 verbo
959 4384 1162 4438 Vcsrts.

446 4455 574 4506 550.
603 4451 817 4516 Weitz.,
853 4453 994 4508 Vatt.
1016 4454 1075 4514 Ο.
1102 4454 1164 4520 G,
1197 4453 1265 4518 Ο,
1301 4454 1412 4508 Pal.
1443 4469 1472 4508 a
1498 4454 1728 4510 secunda
1760 4469 1940 4517 manu,

373 4538 624 4584 autumas,
656 4537 776 4574 cum
818 4523 985 4585 Sich.,
1031 4524 1241 4589 Vienn.,
1271 4534 1324 4578 et
1357 4525 1487 4580 Mar.
1529 4539 1556 4576 a
1587 4524 1817 4577 secunda
1856 4540 1943 4576 re-

374 4591 522 4644 centi
554 4606 731 4644 manu.
766 4592 954 4646 Caneri
978 4595 1145 4647 nostri
1172 4605 1226 4648 et
1252 4596 1644 4661 priestantiores
1673 4593 1943 4648 Ileinsiaui

377 4676 502 4712 cum
537 4662 689 4724 Aldo,
713 4661 950 4716 Giselino
972 4672 1024 4716 et
1057 4664 1196 4725 aliis,
1234 4681 1465 4733 magnus.
1498 4665 1662 4717 Casus
1693 4663 1940 4733 gignendi

2053 3474 2145 3531 Sed
2177 3478 2298 3530 huic
2317 3474 2502 3544 utique
2521 3476 2796 3543 jungebat.
2825 3475 2928 3529 Sed
2953 3474 3176 3530 fortasse
3202 3488 3388 3545 argute
3414 3474 3618 3532 dicere;

2053 3555 2158 3616 tur,
2179 3547 2365 3601 ludam
2392 3561 2602 3598 manum
2635 3548 2799 3613 ipsam
2819 3545 2871 3598 in
2899 3545 3072 3614 patina
3098 3548 3327 3616 tinxisse,
3354 3559 3412 3601 ut
3431 3549 3618 3603 Sordes

2051 3615 2278 3670 hominis
2307 3626 2631 3669 notarentur.

2118 3688 2240 3741 551.
2284 3685 2439 3756 Judtc
2471 3684 2706 3756 ascribit,
2753 3693 3042 3756 mercatum
3098 3687 3261 3742 fuisse
3315 3703 3496 3756 agrum
3546 3689 3615 3743 de

2048 3757 2306 3824 sanguine
2340 3754 2516 3825 amici,
2549 3754 2690 3821 quod
2724 3754 2960 3825 acceptis
2987 3757 3053 3809 ab
3091 3771 3157 3810 eo
3185 3754 3448 3825 argenteis
3478 3763 3617 3824 prin-

2048 3823 2192 3893 cipes
2220 3823 2580 3885 sacerdotum,
2609 3831 2662 3876 et
2691 3823 2930 3893 seniores
2965 3825 3110 3877 illum
3151 3823 3344 3878 fuerint
3375 3823 3616 3880 mercati.

2047 3891 2346 3949 Notandum
2398 3894 2557 3947 etiam
2582 3901 2678 3946 .est
2725 3891 2865 3959 loqui
2907 3894 3206 3957 avaritiam,
3240 3911 3303 3946 ex
3343 3895 3492 3962 cujus
3522 3910 3618 3950 ore

2049 3980 2152 4019 non
2182 3967 2375 4019 mirum
2428 3971 2530 4027 est,
2562 3963 2606 4015 si
2637 3962 2844 4015 diverso
2868 3962 3044 4025 modo,
3079 3977 3140 4016 ac
3169 3975 3480 4020 evenerunt.
3527 3979 3615 4018 res

2047 4045 2378 4090 enarrentur.
2412 4033 2517 4088 Sed
2550 4031 2866 4101 Prudentius
2899 4031 3073 4099 potius
3102 4035 3394 4101 respexerit
3439 4033 3615 4086 locum

2046 4119 2109 4157 ex
2146 4107 2263 4160 Act.
2291 4103 2518 4169 apostol.
2551 4118 2588 4166 ι,
2622 4101 2717 4155 18ε
2752 4100 2816 4153 Et
2847 4101 2926 4152 hic
2952 4102 3153 4167 quidem
3186 4100 3402 4170 possedit
3433 4120 3617 4168 agrum

2047 4175 2109 4228 de
2141 4176 2367 4228 mercede
2408 4172 2708 4240 iniquitatis,
2748 4181 2796 4223 et
2845 4186 3116 4241 suspensus
3161 4174 3352 4240 crepuit
3396 4171 3616 4226 me‘dius.

2046 4245 2146 4300 Ubi
2179 4245 2339 4299 Judas
2377 4242 2572 4313 dicitur
2610 4242 2832 4307 ﬁgurate
2882 4241 3183 4310 possedisse
3231 4258 3437 4309 agrum,
3486 4246 3610 4313 quia

2047 4316 2240 4383 pretio,
2272 4313 2413 4382 quod
2445 4312 2557 4383 ipsi
2573 4313 2898 4383 datutn_est,_
2917 4321 3127 4383 emptus
3154 4321 3236 4365 est
3256 4327 3400 4380 ager.

2117 4384 2238 4438 555.
2269 4379 2433 4437 Aldus
2464 4379 2480 4448 ,
2511 4381 2666 4444 eliso;
2707 4379 2815 4446 alii,
2849 4380 3026 4433 obliso.
3063 4381 3192 4434 Vide
3223 4379 3384 4449 supra
3416 4395 3618 4436 comm.

2043 4453 2109 4507 ad
2137 4469 2275 4507 vers.
2301 4451 2421 4508 551.

2118 4523 2245 4578 557.
2289 4522 2430 4587 nat.,
2472 4519 2688 4581 decidit;
2726 4517 2836 4583 alii,
2894 4519 3132 4574 concidit.
3182 4519 3284 4574 Pro
3323 4519 3496 4574 Acltan
3533 4521 3620 4580 vel

2045 4593 2218 4646 Achar
2247 4592 2486 4647 nonnulli
2511 4589 2720 4642 Aeliam.

2117 4664 2246 4717 558.
2277 4666 2434 4730 Ang.,
2465 4657 2649 4730 murali
2673 4666 2840 4730 strage
2864 4657 2982 4730 sine
3007 4669 3073 4712 et.

376 4747 756 4810 t_t_ttn_t_nagnus,
785 4742 852 4810 ut.
875 4743 1122 4810 notatum_
1141 4743 1224 4810 est
1263 4727 1460 4804 himuo
1495 4737 1562 4810 id
1589 4727 1773 4796 Catth
1798 4749 1941 4788 vers.
1971 4747 2026 4806 ι)
2279 4727 2562 4810 llis—teriam
2582 4728 2728 4810 ‘hanc
2754 4727 2822 4810 de
2844 4727 3038 4792 Achar,
3073 4729 3292 4810 sive,_ut
3322 4729 3371 4782 in
3394 4728 3616 4810 Vulgata

373 4799 464 4852 77.
512 4799 759 4854 Heinsius
803 4801 1052 4862 observat
1097 4799 1438 4857 Judam'uon
1493 4803 1654 4856 fuisse
1691 4819 1945 4856 summum

379 4869 697 4940 discipulum
746 4870 966 4936 Christi,
1019 4873 1254 4940 adeoque
1302 4878 1508 4940 penitus
1556 4872 1942 4936 cxplodendam

376 4939 657 4993 lectionem
679 4957 924 4994 summus.
959 4941 1062 4996 Sed
1085 4939 1204 4995 cum
1230 4939 1447 4994 avaritia
1477 4943 1576 4996 hoc
1607 4943 1726 4995 loco
1749 4943 1946 4996 oratio-

379 5024 503 5078 nem
525 5011 734 5076 habeat,
767 5011 992 5064 fortasse
1015 5020 1166 5078 poeta
1194 5027 1308 5066 eam
1336 5013 1586 5066 inducere
1609 5011 1772 5065 voluit
1800 5014 1946 5066 falsis

379 5077 624 5148 laudibus
645 5091 801 5132 Suum
831 5077 1140 5148 praeclarum
1161 5083 1438 5135 alumnum
1462 5084 1842 5136 cumulantem.
1867 5083 1943 5136 Ex

383 5145 590 5220 Weitzii
617 5145 888 5220 Opinione,
924 5151 1012 5217 qui
1040 5168 1267 5204 summus
1296 5153 1480 5218 edidit,
1507 5153 1560 5206 id
1588 5152 1788 5207 ironice
1813 5152 1940 5220 dici,

376 5217 470 5271 ubi
506 5217 690 5287 legerit
718 5219 956 5282 Teolius,
982 5236 1084 5274 non
1111 5222 1342 5275 invenio.

442 5287 567 5361 551.
602 5289 818 5361 Vieun.,
849 5291 1026 5351 Fnld..
1061 5289 1282 5357 Widm.,
1314 5291 1504 5361 [rudera
1531 5307 1732 5345 menste.

441 5358 566 5411 552.
623 5361 698 5412 Ita
749 5359 944 5413 habent
993 5358 1322 5416 vetustiores
1354 5361 1642 5415 lleinsiani.
1694 5361 1749 5413 ln
1800 5361 1942 5425 Put.,

367 5428 657 5502 dentraque
680 5432 948 5502 parabside
976 5431 1178 5502 jungit;
1207 5445 1258 5485 et
1286 5435 1363 5485 sic
1398 5431 1547 5502 multi
1587 5429 1823 5502 scribunt
1853 5448 1944 5499 pa-

367 5499 592 5551 rabside.
617 5500 794 5553 Nusu'i
823 5499 1002 5565 etiam,
1032 5500 1187 5564 Man,
1219 5502 1362 5562 liat.,
1391 5501 1565 5564 Alex.,
1611 5501 1749 5552 Vatt.
1781 5500 1844 5564 C,
1877 5502 1938 5563 υ,

364 5568 431 5632 G,
460 5569 525 5631 υ,
549 5571 874 5636 dextramque
908 5571 1180 5638 parapside
1218 5573 1413 5640 jungit.
1440 5571 1492 5624 In
1527 5569 1714 5624 Vienn.
1751 5571 1939 5624 eodem

366 5641 553 5709 modo,
585 5641 678 5692 sed
706 5639 1037 5693 desideratur
1062 5641 1366 5708 conjunctm
1398 5657 1493 5707 que
1530 5652 1645 5709 post
1685 5643 1938 5694 dextram.

362 5708 680 5762 Cuttsouant
716 5711 909 5764 nostris
943 5709 1181 5766 Gifanius
1219 5712 1332 5765 lud.
1370 5708 1608 5766 Lttcl'ritt
1646 5711 1856 5778 Vesus,
1885 5718 1939 5766 et

2051 4802 2284 4856 editione
2315 4803 2527 4868 legitur,
2562 4797 2757 4859 Achan,
2791 4796 2905 4864 lege
2933 4813 3052 4867 cap.
3098 4815 3166 4853 \‘It
3197 4799 3378 4864 Josue,
3407 4796 3546 4852 vers.
3585 4799 3613 4852 1

2051 4881 2105 4927 ει
2131 4886 2279 4927 6600.

2123 4888 2354 4997 Sigilbe
2391 4953 2522 4992 voce
2569 4938 2836 4992 anathema
2879 4948 2931 4992 τι
2977 4939 3271 5007 quantitate
3309 4936 3616 5007 penultimte

2050 5026 2242 5079 magna
2269 5018 2351 5065 est
2378 5011 2760 5079 controversia.
2794 5009 2897 5062 Alii
2930 5006 3153 5079 censent
3207 5021 3419 5074 semper
3444 5006 3618 5079 corri-

2051 5076 2320 5149 piendam,
2351 5079 2462 5132 sive
2487 5077 2764 5130 donarium
2804 5093 3035 5149 sacrum,
3067 5078 3177 5149 sive
3205 5076 3617 5128 excommunica-

2051 5146 2235 5203 tionem
2265 5150 2552 5218 significet.
2579 5148 2677 5200 Alii
2710 5148 3097 5218 corripiendant
3137 5146 3346 5218 docent,
3374 5159 3494 5196 cum
3525 5159 3616 5218 ac-

2046 5221 2239 5288 cipitur
2263 5213 2355 5288 pro
2384 5213 2945 5281 excommuniCatione,
2972 5213 3381 5288 producendam,
3401 5215 3614 5281 quando

2049 5285 2162 5343 rem
2211 5285 2328 5359 quze
2363 5289 2467 5344 Deo
2506 5296 2815 5359 consecrata
2843 5298 2923 5339 cst
2969 5285 3227 5359 significat
3263 5299 3276 5333 :
3321 5298 3441 5359 nam
3485 5291 3611 5359 tunc

2049 5352 2240 5412 Graece
2272 5376 2365 5427 per
2393 5382 2423 5416 η
2444 5357 2709 5418 scribitur,
2728 5365 2799 5427 _ut
2825 5371 2942 5427 cap.
2987 5352 3532 5427 cit...los_ne_aliisque
3557 5353 3612 5407 in

2049 5420 2357 5483 locissacrze
2385 5429 2694 5495 Scriptum.
2725 5420 3004 5495 llicriulius
3024 5421 3134 5474 Ind.
3154 5420 3344 5490 syllab.
3362 5434 3608 5495 controv.

2049 5513 2167 5552 cum
2198 5497 2390 5552 Carolo
2427 5492 2696 5564 Stephano
2726 5505 2778 5546 et
2812 5493 2974 5548 Suitla
3011 5498 3174 5564 tenet,
3207 5492 3406 5544 utrovis
3447 5507 3612 5546 sensu

2048 5569 2242 5637 corripi
2271 5579 2324 5622 et
2353 5561 2567 5637 produci
2596 5577 2770 5632 posse,
2801 5577 2920 5614 cum
2952 5561 3154 5614 utrovis
3189 5575 3350 5615 sensu
3379 5577 3473 5630 per
3501 5585 3532 5622 η
3557 5572 3612 5617 et

2046 5653 2140 5709 per
2163 5636 2380 5709 epossit
2400 5636 2584 5689 scribi.

2116 5699 2240 5763 5-H.
2271 5707 2479 5772 Vienn.,
2512 5709 2667 5772 festa;
2695 5702 2807 5769 alii,
2844 5711 3037 5757 ntmsta.
3073 5699 3188 5759 Non
3218 5701 3448 5759 absurde
3478 5702 3609 5768 [cata
