4154 6188
500 296 568 352 6‘5
1620 286 1892 344 AURELII
1931 286 2300 343 PRUDENTII
2339 286 2664 346 CARMINA.
3696 291 3770 349 ὃὸ

674 402 789 458 Non
819 403 968 458 illum
995 414 1254 474 generosa
1278 398 1472 463 tribus,
1515 411 1622 452 non
1655 398 1825 466 plebis
1850 396 2004 451 avitae
2102 398 2154 461 Α

677 496 821 549 Juvit
839 495 1202 562 Judaparens,
1221 491 1437 546 Christo
1456 490 1772 559 quandoque
1783 490 2080 558 propinquo

684 586 910 651 Nobilis,
941 594 996 640 et
1024 585 1113 639 tali
1144 583 1268 637 felix
1299 582 1596 651 patriarcha
1622 589 1837 649 nepote.

681 678 842 749 635
872 678 1034 745 Queis
1079 675 1250 746 placet
1285 673 1588 742 exemplum
1617 673 1847 740 generis,
1879 671 2082 740 placeat

1126 768 1133 771 “
1517 777 1526 784 ·
1574 761 1805 832 [quoque
1831 762 2002 815 forma

676 857 841 914 Exilii
872 876 884 911 :
910 856 977 912 sit
1003 871 1156 926 pmna
1185 853 1396 919 eadem,
1419 853 1611 921 quibus
1640 863 1692 908 et
1718 867 1886 921 genus
1918 865 2080 905 unum

1886 940 2008 1013 [est.

675 1039 813 1106 Quid
839 1053 1016 1092 moror
1044 1048 1134 1091 aut
1161 1036 1313 1091 ludas
1343 1035 1645 1104 populares,
1670 1043 1760 1088 aut
1790 1035 2079 1103 populares

676 1129 958 1184 Sacricola‘.
993 1129 1184 1183 summi
1217 1134 1482 1197 (summus
1511 1143 1631 1180 natu
1677 1126 1845 1180 fertur
1873 1125 2078 1193 Aaron)

675 1221 886 1276 Fallere
912 1221 1097 1276 fraude
1125 1221 1330 1288 aliqua,
1367 1206 1548 1274 Martis
1575 1217 1958 1288 congressibus
1981 1218 2082 1270 im-

1851 1307 1969 1379 [par
1989 1308 2012 1362 i

677 1404 760 1459 Nil
790 1403 974 1472 refert,
1004 1403 1169 1458 armis
1183 1403 1458 1471 contingat
1481 1401 1674 1470 palma,
1699 1399 1928 1454 dolisve.

681 1496 921 1563 Dixerat,
961 1507 1014 1549 et
1044 1506 1247 1549 torvam
1280 1492 1493 1559 faciem,
1525 1491 1839 1560 furialiaque
1864 1503 2010 1543 arma

678 1587 868 1650 Exuit,
911 1587 1070 1656 inque
1110 1585 1348 1640 habitum
1378 1598 1500 1639 sese
1539 1581 1888 1637 transformat
1919 1578 2084 1635 hone-

1827 1671 2010 1744 [stum.

505 677 610 733 545

504 1406 608 1489 550

679 1767 767 1824 Fit
792 1768 963 1824 virtus
1009 1769 1208 1838 specie,
1260 1768 1539 1837 vultuque,
1588 1776 1644 1821 et
1670 1773 1821 1820 veste
1849 1778 2034 1819 severa
2061 1803 2075 1824 ,
2110 1765 2156 1826 Β

681 1862 849 1926 Quam
873 1869 1174 1915 memorant
1217 1858 1385 1928 frugi,
1435 1871 1596 1928 parce
1617 1856 1703 1912 cui
1730 1857 1912 1909 vivere
1933 1853 2082 1908 cordi

735 2001 738 2006 ,
888 1946 890 1948 ’
1887 1945 2011 2018 [est,

509 2040 613 2096 555
687 2041 751 2097 Ει
791 2056 1008 2098 servare
1051 2057 1250 2099 suum:
1282 2049 1530 2112 tanquam
1564 2040 1639 2095 nil
1687 2047 1860 2120 raptet
1888 2052 2084 2103 avare,

2356 398 2499 454 Artis
2529 400 2858 454 adumbratae
2887 398 3100 465 meruit,
3123 414 3220 456 ceu
3245 400 3451 466 sedula,
3473 400 3706 461 laudem.

2357 489 2520 558 636
2551 489 2719 557 llujus
2747 505 2806 544 se
2827 489 3008 558 specie
3032 490 3261 544 mendax
3288 490 3504 546 Bellona
3528 504 3763 562 coaptat,

2358 577 2473 632 Non
2507 589 2561 632 ut
2605 594 2762 633 avara
2805 579 2941 644 lues,
2988 580 3082 634 sed
3111 581 3279 634 virtus
3316 596 3476 648 parca
3508 593 3719 650 putetur
3748 602 3764 639 :

2364 671 2576 725 Necnon
2607 681 2662 726 et
2699 682 2882 726 tenero
2911 672 3122 741 pietatis
3153 672 3385 741 tegmine
3405 674 3585 728 crines

2367 762 2575 830 Obtegit
2606 763 2886 832 anguinos,
2915 773 2970 816 ut
2991 761 3215 817 candida
3247 763 3384 830 palla
3412 765 3668 818 latentem

2362 853 2672 908 Dissimulet
2695 853 2914 920 rabiem,
2941 853 3164 925 diroque
3191 857 3405 909 obtenta
3447 855 3650 922 furori,

2359 942 2512 1008 Quod
2540 957 2750 1013 rapere,
2778 950 2834 998 et
2875 944 3088 1014 clepere
3111 953 3212 1011 est,
3251 945 3511 1013 avideque
3539 945 3764 1000 abscon-

3319 1035 3481 1108 [dere
3511 1046 3655 1106 parta
3671 1081 3688 1106 ,

2357 1124 2608 1177 Natorum
2639 1138 2820 1178 curam
2848 1124 2992 1179 dulci
3028 1124 3129 1180 sub
3153 1126 3369 1180 nomine
3395 1128 3583 1195 jactet.

2361 1219 2576 1273 Talibus
2601 1217 2825 1274 illudens
2849 1219 2986 1274 male
3015 1218 3231 1274 credula
3257 1219 3415 1273 corda
3445 1221 3680 1275 virorum

2363 1309 2518 1364 Fallit
2539 1309 2895 1378 imaginibus;
2929 1319 3223 1364 monstrum
3256 1309 3421 1364 ferale
3442 1321 3758 1378 sequuntur,

2359 1400 2490 1454 Dum
2518 1401 2746 1456 credunt
2768 1399 2977 1455 virtutis
3003 1413 3138 1469 opus
3171 1417 3186 1453 :
3227 1399 3371 1468 capit
3411 1401 3569 1468 impia
3606 1401 3761 1456 Erin-

3187 1498 3193 1504 ε
3571 1491 3689 1564 [uys

2358 1584 2632 1638 Consensu
2659 1583 2864 1648 faciles,
2909 1584 3239 1654 manicisque
3260 1583 3536 1639 tenacibus
3564 1590 3758 1639 arctat.

2360 1673 2611 1728 Attonitis
2632 1673 2875 1742 ducibus,
2921 1673 3349 1743 perturbatisque
3375 1673 3649 1742 maniplis,

2357 1763 2583 1818 Nutabat
2601 1763 2856 1818 virtutum
2887 1764 3029 1818 acies
3053 1779 3238 1819 errore
3285 1763 3528 1817 biformis

2189 1855 2294 1912 570
2367 1854 2624 1916 Portenti,
2657 1853 2928 1922 ignorans,
2958 1852 3085 1922 quid
3109 1853 3340 1907 amicum
3364 1852 3548 1907 credat
3578 1852 3761 1918 inillo,

2366 1943 2571 2011 Quidve
2603 1942 2795 1998 hostile
2824 1949 2973 1998 notet
3002 1958 3018 1997 :
3059 1942 3258 1999 Icthum
3281 1943 3549 2008 versatile,
3569 1951 3623 1996 et
3666 1957 3763 1996 an.

3547 2034 3693 2105 [ceps

2192 761 2296 818 560

2185 1310 2290 1367 565
2307 1367 2316 1375 ,

1796 2167 2080 2228 GLOSS/E
2120 2170 2455 2226 VETERES.

578 2304 701 2359 545.
728 2306 965 2374 Christo,
994 2308 1264 2362 adventum
1298 2306 1490 2362 Christi
1510 2307 1652 2370 dicit,
1681 2306 1724 2360 1.

579 2375 700 2446 544.
732 2377 955 2446 Nepote,
983 2377 1207 2446 Christo,
1241 2379 1345 2432 lso.

745 2444 995 2530 generis,
1019 2452 1149 2530 male
1178 2444 1459 2530 operandi,
1488 2447 1537 2530 .l.

579 2513 703 2587 546.
745 2516 924 2587 Exitii,
947 2513 1264 2587 perditionis.
1294 2549 1365 2558 —-
1397 2516 1613 2581 Eadem,
1643 2533 1766 2582 una,
1799 2516 1842 2571 1.

581 2584 706 2658 54_9.
738 2584 975 2658 Fraude,
1018 2592 1070 2640 in
1112 2589 1454 2658 fabricatione,
1471 2588 1638 2640 vituli.
1684 2617 1754 2627 —
1782 2587 1973 2658 Impar,
2026 2586 2082 2640 id

513 2664 605 2718 est,
631 2654 802 2709 Levita
829 2675 1052 2724 pugnare
1075 2654 1174 2711 non
1203 2658 1412 2721 debuit,
1445 2657 1484 2712 l.
1638 2714 1644 2719 _

581 2725 707 2780 550.
747 2727 827 2782 Nil
852 2728 1034 2792 refert,
1064 2731 1205 2783 nulla
1235 2729 1468 2783 discretio
1495 2735 1589 2790 est,
1618 2727 1658 2781 Ι.

581 2794 702 2866 555.
744 2797 960 2866 Severa,
986 2801 1173 2866 gravis,
1197 2798 1236 2852 l.

579 2865 707 2921 554.
750 2867 915 2922 Parce
944 2865 1258 2933 vivere,vet
1287 2869 1406 2932 ﬁliis
1431 2883 1652 2932 servare,
1685 2866 1727 2920 Ι.

580 2935 702 2989 556.
733 2937 896 2998 Artis,
920 2937 1199 3004 parcitatis,
1227 2937 1325 2992 lso.

581 3003 708 3060 557.
739 3003 982 3075 Coaptat,
1007 3007 1288 3078 conjungit,
1320 3008 1356 3061 l.

2185 2356 2188 2357 ν
2254 2305 2377 2361 560.
2405 2303 2638 2375 Obtegit,
2667 2304 2886 2358 renitens
2913 2303 3176 2374 paulisper
3203 2303 3446 2375 avaritia.»
3466 2333 3546 2375 -Ᾱ
3565 2304 3761 2375 Anglii.

2185 2393 2302 2440 nos,
2335 2373 2668 2439 serpentinos.
2699 2405 2770 2414 —
2802 2373 3097 2436 Latentem,
3129 2375 3222 2426 sub
3246 2373 3412 2443 specie
3430 2373 3689 2438 bonitatis,
3718 2373 3762 2428 l.

2259 2447 2382 2502 561.
2409 2446 2654 2509 Rabiem,
2681 2445 2923 2514 formam,
2952 2443 2991 2496 l.

2258 2516 2382 2571 569..
2435 2511 2690 2582 Clepere,
2726 2513 2860 2583 cleps
2906 2517 2990 2582 fur
3019 2512 3244 2565 dicitur:
3293 2512 3411 2565 inde
3449 2511 3662 2581 clepere,
3713 2513 3762 2567 id

2190 2596 2264 2642 est
2296 2588 2479 2654 furari.
2509 2613 2580 2624 —
2617 2586 2796 2646 Parta,
2826 2593 3028 2650 parata,
3060 2583 3099 2634 Ι.

2258 2651 2383 2712 εἱίἰὸ.
2421 2655 2770 2723 Imaginibus,
2816 2654 3012 2721 foratis.
3041 2682 3112 2692 —
3143 2651 3350 2718 Ferale,
3384 2653 3623 2716 mortale,
3657 2651 3760 2706 lso.

2262 2728 2386 2781 566.
2418 2726 2594 2793 Capit,
2624 2726 2829 2791 decipit,
2862 2725 2901 2776 ι.

2258 2798 2382 2852 568.
2409 2791 2677 2858 Attonitis,
2702 2796 2946 2846 virtutum
2972 2795 3102 2845 acies
3129 2791 3342 2852 dubitat,
3375 2791 3643 2844 avaritiam
3662 2806 3764 2844 non

2189 2870 2337 2939 plene
2365 2881 2686 2939 cognoscens:
2735 2892 2803 2903 —
2843 2864 3091 2929 Ducibus,
3141 2862 3428 2915 virtutibus.
3485 2891 3556 2901 -—
3603 2861 3764 2916 Manio

2192 2932 2311 3007 piis,
2334 2932 2648 3006 vexilliferis,
2667 2933 2706 2987 Ι.

1835 3092 2392 3154 COMMENTARIUS.

516 3247 616 3304 dici
665 3256 882 3316 possunt
931 3248 1101 3318 spolia
1141 3264 1262 3317 quae
1298 3248 1417 3304 tulit
1457 3250 1520 3304 de
1558 3251 1901 3318 anathemate,
1954 3259 2083 3316 etc.;
2115 3247 2162 3314 C
2194 3248 2348 3302 valde
2372 3246 2623 3311 diversa;
2660 3254 2715 3318 et
2744 3244 3063 3301 Prudentius
3091 3245 3299 3318 videtur
3326 3260 3436 3318 prta
3477 3247 3646 3302 oculis
3676 3248 3767 3302 ha-

517 3329 692 3373 mwsta
724 3332 850 3370 vero
874 3333 940 3372 ex
966 3317 1188 3373 ’eﬂ‘ecm.

586 3390 712 3459 545.
758 3387 940 3459 Ful«l.,
984 3391 1320 3459 prapinquus,
1369 3389 1543 3445 minus
1589 3391 1743 3446 bene.
1791 3390 2087 3446 Adnotator

517 3457 645 3515 edit.
678 3457 865 3512 Colon.
894 3458 949 3512 in
973 3457 1117 3512 Iuda
1141 3457 1366 3516 advertit
1415 3472 1715 3516 correctum
1744 3477 1773 3513 a
1805 3462 2084 3523 Sichardo,

519 3528 612 3582 sed
646 3527 744 3596 legi
771 3543 874 3581 non
924 3531 1176 3596 potuisse.
1208 3530 1262 3584 lu
1291 3531 1418 3586 edit.
1453 3533 1612 3585 Basil.
1650 3532 1772 3584 anui
1807 3531 1962 3596 1527,
1997 3532 2086 3584 ubi

517 3598 583 3651 ad
623 3613 771 3651 oram
815 3597 1156 3653 inveniuntur
1185 3616 1371 3656 omnes
1418 3604 1780 3657 eorrectiones
1824 3602 2086 3657 Sichardo

519 3667 1163 3742 ascriptainveniojura
1188 3672 1251 3725 ad
1283 3672 1573 3742 marginem
1603 3688 1697 3741 pro
1721 3671 1881 3726 Juda.

589 3736 716 3792 545.
747 3736 960 3814 V_ienn.,
991 3741 1153 3808 placet
1181 3742 1259 3794 Itis
1286 3736 1482 3814 quoque
1509 3736 1693 3814 forma.
1727 3743 1928 3800 Sensus
1960 3758 2089 3796 ma—

521 3807 618 3882 gis__
628 3807 861 3882 postulat
887 3807 1082 3882 pluerat
1103 3807 1318 3880 quoque.

587 3877 711 3932 548.
751 3879 986 3934 Avaritia
1013 3877 1344 3936 Christianos
1371 3883 1679 3950 sacerdotes
1720 3891 1878 3937 vocat
1921 3897 2086 3950 popu-

519 3949 658 4020 lares
685 3953 860 4003 Aaron
883 3951 1074 4005 eodem
1096 3951 1216 4020 jure
1241 3967 1346 4020 quo
1366 3947 1572 4008 diaconi
1602 3963 1858 4005 vocantur
1891 3947 2082 4005 levitte.

517 4019 712 4145 ἓὲὲιῐοι·
733 4033 794 4074 ea
818 4035 936 4091 qnze
961 4019 1146 4076 contra
1175 4019 1448 4077 avaritiam
1477 4020 1675 4092 profert
1691 4022 1930 4090 operatio
1944 4034 2084 4075 vers.

644 4105 757 4145 seu.

519 4091 620 4146 606
644 4105 757 4156 seq.

590 4159 714 4230 550.
751 4158 963 4230 Ῡίθηῃ..
998 4160 1290 4230 ηἱγιίάὶειακ
1311 4177 1429 4230 qua:
1469 4168 1555 4215 est
1577 4161 1753 4230 glossa
1778 4161 1830 4214 in
1857 4159 2084 4216 Marietti

519 4228 722 4298 codice.
757 4227 1012 4294 Avaritia,
1045 4229 1228 4283 Martis
1261 4227 1635 4298 congressibus
1675 4232 1865 4296 impar,
1895 4231 1962 4284 ad
1986 4231 2086 4285 dn-

521 4297 643 4370 lum_
659 4298 1006 4370 convertitur.
1053 4299 1329 4354 Sententia
1361 4297 1643 4370 Virgiliana
1675 4309 1759 4356 est
1787 4302 1878 4353 lih.
1913 4317 1950 4354 u
1987 4299 2086 4356 AE-

521 4365 692 4440 neid.,
718 4365 901 4440 Dolus,
942 4383 1008 4421 an
1040 4371 1216 4435 virtus,
1241 4372 1355 4440 quis
1388 4372 1440 4425 in
1453 4365 1607 4424 'Imste
1643 4372 1905 4440 requirat?
1927 4371 2089 4425 Dolus

521 4436 635 4504 ipse
655 4451 718 4491 ex
739 4437 925 4492 eodem
955 4440 1187 4494 Maronis
1209 4436 1324 4495 loco
1344 4441 1686 4496 adumbratos
1711 4436 1812 4504 est,
1845 4441 1932 4495 ubi
1956 4442 2090 4495 Tro-

521 4507 631 4576 jaui
653 4523 747 4561 sua
777 4521 922 4561 arma
953 4524 1072 4564 cum
1117 4509 1424 4567 Graecorum
1470 4515 1632 4566 armis
1660 4521 2085 4577 commutaruut,

523 4585 581 4629 ut
603 4578 739 4630 inter
769 4578 1100 4650 ltusadmixti
1148 4581 1355 4636 facilius
1401 4591 1629 4650 stragem
1676 4583 1914 4636 ederent.
1947 4581 2084 4636 Vitia

523 4655 698 4700 autem
725 4649 902 4716 specie
929 4650 1178 4704 virtutum
1209 4667 1352 4719 saepe
1374 4649 1558 4708 fallere
1588 4653 1762 4707 notius
1798 4661 1882 4706 est
1929 4667 2085 4719 quam

527 4725 584 4857 ret
611 4719 818 4839 plrobarl
836 4719 1045 4774 debeat.
1075 4721 1130 4775 lu
1153 4721 1272 4777 Vat.
1300 4721 1341 4777 C
1369 4725 1577 4794 corrige
1617 4723 1867 4778 mendum
1898 4724 1970 4775 nil
2007 4741 2088 4777 re-

581 4805 632 4841 re
661 4827 675 4842 .

551 4798 675 4842 ενει.

492 4858 722 4933 ‘___5_55,
754 4857 810 4911 ln
852 4859 991 4933 Mar.
1038 4869 1092 4933 et
1146 4861 1290 4933 ΠΜ..
1340 4861 1596 4933 cultuque,
1647 4875 1694 4917 et
1740 4873 1870 4918 veste
1895 4879 2084 4916 severa.

529 4927 783 4984 Weitzius
803 4944 922 4983 cum
956 4931 1067 4985 Erl.
1092 4941 1147 4986 et
1177 4932 1371 4988 Widm.
1390 4927 1645 4998 vultuque,
1669 4944 1716 4987 et
1740 4949 1858 4988 voce
1886 4948 2088 4987 severa:

526 5001 620 5054 sed
653 5001 704 5054 iu
761 4999 868 5072 ΕῙΙΖ
899 5009 952 5054 et
977 5001 1173 5057 Widm.
1207 5019 1386 5072 supra,
1433 5015 1566 5056 veste
1599 5019 1791 5058 severa.
1844 5003 2090 5058 Heinsius

529 5072 730 5138 putavit
767 5071 1050 5144 Weitzium
1096 5087 1160 5128 ex
1195 5071 1538 5138 Egiuondauo
1565 5075 1849 5144 protulisse
1873 5083 1920 5126 et
1951 5089 2086 5138 voce,

529 5156 757 5211 eumque
807 5142 946 5202 falli.
978 5158 1097 5196 cutn
1145 5146 1195 5196 in
1230 5144 1380 5208 Eam.
1429 5147 1497 5198 sit
1549 5142 1806 5211 vultuque,
1858 5153 1904 5196 et
1937 5151 2088 5208 veste,

529 5225 648 5282 cum
680 5214 816 5266 Altlo
835 5224 884 5265 et
904 5213 1122 5281 reliquis
1150 5214 1465 5278 lleinsiauis,
1487 5216 1902 5282 exceptopriore
1925 5214 2092 5273 BNL.

529 5281 812 5352 ἱριιιιοερει
841 5291 1045 5338 etvoce.
1093 5283 1197 5339 Sed
1231 5285 1280 5336 iu
1331 5300 1396 5339 eo
1439 5296 1582 5338 errat
1636 5284 1900 5343 Heinsius,
1950 5284 2088 5352 quod

532 5349 883 5424 [fr/“arteriam
903 5354 1160 5418 codicem,
1190 5371 1218 5409 a
1237 5355 1460 5410 Weitzio
1482 5354 1745 5424 laudatum
1771 5369 1866 5424 per
1886 5353 1949 5424 Ε,
1969 5349 2090 5424 cre-

530 5420 729 5494 diderit
782 5437 899 5479 esse
949 5424 1356 5492 Egmondanum.
1400 5428 1488 5494 qui
1537 5440 1630 5492 per
1664 5420 1820 5492 nga
1867 5423 2092 5476 Weitzio

495 5516 497 5519 -
533 5491 733 5545 laudari
763 5496 917 5547 solet.
947 5491 1192 5553 lleinsius
1223 5491 1437 5562 prtcfert
1465 5491 1724 5558 vultuque,
1743 5505 1787 5546 et
1814 5509 1931 5546 voce
1959 5508 2094 5545 seve-

530 5576 591 5613 τα
609 5597 626 5622 9
648 5562 786 5633 quia
804 5563 918 5617 haec
942 5564 1048 5620 duo
1076 5567 1395 5622 Prudentius
1421 5575 1563 5619 amat
1581 5564 1926 5633 conjungere,
1960 5563 2088 5617 utin

535 5633 733 5700 hymno
768 5632 827 5686 S.
875 5635 1092 5688 Romani
1119 5678 1133 5700 ,
1164 5654 1305 5690 vers.
1337 5638 1458 5692 7'20.
1493 5635 1670 5698 Vultu,
1699 5644 1744 5688 et
1787 5632 1977 5686 severis
2005 5647 2093 5684 vo-

537 5707 676 5758 cibus
703 5705 1037 5772 sicincrepat.
1072 5706 1380 5775 Excmpium
1405 5724 1509 5763 non
1537 5707 1726 5776 placet,
1759 5703 1882 5775 quia
1908 5718 1993 5759 res
2007 5714 2091 5760 ost

2192 3318 2370 3374 buisse
2395 3318 2666 3373 Juvenalis
2695 3317 2866 3370 locum
2899 3326 3074 3374 satvra
3105 3315 3171 3371 M
3204 3333 3215 3370 :
3247 3315 3409 3370 Fallit
3436 3318 3568 3370 enim
3596 3320 3769 3372 vitiant

2191 3389 2355 3457 Specie
2375 3389 2571 3442 virtutis
2591 3429 2606 3451 ,
2645 3396 2691 3440 et
2720 3386 2918 3457 umbra,
2951 3386 3078 3440 Cum
3105 3387 3176 3457 sit
3189 3387 3348 3457 triste
3375 3387 3572 3450 habitu,
3601 3388 3770 3442 vultu-

2190 3455 2303 3528 que,
2329 3469 2374 3511 et
2400 3468 2533 3514 veste
2556 3472 2807 3528 severum.
2831 3455 2980 3528 Quod
3009 3471 3129 3510 cum
3159 3455 3420 3511 Weitzius
3450 3457 3765 3521 adverterit,

2190 3526 2296 3583 non
2326 3529 2482 3582 video
2509 3544 2604 3581 cur
2632 3529 2747 3594 ipse
2797 3526 2980 3594 legerit
3023 3533 3298 3597 vuttuque,
3334 3535 3382 3580 et
3430 3543 3548 3580 voce
3574 3543 3762 3583 severa.

2189 3599 2321 3654 Cell.
2351 3609 2404 3653 et
2431 3598 2580 3652 Teol.
2610 3597 2677 3650 ab
2707 3597 2923 3650 lleinsio
2965 3595 3240 3650 recedunt.
3283 3595 3338 3650 lu
3366 3597 3610 3665 margine
3641 3597 3758 3652 edi-

2188 3671 2321 3724 tion.
2353 3668 2544 3724 Colon.
2571 3684 2636 3722 ex
2657 3666 2779 3721 cod.
2804 3680 2908 3722 ms.
2935 3682 3051 3720 voce
3065 3677 3148 3720 est
3173 3681 3266 3736 pro
3284 3665 3490 3721 diversa
3510 3666 3760 3723 lectione.

2260 3739 2385 3794 554.
2420 3739 2540 3793 Rat.
2554 3780 2566 3800 ,
2593 3747 2890 3791 memorent.

2270 3809 2398 3865 555.
2474 3808 2744 3863 Juvenalis
2785 3816 2959 3878 satyra
3005 3806 3133 3873 cit.,
3186 3805 3297 3858 Nec
3324 3805 3474 3878 dubie
3528 3817 3770 3876 tanquam
3811 3811 3834 3850 .'

2189 3879 2330 3949 frugi
2358 3883 2603 3934 laudatur
2631 3893 2833 3940 avarus,
2871 3875 3149 3945 Tanquam
3181 3891 3365 3943 parcus
3387 3875 3555 3941 homo,
3601 3875 3649 3931 et
3692 3894 3770 3930 reo

2190 3966 2303 4002 rum
2330 3952 2486 4003 tutela
2511 3963 2739 4002 suarum.

2260 4019 2384 4074 556.
2421 4024 2580 4085 Aug.,
2610 4015 2882 4082 mendose,
2911 4031 3000 4067 ceu
3032 4014 3260 4068 scedula.

2261 4091 2386 4144 557.
2439 4089 2728 4141 Avaritiam
2779 4085 3049 4138 Bellourttu
3105 4097 3258 4137 vocat
3289 4092 3559 4153 tauquam
3611 4084 3766 4150 hujus

2191 4158 2543 4241 belli_deatn;
2592 4155 2898 4210 mendacem
2931 4167 3080 4219 vero,
3107 4155 3229 4224 quia
3277 4151 3433 4208 facta
3462 4165 3546 4209 est
3601 4157 3770 4210 virtus

2190 4243 2390 4382 spgcb‘lti:
2418 4296 2572 4367 Apud
2601 4295 2735 4351 alios
2757 4294 3036 4366 anguineos
3069 4294 3322 4362 reperies,
3355 4293 3493 4365 apud
3519 4295 3650 4350 alios
3675 4311 3769 4349 an-

2189 4386 2392 4496 gugiioi‘:
2417 4438 2586 4507 Bong.
2628 4443 2683 4490 et
2712 4432 2851 4500 Erf.,
2885 4436 3137 4504 formam;
3180 4447 3340 4505 supra
3379 4435 3586 4488 rabiem.
3617 4434 3764 4502 Ald.,

2190 4513 2386 4566 intenta
2415 4507 2600 4578 furori.

2262 4580 2386 4637 562.
2415 4571 2644 4636 'Vienn.,
2671 4582 2717 4626 et
2746 4589 2923 4643 rapere
2948 4582 3042 4627 est.
3073 4571 3274 4628 Graecis
3300 4575 3516 4635 κλέπτης
3544 4585 3626 4631 est
3646 4575 3762 4643 fur,

2117 4618 2165 4680 Β
2192 4669 2223 4708 a
2674 4651 2726 4697 et
2756 4618 2942 4722 Latine
2970 4646 3180 4712 clepere.

2268 4713 2391 4779 565.
2427 4720 2638 4777 Vieun.,
2662 4723 2848 4786 contra
2869 4713 3350 4786 Alegcmucarminis,
3378 4715 3529 4786 jacit.
3566 4714 3686 4786 Ald.
3713 4723 3770 4768 et

2196 4794 2315 4846 Vat.
2361 4792 2421 4857 C,
2444 4793 2629 4860 jaatut.
2660 4783 2817 4849 Man,
2866 4783 3010 4852 Rat.,
3042 4782 3239 4837 Widm.
3259 4825 3274 4848 ,
3307 4782 3487 4852 lac'tet;
3533 4785 3769 4854 plerique

2184 4870 2392 4986 "6513‘s.
2447 4928 2663 4989 Vienn.,
2722 4926 2883 4993 Ang.,
2941 4922 3060 4993 Vat.
3107 4921 3171 4984 C,
3226 4924 3520 4978 obsistente
3571 4933 3765 4991 metro,

2195 5013 2574 5070 monstrumque
2599 4994 2756 5064 ferale
2773 5010 2798 5070 _:
2819 4992 2957 5062 quod
2979 4992 3234 5070 Weitzius
3249 4995 3425 5070 edidit
3443 5003 3656 5048 secufus
3680 5008 3770 5046 Su-

2197 5073 2307 5126 lnm
2347 5064 2535 5141 Bongl,
2579 5083 2643 5122 ac
2671 5064 2962 5135 professus,
2995 5067 3049 5118 in
3077 5064 3292 5133 reliquis
3316 5079 3438 5119 esse
3486 5073 3771 5116 monstrum

2423 5211 2481 5265 In
2508 5223 2568 5264 re
2595 5205 2751 5260 simili
2784 5204 3074 5263 llamartia.
3103 5218 3243 5259 vers.
3273 5203 3374 5258 427
3403 5221 3416 5256 :
3449 5203 3556 5258 Sub
3588 5203 3769 5273 {ledere

2199 5286 2330 5352 [also
2363 5281 2541 5352 Tristis
2589 5275 3256 5352 amic_i_tit2_primun_t_socia
3295 5276 3497 5345 agmina
3522 5275 3764 5334 credunt,

2199 5344 2261 5406 'e.
2299 5352 2451 5434 .Virg.
2486 5351 2577 5404 lib.
2611 5363 2647 5402 ιι
2686 5344 2900 5400 ΑΞηείιΙ.
2949 5345 3005 5397 ln
3038 5344 3172 5398 Aldo
3201 5344 3352 5400 error
3378 5355 3459 5399 est
3480 5353 3631 5412 caput
3675 5355 3770 5411 pro

2197 5432 2392 5546 ω’ἔέί.
2429 5489 2548 5544 Ald.
2581 5494 2635 5540 et
2660 5481 2838 5548 Fabr.,
2867 5489 3037 5546 vocet;
3067 5481 3180 5548 alii,
3202 5493 3361 5539 notet.
3386 5484 3602 5549 Vienu.,
3635 5489 3771 5535 notet

2207 5565 2407 5624 lwvum,
2436 5574 2540 5611 non
2579 5557 2733 5609 bene.
2767 5552 3015 5609 Nebrissa
3065 5557 3117 5610 iu
3159 5571 3346 5620 anceps
3389 5565 3537 5608 notat
3583 5551 3770 5624 scilicet

2200 5642 2335 5709 erat.
2361 5621 2465 5709 Alii
2492 5642 2611 5681 cum
2638 5626 2872 5707 Giselino
2903 5630 3057 5685 aliter
3084 5625 3434 5696 distinguunt,
3477 5634 3537 5680 ut
3583 5621 3771 5677 let/tum

2202 5704 2415 5757 lubricet
2447 5704 2662 5756 incertos
2686 5704 2846 5751 visus.
