4154 6188
516 304 585 360 67
1614 300 1889 375 AUBELII
1930 298 2294 356 PRUDENTH
2331 296 2657 354 CARMINA.
3691 294 3763 351 68

691 419 855 491 639
877 413 1100 476 Sordida
1129 416 1297 474 frusta
1324 416 1489 482 rudis,
1536 431 1637 472 nec
1665 417 1840 472 adhuc
1865 416 2082 473 fornace
2112 423 2165 481 Α

1728 509 2017 582 [recoctam

518 602 622 657 600
694 600 968 657 Materiem
999 618 1014 656 :
1049 600 1207 655 tineis
1232 600 1395 655 etiam
1425 600 1696 668 marsupia
1718 598 1926 654 crebris

696 696 889 759 Exesa,
913 703 966 747 et
992 693 1189 747 virides
1222 691 1452 746 obducta
1484 692 1718 760 aerugine
1744 703 1991 745 nummos

700 787 964 855 Dispergit
987 794 1196 840 servata
1225 784 1337 848 diu,
1371 783 1558 837 victrix
1591 791 1645 838 et
1673 783 1860 852 egenis

699 875 948 942 Dissipat,
981 889 1043 928 ac
1070 884 1255 928 tenues
1280 875 1490 942 captivo
1516 887 1739 927 munere
1767 872 1949 934 donat.

699 963 852 1018 Tunc
885 962 1259 1017 circumfusam
1292 962 1440 1016 vultu
1483 963 1793 1018 exsultante
1836 975 2093 1016 coronam

709 1052 1040 1123 Respiciens,
1074 1052 1266 1106 alacris
1305 1052 1481 1107 media
1511 1053 1650 1107 inter
1687 1051 1849 1105 millia
1875 1051 2091 1106 clamat.

701 1141 901 1199 Solvite
924 1142 1273 1211 procinctum,
1290 1141 1440 1211 justi,
1465 1141 1796 1197 etdiscedite
1816 1140 2090 1195 abarmis:

699 1235 873 1288 Causa
903 1234 1025 1287 mali
1055 1232 1185 1286 tanti
1207 1232 1353 1301 jacet
1383 1233 1683 1295 interfecta,
1709 1231 1953 1285 lucrandi

704 1325 937 1395 lngluvie
964 1333 1241 1395 pereunte,
1267 1325 1392 1380 licet
1416 1324 1755 1392 requiescere
1776 1323 1997 1377 sanctis.

706 1420 922 1477 Summa
936 1419 1086 1487 quies
1097 1418 1171 1472 nil
1189 1418 1327 1473 velle
1346 1432 1528 1487 super,
1548 1432 1706 1485 quam
1727 1416 1956 1486 postulet
1971 1429 2098 1469 usus

704 1515 923 1570 Debitus
946 1531 960 1567 :
987 1523 1046 1569 ut
1065 1514 1289 1583 simplex
1312 1513 1588 1579 alimonia,
1619 1515 1783 1567 vestis
1806 1522 1862 1567 et
1890 1528 1991 1566 una

708 1603 872 1676 65.0
907 1603 1152 1657 lniirmos
1191 1610 1354 1672 tegat,
1394 1616 1459 1655 ac
1504 1610 1713 1657 recreet.
1758 1601 2100 1657 mediocriter

1838 1691 2029 1764 Lamus,

527 1052 632 1110 605

530 1514 633 1571 610

707 1785 1096 1854 Expletumque
1117 1783 1333 1839 modum
1360 1793 1563 1839 naturae
1590 1798 1696 1837 non
1726 1783 1904 1838 trahat
1923 1791 2095 1839 extra.
2129 1782 2177 1842 Β

709 1873 1051 1944 lngressurus
1086 1875 1188 1929 iter
1215 1889 1397 1945 peram
1427 1889 1496 1930 ne
1524 1875 1718 1941 tollito,
1753 1889 1890 1930 neve

707 1964 786 2019 De
812 1965 1002 2019 tunicae
1039 1967 1261 2021 alterius
1286 1967 1583 2037 gestamine
1613 1966 1862 2035 providus
1890 1967 1962 2020 ito
1989 1984 2004 2020 :

534 2054 639 2113 615
709 2054 817 2111 Nec
842 2061 895 2110 te
918 2055 1169 2111 sollicitet
1195 2072 1282 2112 res
1314 2058 1573 2123 crastina,
1606 2053 1674 2112 ne
1696 2056 1847 2112 cibus
1877 2058 1996 2110 alvo

1824 2101 2110 2208 caussa:
2151 2101 2486 2208 varas-es:

606 2239 729 2295 601.
756 2240 1033 2307 Nummos,
1056 2242 1312 2308 denarios,
1341 2243 1378 2297 l.

608 2310 733 2381 605.
761 2311 994 2381 Τθιιυεει,
1028 2326 1292 2381 pauperes,
1330 2313 1368 2366 l.

609 2378 731 2453 606.
757 2380 1090 2453 ιζωρίηοιιιῃι
1102 2421 1117 2445 ,
1132 2378 1450 2453 perationem
1468 2381 1609 2453 belli,
1626 2382 1703 2436 vel
1722 2390 2043 2448 conventum,
2059 2381 2100 2436 1.

609 2449 730 2520 609.
767 2450 1020 2520 Postulet,
1051 2449 1263 2520 indiget,
1301 2452 1341 2506 Ι.

609 2519 732 2572 (ill.
769 2519 1010 2583 Becreet,
1036 2519 1269 2587 sustinet,
1304 2523 1343 2575 Ι.

2365 416 2602 473 Defuerit
2632 432 2647 469 :
2677 416 2901 470 redeunt
2925 428 3064 470 escae
3085 427 3204 469 cum
3227 411 3346 468 sole
3371 410 3602 466 diurnae.

2365 505 2554 561 Nonne
2579 505 2749 571 vides,
2774 514 2832 559 ut
2850 504 2995 559 nulla
3025 505 3200 558 avium
3222 517 3343 558 cras
3363 501 3582 572 cogitet,
3614 515 3685 555 ac
3703 516 3765 555 se

2362 596 2716 660 Pascendam,
2746 604 3033 665 praestante
3069 594 3200 658 Deo,
3232 608 3337 647 non
3363 591 3520 645 anxia
3547 591 3766 647 credat?

2368 688 2652 742 Confidunt
2679 687 2923 740 volucres
2950 670 3149 739 victum
3194 697 3301 736 non
3327 681 3514 736 defore
3539 681 3696 748 viles,

2193 779 2298 835 620
2370 778 2788 847 Passeribusque
2813 776 2997 831 subest
3023 775 3233 830 modico
3262 774 3546 829 venalibus
3575 787 3696 827 asse

2371 870 2670 925 lndobitata
2714 869 2867 933 fides,
2916 868 3201 951 Dominum
3240 881 3434 921 curare
3469 874 3765 935 potentem,

2374 961 2450 1017 Ne
2476 969 2724 1031 pereant:
2744 967 2800 1014 tu
2828 975 2958 1015 cura
2991 958 3105 1027 Dei,
3131 958 3295 1013 facies
3317 972 3528 1028 quoque
3544 956 3766 1023 Christi,

2370 1054 2453 1107 An
2483 1052 2713 1116 dubitas,
2747 1065 2814 1105 ne
2839 1061 2893 1104 te
2922 1059 3042 1104 tuus
3066 1064 3294 1119 unquam
3322 1049 3771 1104 deseratauctor!

2373 1144 2452 1200 Ne
2497 1145 2782 1215 trepidate,
2823 1143 3108 1199 homines;
3137 1145 3260 1197 vita:
3299 1141 3477 1209 dator,
3522 1151 3578 1196 et
3616 1143 3771 1197 dator

3404 1235 3569 1308 [escae
3596 1244 3700 1290 est.

2199 1327 2305 1385 625
2377 1327 2612 1395 Quzerite
2640 1326 2918 1381 luciferum
2945 1325 3152 1381 ctelesti
3180 1324 3430 1394 dogmate
3466 1333 3698 1394 pastum,

2373 1418 2637 1495 suos;
2655 1435 2801 1490 spem
2820 1418 3186 1489 multiplicans
3199 1416 3628 1473 alatinvitiabilis
3643 1431 3773 1481 ενι,

2377 1515 2631 1584 Corporis
2659 1515 3001 1568 immemores
3029 1528 3045 1567 :
3068 1525 3276 1566 memor
3302 1520 3406 1576 est,
3423 1509 3512 1580 qui
3541 1508 3775 1565 condidit

3530 1599 3704 1673 [illud,

2378 1694 2731 1765 Suppeditare
2744 1693 2911 1758 cibos,
2941 1701 3098 1762 atque
3118 1690 3293 1759 indiga
3315 1691 3554 1745 membra
3580 1690 3777 1745 fovere.

2382 1787 2474 1839 llis
2502 1784 2659 1840 dictis
2685 1798 2828 1840 cura:
2855 1792 3068 1847 emotae,
3101 1791 3296 1846 metus,
3345 1792 3399 1835 et
3426 1781 3661 1847 labor,et
3676 1782 3778 1845 vis,

2205 1877 2309 1933 650
2383 1876 2448 1930 Et
2476 1877 2670 1942 scelus,
2704 1885 2755 1929 et
2788 1874 2996 1943 placitae
3023 1872 3142 1927 fidei
3171 1872 3315 1927 fraus
3344 1868 3677 1932 inliciatrix,‘

2380 1965 2627 2034 Depulsae
2673 1972 2882 2019 vertere
2931 1963 3123 2017 solum.
3154 1962 3261 2016 Pax
3288 1962 3413 2016 inde
3439 1962 3629 2031 fugatis

2381 2055 2634 2110 Hosribus
2664 2054 2804 2108 alma
2827 2054 2990 2123 abigit
3030 2053 3248 2118 bellum,
3278 2053 3589 2123 discingitur
3608 2049 3781 2107 omnis

2282 2243 2406 2296 6l7.
2440 2238 2529 2304 Ut,
2563 2239 2831 2307 quomodo,
2859 2237 2900 2290 l.

2282 2311 2406 2366 622.
2443 2310 2649 2372 Facies,
2680 2310 2870 2377 imago,
2904 2307 2943 2362 1.
2996 2354 2997 2357 η

2282 2382 2407 2437 625.
2432 2379 2753 2451 Lucilluuin,
2793 2378 3084 2451 luciferum,
3111 2376 3215 2451 lso.

2280 2451 2404 2506 626.
2431 2445 2761 2512 Invitiabilis,
2791 2445 3101 2501 inviolabilis
3125 2447 3261 2511 vitae,
3293 2447 3394 2500 lso.

2281 2520 2405 2576 628.
2434 2520 2803 2588 Suppeditare,
2834 2516 2979 2570 dare.
3011 2547 3082 2556 —
3102 2516 3304 2586 Indiga,
3338 2515 3555 2586 egentia.
3585 2544 3656 2559 -
3683 2516 3784 2572 Fo-

612 2588 979 2662 6M._Tunicte
1005 2590 1245 2662 alterius,
1274 2592 1564 2662 signiﬁcant
1591 2592 1745 2662 igitur
1773 2593 1892 2646 dum
1920 2592 2106 2645 tunica:
2208 2606 2355 2651 vere.
2408 2586 2716 2662 refoicillare,
2739 2586 2782 2641 1.

540 2658 906 2713 dubitationem
944 2660 1096 2725 ﬁdei;
1127 2671 1181 2713 ut
1204 2663 1297 2731 qui
1320 2658 1578 2717 Christum
1604 2658 1793 2731 induit,
1817 2663 2109 2717 vestimenta

541 2730 772 2799 per/idin:
801 2745 903 2799 non
930 2731 1166 2799 attingat,
1200 2730 1238 2783 1.

612 2799 736 2855 615.
769 2798 877 2854 Nec
905 2807 956 2854 le
985 2798 1258 2865 sollicitet,
1287 2802 1467 2871 sufﬁcit
1495 2801 1597 2855 diei
1622 2819 1717 2856 sua
1745 2802 1961 2868 malitia,
1994 2800 2034 2853 Ι.

2282 2662 2405 2717 630.
2437 2655 2744 2725 Inliciatrix,
2775 2657 3025 2727 negatrix,
3057 2656 3362 2781 corgptrix,
3393 2655 3432 2709 Ι.

2282 2732 2407 2781 651.
2431 2730 2698 2781 Denulsae.
2727 2726 3124 2781 omnes.——Snlu
3189 2771 3203 2781 .
3227 2727 3432 2781 pulverei

2282 2732 2407 2785 651.
2431 2730 2698 2794 Depulsae,
2727 2725 3203 2796 omnes.——Snlurif,
3227 2727 3478 2796 pulverem
3492 2733 3662 2792 term,
3679 2725 3785 2781 Iso.

2285 2800 2410 2856 632.
2444 2799 2790 2869 Discingitur,
2813 2796 3063 2860 discessit,
3089 2795 3127 2849 I.

1874 2924 2436 2982 COMMENTARIUS.

1874 2928 2372 2982 CDMMENTABIU
2421 2967 2436 2982 .

542 3038 651 3085 nec,
680 3027 857 3073 exucta
905 3016 1186 3070 sulcabitur
1232 3033 1319 3087 ore
1346 3027 1607 3084 senectus;
1652 3028 1706 3073 et
1733 3017 1964 3073 fortasse
1991 3019 2112 3074 inde
2139 3025 2183 3086 (ζ
2288 2928 2414 3075 (ius.
2442 3017 2737 3087 Heinsiani,
2769 3025 2824 3072 et
2852 3018 3020 3087 nostri
3053 3001 3325 3087 praecipui,
3345 3019 3439 3084 ito,
3461 3032 3581 3073 cum
3612 3019 3785 3087 Sicb.,

543 3091 759 3158 Hispani
786 3088 967 3158 (1101101
994 3086 1249 3157 enjutojd
1297 3089 1437 3156 quod
1486 3088 1684 3142 siccum
1729 3098 1831 3154 est,
1864 3101 1918 3143 et
1961 3090 2112 3155 quasi

544 3153 659 3217 sine
685 3173 865 3212 succo.
896 3153 1141 3211 Fortasse
1170 3153 1331 3212 etiam
1376 3167 1557 3211 exucta
1603 3168 1687 3213 est
1716 3153 1867 3227 quasi
1909 3153 2116 3212 exsitcto

734 3246 850 3280 ιιηο.

545 3235 918 3371 “agitagit,
967 3297 1167 3355 Barthii
1207 3296 1397 3364 codex,
1443 3296 1639 3366 Palat.,
1678 3308 1897 3363 recocta,
1941 3298 2118 3355 minus

549 3371 746 3493 bellifil).
775 3438 921 3505 Put.,
959 3438 1243 3493 materiam.
1296 3436 1441 3508 Idem
1481 3446 1537 3492 et
1582 3437 1759 3508 Egm.,
1790 3438 1947 3501 tiniis,
1978 3440 2117 3505 quod

553 3510 687 3562 alias
714 3510 765 3560 in
795 3512 1012 3580 optimis
1040 3505 1536 3580 exemplaribusita
1565 3505 1840 3580 exaratum
1871 3509 2121 3580 lleinsius

550 3577 846 3636 invenerat;
875 3581 1141 3634 Puteanus
1163 3577 1323 3631 etiam
1352 3577 1536 3630 scribit
1565 3579 1877 3647 marsuppia.
1904 3578 2011 3631 Nos
2033 3594 2121 3632 or-

553 3649 920 3717 thographiam
952 3647 1373 3717 commodiorem
1403 3648 1692 3717 sequimur.
1735 3648 1926 3717 Aldus,
1972 3663 2121 3702 men-

553 3714 707 3781 dose,
746 3714 947 3784 cinctis,
982 3735 1075 3788 pro
1102 3717 1280 3788 tineis.
1306 3714 1450 3788 Idem
1484 3714 1635 3788 ’Al‘d.,
1669 3716 1805 3779 Gis.,
1835 3716 2119 3783 Weitzius,

552 3788 727 3860 etiam,
756 3805 941 3860 ineque
973 3786 1219 3860 dissentit
1242 3786 1508 3860 Heinsius.
1544 3786 1794 3841 Fortasse
1835 3789 2011 3841 verior
2042 3797 2124 3842 est

555 3857 945 3928 lectioVienn.
991 3867 1045 3912 et
1091 3857 1338 3921 aliorum,
1390 3857 1536 3928 tineis
1591 3867 1635 3910 et
1664 3860 1778 3928 jam
1811 3860 2123 3928 Amarrupia;

553 3943 695 3997 saepe
724 3927 777 3981 in
804 3929 1079 3985 codicibus
1106 3928 1376 3991 veteribus
1412 3925 1678 3997 dictiones
1703 3925 2120 3994 conjuiigttntur,

551 3995 757 4123 idit‘rlion
811 4000 963 4055 facile
1015 4005 1267 4067 appareat
1318 3995 1655 4065 quandoque,
1696 4000 1836 4050 sitne
1878 4012 2000 4063 una,
2056 4011 2123 4050 an

588 4083 657 4123 uo
682 4085 768 4122 ex.

588 4083 768 4135 uptex.

624 4133 749 4194 601.
777 4138 956 4202 Fuld.,
986 4135 1189 4190 Widm.
1221 4147 1402 4201 supra,
1432 4133 1679 4187 subducta
1713 4134 1957 4202 terugine.

622 4206 746 4259 604.
784 4208 971 4272 Bong.,
995 4204 1171 4266 Sicb.,
1194 4205 1412 4253 multum
1434 4206 1737 4272 adsultante,
1762 4204 1907 4258 nullo
1933 4218 2121 4259 sensu.

557 4273 639 4328 Ex
671 4273 852 4342 Fuld_.,
879 4269 986 4326 tum
1013 4287 1111 4341 pro
1148 4277 1441 4342 tuncttotat
1468 4269 1751 4326 Weitzius.

625 4341 749 4416 606.
780 4339 927 4416 Bay,
948 4339 1081 4416 justi
1108 4339 1489 4416 disi-editesine
1508 4351 1577 4416 et.

625 4413 747 4467 607.
779 4410 964 4467 Codex'
982 4411 1181 4466 Barthii
1211 4410 1495 4465 mendosus
1520 4413 1620 4465 hoc
1645 4411 1763 4467 loco
1791 4428 1945 4467 causa
1978 4413 2118 4467 mili-

562 4484 708 4537 tanti.

628 4551 750 4623 608.
782 4550 937 4623 plan,
966 4551 1139 4617 Sicb.,
1173 4551 1363 4620 Bong.,
1394 4551 1604 4623 illuvie;
1635 4552 1851 4623 rectius,
1877 4552 2117 4623 ingluvie.

627 4622 751 4675 609.
782 4620 998 4686 Weitz.,
1043 4637 1199 4691 supra
1237 4638 1408 4690 quam.
1454 4622 1598 4680 Ald..
1630 4621 1772 4688 Gis.,
1813 4620 1975 4691 Angi,
2008 4624 2115 4687 alii,

556 4693 800 4763 postulat.
847 4691 979 4746 Vide
1010 4691 1397 4759 Golumhanuin
1441 4695 1683 4763 carmine
1718 4703 1903 4746 contra
1933 4693 2123 4747 Avari-

556 4760 707 4815 tiam.
739 4760 1011 4816 Sententia
1039 4776 1199 4815 aurea
1230 4771 1334 4832 est,
1360 4762 1451 4814 sed
1485 4760 1811 4829 pervulgata,
1843 4764 2122 4832 magisque

557 4837 609 4886 in
639 4847 731 4884 ore
763 4832 1037 4901 hominum
1058 4846 1218 4901 quam
1250 4831 1430 4901 invita
1456 4834 1766 4901 COllSplCllll.

628 4900 753 4956 610.
783 4900 925 4963 Aid.,
956 4908 999 4954 et
1024 4899 1258 4971 simplex.
1287 4899 1475 4953 Votuin
1507 4899 1610 4955 hoe
1632 4912 1714 4956 est
1741 4902 1885 4956 Pauli
1916 4905 2075 4971 epist.
2100 4903 2120 4957 l

559 4973 624 5025 ad
654 4972 886 5025 Timoli).
919 4986 990 5034 v1,
1022 4970 1054 5024 8
1080 4988 1093 5022 :
1125 4970 1379 5023 Habentes
1403 4981 1570 5024 autem
1597 4973 1860 5032 alimenta,
1887 4970 1992 5027 etc.
2021 4974 2123 5026 Ve-

559 5045 655 5095 stis
708 5057 808 5094 una
852 5042 1008 5112 etiam
1053 5042 1369 5112 exprimitur
1417 5058 1480 5095 ex
1529 5043 1753 5096 consilio
1809 5043 2122 5112 evangelico

560 5113 788 5166 Μηιιιιιεί
818 5127 871 5179 x,
900 5110 932 5165 9
960 5119 1013 5163 ct
1042 5111 1128 5164 10.

632 5180 753 5235 612.
796 5180 854 5234 In
904 5179 1080 5244 Fuld.,
1134 5194 1233 5232 non
1284 5180 1452 5232 trahat
1496 5180 1650 5233 ultra.
1693 5181 1748 5235 ln
1801 5182 1929 5236 edit.
1965 5182 2123 5237 Colo-

557 5252 725 5319 niensi
744 5253 819 5319 ad
850 5251 1137 5316 marginem
1162 5251 1278 5317 lego
1305 5249 1421 5301 Ald.
1453 5262 1711 5302 naturam.
1739 5251 1999 5314 ltlxplicari
2025 5269 2122 5319 po-

560 5331 687 5381 trst,
713 5316 826 5373 Non
849 5324 1022 5374 trahat
1047 5328 1195 5373 extra
1224 5316 1485 5374 naturam.
1527 5321 1629 5375 Sed
1663 5322 1824 5374 Aldus
1856 5337 2004 5376 meus
2027 5316 2121 5375 ha-

562 5391 650 5442 bet
701 5400 910 5444 naturaz.
960 5391 1162 5444 Rursus
1215 5390 1411 5457 duplex
1460 5391 1625 5444 editio
1679 5390 1871 5445 Aldina
1927 5392 2120 5461 corij:ci

562 5468 759 5527 potest.

632 5525 754 5580 615.
790 5528 923 5593 Erf.,
958 5545 1058 5582 non
1090 5531 1272 5584 tollito.
1317 5529 1497 5592 Fuld.,
1529 5545 1619 5581 nec
1671 5531 1856 5596 tollito,
1904 5547 2009 5586 non
2052 5533 2123 5587 ita

562 5596 1012 5669 bene.__Expressa
1034 5603 1292 5655 sententia
1314 5612 1480 5655 estex
1505 5600 1786 5669 Evangelia
1806 5603 1989 5656 Matth.
2016 5604 2120 5658 loc.

560 5670 687 5733 cit.;
716 5664 877 5720 Marc.
910 5681 982 5733 vr,
1010 5669 1115 5724 Set
1136 5670 1195 5736 9;
1221 5672 1346 5725 Luc.
1376 5686 1446 5739 tx,
1477 5672 1539 5738 5;
1571 5682 1625 5726 et
1653 5664 1784 5739 iiut,
1815 5674 1909 5729 '55.

2143 4383 2197 4444 D

2222 3090 2419 3147 Weitz.
2464 3099 2521 3143 et
2547 3084 2688 3143 aliis.
2722 3086 3025 3159 Ald,,_Gisﬁ.
3065 3090 3116 3142 in
3157 3084 3324 3152 textu,
3356 3099 3482 3153 esto,
3526 3090 3663 3159 quod
3705 3084 3788 3146 est

2220 3165 2486 3231 glossema
2510 3161 2561 3213 in
2598 3157 3084 3231 ErfurtaVVeitzius
3099 3159 3316 3214 excudit
3340 3157 3555 3226 tonicaa,‘
3573 3160 3693 3229 quia
3717 3162 3788 3216 ita

2220 3228 2348 3293 legit
2379 3231 2431 3283 in
2461 3231 2648 3298 Bong.,
2678 3229 2818 3297 quod
2847 3228 3128 3289 ridiculum
3155 3237 3257 3283 est.

2290 3301 2413 3356 6l5.
2445 3299 2748 3355 Emulatus
2776 3308 2856 3352 est
2892 3303 3132 3352 nostrth
3170 3298 3564 3353 Columbanus:
3597 3298 3709 3353 Nec
3740 3309 3789 3355 te

2219 3371 2454 3426 sollicitet
2480 3369 2778 3441 circumﬂua
2820 3370 2980 3441 capia
3009 3383 3198 3429 rerum.
3223 3369 3489 3424 Alhertus.
3535 3370 3648 3441 Eyh
3680 3386 3785 3424 non

2220 3443 2376 3563 bene;
2406 3457 2488 3563 [ne
2525 3450 2572 3521 te
2607 3439 2866 3503 sollicitet,
2900 3438 3053 3506 pejus
3083 3452 3216 3494 vero
3251 3453 3393 3493 vers.
3441 3454 3555 3507 seq.
3581 3438 3786 3495 deserit

2224 3526 2321 3563 nro
2379 3528 2403 3562 e
2431 3518 2576 3562 uerit.

2262 3526 2321 3563 r0
2341 3510 2576 3563 defuerit.

2224 3526 2321 3581 pro
2341 3509 2576 3579 defuerit.

2291 3581 2416 3635 616.
2440 3579 2618 3648 Egm.,
2638 3577 2777 3643 Erf.,
2798 3573 2994 3637 Palat.
3018 3575 3289 3648 Barthius,
3317 3595 3431 3632 cum
3452 3581 3556 3633 sole
3580 3578 3789 3634 diurno.

2291 3646 2660 3774 619é90xon.,
2692 3664 2794 3701 non
2833 3649 3004 3715 defore
3040 3649 3173 3702 vitm.
3205 3646 3340 3703 Vide
3369 3649 3552 3704 Matth.
3588 3663 3661 3713 νι,
3695 3648 3788 3717 26,

2306 3736 2361 3774 x.
2469 3759 2482 3773 .

2228 3728 2282 3776 et
2306 3736 2361 3783 x,
2390 3728 2482 3774 29.

2295 3788 2417 3845 625.
2470 3789 2600 3843 Tres
2653 3786 2978 3841 vetustiores
3031 3785 3322 3851 Heinsiani,
3374 3786 3511 3855 PaL,
3570 3786 3788 3853 Weitz.,
3834 3816 3845 3827 ο

2229 3860 2500 3923 Barthius,
2535 3857 2655 3911 Vat.
2689 3857 2754 3921 ll,
2794 3856 3086 3927 addubitas.
3111 3856 3254 3921 Ald.,
3289 3859 3423 3916 Gis.,
3462 3857 3622 3927 Λευίς..
3650 3858 3790 3914 Vatt.

2224 3929 2287 3996 C,
2321 3929 2379 3995 F,
2416 3922 2577 3992 G,VO,
2599 3936 2654 3982 et
2682 3929 2929 3981 Albertus
2952 3922 3191 3996 Eyb.,an
3213 3929 3432 3980 dubitas.
3465 3922 3619 3990 Maia,
3646 3928 3790 3992 Rat.,

2225 3999 2403 4064 Alex.,
2439 3998 2610 4061 Sicb.,
2655 3998 2843 4065 Bong.,
2889 3996 3115 4062 Widm.,
3157 4006 3208 4049 at
3238 3997 3458 4052 dubitas.
3503 3996 3679 4063 Fuld.,
3711 4007 3792 4051 ast

2227 4069 2447 4123 dubitas.
2475 4066 2688 4131 Vienn.,
2723 4082 2813 4119 nec
2838 4076 2904 4131 te,
2941 4065 3101 4133 male,
3143 4080 3239 4136 pro
3265 4083 3325 4120 ne
3345 4078 3410 4120 te.
3438 4068 3576 4121 Idem
3603 4070 3794 4122 deseret

2229 4153 2326 4207 pro
2352 4139 2569 4191 deserat.

2297 4207 2421 4262 624.
2461 4207 2607 4272 Ald.,
2649 4204 2840 4275 Bong.,
2880 4204 2996 4258 vita:
3024 4204 3175 4257 dator
3210 4213 3291 4275 est
3341 4205 3488 4258 dator
3528 4222 3677 4261 esctz.
3720 4207 3793 4260 lta

2229 4277 2417 4348 Eyb.in
2455 4275 2732 4345 Margarita
2772 4274 3000 4348 poetica.
3033 4274 3089 4328 lit
3122 4274 3423 4348 Aldomale
3454 4277 3787 4345 interpungi-

2231 4342 2318 4403 ttir
2344 4349 2458 4400 uiue
2492 4342 2663 4407 dator,
2695 4354 2765 4397 est
2778 4342 2937 4397 dator
2963 4361 3107 4397 cscte.
3143 4345 3197 4398 In
3232 4345 3348 4398 Vat.
3381 4342 3445 4409 C,
3477 4342 3788 4412 vitte'dat'or,

2224 4429 2269 4473 et
2291 4417 2438 4470 dator
2456 4432 2581 4471 esca:
2597 4415 2749 4468 deest
2773 4416 2989 4468 verbum
3013 4415 3398 4469 substantivum
3421 4426 3512 4468 cst.

2295 4487 2420 4542 625.
2469 4486 2729 4540 Weitzius
2774 4500 2895 4538 cum
2939 4485 3056 4538 solo
3085 4482 3283 4538 Widm.
3325 4500 3355 4538 a
3403 4488 3571 4554 prima
3614 4501 3795 4551 manu,

2227 4557 2434 4629 quwrite
2454 4555 2967 4629 gluciﬂuuttt._(‘]loss_a
2998 4555 3168 4629 [sonis
3194 4556 3517 4629 diversaest
3546 4556 3721 4629 lectio.

2293 4628 2418 4682 626.
2449 4625 2668 4687 Erfurt...
2701 4625 2844 4685 ΑΜ..
2869 4625 2984 4679 alit.
3012 4625 3162 4689 Man,
3194 4624 3339 4687 [ἰδίη
3370 4626 3554 4687 Alex.,
3585 4625 3698 4679 Vat.
3726 4625 3793 4690 11,

2223 4697 2489 4761 Barthius,
2524 4693 2950 4761 Pnt.,Weitzius,
2972 4693 3396 4761 Heins.,Widm.
3435 4710 3465 4748 a
3492 4696 3657 4763 prima
3683 4710 3797 4746 ma-

2223 4782 2292 4820 nu
2322 4764 2638 4819 invitiabilis.
2665 4764 2807 4818 Rott.
2832 4766 3001 4832 prior.
3028 4764 3241 4825 Vienn.,
3267 4764 3438 4828 Sicb.,
3472 4763 3795 4819 insatiabilis.

2225 4836 2491 4890 l‘lcinsiani
2509 4837 2767 4903 plerique,
2789 4834 2933 4902 Ald.,
2954 4832 3178 4895 Erfurt.,
3196 4834 3394 4887 Widm.
3414 4849 3597 4902 supra,
3624 4837 3760 4903 Aug.
3782 4874 3798 4900 ,

2225 4905 2347 4977 Vat.
2372 4906 2439 4977 Β,
2476 4906 2750 4977 Εγὺθιὶυδ
2782 4904 2947 4977 Tortt.
2977 4904 3304 4977 inviolabilis.
3338 4903 3553 4977 anVat.
3587 4904 3689 4968 BB,
3725 4908 3801 4956 iu-

2222 4976 2474 5030 violubilis
2505 4970 2659 5039 drbis,
2679 4970 2832 5044 supra
2864 4974 3012 5026 aliter
3037 4975 3147 5025 arvi.
3170 4970 3440 5028 Sententia
3459 4973 3648 5026 horum
3673 4988 3801 5027 ver-

2223 5060 2376 5115 suum
2402 5061 2465 5099 ex
2495 5045 2758 5109 Matthxt,
2784 5045 2893 5115 55:
2931 5044 3161 5115 Quwrite‘
3178 5059 3293 5115 ergo
3323 5044 3539 5113 primum
3589 5060 3802 5115 regnum

2225 5113 2338 5177 Dei,
2366 5124 2411 5168 et
2431 5118 2538 5169 Itth
2558 5118 2726 5168 omnia
2754 5113 3062 5184 adjiciantur
3081 5112 3239 5166 vobis.

2295 5186 2418 5240 650.
2446 5186 2713 5239 lleinsiani
2745 5181 3011 5245 meliores,
3046 5183 3222 5247 Alex.,
3245 5181 3401 5247 Man,
3432 5181 3626 5238 Weitz.
3685 5183 3803 5235 alii-

2226 5270 2351 5324 que,
2381 5256 2601 5322 ptacitte.
2631 5253 2818 5316 Aldus,
2849 5253 2985 5318 Gis.,
3047 5251 3165 5324 Vat.
3214 5254 3255 5307 (Σ
3282 5253 3500 5324 aliique,
3561 5253 3798 5324 placida.

2294 5321 2420 5379 651.
2456 5326 2631 5389 Fuld.,
2653 5331 2873 5377 evertere
2911 5329 3095 5376 solum.
3123 5321 3429 5391 Legendunt
3455 5321 3661 5377 vertere.
3694 5323 3803 5375 Iso-

2225 5397 2308 5450 nis
2336 5395 2507 5460 glossa
2537 5404 2617 5447 est
2648 5393 2899 5458 pulverem
2930 5406 3027 5460 pro
3079 5391 3266 5462 solum.
3301 5393 3427 5448 Vide
3476 5407 3594 5462 qua:
3621 5392 3802 5446 notavi

2223 5466 2290 5519 ad
2320 5464 2562 5518 Cathem.
2598 5465 2848 5526 hymnum
2872 5462 2929 5526 5,
2957 5476 3101 5516 vers.
3130 5461 3259 5517 129.

2295 5532 2417 5589 652.
2446 5533 2591 5596 Atd.,
2615 5529 2759 5596 Vat.,
2789 5530 2851 5596 C,
2877 5531 3064 5596 Fabr.,
3096 5531 3262 5600 Bong.
3301 5545 3329 5583 a
3351 5529 3586 5586 secunda
3640 5544 3799 5600 manu

2226 5604 2544 5657 discinditur.
2571 5602 2645 5655 Ita
2673 5601 2831 5655 etiam
2860 5601 2918 5655 in
2946 5609 3055 5657 vel.
3083 5600 3178 5656 lib.
3208 5598 3337 5669 legit
3377 5600 3621 5657 Gifanius
3650 5617 3664 5652 :
3693 5598 3801 5654 Sed

2226 5689 2291 5730 ex
2337 5686 2492 5728 versu
2532 5671 2772 5742 sequenti
2822 5680 2993 5744 pater
3033 5670 3423 5743 praeferendum
3473 5670 3801 5741 discingitur.
