4154 6188
380 279 451 334 69
517 275 526 284 ’
1445 333 1455 343 .
1741 287 2289 350 ΡΞΥΕΠΟΜΑΕΙΠΛ.
3581 318 3649 372 76

557 393 772 455 Terror,
803 400 860 448 et
879 393 1079 448 avulsis
1104 393 1354 450 exﬁbulat
1384 398 1473 450 ilia
1491 399 1658 462 zonis,

556 480 730 535 Vestis
760 483 824 534 ad
857 497 1024 550 usque
1057 484 1217 550 pedes
1250 485 1576 540 descendens
1602 490 1956 557 dellnitimos,

556 575 907 643 Temperatet
929 575 1165 644 rapidum
1191 579 1392 645 privata
1424 581 1676 636 modestia
1694 599 1955 652 gressum.

556 664 899 719 Cornicinum
921 679 1080 718 curva
1110 681 1215 720 tera
1238 667 1397 722 silent
1423 685 1436 722 :
1470 672 1740 738 placabilis
1773 676 1962 743 implet

556 753 812 823 Vaginam
844 754 1089 823 gladius:
1121 757 1303 811 sedato
1343 768 1395 813 et
1426 763 1640 828 pulvere
1663 765 1834 834 campi

553 845 697 901 Suda
727 847 868 899 redit
897 845 1060 900 facies
1089 847 1303 916 liquidae
1325 851 1593 905 sinenube
1619 853 1747 918 diei,

554 936 882 1006 Purpuream
913 938 1099 992 videas
1119 941 1241 995 coeli
1273 941 1567 998 clarescere
1598 945 1792 1000 lucem.

558 1027 716 1098 642
744 1027 970 1096 Agmina
995 1038 1141 1083 casta
1171 1046 1332 1100 super
1378 1035 1581 1088 vultum
1609 1050 1830 1091 sensere
1855 1037 1959 1091 To-

1686 1127 1887 1200 [nantis

561 1212 807 1267 Arriderc
832 1211 1053 1277 hilares,
1082 1212 1234 1281 pulso
1254 1216 1565 1283 certamine,
1601 1225 1814 1284 turma},

557 1303 618 1356 Et
647 1301 916 1356 Christum
945 1302 1181 1370 gaudere
1207 1304 1316 1357 suis
1347 1306 1630 1360 victoribus
1659 1323 1781 1362 arce

561 1393 818 1456 1Etheris,
843 1408 904 1446 ac
921 1395 1150 1462 patrium
1171 1393 1378 1449 famulis
1392 1397 1599 1464 aperire
1614 1398 1951 1466 profundum.

552 1484 650 1537 Dat
679 1484 888 1552 signum
920 1482 1042 1536 felix
1065 1483 1384 1550 Concordia,
1406 1487 1633 1541 reddere
1658 1489 1849 1542 castris

551 1574 809 1628 Victrices
836 1575 1059 1643 aquilas,
1090 1585 1248 1644 atque
1279 1578 1328 1630 in
1359 1579 1584 1631 tentoria
1615 1581 1755 1648 cogi.

550 1665 830 1735 Nunquam
855 1677 995 1719 tanta
1022 1667 1116 1720 fuit
1135 1668 1364 1735 species,
1389 1684 1486 1724 nec
1518 1684 1612 1738 par
1665 1672 1829 1726 decus
1854 1674 1950 1728 ulli

552 1755 769 1818 Militim,
803 1772 922 1810 cum
953 1757 1226 1826 dispositis
1251 1758 1406 1812 bifida
1434 1762 1641 1828 agmina
1671 1763 1825 1831 longe

549 1850 777 1904 Duceret
798 1849 1092 1916 ordinibus,
1138 1851 1369 1918 peditum
1412 1854 1672 1920 psallente
1715 1866 1946 1923 caterva,

547 1944 643 1996 Ast
670 1944 768 1996 alia
792 1943 861 1996 de
886 1953 1036 2012 parte
1066 1944 1300 2012 equitum
1315 1945 1687 2001 resonantibus
1717 1947 1945 2018 hymnis.

367 2036 475 2089 030
548 2035 660 2088 Non
687 2036 844 2089 aliter
866 2036 1056 2089 cecinit
1080 2047 1386 2104 respectans
1413 2037 1585 2092 victor
1609 2040 1840 2096 hiantem

550 2125 708 2180 Israel
740 2126 941 2180 rabiem
973 2126 1116 2194 ponti
1147 2136 1265 2195 post
1296 2136 1441 2196 terga
1470 2130 1711 2197 minacis,

542 2216 671 2270 Cum
695 2215 802 2285 jam
831 2216 1174 2286 progrediens
1204 2218 1436 2272 calcaret
1462 2219 1634 2273 littora
1663 2222 1805 2276 sicco
1838 2265 1848 2274 ,

547 2305 805 2360 Ulteriora
835 2307 990 2374 pede,
1014 2305 1352 2376 stridensque
1393 2324 1487 2378 per
1539 2311 1744 2370 extima
1781 2313 1943 2370 calcis

377 573 483 628 655

373 1028 485 1082 646

370 1573 479 1629 6ίὸ

1989 412 2038 466 Λ

1980 1772 2031 1832 Β

2249 408 2395 460 Mons
2426 410 2897 478 rueretpendentis
2915 427 3088 484 aqure,
3118 416 3401 490 nigrosque
3431 423 3645 493 relapso

2071 499 2174 551 653
2252 497 2471 566 Gurgite
2486 500 2738 555 Nllil‘OiHS
2765 501 2924 557 fundo
2955 505 3312 574 deprenderet
3339 512 3467 577 imo,

2239 588 2397 658 643
2426 590 2501 645 Ac
2522 591 2777 646 refluente
2808 593 2927 649 sinu
2967 598 3078 665 jam
3102 601 3348 657 redderet
3389 604 3523 658 unda
3557 619 3648 659 nae

3381 693 3570 762 [latum

2242 766 2502 832 Piscibus,
2535 781 2587 826 et
2609 776 2777 830 nudas
2802 791 3041 845 praeceps
3071 783 3307 847 aperiret
3345 798 3554 839 art-nas.

2239 859 2470 913 l’ulsavit
2499 878 2691 917 resono
2709 867 3032 923 modulantia
3058 880 3308 940 tympana
3340 875 3541 942 plectro

2236 951 2412 1007 Turba
2463 955 2580 1023 Dei,
2635 961 2912 1016 celebrans
2951 967 3167 1032 mirum,
3198 983 3260 1023 ac
3296 973 3642 1030 memorabile

3372 1059 3570 1129 [sa'clis

2237 1130 2627 1201 Omnipotentis
2656 1153 2808 1206 opus,
2840 1139 3064 1209 liquidas
3095 1145 3233 1200 inter
3265 1148 3396 1203 freta
3428 1153 3569 1221 ripas

2239 1221 2512 1278 Fluctibus
2535 1228 2734 1293 incisis,
2765 1240 2819 1283 et
2842 1234 3168 1291 subsistente
3192 1240 3423 1306 procella

2235 1311 2508 1382 Crescere,
2533 1333 2924 1389 suspensosque
2952 1326 3141 1394 globos
3187 1333 3423 1397 potuisse
3445 1339 3634 1392 teneri.

2235 1404 2344 1469 Sic,
2369 1422 2668 1477 expugnata
2685 1413 2930 1467 vitiorum
2962 1428 3137 1484 gente,
3160 1423 3420 1476 resultant

2233 1498 2452 1569 Mystica
2480 1501 2800 1558 dulcimodis
2827 1506 3078 1563 virtutum
3118 1513 3350 1566 carmina
3394 1515 3632 1584 psalmis.

2238 1591 2463 1648 Ventum
2477 1597 2670 1652 eratad
2705 1597 2886 1655 fauces
2900 1612 3068 1670 porta:
3107 1608 3414 1672 castrensis,
3443 1611 3531 1664 ubi
3554 1628 3634 1666 ar-

3415 1712 3556 1756 ctum

3415 1712 3556 1756 ctum

2235 1771 2454 1827 Limin’s
2479 1775 2748 1832 introitum
2779 1778 2933 1834 bifori
2961 1783 3090 1836 dant
3133 1786 3350 1842 cardine
3378 1699 3631 1846 glaustra.

2230 1862 2475 1918 Nascitur
2499 1865 2583 1920 hic
2612 1867 2824 1935 inopina
2851 1871 2977 1924 mali
3010 1873 3371 1941 lacrymahilis
3397 1892 3515 1936 astu

2229 1956 2558 2025 Tempestas,
2592 1959 2809 2027 placidae
2853 1964 3110 2020 turbatrix
3140 1967 3312 2022 invida
3346 1971 3518 2036 Pacis,

2227 2049 2354 2114 ane
2378 2059 2578 2103 tantum
2611 2052 2783 2105 subita
2839 2065 3054 2110 vexaret
3095 2058 3245 2113 clade
3278 2064 3620 2132 triumphum.

2229 2139 2370 2194 lnter
2391 2141 2658 2196 confertos
2683 2159 2884 2200 cuneos
2906 2148 3198 2204 Concordia
3228 2152 3296 2204 fon
3313 2162 3386 2218 te,

2229 2231 2362 2284 Dum
2393 2233 2582 2300 stipata
2609 2235 2793 2298 pedem
2820 2237 2926 2304 jam
2959 2241 3084 2294 tntis
3130 2245 3392 2298 mamilius
3446 2247 3624 2316 infert,

2235 2320 2445 2391 Excipit
2474 2325 2740 2379 occultum
2762 2327 2872 2381 vitii
2899 2328 3150 2385 latitantis
3171 2333 3238 2388 ab
3266 2334 3374 2389 ictu

2063 1129 2166 1184 660

2057 1589 2162 1646 665

2051 2123 2155 2193 670

1639 2449 1926 2507 GLOSSAB
1965 2453 2308 2512 VETERES.

592 2558 705 2631 ilia,
731 2559 984 2613 intestina.
1009 2587 1078 2631 -έ-
1099 2557 1282 2628 Zonis,
1310 2561 1546 2631 cingulis,
1582 2562 1622 2618 1.

433 2629 560 2682 635.
594 2630 824 2692 Privata,
855 2630 1108 2696 specialis,
1141 2631 1182 2685 1.

364 2769 376 2778 _
432 2697 950 2782 656.Cort_ticinum,
1003 2700 1136 2754 tuba:
1188 2701 1380 2756 silent:
1412 2701 1572 2771 gladii
1598 2702 1942 2756 reconduntur

359 2769 749 2911 "figitﬁgit:
778 2856 973 2911 serena.
1000 2841 1213 2895 ——sine
1265 2841 1404 2895 nube
1431 2840 1556 2907 diei,
1601 2843 1940 2911 perturbatio-

359 2907 478 2973 nis;
504 2912 610 2963 sine
634 2911 886 2975 vindicta;
907 2909 1012 2963 dies
1042 2912 1142 2962 diei
1164 2921 1354 2963 eructat
1385 2907 1611 2978 verbum,
1658 2912 1700 2966 Ι.

421 2978 571 3055 _639._
587 2981 932 3048 Purpuream,
965 2980 1202 3033 virtutum
1224 2983 1351 3051 legio
1379 2984 1587 3052 gaudet,
1627 2983 1757 3036 victa
1778 2991 1938 3037 certa-

355 3050 595 3242 :‘gibfo
618 3117 940 3173 Profundum
971 3165 987 3190 ,
1039 3121 1358 3174 altitudinem
1383 3160 1399 3186 ,

409 3202 489 3242 ar.

409 3202 489 3242 31⁵.

1441 3120 1479 3174 l.
1515 3121 1891 3176 Sublimitatem
1919 3163 1933 3188 ,

2045 2567 2571 2689 degl?.mNtilnquam,
2601 2578 2779 2624 turma:
2804 2575 3128 2642 psallentium
3148 2580 3389 2645 equitum,
3422 2599 3483 2635 ac
3535 2602 3623 2654 pe-

2159 2654 2184 2688 r
2208 2654 2237 2689 u
2294 2679 2308 2689 .
2364 2676 2379 2689 .

2159 2653 2308 2700 rrum,
2338 2653 2379 2690 I.

2113 2706 2237 2759 647.
2272 2707 2459 2771 Bilida,
2492 2707 2632 2771 bina,
2662 2708 2703 2760 Ι.

2112 2774 2235 2852 651.
2266 2777 2442 2852 Ponti,
2472 2779 2739 2852 maris_._—
2765 2779 3004 2852 Minacis,
3029 2785 3455 2852 perturbationem
3491 2809 3622 2846 sem«

2042 2860 2131 2914 per
2147 2846 2484 2899 imminentem
2502 2848 2781 2916 signiﬁcat,
2808 2850 2845 2902 I.
2992 2846 2999 2848 ⁷
3029 2846 3038 2852 ’
3241 2857 3253 2870 ’

2113 2916 2502 2987 655.7Extima,
2531 2918 2804 2987 deteriora,
2844 2918 2884 2972 1.

2253 2985 3000 3070 Nilicolas,ggpliacoanui
3026 2989 3202 3070 Nilum
3221 2995 3407 3050 colunt.
3447 2997 3618 3070 Egy-

2040 3054 2138 3128 ptii
2150 3056 2456 3128 signiﬁcant
2479 3054 2668 3128 diaboli
2684 3054 3056 3128 instigatianes,
3104 3061 3143 3113 1.
3523 3056 3533 3069 ’

2267 3127 2440 3204 ρηάηι,
2470 3127 2637 3195 gratia
2665 3124 2852 3204 dit-ina,
2883 3146 2970 3204 per
2992 3124 3143 3200 quam
3170 3146 3449 3204 evaserant,
3507 3138 3613 3194 lso.

2110 3194 2235 3249 665.
2267 3194 2560 3256 Resultant.
2611 3194 2948 3263 exsultant,'l.

429 3257 557 3340 64f.
592 3257 720 3324 Dat,
757 3259 1029 3313 concordia
1047 3259 1194 3331 jubet
1237 3261 1475 3314 reducere
1509 3261 1694 3315 vexilla
1747 3263 1800 3316 in
1851 3278 1936 3315 ca-
1963 3278 2010 3340 ο
2265 3265 2418 3340 Astu,
2453 3267 2608 3334 ferro,
2632 3267 2706 3320 vel
2731 3257 2942 3333 astutia,
2964 3269 3003 3340 ζ.

351 3328 555 3454 ⁸⁸16λὲ
591 3397 829 3468 Aquilas,
857 3399 1061 3452 vexilla.
1089 3427 1160 3439 —
1181 3399 1342 3469 Cogi,
1375 3402 1694 3470 congregari,
1728 3403 1769 3455 Ι.

2109 3333 2234 3404 668.
2269 3333 2600 3404 Tempestas,
2637 3341 2936 3404 persecutia,
2965 3339 3008 3392 1.

2101 3401 2226 3458 671.
2256 3401 2478 3476 Stipata,
2505 3401 2834 3472 circumdata,
2862 3407 2900 3462 I.

1703 3537 2257 3596 COMMENTARIUS.

426 3657 550 3713 635.
582 3656 686 3710 Pro
715 3654 989 3723 exﬁbulare
1017 3655 1190 3710 solum
1221 3652 1569 3710 Prudentium
1595 3655 1772 3710 laudat
1801 3646 1933 3712 For-

355 3729 602 3783 cellinus.
635 3727 814 3780 Otium
841 3725 1128 3779 indicatur.

425 3798 549 3851 654.
576 3795 832 3850 Weitzius
853 3809 973 3848 cum
1002 3794 1229 3858 Gifanio,
1255 3795 1403 3848 vestis
1428 3801 1476 3848 et
1517 3811 1673 3860 usque
1699 3809 1803 3848 non
1846 3812 1933 3849 ve-

356 3870 446 3922 stis
466 3868 534 3919 ad
562 3883 739 3935 usque.
767 3864 1006 3919 Gifanius
1033 3864 1198 3919 verbo
1223 3865 1468 3918 Dtscmno
1511 3865 1754 3924 affirmat,
1777 3881 1933 3932 usque

355 3953 453 4007 pro
485 3937 553 3988 ad
583 3952 741 4007 usque
765 3935 1193 4007 elcganteridici;
1243 3945 1296 3988 et
1326 3936 1488 4007 verba
1508 3935 1697 4007 Vl-ZAS'I'IS
1716 3937 1929 4007 asserit,

354 4004 962 4072 veteresitausurpasse
977 4006 1126 4074 cujus
1146 4006 1409 4070 ignoratio
1437 4005 1681 4058 mendum
1712 4005 1761 4057 in
1794 4004 1930 4058 Prn—

353 4079 540 4132 dentio
567 4076 856 4146 pepererit.
882 4074 1136 4144 Displicet
1161 4074 1212 4129 id
1241 4074 1480 4142 Heinsio,
1510 4090 1610 4129 nec
1653 4075 1782 4129 mihi
1804 4089 1932 4130 sane

395 4152 553 4201 Iacet.

353 4165 554 4271 plaﬁcffg:
589 4214 814 4276 Erfurt.,
844 4223 1088 4281 temperat
1110 4225 1153 4268 et
1179 4214 1429 4268 rabidum.

426 4289 554 4340 657.
587 4285 875 4348 Giselinus,
900 4286 1076 4337 sedato
1115 4286 1320 4352 pulvere
1340 4286 1455 4338 sine
1486 4291 1551 4336 cl.

430 4357 555 4411 658.
590 4357 645 4408 In
670 4355 805 4417 Erf.,
839 4356 1009 4418 nuda;
1039 4354 1103 4408 ad
1128 4369 1319 4421 marg.,
1347 4357 1497 4407 suda.

425 4429 553 4481 650.
567 4426 623 4478 ln
655 4425 922 4495 nonnullis
934 4425 1078 4494 vulg.
1097 4426 1301 4495 agmina
1313 4435 1450 4477 casta
1463 4425 1758 4486 simul,cum
1771 4424 1922 4492 Egm.

425 4498 555 4550 642.
584 4494 930 4563 Apocalypsis
951 4510 1027 4560 nt,
1047 4495 1112 4547 2t
1137 4494 1158 4546 ξ
1195 4495 1294 4559 Qui
1323 4495 1497 4548 vicerit
1528 4495 1658 4547 dabo
1689 4496 1732 4546 ei
1762 4499 1932 4548 sedere

353 4583 545 4620 mecum
569 4566 620 4616 in
651 4565 831 4617 throno
857 4566 1155 4617 meo:sicut
1203 4573 1249 4616 et
1300 4580 1392 4633 ego
1432 4565 1551 4628 vici,
1596 4574 1640 4618 et
1670 4564 1778 4617 sedi
1817 4580 1931 4617 cum

354 4638 518 4690 Patre
547 4651 655 4686 meo
679 4635 729 4685 in
755 4639 933 4686 throno
951 4636 1078 4698 eius.
1107 4636 1160 4685 In
1194 4634 1325 4688 Mar.
1351 4643 1402 4686 et
1427 4636 1608 4698 Alex.,
1648 4650 1782 4696 arce,
1809 4650 1929 4688 cum

355 4708 530 4760 tribus
556 4704 858 4758 veterrimis
882 4703 1203 4764 Heinsianis,
1245 4705 1382 4771 quod
1428 4705 1642 4772 placet:
1693 4708 1792 4756 hoc
1827 4713 1929 4766 est,

352 4781 406 4830 in
435 4791 559 4829 arce
590 4775 826 4828 aetheris.
854 4772 1096 4826 Heinsius
1126 4776 1304 4826 nescio
1333 4789 1426 4826 cur
1443 4777 1739 4841 suspicatur
1765 4789 1927 4838 arces,

353 4862 476 4900 cum
510 4844 705 4897 habeat
728 4859 892 4895 arcem
925 4845 974 4895 in
1010 4847 1292 4912 plersque.
1313 4845 1578 4906 llartliius,
1603 4845 1694 4896 lih.
1729 4859 1778 4908 ν,
1809 4858 1928 4910 cap.

354 4918 446 4980 η,
479 4916 606 4983 legit
635 4928 824 4983 arcem,
855 4923 907 4964 et
945 4913 1093 4966 affert
1122 4914 1372 4979 glossam.
1425 4915 1474 4966 id
1511 4923 1592 4967 est
1640 4914 1924 4981 imperium.

427 4981 554 5037 645.
583 4984 729 5048 Ald.,
754 4981 938 5044 Fabr.,
967 4997 1198 5051 partum;
1221 4991 1274 5035 et
1317 4984 1564 5037 Nebrissa
1618 4984 1928 5050 interpreta-

356 5066 444 5106 tur
470 5068 562 5119 pro
581 5065 748 5119 regno
775 5055 999 5116 caelesti,
1028 5053 1148 5120 quia
1170 5064 1346 5117 portus
1377 5069 1481 5121 quo
1513 5053 1839 5118 profundior,
1861 5069 1925 5108 eo

357 5121 769 5193 securior.V'era
803 5121 958 5175 Iecuio
983 5124 1200 5188 patrium
1218 5124 1544 5191 profundum,
1582 5127 1731 5189 cujus
1751 5124 1926 5193 glossa

354 5195 410 5246 in
435 5192 584 5254 Man,
616 5192 667 5245 id
699 5202 782 5246 est
818 5193 1194 5245 sublimitatem.
1235 5193 1361 5245 Vide
1384 5193 1648 5247 Gitanium
1679 5192 1789 5247 Ind.
1826 5194 1928 5246 Lu-

348 5273 517 5326 cret.,
544 5263 707 5315 verbo
740 5264 1076 5314 l’norcanuu.
1134 5263 1258 5315 Post
1289 5263 1426 5315 hunc
1456 5279 1663 5318 versum
1709 5263 1762 5317 in
1793 5263 1923 5317 Mar.

347 5333 633 5400 inscriptio
659 5331 966 5384 Concordia.

424 5405 548 5457 646.
570 5403 751 5472 Aldus
774 5402 1059 5455 excuderat
1079 5417 1222 5466 spes;
1241 5402 1541 5458 emendavit
1560 5411 1700 5457 recte
1714 5403 1924 5472 species.

347 5475 522 5536 Idem,
555 5471 692 5525 Deus
709 5473 823 5523 ulli.
854 5474 1011 5541 Ang.,
1061 5471 1213 5525 decus
1258 5487 1502 5541 unquam.
1543 5471 1748 5527 Verior
1773 5473 1933 5528 lectio

347 5560 444 5598 nec
476 5560 568 5608 par
595 5544 748 5594 decus
779 5541 892 5593 ulli.

421 5614 552 5667 643.
578 5612 633 5664 In
661 5609 784 5665 Vat.
819 5611 881 5673 Il,
913 5610 1166 5668 mendose
1216 5609 1432 5666 Duceret
1468 5610 1762 5667 [cardinibus
1789 5612 1932 5683 pedi-

349 5695 460 5738 tum
492 5692 694 5750 stupere
715 5693 962 5735 catervas.

2107 3656 2232 3712 650.
2262 3654 2530 3711 Giselinus
2557 3665 2737 3711 monet
2786 3655 2928 3711 hunc
2955 3672 3163 3713 versum
3209 3675 3312 3715 non
3341 3675 3460 3718 esse
3485 3678 3616 3721 sen-

2035 3727 2498 3800 tentiaesuperiori
2524 3727 2933 3800 annectendum,
2969 3739 3023 3781 ut
3045 3730 3130 3800 alii
3159 3731 3332 3800 inepte
3345 3731 3609 3790 fecerant.

2038 3796 2321 3850 Historiam
2353 3811 2557 3850 sacram
2592 3797 2755 3850 habes
2783 3810 2900 3864 cap.
2931 3813 3019 3850 xw
3067 3796 3253 3854 Exodi.

2105 3866 2231 3920 65L
2263 3866 2318 3919 ln
2351 3865 2620 3919 nonnullis
2649 3866 2813 3933 vulg.,
2846 3868 3102 3919 minantis.

2105 3935 2228 3990 655.
2263 3935 2489 3999 Erfurt.,
2513 3935 2690 3999 callis;
2721 3949 2904 4001 supra,
2936 3934 3110 3988 calcis.

2105 4004 2232 4061 656.
2267 4005 2521 4061 Weitzius
2546 4019 2665 4076 cum
2696 4004 2832 4076 Erf.,
2882 4003 3110 4076 ﬂiqu
3146 4007 3386 4076 repulsa,
3445 4023 3607 4076 supra

2032 4077 2232 4146 relapso
2254 4087 2357 4129 tam
2386 4077 2437 4129 in
2469 4073 2583 4129 Erf.
2611 4089 2768 4144 quam
2798 4074 2853 4127 in
2881 4072 3082 4128 Widm.
3133 4072 3342 4140 Caneri,
3374 4072 3608 4147 relapso;

2033 4146 2175 4197 Put..
2200 4145 2394 4197 relaxa.

2033 4146 2176 4209 Put..
2200 4146 2394 4200 relaxa.

2104 4216 2230 4271 655.
2266 4215 2404 4284 Erf.,
2433 4214 2484 4268 Ν
2491 4215 2668 4269 iliacos
2680 4231 2700 4281 ;
2727 4213 2870 4271 idem
2899 4225 2953 4271 et
2995 4214 3261 4280 Barthius,
3310 4215 3611 4286 dependeret

2033 4303 2158 4339 smo.

2100 4355 2223 4410 656.
2261 4354 2485 4408 Natatus
2512 4356 2725 4408 nomine
2778 4370 2902 4409 usus
2931 4364 3012 4409 est
3069 4355 3265 4421 Apath.
3294 4369 3434 4409 vers.
3465 4355 3600 4410 684.

2034 4427 2234 4480 Eodem
2269 4425 2481 4479 nomine
2510 4425 2838 4480 substantive
2865 4427 3027 4479 utitur
3060 4424 3261 4481 Statius
3287 4423 3420 4479 Silv.
3455 4425 3544 4480 lib.
3567 4443 3611 4494 ι,

2031 4497 2154 4549 silv.
2183 4496 2216 4548 5
2241 4503 2295 4547 et
2323 4495 2377 4547 5.
2716 4502 2720 4505 ‘

2102 4565 2226 4619 662.
2259 4566 2448 4618 Actum
2481 4563 2581 4618 hac
2607 4563 2673 4618 de
2697 4579 2755 4618 re
2783 4563 2981 4634 hymno
3012 4566 3045 4619 5
3073 4565 3252 4632 Cath.,
3281 4579 3423 4619 vers.
3459 4564 3528 4621 65
3557 4573 3615 4622 et

2032 4650 2184 4689 εραα.

2257 4703 2480 4758 Piccarti
2506 4702 2698 4764 codex,
2728 4703 3062 4757 multimodis.

2103 4775 2226 4829 665.
2253 4776 2411 4839 Ang.,
2445 4773 2512 4824 ad
2536 4773 2651 4825 belli
2680 4775 2849 4842 fauces
2875 4774 3164 4827 castrensis.
3197 4774 3270 4827 Ex
3305 4773 3386 4828 his
3415 4774 3608 4827 carmi-

2031 4844 2187 4900 nibus
2209 4843 2408 4910 colligit
2435 4842 2698 4906 Barthius,
2746 4844 2963 4897 militent
3021 4843 3181 4897 fuisse
3232 4843 3602 4897 Prudentium.

2034 4916 2118 4969 vel
2149 4923 2294 4968 certe
2320 4914 2385 4966 ab
2414 4927 2478 4966 eo
2504 4915 2634 4965 scite
2662 4913 2889 4966 describi
2923 4923 3126 4980 portam
3156 4921 3478 4968 castrensem
3508 4913 3604 4974 ait,

2033 4986 2154 5054 quia
2184 4985 2235 5038 in
2262 4984 2455 5054 castris
2481 4984 2814 5036 militaverat.
2867 4983 3062 5038 Confer
3115 4984 3276 5054 vitam
3331 4981 3602 5054 Prudentii

2035 5051 2087 5108 in
2121 5055 2415 5122 prolegom.
2448 5053 2633 5107 Plures
2655 5064 2984 5116 erantportm
3016 5055 3067 5107 in
3119 5052 3336 5122 castiis;
3391 5051 3458 5104 de
3487 5051 3606 5116 qni-

2034 5121 2133 5177 bns
2157 5123 2434 5176 Turnebus
2463 5123 2551 5176 lib.
2585 5138 2688 5176 xxx
2747 5123 2996 5186 Advers.,
3024 5139 3141 5190 cap.
3172 5123 3263 5185 24,
3301 5121 3511 5190 Lipsius
3537 5121 3611 5174 de

2034 5194 2216 5246 Militia
2249 5193 2404 5247 Rom.
2435 5193 2730 5256 lib.v,dial.
2756 5194 2809 5247 5.
2851 5194 2974 5246 l’ost
2991 5189 3130 5245 hunc
3164 5189 3443 5245 versumin
3473 5189 3602 5244 Mar.

2036 5265 2220 5317 titulus
2246 5261 2535 5326 Discordia,
2569 5272 2621 5316 et
2674 5263 2982 5317 charactere
3037 5263 3241 5315 minuto
3277 5271 3608 5328 cognomento

2031 5333 2256 5389 Itwresis.
2288 5332 2359 5386 Ita
2391 5333 2549 5385 etiam
2583 5333 2632 5385 in
2665 5333 2782 5386 Hat.

2107 5403 2230 5457 667.
2258 5404 2312 5456 In
2344 5402 2654 5469 quibusdam
2678 5404 2844 5468 vulg.,
2877 5401 2994 5453 hinc
3025 5414 3120 5466 pro
3140 5399 3245 5469 hic.

2107 5473 2233 5529 669.
2267 5467 2409 5534 Ald},
2441 5472 2669 5535 vexarit;
2719 5467 2828 5537 alii,
2867 5479 3087 5523 vexaret.
3123 5467 3271 5536 Apud
3324 5467 3513 5520 Aldum
3552 5477 3608 5523 et

2036 5542 2170 5598 alios
2197 5543 2298 5596 hoc
2321 5543 2438 5595 loco
2465 5543 2645 5595 titulus
2674 5540 2964 5593 Concordia:
2993 5545 3040 5590 et
3094 5537 3363 5592 discordia:
3409 5553 3606 5609 pugna.

2107 5613 2230 5668 670.
2264 5611 2399 5680 Erf.,
2431 5627 2537 5666 non
2566 5613 2722 5675 bene,
2745 5611 2871 5662 inter
2884 5616 3157 5662 consertes.
