4154 6188
285 301 349 359 77
1635 303 2179 362 PSYCHOMACHIA.
3476 311 3550 369 7S

463 417 689 472 Constat
732 416 984 471 amicitiis
1025 432 1040 471 :
1073 416 1302 470 scissura
1347 414 1637 470 domestica
1682 416 1860 469 turbat
1892 422 1935 479 Α

468 509 597 563 Item
614 508 817 577 populi,
837 508 1131 576 titubatque
1144 506 1294 565 foris.
1309 505 1448 572 quod
1467 503 1686 559 dissidet
1699 505 1864 560 intus.

471 601 608 670 Ergo
634 611 845 662 cavete,
877 599 997 663 viri,
1031 613 1097 651 ne
1125 598 1195 651 sit
1223 596 1490 651 sententia
1522 596 1734 650 discors

467 692 731 748 Sensibus
761 692 811 744 in
841 689 1062 752 nostris,
1093 703 1160 742 ne
1181 697 1325 741 secta
1354 687 1564 741 exotica
1589 687 1743 740 tectis

466 783 729 838 Nascatur
752 783 983 836 conflata
1012 780 1149 834 odiis
1175 797 1186 831 :
1217 780 1339 848 quia
1367 779 1490 833 ﬁssa
1520 780 1766 834 voluntas

468 875 751 930 Confundit
778 874 934 928 variis
959 888 1152 928 arcana
1181 873 1428 928 biformia
1456 873 1626 928 ﬁbris.

465 965 627 1036 651
676 963 829 1030 Quod
857 965 1094 1032 sapimus
1114 1005 1129 1030 ,
1173 963 1457 1032 eonjungat
1489 977 1640 1016 amor
1669 981 1682 1015 :
1728 963 1868 1032 quod

1397 1052 1670 1124 [vivimns,
1693 1067 1800 1106 uno

470 1145 758 1214 Conspiret
784 1143 963 1198 studio
988 1159 1002 1199 :
1047 1143 1118 1197 nil
1148 1143 1488 1199 dissociabile
1523 1143 1736 1198 ﬁrmum
1765 1154 1867 1198 est.

474 1235 648 1304 thue
702 1235 924 1299 homini,
961 1245 1120 1301 atque
1167 1232 1278 1288 Deo
1330 1234 1536 1288 medius
1578 1235 1868 1288 intervenit

1608 1323 1797 1394 [lesus.

477 1412 577 1479 Qui
602 1413 768 1466 sociat
800 1412 1025 1466 mortale
1056 1412 1219 1476 Patri,
1251 1428 1316 1466 ne
1347 1427 1540 1468 carnea
1569 1414 1766 1467 distent

471 1504 695 1573 Spiritui
716 1514 937 1565 eterna,
959 1504 1132 1571 sitque
1147 1513 1202 1556 ut
1226 1505 1363 1557 Deus
1386 1519 1522 1557 unus
1546 1513 1826 1574 utrumque
1852 1522 1864 1555 :

472 1593 583 1658 Sic,
628 1593 884 1664 quidquid
913 1594 1150 1663 gerimus
1183 1595 1500 1664 mentisque,
1536 1607 1590 1650 et
1628 1597 1870 1663 corporis

1627 1686 1793 1759 tactu.

471 1775 704 1845 Spiritus
726 1776 996 1830 unimodis
1025 1787 1168 1831 texat
1197 1777 1545 1846 compagibus
1567 1793 1722 1830 unus.

472 1865 576 1920 Pax
619 1866 832 1935 plenum
872 1869 1084 1922 virtutis
1123 1882 1281 1937 epus,
1319 1883 1419 1937 pax
1467 1883 1672 1920 summa
1715 1868 1861 1922 Iaho-

1628 1958 1789 2031 trum.

283 2046 396 2102 770
467 2047 574 2103 Pax
597 2047 729 2104 belli
752 2050 932 2105 exacti
960 2052 1188 2119 pretium
1214 2061 1293 2106 est
1316 2091 1332 2116 ,
1363 2050 1696 2120 pretiumque
1728 2052 1866 2116 peri-

1678 2144 1792 2214 ten.

464 2231 654 2288 Sidera
679 2248 808 2304 pace
830 2233 1029 2304 vigent,
1058 2237 1357 2291 consistunt
1387 2243 1558 2291 terrea
1586 2250 1718 2306 pace
1742 2251 1758 2288 :

290 786 396 841 760

292 1413 406 1469 765

1901 1791 1944 1850 Β
1973 1785 2075 1839 785

2142 415 2223 472 Nil
2250 417 2503 486 placitum
2521 417 2637 474 sine
2660 433 2789 487 pace
2808 420 2935 483 Deo,
2952 434 3057 475 non
3084 435 3298 488 manus,
3312 422 3380 475 ad
3399 436 3548 475 aram

2149 507 2282 563 Cum
2305 513 2488 576 cupias
2518 509 2732 575 oll'erre,
2763 509 2974 577 probat,
3005 510 3049 565 si
3083 510 3292 565 turbida
3326 510 3546 566 fratrem

2153 599 2300 652 Mens
2331 598 2575 667 impacati
2609 599 2710 652 sub
2738 601 2969 668 pectoris
2996 601 3174 654 oderit
3201 610 3356 654 antro
3385 618 3398 653 :

1975 687 2078 741 775
2152 688 2260 742 Nec
2281 690 2326 742 si
2349 689 2721 744 ﬂammicomis
2749 690 2947 744 Christi
2975 707 3070 758 pro
3101 692 3318 747 nomine
3346 703 3547 764 martyr

2159 779 2374 848 Ignibus
2401 779 2626 846 insilias,
2651 795 2872 834 servans
2902 781 3188 836 inamabile
3210 792 3390 836 votum

2153 869 2267 923 Bile
2298 872 2396 924 sub
2419 871 2653 940 obliqua,
2685 873 2972 940 pretiosam
3005 874 3244 942 proderit
3271 875 3386 930 Iesu

2147 961 2310 1032 652
2359 961 2686 1031 Impendisse
2715 964 2983 1046 animum:
3019 967 3195 1020 meriti
3232 969 3352 1036 quia
3402 971 3550 1024 clau-

3077 1057 3214 1128 [sula
3247 1073 3346 1127 pax
3374 1068 3478 1114 est.

2151 1145 2267 1199 Non
2299 1146 2480 1200 inﬂata
2512 1154 2719 1212 tumet,
2759 1163 2861 1200 non
2893 1138 3093 1202 invidet
3135 1151 3326 1205 aemula
3359 1151 3546 1220 fratri,

2150 1235 2339 1290 Omnia
2367 1235 2663 1305 perpetitur
2696 1237 2932 1305 patiens,
2965 1248 3124 1307 atque
3153 1241 3330 1294 omnia
3359 1244 3547 1297 credit.

2148 1328 2426 1398 Nunquam
2452 1331 2574 1384 laesa
2607 1331 2772 1396 dolet,
2804 1341 2992 1386 cuncta
3017 1332 3340 1388 olletisacula
3356 1335 3541 1391 donat.

2150 1419 2412 1474 Oceasum
2436 1421 2568 1474 lucis
2591 1421 2744 1476 venia
2781 1437 3109 1489 praecurrere
3135 1425 3297 1492 gestit

2149 1511 2326 1563 Anxia
2345 1549 2358 1571 ,
2394 1525 2460 1564 ne
2487 1512 2730 1566 stabilem
2768 1512 2970 1581 linquat
2999 1517 3076 1567 sol
3109 1517 3358 1571 conscius
3387 1519 3548 1573 iram.

2147 1600 2384 1670 Quisque
2422 1603 2575 1656 litare
2620 1603 2730 1656 Deo
2765 1607 3008 1658 mactatis
3046 1607 3159 1659 vult
3196 1608 3548 1674 holocaustis,

2149 1691 2351 1746 Olferat
2383 1691 2646 1760 imprimis
2685 1709 2868 1762 pacem
2901 1712 2914 1748 :
2948 1697 3091 1750 nulla
3127 1697 3300 1751 hostia
3334 1698 3550 1755 Christo

2153 1784 2364 1838 Dulcior
2390 1803 2403 1838 :
2437 1784 2537 1838 hoc
2555 1785 2672 1839 solo
2699 1796 2878 1840 sancta
2903 1788 2966 1840 ad
2996 1788 3218 1843 donaria
3241 1790 3443 1844 vulzum

2151 1876 2369 1930 Munere
2399 1884 2723 1930 cenvertens
2747 1917 2763 1942 ,
2809 1877 3010 1946 liquido
3037 1880 3335 1934 oblectatur
3363 1881 3547 1936 odore.

2147 1969 2252 2022 Sed
2281 1979 2461 2023 tamen
2493 1976 2548 2022 et
2575 1968 2744 2024 niveis
2783 1971 2938 2023 tradit
2974 1972 3110 2026 Dens
3148 1974 3262 2042 ipse
3290 1974 3552 2028 eohunb's

2150 2059 2446 2113 Pennatum
2497 2068 2680 2115 tenera
2729 2063 3028 2130 plumarum
3069 2073 3220 2118 veste
3271 2047 3552 2119 colubrum

2151 2148 2402 2204 Rimante
2442 2151 2655 2219 ingenio
2689 2151 2846 2206 docte
2892 2152 3278 2220 internoscere,
3325 2157 3551 2210 mixtum

1973 2237 2078 2292 790
2151 2238 2397 2295 lnuocuis
2444 2241 2671 2296 avibus:
2714 2241 2842 2294 latet
2891 2253 2946 2295 et
2990 2243 3144 2312 lupus
3188 2258 3284 2300 ore
3329 2255 3555 2301 cruento

1973 1329 2076 1384 780

1566 2347 1850 2405 GLOSSAS
1892 2350 2222 2407 VETERES.

355 2457 484 2519 756,
534 2457 854 2519 Domestica,
885 2458 1067 2518 civilis.
1100 2457 1142 2511 l.

354 2527 484 2581 757.
525 2527 682 2590 Rem,
711 2536 923 2592 statum,
958 2529 995 2580 I.

353 2598 483 2653 759.
532 2598 773 2658 Exotica,
803 2596 1367 2663 mortifera.—Tet-tis,
1399 2599 1679 2666 coopertis,
1714 2600 1754 2655 l.

354 2667 485 2721 760.
529 2667 700 2728 Fissa,
736 2668 897 2720 divisa
918 2670 992 2720 vel
1015 2678 1267 2733 separata,
1305 2668 1341 2720 Ι.

355 2737 483 2790 761.
528 2740 736 2791 Arcana
757 2780 772 2802 ,
803 2737 1342 2791 secreta.—Diformia
1362 2778 1376 2802 ,
1407 2738 1860 2805 divisa.—Fibris,

281 2808 453 2861 uentis
470 2847 486 2872 ,
507 2808 898 2876 cogitationibus
917 2848 932 2871 ,
973 2807 1010 2861 Ι.

355 2877 480 2931 765.
525 2876 833 2946 Conspiret,
865 2877 1147 2946 confirmet,
1179 2879 1220 2931 Ι.

355 2947 481 3001 775.
530 2945 745 3009 Probat,
779 2945 967 3015 placet,
1004 2948 1040 3001 I.

353 3017 480 3072 776.
524 3017 782 3082 Servans,
811 3018 996 3071 habens
1020 3027 1197 3071 contra
1223 3019 1748 3088 fratrem—Votum.
1774 3037 1860 3074 vo-

1972 2460 2241 2523 luntatem,
2277 2463 2381 2517 lso.

2044 2534 2165 2586 777.
2220 2535 2332 2587 Bile
2362 2535 2460 2586 sub
2488 2534 2725 2600 obliqua,
2755 2537 2872 2602 felle
2895 2538 2986 2590 sub
3012 2540 3247 2599 obscuro.
3279 2540 3313 2594 Ι.

2042 2602 2166 2656 778.
2213 2603 2566 2670 Impendisse,
2598 2608 2738 2665 dare,
2778 2607 2818 2659 Ι.

2043 2671 2164 2724 781.
2223 2673 2416 2738 Donat,
2443 2675 2670 2735 dimittit,
2706 2675 2743 2728 Ι.

2040 2741 2163 2813 782.
2210 2741 2540 2813 ῼιωςιιιιιυιέ
2563 2744 2743 2812 gestit,
2775 2748 3050 2810 prtevenire
3073 2751 3300 2813 festinat,
3324 2751 3361 2804 Ι.

2043 2812 2166 2884 788.
2210 2811 2416 2884 Tradit,
2447 2814 3010 2884 doeuit.——Colttuiliis,
3042 2811 3362 2884 Christianis,
3397 2821 3431 2880 l,

2039 2882 2164 2935 789.
2206 2882 2516 2944 Colubruni,
2548 2883 2826 2949 diabolum,
2866 2885 2901 2937 Ι.

2037 2952 2163 3006 790.
2221 2953 2494 3014 lnuocuis,
2519 2954 2808 3019 virtutibus,
2840 2953 2918 3006 vel
2945 2957 3188 3010 colmubis
3211 2999 3223 3019 ,
3258 2958 3294 3012 Ι.

1629 3107 2181 3166 COMMENTARIUS.

353 3203 480 3258 759.
506 3203 654 3268 Μὰ,
686 3202 824 3266 Cis.,
851 3203 904 3256 in
926 3204 1123 3260 vestris.
1154 3203 1423 3258 Heinsiaui
1449 3215 1502 3258 et
1533 3206 1702 3259 nostri
1733 3220 1856 3259 cum
1887 3205 1933 3267 C
1963 3217 2122 3256 manu
2153 3200 2476 3255 correctoris
2527 3197 2752 3266 improbi
2785 3242 2798 3265 ,
2848 3202 3006 3269 prosit
3057 3200 3195 3256 Iesu.
3229 3204 3280 3256 In
3328 3219 3439 3258 not.
3482 3206 3546 3260 ad

285 3271 604 3328 Weitzianis
629 3314 644 3336 ,
681 3274 734 3325 iu
767 3274 973 3327 uestris.
1015 3273 1071 3326 In
1113 3276 1240 3328 Mar.
1263 3315 1278 3339 ,
1309 3291 1398 3328 nec
1427 3287 1598 3341 secta;
1637 3275 1759 3336 alii,
1797 3291 1860 3328 ne

281 3355 440 3399 secta.
488 3343 597 3396 Vox
629 3346 824 3396 exotica
866 3343 1108 3397 Plautina
1150 3355 1232 3397 est
1261 3385 1274 3406 .
1327 3347 1393 3399 ab
1430 3346 1551 3398 aliis
1589 3353 1861 3399 revocata.

354 3416 480 3469 760.
528 3413 706 3473 Alex,
735 3414 892 3478 Man,
921 3414 1060 3466 Vatt.
1093 3413 1154 3477 F,
1183 3414 1248 3477 G,
1277 3414 1546 3468 Ciselinus
1574 3415 1639 3468 ad
1669 3431 1864 3484 marg.,

282 3485 583 3543 Heinsiani,
630 3484 773 3550 ﬁssa.
821 3495 1046 3550 excepto
1081 3485 1320 3546 Thuan.,
1369 3485 1421 3538 iu
1464 3502 1569 3552 quo
1623 3500 1653 3538 a
1708 3501 1864 3539 manu

281 3556 477 3624 prima,
500 3554 639 3624 fusa,
659 3566 708 3606 et
727 3554 871 3624 Rott.
893 3556 1087 3624 priore,
1111 3556 1198 3608 ubi
1219 3555 1345 3622 ﬁxa.
1379 3554 1630 3609 Barthius
1656 3570 1867 3623 queque

281 3635 341 3680 et
370 3623 654 3686 Weitzius,
704 3623 846 3693 fissa.
895 3623 1014 3676 Vat.
1066 3625 1123 3680 C.
1179 3626 1330 3693 scisa.
1383 3625 1604 3688 Erfurt.,
1649 3626 1864 3693 Angeb,

283 3697 431 3758 Ald.,
460 3694 576 3749 Gis.
600 3712 626 3742 a
656 3692 824 3760 prima
856 3707 1036 3758 manu,
1059 3695 1237 3746 scissa.
1265 3692 1471 3747 Fissum
1495 3692 1867 3764 appellabatur

283 3767 620 3836 iecurczesie
638 3765 911 3836 ⁸νιοιίιιιῖιι,
937 3779 1036 3831 qua
1068 3764 1294 3836 fortasse
1320 3765 1538 3832 reSpicit
1563 3782 1659 3818 vox
1701 3765 1864 3831 ﬁbris.

359 3834 483 3888 761.
525 3832 727 3903 Widm.
758 3834 823 3886 ad
855 3833 1279 3903 oram-infundit
1300 3836 1472 3896 variis,
1499 3835 1674 3888 minus
1709 3836 1865 3889 bene.

360 3905 485 3958 762.
528 3902 721 3974 \Veitz.
757 3919 878 3956 cum
909 3904 1024 3956 solo
1047 3902 1268 3969 Erfurt.,
1295 3906 1602 3974 conjunctet.
1628 3906 1739 3958 Cur
1761 3922 1866 3960 non

283 3976 466 4046 potius
488 3989 622 4046 cum
637 3973 756 4027 aliis
781 3990 872 4046 con
871 3977 1061 4045 jungat
1083 3975 1106 4028 ?

359 4045 482 4099 764.
528 4043 684 4114 Ald.,
731 4043 956 4096 medium
980 4043 1279 4114 intervenit.
1312 4044 1616 4114 Legendum
1666 4045 1865 4098 medius

283 4115 576 4169 intervenit.
598 4112 882 4185 Corrector
911 4115 1168 4168 ridiculus
1188 4112 1533 4170 codicis'ltat.
1558 4115 1678 4170 fecit
1707 4132 1867 4185 genus

283 4186 599 4238 intervenit:
635 4184 898 4249 siquidem
943 4185 1302 4238 arbitrabatur
1339 4199 1554 4239 carmen
1610 4184 1722 4238 noni
1761 4187 1868 4238 alio

281 4259 451 4310 modo
476 4263 744 4309 constare.
786 4253 937 4308 Fuld.
960 4298 974 4319 ,
1004 4265 1152 4322 atque
1180 4256 1372 4308 homini
1395 4297 1408 4314 ,
1441 4267 1592 4322 atque
1634 4255 1740 4308 Deo
1765 4273 1870 4308 me-

283 4329 403 4378 dius
428 4341 448 4376 :
480 4339 587 4377 non
627 4325 893 4392 displicet.
928 4324 1000 4376 Ex
1044 4325 1411 4392 hujuscemodi
1460 4326 1705 4392 loquendi
1755 4326 1865 4378 for-

285 4395 458 4456 mula,
493 4404 654 4458 atque
675 4395 938 4447 Sententia
961 4404 1141 4446 natum
1169 4404 1250 4448 est
1279 4397 1594 4448 vocabulum
1619 4397 1867 4449 mediator

286 4469 357 4520 de
383 4465 622 4534 Christo.
648 4462 775 4517 Vide
805 4464 958 4517 Cath.
994 4464 1176 4534 hytnu.
1211 4467 1298 4530 11,
1332 4480 1474 4518 vers.
1509 4465 1597 4519 16.

361 4534 487 4588 765.
531 4533 760 4587 Carneus
783 4535 997 4588 nomine
1019 4550 1144 4586 usus
1172 4535 1330 4588 etiam
1359 4546 1440 4588 est
1471 4537 1522 4588 in
1554 4535 1750 4603 Apoth.

361 4604 487 4659 771.
538 4605 755 4658 Boetius
782 4605 1020 4657 imitatus
1040 4605 1248 4665 videtur
1279 4605 1624 4659 Prudentium
1651 4606 1742 4658 lib.
1776 4621 1822 4657 tv
1844 4649 1859 4672 ,

289 4691 463 4729 tnezro
492 4674 526 4728 6
552 4692 566 4726 :
601 4673 662 4727 Si
686 4674 756 4726 vis
777 4673 898 4726 celsi
909 4677 1036 4744 jura
1063 4675 1287 4726 tonantis
1318 4674 1460 4726 Pura
1476 4675 1636 4728 solers
1663 4691 1865 4729 cernere

289 4754 470 4807 mente,
501 4744 685 4812 Aspice
712 4745 898 4796 summi
929 4745 1151 4797 culmina
1178 4744 1308 4797 caeli.
1349 4744 1466 4798 Illic
1494 4747 1640 4812 justo
1679 4748 1866 4812 [indere

288 4832 457 4866 rerum
491 4815 718 4866 Veterem
743 4813 1123 4867 seruantsidera
1149 4830 1417 4884 pacem...
1447 4814 1567 4869 Παῖς
1593 4816 1866 4869 concordia

289 4895 534 4952 temperat
562 4884 723 4954 (cquis
769 4883 1032 4936 Elementa
1062 4883 1224 4936 modis
1245 4927 1259 4950 ,
1289 4895 1394 4940 etc.

361 4956 484 5007 775.
537 4955 715 5008 Testis
744 4954 900 5022 hujus
931 4955 1006 5007 rei
1039 4955 1337 5019 Matthaeus,
1361 4970 1482 5022 cap.
1513 4971 1564 5019 v,
1601 4971 1740 5010 vers.
1771 4955 1862 5011 25.

290 5026 557 5093 Plerique,
579 5024 782 5092 probat.
809 5024 1058 5078 Heinsius
1082 5040 1202 5078 cum
1230 5024 1436 5080 'l‘hnan.
1461 5030 1662 5080 rectius
1692 5037 1863 5096 putat,

285 5109 338 5148 et
371 5107 512 5146 tenet
534 5096 728 5162 probet.
756 5099 765 5106 ’

363 5165 488 5216 775.
539 5166 659 5217 Ald.
682 5204 696 5222 .
728 5165 1106 5233 ﬂammicomis.
1139 5163 1324 5218 Melius
1347 5165 1715 5287 ﬂammicomis
1741 5183 1861 5222 cum

363 5234 520 5287 'intis.
552 5235 642 5287 Sic
668 5234 865 5287 Marius
892 5235 1066 5287 Victor
1089 5236 1182 5287 lib.
1209 5250 1242 5287 tt
1265 5237 1316 5287 in
1369 5234 1594 5287 ‘ettesim
1625 5253 1637 5287 :
1667 5237 1861 5287 Crinita

284 5234 520 5301 scriptis.
552 5235 642 5289 Sic
668 5234 865 5287 Marius
892 5235 1066 5288 Victor
1089 5236 1182 5289 lib.
1209 5250 1242 5288 tl
1265 5237 1316 5288 iu
1347 5234 1594 5288 Geuesim
1625 5253 1637 5288 :
1667 5237 1862 5290 Crinita

283 5305 528 5357 incendia
554 5307 654 5356 tate
684 5303 996 5358 Extendeus.
1035 5306 1099 5358 Et
1117 5306 1382 5359 .luvencus
1412 5306 1503 5357 lib.
1531 5321 1579 5358 tv
1610 5320 1624 5362 :
1655 5306 1859 5375 lgnico-

284 5389 484 5442 rumque
516 5382 667 5426 ruent
693 5375 874 5436 ste/lia,
919 5384 974 5428 et
1011 5376 1166 5444 paulo
1206 5385 1354 5441 post:
1392 5375 1591 5428 Ornata
1621 5379 1860 5430 accincta:

284 5448 540 5496 tttdarum
606 5445 1113 5511 ﬂammicomantum.
1173 5446 1230 5498 In
1290 5445 1522 5499 editione
1588 5447 1860 5501 Parmensi

283 5517 538 5567 lllt'lttltllll
568 5524 652 5566 est
671 5517 1014 5581 ﬂammicolis,
1046 5515 1186 5584 quod
1217 5517 1266 5568 in
1292 5525 1412 5568 nota
1440 5519 1715 5582 repetitur.

350 5585 478 5638 777.
526 5584 656 5636 Βδιιε
679 5585 883 5653 obliqua
925 5597 1008 5639 ρει
1033 5585 1251 5651 perllda,
1293 5585 1500 5650 dolosa,
1549 5595 1604 5639 ut
1645 5602 1858 5640 (farttien

280 5655 582 5721 obliquum.
635 5653 866 5708 Consule
925 5656 1115 5709 lexica.
1168 5654 1500 5708 Sententiam
1555 5655 1673 5709 vide
1720 5657 1859 5720 apud

286 5725 536 5780 l’aalmn.
567 5724 582 5774 l
608 5724 674 5777 ad
696 5723 938 5778 Corinth.
977 5741 1092 5780 xm.
1122 5726 1171 5778 5.
1206 5724 1260 5778 In
1292 5724 1434 5778 Διό..
1465 5725 1622 5780 Fabr.
1653 5737 1708 5780 et
1738 5728 1858 5780 Rat.

1968 3288 2110 3326 vers.
2145 3270 2248 3325 764
2279 3270 2559 3324 observavi
2587 3272 2907 3323 correctoris
2941 3272 3345 3328 Ratisbonensis
3375 3279 3544 3328 auda-

1967 3344 2140 3406 ciam,
2169 3345 2255 3406 qui
2289 3357 2446 3413 genus
2487 3355 2583 3409 pro
2623 3341 2818 3392 medius
2860 3344 3079 3403 invexit,
3120 3354 3176 3398 ut
3214 3343 3361 3399 Iesus
3403 3355 3546 3400 esset

1970 3413 2329 3480 lrisyllahnm.

2041 3484 2162 3538 779.
2215 3483 2391 3550 Pergit
2429 3491 2581 3544 poeta
2619 3483 2936 3535 sententiain
2984 3483 3217 3551 Apostoli
3259 3501 3325 3540 ex
3356 3485 3545 3541 eodem

1969 3558 2144 3623 cap'te
2189 3553 2492 3620 complecti.

2041 3621 2164 3677 781.
2219 3623 2370 3690 Egtn.
2413 3633 2463 3675 et
2511 3621 2648 3681 PaL.
2698 3632 2874 3674 contra
2909 3622 3239 3690 o/fensacula.
3277 3627 3544 3690 Barthius.

1969 3693 2056 3762 qui
2090 3695 2158 3746 ita
2188 3693 2241 3746 in
2271 3692 2380 3766 suis
2410 3692 2733 3766 memhntnis
2757 3694 2982 3763 reperit,
3016 3693 3134 3747 Non
3160 3707 3285 3765 puto
3304 3739 3318 3763 ,
3349 3696 3544 3766 inquit,

1969 3761 2174 3818 (manu
2205 3779 2236 3814 α
2263 3761 2486 3814 librariis
2514 3763 2876 3830 excepitatum.

2041 3833 2166 3909 7_82_.
2218 3832 2420 3884 Rursus
2446 3831 2687 3909 ᾼριιειυιὶ
2721 3830 3106 3898 expositioni-in
3133 3832 3281 3887 vides
3307 3851 3374 3889 ex
3423 3853 3544 3909 cap.

1970 3919 2023 3956 1v
2057 3905 2252 3969 Ephes.
2283 3915 2425 3955 vers.
2465 3900 2555 3955 ‘26.
3326 3922 3332 3927 -

2041 3973 2165 4028 785.
2225 3972 2402 4032 Fnld.,
2432 3971 2698 4034 concitus;
2730 3969 2948 4030 rectius.
2982 3973 3234 4026 conscius.

2044 4044 2166 4097 784.
2219 4041 2619 4115 Ciselinushoc
2649 4041 2766 4115 loco
2797 4043 3361 4115 monet,_parl_iculain
3399 4047 3544 4115 quis-

1969 4115 2094 4184 qui‘,
2129 4126 2182 4167 ut
2215 4114 2328 4181 ipse
2356 4112 2562 4184 scribit,
2599 4111 2843 4184 {acilioris
2871 4110 3214 4184 intelligemus
3243 4110 3488 4184 causa'ita
3516 4133 3544 4171 ιι

1972 4181 2030 4238 se
2059 4185 2223 4238 fuisse
2253 4183 2478 4251 positam
2510 4221 2523 4242 ,
2553 4181 2794 4247 quamvis
2826 4189 2970 4248 putet
2993 4222 3008 4245 ,
3038 4181 3384 4238 Piutlentium
3415 4189 3547 4240 scri-

1973 4263 2118 4321 ptum
2150 4253 2431 4321 reliquisse
2460 4252 2690 4320 quisque.
2733 4251 2874 4306 Sane
2917 4255 3255 4317 praestitisset
3293 4271 3395 4308 non
3433 4274 3547 4311 mu-

1973 4337 2086 4378 tare
2109 4366 2124 4387 ,
2153 4326 2292 4391 quod
2325 4323 2670 4377 Prudentium
2710 4322 2987 4388 scripsisse
3017 4323 3210 4376 fatetur
3239 4324 3542 4383 Ciselinus:

1970 4405 2026 4448 et
2050 4395 2178 4448 mihi
2216 4393 2430 4468 quidem
2462 4391 2731 4468 dii-[icilius
2758 4393 3030 4468 intellectu
3064 4395 3272 4448 videtur
3295 4398 3542 4468 quisqui’,

1969 4481 2126 4531 quam
2169 4461 2401 4532 quisque.
2451 4461 2628 4514 Adisis
2664 4471 2774 4514 not.
2823 4462 2886 4512 ad
2935 4464 3120 4532 hymn.
3166 4480 3233 4516 vn
3279 4461 3544 4533 (autem;

1893 4558 1945 4617 Ι)
1972 4535 2197 4617 νιξζϐεηὲι
2212 4535 2264 4617 ξ.

2041 4605 2163 4659 786.
2211 4603 2479 4656 Giselious
2508 4599 2635 4654 edit.
2673 4602 2695 4654 1
2733 4600 2797 4654 ad
2828 4617 2996 4665 oram,
3028 4607 3164 4672 facta
3193 4605 3261 4657 ad
3288 4607 3546 4662 donata;

1969 4689 2015 4729 ei
2045 4674 2270 4728 advertit
2300 4673 2351 4726 in
2379 4672 2791 4726 Commentariis
2818 4673 2946 4724 edit.
2970 4674 3033 4735 2,
3068 4676 3282 4727 donaria
3315 4694 3437 4731 esse
3467 4683 3549 4734 vel

1973 4761 2190 4798 nsitnera
2241 4743 2349 4796 Deo
2401 4754 2735 4797 consecrata.
2797 4746 2879 4794 vel
2939 4745 3052 4797 loca
3107 4745 3188 4796 his
3235 4750 3548 4802 tuum-ribus

1973 4815 2235 4868 destinata
2276 4829 2288 4865 :
2337 4813 2452 4865 loca
2503 4809 2607 4864 dici
2656 4824 2810 4877 posse
2847 4823 3048 4874 saneta,
3101 4817 3235 4866 dona
3269 4832 3395 4870 vero
3442 4835 3546 4871 non

1969 4885 2118 4948 item,
2161 4884 2302 4954 quod
2344 4881 2706 4954 commendari
2757 4884 2984 4954 debeant
3035 4884 3102 4937 ab
3143 4885 3446 4952 integritate
3495 4898 3548 4940 et

1972 4951 2274 5009 ivnocentia
2298 4951 2862 5023 oﬁ'erentis,__ade0que
2887 4951 2986 5007 hoe
3013 4968 3172 5007 sensu
3195 4951 3332 5023 facta
3365 4957 3433 5008 ad
3455 4958 3548 5008 do-

1971 5027 2121 5078 naria
2152 5026 2250 5093 legi
2283 5037 2456 5093 posse.
2492 5020 2628 5093 Nihil
2653 5038 2870 5076 moveor
2899 5025 3011 5076 ead
3037 5020 3356 5078 Stilo-tione:
3386 5027 3544 5080 etiam

1969 5097 2110 5149 dona
2141 5091 2324 5148 sancta
2353 5092 2458 5146 diei
2489 5091 2667 5144 valent
2692 5108 2796 5144 non
2826 5107 2920 5162 per
2944 5110 3032 5156 se,
3065 5096 3157 5148 sed
3179 5097 3299 5162 quia
3329 5096 3438 5148 Deo
3462 5099 3544 5150 di-

1966 5179 2102 5220 cata.

2039 5237 2161 5288 787.
2212 5234 2357 5303 PaL,
2391 5247 2518 5303 puro
2561 5246 2656 5303 pro
2686 5233 2900 5300 liquido.

2039 5305 2162 5360 789.
2219 5301 2458 5357 Gifani'us
2492 5303 2603 5355 Ind.
2639 5301 2818 5367 Lucr.,
2853 5304 3014 5358 verbo
3039 5303 3248 5359 Vesus.
3298 5303 3548 5361 observat

1969 5375 2273 5429 Lucretium
2302 5375 2507 5427 dixisse
2535 5374 2681 5425 vestis
2703 5389 2923 5436 araneis,
2957 5375 3101 5425 vestis
3117 5373 3317 5442 anguis,
3351 5385 3408 5427 nt
3433 5377 3548 5430 \‘ir-

1967 5447 2125 5514 gilius
2153 5445 2284 5497 mira
2331 5452 2605 5514 venustate
2649 5445 2838 5514 ambite
2865 5460 3081 5510 anguis,
3112 5455 3163 5495 et
3201 5461 3304 5496 non
3339 5447 3547 5502 minore

1959 5511 2687 5586 elegantiaPrudentiushoc
2711 5513 2822 5564 loco
2851 5513 2995 5586 uestis
3023 5515 3314 5586 plumarum
3338 5529 3355 5571 .'
3383 5533 3543 5586 quam

1961 5583 2145 5639 tribzit
2209 5583 2489 5650 draconi,
2533 5584 2648 5636 sive
2717 5583 2950 5650 serpenti
2999 5583 3198 5650 aligero
3235 5627 3249 5651 ,
3310 5583 3414 5640 hoc
3464 5600 3547 5643 est

1959 5655 2210 5710 daemoni.

2032 5726 2155 5780 790.
2208 5725 2315 5778 Hoc
2342 5723 2500 5777 etiam
2534 5738 2596 5776 ex
2630 5719 2811 5775 Matth.
2845 5735 2938 5787 vn,
2966 5722 3030 5778 15
3059 5741 3071 5777 :
3105 5725 3361 5780 Atteudite
3382 5744 3413 5780 a
3443 5727 3544 5792 fat.
