4154 6188
485 271 489 275 ’
594 309 666 366 19
1702 303 1980 360 AURELII
2018 303 2386 361 causam"
2423 303 2750 360 CAttMlNA.
3788 293 3868 354 so

765 414 929 489 053
984 415 1288 471 Lacteolam
1334 413 1586 469 mentitus
1634 426 1789 469 ovem
1826 413 1928 469 sub
1974 413 2173 470 vellere
2206 415 2248 466 Α

1886 506 1906 579 [
1929 507 2095 570 molli,

767 598 941 654 Cruda
968 612 1064 668 per
1082 598 1308 668 agninos
1333 609 1592 653 exercens
1619 594 1803 652 funera
1834 598 2020 652 rictus.

767 689 879 744 Hac
905 703 1026 744 sese
1050 689 1320 743 occultant
1347 687 1624 755 Photinus,
1654 699 1710 745 et
1737 689 1924 744 Arrius
1952 699 2094 756 arte,

587 782 692 838 795
765 781 1028 836 lmntanes
1056 781 1263 836 feritate
1289 781 1398 851 lupi
1423 797 1437 836 :
1461 780 1767 837 discrimina
1793 781 2026 850 produnt

763 871 976 939 Nostra,
1009 887 1301 944 recensque
1327 887 1508 940 cruor,
1537 874 1782 942 quamvis
1827 874 1896 928 de
1940 888 2166 944 corpore

1812 964 1833 1037 [
1858 977 2092 1030 summo,

759 1055 896 1124 Quid
951 1056 1118 1126 possit
1171 1019 1626 1111 furtivaomanus.
1683 1019 1953 1112 Gemitum
2012 1019 2166 1110 dedit

1898 1144 2096 1218 [omnis

762 1237 1031 1294 Virtutum
1055 1237 1303 1309 populus,
1332 1250 1461 1291 casu
1490 1249 1784 1292 concussus
1804 1237 2022 1292 acerbo.

761 1329 896 1384 Tum
929 1343 1192 1400 generosa
1238 1327 1395 1382 Fides
1445 1327 1560 1384 haec
1607 1327 1881 1383 subdidit:
1938 1329 2048 1383 ltno
2076 1343 2165 1384 se.

1861 1419 1878 1491 [
1903 1420 2092 1474 cundis

582 1511 686 1567 800
757 1509 818 1566 ln
845 1510 1007 1567 rebus
1031 1519 1210 1568 cesset
1231 1511 1494 1582 gemitus:
1543 1508 1838 1566 Concordia
1868 1511 1994 1566 laesa
2021 1521 2126 1578 est,

2460 414 2566 471 Sed
2595 414 2813 470 defensa
2842 409 3036 467 Fides:
3066 411 3192 480 quin
3237 421 3294 466 et
3318 407 3616 465 Concordta
3645 422 3858 479 sospes,
3951 477 3956 482 ’

2459 507 2780 563 Germanam
2852 503 3106 561 comitata
3165 501 3347 558 Fidem
3378 540 3395 567 ,
3467 515 3567 556 sua
3630 500 3858 559 vulnera

3595 591 3780 663 [ridet.

2447 688 2612 760 655.
2654 688 2778 758 litae
2807 701 2924 743 mea
2979 686 3090 742 sola
3145 686 3335 742 salus:
3391 683 3526 738 nihil
3569 684 3672 738 hac
3720 684 3852 738 mihi

3294 777 3314 849 [
3341 776 3493 831 triste
3538 784 3778 845 recepta.

2452 869 2626 925 Unum
2649 883 2783 937 Opus
2803 869 3020 940 egregio
3047 877 3214 922 restat
3241 876 3362 936 pint
3392 867 3527 921 bella
3561 866 3752 928 labori.

2276 961 2382 1017 805
2452 959 2497 1016 0
2526 961 2980 1029 proceres:regni
3005 959 3144 1028 quod
3175 957 3387 1011 tandem
3441 954 3636 1024 pacifer
3677 955 3853 1009 haeres

2451 1053 2719 1123 Belligeri,
2747 1063 2965 1106 armata:
2992 1064 3276 1105 successor
3304 1051 3539 1103 inermus
3561 1055 3618 1103 et
3642 1048 3780 1102 aulai

2452 1145 2683 1200 Instituit
2712 1144 2964 1200 Salomon
2991 1161 3006 1199 :
3031 1143 3279 1214 quoniam
3300 1142 3562 1212 genitoris
3595 1141 3776 1197 anheli

2449 1236 2700 1290 Fumarat
2722 1237 2895 1290 calido
2935 1250 3117 1305 regum
3149 1235 3217 1288 de
3243 1234 3502 1303 sanguine
3525 1233 3734 1288 dextra.

2446 1331 2716 1401 Sanguine
2755 1346 2875 1385 nam
2897 1341 3072 1394 terso,
3103 1329 3356 1396 templum
3390 1328 3657 1392 fundatur,
3682 1336 3736 1381 et
3755 1340 3848 1380 ara

2271 1425 2376 1481 810
2450 1424 2691 1487 Ponitur,
2725 1422 2926 1478 auratis
2951 1419 3154 1476 Christi
3175 1420 3367 1474 domus
3394 1422 3557 1472 ardua
3599 1417 3774 1472 tectis.

2441 1515 2590 1572 Tunc
2617 1516 2911 1572 Jerusalem
2940 1513 3141 1582 templo
3179 1513 3464 1576 illustrata,
3502 1511 3742 1580 quietum

1854 1642 2142 1706 GLOSSE
2181 1649 2524 1708 VETERES.

650 1762 775 1818 795.
809 1762 1067 1826 Produnt,
1093 1761 1388 1824 ostendunt,
1423 1760 1462 1825 Ι,

649 1833 778 1889 796.
811 1833 1144 1901 Recensque.
1182 1833 1351 1901 factus
1376 1847 1407 1882 a
1438 1830 1720 1901 discordia,
1766 1833 1805 1887 Ι.

649 1903 774 1958 797.
807 1898 1052 1967 Furtiva,
1075 1898 1272 1956 occulta
1295 1918 1313 1964 ,'
1333 1900 1428 1954 Itoc
1452 1902 1563 1955 ideo
1584 1898 1733 1968 dixit,
1763 1904 1882 1970 quia
1903 1901 2157 1958 discordia

581 1973 790 2028 latenter
805 1977 928 2028 'eam
946 1974 1264 2032 vulnerabat.
1299 1971 1339 2024 Ι.

652 2044 769 2100 798.
804 2047 961 2105 Casu,
1003 2043 1308 2106 concordiae,
1345 2041 1384 2094 Ι.

648 2114 775 2169 799.
799 2114 1075 2176 Secundis,
1109 2113 1380 2178 prosperis,
1412 2111 1450 2165 l.

650 2184 774 2240 800.
803 2184 1008 2249 Cesset,
1040 2199 1194 2247 nunc,
1217 2182 1254 2236 l.

2194 1766 2244 1827 B
2340 1765 2465 1820 802.
2495 1765 2632 1828 Sua,
2666 1765 2894 1833 prapria,
2925 1763 2968 1819 Ι.

2340 1837 2464 1890 8οι.
2495 1829 2676 1904 Opus,
2708 1829 2909 1890 domus.
2940 1862 3004 1874 -—
3042 1833 3248 1904 Restat,
3280 1831 3424 1886 nobis
3451 1830 3759 1904 faciendum,
3802 1829 3844 1886 Ι.

2340 1904 2465 1959 805.
2496 1901 2777 1971 Proceres,
2805 1905 3032 1965 virtutes,
3063 1933 3135 1944 -—
3161 1903 3420 1965 Tandem,
3450 1901 3594 1970 olim,
3626 1901 3669 1956 l.

2338 1975 2466 2030 806.
2501 1976 2770 2045 Belligeri,
2800 1973 2983 2037 David,
3029 1974 3071 2028 I.

2339 2045 2466 2102 807.
2491 2040 2742 2112 Instituit,
2772 2045 3068 2098 carnaliter.
3089 2072 3162 2086 —-
3188 2041 3479 2109 Genitoris,
3512 2041 3698 2108 Dauid,
3731 2040 3772 2096 l.

2337 2116 2462 2172 808.
2497 2117 2720 2185 Regum,
2761 2116 3043 2186 gentilium,
3070 2115 3110 2169 Ι.

1932 2315 2498 2374 COMMENTARIUS.

580 2427 648 2482 sis
673 2424 949 2497 prophetis,
982 2423 1069 2492 qui
1087 2421 1291 2497 veniunt
1326 2422 1394 2497 ad
1418 2437 1506 2475 uos
1534 2422 1585 2474 in
1620 2424 1938 2497 _ues_timentis
1957 2425 2153 2491 ouium,

578 2492 880 2551 intrinsecus
902 2505 1070 2548 autem
1094 2501 1212 2546 sunt
1235 2493 1342 2564 lupi
1363 2507 1596 2561 rapaces.
1620 2492 1755 2549 Vide
1769 2496 1928 2548 etiam
1951 2511 2074 2562 cap.
2098 2512 2152 2560 x,

578 2567 682 2622 £6:
736 2564 868 2619 Ecce
910 2580 999 2633 ego
1033 2566 1176 2616 mitto
1221 2579 1320 2633 vos!
1347 2565 1476 2616 sicut
1520 2578 1633 2617 oves
1678 2564 1733 2617 in
1782 2564 1950 2618 medio
1999 2566 2155 2630 lupo-

578 2654 725 2702 rum,
766 2649 874 2690 etc.
905 2631 1060 2702 Quod
1095 2643 1271 2687 autem
1303 2631 1416 2687 Pal.
1465 2633 1595 2703 legit
1631 2635 1804 2688 ovibus
1836 2650 1933 2703 pro
1958 2636 2154 2700 aribus,

579 2709 712 2763 falso
743 2706 794 2760 id
821 2707 978 2774 legit:
1013 2719 1133 2758 nam
1155 2704 1282 2777 illud
1314 2703 1544 2777 pertinet
1568 2703 1633 2757 ad
1661 2705 1985 2760 sententiam
2011 2709 2156 2777 prio-

579 2794 691 2833 rem
713 2777 780 2831 de
803 2779 988 2830 avibus
1014 2776 1276 2842 innocuis,
1308 2784 1361 2827 et
1383 2774 1636 2830 dracone.

649 2849 773 2902 795.
808 2847 1023 2909 Vienn.,
1070 2846 1384 2913 anguincos;
1429 2845 1566 2909 Ang.
1595 2858 1622 2896 a
1653 2843 1820 2913 prima
1850 2861 2033 2912 mantt,
2065 2863 2159 2899 an-

577 2919 776 2991 guinas.
805 2915 1106 2991 [urgentium
1136 2913 1446 2991 agninos__ab
1466 2928 1949 2991 rgno_;_qua_voce
1996 2924 2156 2970 utun-

578 2981 663 3042 iur
694 2981 964 3050 Horatius,
995 2981 1212 3036 Plautus
1237 2991 1290 3055 et
1319 2981 1426 3055 alii.
1477 2981 1726 3055 Barthius
1757 2984 2028 3055 observat,
2075 2995 2160 3055 [u-

576 3073 700 3109 nera
726 3070 846 3110 esse
872 3055 1068 3125 caedes,
1101 3052 1379 3125 latrocinia
1432 3060 1489 3107 et
1517 3053 1893 3125 pestilentiam
1925 3052 2155 3125 apud—L.

577 3125 891 3194 Septimium
941 3123 1008 3178 de
1041 3122 1188 3176 Bello
1236 3122 1486 3194 Trojano.
1516 3122 1843 3189 Lactantius,
1874 3122 1988 3180 sive
2015 3126 2154 3179 alius

576 3191 930 3250 de'Passione
957 3194 1222 3264 dominica
1248 3209 1260 3244 :
1293 3191 1423 3245 Sum
1454 3192 1619 3259 [actus
1643 3194 1812 3255 homo.
1849 3203 2000 3264 atque
2041 3197 2158 3249 lior-

576 3267 740 3319 rentia
771 3280 949 3333 passus
973 3263 1199 3317 Funera.
1861 3281 1870 3292 ο

645 3335 770 3390 794.
799 3336 852 3389 In
885 3333 1030 3398 llat.,
1082 3349 1191 3388 sese
1217 3341 1510 3388 os-‘entant:
1564 3347 1683 3403 quat
1727 3335 1885 3389 lectio
1915 3334 2158 3390 Marietto

578 3421 682 3459 non
707 3406 1043 3473 diSplicebat,
1101 3403 1224 3472 quia
1261 3420 1420 3472 supra
1452 3405 1610 3458 etiam
1643 3420 1783 3458 vers.
1818 3406 1922 3459 688
1952 3405 2019 3459 de
2048 3406 2157 3459 dis-

575 3477 756 3530 cordia
788 3484 1067 3533 ostentans.
1092 3485 1222 3537 etc.,
1245 3491 1364 3528 cum
1397 3485 1574 3527 tamen
1604 3487 1663 3527 se
1701 3477 2014 3528 occultaret.
2053 3480 2154 3530 Ar-

576 3547 751 3613 gutius
782 3547 880 3598 ista
907 3561 1065 3613 quam
1097 3546 1276 3598 verius
1295 3545 1563 3607 dicuntur,
1597 3543 1696 3596 nisi
1730 3545 1904 3599 fallor.
1937 3545 2154 3600 Dis-coro

575 3615 662 3669 dia
676 3617 976 3670 ostentabat
993 3614 1213 3682 capillus
1229 3616 1344 3667 olea
1369 3614 1647 3669 frondente
1665 3616 1959 3680 redimitos,
1977 3632 2158 3683 qnam-

575 3688 656 3741 vis
685 3687 869 3741 falsam
895 3683 1102 3738 virtutis
1130 3686 1361 3750 speciem
1397 3684 1646 3739 induerit.
1683 3686 1841 3740 Arius
1881 3693 1935 3741 et
1975 3685 2156 3741 Photia-

577 3773 676 3811 ttus
702 3756 801 3809 hac
819 3766 929 3809 arte
954 3753 1214 3810 feritatem
1241 3769 1388 3809 suam
1410 3756 1762 3810 occultabant.

647 3827 753 3881 798
803 3824 1051 3894 Virgilius
1078 3826 1171 3879 lib.
1224 3841 1276 3891 v,
1327 3841 1463 3879 vers.
1522 3827 1668 3880 700:
1704 3825 1840 3880 Casu
1885 3842 2156 3882 concussns

577 3899 778 3963 acerbo,
801 3905 855 3952 et.
867 3910 1008 3950 vers.
1032 3895 1162 3950 869:
1181 3896 1413 3965 Casuque
1433 3897 1661 3949 animum
1689 3913 1960 3950 concussus
1980 3898 2154 3952 amici.

576 3969 646 4024 Ut
675 3977 853 4023 autem
894 3981 995 4037 ego
1021 3977 1166 4032 puto.
1201 3977 1356 4036 poeta
1382 3967 1712 4037 _llieronymi
1745 3968 1904 4020 verba
1957 3967 2154 4037 legerat

577 4039 772 4109 dialog.
806 4034 1127 4091 advaucil'.
1154 4034 1305 4109 num.
1339 4035 1438 4090 £9:
1470 4034 1724 4109 Ingemuit
1767 4045 1899 4109 totus
1921 4036 2076 4109 orln's,
2107 4047 2153 4090 et

576 4106 824 4162 Arianum
867 4123 920 4159 se
962 4122 1068 4159 esse
1096 4107 1308 4159 miratus
1352 4113 1449 4158 est.
1508 4106 1726 4159 Ponitur
1783 4121 1811 4157 a
1867 4106 2154 4162 Prttdcntio

575 4181 706 4232 scite
753 4175 973 4245 populus
1003 4190 1098 4242 pro
1128 4189 1444 4244 quacunque
1486 4174 1842 4230 multitudine.
1892 4176 2153 4245 Exempla

574 4247 696 4300 vide
723 4247 778 4299 itt
803 4245 1028 4298 Lexicis.

647 4316 771 4370 799.
805 4314 990 4368 Vieun.
1027 4328 1140 4365 cum
1172 4326 1453 4383 generosa;
1481 4311 1667 4382 Aldus,
1700 4323 1820 4369 tunc
1850 4329 1970 4371 cum
2009 4317 2146 4372 aliis.

577 4385 632 4440 In
674 4385 966 4449 nonnullis,
1005 4390 1133 4436 tum.

647 4456 771 4510 801.
805 4455 880 4526 Et
908 4454 1205 4526 Heinsianis
1227 4453 1372 4526 solus
1402 4453 1634 4518 'I'huan.,
1664 4455 1754 4508 sed
1774 4457 1983 4526 defensa
2003 4457 2148 4526 ﬁde,-

575 4530 779 4587 rteteri,
807 4524 955 4592 fides.
988 4524 1101 4578 Non
1132 4524 1369 4591 in'elltgo
1415 4539 1513 4577 cur
1539 4524 1882 4590 recentiores,
1911 4524 2149 4580 Chamil-

575 4596 757 4649 lardus
785 4595 979 4663 aliique
1009 4595 1150 4661 vulg.
1179 4595 1404 4664 amplexi
1438 4594 1633 4649 fuerint
1659 4595 1760 4664 ﬁde
1785 4613 1804 4650 :
1838 4612 1956 4650 nam
2005 4612 2148 4651 con-

571 4666 782 4720 cinnior
802 4661 1483 4736 est—sententiaConcordia
1529 4661 1669 4718 luasa‘
1699 4675 1792 4734 est,
1819 4669 1905 4719 sed
1943 4668 2149 4736 defensa

572 4736 738 4804 ﬁdes;
766 4735 885 4803 quin
907 4744 953 4786 et
974 4734 1258 4806 concordia
1266 4750 1437 4806 sospes
1481 4751 1772 4806 germanam
1814 4734 2054 4791 comitata
2086 4739 2150 4806 ﬁ-

572 4809 686 4860 dem
706 4822 798 4860 sua
807 4807 1027 4876 uulnera
1047 4806 1200 4857 ridet.
1226 4803 1292 4857 Et
1309 4805 1435 4876 ﬁdes
1453 4803 1664 4876 quidem
1696 4809 1885 4876 legitur
1905 4810 1957 4861 in
1989 4803 2145 4876 Mati,

572 4877 757 4948 Alex"
807 4873 1029 4948 Weitzio
1057 4889 1177 4948 cum
1217 4890 1348 4948 suis,
1377 4873 1551 4948 sicin,
1602 4873 2014 4948 Rau—quamvis
2043 4873 2146 4933 non

574 4948 645 5001 ita
670 4941 836 5011 clare,
867 4946 1108 5013 aliisque.
1144 4946 1198 4998 In
1226 4943 1367 4998 Vatt.
1408 4945 1470 5010 (Σ,
1495 4941 1560 5005 (ἶ,
1613 4948 1736 5015 ﬁde,
1788 4941 1928 5014 iptod
1975 4956 2151 5002 exstat

574 5018 628 5072 itt
658 5017 776 5072 Vat.
811 5015 851 5070 F
879 5031 908 5068 a
935 5030 1092 5069 manu
1116 5017 1368 5068 secunda.
1400 5015 1689 5082 Giselinus,
1731 5019 1922 5072 Aldum
1965 5030 2019 5073 et
2044 5020 2148 5073 Ne-

2260 2425 2442 2492 Fabr.,
2472 2425 2592 2480 Vat.
2615 2424 2680 2488 G,
2701 2424 2869 2492 Picc.,
2899 2425 3074 2488 Ales.,
3107 2423 3324 2493 egregio,
3351 2437 3472 2477 cum
3495 2422 3603 2478 Gis.
3627 2433 3678 2478 et
3700 2425 3842 2487 aliis,

2263 2497 2381 2549 Rat.
2415 2489 2598 2564 supra,
2629 2489 3033 2564 Mar.,7Vienn.,
3083 2489 3474 2557 Ald.,'Weitz.,
3511 2493 3749 2559 Vatt.oC,
3780 2495 3844 2562 [θ’.

2260 2576 2316 2621 et
2343 2564 2430 2646 alii
2457 2567 2739 2646 egregium.
2772 2563 3092 2646 Utrumlibet
3144 2572 3347 2631 teneas,
3397 2564 3540 2630 licet,
3573 2565 3687 2621 sive
3715 2581 3843 2634 opus

2259 2635 2537 2709 egregium,
2561 2635 2675 2692 sive
2695 2637 2896 2706 egregio
2920 2635 3106 2688 labori.

2330 2707 2456 2762 805.
2491 2707 2704 2772 Vienn.,
2735 2716 2968 2762 tantum:
3002 2703 3215 2768 melius,
3262 2703 3491 2756 tandem.

2331 2777 2459 2832 806.
2486 2775 2952 2848 Vienn.,ibelliger,
2978 2774 3255 2848 mendose.
3271 2773 3472 2848 _Ser_ttto
3491 2773 3667 2848 estde
3693 2774 3842 2848 Salo.

2262 2861 2420 2915 mone
2451 2846 2682 2915 pacifera
2714 2841 2926 2899 hteréde
2955 2845 3101 2915 regni
3127 2841 3468 2915 _sub_D.ivide
3506 2844 3752 2913 belligeri.
3787 2846 3841 2900 In

2261 2912 2470 2969 duobus
2518 2912 2820 2971 veterrimis
2863 2912 3070 2978 Heinsl,
3125 2913 3198 2985 in_
3226 2912 3376 2985 Egm.
3433 2923 3487 2985 et
3527 2912 3665 2979 Pal.,
3710 2932 3843 2985 quos

2259 2985 2520 3041 Weitzius
2548 2997 2632 3040 est
2654 2994 2891 3048 secutus,
2913 2987 3156 3055 inermus.
3184 2983 3324 3055 Idem
3354 2985 3406 3037 in
3432 2983 3572 3040 Vatt.
3604 2985 3667 3048 F,
3696 2983 3759 3054 LV,
3788 2997 3876 3055 et-

2264 3055 2442 3121 Alex.,
2477 3057 2565 3110 ubi
2595 3054 3118 3110 exaraturinhermus
3146 3070 3162 3109 .°
3205 3063 3258 3108 et
3307 3053 3357 3108 in
3385 3055 3572 3110 codice
3619 3053 3841 3119 Bartbii.

2260 3129 2347 3192 qui
2379 3127 2602 3180 inermus
2631 3127 2818 3181 scitius
2847 3140 2968 3179 esse
2987 3125 3117 3178 dicit
3142 3141 3301 3193 quam
3325 3126 3549 3178 inermis.
3585 3126 3843 3193 Equidem

2258 3194 2482 3249 inermus
2514 3198 2738 3250 libenter
2765 3211 2886 3262 ego,
2933 3205 2990 3248 ttt
3039 3195 3178 3264 apud
3223 3195 3500 3262 Virgilium
3558 3195 3743 3263 uulgus
3786 3206 3844 3252 et

2260 3275 2432 3334 pectus
2455 3266 2732 3329 inermum,
2764 3282 2870 3320 non
2893 3275 3067 3319 tamen
3099 3265 3507 3334 improbaveritn
3535 3267 3739 3319 inermis
3787 3269 3840 3322 in

2433 3337 2774 3460 gat-[mltum
2803 3335 3023 3404 Vienn.,
3057 3335 3299 3404 plurimis
3349 3335 3667 3400 Heiusianis,
3697 3337 3841 3404 Gis.,

2307 3414 2402 3460 att.
2433 3411 2496 3471 C,
2542 3411 2643 3462 tlB.

2331 3477 2456 3532 807.
2477 3479 2530 3530 In
2550 3475 2815 3530 nonnullis
2832 3475 2978 3546 vulg.
2998 3475 3062 3546 ad
3085 3490 3280 3545 marg.,
3301 3475 3540 3546 instruxit
3563 3474 3838 3546 Salomon.

2331 3546 2454 3601 809.
2491 3547 2626 3608 Erf.,
2651 3551 2766 3619 jam
2791 3545 2944 3619 tersa.
2979 3545 3096 3600 Vat.
3145 3547 3220 3619 C,_
3240 3545 3440 3612 trajecit
3495 3545 3680 3611 verba;
3728 3563 3842 3602 me-

2261 3626 2507 3686 trumque
2533 3616 2756 3677 evertit,
2788 3617 3038 3686 fundatur
3063 3617 3332 3686 templum,
3363 3624 3414 3686 et
3433 3630 3544 3668 ara.

2183 3719 2229 3782 ρ
2331 3683 2456 3742 811⁷.
2487 3687 2592 3741 Alii
2624 3683 2863 3741 scribunt
2908 3683 3188 3750 Jerusalcs,
3236 3685 3328 3740 alii
3382 3683 3691 3750 Jerusalem,
3747 3686 3838 3741 alii

2266 3757 2607 3811 Hierusalem.
2641 3760 2754 3811 sive
2782 3755 3102 3810 Hierusalcs.
3132 3755 3397 3810 Cauchius
3436 3771 3502 3809 ex
3531 3771 3628 3808 suo
3653 3757 3838 3811 codice

2319 3758 2607 3816 ierusalem,
2641 3760 2754 3811 sive
2782 3755 3102 3810 Hierusalcs.
3132 3755 3397 3810 Cauchius
3436 3771 3502 3809 ex
3531 3771 3628 3808 suo
3653 3757 3840 3811 codice

2261 3836 2544 3896 annotarat
2561 3826 2816 3888 Jerusale,
2844 3831 2980 3896 qttod
3007 3827 3239 3896 probare
3279 3824 3593 3896 videbatur;
3643 3826 3835 3883 Aldus.

2258 3907 2377 3952 tunc
2401 3899 2480 3951 hic
2508 3895 2814 3951 Jerusalem.
2838 3893 3119 3958 Giseliuus,
3145 3904 3265 3950 tunc
3281 3906 3329 3950 et
3353 3893 3663 3948 Jerusalem.
3687 3897 3748 3959 Ο,
3771 3899 3838 3950 ti-

2257 3970 2329 4022 mi
2360 3979 2412 4021 (ιι
2441 3967 2678 4033 plerique
2705 3970 2820 4020 sine
2841 3976 2909 4030 et,
2940 3976 2992 4020 et
3013 3966 3129 4020 sine
3154 3969 3256 4022 hic.
3281 3967 3469 4032 Aldus,
3494 3969 3710 4019 lustrata
3738 3983 3837 4034 pro

2255 4039 2531 4092 illustrata.
2561 4038 2739 4098 Alex“
2770 4036 2890 4089 Vat.
2915 4039 2978 4098 0,
3003 4037 3162 4100 Man,
3197 4039 3339 4102 llat.,
3369 4035 3662 4098 llein-iaui.
3691 4039 3837 4105 quie-

2256 4117 2382 4170 tum,
2414 4123 2533 4161 cunt
2565 4107 2791 4160 \Veitzio
2819 4115 2874 4160 et
2899 4107 3157 4162 Giselino.
3189 4109 3312 4171 Alii,
3341 4108 3528 4174 quieta.
3561 4105 3835 4162 Giselintts

2257 4177 2282 4229 1
2309 4179 2440 4232 edit.
2463 4188 2516 4231 et
2541 4179 2605 4229 ad
2629 4191 2777 4230 oram
2803 4178 2838 4230 2
2866 4178 2978 4241 ed.,
3020 4177 3342 4230 Hierusalem
3362 4177 3545 4245 templo
3569 4186 3688 4229 tunc
3707 4178 3834 4230 illu-

2252 4257 2412 4300 strata
2436 4246 2626 4316 quieto.
2661 4247 2735 4318 De
2763 4249 3057 4318 quantitate
3101 4249 3424 4318 syllabarum
3465 4249 3515 4300 in
3541 4246 3831 4300 Jerusalem

2255 4333 2358 4370 non
2393 4319 2625 4379 ιΙίςιιιιιο.
2671 4317 2914 4371 Barthius
2944 4317 3262 4385 singularem
3311 4317 3590 4371 lectionem
3619 4332 3683 4370 ex
3715 4321 3830 4372 suis

2254 4388 2578 4442 membranis
2611 4389 2828 4454 profert,
2862 4387 3008 4440 Tunc
3034 4393 3220 4457 templo
3256 4386 3572 4441 Hierusalem
3600 4385 3835 4440 illustra-

2253 4468 2367 4511 tura
2387 4459 2553 4525 quieto
2587 4457 2821 4527 Suscepit
2851 4459 2962 4527 jam
3001 4460 3116 4512 diua
3158 4460 3336 4510 Deum.
3373 4458 3672 4511 Fridericus
3705 4457 3834 4512 lies-

2251 4530 2438 4593 selius,
2470 4527 2762 4582 Miscellan.
2808 4538 3098 4598 syntagm..
3151 4544 3266 4598 pag.
3316 4528 3404 4592 3|,
3436 4528 3556 4596 legit
3581 4528 3829 4598 quietum,

2252 4611 2300 4652 et
2336 4609 2481 4652 recte
2510 4598 2741 4659 explicat
2787 4597 2854 4652 de
2879 4597 3020 4662 arca,
3055 4597 3173 4664 qua:
3211 4613 3240 4651 a
3269 4598 3554 4652 Salomone
3582 4597 3831 4664 primitus

2254 4667 2401 4722 illata
2430 4668 2626 4736 templo
2652 4677 2754 4733 est,
2783 4678 2841 4721 ut
2865 4670 3046 4722 sedi-tn
3094 4669 3164 4722 ibi
3208 4671 3371 4720 lixam
3421 4670 3657 4728 haberet,
3689 4667 3781 4720 lib.
3816 4684 3832 4722 ι

2252 4737 2408 4804 Reg,
2439 4754 2558 4805 cap.
2583 4739 2637 4798 οΙ.
2663 4740 2855 4792 vers.7
2876 4757 2888 4791 :
2919 4738 3209 4792 Timuerunt
3232 4737 3547 4791 Philisthiim
3571 4740 3831 4792 dicentes:

2264 4807 2406 4862 Venit
2437 4809 2570 4861 Deus
2606 4809 2658 4861 in
2684 4817 2870 4861 castra.
2924 4814 3137 4872 Areum,
3184 4825 3214 4861 a
3259 4809 3489 4863 Jeretnta
3541 4807 3826 4874 si-pttltant,

2254 4880 2481 4932 noodum
2507 4883 2770 4949 iuventam
2795 4894 2935 4942 exse,
2965 4896 3134 4949 neque
3157 4881 3208 4934 in
3231 4881 3466 4933 secundo
3481 4879 3678 4943 templo
3697 4879 3822 4949 fuiso

2251 4963 2330 5016 se,
2356 4964 2528 5015 neque
2557 4966 2582 4999 a
2611 4948 2731 5001 'l‘ito
2759 4965 2808 5001 ιη
2843 4947 3113 5017 triumpho
3144 4960 3422 5015 portatam,
3470 4949 3711 5015 plerique
3743 4947 3827 5001 in-

2253 5029 2514 5088 terpretes
2553 5021 2840 5072 affirmant.
2875 5021 3001 5073 Eam
3057 5022 3193 5074 intra
3239 5036 3419 5073 arcum
3445 5018 3706 5088 Titiesse
3733 5033 3824 5072 ex-

574 5089 897 5143 brissensem
926 5095 1163 5158 secutus,
1181 5084 1319 5158 legit
1344 5084 1467 5158 ﬁde,
1522 5089 1619 5141 etsi
1647 5089 1735 5141 alii
1773 5090 2028 5143 haberent
2056 5091 2146 5142 sed
2173 5092 2226 5154 ι)
2252 5084 2489 5157 pressam
2551 5104 2655 5142 non
2713 5089 2885 5142 solum
2942 5091 3106 5158 aliqui
3170 5094 3490 5157 interpretes
3547 5087 3826 5142 Prudentii

573 5161 782 5226 defensa
813 5159 958 5220 ﬁdes,
1007 5155 1149 5226 quia,
1180 5154 1366 5226 inquit,
1418 5155 1552 5210 ﬁdes
1583 5157 1690 5225 jam
1725 5158 1912 5211 victrix
1959 5159 2144 5213 delen-
2247 5154 2543 5214 docuerunt
2563 5161 2628 5212 ad
2656 5173 2794 5213 vers.
2823 5158 2926 5214 558
2951 5154 3170 5226 Apoth.,
3200 5161 3293 5214 sed
3315 5154 3466 5212 'mnlti
3491 5159 3648 5212 etiam
3684 5159 3822 5212 scri-

571 5224 725 5282 sione
771 5229 863 5298 hic
892 5242 997 5280 non
1030 5224 1352 5298 indigebat,
1399 5240 1557 5294 quam
1587 5224 1869 5282 rationem
1922 5229 2146 5298 arripuit

572 5301 732 5352 etiam
754 5297 990 5362 Teolius,
1017 5306 1208 5366 putans
1247 5297 1576 5360 probatiores
1618 5299 1754 5350 \att.
1797 5298 1992 5353 trahere
2019 5299 2142 5366 ﬁde.

568 5367 675 5420 Sed
722 5369 847 5422 nihil
889 5369 1012 5422 inde
1039 5366 1362 5419 conficiunt:
1411 5381 1531 5420 nam
1561 5377 1836 5431 asseritur,
1869 5368 2143 5423 defensam

573 5439 641 5488 ab
661 5437 804 5492 omni
830 5440 1048 5492 vulnere
1069 5450 1190 5491 esse
1213 5436 1392 5508 fidem,
1419 5437 1541 5489 las-sa
1564 5439 1883 5502 concordia;
1917 5438 2144 5508 ideoque

572 5508 810 5576 sequitur
839 5511 958 5576 quin
984 5518 1030 5561 et
1059 5506 1350 5572 concordia,
1381 5515 1485 5563 etc.

647 5575 768 5629 805.
802 5575 1093 5632 mundatus
1119 5586 1199 5631 est
1224 5577 1492 5630 Maronem
1544 5575 1634 5630 lib.
1691 5591 1768 5645 tit,
1817 5591 1960 5632 vers.
1990 5575 2096 5632 262
2120 5592 2140 5632 :

577 5641 725 5717 Nihil
753 5645 852 5717 illo;
872 5648 1010 5699 triste
1035 5656 1250 5717 recepto.

643 5713 767 5767 8οι.
823 5713 1223 5771 Ριοεειιυιιιυὲεδ
1269 5717 1473 5779 lleins.,
1525 5716 1643 5772 Rat.
1674 5731 1703 5771 a
1739 5715 1912 5781 prima
1957 5731 2140 5777 manu.

2249 5239 2430 5295 plores
2455 5230 2824 5297 antiquitatum
2858 5230 3234 5294 Romanarum,
3277 5240 3333 5283 ut
3379 5231 3515 5283 alios
3559 5229 3828 5281 omittam.

2251 5298 2358 5354 Sed
2389 5300 2826 5368 diligenti~stntns
2852 5299 3236 5367 Villalpandns,
3292 5315 3351 5353 re
3397 5301 3697 5354 accuratius
3744 5298 3827 5350 in-

2249 5380 2451 5436 Spet-ta,
2477 5369 2846 5436 deprehendit,
2875 5385 3053 5423 arcam
3079 5371 3129 5423 in
3155 5386 3278 5423 arcu
3297 5371 3396 5423 'l‘iti
3417 5386 3522 5423 non
3545 5368 3788 5424 exhiberi
3811 5383 3826 5419 :

2249 5453 2364 5502 eus,
2398 5442 2484 5505 qui
2515 5440 2668 5493 aliter
2695 5440 3044 5505 scripserunt,
3072 5442 3325 5508 deceptos
3359 5441 3518 5494 fuisse
3545 5450 3634 5492 aut
3674 5438 3828 5490 falsis

2228 5509 2474 5564 .aliorutn
2501 5509 2915 5580 narrationibus,
2946 5519 3037 5564 aut
3067 5512 3188 5580 quia
3222 5511 3318 5578 ipsi
3351 5525 3531 5562 arcum
3581 5510 3824 5580 videntes

2244 5593 2502 5650 mensam,
2534 5594 2651 5650 quae
2673 5578 2741 5630 ibi
2765 5584 3018 5645 cernitur,
3044 5577 3290 5650 putarunt
3311 5595 3432 5634 esse
3457 5595 3657 5632 arcam.
3681 5577 3826 5650 Non-

2245 5649 2374 5702 nulli
2406 5664 2508 5702 non
2539 5649 2591 5700 in
2619 5656 2788 5714 parte,
2817 5651 2866 5702 itt
2898 5666 2998 5715 qua
3023 5648 3106 5705 est
3131 5667 3336 5718 mensa,
3359 5650 3452 5703 sed
3478 5653 3528 5702 in
3559 5657 3705 5716 parte
3729 5648 3818 5700 ad-

2246 5732 2397 5773 versa
2427 5733 2605 5774 arcam
2646 5718 2936 5774 collocant.
2977 5720 3336 5776 Nhilominus
3364 5719 3706 5774 Vitlatuztndo
3736 5731 3814 5769 as-
