4154 6188
417 310 488 370 ss
1803 299 2286 358 DITTOCHEUM.
3609 305 3681 361 9ο

598 415 832 472 leeste
863 413 1135 483 ingenium
1167 421 1286 480 post
1311 411 1499 479 gaudia
1531 410 1753 466 candida
1786 420 1926 466 tetra
2025 418 2073 474 Α

595 507 838 563 (less-isse
849 505 1144 559 stomacho!
1161 504 1365 559 l'ervent
1381 504 1518 559 bella
1537 503 1774 570 horrida,
1790 503 2000 558 fervent

595 599 819 654 OsSlbIIS
849 597 1052 651 inclusa
1077 613 1088 647 :
1115 594 1292 650 fremit
1317 605 1369 648 et
1399 594 1736 650 discordibus
1764 594 1928 650 armis

597 688 764 762 66ᾕ⁵
806 688 922 744 Non
967 687 1193 756 simplex
1241 699 1428 741 natura
1471 686 1882 740 hominisznsm
1913 683 1999 738 vi-

1600 777 1770 849 [sccra
1802 775 1930 830 limo

427 876 534 932 905
606 873 847 945 Elﬁgiata
878 878 1129 940 premunt
1158 870 1391 923 animum
1419 885 1432 922 :
1457 876 1640 923 contra
1673 868 1780 934 ille,
1804 880 1999 924 sereno

603 965 786 1019 Editus
814 961 1016 1028 afﬂatu,
1051 959 1308 1029 nigrantis
1341 973 1557 1013 carcere
1585 959 1763 1013 cordis

603 1055 834 1122 Estuat,
868 1065 922 1110 et
951 1052 1140 1107 sordes
1169 1063 1312 1106 arcta
1345 1053 1483 1106 inter
1512 1052 1680 1106 vincla
1709 1055 1943 1105 recusat.

2282 411 2570 481 Spiritibus
2600 424 2830 484 pugnant
2859 415 3020 470 variis
3048 413 3157 480 lux,
3183 424 3340 484 atque
3371 415 3626 472 tenebrm.

2287 504 2660 574 Dismntesque
2689 507 2886 560 animat
2914 508 3108 574 duplex
3132 508 3246 560 sub~
3265 507 3424 560 tantia
3457 508 3630 561 vires:

2107 595 2212 650 910
2285 595 2465 651 Donec
2495 597 2742 666 prmsidio
2769 598 3012 653 Christus
3045 599 3182 652 Deus
3209 601 3365 655 adsit.
3398 610 3453 656 et
3492 616 3681 656 omnes

2282 688 2546 742 Virtutum
2577 704 2815 757 gemmas
2844 700 3130 754 componat
3157 692 3284 745 sede
3316 691 3476 760 piata.

2284 768 2476 846 Atqitc,
2505 778 2592 832 ubi
2623 791 2897 845 peccatum
2927 791 3267 844 regnaverat,
3303 795 3466 838 aurea
3499 779 3683 850 templi

2283 865 2429 921 Atria
2457 869 2807 928 constituens,
2839 878 2980 922 texat
3005 871 3331 938 spectamine
3355 885 3563 923 morum

2283 959 2606 1014 Ornamenta
2638 961 2829 1013 animae
2847 977 2860 1012 :
2881 961 3067 1028 quibus
3091 961 3353 1015 olileCtata
3378 961 3577 1017 decoro

2109 1051 2215 1106 9l5
2288 1052 2566 1106 IEternum
2595 1054 2730 1108 Solio
2753 1053 2904 1108 dives
2931 1054 3198 1123 Sapientia
3231 1065 3432 1123 regnet.

1769 1157 2054 1216 GLOST‘E
2095 1160 2429 1218 VETERES.

496 1257 620 1312 902.
645 1256 810 1317 Bella,
837 1255 1080 1308 uirtutum
1107 1262 1156 1305 et
1181 1253 1438 1318 vitiorum,
1473 1251 1577 1305 lso.

495 1330 621 1383 903.
644 1325 887 1389 Ossibus,
914 1324 1170 1387 humanis,
1204 1322 1246 1376 l.

497 1398 621 1451 906.
646 1396 856 1459 Editus,
883 1394 1095 1447 emissus
1122 1392 1199 1446 vel
1226 1392 1428 1461 factus;
1465 1391 1671 1462 spiritus
1691 1391 2007 1445 hominis.—

423 1469 634 1526 Cordis,
661 1469 852 1527 carnis,
884 1464 922 1517 Ι.

498 1537 620 1591 908.
649 1537 782 1600 Lux,
811 1544 968 1602 atque
999 1532 1255 1593 tenebras,
1284 1531 1490 1602 spiritus
1509 1541 1555 1583 et
1584 1531 1728 1593 vitia,
1749 1531 1789 1584 l.

499 1607 618 1660 9to.
649 1601 924 1668 Praesidio,
950 1605 1018 1656 ad
1038 1602 1356 1672 prandium,
1389 1601 1428 1654 l.

456 1676 620 1749 ΛΜΞ.
645 1677 769 1749 ilbi,
791 1676 962 1749 prius,
993 1673 1032 1726 Ι.

501 1747 573 1800 De
603 1747 671 1799 η
703 1745 984 1812 lapidibus.
1025 1773 1079 1783 -
1107 1739 1176 1794 In
1205 1739 1418 1811 jaspide
1453 1757 1575 1812 ergo
1603 1742 1722 1808 ﬁdet
1750 1742 2004 1806 viriditav,

424 1819 480 1869 in
503 1811 881 1884 sapphirospci
895 1814 1110 1866 caelestis
1130 1811 1372 1884 altit_udo,
1387 1814 1437 1863 in
1467 1811 1640 1865 chalce
1657 1817 1770 1864 Ione
1799 1815 2008 1877 ﬂamma

2109 1253 2391 1317 miracula,
2425 1254 2477 1306 in
2510 1253 2703 1321 beryllo
2738 1254 3124 1324 praedicandum
3157 1257 3382 1324 perfecta
3421 1255 3648 1325 operatio
3668 1295 3684 1317 .

2107 1325 2161 1394 in
2190 1325 2392 1390 topasio
2421 1325 2713 1377 earumdem
2755 1327 2938 1376 ardens
2965 1324 3322 1394 contemplatio
3350 1324 3685 1380 monstratur.

2111 1392 2277 1446 Porro
2303 1395 2354 1446 in
2385 1395 2725 1464 chrysopraso
2748 1395 3006 1446 beatorum
3036 1392 3316 1464 martyrum
3346 1413 3471 1464 opus
3499 1395 3688 1464 pariter

2109 1473 2158 1516 et
2183 1464 2441 1528 premium
2471 1463 2487 1529 ,
2532 1465 2584 1516 in
2625 1464 2898 1530 hyacintho
2929 1463 3194 1516 doctorum
3236 1466 3446 1517 cmlestis
3487 1465 3552 1516 ad
3579 1463 3687 1516 alta

2111 1533 2387 1587 sublevatio
2416 1545 2461 1586 et
2503 1544 2709 1599 prapter
2753 1536 2980 1600 inﬁrmos
3010 1535 3213 1587 humilis
3253 1537 3320 1587 ad
3357 1535 3581 1587 humana
3611 1535 3690 1586 di-

2107 1604 2320 1665 scensio,
2345 1605 2397 1656 in
2423 1605 2688 1656 amethisto
2709 1605 2922 1658 celestis
2951 1620 3148 1674 seraper
3169 1606 3309 1673 regni
3341 1610 3390 1655 in
3414 1603 3686 1656 humilium

2042 1695 2088 1755 Β
2113 1664 2557 1757 ηῃὶηιιξινιηεηιογὶτξ
2587 1675 2904 1757 designatur.
2933 1664 3452 1757 sinqitligué'lapides
3484 1674 3690 1741 pretiosi

2113 1745 2330 1814 singulis
2373 1753 2487 1796 sunt
2531 1745 2874 1814 fundamentis
2917 1747 3178 1812 deputati;
3228 1745 3313 1814 qui
3362 1745 3475 1797 licet
3519 1761 3634 1798 omn
3666 1761 3692 1796 s
3781 1764 3785 1768 ·

2116 1802 2349 1883 ρηίῖεσιὶ,
2375 1802 2554 1882 quibus
2583 1815 2755 1868 civitas
2797 1813 2892 1868 Dei
2919 1802 3079 1867 nostri
3106 1802 3348 1868 in'minnte
3381 1827 3556 1867 sancto
3583 1815 3691 1878 ejus

423 1880 686 1938 charitatis
710 1880 923 1938 interna:
943 1880 1292 1954 ﬁguraturJn
1310 1884 1582 1954 smaragdo
1607 1884 2013 1944 autemeiusdem
2116 1880 2329 1937 ornatur
2371 1880 2520 1954 atque
2563 1886 2844 1953 fundatur,
2895 1885 3144 1954 spiritalis
3200 1887 3376 1952 gratim
3418 1895 3534 1938 sunt
3581 1886 3691 1936 lu's

421 1957 546 2022 ﬁdei
576 1957 724 2023 fortis
744 1957 876 2007 inter
912 1954 1122 2017 adversa
1145 1952 1414 2022 confessio,
1442 1953 1493 2004 in
1521 1957 1789 2006 sardont'co
1813 1965 2016 2005 sancto-

2119 1953 2367 2023 fulgentes
2391 1971 2409 2008 :
2431 1955 2522 2007 alii
2548 1968 2712 2011 tamen
2743 1971 2828 2014 per
2855 1953 3088 2024 spiritum
3113 1956 3265 2007 datur
3291 1971 3458 2007 sermo
3489 1955 3690 2024 sapien-

421 2042 540 2078 rum
558 2027 685 2079 inter
711 2028 919 2079 virtutes
934 2024 1214 2093 humilitas,
1231 2025 1283 2075 in
1299 2023 1472 2074 sardio
1496 2025 1794 2076 reverendus
1827 2031 2018 2090 martg-
2118 2025 2224 2088 tite,
2248 2025 2339 2076 alii
2363 2041 2529 2079 sermo
2557 2027 2798 2089 scientiar,
2831 2026 2920 2078 alii
2945 2026 3108 2093 gratia
3137 2027 3444 2090 sanitatum,
3487 2023 3578 2093 alii
3607 2038 3697 2092 ge-

421 2111 535 2148 runt
565 2113 716 2149 cruor
738 2096 1058 2166 exprimitur.
1088 2092 1154 2147 In
1177 2093 1490 2164 chrysolitho
1510 2109 1606 2147 vos:
1623 2093 1867 2163 spiritalis
1889 2094 2017 2146 inter
2118 2110 2240 2146 nera
2270 2095 2586 2166 linguarum,
2619 2096 2708 2148 alii
2734 2096 2860 2163 fides
2880 2097 2932 2149 in
2963 2097 3134 2148 eodem
3165 2096 3369 2165 spiritu,
3395 2104 3525 2160 etc.,
3551 2092 3658 2148 lso.

1825 2203 2390 2262 COMMENTARIUS.

497 2305 619 2358 901.
646 2301 904 2355 Weilzius
929 2315 960 2356 θ
983 2315 1085 2354 ms.
1100 2299 1325 2355 Piccarti
1354 2308 1502 2354 notat
1523 2309 1635 2370 post
1663 2299 1856 2367 gaudia
1881 2314 2004 2350 can-

421 2375 551 2429 dida
578 2384 736 2426 retro.

497 2444 620 2499 90$.
646 2443 770 2496 Ald.
800 2449 855 2496 et
879 2439 1119 2495 nonnulli
1152 2439 1346 2510 vulgati
1375 2453 1494 2494 cum
1523 2439 1666 2494 Picc.
1685 2478 1700 2500 ,
1744 2439 1952 2493 cessisse
1977 2452 2007 2490 e

423 2515 708 2569 stomacho.
752 2511 888 2566 Vera
936 2512 1096 2566 lectio
1139 2519 1224 2564 est
1272 2512 1482 2563 cessisse
1519 2511 1804 2576 stomacho,
1833 2522 2007 2578 neque

425 2586 592 2640 ullum
620 2582 861 2638 codicem
897 2581 1301 2636 dissentientem
1332 2582 1648 2648 reperimus.

500 2656 624 2709 903.
651 2653 824 2707 Simili
857 2653 1064 2706 ratione
1089 2651 1238 2716 ΑΜ..
1281 2651 1510 2705 Giselin.
1546 2660 1600 2704 et
1628 2649 1747 2713 alii,
1769 2650 1962 2718 ossibus
1985 2692 2002 2718 ,

385 2781 389 2788 _
424 2735 577 2791 atque
603 2723 806 2776 inclusa
838 2724 1030 2791 fremit.
1069 2721 1361 2786 Heinsiani,
1398 2720 1535 2784 ΕΗΖ,
1567 2721 1748 2791 Eam“
1779 2717 2003 2787 Widtn.,

426 2790 570 2859 Pal,
592 2790 1092 2861 Mar.,Rat.,Ang.,
1109 2794 1283 2854 Ales.,
1307 2791 1444 2846 Vatt.
1468 2791 1527 2854 Ρ,
1547 2790 1612 2846 G.
1630 2790 1694 2848 ll,
1717 2790 1776 2854 L,
1800 2791 2007 2845 Ossibus

424 2865 625 2919 inclusa
661 2880 679 2917 :
722 2865 892 2930 fremit
919 2874 967 2917 et
990 2864 1308 2916 discordibus
1347 2862 1526 2916 armis.
1566 2861 1719 2915 Fnld.
1756 2869 1804 2914 ct
1840 2863 2007 2916 l’alat.

426 2937 787 3003 distinguunt,
807 2933 1242 2995 0ssibus,inclusa
1263 2933 1486 3001 fremitet
1503 2931 1817 3003 discordib_us
1831 2937 2006 2986 armis.

500 3000 622 3061 905'.
652 3005 726 3058 De
767 3010 931 3057 Vcrho
971 3005 1132 3074 eﬁigio
1179 3000 1298 3074 vide
1342 3003 1596 3074 hymnum
1643 3003 1710 3056 10
1735 3000 2002 3067 Cathem.,

2114 2301 2332 2368 nigranti
2360 2315 2560 2353 carcere
2589 2301 2776 2355 cordis.
2796 2301 2921 2365 Alii,
2943 2302 3193 2370 nigrantis
3220 2316 3421 2353 carcere
3450 2299 3640 2352 cordis.

2185 2371 2290 2426 909
2342 2370 2479 2434 Erf.,
2504 2373 2747 2425 distantes
2779 2373 2970 2424 animo.
3010 2373 3063 2426 ltt
3092 2372 3229 2424 Vatt.
3264 2371 3324 2434 L,
3356 2372 3422 2436 Ο,
3447 2370 3692 2424 distantes

2113 2442 2330 2493 animat.
2374 2441 2428 2494 In
2472 2442 2590 2497 Vat.
2629 2443 2670 2495 ι)
2699 2451 2782 2495 est
2814 2445 2963 2496 locus
2993 2457 3192 2495 vacuus
3220 2441 3428 2494 duobus
3453 2440 3694 2495 versibus

2117 2523 2238 2581 post
2267 2511 2406 2563 hunc
2435 2511 2688 2572 idoneus;
2735 2523 2843 2581 tum
2877 2514 3118 2581 sequitur
3156 2510 3336 2564 Donec
3364 2511 3625 2575 prtesidio.

2184 2580 2308 2634 910.
2340 2581 2666 2644 l’ascltalius,
2699 2584 2765 2633 de
2799 2580 3027 2636 Coronis
3053 2597 3170 2649 pag.
3205 2581 3330 2642 194.
3359 2581 3453 2636 lib.
3487 2596 3544 2644 tt,
3573 2595 3692 2646 cap.

2116 2649 2203 2722 is,
2251 2651 2496 2718 intelligit
2522 2650 2682 2706 llores
2713 2653 2936 2722 mystico
2971 2667 3135 2705 sensu
3179 2666 3299 2706 esse
3331 2650 3428 2704 itas
3455 2664 3695 2719 geminas

2115 2719 2392 2773 virtutum.

2185 2790 2310 2843 9H.
2339 2791 2505 2853 Picc..
2534 2789 2650 2844 Gis.
2673 2789 2740 2844 ad
2771 2806 2942 2852 oram,
2965 2789 3084 2845 sede
3112 2790 3278 2844 beata.
3301 2788 3420 2843 Vat.
3439 2790 3502 2845 Ο.
3533 2787 3693 2853 male,

2115 2861 2232 2914 sede
2260 2861 2474 2931 privata.
2502 2858 2697 2916 Confer
2723 2862 3143 2931 pulcherrimum
3176 2859 3451 2930 hymnum,
3471 2858 3693 2914 Calatis

2118 2931 2233 2983 urbs
2257 2930 2604 2984 Hierusalem.

2187 3001 2314 3055 915.
2339 3000 2550 3071 ltiVatt.
2585 3001 2648 3063 Ρ,
2680 3000 2744 3064 L,
2765 3010 2980 3071 regnat;
3020 3001 3131 3064 alii,
3167 3008 3357 3071 regnet.
3382 2999 3440 3054 lu
3469 2996 3694 3071 Marietti

425 3091 568 3130 vers.
613 3078 668 3141 ι,
707 3076 849 3128 circa
877 3068 1179 3143 exsequias.
1207 3073 1361 3141 Put.,
1380 3068 1640 3136 animant,
1658 3073 1742 3126 cui
1771 3075 2012 3128 attineret
2115 3069 2586 3143 codi_cc,_l€;cplicit
2607 3071 2732 3143 li_ber
2753 3068 2919 3125 Prud.
2949 3073 3013 3143 de
3041 3068 3466 3143 Psychétnachia.
3497 3071 3550 3143 I_n
3575 3068 3691 3143 Vat.

427 3145 630 3201 Vat.C.
660 3145 789 3212 Alii,
809 3145 1056 3196 animum.

500 3217 622 3270 906.
645 3215 810 3284 Ang..
831 3216 988 3280 male,
1005 3214 1250 3288 nigrantis
1277 3215 1330 3266 in
1358 3228 1559 3266 carcere
1585 3212 1774 3267 cordis.
1805 3212 2004 3278 Vat.C,

2115 3143 2178 3202 (Σ,
2211 3139 2439 3210 Explicit
2472 3142 2596 3194 liber
2625 3140 2924 3195 Prudentis.
2957 3142 3012 3196 In
3048 3138 3168 3196 Vrit.
3209 3141 3270 3203 Ρ.
3313 3140 3536 3204 Eaplicit
3571 3138 3694 3193 liber

2123 3211 2287 3264 Prud.
2319 3213 2382 3264 de
2413 3211 2792 3266 Sichomachia.
2816 3213 2872 3266 ln
2896 3211 3017 3267 Vat.
3035 3213 3098 3273 Ι).
3124 3211 3345 3282 Επριὶεἰι
3370 3211 3516 3264 liber.

432 3326 3680 3352 Wm-

1535 3435 2558 3551 DITTOCHXEUM.

1697 3746 2206 3804 'l'ESTAMENTUM
2249 3747 2404 3801 VETl
2419 3747 2490 3802 'S.

879 3840 1038 3910 665
1068 3839 1120 3892 Ι.
1151 3839 1316 3892 Adam
1347 3847 1392 3892 et
1423 3835 1554 3891 Eua.

601 3931 708 3986 Eva
735 3930 978 3984 columba
1007 3930 1106 3984 fuit
1131 3939 1240 3984 tum
1269 3929 1516 3995 candida,
1550 3928 1698 3998 nigra
1726 3927 1921 3984 deinde

2035 3844 2083 3907 C

2293 3837 2456 3907 666
2493 3835 2688 3901 Facta,
2733 3852 2829 3904 per
2857 3836 3142 3904 anguinum
3169 3837 3471 3892 malesuada
3505 3837 3691 3897 frauda

3311 3929 3613 4000 [venenum

1775 4021 2058 4080 GLOSSE
2101 4023 2418 4080 VETERES

501 4117 550 4172 1.
575 4117 682 4170 Eva
713 4115 978 4180 columba,
1010 4124 1124 4167 sunt
1153 4111 1540 4169 tctrasticha.—-
1555 4113 1709 4175 Tum,
1741 4117 1928 4183 primo.
1955 4115 1993 4169 Ι.

1813 4194 2375 4261 COMMENTARIUS.

500 4323 522 4376 i
557 4331 612 4377 et
635 4318 692 4375 9.
719 4320 830 4374 Hoc
859 4332 993 4385 opus
1022 4316 1189 4370 Aldus
1221 4325 1378 4370 vocat
1404 4314 1776 4380 IIittocIm'um;
1816 4325 1869 4371 et
1897 4332 2000 4371 non

422 4392 581 4445 video
617 4406 714 4443 cur
753 4389 842 4441 alii
891 4388 1097 4442 titulum
1145 4386 1486 4446 mutaverint.
1518 4397 1570 4440 et
1599 4386 1666 4439 de
1695 4402 1831 4438 novo
1860 4387 2004 4442 inve-

422 4461 622 4514 ltiend-t
679 4460 1044 4526 cogitmerinl.
1096 4457 1148 4509 lu
1198 4457 1352 4524 Prag.
1403 4455 1680 4522 inscriptio
1728 4466 1809 4509 est
1854 4456 2004 4510 Dicta

422 4531 699 4583 Prudentii
750 4529 942 4582 Aurelii
1001 4539 1018 4576 :
1076 4542 1260 4580 versus
1303 4541 1488 4578 omnes
1533 4537 1660 4579 sunt
1704 4528 1996 4580 continuati

420 4600 627 4668 absque
647 4600 758 4652 ttllo
778 4597 1022 4652 titulo.|n
1051 4594 1480 4668 Mar.,lncipiuut
1509 4595 1644 4668 tituli
1673 4595 1999 4668 historiarum

421 4685 516 4736 per
542 4665 712 4721 'Adam
741 4678 786 4720 et
814 4669 977 4720 Adam
1022 4667 1341 4732 (legendum
1385 4682 1474 4735 per
1509 4666 1744 4737 Adantet
1777 4666 1935 4719 Evam

419 4737 481 4792 lu
523 4741 645 4793 cod.
699 4739 817 4791 Vat.
867 4737 908 4791 Α
956 4738 1128 4790 nullus
1177 4737 1396 4793 titulus.
1451 4744 1505 4790 et
1551 4736 2004 4802 negligentissime

421 4810 601 4863 omnia
632 4808 854 4872 scripta.
887 4807 939 4857 lu
967 4807 1083 4858 Vat.
1110 4806 1168 4867 Β,
1191 4805 1352 4858 Tituli
1373 4805 1699 4874 historiarum
1730 4823 1818 4873 per
1839 4807 2006 4859 Adam

419 4890 473 4932 et
506 4878 704 4938 Euam;
743 4877 813 4929 ita
840 4877 998 4928 etiam
1028 4877 1079 4929 in
1111 4876 1230 4930 Rat.
1267 4876 1322 4928 In
1351 4875 1536 4939 Ales.,
1567 4873 1826 4945 Incipiunt
1866 4877 2006 4930 tituli

418 4950 792 5009 historiarum;
829 4945 896 4998 ad
957 4948 1244 5010 marginem
1294 4945 1605 4998 charactere
1653 4945 1817 5000 veteri
1845 4987 1859 5013 ,
1909 4946 2002 5000 sed

420 5018 723 5078 tninntiori,
752 5014 857 5069 Istc
884 5016 1006 5068 liber
1034 5013 1339 5084 Drocheum
1376 5022 1605 5080 vocatur,
1638 5015 1691 5066 id
1716 5025 1786 5066 est
1813 5016 2005 5084 duplex

421 5089 654 5152 refectio.
700 5087 756 5138 In
793 5085 1047 5140 Ut'biuate
1089 5086 1233 5146 cod.,
1269 5083 1461 5152 Incipit
1488 5085 1614 5138 liber
1659 5083 1960 5139 Ditrocheus
1984 5125 2000 5150 ,

420 5158 514 5223 qui
550 5158 836 5210 continetur
876 5155 928 5206 in
971 5155 1129 5207 titulis
1171 5153 1520 5206 historiarum.
1554 5154 1606 5208 In
1641 5154 1756 5210 Vat.
1788 5157 1827 5218 Ι,
1856 5154 2000 5208 Inci-

417 5227 570 5295 piunt
610 5227 749 5279 tituli
790 5224 1122 5295 historiarum
1149 5239 1238 5294 per
1275 5223 1436 5276 Adam
1472 5234 1519 5277 et
1563 5223 1691 5276 Ειια.
1721 5224 1776 5277 1η
1810 5224 1927 5278 Vat.
1959 5225 2004 5293 ρ

413 5293 616 5350 desunt
647 5295 810 5349 tituli.
839 5293 953 5347 Alia
983 5293 1101 5348 vide
1125 5293 1326 5360 proleg.
1357 5309 1478 5356 cap.
1509 5296 1563 5360 3,
1591 5297 1621 5346 ι
1652 5303 1704 5346 et
1734 5297 1788 5363 5,
1819 5297 1906 5348 ubi
1936 5296 2002 5348 de

2114 4318 2304 4383 priscis
2335 4327 2525 4384 poetic,
2551 4316 2684 4369 alios
2717 4331 2834 4367 cum
2861 4314 3122 4370 Sicltardo
3146 4315 3384 4380 Sedulio,
3401 4316 3518 4381 quia
3544 4319 3692 4373 scili-

2111 4397 2197 4442 cet
2235 4387 2432 4440 cultius
2471 4385 2570 4439 hoc
2613 4400 2796 4454 poema
2840 4397 2916 4437 est
2956 4388 3164 4440 carteris
3195 4387 3519 4442 carminibus
3559 4389 3689 4444 Pru-
3785 4411 3790 4416 ”

2111 4456 2298 4511 dentii.
2337 4462 2472 4510 Ante
2503 4453 2917 4510 Cltantillardum
2957 4454 3228 4524 Philippus
3260 4456 3504 4511 Laltbeus
3542 4475 3690 4515 assc-

2111 4535 2309 4585 ruerat.
2339 4528 2438 4580 hoc
2466 4540 2682 4579 carmen
2711 4526 2919 4579 cmteris
2946 4524 3217 4580 Prudentii
3253 4530 3687 4592 prastarejdeo-

2109 4613 2213 4666 que
2270 4596 2569 4666 Prudentia
2602 4596 2863 4666 aAmultis
2905 4594 3216 4663 altjudicari.
3269 4596 3411 4652 Idem
3455 4601 3692 4656 allirtuat

2109 4663 2360 4720 Bailletus
2389 4668 2438 4720 in
2471 4663 2695 4719 iudiciis
2727 4665 3038 4731 Sapieutttm
3086 4667 3153 4720 de
3185 4667 3493 4724 Prudentia.
3523 4672 3686 4724 Aldus

2110 4737 2162 4810 in
2195 4737 2308 4810 Vita
2348 4735 2620 4810 Prudentii
2647 4736 3000 4810 contrarium
3053 4745 3278 4810 testatur
3313 4755 3327 4790 :
3363 4747 3687 4810 Δςττοχοῖον,

2109 4806 2487 4879 dupleccibus,
2525 4805 2693 4879 διττρς
2722 4805 2938 4879 duplex,
2979 4807 3358 4879 et_6xyi_cibus.
3390 4805 3686 4864 Sunt-cnim

2110 4873 2244 4930 ma
2293 4877 2623 4928 historiarum
2652 4875 2845 4930 Veteris
2888 4885 2934 4928 et
2985 4873 3124 4930 Noui
3168 4877 3488 4941 Testamenti,
3537 4888 3688 4944 atque

2109 4948 2226 4998 hinc
2257 4956 2378 5017 puto
2407 4945 2885 5017 Dittocha’unt,_hoc
2910 4956 3012 5017 est,
3033 4946 3288 5014 duplicem
3315 4948 3480 5000 cibum
3506 4949 3688 5013 appel-

2109 5015 2270 5071 latum
2318 5015 2455 5068 hunc
2486 5016 2671 5069 librum
2698 5034 2728 5068 a
2763 5015 3068 5069 Prudentia.
3091 5018 3196 5070 Scd
3216 5018 3454 5080 quoniam
3485 5034 3582 5070 non
3613 5017 3686 5070 sic

2108 5088 2336 5139 cucullus
2382 5097 2452 5139 est
2493 5095 2539 5139 et
2580 5087 2868 5141 elaboratus
2907 5088 2990 5139 hic
3025 5087 3168 5156 liber,
3207 5095 3258 5139 ut
3288 5087 3454 5156 (αντενὶ
3482 5105 3512 5139 a
3540 5097 3686 5156 poeta

2107 5156 2407 5223 compositi,
2453 5165 2572 5209 sunt
2621 5157 2708 5221 qui
2750 5173 2848 5208 non
2888 5173 2995 5210 esse
3042 5155 3306 5210 Prudentii
3347 5155 3547 5210 dicunt.
3578 5157 3684 5226 ligo

2103 5241 2218 5279 vero
2242 5228 2409 5294 ipsum
2436 5243 2467 5279 a
2495 5227 2686 5280 caneris
2711 5243 2949 5288 separare
2969 5242 3069 5278 non
3097 5243 3209 5278 sum
3233 5241 3409 5288 ausas,
3432 5236 3536 5277 tum
3565 5233 3685 5292 quia

2107 5295 2436 5348 Gettaadium
2461 5339 2475 5360 ,
2519 5297 2603 5364 qui
2652 5305 2761 5360 post
2804 5297 2970 5349 dirum
3003 5294 3369 5364 Hieronymum
3397 5297 3598 5364 scripsit
3619 5299 3685 5350 de

415 5367 678 5440 operibus
730 5364 1004 5440 Prudentii
1025 5365 1246 5440 _agitu_r.
1295 5364 1350 5440 I_n
1398 5363 1526 5440 Mar.
1565 5365 1790 5440 ponitur
1836 5365 1999 5440 Ditto-
2029 5379 2083 5440 ι)
2107 5367 2227 5440 viris
2255 5363 2539 5440 illustribus
2565 5408 2578 5425 ,
2626 5366 2964 5440 Dillocha'um
2985 5382 3027 5440 ,α
3050 5363 3327 5440 Prudentia
3349 5363 3682 5440 compositum

416 5431 622 5488 chrcunt
668 5444 786 5502 post
831 5433 986 5487 odem
1017 5431 1256 5484 Immolat
1288 5431 1394 5484 Deo
1430 5432 1596 5497 Patri,
1627 5442 1757 5500 uuae
1784 5443 1865 5488 est
1889 5435 2001 5501 epi-

415 5505 572 5571 logus
601 5507 654 5558 in
683 5505 820 5559 Aldo
847 5512 900 5556 et
929 5505 978 5555 in
1011 5514 1187 5556 noSIra
1219 5503 1474 5557 editione.
1503 5505 1555 5556 In
1586 5504 1700 5555 Vat.
1727 5505 1766 5557 Β
1789 5505 2000 5572 ponitur

413 5585 546 5643 post
585 5575 783 5628 librum
813 5573 1260 5640 l’eristephanun.
1287 5573 1681 5627 Cltaniillardus
1717 5589 1836 5628 cum
1881 5574 1998 5626 aliis

413 5644 765 5700 Euhiridion
803 5643 1073 5709 inscribit,
1121 5652 1172 5694 et
1224 5643 1371 5696 addit
1423 5643 1706 5696 nonnullos
1742 5659 1860 5699 cum
1901 5644 1999 5698 Fa.

413 5713 595 5772 υνξεἱο
625 5712 731 5768 hoc
754 5711 1053 5778 pocmation
1084 5711 1317 5768 tribuere
1339 5715 1564 5769 Ammno
1593 5715 1798 5767 cuidam
1823 5717 1999 5780 ignoto
2030 5775 2040 5781 _

2107 5436 2232 5504 dicit
2258 5477 2273 5495 ,
2306 5446 2410 5488 tum
2455 5437 2604 5488 etiam
2633 5437 2749 5504 quia
2790 5437 2841 5487 in
2889 5434 3238 5504 antiquissimo
3279 5435 3450 5504 codice
3489 5441 3682 5490 cwteris

2109 5501 2381 5558 Prudentii
2424 5501 2659 5574 aperibus
2701 5512 2917 5557 inscrtum
2947 5512 2992 5574 et
3026 5503 3105 5574 hic
3132 5512 3238 5554 erat
3267 5503 3487 5571 libellus,
3511 5516 3556 5559 ct
3589 5523 3681 5573 pro

2109 5572 2472 5630 DlT'l‘OCIH-Zlni
2495 5617 2509 5637 ,
2544 5576 2900 5630 Dtuuocmluu
2930 5572 3107 5624 titulus
3124 5613 3138 5634 ,
3165 5574 3468 5640 scriptorum
3495 5576 3679 5643 culpa.

2106 5648 2244 5714 quod
2273 5646 2492 5714 coniicio
2520 5646 2671 5713 facile
2694 5682 2709 5714 ,
2753 5643 2871 5710 quia
2898 5644 3276 5711 interpretatum
3303 5645 3428 5699 inibi
3453 5655 3525 5701 est
3549 5647 3677 5699 anti-

2107 5712 2375 5780 quissimis
2404 5712 2798 5773 charactcribtts,
2840 5728 3035 5767 partes
3070 5729 3328 5770 ueneno
3354 5731 3444 5784 pro
3473 5728 3676 5776 DUPLEX
