4154 6188
471 323 540 379 95
1717 344 1723 350 ο
1853 317 2033 374 οιττ(

2137 317 2334 373 ᾸίυΜ.
3647 319 3718 374 9b

1067 431 1120 484 3.
1152 428 1284 482 Area
1315 426 1448 482 Noe.

647 521 833 576 Nuntia
863 519 1045 573 diluvii
1069 519 1176 588 jam
1202 518 1562 572 decrescentis
1583 519 1646 570 ad
1684 533 1861 571 arcam

475 613 539 666 tu
643 613 748 665 Ure
772 608 1018 663 columba
1047 608 1214 663 refert
1242 624 1448 662 ramum
1479 608 1758 662 viridantis
1779 609 1932 664 oliva.-
1955 625 1974 662 ε

640 702 802 772 ωε
829 700 1035 754 Corvus
1055 699 1197 753 enim
1224 699 1455 768 ingluvie
1484 713 1578 767 per
1608 697 1745 753 fmda
1776 698 2034 773 cadavera

1760 793 1966 864 [captus

645 885 918 940 Hteserat:
953 883 1040 936 illa
1070 882 1208 936 datae
1248 882 1452 938 revehit
1483 897 1614 935 nova
1644 883 1836 952 gaudia
1868 886 2030 951 pacis.

935 976 991 1029 4.
1021 974 1101 1026 Ad
1129 974 1298 1026 ilicem
1329 973 1578 1026 Mambre.

645 1064 937 1133 Hospitium
979 1061 1079 1116 hoc
1121 1062 1330 1115 Domini
1373 1071 1491 1126 est,
1525 1061 1628 1115 ilex
1678 1061 1766 1115 ubi
1817 1061 2037 1116 frondea

1708 1153 1967 1224 [Mambre

640 1243 947 1298 Armentale
974 1243 1117 1296 senis
1145 1242 1372 1311 pertexit
1400 1242 1610 1296 enlmen
1638 1259 1652 1299 :
1683 1243 1736 1296 in
1765 1243 1867 1297 ista

473 1335 534 1389 l5
641 1333 774 1387 ltisit
799 1332 928 1388 Sara
955 1347 1074 1386 casa
1093 1373 1108 1396 ,
1133 1330 1336 1384 sobolis
1359 1331 1457 1385 sibi
1483 1333 1672 1400 gaudia
1697 1347 1816 1386 sera

639 1424 823 1492 Ferri,
851 1431 906 1478 et
933 1423 1264 1491 decrepitum
1295 1423 1372 1476 sic
1412 1425 1634 1478 credere
1673 1438 1829 1492 posse
1867 1426 2030 1478 mari-

1800 1514 1954 1586 [tum.

908 1604 961 1657 5.
997 1603 1384 1657 Monumentum
1413 1602 1580 1657 Sarra.

633 1694 899 1750 Abraham
928 1705 1196 1748 mercatus
1224 1709 1410 1763 agrum
1429 1737 1443 1760 ,
1478 1709 1585 1764 quo
1608 1695 1866 1751 conderet
1904 1712 2027 1754 ossa

2075 439 2124 494 Δ

2334 427 2586 498 Coniugis
2621 445 2636 484 :
2678 429 2732 484 in
2782 429 2942 484 terris
2985 428 3236 498 quoniam
3281 428 3557 500 peregrina
3599 445 3722 484 mo-

3479 519 3655 590 [ratur

2319 613 2482 684 669
2523 612 2766 678 Justitia,
2795 621 2954 682 atque
2986 612 3156 667 fides:
3185 611 3286 666 hoc
3317 609 3442 666 illud
3487 613 3722 667 millibus

3390 704 3646 775 lemptum

2141 791 2211 846 20
2319 792 2616 862 Spelaaum,
2641 803 2836 849 sancta:
2864 795 3075 863 requies
3103 795 3189 847 ubi
3223 804 3369 862 parta
3398 794 3588 850 favillae
3613 806 3715 848 est.

2583 888 2636 940 6.
2671 886 2938 941 Somnium
2972 886 3282 940 Pharaonis.

2319 977 2407 1030 Bis
2433 986 2636 1043 septem
2667 979 2850 1041 snicre,
2879 992 3052 1032 Vaccae
3082 979 3298 1030 totidem
3332 977 3596 1030 Pharaoni

2318 1067 2420 1121 Per
2445 1084 2690 1122 somnum
2719 1069 2845 1122 visa:
2873 1069 3190 1136 portendunt
3219 1069 3432 1136 dispare
3457 1067 3624 1121 forma

2319 1156 2529 1218 Uberis.
2560 1169 2719 1226 atque
2749 1158 2901 1212 famis
2929 1158 3034 1212 duo
3066 1174 3158 1226 per
3200 1157 3473 1225 septennia
3505 1167 3714 1226 tempus

2317 1246 2524 1302 Instare
2550 1265 2564 1302 :
2601 1249 2699 1302 hoc
2721 1247 2878 1302 solvit
2901 1257 3005 1318 pati
3022 1249 3198 1303 iareha
3219 1293 3234 1317 ,
3258 1248 3546 1318 interprete
3567 1245 3716 1301 Chri-

3510 1340 3636 1410 [διο.

2501 1432 2554 1482 7.
2586 1430 2778 1500 Ioseph
2802 1448 2832 1483 a
2862 1431 3105 1503 fratribus
3132 1433 3354 1502 agnitus.

2134 1519 2206 1575 25
2316 1521 2571 1575 Venilitus
2600 1523 2805 1576 insidiis
2836 1524 3055 1576 fratrum
3088 1537 3258 1589 piter:
3291 1522 3405 1589 ipse
3435 1519 3670 1573 vicissim

2313 1610 2529 1664 Cratera
2556 1614 2604 1664 in
2637 1612 2792 1666 farris
2821 1627 2976 1666 sacco
2999 1613 3134 1666 clam
3169 1611 3410 1681 pracipit
3440 1611 3595 1675 abdi,

2318 1705 2489 1776 thue
2511 1721 2631 1761 reos
2663 1705 2788 1760 furti
2817 1706 3011 1776 .Ioseph
3043 1715 3220 1772 tenet,
3249 1705 3424 1758 ant-tio
3452 1703 3604 1757 fallax

1745 1828 2038 1888 CLOSSE
2079 1835 2415 1893 VETERES.

529 1944 613 1998 14.
647 1943 911 2005 Pertexit,
939 1942 1018 1994 vel
1046 1941 1292 2010 protexit,
1327 1941 1368 1995 l.
1401 1949 1414 1961 °

527 2013 611 2067 I6.
647 2012 829 2077 Ferri,
854 2011 1005 2077 dari,
1035 2012 1074 2066 Ι.

528 2083 611 2138 17.
642 2083 782 2148 Quo,
812 2091 900 2146 ut,
927 2081 964 2134 l.

531 2153 610 2207 l9.
645 2156 756 2206 Hoc
786 2151 915 2205 illud
936 2191 953 2217 ,
978 2151 1170 2204 scilicet
1197 2159 1300 2216 est,
1334 2150 1376 2205 Ι.

2205 1951 2294 2006 20.
2329 1950 2626 2019 Spelarum,
2659 1950 2933 2017 spelunca,
2955 1949 2997 2003 1.

2205 2021 2294 2076 22.
2334 2017 2696 2083 Perit-adurit,
2728 2021 3050 2088 signiﬁcant,
3079 2017 3120 2072 I.

2203 2091 2295 2146 25.
2326 2090 2540 2156 Uberis,
2570 2091 2832 2153 ubertatis,
2863 2089 2904 2143 1.

2205 2160 2297 2215 26.
2329 2162 2586 2228 Cratera,
2616 2161 2867 2231 scyphum
2887 2199 2902 2226 ,
2933 2157 2975 2212 1.

1791 2269 2347 2333 COMMENTARIUS.

525 2387 611 2443 τάξ.
641 2385 889 2440 Heinsius
926 2383 1019 2436 lib.
1047 2380 1329 2453 trAdvers.
1359 2380 1558 2450 posth.,
1597 2395 1718 2449 cap.
1743 2382 1798 2447 6,
1829 2384 2024 2453 corrigi
2058 2389 2104 2448 B
2203 2388 2288 2442 18.
2321 2387 2438 2442 Vat.
2463 2387 2508 2442 Α
2531 2397 2584 2442 et
2614 2385 2809 2449 Palat.,
2839 2393 3088 2448 moratus,
3123 2398 3422 2452 perperam.

455 2460 566 2512 vult
589 2467 714 2510 ratis
742 2471 836 2524 pro
864 2455 1017 2508 dator.
1052 2452 1191 2507 Nihil
1226 2467 1361 2524 opus
1393 2459 1476 2524 est
1502 2453 1856 2524 correctione.
1889 2452 2029 2509 Teo-

456 2527 556 2584 lius
581 2527 634 2581 in
663 2521 829 2580 verbo
857 2525 1068 2578 ha’seral
1091 2531 1258 2586 notat,
1283 2521 1630 2576 Prudentium
1657 2523 1849 2592 legisse
1875 2524 2025 2590 juxta

453 2598 596 2654 LXX
617 2640 633 2663 ,
671 2597 773 2663 Qui
803 2592 1040 2665 (corvus)
1070 2593 1438 2716 egrediebatur,
1463 2601 1507 2645 et
1538 2607 1638 2644 non
1668 2594 2027 2651 revertebatur.

453 2667 561 2716 Sed
602 2683 697 2716 cur
748 2681 854 2716 non
906 2666 1053 2716 iusta
1141 2664 1411 2716 ulaatam.
1458 2677 1580 2716 mue
1634 2665 1826 2716 eodem
1873 2663 2027 2716 modo

453 2667 561 2724 Sed
602 2683 697 2722 cur
748 2663 854 2720 non
901 2666 1053 2734 juxta
1097 2663 1411 2732 Vulgatam,
1458 2677 1580 2732 quae
1634 2665 1826 2718 eodem
1873 2663 2032 2717 modo

457 2738 618 2795 legit?

512 2755 736 2862 ξὶξὲιιιιιε
761 2805 795 2858 4
826 2805 878 2858 in
908 2804 1075 2858 Gisel.
1099 2813 1152 2857 et
1177 2802 1408 2868 Thuan.,
1439 2801 1554 2856 [lex
1599 2801 1848 2855 Mambre.
1883 2801 2028 2855 Vatt.

457 2879 521 2943 Β.
551 2879 599 2939 1.
633 2878 781 2940 Rat.,
817 2876 970 2936 Man,
1003 2874 1218 2934 Weitz.,
1259 2875 1338 2926 Ad
1368 2874 1531 2926 ilicem
1564 2871 1813 2943 Humbre.
1847 2874 2027 2943 Μαι,

456 2941 537 3003 De
560 2948 817 3001 Abraham
841 2955 888 2998 et
915 2945 1130 3013 hospitio
1167 2945 1308 3013 ejus.
1328 2943 1447 2996 Vat.
1472 2943 1536 3002 Ι),
1578 2941 1898 3013 Dehospitio
1929 2941 2029 2997 Sa-

457 3035 552 3073 m.
590 3018 795 3084 Aldus,
851 3015 928 3068 De
975 3011 1227 3067 Abraham
1269 3023 1316 3066 et
1365 3014 1605 3082 hospitio.
1657 3011 1788 3066 Vide
1834 3013 2026 3069 Cenes.

458 3104 581 3143 σοι).
608 3103 759 3143 XVIII.

529 3104 772 3213 Vri.
811 3155 884 3217 A,
919 3156 1028 3208 haec
1057 3169 1154 3222 pro
1180 3154 1295 3219 hoc,
1324 3153 1480 3206 male.
1511 3152 1567 3206 In
1593 3169 1699 3206 uno
1726 3152 1846 3206 Vat.
1886 3153 2028 3208 desi-

459 3228 641 3283 derari
687 3226 779 3279 hoc
822 3225 1050 3280 advertit
1095 3224 1340 3290 Teolius,
1377 3222 1516 3290 quod
1566 3224 1765 3290 pariter
1805 3225 1957 3278 abest
1997 3240 2026 3276 a

455 3297 652 3379 vallic.
695 3297 1017 3378 interpretes
1058 3295 1450 3379 plures-putant
1501 3293 1864 3374 Abrahamum
1933 3295 2032 3347 Do-

456 3368 663 3422 minum
703 3367 909 3434 ipsum,
953 3381 1056 3417 non
1097 3365 1334 3433 angelus,
1366 3363 1598 3428 hospitio
1638 3363 1946 3429 excepisse,
1979 3373 2032 3417 et

457 3437 557 3493 SS.
583 3436 862 3491 Trinitatis
902 3435 1213 3504 mysterium
1250 3444 1564 3499 agnoscitnt.
1598 3434 1873 3504 Infadcm
1911 3448 2033 3486 seu-

457 3509 621 3562 tentia
647 3515 731 3560 est
776 3501 1092 3558 Prudentius
1134 3503 1425 3564 Amtheos.
1466 3517 1605 3556 vers.
1648 3501 1717 3556 28
1755 3512 1811 3555 et
1853 3519 2029 3572 seqq.,

457 3578 546 3631 ubi
595 3575 864 3630 Abraham
911 3575 1106 3644 hospes
1155 3573 1385 3637 Christi,
1437 3571 1540 3626 hoc
1592 3583 1675 3627 est
1735 3574 1889 3627 \‘erhi
1947 3573 2029 3627 di-

457 3648 615 3702 citur.

530 3717 616 3800 4.4.-
640 3713 1136 3800 κἐιοᾼοηιῑιεεῐιφξεξο
1154 3711 1632 3800 ίξῐηιξῖιιαιέεξῖῖίῖιξς
1651 3711 2026 3800 “etzsweittz-
2055 3739 2100 3800 ο

1391 3782 1642 3851 ρτφῑετίι.
1677 3781 1872 3850 Prag.,»
1901 3797 2033 3848 prw-
2056 3780 2101 3801 “

458 3787 616 3841 ηοω.
659 3786 798 3852 apud
832 3783 1114 3836 Weitzium
1158 3795 1350 3852 supra,

461 3857 608 3911 texit.
639 3850 799 3918 Man,
827 3854 1058 3924 pertexit.
1081 3851 1230 3924 Ald.,
1261 3851 1398 3916 Gis.,
1445 3850 1601 3924 ατη..
1643 3858 1879 3924 protexit.
1908 3851 2035 3924 Col-

456 3927 640 3979 dastus
672 3925 728 3978 in
759 3921 986 3978 hlanuali
1031 3923 1258 3984 biblico,
1299 3921 1542 3987 pertexit,
1569 3921 1706 3985 quod
1744 3935 1812 3974 ex
1842 3922 2031 3975 eodem

454 3996 708 4051 Goldasto
736 3997 788 4047 in
818 4002 962 4048 textu
996 3993 1247 4046 indicavit
1272 3991 1548 4045 Weitzius.
1577 3991 1866 4044 Alexanclr.
1898 4006 2036 4060 quo-

455 4083 561 4136 quo
590 4066 836 4136 pertexit,
868 4072 926 4136 ut
952 4065 1085 4115 alios
1108 4060 1613 4136 omittam._(}_ulmen
1641 4061 1924 4136 aliquando
1947 4075 2036 4136 su-

457 4131 624 4191 mitur
668 4150 766 4204 pro
809 4134 902 4189 vili
949 4148 1101 4194 casa.
1150 4144 1206 4186 ut
1249 4132 1387 4200 apud
1431 4131 1708 4204 Virgilium
1753 4131 1938 4204 ecloga
1965 4132 2031 4204 _t,

455 4199 714 4272 Pauperis
743 4215 790 4258 et
829 4205 1002 4274 tuguri
1042 4213 1336 4274 congestum
1366 4199 1552 4274 cespite
1578 4203 1797 4274 culmen.
1842 4199 2036 4274 Confer

454 4269 788 4348 not.'hymn.
817 4275 840 4327 1
877 4269 1067 4342 Cath.,
1097 4269 1239 4328 vers.
1279 4271 1374 4337 14,
1415 4269 1621 4327 δἰαηιεε
1653 4271 1745 4325 sub
1783 4273 1896 4341 ipso
1924 4269 2036 4325 cul-

455 4347 610 4398 mine.

537 4417 619 4470 15.
650 4413 710 4468 In
745 4413 918 4478 Val|.,
959 4414 1147 4482 gaudia
1192 4413 1373 4478 tarda,
1405 4420 1458 4466 et
1497 4424 1594 4480 pro
1638 4409 1848 4466 diversa
1895 4411 2033 4465 scri-

452 4493 612 4555 ptn_ra
641 4499 776 4555 sera.

527 4553 738 4608 Titulus
779 4554 832 4610 5.
879 4551 1122 4622 Plerique
1174 4552 1398 4622 optimi,
1448 4550 1836 4606 Monumentum
1881 4551 2032 4608 Sorae

457 4625 744 4693 pro‘titulo
768 4625 822 4687 5,
851 4623 952 4677 nisi
980 4621 1118 4692 quod
1149 4621 1387 4693 nonnulli
1416 4623 1656 4693 scribunt
1683 4622 1878 4693 Same.
1912 4622 2031 4676 Vat.

455 4691 522 4756 it,
557 4693 636 4747 De
665 4695 884 4763 Abraam
907 4701 952 4746 et
975 4691 1099 4762 agro
1123 4703 1314 4763 empto.
1345 4692 1534 4761 Aldus,
1567 4691 1822 4745 Abraham
1851 4708 2034 4763 agrum

453 4764 658 4816 emisse.
689 4761 884 4816 Cenes.
906 4761 1051 4816 nui.

530 4836 620 4887 t7.
652 4832 874 4896 Weiiz.,
905 4833 1040 4895 Gis.,
1073 4843 1348 4894 mercatur,
1377 4847 1497 4886 cum
1539 4831 1650 4886 Pal.
1683 4839 1738 4885 et
1780 4830 2034 4888 Goldasto

451 4901 690 4956 Weitsii.
721 4903 916 4969 Scripti
960 4905 1068 4956 lere
1111 4918 1299 4956 omnes
1346 4912 1615 4963 mercatus,
1649 4904 1740 4955 sed
1791 4903 1842 4955 in
1891 4919 2033 4955 non-

454 4977 614 5026 nullis
656 4973 912 5025 mendose
955 4973 1166 5026 additur
1209 4973 1426 5027 verbum
1475 4972 1864 5026 substantivum
1915 4982 1988 5026 est
2015 5011 2029 5033 ,

2207 2459 2295 2513 l9.
2326 2459 2383 2514 In
2423 2472 2530 2512 uno
2559 2457 2678 2511 Vat.
2718 2455 2856 2525 apud
2886 2454 3070 2522 Teol.,
3098 2453 3194 2508 hoc
3231 2455 3310 2507 illi
3345 2452 3567 2506 millibus
3607 2469 3710 2508 em-

2173 2535 2301 2582 tum.

2135 2545 2301 2651 Maii:
2333 2598 2467 2650 Vall.
2499 2604 2686 2651 contra
2717 2605 2943 2650 metrum
2961 2635 2976 2657 ,
3005 2593 3290 2662 sepulcrum
3319 2607 3414 2661 pro
3441 2594 3706 2661 spctatam.

2134 2665 2343 2719 Favilla
2367 2682 2465 2736 pro
2496 2664 3152 2736 dreftlnctorttm,iqnoruin
3177 2678 3399 2736 corpora
3428 2678 3530 2736 non
3562 2678 3709 2736 cotu-

2133 2731 2414 2799 huruntur,
2441 2735 2682 2804 reliquiis
2708 2735 2832 2788 alibi
2853 2735 3009 2788 etiam
3037 2747 3064 2783 a
3096 2743 3246 2804 poeta
3273 2733 3547 2804 accipitur.
3576 2731 3707 2804 V_i_de

2134 2805 2287 2860 Cath.
2322 2801 2575 2875 hymnum
2611 2804 2764 2858 Omni
2803 2821 2924 2870 ora,
2952 2818 3091 2858 vers.
3139 2803 3260 2867 100,
3289 2811 3342 2856 et
3381 2802 3562 2873 ltytnu.
3596 2801 3702 2855 Esto

2131 2877 2377 2945 sequiar.,
2405 2893 2548 2932 vers.
2579 2875 2700 2945 142A.

2209 2947 2414 3001 Titulus
2461 2947 2493 3002 6
2531 2954 2617 3001 est
2659 2943 2926 3000 Somnium
2979 2943 3262 2996 Pharaonis
3307 2941 3362 2997 in
3413 2942 3701 3008 plerisque.

2135 3017 2330 3082 Aldus,
2365 3017 2569 3070 Pharao
2616 3017 2870 3070 somnium
2915 3016 3114 3068 vidisse.
3151 3015 3266 3065 Vat.
3304 3015 3376 3076 Ι),
3421 3012 3493 3064 De
3528 3029 3705 3065 somno

2135 3086 2446 3142 Pharaonis.
2491 3089 2669 3144 Adisis
2713 3085 2936 3141 Genesis
2982 3101 3100 3154 cap.
3148 3099 3228 3137 ut
3273 3094 3328 3138 et
3378 3087 3628 3152 hymnum
3672 3083 3704 3135 6

2132 3157 2313 3219 Cath.,
2341 3173 2481 3213 vers.
2511 3158 2601 3216 57.

2203 3227 2292 3282 2i.
2329 3228 2383 3282 In
2417 3228 2561 3288 Βτη..
2587 3227 2770 3294 Prag.,
2801 3225 3055 3280 Goldasto
3081 3223 3220 3290 apud
3243 3221 3700 3294 Weitzittm,_Vat.

2134 3311 2239 3349 uno
2264 3299 2401 3365 apud
2430 3297 2604 3364 Teol.,
2629 3290 2780 3367 spica:
2816 3304 2864 3348 et
2907 3310 3096 3367 vaccis,
3121 3294 3280 3367 __quod
3307 3294 3492 3367 _tenuit
3535 3290 3705 3367 weit-

2136 3367 2270 3419 zius.
2301 3362 2354 3422 lu
2388 3362 2608 3437 reliquis
2632 3362 2802 3438 spirat,
2829 3380 3010 3419 vacca.
3036 3362 3196 3427 Va!l.,
3237 3364 3389 3431 spica
3414 3373 3462 3417 et
3500 3365 3704 3416 totidem

2136 3451 2320 3491 vacem.

2202 3506 2292 3560 22.
2326 3506 2594 3560 Gise'inus
2618 3505 2696 3576 ad
2729 3520 2909 3570 oram,
2951 3506 3254 3576 portendunt
3290 3505 3408 3556 visie
3443 3519 3531 3571 per
3569 3517 3701 3555 som-

2137 3592 2282 3629 num.
2316 3577 2384 3630 lta
2413 3575 2720 3630 Sichardus.

2203 3647 2293 3698 23.
2319 3645 2374 3698 lu
2402 3646 2566 3713 Bong.
2593 3657 2647 3699 et
2679 3645 2792 3698 Vat.
2821 3645 2869 3708 l,
2894 3656 3000 3698 tum
3033 3661 3124 3706 pro
3154 3645 3277 3698 duo.
3304 3643 3358 3696 In
3386 3643 3516 3696 Mar.
3544 3642 3706 3696 etiam

2134 3714 2293 3780 dum,
2333 3716 2414 3768 vel
2456 3725 2594 3778 tum,
2625 3729 2783 3784 supra
2814 3715 2939 3772 duo.
2981 3717 3081 3769 Pro
3122 3715 3286 3767 uberis
3324 3713 3437 3766 Vat.
3467 3714 3510 3766 Α
3537 3715 3708 3766 verbe-

2134 3786 2226 3847 ris,
2258 3785 2534 3838 mendose.

2203 3854 2296 3908 24.
2327 3853 2438 3907 Hoc
2476 3853 2635 3908 etiam
2677 3853 2972 3920 saepissime
3011 3868 3038 3904 a
3087 3852 3376 3906 Prudentia
3415 3851 3701 3916 usitatum,

2135 3933 2192 3992 ut
2222 3923 2492 3977 Christum
2531 3939 2629 3992 pro
2676 3924 2811 3983 Deo.
2853 3932 2908 3977 et
2935 3922 3107 3977 Verbo
3133 3924 3524 3989 divinoponat.
3572 3920 3708 3974 Vide

2136 3991 2296 4047 Catii.
2324 3994 2507 4063 hymu.
2535 3991 2603 4058 λι,
2633 4007 2775 4047 vers.
2808 3993 2898 4049 68.

2206 4059 2429 4117 Tituli'i
2465 4064 2658 4117 lemma
2697 4063 2746 4115 itt
2798 4064 3078 4129 plerisque,
3123 4062 3162 4114 Α
3217 4059 3458 4128 fratribus
3504 4060 3708 4128 agnitus

2135 4132 2360 4202 Ioseph,
2386 4133 2469 4187 Vel
2502 4132 2694 4205 Ioseph
2715 4151 2764 4205 a7
2786 4134 3025 4205 fratribus
3059 4134 3292 4205 agnitus;
3325 4133 3431 4205 huc
3467 4131 3704 4205 secundo

2137 4200 2297 4257 modo
2343 4205 2538 4258 habent
2566 4200 2710 4258 Vati.
2749 4204 2809 4268 Β,
2838 4205 2888 4267 l,
2923 4200 3111 4263 Μελ,
3138 4203 3292 4264 Man,
3325 4201 3445 4254 Rat.
3493 4200 3547 4252 In
3589 4200 3705 4252 Vat.

2137 4273 2204 4336 D,
2233 4274 2310 4329 De
2337 4275 2551 4345 Iosephi
2576 4275 2862 4329 venditione
2888 4291 2920 4327 a
2947 4273 3208 4343 fratribus.
3248 4272 3480 4326 Consule
3510 4269 3706 4323 Cenes.

2135 4357 2257 4410 cap.
2289 4361 2430 4400 Lstv.
3607 4353 3613 4360 '

2124 4444 2126 4447 -
2205 4415 2296 4471 25.
2329 4415 2452 4469 Vat.
2485 4415 2546 4482 Β,
2573 4414 2824 4470 venditur.

2208 4485 2302 4540 26.
2342 4485 2459 4539 Vat.
2503 4479 2575 4549 Α,
2610 4485 2778 4547 male,
2817 4485 2870 4536 in
2913 4483 3059 4536 terris
3101 4499 3268 4537 sacco.
3319 4481 3511 4543 Fabr.,
3561 4479 3710 4544 PaL,

2136 4553 2347 4609 Cratera
2375 4555 2430 4608 in
2453 4555 2629 4623 fratris
2657 4570 2824 4608 sacco.
2854 4551 3111 4607 Weilzius
3137 4562 3387 4606 crateram
3423 4565 3544 4604 cum
3575 4549 3705 4623 Urb.

2135 4625 2405 4681 Giselinus
2431 4620 2550 4680 cum
2584 4623 2841 4678 Goldasto
2885 4625 2935 4676 in
2967 4623 3191 4677 Manuah
3225 4623 3418 4676 biblico
3448 4631 3504 4675 et
3530 4620 3711 4674 multis

2137 4710 2268 4750 mss.
2292 4705 2446 4760 vett.,
2473 4703 2698 4748 cratera.
2730 4695 2894 4748 Aldus
2921 4709 3132 4762 quoque
3159 4703 3375 4756 cratera,
3407 4701 3462 4744 et
3489 4707 3516 4743 a
3549 4691 3712 4762 Weit-

2136 4766 2220 4818 zio
2253 4766 2512 4833 allegatur
2560 4779 2662 4836 pro
2699 4764 2874 4836 fratris
2907 4780 3092 4828 sacco;
3135 4765 3272 4831 apud
3321 4779 3407 4816 me
3459 4761 3710 4836 ha_bet_in

2137 4837 2294 4905 farris
2341 4830 2508 4889 sacco.
2537 4830 2760 4889 Codices
2812 4835 2951 4888 Vatt.
2997 4830 3351 4896 recentiores,
3400 4842 3456 4882 ut
3512 4833 3577 4890 l),
3632 4830 3706 4905 ᾗ,

2136 4899 2225 4960 ΆΑ
2253 4915 2308 4958 et
2335 4907 2460 4971 alii,
2502 4908 2555 4959 in
2586 4907 2761 4973 fratris
2790 4921 2958 4959 sacco.
3002 4905 3139 4968 Alii,
3170 4906 3320 4974 furris
3363 4917 3540 4974 sacco,
3573 4899 3674 4974 nt_l
3695 4937 3709 4959 ,

2135 4977 2202 5039 Ο.
2241 4975 2295 5029 In
2329 4969 2453 5028 Vat.
2483 4976 2555 5039 D,
2584 4969 2639 5031 et
2669 4975 2890 5037 Vallic.,
2931 4977 2984 5027 in
3031 4969 3179 5029 sacco
3227 4974 3420 5042 fratris.
3470 4969 3588 5022 Vat.
3638 4969 3710 5030 Β,

455 5059 578 5095 nam
611 5051 881 5096 mercatus
903 5057 1085 5112 agrum
1112 5043 1307 5096 dicitur
1336 5057 1429 5108 per
1449 5041 1808 5116 epexegesim.
1831 5041 2028 5116 Contra
2067 5112 2099 5116 Α
2139 5045 2296 5116 Mar.,
2320 5046 2462 5116 ΒΜ...
2491 5045 2670 5116 Prag.,
2703 5045 2966 5101 Craterum
2990 5046 3042 5098 in
3070 5047 3224 5112 farris
3249 5059 3413 5116 sacco.

457 5122 686 5183 metrum
719 5107 970 5183 vermes}
1009 5123 1257 5166 mercatus
1283 5121 1358 5166 est
1400 5107 1783 5182 agruquuod
1799 5112 1882 5183 fin
1929 5127 2036 5167 uno
2063 5112 2116 5173 D
2211 5107 2300 5170 27.
2334 5107 2636 5180 Heinsiani,
2660 5107 2796 5170 Mar.
2839 5131 2866 5166 a
2902 5107 3079 5183 prima
3109 5131 3297 5176 manu,
3331 5111 3454 5183 lErb.
3475 5151 3490 5174 ,
3535 5107 3711 5183 Alcxf.

458 5181 577 5234 Vat.
608 5182 810 5236 invenit
838 5181 1074 5237 Teolius.
1104 5184 1349 5237 Heinsius
1377 5181 1496 5236 cum
1530 5183 1761 5246 Thuan.,
1795 5182 1948 5249 Egm.
1977 5192 2034 5236 et

455 5253 728 5306 nonnullis
766 5252 917 5316 aliis,
945 5257 1025 5305 cui
1061 5255 1324 5315 conderet,
1352 5253 1493 5321 quod
1541 5251 1710 5306 Aldus
1752 5267 2036 5320 expresse-

455 5331 560 5394 rat.
593 5322 1034 5394 Noswiplerique
1062 5339 1181 5394 quo,
1211 5334 1271 5376 ut
1301 5323 1456 5394 Man,
1480 5321 1840 5394 Bat.,i_Prag.,
1871 5321 2031 5383 Val|..

454 5392 602 5446 Vatt.
643 5392 742 5446 let
775 5392 838 5444 Υ.
874 5392 928 5446 lu
962 5392 1079 5445 Vat.
1111 5393 1184 5458 D,
1216 5395 1269 5445 in
1312 5392 1432 5461 quo.
1479 5392 1532 5445 In
1578 5392 1698 5444 aliis
1741 5401 1918 5446 tamen
1952 5403 2035 5446 est

451 5464 570 5528 cui,
607 5472 664 5516 ut
704 5463 860 5516 Alex.
887 5473 939 5516 et
968 5462 1087 5517 Vat.
1116 5464 1184 5515 A.
1229 5464 1398 5516 Etiam
1432 5463 1481 5515 in
1529 5462 1794 5516 nonnullis
1838 5465 2034 5516 nosuis

452 5541 541 5586 est
584 5543 842 5585 mercatur
876 5547 904 5584 a
947 5533 1179 5585 secunda
1228 5547 1417 5594 manu,
1461 5533 1665 5586 scilicet
1711 5533 1762 5585 iu
1808 5531 1934 5584 Mar.
1981 5541 2036 5586 et

456 5603 582 5656 But.
614 5602 829 5656 Teolius
857 5603 1020 5656 edidit
1045 5617 1162 5671 quo,
1199 5603 1293 5658 sed
1342 5604 1393 5656 in
1436 5603 1574 5656 notis
1614 5601 1680 5656 ad
1729 5603 1869 5657 hunc
1909 5617 2029 5656 ver—

451 5687 576 5725 sum
621 5680 676 5726 et
717 5673 784 5726 ad
831 5686 973 5728 vers.
1018 5672 1121 5727 105
1166 5671 1604 5743 Psychomacbize
1632 5671 1840 5728 videtur
1889 5687 2031 5742 prte-

452 5743 599 5796 ferre
625 5741 727 5794 cui.
1119 5744 1129 5754 '

473 5756 599 5796 erre
625 5757 727 5794 ειη.

2144 5186 2288 5239 Vatt.
2316 5186 2393 5252 Α,
2418 5186 2469 5250 l,
2497 5177 2772 5249 W‘eiizius,
2804 5177 2971 5241 Gisel.
2996 5186 3060 5238 ad
3088 5199 3264 5244 oram,
3303 5182 3510 5257 Vallic.,
3543 5177 3712 5257 auctio

2143 5260 2352 5325 fallax,
2381 5251 2558 5320 quam
2609 5257 2888 5311 lectionem
2957 5258 3182 5324 probant
3230 5251 3388 5305 verba
3438 5251 3711 5325 sequentis

2147 5318 2346 5398 versus:
2373 5318 2618 5398 veniaque
2663 5318 2978 5398 pudescunt,
3011 5339 3201 5398 nctnpe
3226 5327 3380 5398 venia
3409 5337 3438 5372 a
3479 5318 3714 5384 .Iosepho

2141 5397 2262 5449 data
2290 5396 2360 5448 oh
2387 5393 2688 5450 auctionem
2717 5412 2812 5449 seu
2837 5395 3193 5448 venditionem
3226 5393 3412 5458 ipsius,
3440 5400 3712 5458 qumtttuc

2142 5465 2351 5534 prodita
2382 5466 2473 5519 fu:l
2507 5476 2561 5520 et
2585 5468 2943 5520 manifestata.
2978 5465 3181 5532 Leguut
3210 5457 3706 5534 αξιεο-[ηιιαπ-νυιι.

2145 5527 2203 5594 Β.
2239 5536 2304 5599 1),
2348 5534 2422 5602 Ν,
2469 5535 2548 5601 Q.
2583 5537 2716 5590 Mar.
2752 5551 2780 5587 a
2824 5527 3076 5587 secunda'
3099 5547 3291 5596 manu,
3343 5527 3498 5592 liat.,
3532 5527 3709 5602 Pr:u_g.,

2137 5597 2339 5659 Widm.
2379 5597 2434 5659 et
2480 5597 2606 5670 alii,
2641 5608 2734 5675 qui
2776 5602 3081 5675 intelligunt
3126 5608 3422 5675 actionem,
3466 5613 3569 5675 (illa
3615 5597 3710 5675 ,ιρ-

2133 5678 2332 5799 paphos
2380 5667 2608 5740 fratres,
2652 5667 2728 5730 rei
2769 5667 3235 5744 gesta'ignaros,
3276 5667 3581 5744 aliquandiu
3630 5667 3710 5721 leo

2154 5761 2184 5799 e
2225 5762 2238 5798 I
2272 5781 2288 5799 .
