4154 6188
357 384 456 442 ll?)

539 591 830 646 Hibernutn
862 589 1076 655 pelagus
1099 587 1206 653 jam
1232 595 1343 639 rate
1363 585 1524 640 debili

543 684 607 736 Et
637 681 744 732 vim
775 678 1032 744 navifragi
1063 677 1354 746 pertulerat
1382 678 1511 730 noti.

361 777 428 832 itl
536 773 640 830 Sed
668 789 789 826 cum
819 769 1038 825 caerulei
1069 769 1246 837 pra-lia
1278 769 1502 837 gurgitis

543 865 798 921 iussisset
829 860 1038 916 Domini
1069 859 1260 914 dextra
1288 860 1584 928 quiescere,

545 957 622 1012 Ad
655 964 869 1024 portum
902 951 1112 1005 ﬂuitans
1140 949 1330 1020 cymba
1353 950 1632 1016 relabitur,

547 1045 888 1115 Exponitquc
914 1042 1034 1096 solo
1063 1041 1259 1094 littoris
1288 1039 1432 1094 uvidi

549 1138 863 1192 Contractus
885 1135 1066 1204 pluvio
1096 1132 1292 1202 frigore
1321 1132 1570 1200 remiges.

367 1235 434 1287 i5
547 1233 693 1285 Tune
720 1229 788 1283 de
810 1226 1034 1281 littoreis
1060 1223 1274 1291 sepibtts
1291 1223 1450 1293 algidi

549 1327 802 1374 Arentum
827 1331 1050 1386 propere
1071 1315 1288 1369 brachia
1317 1315 1594 1382 palmitum

547 1411 893 1470 Convcetant.
926 1408 1140 1476 rapidos
1161 1407 1301 1462 unde
1331 1405 1478 1460 focos
1508 1417 1735 1460 struant.

553 1503 774 1556 Fasccm
803 1501 1025 1569 quisque
1053 1514 1206 1553 suum
1236 1499 1478 1569 congerit
1504 1498 1733 1568 ignibus,

550 1598 881 1664 Erspectans
906 1594 1060 1647 calidi
1091 1593 1352 1646 luxuriam
1377 1592 1515 1662 rogi.

373 1693 448 1748 20
553 1689 770 1754 Paulus,
800 1687 926 1741 dum
960 1687 1170 1754 fragiles
1191 1699 1386 1753 cogere
1413 1683 1676 1746 surculos,

547 1779 708 1854 ωι
739 1779 801 1833 Ει
823 1777 1050 1832 densere
1077 1776 1176 1830 l'oci
1195 1776 1501 1844 congeriem
1532 1776 1731 1830 studet.

541 1873 827 1926 .lncautam
849 1868 1079 1924 cumulis
1105 1868 1332 1923 inseruit
1353 1884 1564 1922 manum
1580 1909 1596 1934 ,

559 1961 818 2028 l‘brpebat
845 1959 1018 2029 glacie
1041 1957 1188 2027 pigra
1213 1958 1300 2012 tibi
1325 1957 1532 2025 vipera,

551 2054 848 2107 Sarmentis
871 2052 1090 2121 laqueos
1111 2049 1356 2118 corporis
1386 2048 1687 2118 implicans.
1749 2047 1752 2050 ’

375 2146 447 2202 ‘25
553 2148 686 2210 ,uuze
719 2151 997 2210 postquam
1041 2141 1268 2208 intepuit
1303 2138 1487 2194 fomite
1510 2140 1708 2204 fumeo,

553 2233 880 2302 Lasaritque
909 2231 1062 2286 ferox
1091 2230 1228 2285 colla
1259 2229 1504 2300 rigentia,

1173 379 1376 434 LIBER
1431 380 1444 432 I
1493 379 1768 435 CONTRA
1813 378 2264 435 SVMMACIIUM.
2306 408 2377 418 —
2419 376 2805 432 PRAEFATIO.

529 499 694 570 690
716 495 882 550 Actus
914 495 1212 550 turbinibus
1243 495 1380 549 forte
1412 496 1741 564 nigerrimis,
1967 501 2020 558 Α

3519 377 3614 430 lli

2223 498 2338 554 Jam
2371 497 2512 554 ﬂecti
2544 497 2734 560 facilis.
2763 495 3049 551 rettulitatl
3081 510 3292 548 manum

2231 589 2447 644 Vibrato
2479 589 2655 656 capite
2684 588 2884 655 spicula
2915 587 3172 640 dentium.

2227 687 2526 740 llazrenlem
2558 684 2705 750 dgili
2736 685 2957 736 vulnere
2981 683 3266 736 mordicus.

2049 777 2120 832 50
2229 775 2665 844 Pendenlentque
2695 789 2884 842 gerens
2917 773 3109 826 Paulus
3131 769 3413 826 inhorruit.

2231 865 2538 920 Exclamant
2570 861 2678 926 alii,
2713 863 2851 932 quod
2875 873 2997 916 cute
3043 862 3196 915 'iridi

2231 958 2390 1011 Virus
2420 956 2750 1010 mortiferum
2782 971 2996 1012 serpere
3028 955 3331 1010 crederent.

2230 1047 2300 1101 At
2320 1061 2426 1100 non
2467 1043 2790 1110 intrepidum
2823 1045 3312 1109 ιο·1’1’‹ἸΑῙὶοεΙοὶιιιιὶ

2231 1139 2420 1194 Tristis
2446 1147 2552 1192 tam
2584 1137 2743 1190 subiti
2776 1137 2942 1190 forma
2979 1137 3220 1200 periculi.

2054 1231 2123 1286 '55
2235 1229 2502 1285 Attollens
2523 1227 2708 1282 oculos
2732 1269 2746 1292 ,
2778 1227 2952 1280 sidera
2992 1227 3244 1294 Suspicit,

2233 1321 2501 1375 Christum
2543 1321 2641 1372 sub
2678 1321 2836 1373 tacito
2869 1331 3082 1388 pectore
3105 1335 3462 1378 murmurans.

2231 1413 2396 1483 692
2427 1412 2832 1480 Excussumque
2860 1411 3042 1474 procul
3069 1410 3270 1466 decutit
3293 1412 3554 1482 aspidem.

2235 1503 2491 1570 Abiectus
2513 1501 2733 1555 coluber
2763 1501 3003 1555 verberat
3029 1515 3174 1562 acra,

2235 1597 2410 1662 Atque
2431 1593 2542 1647 oris
2565 1592 2727 1662 patuli
2763 1591 2922 1646 solvit
2941 1593 3206 1646 acumina.

2057 1689 2129 1742 40
2237 1686 2356 1741 Mox
2381 1685 2554 1738 omnis
2583 1685 2758 1738 Sanies
2782 1685 3000 1747 deserit,
3033 1693 3084 1738 et
3105 1683 3278 1749 dolor,

2238 1777 2350 1830 Ceu
2373 1776 2520 1830 nullo
2547 1775 2776 1830 laceram
2805 1775 3060 1840 vulnere,
3092 1775 3368 1830 dexteram

2237 1868 2584 1934 Siccatusqne
2617 1867 2755 1935 perit
2783 1867 3028 1934 vipereus
3051 1867 3227 1933 liquor

2245 1959 2482 2029 llydrum
2513 1957 2838 2026 prmripitcm
2868 1959 2991 2010 dum
3023 1967 3165 2012 rotat
3195 1958 3450 2026 impetus,

2241 2054 2502 2104 Arsurum
2531 2049 2718 2103 mediis
2751 2050 2930 2102 intulit
2961 2049 3190 2118 ignibus.

2063 2141 2132 2196 l5
2241 2139 2330 2195 Sic
2359 2155 2498 2194 nunc
2527 2149 2644 2208 post
2670 2139 2924 2204 hiemem,
2957 2141 3168 2210 vimque
3197 2140 3361 2197 trucis
3391 2140 3532 2205 freti,

2241 2233 2359 2300 Quo
2377 2231 2572 2302 iactata
2599 2232 2729 2286 ratis
2761 2243 2885 2286 tunc
2913 2232 3188 2302 sapientiae
3207 2244 3308 2298 εει,

1685 2383 1971 2442 GLOSSE
2013 2385 2350 2442 VETERES.

444 2497 500 2549 7.
527 2497 710 2560 Actus,
740 2505 944 2547 auc:sts.
969 2523 1037 2534 —
1066 2493 1418 2562 Turbinibus,
1463 2497 1839 2562 tempestatibus
1858 2541 1874 2564 ,
1908 2499 1950 2552 l.

443 2567 502 2620 8.
535 2566 822 2618 llibernum
843 2606 857 2627 ,
886 2575 1300 2631 tempestuosum.
1326 2595 1393 2604 -—
1424 2565 1618 2633 Debili,
1659 2567 1884 2633 infirma,
1913 2569 1952 2622 Ι.

445 2639 503 2690 9.
551 2634 860 2706 Navifragi,_
885 2635 1217 2706 naufragium
1248 2637 1500 2706 facientis.
1522 2665 1592 2676 —
1623 2636 1918 2692 Pertulerat
1937 2679 1952 2702 ,

379 2721 566 2776 passus
595 2714 689 2758 est.
723 2735 791 2746 -—
821 2704 961 2771 Noti,
992 2706 1146 2766 venti,
1182 2705 1216 2758 1.

446 2778 538 2830 10.
567 2776 750 2831 ΡΓῖΕΙίη
767 2819 786 2844 ,
811 2784 1167 2845 tempestatem,
1195 2777 1234 2832 Ι.

457 2848 544 2900 il.
575 2847 800 2912 Dextra,
847 2855 1088 2912 potestas,
1123 2847 1164 2900 l.

451 2917 534 2970 i2.
568 2918 792 2986 Cymba,
819 2917 1002 2986 cumba
1029 2915 1227 2984 Graece,
1250 2915 1439 2971 Latine
1465 2930 1654 2986 CYMBA,
1688 2917 1726 2969 Ι.

449 2987 534 3040 H.
567 2985 905 3058 contractos,
938 2985 1195 3058 fatigatos.
1228 3015 1300 3028 —
1329 2985 1540 3054 Pluvia,
1566 2987 1801 3058 pluviali,
1841 2987 1878 3041 1.

447 3058 540 3128 15.
566 3057 759 3128 Algidi,
787 3057 990 3128 frigidi,
1021 3059 1062 3110 Ι.

447 3127 538 3182 i6.
584 3125 834 3197 Propere,
859 3125 1184 3196 festinanter.
1213 3156 1280 3166 ——
1311 3125 1556 3192 Brachia,
1588 3137 1844 3182 sarmenta
1865 3167 1878 3192 ,
1915 3125 1957 3182 Ι.

449 3197 538 3251 18.
563 3197 837 3266 Coogerit,
865 3207 1140 3266 comportat
1163 3239 1176 3259 ,
1211 3197 1250 3251 Ι.

447 3267 538 3322 19.
569 3267 880 3332 Luxuriam,
909 3267 1295 3331 abundantiam,
1325 3268 1364 3322 l.

444 3339 540 3391 2|.
577 3337 910 3406 (Jungerietn,
940 3338 1226 3403 palmitum,
1255 3337 1296 3391 Ι.

443 3409 540 3462 24.
567 3409 808 3476 Laqueus
832 3409 1129 3475 implicans,
1159 3408 1412 3460 involvens
1431 3449 1444 3471 ,
1480 3428 1516 3462 I.

446 3478 822 3547 25.‘lntepuit,
853 3478 1085 3530 incoluit.
1113 3508 1182 3518 -—
1207 3478 1433 3540 Ftttnlte,
1467 3479 1602 3545 igne,
1633 3479 1670 3531 Ι.

445 3549 812 3674 26.lLasarit,
841 3550 1020 3603 erexit.
1047 3577 1116 3588 ——
1141 3549 1376 3616 Rigeutia
1399 3589 1414 3614 ,
1447 3558 1566 3602 ante
1603 3549 1816 3618 rigentia
1869 3549 1960 3617 fri-

445 3637 516 3674 re.
572 3661 587 3674 .

377 3636 516 3693 gare,
547 3636 587 3674 I.

2135 2499 2225 2553 27.
2255 2499 2480 2563 Facilis,
2513 2509 2626 2568 post
2651 2503 2903 2567 calorem,
2933 2503 2972 2559 Ι.

2133 2571 2224 2623 28.
2258 2569 2496 2636 Spicula,
2533 2573 2792 2634 acumina,
2829 2572 2865 2624 Ι.

2261 2638 2546 2762 Morldicus,
2573 2641 2898 2704 mordet-iter,
2927 2642 3076 2694 idest
3113 2658 3165 2696 in
3205 2645 3520 2708 mordenda;
3550 2648 3618 2699 ad

2135 2726 2151 2761 Γ
2187 2725 2326 2762 mm.
2385 2748 2398 2759 .
2963 2739 2967 2742 λ

2068 2725 2292 2762 vcromm
2311 2751 2326 2772 ,
2362 2725 2398 2762 ι.
2963 2739 2967 2742 ς

2145 2780 2233 2852 Si.
2265 2779 2447 2852 Quod,
2472 2794 2528 2832 eo
2549 2780 2704 2848 quod.
2727 2780 3010 2852 el.ivida,
3041 2781 3208 2848 nigra,
3241 2782 3398 2836 livore
3411 2781 3618 2852 plena,l

2149 2851 2236 2922 ω.
2267 2849 2619 2922 Mortiferutn,
2669 2850 2937 2905 trahendo.
2977 2881 3048 2892 —
3093 2851 3351 2922 Serpere,
3381 2849 3634 2917 crescere,

2066 2921 2187 2974 inde
2217 2937 2443 2987 serpens,
2471 2918 2509 2971 1.

2137 2992 2227 3045 36.
2261 2992 2614 3055 Murmurans,
2645 3005 2818 3054 orans,
2850 2991 2886 3044 1.

2137 3062 2227 3116 57.
2255 3061 2536 3184 ‘tlxspidem,
2567 3061 2772 3128 aspides
2801 3076 3037 3114 vocamus
3072 3076 3243 3115 omnes
3270 3071 3523 3132 scrpentes
3543 3065 3642 3116 mi-

2137 3148 2232 3184 res.
2289 3171 2302 3183 .

2065 3147 2232 3196 nores,
2263 3147 2302 3184 ι.

2133 3201 2224 3274 45.
2262 3201 2525 3266 lliemem,
2553 3210 2668 3271 post
2695 3202 3117 3268 persecutionem,
3145 3203 3262 3256 Vat.
3295 3206 3358 3258 Α.
3381 3203 3506 3258 Post
3533 3222 3644 3274 per-

2065 3273 2371 3346 secutionem
2397 3274 3026 3346 regumrtjmperatorum
3054 3274 3408 3346 grauissimam
3429 3289 3450 3328 :
3479 3273 3645 3346 figura

2069 3343 2302 3411 mystica.
2327 3373 2392 3382 --
2425 3341 2616 3396 Trucis
2643 3341 2784 3402 freti.
2817 3346 2984 3406 asperi
3011 3343 3208 3409 mundi,
3241 3343 3343 3398 Iso.

2137 3413 2224 3465 46.
2258 3412 2426 3474 Ratis.
2465 3413 2714 3478 Ecclesia,
2738 3413 2813 3466 vel
2844 3414 2969 3481 ﬁdes
2996 3423 3186 3468 sancta:
3216 3413 3493 3468 Ecclesiae:
3521 3416 3648 3469 alle-

2067 3483 2433 3556 gartzat,_gnit_l
2452 3483 2812 3556 signiﬁcaverit
2855 3484 2948 3536 illa
2978 3493 3265 3556 tempestas,
3292 3485 3417 3556 quid
3436 3486 3650 3556 dextera

2068 3569 2257 3675 ἓΐιξηε.
2281 3551 2469 3676 ll’auli,
2499 3553 2623 3617 quid
2670 3569 2870 3608 morsus
2907 3551 3178 3621 serpentis.
3219 3551 3646 3626 —'Sapientite.

2147 3635 2275 3676 mtt.
2329 3663 2342 3676 .

2147 3635 2275 3686 ma,
2303 3635 2342 3677 l.

1750 3775 2305 3834 COMMENTARIUS.

377 3915 608 3970 cationis
651 3913 998 3984 investigarit.
1029 3924 1081 3968 et
1109 3913 1340 3984 tradunt.
1386 3912 1514 3967 Vide
1561 3922 1851 3984 comment.
1895 3913 1960 3984 ad

379 4001 526 4039 vers.
555 3985 664 4039 448
705 3983 859 4052 hujus
905 3985 994 4038 lib.
1031 4000 1068 4047 ι,
1111 3995 1158 4037 et
1195 3983 1580 4036 Gothofredum
1613 3983 1677 4052 ad
1729 3983 1809 4035 tit.
1839 3983 1960 4036 cod.

377 4055 588 4108 Themi.
617 4056 686 4108 de
719 4051 962 4122 Pagaiih.
996 4057 1144 4121 Quod
1172 4055 1244 4106 ait
1273 4053 1592 4106 Prudentius
1625 4051 1734 4106 Deo
1763 4054 1960 4118 agnito,

378 4125 611 4180 fortasse
641 4127 850 4194 reSpicit
884 4125 1032 4179 Duuu
1065 4122 1740 4190 tcxowuAtheniensium,
1764 4122 1830 4178 de
1858 4138 1964 4192 quo

380 4199 431 4248 in
465 4194 616 4248 Actis
635 4197 1020 4262 apostolorum.
1123 4199 1130 4202 “

452 4267 509 4318 7.
537 4266 768 4318 llistoria
803 4265 917 4318 hac
947 4267 1178 4318 refertur
1204 4279 1322 4328 cap.
1352 4277 1493 4316 xxvn
1540 4273 1588 4316 et
1631 4279 1790 4318 xsvnt
1845 4267 1960 4318 Act.

379 4345 555 4394 apost.
595 4333 800 4402 Virgilii
831 4343 914 4388 est
964 4335 1364 4400 Tempestatibus
1406 4344 1570 4398 actus,
1611 4345 1664 4390 et
1718 4351 1772 4389 st
1817 4335 1967 4401 dim,

378 4404 550 4468 Nigro
575 4406 892 4458 circumdata
923 4407 1124 4458 turbine
1144 4423 1351 4466 (tn-pus.

449 4479 518 4550 9._
541 4475 727 4550 Progu
765 4475 892 4530 Urb.
925 4477 1065 4531 male
1107 4476 1389 4546 naufragii.
1418 4473 1470 4528 ln
1506 4475 1777 4530 nonnullis
1803 4475 1968 4546 vulg.,

376 4547 646 4614 naufragi,
669 4547 852 4599 contra
881 4555 1131 4601 metrum.

455 4617 544 4670 i0.
575 4617 789 4670 Poetit-e
817 4617 957 4669 venti
996 4617 1046 4669 in
1098 4616 1230 4669 mari
1273 4629 1496 4682 ceriare,
1542 4625 1595 4670 et
1627 4615 1855 4684 proeliari
1892 4615 1973 4671 di-

375 4697 602 4750 cuntur,
633 4687 773 4755 quod
803 4687 984 4740 multis
1008 4687 1266 4752 exemplis
1296 4698 1459 4754 patet.

455 4757 546 4810 t2.
577 4754 828 4809 Nonnulli
875 4757 1117 4810 scribunt
1145 4756 1346 4811 cumba.
1373 4757 1567 4812 Portus
1593 4756 1678 4810 hic
1707 4754 1971 4813 indicatus

377 4837 462 4880 est
497 4827 680 4880 insnla:
715 4826 1024 4882 Melitensis.

455 4897 540 4950 15.
579 4896 700 4950 Val.
731 4897 800 4966 A,
843 4905 1000 4964 mase,
1037 4895 1223 4952 littoris
1269 4900 1398 4950 solo.
1445 4895 1553 4952 Nec
1597 4897 1789 4952 melius
1817 4895 1972 4963 Urb.,

375 4969 590 5034 exponit
619 4969 750 5019 sola.

455 5038 545 5092 Η.
580 5037 830 5092 Heinsius
854 5037 972 5090 sine
1003 5037 1191 5090 idonea
1225 5040 1434 5092 ratione
1459 5038 1656 5092 mavult
1690 5047 1968 5102 contactos,

375 5109 456 5160 uti
503 5109 640 5171 apud
697 5107 972 5176 Virgilium
1019 5119 1074 5161 «ιι
1131 5107 1442 5162 Pluedrum.
1497 5109 1728 5176 Agnovit
1783 5117 1965 5175 postea

371 5179 524 5248 apud
555 5177 839 5231 [‘luedrum
871 5179 1030 5230 etiam
1077 5179 1178 5248 legi
1229 5177 1410 5231 Musca
1457 5189 1714 5232 contracta
1740 5179 1969 5248 frigore.

371 5247 536 5302 Teol.
563 5263 628 5301 es
656 5249 966 5315 conjectura
995 5247 1196 5301 lleinsii
1227 5249 1393 5302 edidit
1423 5257 1700 5302 contactos.
1735 5247 1972 5303 Praeces-

367 5327 526 5390 ser_at
545 5317 824 5390 cellarius.
857 5317 1097 5390 Plautium
1128 5318 1291 5384 frigus
1317 5318 1549 5390 hlarouis
1568 5328 1660 5374 est
1685 5333 1742 5373 tu
1770 5319 1966 5390 Georg.

457 5387 542 5441 l5.
577 5387 722 5452 Rat.,
753 5386 935 5456 Prag..
963 5387 1121 5454 Man,
1151 5405 1178 5439 ε
1198 5389 1434 5442 littoreis.

453 5458 569 5530 16.,
601 5459 824 5530 Brachia
878 5459 1074 5530 vitibus
1128 5459 1372 5515 attribuit
1421 5458 1604 5529 Virgil.
1655 5475 1693 5514 tt
1741 5457 1956 5530 Gecrg,

373 5528 527 5582 Tum:
551 5529 761 5582 brachia
793 5529 960 5581 tende.

449 5597 540 5670 19.
565 5599 704 5670 PaL,
738 5607 1054 5670 exspectant,
1081 5601 1256 5652 minus
1299 5599 1455 5656 bene.

442 5669 538 5740 9.0.
571 5669 765 5740 Εειιι.1
778 5669 1020 5740 pangere,
1049 5678 1321 5740 corrupte.

443 5739 540 5792 2|.
559 5737 927 5805 Ald.,Widtu.
946 5755 1126 5807 supra,
1149 5739 1337 5806 Bnng.,
1360 5739 1484 5794 Urb.
1500 5781 1515 5804 ,
1533 5741 1702 5808 vulg,
1719 5739 1954 5792 densere.

439 5809 536 5866 23.
561 5809 860 5878 Graugmus
889 5818 1060 5878 notat,
1088 5811 1304 5878 proprie
1327 5811 1563 5878 viperam
1591 5809 1838 5866 feminam
1869 5809 1956 5864 hic

2070 3915 2273 3986 vocari,
2305 3927 2424 3986 qua:
2447 3914 2766 3968 incuriosius
2783 3921 2968 3982 postea
2999 3913 3227 3986 coluber,
3243 3916 3646 3986 aspis,_ltydrus,

2067 3983 2519 4056 dicitur.Auctor
2543 3988 2664 4038 Act.
2696 3993 2868 4054 apost.
2902 3991 3056 4039 vocat
3097 3983 3313 4056 ἔχιδνα.
3337 3983 3543 4041 scilicet
3575 3991 3647 4040 vi-

2070 4069 2252 4124 peram
2284 4055 2558 4108 feminam.

2138 4124 2230 4179 24.
2268 4125 2384 4179 Vat.
2412 4127 2453 4178 A
2483 4141 2510 4176 a
2543 4123 2712 4192 prima
2746 4138 2930 4190 manu,
2955 4124 3168 4191 laqueis,
3211 4125 3370 4181 male.

2139 4197 2228 4251 54.
2263 4195 2397 4250 Ccll.
2431 4205 2486 4249 et
2516 4195 2755 4266 'l'eolius,
2795 4198 2928 4266 jam?
2955 4195 3128 4250 subiti.
3159 4195 3312 4251 Teol.
3353 4195 3420 4250 ad
3453 4209 3647 4266 marg,

2073 4276 2176 4318 tam
2205 4267 2376 4328 subiti,
2409 4265 2546 4336 quod
2575 4265 3039 4336 habentnlerique
3067 4265 3192 4320 edd.
3223 4273 3280 4320 et
3306 4281 3434 4320 mss.

2147 4337 2236 4390 55.
2269 4335 2494 4398 Ιιειιηὶιι
2536 4337 2735 4388 tollens.
2771 4335 2884 4390 Mos
2919 4335 3004 4388 hic
3041 4337 3316 4392 attollendi
3354 4335 3552 4391 lumina
3597 4336 3650 4391 in

2077 4409 2273 4461 caelum
2301 4408 2603 4461 communis
2642 4407 2800 4460 etiam
2829 4409 2946 4459 erat
2973 4405 3224 4462 ethnicis.
3245 4405 3389 4478 Virg.
3417 4422 3468 4462 tv
3495 4405 3648 4473 1En.,

2075 4479 2248 4530 oculos
2269 4478 2520 4532 attollere.

2152 4547 2240 4602 36.
2272 4545 2390 4599 Vat.
2425 4545 2490 4612 A,
2527 4559 2826 4616 perperam,
2861 4543 3142 4599 substracta
3168 4555 3387 4616 pectore.
3422 4543 3652 4600 Cbamil-

2078 4616 2260 4671 lardus
2287 4617 2424 4670 hanc
2462 4613 2676 4684 phrasin
2715 4613 2972 4669 Christum
3006 4613 3326 4672 murmurans
3371 4617 3511 4672 ferre
3547 4631 3651 4670 non

2001 4717 2054 4778 D
2079 4695 2272 4778 potes}.
2300 4685 2686 4778 IIa'chlt‘rasis,
2719 4685 2825 4778 ait,
2869 4685 3220 4778 tamJinsale'tts
3254 4689 3382 4740 mitti
3417 4687 3649 4778 videtur“,

2080 4767 2184 4810 tam
2206 4757 2337 4810 dura
2366 4771 2410 4810 et
2433 4757 2668 4819 barbara,
2698 4766 2750 4808 ut
2771 4756 2854 4808 via:
2880 4757 3086 4809 credam
3121 4757 3278 4810 alium
3297 4773 3357 4812 ea
3395 4771 3564 4810 usum.
3583 4755 3651 4808 At

2079 4842 2209 4882 vero
2241 4829 2271 4880 ll
2297 4827 2476 4880 solens
2497 4842 2601 4879 ιιι-η
2629 4835 2711 4879 est
2745 4826 2911 4892 accipi
2937 4827 3159 4880 verbum
3183 4825 3560 4882 murmurohac
3579 4825 3646 4878 si-

2076 4897 2449 4964 gnificatione.
2478 4896 2680 4950 scilicet
2711 4895 2958 4958 loquendi
2990 4898 3254 4952 submissa
3289 4911 3451 4962 voce,
3483 4893 3552 4947 ita
3595 4905 3650 4948 ut

2076 4983 2242 5022 sonus
2274 4967 2463 5035 aliquis
2494 4967 2768 5028 audiatur,
2816 4983 2920 5020 non
2950 4978 3124 5020 autem
3160 4967 3322 5021 verba
3353 4964 3644 5032 intelligan-

2078 5047 2183 5092 tur.
2215 5037 2437 5092 Oiidius
2463 5051 2511 5090 vt
2543 5036 2921 5104 Metamorplu,
2959 5036 3206 5106 Quodque
3230 5037 3363 5106 licet,
3390 5035 3542 5106 tacito
3568 5049 3650 5087 ue-

2077 5121 2324 5162 nerantur
2353 5123 2612 5160 murmure
2657 5123 2879 5170 numen;
2919 5118 2972 5160 et
3001 5107 3095 5166 lib.
3123 5104 3218 5172 'XI,
3247 5104 3444 5158 Flebile
3476 5105 3650 5173 lingua

2076 5177 2366 5232 Murmurat
2397 5178 2668 5231 exanimis.
2703 5178 2832 5232 Vide
2861 5177 3162 5248 Peristeph.
3207 5176 3392 5246 hymn.
3423 5176 3476 5242 1,
3505 5188 3647 5229 vers.

2077 5248 2165 5312 17,
2197 5249 2334 5302 Voce
2363 5265 2590 5302 murmur
2617 5249 2828 5316 fuderit.

2145 5319 2232 5372 ⁸57.
2267 5318 2385 5372 Vat.
2412 5321 2476 5380 A.
2509 5315 2685 5385 Egon,
2705 5317 2900 5386 Palat.,
2935 5319 3155 5373 discutit.
3183 5315 3429 5370 lleinsius
3458 5315 3643 5372 mallet

2075 5389 2292 5454 depulit.
2326 5390 2406 5441 vel
2431 5390 2662 5458 dispulit,
2691 5389 2810 5457 quia
2835 5390 3105 5456 prince-sit
3123 5386 3230 5454 jam
3259 5401 3542 5440 excussum.

2148 5461 2240 5514 58.
2273 5459 2393 5512 Vat.
2427 5461 2492 5522 A,
2523 5459 2746 5530 objectus
2767 5459 2992 5530 coluber.

2145 5531 2238 5584 lii.
2269 5531 2424 5590 Man.
2457 5529 2638 5584 contra
2667 5539 2917 5590 metrum,
2949 5529 3200 5581 drxtram.

2147 5602 2236 5655 42.
2275 5601 2391 5654 Vat.
2423 5603 2487 5660 A,
2523 5601 2730 5656 vitiose,
2765 5598 2970 5667 tvipreus
2998 5598 3180 5667 liquor.

2147 5671 2236 5725 46.
2270 5671 2417 5734 Ald.,
2452 5669 2580 5722 Mar.
2621 5681 2655 5737 a
2697 5665 2864 5733 prima
2914 5665 3094 5736 manu,
3143 5667 3260 5722 Rat.
3319 5682 3414 5737 pro
3443 5666 3648 5721 diversa

2077 5739 2226 5814 lect.,
2259 5739 2535 5814 sapientia.
2570 5735 2695 5814 A_lii,
2729 5739 3034 5814 sartietttim;
3081 5738 3174 5796 scd
3222 5735 3402 5796 lleiits.
3451 5737 3666 5792 nullant'

2067 5805 2376 5865 varietatem
2403 5805 2796 5862 animadvertit.
2967 5805 2974 5816 “
