4154 6188
295 376 374 430 117
1432 368 1585 424 IBER
1626 369 1645 423 l
1684 367 1854 423 CONT

1993 366 2444 424 SYMMACRUM.

296 491 347 542 83
439 483 599 554 695
632 483 958 551 Praerupttm
987 482 1039 536 in
1068 479 1271 536 loream
1304 482 1591 551 prmeipitis
1622 482 1739 535 viri.

444 578 620 643 Spirat
644 574 922 642 sacrilegis
944 572 1149 627 ﬂatibus
1177 572 1394 636 inscius,

448 668 775 735 Erroresque
803 678 932 719 suos
960 662 1202 717 indocilis
1230 664 1385 718 fovet.

3422 366 3541 423 118ῖ

2124 481 2398 546 (lbtestor,
2424 477 2634 550 jubeas,
2665 498 2735 537 ne
2764 492 2901 537 cttus
2928 484 3157 551 impetus

2128 574 2383 627 Arsurum
2410 574 2593 628 mediis
2618 574 2801 629 inierat
2835 575 3061 643 ignibus.

1560 750 1845 813 GLOSSE
1887 748 2221 804 VETERES.

351 876 427 927 83.
465 870 771 939 Praecipitis,
802 868 1047 931 cadentis,
1078 868 1119 922 1.

350 945 427 999 86.
455 944 651 1011 Spirat,
679 950 889 1010 pugnat,
921 939 961 992 Ι.

2022 869 2110 923 87.
2148 866 2332 927 Fovet,
2364 866 2543 926 nutrit,
2575 865 2613 918 1.

2022 939 2109 993 88.
2148 936 2420 999 Obtcstor,
2450 952 2595 1006 rogo,
2624 946 2696 999 ut,
2730 934 2771 989 1.
2809 934 3013 1000 Precor,
3050 935 3167 990 Rat.

1597 1026 2153 1082 COMMENTARIUS.

350 1124 559 1194 87.Vat.
574 1124 613 1177 A
627 1138 655 1177 a
672 1123 839 1194 prima
868 1138 1029 1178 manu
1048 1133 1318 1194 corrupte.
1334 1122 1639 1176 indocibilis.
1660 1123 1849 1176 Diver-

294 1208 391 1247 sam
413 1193 491 1247 vel
546 1192 721 1260 potius
769 1194 1094 1248 contrariam
1140 1192 1587 1260 significationem
1636 1194 1847 1247 videtur

296 1264 477 1333 haltere
514 1263 749 1316 indocilis
781 1264 964 1333 hymn.
996 1266 1027 1317 5
1053 1262 1231 1325 Catlt.,
1256 1278 1400 1316 vers.
1445 1264 1565 1333 111.

353 1334 431 1386 89.
464 1332 614 1385 Redit
647 1335 711 1385 ad
742 1332 881 1388 vers.
910 1333 999 1397 44,
1029 1337 1294 1396 Arsurum,
1325 1342 1429 1386 etc.
1466 1334 1517 1385 In
1549 1332 1702 1397 Man,
1743 1332 1848 1385 Ea:-

296 1404 418 1470 plicit
444 1402 701 1469 metatio.
746 1403 818 1455 De
848 1418 1006 1455 causa
1061 1417 1189 1456 vero
1229 1418 1326 1455 cur
1375 1403 1697 1456 Prudentius
1748 1402 1846 1454 hos

295 1477 408 1527 duos
430 1472 595 1524 libros
615 1481 799 1525 co-otra
822 1472 1196 1541 Symmachum
1221 1472 1519 1537 scripserit,
1546 1487 1846 1540 quanquam

293 1543 482 1595 animus
519 1551 602 1595 εει
633 1541 850 1595 uberius
878 1542 1006 1596 olim
1047 1541 1371 1604 disserendi,
1397 1556 1559 1609 pauca
1598 1556 1737 1594 nunc
1767 1541 1851 1595 di-

294 1628 412 1665 cam.
444 1614 711 1678 Angustus
738 1620 856 1673 post
880 1613 1149 1665 Actiacam
1171 1626 1396 1679 pugnam
1425 1612 1626 1665 curiam
1656 1611 1848 1665 Juliam

295 1684 339 1735 iit
380 1683 628 1734 honorem
680 1680 805 1734 Julii
833 1680 1060 1734 Cmsaris
1089 1681 1373 1742 exstruxit,
1406 1682 1459 1734 in
1489 1695 1657 1749 eaque
1685 1682 1851 1734 collo-

292 1753 411 1803 cavit
430 1761 657 1803 statuam
690 1760 743 1803 et.
771 1766 917 1803 aram
973 1750 1222 1805 Victoria;
1246 1791 1261 1814 ,
1305 1761 1361 1803 ut
1400 1758 1677 1804 senatores
1720 1752 1849 1807 illuc

294 1822 657 1874 convenientes
698 1822 850 1873 thure
897 1835 958 1873 ac
1016 1836 1163 1874 mero
1215 1820 1594 1886 supplicarent.
1639 1821 1850 1875 Primus

292 1891 619 1943 Constantius
660 1891 998 1943 Constantini
1039 1890 1210 1958 Magni
1245 1892 1386 1943 lilius
1414 1904 1531 1944 eam
1583 1907 1729 1944 aram
1761 1891 1846 1944 di-

293 1962 407 2013 ruit:
433 1976 536 2012 non
574 1961 643 2013 ita
679 1962 844 2012 multo
876 1970 988 2027 post
1022 1961 1261 2025 reposuit
1296 1960 1538 2013 Julianus
1571 1965 1846 2025 Apostata,

293 2045 373 2083 nec
406 2030 657 2083 Iovianus
683 2040 736 2083 et
763 2030 1161 2083 Valentinianus
1187 2030 1401 2087 Seuior.
1426 2030 1715 2083 Christiani
1750 2031 1851 2083 iu:-

293 2112 568 2165 potatores
604 2108 964 2153 removerunt.
1000 2099 1306 2162 Gratianus,
1362 2099 1719 2153 Valentiniani
1752 2100 1847 2154 Se-

291 2171 433 2222 nioris
486 2169 680 2234 Filius,
724 2185 826 2223 neu
871 2172 1042 2222 solum
1074 2169 1334 2237 ejusmodi
1366 2184 1510 2222 aram
1543 2170 1729 2234 diruit,
1754 2185 1846 2225 ve-

292 2255 393 2291 rum
412 2241 573 2292 etiam
598 2239 969 2293 sacerdotibus
1000 2239 1286 2305 gentilibus
1323 2237 1576 2293 Romanis
1596 2254 1658 2293 ac
1686 2240 1849 2307 virgi-

290 2310 424 2361 nibus
449 2308 630 2362 Vestal
656 2310 751 2363 bus
770 2310 1125 2364 emolumenta
1159 2310 1399 2377 priestari
1422 2310 1576 2362 solita
1611 2325 1763 2378 negti
1782 2311 1841 2365 it.

291 2379 793 2446 Symmachus-anno
822 2381 927 2433 582
957 2380 1230 2447 gentilium
1280 2388 1587 2433 senatorum
1629 2381 1846 2435 nomine

291 2462 421 2500 aram
448 2448 617 2502 Victo
636 2450 701 2502 ire
727 2463 777 2499 et
801 2452 1157 2502 emohnnenta
1183 2449 1517 2502 sacerdotum
1568 2450 1777 2503 restitui
1815 2466 1846 2503 a

290 2516 526 2571 Gratiano
559 2518 876 2585 postulavit;
904 2520 997 2574 sed
1034 2520 1289 2573 Damasus
1319 2518 1550 2584 pomifer
1579 2519 1847 2574 Romanus

291 2587 346 2639 ad
385 2588 720 2642 Ambrosium
765 2589 1213 2643 Mediolanensem
1255 2590 1565 2657 episcopum
1608 2588 1846 2642 libellum

289 2657 498 2723 plurium
530 2668 846 2712 senatorum
867 2659 1289 2714 Christianorum
1322 2660 1483 2721 misit,
1506 2659 1594 2727 qui
1635 2659 1765 2711 nihil
1788 2673 1848 2713 se

290 2727 380 2778 lale
406 2729 662 2783 mandare
690 2730 1046 2782 afﬁrmabant.
1075 2729 1274 2796 Itaque,
1313 2739 1503 2798 agente
1537 2728 1843 2794 Ambrosio,

1950 1121 2305 1190 Symmachus
2334 1136 2397 1174 ne
2428 1120 2635 1174 auditus
2663 1119 2876 1190 quidem
2933 1121 3046 1175 fuit.
3096 1120 3200 1174 Sed
3234 1130 3352 1184 post
3386 1121 3527 1175 Gra-

1952 1189 2083 1246 tiani
2121 1194 2325 1246 obitum
2354 1191 2705 1256 Symmachus
2737 1189 3115 1245 Valentiniano
3141 1190 3371 1256 .luninri,
3398 1190 3535 1245 Cra-

1954 1263 2083 1316 tiani
2116 1262 2285 1326 fratri,
2316 1261 2645 1315 Relationem
2681 1275 2829 1313 suam
2881 1276 2975 1322 pro
2999 1277 3090 1315 ara
3138 1261 3386 1315 Victoria:
3438 1277 3529 1314 sa-

1953 1333 2339 1400 Cerdotumqtte
2384 1331 2668 1399 privilegiis
2716 1330 2941 1393 obtulit;
2984 1348 3139 1397 quam
3200 1331 3541 1393 Ambrosius,

1957 1400 2717 1472 memortegationis,biennio
2765 1401 3031 1472 antesibi
3063 1416 3091 1454 a
3125 1402 3350 1472 Damaso
3385 1416 3532 1454 man-

1954 1473 2111 1533 datm,
2143 1470 2341 1536 duplici
2375 1470 2553 1524 libello
2577 1470 2841 1523 refutavit.
2877 1470 3275 1524 Valentinianus
3304 1471 3531 1524 Ambro-

1956 1542 2023 1595 sii
2047 1542 2325 1594 consilium
2351 1550 2563 1594 secutus
2593 1550 2693 1600 est,
2743 1556 2912 1608 neque
2944 1541 3097 1595 aliter
3139 1540 3378 1608 profrClo
3408 1540 3554 1595 fecit“.

1955 1611 2311 1676 Theodosius,
2341 1610 2425 1663 cui
2458 1622 2638 1678 postea
2679 1611 2912 1663 intimate
2948 1612 3045 1677 fuit
3095 1621 3299 1665 senatus
3340 1611 3528 1677 legatio

1955 1680 2497 1752 Imjusmodi,_ohlata,
2531 1689 2679 1752 ut‘ex
2712 1680 2791 1731 liis
2817 1680 2992 1752 rerhis
3037 1681 3299 1734 Ambro-ii
3329 1680 3534 1748 colligi-

1955 1749 2059 1813 tur,
2076 1750 2259 1805 eadem
2281 1750 2557 1803 Relatione
2578 1749 2885 1819 Symmachi
2909 1751 2987 1803 vel
3012 1765 3216 1802 summa
3269 1753 3531 1802 rationum

1952 1821 2503 1885 quibusinuitehatur.
2538 1820 2730 1872 lterum
2754 1819 3127 1873 Valentiniano
3153 1821 3346 1881 legatio
3374 1822 3534 1872 missa

1956 1890 2006 1943 in
2034 1891 2253 1954 Gallias,
2273 1892 2401 1944 nihil
2423 1901 2742 1955 extorquere
2763 1890 2955 1956 potuit,
2978 1892 3136 1943 etiam
3161 1891 3381 1943 absente
3409 1891 3535 1942 Am-

1957 1961 2153 2015 brosio.
2192 1962 2378 2015 Postea
2411 1976 2534 2014 vero
2584 1960 2849 2027 Eugenius
2894 1970 3169 2029 tyrannus,
3213 1975 3333 2011 cum
3365 1964 3534 2021 genti-

1959 2031 2083 2083 lium
2138 2031 2376 2097 petitioui
2426 2030 2589 2083 semel
2642 2041 2696 2082 et
2750 2031 2936 2081 iterum
2983 2031 3303 2089 restitisset.
3358 2038 3535 2082 tamen

1957 2101 2114 2155 tertio
2156 2100 2543 2163 postulantibus
2602 2101 2805 2152 annuit.
2858 2098 3231 2161 Theodosius,
3296 2100 3559 2167 Eugeniir

1956 2184 2097 2223 anno
2128 2171 2229 2225 594
2255 2170 2550 2239 ιιι-ιιητείιιο,
2581 2169 2696 2236 ejus
2743 2184 2858 2222 aeta
2891 2185 2984 2237 pro
3004 2238 3009 2239 ν
3032 2169 3410 2239 superstitione
3442 2184 3535 2235 pa-

1990 2256 2086 2293 an-t
2139 2240 2375 2295 rescidit.
2416 2238 2539 2294 ’Suh
2591 2240 2825 2293 llonorio
2856 2238 3054 2292 smequ
3094 2254 3125 2291 ν
3162 2238 3382 2292 ineunte
3412 2250 3538 2291 cum

1990 2256 2086 2293 an-i
2139 2254 2375 2295 rescnnt.
2428 2254 2539 2294 Sun
2592 2254 2825 2293 ttonorto
2856 2254 3054 2292 secuto
3094 2254 3125 2291 ν
3162 2254 3382 2292 ineunte
3412 2254 3534 2291 cum

1955 2254 2111 2380 Comi
2160 2312 2361 2365 Italiam
2419 2310 2772 2366 invasissent.
2811 2308 3194 2380 Symmachus,
3248 2308 3534 2380 occasione

1954 2378 2079 2433 hinc
2109 2392 2342 2448 arrepta,
2395 2381 2580 2433 iisdem
2628 2378 2926 2434 rationibus
2966 2378 3159 2447 quibus
3200 2378 3349 2446 prius
3404 2391 3533 2448 usus

1955 2449 2149 2517 fuerat,
2181 2447 2247 2504 de
2273 2466 2360 2503 ara
2394 2449 2636 2503 Victoria
2670 2450 2953 2517 repeti-uda
2978 2464 3137 2517 agere
3167 2449 3350 2515 cmpit,
3381 2447 3537 2512 cujus

1955 2531 2178 2573 conatus
2208 2521 2522 2573 Prudentiue
2556 2524 2763 2583 penitus
2812 2524 3086 2581 repressit.
3130 2517 3410 2584 Colligitur
3436 2530 3531 2569 au~

1957 2600 2061 2643 tem
2089 2606 2153 2643 ex
2186 2589 2495 2654 Prudentia,
2527 2598 2665 2641 statu
2686 2608 2753 2640 un
2807 2585 3051 2641 Victoria:
3100 2596 3347 2655 tanquam
3376 2585 3535 2640 Urbis

1953 2670 2324 2713 ornamentum
2357 2659 2555 2711 dutius
2602 2659 2963 2724 permansisse
3004 2674 3016 2710 :
3058 2655 3200 2723 quod
3256 2655 3539 2709 conﬁrmat

1953 2727 2270 2783 Claudianus
2291 2731 2341 2782 iu
2369 2731 2628 2797 l’anegyr.
2661 2730 2728 2781 de
2763 2743 2812 2779 Vl
2843 2726 3122 2780 consulatu
3154 2724 3396 2779 llonorii.

2214 2836 2235 2865 ι

1191 2980 1709 3091 CONTRA
1786 2980 2320 3087 SYMMAC
2335 2982 2614 3088 HUM

1524 3183 1807 3260 LIBER
1882 3184 2286 3261 PRIMUS.

445 3448 612 3518 696
639 3448 934 3504 Credebam
965 3449 1105 3503 vitiis
1125 3462 1319 3518 :rgram
1350 3446 1636 3516 gentilibus
1657 3445 1852 3500 Urbem
1883 3448 1925 3507 C

443 3540 559 3592 Jam
587 3541 717 3594 satis
740 3540 942 3609 antiqui
968 3540 1234 3608 pepulisse
1255 3540 1488 3608 pericula
1517 3540 1712 3603 morbi,

443 3631 557 3685 Nec
584 3631 871 3700 quidquam
899 3639 1101 3687 restare
1124 3632 1266 3695 mali,
1295 3640 1571 3701 po~tquam
1595 3629 1854 3683 medicina

450 3722 716 3789 Principis
749 3723 1062 3777 immodicos
1086 3724 1300 3777 sedarat
1329 3722 1379 3777 in
1408 3737 1532 3776 arce
1556 3722 1788 3775 dolores.

284 3810 311 3864 6
448 3812 585 3876 Sed,
616 3814 866 3881 quoniam
892 3824 1141 3867 renovata
1172 3815 1286 3868 lues
1321 3814 1540 3867 turbare
1569 3813 1792 3866 salutem

444 3903 643 3957 Tentat
672 3903 1032 3969 Romulidum,
1074 3904 1246 3959 Patris
1290 3903 1618 3974 imploranda
1653 3900 1855 3955 medela

1623 3994 1776 4065 [ρει.

2140 3446 2216 3501 Ne
2246 3448 2385 3502 sinat
2402 3449 2621 3519 antiquo
2652 3448 2874 3503 Romam
2899 3448 3145 3519 squalere
3162 3443 3411 3509 'veterno,

2140 3539 2282 3594 Neve
2322 3548 2471 3610 togas
2520 3556 2798 3609 procerum
2846 3540 3129 3612 fumoque,
3175 3549 3229 3595 et
3274 3539 3533 3609 sanguine

3283 3632 3466 3705 [tiugL

2139 3723 2370 3791 luclytus
2399 3740 2525 3793 ergo
2550 3739 2741 3790 parens
2764 3725 2967 3794 patriae,
2994 3724 3298 3779 moderator
3317 3734 3372 3778 et
3394 3724 3543 3777 orbis

1968 3814 2035 3869 10
2141 3814 2223 3869 Nil
2251 3815 2381 3884 egit,
2411 3814 2766 3885 prohibendo,
2801 3831 2959 3883 vagas
2986 3832 3053 3871 ne
3080 3816 3331 3883 pristinus
3354 3829 3507 3869 error

2138 3904 2394 3961 Crederet
2440 3920 2559 3960 esse
2579 3906 2732 3959 deum
2758 3906 2999 3973 nigrante
3028 3905 3126 3958 sub
3148 3918 3278 3958 aere
3305 3905 3535 3957 formas:

2145 3999 2248 4053 Ant
2275 3998 2657 4052 elementorum
2686 4006 2951 4063 naturam,
2980 4011 3099 4065 qua:
3126 3995 3300 4050 Patris
3320 4009 3407 4049 ars
3434 4004 3517 4048 est

1553 4103 1839 4162 GLOSSAE
1883 4108 2218 4163 VETERES.

344 4218 390 4269 1.
429 4216 680 4281 Ᾰζιξτδηι,
710 4216 831 4268 dicit
866 4225 1073 4285 propter
1098 4216 1256 4269 idola.
1288 4215 1511 4282 Urbem,
1546 4217 1780 4280 Romam,
1814 4217 1855 4273 1.

340 4287 392 4338 ὅ.
432 4288 721 4354 Prim-ipis,
765 4288 1106 4339 Constantini.
1135 4316 1207 4328 —-
1254 4286 1590 4351 Immodicas,
1626 4304 1857 4355 magnos.

275 4385 337 4395 —
369 4355 423 4409 In
458 4372 607 4417 arce,
641 4357 695 4409 in
732 4356 1042 4424 principatu,
1065 4357 1117 4409 in
1149 4356 1332 4417 Roma,
1369 4357 1406 4408 Ι.
1440 4356 1625 4421 Roma,
1652 4357 1765 4409 Vat.
1793 4362 1857 4411 A.

278 4493 295 4546 ι
338 4431 391 4478 ti.
438 4426 642 4490 Patris,
674 4427 1032 4492 omnipotentis
1074 4426 1189 4482 Dei.
1221 4456 1287 4465 —
1318 4426 1543 4491 Medela,
1581 4427 1858 4494 auxilium,

323 4511 374 4546 ο.

323 4511 374 4548 0.

342 4568 393 4619 7.
421 4565 716 4635 Squalere,
742 4567 1053 4619 sordescere.
1076 4594 1146 4610 -—
1181 4565 1431 4631 Veterno,
1459 4565 1653 4630 morbo,
1705 4575 1866 4622 veter-

1964 4234 2058 4271 nus
2089 4220 2291 4271 morbus
2319 4228 2391 4272 est
2421 4220 2506 4286 qui
2528 4228 2573 4271 et
2600 4220 2843 4285 intercus,
2880 4219 2919 4274 Ι.

2034 4286 2085 4341 8.
2120 4288 2299 4355 Tingi,
2327 4290 2509 4356 pollui.
2536 4289 2572 4343 l.

2035 4359 2089 4412 9.
2118 4359 2335 4423 Parens,
2366 4357 2749 4419 Constantinus,
2780 4360 2899 4413 Rat.
2927 4358 3308 4425 Constantinus,
3339 4365 3553 4427 propter

1968 4428 2175 4481 nimiam
2200 4431 2431 4494 pietatem
2451 4438 2592 4482 vocat
2621 4445 2733 4482 eum
2763 4438 3043 4499 parentem,
3084 4428 3122 4482 I.

2041 4498 2128 4552 10.
2161 4499 2300 4566 Egit,
2323 4502 2538 4568 profuit.
2563 4529 2633 4539 —
2661 4496 2842 4562 Error,
2866 4499 3074 4551 coitura
3095 4499 3324 4565 deorum,
3358 4496 3401 4553 1.

2041 4567 2127 4622 11.
2158 4567 2397 4632 Formas,
2424 4569 2583 4637 idola,
2614 4569 2885 4634 daemones,
2917 4568 2956 4622 Ι.

1617 4680 2181 4738 COMMENTARIUS.

343 4788 399 4866 l_n
446 4788 681 4866 .\_l_ar.__e_t
713 4786 833 4866 Rat.
866 4797 1057 4866 exstat_
1093 4788 1310 4866 titti_!tts__
1322 4804 1482 4866 quem
1532 4789 1863 4866 a_scri_psi._|n
1898 4796 1947 4854 ι)
1971 4808 2201 4863 arguens
2224 4803 2434 4850 veteres
2480 4810 2710 4851 errores.
2745 4795 2881 4850 lsoni
2924 4812 3027 4850 non
3058 4797 3343 4863 assentior,
3377 4812 3546 4866 quan-

278 4858 425 4924 l'rb.,
457 4858 689 4927 Explicit
719 4859 979 4928 protogus.
1032 4858 1222 4923 Incipit
1274 4859 1399 4913 liber
1446 4859 1488 4912 1.
1544 4860 1864 4915 Prudentius

275 4928 405 4981 libro
437 4929 621 4999 primo
649 4929 1003 4981 idololatriam
1035 4930 1325 4997 impugnat,
1352 4930 1524 4983 altero
1548 4932 1859 4999 Symmtchi

272 5001 509 5051 rationes
533 4998 709 5053 diluit.

341 5069 395 5121 ’5.
430 5069 595 5135 Prag.
620 5070 812 5125 scribit
840 5086 930 5122 nec
950 5070 1208 5137 quitquam
1237 5107 1254 5133 ,
1280 5078 1334 5122 et
1359 5069 1438 5123 sic
1472 5083 1705 5139 semper.
1734 5070 1858 5138 Alii,

271 5155 360 5192 nec
386 5140 691 5206 quicquam.

342 5212 398 5261 ι.
428 5208 701 5263 (Σθηπίιις
729 5224 851 5261 rum
887 5207 1037 5261 lsone
1066 5207 1307 5273 intelligit
1329 5206 1755 5261 ConStant’num.
1788 5210 1862 5263 Ex

270 5286 377 5332 tota
405 5280 670 5332 carminis
700 5280 843 5333 serie
879 5280 1023 5330 clare
1051 5279 1317 5342 Colligitur
1370 5279 1511 5332 hunc
1566 5280 1861 5346 principem

270 5363 392 5403 esse
415 5348 816 5403 Theodosium.
846 5347 975 5401 Vide
1002 5362 1140 5401 vers.
1172 5348 1274 5401 5‘29
1301 5359 1356 5402 et
1381 5364 1494 5417 seq.
1537 5350 1691 5414 hujus
1721 5350 1863 5403 libri.

339 5418 395 5471 5.
423 5419 614 5471 lnnuit
638 5426 813 5486 poeta,
845 5425 964 5484 post
993 5417 1352 5472 Theodosium
1387 5433 1555 5471 novos
1596 5420 1867 5474 exstitisse

268 5497 504 5543 conatus
535 5502 635 5554 pro
660 5488 983 5541 idololatria.

336 5558 389 5611 6.
431 5556 652 5610 Patrem
679 5559 763 5611 hic
794 5558 1030 5622 intelligo
1062 5558 1225 5613 Deum
1256 5572 1374 5611 cum
1405 5557 1577 5612 lsone.

337 5628 391 5681 "l.
414 5627 697 5682 Veteruus
728 5629 867 5682 sumi
896 5628 1031 5681 solet
1070 5643 1166 5696 pro
1206 5642 1394 5682 sumne
1434 5629 1617 5692 nimio,
1642 5628 1753 5684 sive
1783 5629 1862 5682 in-

1970 4879 2127 4931 quam
2158 4880 2348 4925 aquam
2393 4867 2704 4921 intercutem
2736 4878 3049 4921 veternosam
3078 4877 3222 4923 recte
3266 4866 3401 4921 dixit
3444 4872 3545 4920 Ar-

1970 4933 2160 4987 nobius
2183 4934 2274 4988 lib.
2303 4950 2339 5000 l,
2372 4935 2422 4989 id
2451 4945 2533 4990 est
2557 4947 2813 4991 veterem.

2039 5004 2093 5057 9.
2128 5003 2319 5059 lterutn
2346 5006 2484 5061 redit
2510 5022 2690 5061 sermo
2737 5008 2802 5061 de
2846 5008 3152 5064 Theodosio
3181 5022 3286 5062 non
3313 5007 3378 5061 de
3406 5006 3546 5060 Con-

1966 5077 2222 5129 stantino.
3336 5080 3354 5100 ⁶

2043 5144 2126 5199 1η.
2160 5144 2272 5199 Vat.
2294 5146 2381 5204 A..
2404 5146 2591 5216 Egm.,
2619 5148 2755 5215 PaL,
2787 5166 2963 5216 rogus,
2990 5151 3164 5204 minus
3188 5149 3345 5203 bene.
3379 5145 3546 5199 Vocat

1970 5212 2169 5287 formas
2197 5232 2367 5279 vagas.
2402 5212 2554 5287 Ritus
2580 5212 2871 5287 getttil‘itius
2908 5212 3124 5274 vocatur
3151 5235 3293 5272 error
3326 5228 3548 5287 veterum

1969 5285 2071 5352 lcg.
2113 5288 2197 5357 Π,
2232 5290 2308 5340 tit.
2351 5289 2432 5349 11),
2464 5285 2561 5341 Ἰὼ.
2588 5285 2656 5342 iw
2684 5289 2749 5341 tle
2780 5289 3001 5357 Paganis
3028 5290 3147 5344 cod.
3179 5286 3383 5341 Tlteod.

2042 5358 2127 5409 11.
2156 5356 2330 5421 Egon,
2362 5358 2501 5420 PaL,
2532 5361 2755 5426 credent,
2788 5356 2944 5412 male.

2041 5426 2127 5479 12.
2166 5427 2350 5488 Aldus,
2375 5430 2644 5491 mendose,
2678 5425 2880 5481 natura.
2925 5429 3087 5481 Recte
3124 5427 3323 5481 dictum
3368 5425 3543 5479 Patris

1973 5512 2057 5548 ars
2080 5507 2175 5560 est,
2208 5500 2331 5565 quia
2352 5501 2451 5551 etsi
2485 5498 2622 5551 Deus
2657 5499 2753 5551 arti
2778 5498 3072 5566 alligandos
3098 5514 3201 5552 non
3227 5498 3315 5561 sit,
3365 5509 3540 5550 tamen

1974 5566 2201 5620 mirabili
2242 5568 2468 5621 artiﬁcio
2515 5577 2788 5635 operatur.
2831 5568 3079 5622 Paulinus
3140 5569 3259 5623 Nat.
3317 5572 3370 5634 7,
3425 5572 3546 5622 Arte

1955 5635 2233 5693 Creatoris.
2264 5654 2360 5703 qua
2380 5646 2539 5689 totum
2569 5638 2763 5707 perﬁcit
2785 5639 2971 5692 orbem.
3004 5639 3138 5696 lliuc
3180 5642 3316 5697 Deus
3358 5642 3549 5707 arti/rx

264 5697 634 5767 expugnabili
662 5698 773 5753 fere
815 5698 1110 5752 dormiendi
1161 5698 1499 5753 neccs~itate.
1536 5704 1572 5753 Α
1617 5706 1758 5752 vetus
1802 5701 1869 5753 tit
1966 5706 2151 5762 mundi
2175 5697 2310 5762 εοιέι
2339 5708 2534 5762 vocari.

262 5780 534 5833 manus,
560 5774 617 5821 et
640 5781 820 5838 argute
843 5772 916 5824 ait
939 5768 1251 5825 Prudentius
1264 5768 1536 5840 antiquum
1559 5778 1856 5837 veternum,
