4154 6188
520 317 631 395 ita

703 535 797 591 Vir
819 536 991 600 solus,
1017 534 1102 589 cui
1127 547 1251 588 cura
1281 530 1398 598 l‘nit,
1430 546 1495 584 ne
1524 527 1731 599 publica
1763 542 1969 582 morum

534 629 601 685 15
712 628 868 697 Plaga
896 627 1200 683 cicatricem
1232 636 1439 677 summa
1473 620 1662 675 leviter
1687 628 1812 673 cute
1839 618 2076 673 clausam

679 721 1027 785 .Duceret,et
1062 715 1322 770 latebram
1355 714 1581 769 tabentis
1612 714 1788 766 vulnet
1804 710 1849 764 is
1869 709 1974 764 alte

705 811 1050 879 lntpressam,
1080 809 1397 878 penitusqnc
1423 805 1560 872 putri
1592 803 1659 858 de
1686 800 1828 874 pure
1846 814 2115 871 peresam,

708 902 900 958 Juncta
929 900 1266 970 superficies,
1297 898 1506 953 medico
1532 896 1765 964 fallente,
1799 894 2021 951 foveret.

710 991 816 1048 Sed
839 989 1066 1058 studuit,
1091 1006 1197 1060 quo
1225 1003 1351 1059 pars
1373 986 1606 1042 hominis
1631 985 1948 1056 generosior
1979 984 2122 1038 intus

539 1084 605 1140 20
715 1081 953 1147 Viveret,
983 1094 1146 1151 atque
1175 1080 1409 1134 animam
1433 1075 1619 1133 lethali
1648 1084 1798 1146 peste
1828 1074 2023 1145 piatam

712 1171 904 1227 Nosset
932 1171 999 1224 ab
1023 1171 1235 1225 interno
1266 1177 1435 1223 tutam
1464 1180 1687 1222 servare
1724 1179 1953 1221 veneno.

712 1263 807 1318 Illa
840 1271 1187 1333 tyrannorum
1210 1259 1384 1313 fuerat
1411 1256 1699 1321 medicina,
1721 1256 1926 1319 videre,

1644 321 1926 381 AURELII
1967 317 2332 387 PRUDENTII
2368 316 2692 378 CAMINA.

700 445 857 516 697
876 442 1174 514 Omnigeni,
1189 456 1395 496 summa
1420 453 1515 509 pro
1532 438 1809 507 majestate
1827 445 2061 492 sacraret
2080 435 2103 487 ‘i
2132 441 2186 498 Α

3700 310 3801 364 120

2388 432 2603 489 Publica
2643 445 2750 496 res,
2774 428 2963 499 inquit,
2990 436 3114 484 tunc
3135 427 3403 483 fortunata
3430 426 3583 496 satis,
3610 427 3653 480 si

2394 527 2493 583 Vel
2518 541 2673 594 reges
2702 531 2975 594 saperent,
3009 522 3093 577 vel
3123 530 3409 591 regnarent
3431 521 3726 587 sapientes.
3818 513 3835 531 ‘

2397 619 2563 673 Estne
2595 617 2683 672 ille
2713 632 2744 672 e
2768 628 2996 670 numero
3027 626 3343 683 paucorum,
3369 611 3460 681 qui
3485 609 3731 665 diadema

2398 712 2605 777 Sortiti,
2632 710 2867 765 aetheria:
2895 710 3176 763 coluerunt
3197 705 3390 774 dogma
3426 704 3627 774 sophia
3648 705 3672 754 ἲ

2220 805 2290 861 55
2395 803 2629 873 Contigit
2652 817 2779 858 ecce
2804 800 3077 854 hominum
3106 797 3313 867 generi,
3340 798 3593 866 gentique
3614 802 3806 866 togatas

2397 896 2512 952 Dux
2543 895 2788 965 sapiens;
2818 893 2942 949 felix
2976 901 3173 949 nostra:
3204 905 3291 946 res
3324 889 3534 960 publica
3561 889 3747 945 Roma:

2398 985 2610 1043 Iustitia
2642 988 2898 1055 regnante
2923 982 3102 1053 viget:
3129 989 3313 1052 parete
3343 979 3596 1049 magistro

2401 1077 2628 1148 Sceptra
2676 1074 2994 1145 gubernanti
3037 1090 3050 1125 :
3104 1080 3322 1137 monet,
3374 1079 3431 1125 ut
3484 1068 3810 1124 deterrimus

3538 1158 3735 1231 [error,

2406 1259 2579 1330 lltque
2601 1257 2911 1328 superstitio
2932 1267 3175 1312 veterum
3198 1253 3380 1322 procul
3402 1252 3541 1307 absit
3560 1268 3809 1318 avorum,

712 1355 814 1423 Qui
837 1363 1007 1410 status
1035 1363 1161 1408 ante
1181 1351 1365 1407 oculos
1389 1348 1760 1420 praesentibus,
1790 1362 1853 1401 ac
1875 1344 2127 1417 perituris
2225 1350 2296 1407 to
2401 1348 2513 1406 Nec
2536 1357 2684 1420 putet
2705 1361 2825 1404 esse
2849 1345 3030 1413 deuio,
3052 1344 3152 1401 nisi
3172 1343 3259 1414 qui
3281 1356 3443 1413 super
3460 1344 3635 1397 omnia
3658 1358 3812 1397 sum-

713 1447 1058 1518 Competeret
1087 1444 1271 1510 rebus,
1296 1457 1396 1498 nec
1419 1457 1605 1498 curam
1627 1440 1882 1495 adhibere
1912 1438 2127 1495 l'uturis.

538 1546 608 1603 ΞΒ
718 1543 873 1611 lleu,
924 1541 1063 1596 male
1103 1538 1171 1594 de
1220 1536 1415 1607 populo
1454 1533 1665 1601 meriti,
1709 1533 1849 1587 male
1888 1531 2129 1600 patribus

1120 1678 1123 1679 ν
1887 1623 1907 1695 [
1929 1622 2059 1689 ipsis

717 1720 979 1778 Blanditi!
1006 1733 1145 1790 quos
1176 1717 1479 1788 praecipites
1500 1716 1553 1769 iu
1585 1722 1783 1769 tartara
1813 1712 1981 1782 mergi

717 1814 849 1869 Cum
867 1811 999 1867 Jove
1020 1811 1283 1874 siverunt,
1308 1807 1471 1863 multa
1495 1815 1682 1861 etcum
1710 1804 1863 1873 plebe
1883 1803 2126 1871 deorum.
2165 1800 2210 1858 Β

722 1907 820 1960 Ast
840 1904 927 1958 hic
957 1903 1240 1972 imperium
1263 1897 1532 1968 protendit
1563 1896 1721 1951 latins
1750 1910 1867 1950 τενο

716 1998 882 2070 6-98
900 1996 1223 2057 Pusteriore,
1252 1992 1364 2048 suis
1386 1992 1610 2061 cupiens
1640 1989 1852 2043 sancire
1875 1987 2127 2042 salutem.

542 2093 613 2148 51)
718 2088 980 2143 Nimirum
1006 2084 1232 2155 pulchre
1259 2082 1475 2154 quidam
1499 2081 1859 2145 doctissimus,
1888 2080 2046 2135 Esset

3591 1435 3744 1508 [ntus

2409 1532 2676 1598 Etnineat,
2710 1530 2990 1600 magnique
3021 1529 3282 1583 immensa
3312 1527 3582 1583 creaverit
3608 1527 3775 1583 orbis.

2483 1623 2618 1679 Num
2650 1622 2841 1676 melius
2869 1619 3132 1677 Saturnus
3159 1633 3291 1675 avos
3321 1619 3530 1675 rexisse
3558 1619 3777 1675 Latinos

2405 1716 2570 1787 699
2602 1715 2881 1779 Creditur,
2913 1713 3100 1768 edictis
3132 1711 3225 1782 qui
3263 1712 3457 1767 talibus
3501 1710 3818 1767 informavit

2414 1810 2673 1877 Agrestes
2702 1806 2929 1869 animos,
2961 1814 3016 1859 et
3041 1804 3267 1860 barbara
3288 1803 3450 1859 corda
3475 1804 3747 1859 virorum?

2240 1898 2312 1954 15
2424 1898 2551 1954 Sum
2584 1897 2738 1963 deus,
2765 1897 2990 1950 advenio
3029 1895 3261 1966 fugiens,
3295 1894 3529 1965 prtebete
3560 1895 3819 1962 latebras,

2415 1987 2694 2044 Occultate
2722 2002 2935 2057 senem,
2965 1987 3076 2041 nati
3109 1986 3318 2042 feritate
3346 1985 3559 2057 tyranni

2421 2081 2695 2151 Deiectum
2726 2079 2902 2136 solio:
2935 2078 3130 2147 placet,
3168 2076 3257 2133 hic
3281 2076 3555 2148 fugitivus,
3587 2086 3641 2132 et
3666 2076 3823 2133 exsul

1842 2213 2127 2271 GLOSS/E
2167 2214 2514 2271 VETERES.

616 2316 705 2372 14.
732 2315 912 2379 Solus,
946 2314 1160 2381 primus,
1192 2312 1232 2364 l.

619 2389 706 2441 17.
736 2386 898 2443 Pure.
933 2384 1216 2449 putredine,
1250 2383 1288 2436 Ι.

586 2457 711 2513 ο19.
744 2448 981 2519 Studuit,
1011 2448 1394 2507 Constantinus.
1428 2478 1492 2489 —
1525 2450 1664 2516 Quo,
1696 2456 1774 2505 ut.
1806 2478 1874 2491 ——
1895 2448 2131 2503 Genera.

549 2528 682 2591 sior,
712 2525 952 2592 nobilior,
994 2524 1033 2578 l.

590 2598 709 2653 σεο.
742 2595 969 2660 Lethali,
1001 2592 1228 2658 mortali,
1260 2592 1301 2647 Ι.

594 2668 711 2789 ξε.
737 2657 1132 2789 Tyrtlutnorutn,
1159 2657 1481 2733 antiquorum
1500 2675 1777 2732 regunt.-—-
1805 2657 2034 2724 Videre,
2081 2669 2137 2712 ut

594 2741 827 2789 iteratur.
885 2777 899 2789 .

551 2739 827 2793 rideretur.
858 2739 899 2789 l.

622 2778 1101 2874 ai'éo’tn-peteret,
1131 2802 1436 2874 conveniret.
1470 2829 1539 2841 —
1567 2798 1820 2867 Futttris,
1852 2799 2059 2867 animm,
2094 2798 2133 2852 l.

623 2878 717 2934 9.8.
747 2873 1288 2937 llic.iConstantinus,
1325 2873 1362 2924 Ι.

625 2949 718 3002 99.
740 2948 888 3006 Suis,
922 2943 1184 2999 Romanis.
1212 2971 1283 2981 —
1306 2941 1552 3005 Saucire,
1582 2940 1905 3006 constituere,
1935 2939 1975 2992 I.

626 3017 717 3070 30.
739 3015 985 3081 Quidam,
1020 3012 1195 3073 Plato,
1236 3010 1278 3064 1.

630 3084 717 3143 52.
749 3080 1055 3152 Sapientes,
1086 3081 1273 3136 scilicet
1302 3096 1462 3151 reges,
1496 3080 1534 3134 l.

2280 2309 2398 2364 ·55.
2430 2307 2539 2373 Ille,
2574 2307 2958 2367 Constantinus,
2993 2305 3034 2374 l,
3065 2305 3187 2361 Rat.
3209 2333 3284 2347 —
3314 2303 3589 2370 DiadeJua,
3628 2305 3827 2375 regiam

2242 2388 2567 2449 potestatem.
2606 2448 2613 2449 ί
2912 2447 2921 2449 _
3087 2445 3130 2449 _
3162 2445 3174 2449 _
3261 2445 3271 2449 _
3336 2410 3345 2417 ς

2312 2450 2401 2505 51.
2434 2448 2643 2513 Sortiti,
2667 2447 2941 2502 consecuti.
2971 2474 3042 2486 —
3065 2445 3346 2511 IEtherim,
3374 2444 3611 2502 ctelestis.
3638 2444 3677 2499 l.

2315 2520 2404 2574 55.
2434 2519 2670 2584 Togatas,
2709 2518 3011 2588 paciﬁcatte,
3046 2516 3083 2572 l.
3130 2514 3440 2588 Prudentius
3478 2524 3828 2588 contempora-

2245 2605 2369 2643 neus
2398 2590 2496 2659 fuit
2519 2584 2790 2643 Theodosii
2810 2584 2857 2659 et
2897 2586 3257 2659 Valentiniani.
3277 2584 3458 2659 Potest
3482 2594 3649 2659 autem
3665 2584 3827 2659 credi,

2244 2656 2457 2715 durasse
2484 2676 2639 2728 usque
2683 2659 2750 2711 nd
2781 2656 2992 2712 mortem
3038 2657 3327 2728 Theodosii,
3362 2660 3509 2728 cujus
3545 2656 3666 2728 duo
3692 2657 3828 2722 ﬁlii,

2250 2729 2513 2785 Honorius
2541 2727 2589 2784 et
2619 2730 2887 2792 Arcadius,
2917 2736 3259 2782 successerunt
3291 2727 3344 2780 in
3377 2727 3592 2795 imperia
3610 2741 3630 2781 :
3653 2727 3826 2779 incer-

2246 2810 2354 2854 tum
2379 2817 2525 2868 quem
2549 2800 2733 2854 horum
2751 2800 2979 2870 inantinet
3001 2797 3202 2870 ubiAait,
3230 2795 3472 2870 Contigit,
3497 2796 3617 2856 νει.
3644 2797 3709 2851 Α.

2317 2867 2402 2925 59.
2439 2870 2696 2935 Avarum,
2725 2869 3051 2934 Arianorum,
3082 2867 3158 2923 I.°

2318 2939 2408 2994 45.
2444 2941 2774 3003 Inlormavit,
2807 2940 3070 3007 instruxit,
3102 2938 3143 2993 1.
3242 2980 3245 2983 ς

2322 3010 2409 3066 46.
2440 3010 2696 3082 Tyranni,
2722 3008 2886 3077 lanis,
2915 3007 2935 3064 l

1914 3186 2476 3245 COMMENTARIUS.

636 3312 722 3366 l5.
748 3309 959 3364 Perstat
988 3311 1041 3364 in
1069 3306 1254 3362 eadem
1283 3305 1595 3374 metaphora
1629 3303 1800 3359 morbi
1839 3302 2146 3375 etgtnedici-
2171 3302 2219 3366 (Ἰ
2252 3301 2676 3375 Ctesaraugusta,
2694 3303 2784 3359 vel
2806 3303 3103 3375 Calagurri,
3126 3304 3192 3360 de
3213 3304 3487 3360 Prudentii
3519 3306 3685 3375 patria
3712 3321 3836 3363 cer-

572 3396 676 3445 nae,
706 3394 809 3449 qua
838 3393 906 3435 eo
928 3388 1167 3447 tempore
1190 3373 1441 3431 auctores
1470 3373 2109 3449 frequenterutebantur.

640 3444 736 3505 1'8."
763 3450 941 3519 Egm.,
984 3444 1098 3519 Pal.
1149 3457 1335 3501 contra
1381 3444 1635 3519 metrum,
1672 3444 1887 3519 medea
1927 3444 2146 3519 latrante.

570 3518 774 3581 Laudat
809 3514 1228 3581 Theodosium,
1279 3519 1419 3587 quod
1478 3515 1731 3570 radicitus
1784 3514 2147 3569 ido'olatriam

568 3590 861 3658 exstirpare
882 3588 1160 3658 studuerit.

637 3654 748 3715 2{.'
770 3659 893 3714 Vat.
923 3658 990 3725 A,
1026 3657 1201 3712 Posset
1229 3656 1314 3713 ab.
1339 3656 1484 3724 Rat.,
1509 3670 1713 3710 servare
1756 3665 1977 3710 ueterno.
2025 3654 2152 3709 Bar-

569 3730 713 3803 thius
733 3729 826 3785 lih.
859 3744 933 3783 xtt
959 3727 1212 3803 Advers..
1241 3742 1361 3803 c_a_p.
1389 3726 1444 3803 8,
1460 3727 1627 3803 .ltunc
1654 3725 1928 3803 Pr_ude_ntii
1969 3725 2147 3803 locum

572 3800 772 3856 confert
797 3814 917 3855 cum
940 3799 1097 3854 simili
1129 3796 1521 3855 alioClandia'ui
1556 3798 1647 3867 lib.
1671 3797 1778 3851 Itin
1811 3796 2148 3867 Eutropiunt,

575 3869 762 3925 Ulcera
792 3871 1032 3939 possessis
1058 3870 1161 3925 alte
1185 3868 1381 3935 su/fusa
1406 3866 1672 3939 medullis,
1700 3875 1807 3921 etc.

642 3941 734 3994 ‘22.
758 3933 1151 3995 Chamillardus
1177 3933 1428 4010 tyrannos
1456 3938 1840 4010 interpretatur
1862 3951 1983 3991 esse
2010 3933 2153 4010 Gon-

573 4013 846 4074 stantinnt,
884 4011 988 4066 .lnli
1026 4026 1176 4076 num,
1199 4005 1524 4071 'Valentem,
1580 4006 2004 4076 Valentinianum
2041 4005 2151 4076 Se-

574 4083 795 4139 niorem.
823 4082 1019 4136 rituum
1044 4074 1280 4136 veterum
1307 4077 1587 4131 fautorem.
1621 4076 1832 4130 Teolius
1854 4075 2005 4129 addit
2037 4074 2148 4129 lla-

575 4152 873 4219 gnentinm.
915 4151 1020 4205 Sed
1049 4149 1374 4219 probabilius
1402 4145 1717 4219 Prudentius
1748 4146 2156 4219 tantutn_loqui-

576 4214 757 4289 {uade
785 4220 1023 4289 tyrannis
1045 4214 1178 4283 quos
1197 4216 1543 4289 Theodosius
1586 4214 1903 4289 superavit,”
1924 4214 2155 4270 Maximo

576 4299 630 4343 et
662 4287 920 4355 Eugenio,
953 4297 1007 4341 et
1034 4303 1165 4356 quos
1194 4288 1385 4341 iterum
1433 4295 1680 4356 tyrannos
1732 4287 1968 4356 appellat
2010 4300 2151 4356 vers.

577 4358 678 4412 MO
697 4354 891 4413 et’465.
916 4358 976 4411 Et
995 4354 1292 4412 Cdttstantii
1319 4355 1532 4427 quidem
1555 4355 1734 4427 plures
1748 4354 1810 4409 ac
1825 4354 2154 4427 gravissima:

580 4432 722 4491 leges
748 4437 962 4482 exstant
989 4428 1109 4483 cod.
1131 4426 1347 4482 Tlteod.’
1396 4427 1468 4481 De
1497 4426 1718 4495 paganis
1748 4436 1933 4480 contra
1982 4426 2157 4479 ethni-

578 4498 1093 4567 gforum‘sacrilicia,
1148 4500 1344 4567 templa
1381 4507 1434 4552 et
1478 4497 1882 4552 simulacrorum
1928 4498 2150 4552 cttltu.n.

580 4565 816 4636 Facilius
845 4569 1059 4623 credam
1112 4565 1468 4636 Magnentium
1499 4568 1601 4622 hoc
1629 4566 1748 4622 loco
1776 4582 1879 4622 una
1908 4582 2027 4622 cum
2056 4569 2158 4620 Eu-

579 4635 736 4710 genio
761 4646 816 4710 e_t
847 4636 1078 4710 Maximo
1103 4635 1383 4710 tyrannum
1417 4638 1696 4708 appellari.

650 4705 740 4764 25.
776 4706 955 4775 Egm.,
990 4705 1264 4777 Pal.,'qnis
1291 4705 1476 4763 status.

650 4778 900 4834 25..Vat.
929 4778 994 4840 A.
1022 4794 1111 4832 ceu
1133 4781 1296 4842 male;
1326 4780 1517 4834 melius
1548 4778 1664 4833 heu.

648 4847 986 4969 (Supella
1009 4849 1100 4905 lib.
1131 4864 1185 4915 v,
1248 4849 1544 4924 Vulgusque
1586 4851 1841 4904 minorum
1870 4847 2170 4905 Cretico/um

506 4958 509 4961 ‹
584 4927 824 4985 trepidat.

652 4988 742 5043 28.
789 4988 1025 5045 Vide'ur.
1063 4988 1204 5059 loqui
1246 4988 1314 5044 de
1356 4990 1463 5045 vita
1504 5000 1726 5046 mterna.
1762 4991 1943 5060 Prag.,
1992 4987 2168 5043 minus

585 5059 743 5125 liene,
778 5061 1067 5126 prwtendit.

659 5130 750 5185 50.
794 5129 1154 5186 Celeberrima
1208 5129 1445 5184 Platonis
1486 5132 1771 5194 sententia,
1805 5130 1872 5183 de
1916 5145 2019 5200 qua
2049 5128 2167 5183 vide

588 5200 862 5256 liartltium
893 5200 985 5256 lib.
1014 5215 1105 5265 xx,
1130 5214 1248 5266 cap.
1282 5200 1368 5253 18.
1403 5201 1509 5256 Sed
1539 5211 1696 5255 caute
1734 5201 2054 5255 Prudentius
2085 5200 2165 5253 lo-

587 5269 769 5341 quitur
794 5272 866 5341 de
896 5272 978 5341 his
1007 5270 1097 5341 qui
1122 5270 1346 5325 tethrrite
1374 5269 1637 5341 coluerunt
1674 5271 1857 5340 dogma
1881 5270 2094 5341 saphite.

657 5340 745 5399 51.
778 5340 904 5397 Post
931 5340 1076 5396 hunc
1105 5356 1317 5396 versum
1348 5341 1401 5396 in
1458 5340 1611 5407 Prag.
1660 5341 1814 5393 drest
1846 5355 1949 5393 una
1979 5340 2166 5409 pagina

588 5422 754 5475 usque
780 5412 845 5466 ad
874 5426 1018 5469 vers.
1053 5411 1172 5467 116.

657 5480 749 5535 54.
782 5480 901 5542 Vat.
934 5486 999 5546 Α.
1022 5481 1254 5546 aetheria,
1280 5481 1454 5535 minus
1495 5479 1654 5534 bene.

658 5549 748 5605 55.
771 5548 918 5605 Sich.
946 5560 1003 5608 et
1026 5553 1137 5609 Οἱς.
1167 5568 1182 5607 l
1210 5552 1297 5607 ed.
1328 5551 1394 5606 ad
1424 5563 1596 5616 oram,
1628 5558 1701 5603 est
1750 5563 1915 5621 opera:
1953 5550 2169 5619 pretium

588 5630 691 5687 pro
710 5621 928 5687 contigit
946 5638 1056 5675 ecce
1079 5623 1362 5678 hominum.

659 5686 747 5768 58.
783 5689 1003 5768 Romam
1036 5702 1202 5768 voca_t_
1228 5703 1473 5768 nostram,
1506 5689 1627 5768 quia
1659 5691 1829 5768 patria
1862 5700 1978 5768 erat
2018 5702 2166 5744 com-

588 5758 786 5817 munis.
821 5758 925 5813 Sed
957 5768 1127 5829 potest
1152 5760 1206 5815 id
1234 5762 1372 5816 trahi
1402 5764 1465 5816 ad
1496 5758 1784 5820 eludendas
1810 5762 2045 5819 rationes
2066 5775 2165 5825 pro

2254 3374 2511 3430 tantibus.

2433 3443 2490 3526 In
2519 3441 2665 3527 Rau,
2698 3443 2844 3513 fidet,
2866 3443 2959 3500 sed
2992 3443 3203 3500 videtur
3223 3444 3388 3502 fuisse
3415 3446 3526 3515 ﬁet.
3555 3446 3716 3501 Manu
3744 3462 3839 3502 re-

2249 3524 2494 3585 centiort,
2517 3524 2666 3585 viget.

2321 3587 2411 3642 58.
2440 3583 2611 3654 Bong.
2658 3600 2685 3637 a
2732 3583 2901 3653 prima
2945 3598 3128 3647 manu.
3163 3585 3313 3645 Rat.
3364 3587 3674 3640 teterrimus.
3713 3588 3839 3641 Ald.

2251 3656 2448 3723 aliique
2473 3655 2596 3709 edd.
2628 3664 2682 3710 et
2707 3669 2860 3718 mss.,
2879 3655 3039 3708 etiam
3072 3663 3179 3711 tres
3202 3654 3591 3717 codd.Gilanii.
3621 3666 3675 3712 et
3700 3673 3841 3713 unus

2253 3724 2441 3791 Jureti,
2471 3725 2790 3789 deterrimus,
2820 3724 2960 3795 quod
2998 3726 3196 3780 rectius
3227 3734 3379 3795 putat
3423 3725 3683 3781 Gil‘anius.
3719 3727 3840 3781 Gis.

2255 3798 2280 3850 1
2312 3797 2400 3851 ed.
2432 3796 2592 3851 etiam
2624 3795 2943 3860 deterrimus,
2972 3795 3066 3850 sed
3098 3797 3151 3850 itt
3171 3796 3258 3850 ed.
3280 3796 3337 3862 2,
3364 3797 3667 3862 teterrimus,
3695 3798 3840 3862 quod

2254 3876 2633 3934 expresserunt
2667 3866 2825 3920 Fabr.
2875 3874 2930 3921 et
2952 3866 3160 3932 licius,
3191 3866 3433 3931 quamvis
3463 3866 3551 3922 hic
3586 3882 3651 3921 ex
3701 3883 3838 3923 mss.

2257 3937 2386 4008 nihil
2413 3938 2764 4008 adnotaverit.
2794 3935 3095 4008 idololatria
3121 3936 3317 4008 dicitur
3336 3937 3622 3992 deterrima
3649 3952 3842 4008 super-

2253 4006 2402 4062 stitio
2419 4007 2520 4066 lee.
2543 4006 2615 4060 9.0
2642 4006 2764 4061 cod.
2790 4007 2995 4062 Theod.
3025 4007 3094 4060 de
3120 4005 3365 4076 Paganis.

2327 4078 2418 4131 59.
2443 4076 2567 4147 Vat.
2615 4079 2681 4144 Α,
2737 4086 2888 4145 atque
2920 4076 3232 4147 superstitio.
3287 4077 3456 4132 lsonis
3501 4078 3678 4147 glossa
3728 4094 3837 4132 non

2257 4146 2454 4230 placet.
2499 4146 2653 4230 Aves“
2680 4148 2767 4201 aio
2814 4160 2937 4230 e_sse
2968 4145 3616 4230 Romanosnvel'eresivel
3659 4148 3843 4230 Italos,

2257 4215 2521 4271 idolormn
2549 4216 2802 4273 cultores.
2840 4215 2973 4272 Intra
3002 4230 3149 4272 vers.
3179 4216 3304 4273 180.
3336 4218 3463 4273 Ηωο
3493 4216 3656 4272 Italos
3680 4219 3845 4273 indu-

2258 4289 2328 4342 xit
2351 4302 2490 4340 avos.

2328 4357 2421 4412 41.
2454 4356 2580 4411 Post
2609 4357 2754 4412 hunc
2777 4372 2990 4411 versum
3025 4356 3303 4423 inscriptio
3331 4365 3414 4411 est
3442 4357 3494 4411 in
3524 4358 3682 4423 Man,
3719 4358 3846 4414 Rat.

2257 4437 2306 4481 et
2336 4426 2588 4499 aliisLDe
2612 4428 2865 4482 Saturno.
2898 4428 3057 4499 Qreet
3085 4426 3137 4481 in
3171 4426 3289 4481 Vat.
3330 4428 3394 4499 Α.
3420 4428 3533 4499 Alii
3558 4428 3635 4499 ad
3670 4444 3849 4499 marg.

2259 4506 2448 4552 notant
2472 4498 2750 4559 Saturnus.
2774 4499 2888 4552 sive
2913 4496 2986 4551 De
3006 4497 3479 4568 Saturno,etitain
3501 4496 3849 4568 titulisseqq.

2294 4586 2299 4591 '
2333 4570 2422 4623 42.
2460 4568 2639 4634 Εκιιιη
2684 4586 2804 4622 unus
2847 4583 2939 4634 pro
2976 4584 3115 4623 avos.
3150 4567 3224 4621 De.
3254 4567 3353 4621 hac
3393 4567 3569 4621 fabula
3618 4567 3853 4637 aliisque

2188 4664 2239 4724 ο
2266 4653 2397 4706 quas
2425 4640 2745 4724 Prudentius
2771 4649 3036 4724 memorat
3060 4648 3115 4692 et
3132 4637 3646 4724 gentilibus_objieit,
3677 4639 3851 4723 videri

2278 4719 2501 4780 possunt
2529 4719 2720 4775 pta-ter
2751 4718 2933 4780 poetas
2959 4718 3020 4780 et
3044 4717 3317 4780 poetarum
3365 4708 3687 4780 interpretes
3712 4716 3855 4780 auti-

2276 4777 2363 4847 qui
2394 4780 2685 4850 mythologi
2710 4778 3352 4850 Hyginus,Palaephatus,
3396 4777 3707 4850 Fulgentius
3731 4779 3855 4835 Pla-

2277 4848 2478 4913 ciadrs‘,
2535 4848 2859 4913 Pltornutus,
2909 4848 3155 4903 Albricns
3204 4848 3574 4918 philosophus,
3626 4849 3852 4915 Aratus,

2274 4921 2650 4990 Apollodorus.
2685 4919 2727 4974 E
2761 4919 3158 4990 recentioribus
3177 4919 3229 4972 in
3252 4920 3707 4990 lineargumento
3738 4919 3855 4974 ela-

2275 4987 2532 5046 borarunt
2584 4991 2745 5046 Lilius
2789 4988 3071 5055 Gyraldus,
3117 4987 3317 5043 Natalis
3352 4987 3564 5055 Comes,
3615 4988 3856 5045 Joannes

2271 5060 2554 5124 Seldenus,
2572 5061 2805 5116 Joannes
2816 5058 3082 5114 Gerardus
3093 5059 3334 5125 Vossius,
3357 5059 3610 5114 Banierus
3624 5059 3856 5122 inopere

2272 5129 2474 5186 Gallice
2508 5132 2652 5186 edito
2681 5130 2898 5184 Parisiis
2922 5130 3079 5190 1758.
3108 5129 3305 5196 aliique
3349 5130 3633 5184 innumeri.
3682 5130 3856 5185 lsonis

2271 5201 2655 5268 explicationes
2668 5200 2887 5255 minime
2915 5210 3039 5253 sunt
3068 5199 3492 5254 contemnendae.
3540 5200 3859 5268 Discrepant

2270 5284 2414 5338 serpe
2425 5281 2668 5325 auctores
2682 5270 2732 5323 in
2749 5270 2932 5324 eadem
2948 5270 3119 5324 fabula
3132 5270 3454 5339 exponenda
3471 5286 3485 5324 :
3503 5270 3643 5339 quod
3659 5270 3855 5325 mirum

2271 5340 2443 5395 videri
2478 5356 2581 5395 non
2602 5339 2782 5402 debet,
2815 5355 2934 5393 cum
2959 5340 3009 5392 in
3041 5341 3435 5393 narrationibus
3463 5340 3731 5395 historicis
3754 5340 3860 5394 hoc

2272 5412 2445 5478 ipsum
2465 5410 2766 5476 frequenter
2788 5409 3012 5464 accidat.
3035 5410 3251 5466 Saturni
3275 5409 3545 5464 schemata
3568 5425 3732 5480 pauca
3764 5426 3860 5464 su-

2273 5493 2515 5549 persunt.
2541 5480 2672 5547 Ejus
2697 5480 2981 5550 imaginem
3004 5482 3261 5548 integram
3286 5479 3503 5536 exhibet
3524 5479 3859 5536 Montfauco-

2275 5551 2393 5605 nius
2439 5550 2724 5622 lib.t,tom.
2756 5549 3035 5622 ll’Antiqu
3087 5566 3205 5622 pag.
3255 5550 3424 5622 50.,ln
3463 5553 3691 5622 nummis
3721 5567 3861 5619 quur-

2272 5635 2377 5689 que
2404 5620 2773 5675 consularibus
2794 5618 2950 5674 senili
2976 5618 3501 5692 capite'ronspicitur
3514 5637 3635 5679 cum
3660 5618 3794 5678 {aloe
3822 5636 3857 5678 a

2275 5700 2424 5757 tergo
2451 5692 2644 5760 posita.

2341 5761 2432 5818 45.
2471 5762 2586 5820 Vat.
2617 5761 2827 5824 A.Cum
2859 5760 3017 5822 Deus.
3048 5776 3155 5819 non
3184 5762 3342 5821 bene.
