4154 6188
313 396 424 452 1ὶὸ

574 605 850 658 Successit
870 603 1020 656 Jovis
1047 602 1274 670 imperio
1303 604 1606 671 corruptior
1623 612 1750 656 artas
1777 619 1790 654 :

312 698 390 752 8:5
497 694 626 762 Quae
650 694 835 748 docuit
863 693 1064 762 rigidos
1091 693 1238 746 vitiis
1267 692 1470 747 servire
1494 693 1748 751 colonos.

503 787 765 854 Expertes
797 783 1008 836 furandi
1033 783 1276 837 homines
1300 801 1312 835 :
1343 783 1441 839 bac
1465 782 1652 836 imbuit
1677 790 1792 836 ait:

501 875 964 941 Mercurius,Maia
995 874 1240 943 genitus:
1273 889 1411 928 nunc.
1436 887 1658 941 magnus
1675 873 1898 926 habetur

503 967 593 1020 lllc
612 965 766 1029 deus,
797 964 948 1032 cujus
977 965 1126 1018 dedit
1146 963 1476 1032 experientia
1508 965 1682 1018 fures:

501 1058 607 1112 Nec
631 1072 735 1111 non
758 1057 1084 1110 Thessalica:
1107 1057 1456 1110 doctissimus
1489 1057 1576 1110 ille
1605 1055 1794 1124 magia:

312 1151 386 1205 9t)
498 1149 660 1221 704
685 1149 940 1203 Traditur
966 1149 1259 1203 exstinctas
1278 1157 1508 1218 sumptae
1531 1147 1898 1201 moderamine

1642 1237 1829 1308 [νὴ-ἕω

500 1334 554 1386 In
585 1333 755 1387 lucem
780 1348 1068 1388 revocasse
1087 1334 1316 1400 animas,
1341 1332 1565 1404 Cocytia
1598 1331 1728 1387 lethi
1811 1341 1834 1379 ο

498 1423 626 1478 .lura
654 1424 982 1493 resignasse,
1009 1438 1220 1478 sursum
1257 1427 1622 1480 revolantibus
1653 1423 1857 1479 umbris
1880 1462 1893 1475 .

493 1515 591 1568 Ast
620 1515 754 1568 abas
783 1515 1066 1568 damnasse
1096 1515 1237 1578 neci,
1263 1516 1580 1584 penitusque
1601 1515 1789 1569 latenti

496 1604 832 1660 immersisse
857 1606 1024 1659 chao:
1056 1605 1180 1660 facit
1226 1605 1348 1669 hoc,
1375 1606 1442 1660 ad
1485 1615 1769 1674 utrumque
1800 1619 1895 1674 pe-

1671 1696 1826 1769 [ritus

315 1791 384 1845 95
497 1789 564 1846 Ut
592 1789 784 1856 fuerit,
817 1790 1141 1860 geminoiuc
1165 1790 1390 1844 armarit
1418 1789 1644 1844 crimine
1671 1789 1834 1843 vitam
1875 1804 1890 1853 ;
1930 1783 1973 1843 Β

1427 395 1624 451 UBE“
1665 398 1683 452 1
1722 396 1996 452 CONTRA
2035 395 2481 452 SYMMAC‘HUM.

496 511 770 578 lie-mitia,
804 509 992 565 infelix
1030 510 1238 565 facilem
1265 525 1397 578 gens
1427 512 1657 578 prarbuit
1685 525 1891 564 aurem.
1927 516 1978 572 Α

3483 399 3584 458 126

2187 510 2457 564 Murmure
2481 524 2601 562 nam
2629 511 2835 579 magico
2863 520 3050 566 tenues
3075 513 3259 566 excire
3288 512 3482 579 ﬁguras
3502 552 3517 576 ,

2187 600 2362 669 Atque
2389 601 2714 668 sepulcrales
2741 603 2876 656 scite
2907 603 3178 656 incantare
3209 603 3433 665 favillas,

2189 690 2306 744 Vita
2336 692 2520 745 itidem
2546 691 2776 758 spoliare
2801 693 2959 756 alios,
2991 707 3079 746 ars
3107 694 3267 746 noxia
3303 697 3471 748 novit.

2183 785 2458 839 Artiﬁcem
2481 786 2742 839 scelerum
2774 787 2997 852 simplex
3027 786 3214 838 mirata
3238 795 3475 841 vetustas

2009 875 2108 929 100

2181 968 2520 1037 Aliger-isque
2551 970 2694 1022 leves
2716 970 2938 1037 pedibus
2983 979 3346 1025 transcurrere
3371 981 3574 1026 tentus.

2285 1061 2445 1132 705
2475 1063 2610 1116 Ecce
2653 1063 2809 1114 deum
2851 1062 2904 1115 in
2947 1076 3169 1114 numero
3201 1063 3456 1115 formatus
3477 1103 3491 1126 ,
3519 1073 3575 1117 et

3139 1151 3341 1220 [:cneus
3370 1163 3508 1205 astat

2181 1239 2376 1295 Graius
2421 1238 2604 1306 homo,
2631 1248 2962 1310 augustaque
2999 1239 3184 1294 Nunta‘
3217 1241 3494 1310 prafulget
3522 1241 3576 1296 in

3339 1332 3508 1404 [arce.

2182 1422 2446 1476 Strenuus
2470 1422 2665 1478 exculti
2689 1423 2937 1477 dominus
2962 1424 3177 1493 quidam
3207 1423 3304 1478 fuit
3329 1425 3467 1493 agri,

2006 1516 2109 1570 105
2184 1515 2578 1585 liortornmque
2617 1515 2810 1585 opibus
2841 1515 3202 1570 memorabilis
3229 1531 3244 1581 ;
3278 1515 3364 1568 hic
3396 1524 3572 1570 tamen

3337 1607 3501 1677 [idem

2176 1696 2454 1752 Scorta'or
2481 1699 2696 1762 nimius,
2722 1697 2991 1765 multaque
3016 1698 3240 1752 libidine
3265 1708 3451 1752 suetus

2178 1789 2482 1844 Rusticulas
2511 1805 2703 1845 vexare
2733 1791 2902 1859 lupas,
2938 1789 3180 1857 interque
3207 1790 3389 1844 salicta
3418 1831 3434 1856 ,

1628 1901 1909 1958 GLOSSE
1955 1903 2286 1961 VETERES.

384 1996 474 2049 85.
502 1994 739 2063 Rigidos,
771 1993 972 2057 stultos,
1005 1996 1182 2062 fortes,
1208 1991 1248 2046 l.

385 2066 474 2117 87.
511 2061 822 2126 mercurius,
850 2061 1024 2131 ntagus
1052 2065 1149 2128 [uit
1176 2061 1518 2114 astutissirntts
1538 2061 1654 2129 ;qui
1672 2063 1892 2130 magicos

314 2137 583 2188 thesauros
613 2135 890 2186 inrcnivbat
915 2149 934 2197 ;
978 2144 1180 2200 ποριεῖ
1215 2133 1475 2184 thesauros
1505 2134 1638 2184 enim
1661 2131 1890 2186 homines

314 2211 456 2276 [ures
485 2214 620 2256 sunt.
650 2235 718 2242 —
747 2203 901 2276 Maio,
947 2213 1105 2276 mater
1134 2203 1399 2276 Mercurii.
1433 2201 1572 2276 llIuia
1604 2213 1648 2254 et
1680 2200 1892 2276 ‘I'Ilectra

314 2270 514 2328 sorores
544 2275 746 2342 fu‘runt
794 2271 916 2339 ﬁlia:
946 2273 1166 2325 Atlantis
1189 2287 1207 2325 :
1234 2287 1298 2325 ex
1337 2270 1480 2325 Maia
1524 2271 1692 2325 δαιτί
1737 2289 1888 2328 vene-

314 2353 454 2405 runt,
485 2360 548 2396 ea:
578 2343 779 2396 Electra
813 2343 1045 2414 Trojani,

384 2415 845 2474 89.Tbesxalicze,
890 2411 1006 2479 quia
1047 2412 1115 2465 ibi
1152 2413 1347 2482 magica
1387 2428 1472 2464 ars
1515 2411 1808 2466 abundabat
1837 2415 1889 2467 in

315 2501 414 2551 qua
443 2484 536 2536 iste
558 2485 704 2536 valde
728 2485 938 2553 peritus.
971 2513 1040 2522 —
1070 2484 1272 2543 Magne,
1300 2486 1508 2551 magica:
1537 2485 1684 2544 artis,
1715 2482 1752 2534 I.

384 2557 474 2608 90.
510 2553 701 2619 Virgm,
735 2555 951 2606 caduceo
972 2568 1095 2623 :per
1122 2554 1315 2622 virgam
1345 2563 1394 2605 et
1421 2566 1697 2618 serpentem
1729 2553 1892 2606 homi-

315 2641 403 2678 nes
435 2625 645 2690 magicis
674 2626 865 2678 artibus
882 2625 989 2677 suis
1018 2626 1346 2676 resuscitasse
1387 2623 1593 2690 dicitur,
1625 2632 1776 2690 atque
1801 2639 1892 2676 ne-

313 2711 461 2747 casse
475 2735 489 2756 ,
524 2693 565 2745 1.

381 2765 472 2817 9|.
517 2767 730 2826 lucem,
777 2762 907 2815 hanc
933 2764 1108 2816 vitim.
1136 2791 1204 2802 --
1232 2760 1471 2831 Cocytia,
1518 2760 1814 2831 inferna/ia,
1845 2759 1887 2814 l.

383 2836 478 2888 (Β.
511 2834 843 2900 lle-signas-e,
869 2835 1147 2885 resolvisse.
1171 2860 1240 2871 —
1269 2833 1500 2895 Umbris,
1525 2831 1790 2884 animabus
1841 2831 1878 2884 l.

381 2903 474 2959 91.
508 2904 585 2957 Ad
618 2914 920 2970 utrumque,
953 2904 1018 2954 ad
1039 2905 1191 2954 vitam
1222 2912 1265 2953 et
1298 2914 1527 2965 mortem,
1556 2900 1594 2955 I.

379 2977 473 3029 95.
496 2974 740 3040 Gemino,
772 2972 1109 3042 mortiﬁcandi
1138 2984 1184 3025 et
1214 2972 1522 3030 vivi/icandi.
1559 2971 1597 3025 l.

2071 1995 2157 2048 96.
2192 1995 2399 2059 Fxcirc,
2427 1995 2526 2048 huc
2544 2012 2740 2062 vocare,
2775 1996 2812 2049 1.

2073 2066 2162 2120 97.
2195 2067 2356 2128 Scite,
2389 2068 2554 2128 docte,
2587 2067 2664 2118 rel
2689 2070 2962 2133 sapienter,
2997 2069 3037 2122 l.

2069 2136 2190 2189 101.
2224 2136 2465 2204 Aligeris,
2493 2136 2610 2202 quia
2639 2154 2830 2206 pennas
2860 2139 2911 2189 in
2937 2138 3139 2198 pedibus
3159 2137 3340 2189 habere
3361 2139 3562 2204 dicitur,

1996 2221 2107 2274 qua:
2134 2207 2296 2274 petasi
2328 2213 2527 2258 nomine
2547 2217 2788 2277 vocantur
2811 2224 2828 2260 :
2860 2218 3083 2277 petasum
3113 2219 3184 2261 cst
3203 2207 3424 2276 volatile,
3449 2228 3564 2263 nam

1997 2287 2110 2346 peto
2130 2279 2244 2329 volo
2273 2278 2575 2346 diciturt—
2605 2276 2792 2337 Levvs,
2827 2276 3041 2340 veloces,
3071 2279 3108 2333 Ι.

2027 2415 2047 2468 Ι
2072 2347 2193 2467 107)ἰ
2221 2348 2431 2408 Graius,
2461 2345 2669 2400 Gracus
2692 2349 2821 2400 enim
2849 2348 2964 2416 fuit.
2987 2352 3428 2421 —Augustaque,
3455 2352 3566 2416 ραι.

2045 2433 2144 2468 ira-
2202 2456 2216 2468 .

1998 2433 2144 2470 (ητα.
2179 2433 2216 2470 Ι.

2071 2460 2502 2549 lb’bi'Strenuus,
2538 2485 2600 2538 de
2649 2485 2838 2556 Priapo
2867 2488 3009 2552 dicit,
3033 2490 3120 2557 qui
3149 2490 3245 2556 fuit
3287 2492 3405 2543 dats
3448 2489 3564 2541 hor-

1999 2566 2198 2621 torum;
2222 2559 2306 2624 qui
2336 2557 2395 2608 ob
2423 2557 2632 2609 murium
2656 2558 3052 2625 magnitudtnem
3083 2559 3241 2612 t‘iril's
3271 2560 3479 2612 membri
3505 2561 3565 2613 de

1998 2643 2206 2678 numero
2233 2629 2442 2678 deorum
2470 2633 2541 2677 est
2572 2627 2774 2693 ejectus.
2801 2656 2865 2665 —
2895 2627 3033 2690 Fuit;
3057 2629 3246 2681 scilicet
3271 2629 3375 2688 illa,
3402 2630 3440 2682 1.

2068 2695 2188 2750 105.
2224 2696 2508 2766 llnrtorutu
2534 2734 2549 2756 ,
2580 2695 2768 2746 dicitur
2800 2693 3018 2763 Priapus
3063 2715 3276 2766 prwesse
3312 2699 3473 2750 hortis
3504 2699 3564 2750 ob

1995 2781 2168 2819 eorum
2197 2765 2576 2838 fecunditatem,
2601 2780 2733 2838 cum,
2755 2767 2888 2816 enim
2917 2768 3020 2818 alia
3050 2765 3187 2820 terra
3214 2768 3410 2838 aliquid
3431 2772 3564 2838 [erat

1994 2837 2046 2889 in
2075 2834 2232 2897 anno,
2255 2836 2390 2887 horti
2410 2850 2671 2897 nunquam
2690 2834 2798 2886 sine
2823 2838 2991 2903 [ructu
3021 2838 3211 2905 sunt,l.

2066 2907 2187 2961 107.
2223 2905 2419 2974 Lupas,
2446 2905 2756 2970 meretrices,
2791 2905 2833 2960 1.

1661 3063 2210 3121 COMMENTARIUS.

380 3161 473 3215 83.
504 3160 559 3214 Pi
580 3169 631 3214 st
660 3161 799 3216 hunc
827 3175 1038 3216 versum
1062 3158 1219 3226 Man,
1252 3157 1372 3212 Rat.
1402 3166 1457 3212 et
1483 3157 1572 3212 alii
1603 3171 1702 3226 pro
1725 3157 1881 3211 titulo

311 3230 385 3285 De
415 3231 486 3283 illi
500 3233 694 3286 rcurio.

377 3302 470 3355 88.
504 3302 650 3354 Lact.
686 3302 777 3355 lib.
807 3316 823 3354 ι
850 3299 1027 3354 Divin.
1057 3298 1255 3359 lnstit.,
1288 3313 1406 3360 cap.
1440 3296 1528 3362 10,
1563 3295 1677 3349 Fur
1705 3312 1766 3350 ac
1794 3313 1880 3351 nev

310 3371 430 3424 bula
460 3370 746 3426 Mrrcurius
776 3372 900 3440 quid
920 3371 986 3422 ad
1009 3371 1200 3438 faniam
1216 3369 1296 3440 sui
1321 3369 1546 3440 reliquit,
1566 3366 1671 3440 nisi
1699 3383 1887 3440 inemo-

311 3444 435 3494 riam
460 3442 705 3506 fraudum
731 3437 938 3494 suarum
956 3441 980 3493 ?
1000 3437 1190 3508 Qualer
1214 3438 1673 3493 Elmenhorstium
1705 3437 1758 3491 in
1788 3442 1889 3491 Ar-

310 3512 529 3565 nobium
560 3529 679 3578 pag.
713 3512 780 3566 89
801 3520 855 3565 et
871 3511 962 3565 98.

376 3582 470 3634 89.
501 3576 570 3634 ln‘
585 3581 704 3634 Rat.
733 3582 930 3635 sciolus
946 3579 1160 3648 aliquis,
1183 3578 1392 3632 abrasis
1411 3577 1703 3648 prioribus,
1726 3576 1884 3648 Thes-

309 3653 483 3705 saliae
500 3653 684 3721 magia:
701 3653 1020 3705 doctissimus
1039 3646 1158 3703 ille.
1195 3649 1446 3721 Heinsius
1475 3647 1643 3721 edidit
1668 3646 1887 3721 Thessa-

310 3724 442 3785 lictr,
473 3722 563 3774 sed
587 3718 799 3775 notavit
827 3722 883 3775 in
919 3721 1126 3774 Thuan.
1149 3734 1269 3784 esse
1315 3718 1618 3784 Thessalica,
1646 3728 1700 3770 ut
1732 3720 1889 3770 Arca-

309 3795 426 3844 dius
456 3807 551 3859 pro
573 3793 878 3857 Arcadicus,
902 3799 955 3845 et
973 3791 1094 3844 talia
1118 3789 1410 3854 complura.
1433 3788 1628 3859 Cellar.
1654 3787 1886 3859 et_'l‘eol.

309 3857 906 3918 lennéruntThessalia'.
933 3861 1173 3914 Liberius
1195 3875 1222 3911 a
1244 3859 1368 3913 Jesu
1395 3859 1556 3913 lom.l
1585 3857 1887 3925 Poslhum.,

308 3933 415 3986 «ει-1.
445 3932 571 3996 761,
591 3932 844 3997 afﬁrmat,
871 3930 1249 3986 necromantitr
1268 3939 1436 3984 artem
1463 3931 1602 3997 apud
1628 3929 1890 3997 Hispanos

312 4002 364 4054 in
398 4002 574 4066 pretio
605 4001 771 4055 fuisse
796 4003 866 4056 ob
890 4002 1092 4054 clarum
1123 4001 1358 4054 auctoris
1390 4015 1608 4064 nomen,
1639 3999 1888 4053 Mercurii

307 4072 523 4125 scilicet
576 4071 932 4139 Trismegisti,
982 4081 1116 4126 teste
1167 4070 1457 4125 Prudentia
1507 4069 1604 4123 lib.
1651 4080 1890 4124 Icontra

307 4141 714 4210 Symmachum.
779 4141 1068 4206 Arbitror,
1119 4157 1224 4194 non
1279 4141 1443 4193 alium
1501 4139 1717 4204 locum,
1791 4141 1888 4192 nisi

309 4211 477 4267 hunc.
497 4226 526 4263 a
554 4211 768 4267 Liberio
796 4212 1040 4266 iudicari.
1069 4213 1129 4264 At
1155 4210 1476 4264 Prudentius
1499 4210 1596 4262 huc
1613 4211 1731 4264 loco
1759 4210 1888 4264 nibil

308 4282 376 4335 de
411 4281 685 4347 Ilispanis,
716 4281 851 4336 nihil
882 4282 950 4336 de
984 4281 1247 4335 Mercurio
1292 4279 1664 4348 Trismegisto.
1708 4279 1766 4336 S.
1800 4279 1892 4332 lsi-

308 4353 478 4422 dorns
509 4351 606 4405 lib.
638 4362 728 4405 vin
765 4353 966 4422 Etym.,
1000 4367 1119 4416 cap.
1148 4352 1214 4405 9:
1253 4349 1562 4413 Prudentius
1593 4367 1797 4422 quoque!
1830 4351 1893 4404 de

310 4420 573 4474 Mercurio
612 4425 686 4474 sic
729 4423 802 4474 ait
836 4420 856 4475 ξ
890 4421 1133 4474 Traditur
1180 4421 1486 4486 exstinctae,
1520 4428 1624 4474 etc.
1663 4420 1889 4474 Eosdem

312 4505 503 4544 rcrsus
550 4507 616 4545 ex
661 4492 864 4546 Isidoro
891 4492 1122 4545 desumit
1150 4490 1209 4547 S.
1245 4491 1500 4543 Martinus
1542 4490 1890 4558 chionensis

312 4571 442 4614 tum.
477 4563 538 4624 ll,
578 4563 808 4627 ψιελδ.
855 4561 959 4616 Sed
984 4563 1037 4615 in
1072 4565 1173 4615 hoc
1226 4561 1475 4614 tuendum
1524 4572 1606 4613 est
1647 4560 1889 4614 Traditur

313 4646 430 4685 tusc
457 4634 729 4684 extinctas
781 4647 1043 4687 ASSUMPTO
1083 4631 1444 4683 moderamine.
1473 4631 1524 4683 In
1556 4631 1830 4683 Abraxazis
1859 4644 1890 4682 a

311 4703 706 4768 superstitiosis
735 4703 1005 4757 haereticis
1035 4703 1216 4754 szrculi
1245 4713 1278 4754 tt
1309 4701 1668 4753 exhibebatur
1688 4701 1890 4754 Mercu-

314 4773 426 4824 rius
457 4787 579 4824 cum
615 4773 967 4839 inscriptione
996 4772 1239 4826 Michael.
1276 4771 1410 4826 Vide
1435 4771 1886 4825 Montiauconium

317 4852 444 4894 10m.
475 4842 512 4893 ll
543 4842 754 4910 Antiq.,
785 4856 902 4911 pag.
935 4841 1059 4897 566.

383 4912 475 4964 92.
507 4912 736 4967 Ratione
758 4910 978 4967 caesura:
1000 4929 1026 4966 e
1044 4922 1368 4977 postremum
1395 4911 1447 4963 in
1470 4910 1755 4980 resignasse
1767 4925 1886 4980 pro-

315 4980 548 5051 ducitur.
600 4983 678 5036 De
719 4983 807 5037 his
862 4982 1117 5050 legendus
1165 4981 1423 5051 Virgilius
1463 4996 1514 5034 tv
1561 4981 1806 5047 lEneitl.,
1837 4991 1892 5036 et

318 5050 500 5104 “orat.
528 5053 618 5106 0d.
656 5055 721 5107 10
752 5054 845 5108 lib.
879 5067 915 5107 1.

385 5122 474 5175 93.
500 5123 633 5185 PaL,
669 5123 852 5192 Egm.,
880 5122 1004 5184 alia,
1036 5123 1196 5184 male,
1239 5137 1336 5188 pro
1362 5121 1514 5175 alias.
1543 5120 1732 5175 Editur
1759 5135 1888 5188 ope-

316 5205 433 5244 rmn
459 5194 514 5244 ὃ.
545 5194 760 5248 Martini
788 5193 1134 5260 Legionensis
1157 5193 1380 5254 notavit,
1411 5193 1460 5244 in
1479 5207 1580 5245 ms.
1599 5205 1718 5246 esse
1739 5193 1888 5245 alios.

388 5263 478 5315 91.
513 5263 627 5317 Vat.
662 5265 729 5327 A,
761 5263 829 5317 ad
877 5273 1144 5331 utrumque
1166 5271 1409 5331 paratus;
1433 5272 1486 5316 et
1512 5262 1543 5313 Γπ
1566 5271 1737 5315 rtasse
1769 5262 1894 5316 imi-

321 5334 450 5385 tatio
488 5343 572 5387 cst.
613 5333 824 5406 Virgilii
860 5348 894 5387 ll
923 5332 1138 5387 Aineid.
1190 5336 1350 5401 Atque
1389 5334 1440 5384 in
1487 5341 1756 5401 utrumque
1795 5350 1892 5402 pa-

319 5413 477 5455 ratus.
865 5420 867 5422 ’

386 5475 473 5527 96.
503 5473 558 5528 ln
587 5473 645 5528 S.
671 5473 896 5528 Martino
928 5473 1244 5542 Legionensi
1274 5473 1524 5528 mendum
1559 5473 1779 5526 excitare
1801 5487 1894 5531 pro

319 5545 510 5608 excire;
534 5546 672 5612 mind
700 5547 915 5613 proprie
941 5544 1007 5599 dc
1037 5560 1092 5597 re
1115 5545 1316 5607 magica
1341 5544 1470 5610 dici,
1496 5553 1733 5597 notatum
1763 5543 1892 5596 alibi

318 5624 416 5676 est,
441 5629 501 5667 τις
532 5616 716 5669 inidtis
747 5623 962 5670 constat
999 5615 1281 5683 exemplis.
1306 5615 1521 5669 Juretus
1548 5621 1692 5668 recte
1720 5613 1896 5678 reiicit

275 5706 280 5709 -
319 5697 576 5738 murmure
604 5703 719 5738 nam
752 5701 936 5754 magna
988 5686 1042 5738 in
1091 5686 1319 5754 quodam
1347 5683 1468 5738 cod.
1505 5684 1580 5738 De
1620 5698 1894 5754 murmure

318 5755 521 5821 tragico
544 5757 667 5808 vide
691 5753 888 5824 Apotb.
913 5770 1054 5809 vers.
1082 5753 1203 5808 177.
1229 5755 1462 5809 Consule
1476 5755 1638 5824 etiam
1670 5753 1893 5808 Lactan-

319 5823 474 5885 tium.
503 5825 598 5880 lib.
633 5842 724 5891 vn,
745 5823 868 5892 cap.
901 5826 980 5891 l5,
1003 5838 1054 5880 ιιι
1079 5842 1197 5891 qua:
1223 5825 1387 5882 multa
1411 5825 1525 5891 eius
1551 5823 1891 5881 aduotatorcs

1923 4527 1970 4586 D

1994 3166 2312 3227 congerunt.
2358 3156 2589 3211 Nimium
2622 3171 2796 3211 essem
2845 3157 3052 3221 longus,
3082 3157 3126 3211 si
3176 3158 3257 3211 vel
3289 3161 3565 3218 nominara

1991 3237 2194 3351 :antliim
2217 3229 2405 3282 vellem
2421 3228 2641 3282 criticos
2666 3241 2852 3281 omnes
2870 3228 2955 3296 qui
2980 3227 3074 3282 ho.
3091 3227 3364 3284 Prmlcutii
3380 3247 3567 3286 versus

2011 3315 2074 3351 au
2121 3306 2229 3351 ant.

2011 3306 2229 3351 nudant.

2061 3369 2150 3424 98.
2188 3368 2305 3422 Vat.
2339 3368 2404 3431 A,
2432 3367 2568 3435 PaL,
2599 3369 2700 3421 vita
2726 3367 2879 3428 idem,
2913 3367 3075 3423 male.

2063 3438 2185 3493 101.
2211 3438 2328 3492 Vat.
2361 3438 2424 3502 A,
2456 3438 2732 3505 mendose,
2762 3438 2995 3502 aligeras.
3029 3439 3151 3492 Post
3185 3439 3324 3493 hunc
3351 3455 3564 3494 versum

1994 3507 2180 3579 titulus
2217 3508 2289 3561 De
2313 3507 2509 3579 Priapo
2539 3509 2592 3562 in
2618 3509 2762 3570 Rau,
2800 3507 2929 3560 Mar.
2963 3509 3208 3565 aliisnne.

2063 3577 2188 3654 102.
2207 3580 2424 3654 _Oxon.,_
2441 3577 2716 3654 corrupte,
2747 3582 2943 3654 [oratus
2972 3594 3072 3654 pro
3103 3581 3366 3654 formatus.
3407 3584 3574 3637 llcin-

1990 3648 2104 3702 sius
2132 3649 2255 3702 inde
2279 3649 2451 3713 arguit
2483 3648 2707 3704 fortasse
2737 3648 3078 3707 scribendum
3103 3648 3358 3714 'tornutus,
3408 3665 3465 3706 ut
3495 3656 3564 3708 ita

1991 3719 2385 3791 conjttngautur
2411 3734 2592 3774 tt'ltcus
2621 3731 2675 3774 et
2699 3722 2930 3791 ligneus,
2953 3724 3069 3777 sive
3093 3739 3308 3779 saxeus.
3337 3724 3562 3778 Tornari

1993 3789 2136 3844 cuitu
2172 3804 2275 3844 non
2309 3788 2444 3857 ligna
2480 3801 2714 3854 tantum,
2745 3788 2838 3845 scd
2872 3795 3034 3846 etiam
3067 3809 3190 3848 saxa
3224 3793 3562 3848 dicebantur.

1992 3861 2356 3915 (Iliamillardo
2387 3862 2557 3925 placet
2587 3861 2916 3928 conjectura.
2945 3862 3057 3915 Non
3093 3865 3252 3917 video
3281 3879 3375 3917 cur
3405 3864 3565 3917 lectio

1994 3932 2232 3986 codicum
2256 3931 2444 3984 debeat
2463 3929 2761 3984 Sollicitari.
2792 3931 2920 3984 Nam
2949 3932 3001 3983 in
3024 3932 3233 3986 Oxouin
3263 3934 3458 4000 foratus
3479 3949 3564 3986 cr-

1997 4017 2084 4055 ror
2107 4013 2186 4055 est
2212 4016 2278 4055 ex
2312 4001 2595 4069 formatus,
2628 4016 2732 4053 non
2780 4016 2848 4054 ex
2876 4011 3127 4055 tornatur.
3164 4004 3270 4056 llos
3300 4017 3483 4054 versus
3510 4010 3564 4053 et

1993 4070 2276 4194 léisto'tI-iam
2303 4071 2372 4126 de
2413 4071 2606 4140 Priapo
2637 4072 2868 4126 illustrat
2913 4071 3134 4140 Vulpius
3178 4073 3244 4126 ad
3297 4087 3462 4125 carm.
3498 4071 3563 4126 18

2038 4154 2123 4193 atn
2173 4159 2211 4194 ι.

2069 4212 2187 4265 105.
2218 4211 2339 4265 Vat.
2370 4210 2415 4264 A
2439 4219 2486 4265 et
2515 4212 2679 4266 codex
2702 4211 2896 4276 Jureti,
2939 4221 3156 4278 angusta
3186 4225 3280 4279 pro
3310 4219 3526 4279 augusta
3545 4255 3562 4278 ,

1993 4282 2134 4351 quod
2160 4297 2343 4337 verum
2362 4292 2462 4352 est.
2491 4283 2631 4337 Inter
2648 4281 2951 4352 bnjusmedi
2969 4283 3150 4335 allinia
3177 4283 3389 4336 nomina
3422 4296 3564 4352 saepe

1995 4350 2219 4405 mutatio
2245 4350 2462 4406 accidit.
2484 4353 2876 4406 Cbamillardus
2902 4351 3084 4406 Numae
3111 4367 3286 4406 arcem
3317 4350 3565 4418 intelligit

1993 4422 2317 4483 laniculum,
2351 4420 2438 4474 ubi
2479 4421 2642 4475 Numa
2675 4423 2912 4485 sepultus
2941 4432 3043 4483 est,
3076 4423 3157 4474 vel
3209 4422 3424 4475 domum
3455 4415 3565 4474 Nn-

1997 4507 2116 4554 mtc,
2145 4507 2263 4560 ante
2291 4493 2344 4545 in
2381 4492 2554 4544 Vesta:
2584 4494 2836 4560 templum
2875 4500 3072 4544 mutata
3107 4493 3222 4545 fuit.
3259 4493 3394 4546 Malo
3418 4493 3564 4547 acci-

1998 4577 2122 4629 pere
2153 4563 2218 4616 de
2249 4561 2414 4614 Roma
2448 4563 2559 4628 ipsa
2588 4578 2603 4627 ;
2646 4577 2708 4615 ac
2747 4561 2902 4616 docte
2929 4563 3131 4615 mentio
3166 4564 3298 4615 facta
3343 4563 3526 4617 Numa-
3547 4605 3562 4630 ,

1992 4632 2106 4697 qui,
2140 4641 2199 4685 nt
2245 4633 2321 4685 ait
2349 4633 2653 4686 Lactantius
2683 4631 2778 4684 lib.
2812 4648 2825 4684 ι
2861 4631 3038 4686 Divin.
3073 4633 3270 4696 lnstit.,
3295 4648 3412 4699 cap.
3462 4634 3562 4696 ἓξ,

1992 4700 2173 4754 harum
2208 4703 2486 4756 sanitatum
2512 4702 2652 4771 apud
2683 4702 2938 4755 Rontonos
2972 4713 3149 4754 auctor
3178 4710 3225 4756 et
3265 4706 3566 4756 constitutor

1995 4773 2110 4841 fuit.
2134 4772 2398 4826 (Steterunt
2423 4772 2851 4836 interpretationi
2881 4772 2946 4826 de
2973 4772 3174 4841 templo
3199 4772 3372 4828 Vesta:
3401 4774 3564 4838 favet,

1993 4847 2134 4910 quod
2165 4841 2398 4896 lasciuus
2424 4857 2452 4895 a
2475 4842 2774 4896 Vestalibus
2801 4841 3100 4896 colebatur.

2068 4913 2190 4965 104.
2224 4914 2347 4966 Ald.
2378 4920 2432 4966 ct
2463 4913 2704 4966 nonnulli
2737 4913 2908 4980 vulg.,
2933 4916 3189 4980 quondam
3214 4929 3311 4981 pro
3335 4911 3563 4976 quidam.

1993 4982 2210 5037 Juretus
2235 4984 2442 5050 quidam
2465 4985 2663 5036 dictum
2692 4983 2769 5036 ait
2788 4984 2937 5044 «μιαεί
2963 4985 3014 5036 in
3045 4993 3430 5052 contemptum.
3461 4981 3566 5052 Ve-

1995 5064 2139 5108 teres
2170 5056 2219 5106 in
2270 5069 2536 5106 summum
2575 5054 2756 5105 odium
2805 5055 3028 5120 alicujus
3075 5070 3142 5108 ne
3187 5050 3565 5106 nominandum

1994 5125 2208 5192 quidem
2242 5124 2550 5177 ('C‘St‘llattt.
2597 5124 2671 5178 De
2697 5123 3128 5194 llellespomiaco
3161 5125 3351 5192 l‘riapo
3381 5120 3567 5175 viden-

1993 5197 2095 5248 dus
2126 5194 2409 5248 Arnobius.
2442 5194 2532 5248 lib.
2569 5209 2644 5248 nt.

2069 5265 2192 5319 107.
2227 5264 2494 5331 Barthius,
2528 5265 2621 5318 lib.
2651 5281 2681 5318 κ
2711 5265 2873 5330 Adv.,
2901 5279 3018 5330 cap.
3051 5264 3101 5327 2,
3135 5263 3260 5329 legit
3291 5278 3355 5316 ex
3385 5261 3569 5326 aliqua

1995 5335 2185 5389 codice
2207 5337 2475 5399 ruricolas,
2504 5335 2597 5388 sed
2629 5349 2751 5388 cum
2779 5336 2830 5388 in
2855 5333 3248 5401 antiquioribus
3275 5331 3569 5386 invenisset

1997 5406 2270 5458 rusticolas
2291 5447 2306 5470 ,
2337 5406 2568 5472 conjecit
2602 5404 2895 5458 lustricolas
2915 5419 2936 5458 :
2969 5416 3088 5456 nam
3121 5403 3284 5455 lustra
3316 5404 3477 5456 densa
3517 5412 3569 5456 et

1999 5478 2224 5529 obscura
2256 5475 2486 5528 ferarum
2515 5475 2729 5528 latibula
2763 5484 2906 5536 sunt,
2942 5473 3028 5526 ubi
3068 5482 3240 5527 sonitu
3276 5473 3351 5526 ini
3382 5473 3434 5525 io
3481 5473 3573 5524 ba-

2001 5546 2258 5610 bitabanl,
2291 5547 2430 5599 dicta
2483 5555 2760 5613 propterea
2815 5547 2970 5609 lllptB.
3016 5544 3200 5596 Postea
3236 5543 3456 5598 urbana:
3479 5557 3574 5596 ca-

2001 5617 2242 5669 rumdem
2269 5617 2536 5680 Spelunca:
2558 5615 2834 5681 appr-Habe
2857 5613 3016 5664 etiam
3047 5622 3170 5667 sunt
3197 5615 3380 5668 lustra.
3413 5615 3575 5668 1Ιάιὶ11-

2001 5687 2110 5738 sins
2140 5702 2243 5738 non
2267 5687 2477 5739 videtur
2525 5685 2716 5753 legisse
2759 5695 2844 5734 aut
2890 5682 3225 5738 intellexisse
3254 5684 3526 5739 llartbiutu
3561 5701 3572 5735 :

1999 5756 2074 5808 ait
2115 5756 2283 5817 etiim,
2318 5756 2530 5808 Baribio
2584 5753 2824 5806 arridere
2875 5753 3125 5808 ruricolas
3172 5755 3388 5810 Juretus
3413 5759 3572 5808 etiam

2004 5825 2193 5881 alicubi
2223 5825 2421 5880 invenit
2447 5824 2717 5892 ruricolas,
2736 5824 2829 5880 sed
2853 5841 2916 5881 cx
2947 5841 3042 5883 suo
3065 5826 3248 5884 codice
3271 5824 3572 5882 emendavit

2181 875 2350 943 Supra
2371 875 2639 929 hominem
2655 876 3107 938 coluit,simulans
3122 893 3213 945 per
3227 877 3401 932 nubila
3420 878 3577 946 ferri,
3668 925 3672 929 .
