4154 6188
299 303 408 354 1εῆ

479 409 652 476 Atque
677 407 873 463 avidus
905 407 1036 474 vini,
1069 408 1234 462 multo
1267 421 1326 462 se
1358 409 1559 478 proluit
1587 410 1804 476 haustu,

480 498 814 553 Gemmanlis
841 510 1040 568 patera:
1069 499 1296 568 spumis,
1337 509 1622 564 mustoque
1663 501 1894 556 Falerno

475 589 978 661 7osPerlundens
989 589 1218 660 hijugum
1234 591 1464 645 rorantia
1479 600 1622 660 terga
1638 591 1890 646 ferarum.

481 681 574 742 llis
593 695 736 736 nunc
760 696 860 751 pro
883 681 1091 736 meritis
1115 681 1322 734 Baccho
1337 696 1498 751 caper
1514 683 1762 736 omnibus
1783 683 1893 738 aris

300 772 407 828 150
480 770 738 838 (ﬁnditur,
771 779 826 826 et
869 771 1066 826 virides
1103 769 1414 827 discindunt
1451 787 1548 826 ore
1577 772 1886 844 chelydros,

481 863 584 932 Qui
626 862 905 918 Bromium
939 863 1152 933 placare
1202 864 1388 918 volunt
1415 864 1601 934 :‘quod
1635 873 1690 918 et
1741 865 1888 920 ebria

1544 953 1668 1026 [jam
1698 963 1822 1010 tunc

482 1049 626 1103 Ante
654 1045 846 1102 oculos
875 1046 1015 1114 regis
1039 1055 1338 1116 satyrorum
1368 1047 1573 1100 insania
1606 1044 1748 1112 fecit,

483 1141 550 1194 Et
571 1139 762 1192 fecisse
789 1152 916 1192 reor
958 1137 1193 1190 stimulis
1229 1135 1510 1194 furialibus
1541 1141 1682 1206 ipsas

479 1227 770 1296 Maenadas,
808 1228 1170 1282 inﬂammante
1207 1243 1356 1282 inero
1408 1229 1456 1280 in
1511 1230 1689 1282 scelus
1733 1243 1893 1282 omne

1555 1323 1802 1392 Iruhﬂas.

1403 300 1598 356 UBE“
1639 300 1656 355 1
1697 299 1972 358 CONTRA
2011 301 2458 359 SYMMACIIUM.

3463 313 3567 363 130

1921 421 1973 476 Α
2009 412 2107 468 155
2182 411 2484 484 7091loc
2531 413 2964 470 circumsaltante
3008 417 3212 484 choro,
3256 419 3579 476 temulentus

3279 509 3514 580 [-dulter

2177 596 2390 652 Invenit
2415 599 2718 666 expositum
2763 599 2960 656 secreti
2991 601 3042 656 in
3075 601 3271 656 littoris
3300 613 3416 658 acta

2177 690 2432 758 Corporis
2481 692 2680 760 egregii
2713 703 2985 746 scortum:
3020 694 3159 762 quod
3209 694 3442 762 perﬁdus
3475 696 3582 750 illic

2177 778 2430 848 Liquerat
2451 780 2878 849 inccstojuvenis
2905 784 3126 836 satiatus
3155 799 3358 840 amore.

2179 869 2328 926 llanc
2349 870 2504 940 jubet
2525 883 2856 942 assumptum
2891 874 3104 930 fervens
3133 885 3250 944 post
3273 877 3392 931 vina
3434 878 3580 932 Nem-

3371 969 3505 1040 [rant

2181 1054 2376 1110 Secum
2403 1055 2456 1108 in
2481 1055 2687 1110 deliciis
2721 1057 2978 1112 ﬂuitantis
3001 1067 3145 1114 stare
3175 1062 3428 1130 triumphi
3455 1103 3469 1122 .

2181 1147 2540 1216 Regalemqne
2567 1147 2732 1200 decus
2753 1148 2942 1216 capitis
2963 1157 3177 1216 gestare
3191 1165 3467 1206 coroiiam.

2179 1237 2301 1290 Mox
2331 1237 2646 1290 Ariadnmns’
2669 1237 2838 1292 9181113
2867 1239 3175 1292 cmlestibus
3206 1241 3343 1308 ignis

2181 1325 2408 1380 Additur
2435 1345 2447 1382 :
2475 1327 2576 1381 hoc
2605 1330 2837 1397 pretium
2869 1330 3043 1384 noctis
3087 1333 3342 1400 persolvit
3377 1333 3578 1390 honore

2009 1058 2028 1110 1
2045 1055 2109 1108 10

1607 1455 1894 1512 GLOSS/E
1937 1457 2268 1514 VETERES.

370 1552 495 1608 127.
527 1551 724 1618 Musto,
751 1564 902 1604 novo.
931 1578 998 1590 —
1028 1547 1276 1612 Falerno,
1309 1563 1452 1600 mons
1477 1547 1580 1601 uini
1607 1548 1784 1618 Optimi
1810 1549 1886 1617 fe-

298 1625 495 1748 mihi:
527 1690 881 1756 Perlundens,
905 1689 1136 1762 jactabat
1161 1691 1332 1742 vinum
1351 1688 1402 1741 in
1423 1704 1590 1756 equos.
1627 1687 1885 1762 -—-_Fera-

301 1781 444 1827 rum,
477 1779 599 1816 nam
633 1762 844 1831 tigrides
875 1758 927 1813 in
958 1776 1110 1812 curru
1138 1763 1248 1830 ejus
1277 1777 1386 1831 esse
1409 1763 1664 1831 (crupitur,
1699 1758 1738 1812 1.

372 1833 496 1888 129.
522 1829 719 1902 Caper,
747 1833 870 1902 quia
893 1829 1176 1902 contrarius
1200 1837 1274 1882 est
1303 1829 1568 1902 vitibus,_l.

377 1903 500 1960 150.
548 1899 883 1965 υῖεείιιώιιιι,
933 1900 1186 1954 mordent.
1231 1899 1644 1970 —(Jhelydros,
1677 1914 1887 1970 serpen-

451 1972 492 2028 1.

304 1990 500 2096 ’δ’ἰδι.
533 2041 830 2104 Bromium,
863 2039 1098 2095 Bromius
1137 2040 1366 2094 minister
1399 2039 1496 2109 fuit
1533 2039 1726 2093 Liberi.
1759 2039 1892 2094 Bro-

305 2115 456 2176 mius,
491 2113 546 2164 id
577 2121 648 2164 est
675 2111 924 2176 Bacchus,
967 2129 1000 2164 tt
1042 2111 1237 2175 bromo,
1281 2109 1335 2162 id
1375 2121 1446 2164 est
1471 2111 1718 2176 cellario;
1757 2112 1834 2163 vel
1862 2127 1895 2164 a

307 2186 501 2246 bruma,
527 2181 584 2235 in
607 2199 709 2251 qua
747 2182 962 2234 multum
987 2182 1300 2244 comeditur;
1325 2181 1408 2236 cui
1435 2183 1589 2234 etiam
1619 2197 1768 2250 caper
1792 2183 1887 2234 int-

307 2253 554 2315 molatur,
584 2251 706 2321 quia
739 2253 894 2304 uineis
920 2253 1066 2305 valde
1097 2261 1260 2312 nocet,
1289 2251 1327 2304 1.

376 2321 500 2393 152.
531 2323 874 2393 Satyrorum,
905 2323 1064 2392 satyri
1109 2321 1288 2376 rustici
1318 2331 1456 2388 sunt,
1486 2337 1544 2375 eo
1572 2321 1710 2390 quod
1752 2329 1896 2374 satu—
1937 2351 1940 2354 -

306 2394 410 2446 rari
442 2392 652 2446 libidine
677 2403 961 2464 nequeunt;
989 2393 1064 2445 uel
1089 2399 1268 2460 poeta,
1300 2393 1386 2461 qui
1407 2409 1664 2461 nunquam
1688 2394 1894 2464 sapien-

307 2466 378 2517 tia
407 2471 732 2526 saturantur,
763 2463 800 2516 1.

378 2534 502 2588 154.
537 2534 822 2594 Mmriadas.
855 2533 1093 2601 feminas,
1141 2548 1252 2602 qua:
1277 2542 1322 2585 et
1357 2531 1595 2598 Baechce,
1628 2533 1682 2586 id
1709 2541 1784 2587 est
1809 2532 1892 2586 in-

311 2605 580 2658 sanientes.
611 2633 684 2644 —
713 2602 950 2667 Rotatas,
981 2603 1353 2672 praecipitatus,
1389 2603 1429 2656 1.

381 2675 506 2730 1.1-5.
545 2673 924 2736 Temulentus,
961 2690 992 2726 a
1022 2683 1224 2740 temeto,
1253 2673 1306 2726 id
1339 2683 1412 2727 est
1443 2674 1554 2728 vino
1582 2673 1812 2742 antiquo.
1846 2672 1884 2724 Ι.

2071 1553 2191 1626 130'.
2235 1551 2396 1616 Acta,
2427 1552 2480 1626 in
2511 1553 2800 1616 viriditate;
2821 1556 3086 1626 amrenitas
3117 1556 3382 1622 litteram;
3417 1571 3532 1612 arte
3557 1603 3571 1626 ,

1998 1621 2110 1676 loca
2123 1623 2357 1696 arenosa,
2376 1621 2449 1675 uel
2459 1640 2658 1676 antoena
2675 1639 2694 1676 :
2708 1640 2822 1674 nam
2835 1639 2934 1678 Αετ
2945 1642 2970 1677 I-:
2983 1623 3025 1678 G
3033 1627 3152 1679 neci
3165 1627 3336 1680 dicunt
3359 1621 3572 1696 lt'llus,|;

1991 1692 2296 1756 amoenitate,
2313 1692 2432 1745 “at.

2067 1763 2188 1835 157.
2229 1761 2503 1835 Scor_tnm,
2539 1761 2812 1835 Neaeram,
2849 1763 2889 1815 1.
2923 1763 3196 1835 .‘_1_riadnem
3219 1809 3233 1834 ,
3275 1767 3436 1835 ﬁlium
3471 1770 3571 1822 illi-

1995 1834 2125 1896 nois,
2157 1849 2311 1902 quam
2345 1833 2568 1886 Theseus
2598 1833 2898 1901 reliquerat,
2933 1833 3053 1888 Vat.
3085 1834 3151 1888 A.

2072 1903 2195 1957 158.
2242 1903 2476 1967 luce-to,
2511 1903 2712 1967 illicito,
2746 1905 2821 1955 vel
2852 1904 3079 1970 polluto,
3119 1907 3220 1959 lso.

2069 1973 2196 2030 159.
2227 1975 2490 2036 Nearram,
2515 1973 2748 2040 pellicem
2774 1974 2852 2028 uel
2880 1975 3232 2038 concubinam,
3273 1976 3309 2030 1.
3339 1976 3576 2033 Νιαιναηι

1997 2043 2148 2108 dixit,
2171 2044 2316 2111 quasi
2338 2059 2653 2096 communem
2678 2045 2894 2096 anticum
2911 2083 2926 2107 ,
2948 2047 3066 2100 Rat.

2073 2112 2196 2166 142.
2237 2113 2552 2166 Ariadnaeus
2581 2154 2596 2176 ,
2654 2115 2951 2178 Ariadnem,
2993 2126 3163 2168 natam
3207 2117 3393 2169 Minois
3443 2121 3576 2183 regis

2001 2184 2184 2260 Cretce,
2215 2183 2365 2260 Liber
2386 2195 2528 2252 pater
2559 2185 2608 2234 in
2633 2186 2924 2260 conjugium
2952 2187 3140 2260 accepit
3161 2203 3176 2248 ;
3201 2199 3406 2260 prop‘er
3433 2193 3578 2260 cujus

2006 2259 2248 2308 honorem
2291 2255 2422 2306 inter
2465 2262 2606 2306 astra
2652 2254 2814 2306 locata
2847 2258 3043 2326 rst,vel
3079 2254 3208 2310 uxor
3241 2257 3407 2310 Liberi
3437 2254 3535 2326 fuit
3563 2277 3578 2318 ,-

2003 2341 2158 2395 quant
2198 2340 2314 2377 cum
2351 2326 2658 2395 accepisset,
2691 2326 2860 2376 attulit
2914 2325 3174 2380 Vulcanus
3227 2325 3496 2392 coronam,
3525 2331 3579 2382 in

2004 2393 2106 2466 qua
2161 2405 2302 2448 erant
2351 2403 2538 2464 septem
2587 2393 2826 2466 lapides:
2879 2411 3034 2464 quani
3083 2395 3232 2451 Liber
3265 2399 3326 2452 ob
3355 2415 3580 2452 amorem

2005 2464 2252 2518 Ariadna:
2291 2466 2342 2516 in
2371 2467 2494 2518 aeto
2521 2464 2823 2518 collocauit:
2849 2482 3002 2525 quam
3043 2470 3194 2522 modo
3227 2485 3464 2525 coronam
3495 2469 3579 2522 di-

2005 2483 2252 2518 nrtaanw
2291 2483 2342 2516 in
2371 2483 2494 2518 cauo
2521 2483 2785 2518 couocavu
2806 2483 2823 2518 :
2849 2483 2894 2586 qi

2003 2536 2391 2604 cunt.—lgnis,
2425 2551 2590 2600 amor,
2627 2537 2820 2600 minna,
2883 2578 2894 2588 .

2081 2605 2204 2660 145.
2249 2605 2482 2668 llonore,
2525 2614 2731 2674 prepter
2757 2607 3020 2674 honorem,
3055 2607 3094 2662 1.

1675 2761 2236 2838 COMMENTARIUS.

309 2887 444 2936 latus
473 2883 610 2936 enim
637 2879 840 2935 Cretam
871 2897 986 2934 cum
1027 2879 1255 2934 semiviro
1303 2879 1573 2942 comitatu,
1607 2887 1782 2930 nactus
1821 2887 1894 2930 est

309 2954 624 3020 impudicam
667 2950 932 3004 mulierem
977 2951 1028 3020 in
1059 2951 1246 3004 littore.
1289 2950 1514 3020 Imitatio
1559 2949 1794 3020 Maronis
1839 2963 1892 3002 Iv

309 3022 522 3078 Eneid.
552 3040 564 3074 :
601 3025 666 3074 At
696 3039 825 3074 nunc
850 3021 938 3074 ille
969 3019 1119 3074 Paris
1144 3036 1256 3073 cum
1284 3019 1516 3072 semiviro
1539 3019 1799 3073 comitatu.

365 3093 506 3152 .126.
543 3093 664 3145 Vat.
691 3092 736 3146 A
759 3107 786 3142 a
819 3093 982 3160 prima
1016 3106 1196 3153 manu,
1229 3089 1450 3160 hastam,
1480 3097 1752 3160 corrupte.

379 3165 506 3217 1'27.
543 3157 858 3224 Bccn'tanus,
891 3165 942 3215 in
969 3161 1268 3215 fllanuduct.
1300 3161 1365 3212 ad
1395 3159 1520 3227 ling.
1543 3159 1656 3212 Lat.
1688 3173 1808 3224 cap.
1837 3157 1892 3222 6,

311 3235 552 3288 correxit
584 3239 774 3301 patera:
813 3248 909 3298 pro
950 3242 1139 3302 patere,
1183 3229 1339 3302 quod
1371 3230 1420 3282 in
1450 3229 1718 3302 nonnullis
1747 3227 1892 3297 vulg.

311 3299 752 3363 exstabat.‘Ald.,
781 3299 970 3371 Boug;
1003 3301 1189 3367 Torn.,
1221 3299 1445 3371 Widm.,
1470 3309 1525 3371 et
1549 3299 1638 3354 alii
1660 3305 1892 3371 veteres,

313 3374 494 3427 multo.
550 3373 656 3428 Sed
685 3373 862 3426 verius
887 3369 1097 3426 videtur
1135 3381 1298 3424 musto
1329 3369 1541 3424 llcinsio
1562 3385 1680 3424 cum
1709 3369 1895 3438 Egm.,

315 3444 559 3508 Cauch.,
607 3443 728 3512 quia
772 3452 1116 3512 prtecesserat
1170 3441 1329 3495 multo
1379 3443 1610 3512 truncata,
1641 3440 1696 3494 ln
1743 3440 1895 3494 Alex.

313 3515 476 3568 etiam
505 3523 562 3569 et
591 3509 985 3567 Jureti’codice
1013 3523 1096 3565 est
1127 3523 1308 3576 musto,
1331 3522 1384 3564 et
1416 3511 1465 3563 in
1493 3509 1694 3564 Widm.
1736 3525 1896 3576 supra

313 3601 464 3647 noro,
493 3594 550 3638 ut
587 3593 750 3636 musto
779 3582 1117 3650 reSpundeat.
1151 3581 1276 3635 Mihi
1307 3598 1409 3634 non
1440 3579 1686 3647 displiCit
1713 3581 1894 3644 multo,

314 3669 434 3707 nam
453 3669 600 3722 sarpe
617 3653 936 3708 Prudentius
954 3651 1252 3722 hujnsuuuli
1283 3651 1685 3722 repetitionibus
1713 3655 1896 3704 utitur.

315 3721 544 3777 latitatio
577 3722 782 3792 Virgilii
811 3723 903 3776 lib.
933 3737 994 3775 ις
1025 3721 1378 3790 Illeimpiger
1427 3721 1596 3774 hausit
1639 3721 1900 3786 Spuman-

314 3805 406 3848 tem
433 3791 693 3864 pateram,
721 3803 768 3847 et
795 3795 944 3864 pleno
963 3810 1016 3846 re
1038 3791 1227 3863 proluit
1248 3807 1396 3864 auro.

389 3863 516 3919 128.
551 3863 675 3917 Rat.
705 3879 732 3916 a
760 3861 926 3933 prima
959 3861 1138 3926 manu,
1183 3863 1341 3925 male,
1388 3862 1624 3933 injugum
1651 3876 1747 3929 pro
1769 3861 1901 3933 bijn-

313 3951 456 4003 gum.
505 3931 833 3996 Tigrides’et
861 3934 1042 4004 lynces
1068 3933 1245 4004 currui
1295 3931 1481 3986 Bacchi
1517 3931 1672 3984 tribui
1705 3931 1898 4004 solent.

385 4005 514 4059 130.
565 4004 746 4071 Prag.,
795 4001 971 4058 minus
1021 4003 1220 4072 probe,
1265 4003 1490 4056 creditur
1521 4017 1617 4069 pro
1667 4001 1898 4072 (ceditur.

317 4076 502 4142 I‘rag.,
547 4073 747 4128 Widm.
779 4089 971 4141 supra,
1003 4071 1120 4126 ltat.
1152 4087 1180 4126 a
1221 4072 1454 4126 secunda
1499 4087 1680 4134 manu,
1713 4071 1905 4124 chelin-

314 4147 458 4198 dros.
497 4145 689 4213 Bong.,
717 4145 922 4200 Widm.
944 4185 957 4208 ,
990 4145 1263 4196 celindros.
1295 4143 1412 4196 11ηι.
1446 4159 1474 4195 a
1521 4142 1688 4210 prima
1717 4157 1900 4206 manu,

315 4215 586 4268 chelidris.
637 4215 944 4284 Legendum
991 4230 1109 4269 cum
1161 4213 1280 4267 aliis
1309 4213 1592 4284 chelydros.
1643 4213 1716 4265 Ita
1742 4214 1903 4284 etiam

318 4285 488 4340 habet
515 4286 678 4347 Man,
709 4283 802 4340 sed
833 4298 992 4352 supra
1036 4285 1338 4352 chelyndros
1365 4297 1484 4337 cum
1530 4283 1704 4351 glossa
1750 4283 1899 4350 pilos.

315 4355 578 4408 Martinus
609 4355 719 4408 Bon
751 4357 839 4408 lib.
865 4372 898 4408 ιι
925 4356 1101 4423 Sing.,
1151 4364 1287 4422 part.
1316 4355 1372 4418 2,
1401 4368 1520 4420 cap.
1557 4353 1642 4416 10,
1674 4353 1909 4406 Ostendit

319 4425 425 4478 viui
442 4426 714 4479 etcolubri
739 4425 1166 4489 similitudinem,
1187 4433 1236 4478 et
1251 4424 1480 4488 explicat
1495 4423 1906 4478 Proverbioruni

319 4494 496 4548 locum
527 4511 542 4549 :
585 4494 770 4548 Vinum
801 4495 1066 4558 mordebit,
1097 4506 1150 4546 ut
1172 4495 1392 4547 coluber.
1425 4494 1557 4546 ilinc
1589 4495 1795 4548 Baccho
1823 4493 1910 4548 di-

321 4578 474 4622 catus
495 4573 580 4620 est
603 4568 794 4630 draco;
823 4581 982 4632 caper
1009 4579 1138 4618 vero
1161 4565 1232 4618 illi
1261 4563 1582 4633 caedebatur.
1609 4565 1730 4633 quia
1753 4573 1912 4618 nocet

320 4637 538 4690 vitibus.
575 4635 828 4705 Virgilius
881 4635 971 4690 lib.
1005 4651 1038 4688 ιι
1085 4635 1280 4702 Georg.
1317 4651 1328 4686 :
1359 4632 1485 4705 Non
1524 4632 1681 4686 aliam
1712 4635 1772 4686 ob
1800 4634 1912 4687 cul-

321 4723 442 4774 pam
481 4703 694 4759 Baccho
730 4721 880 4772 caper
922 4705 1150 4758 omnibus
1192 4706 1296 4758 aris
1343 4703 1597 4774 Creditur,
1637 4714 1682 4756 et
1716 4717 1910 4774 it'eteres

322 4773 502 4830 ineunt
531 4777 798 4847 proscenia
829 4777 956 4830 ludi.
1005 4775 1269 4847 Arnobius
1301 4775 1393 4847 lib.
1438 4789 1468 4826 v
1499 4791 1514 4829 :
1569 4773 1912 4847 Bacchanalia

320 4848 476 4898 etiam
505 4843 950 4914 praetermittamus
973 4846 1241 4911 immania,
1258 4846 1436 4912 quibus
1461 4861 1638 4897 nomen
1663 4843 1910 4914 omophu-

320 4919 416 4982 giis
449 4914 688 4969 (Ii—tecum
715 4927 787 4970 est
817 4931 836 4968 :
879 4917 932 4968 in
953 4917 1132 4984 quibus
1163 4915 1338 4984 furore
1383 4916 1613 4978 mentito,
1647 4925 1692 4967 et
1727 4931 1904 4982 seque-

321 4994 486 5038 strata
528 4987 748 5054 pectoris
783 4987 1022 5050 sanitate,
1068 4987 1466 5046 circumplicatis
1501 5002 1586 5037 vos
1637 4986 1908 5054 anguibus,

323 5067 498 5122 (itque,
530 5067 584 5108 ut
614 5071 700 5110 vos
729 5058 904 5126 plenos
931 5057 1011 5110 dei
1037 5057 1244 5108 numine
1271 5072 1333 5108 ac
1375 5057 1640 5124 majestate
1663 5055 1908 5126 doceatis,

319 5141 598 5192 caprorum
627 5125 1010 5180 reclamantium
1035 5126 1225 5180 uiscera
1253 5126 1526 5180 cruentatis
1555 5127 1658 5179 oris
1687 5125 1912 5194 dissipa-

317 5197 412 5248 tis.
443 5194 572 5250 \‘idc
601 5197 762 5250 etiam
791 5197 847 5250 S.
881 5199 1231 5264 Augustinum
1262 5197 1330 5250 de
1355 5196 1510 5250 Civil.
1539 5197 1630 5249 Dei
1661 5197 1754 5249 lib.
1797 5211 1865 5248 vn
1894 5235 1910 5260 ,

315 5282 446 5332 cap.
472 5265 562 5329 2|,
593 5276 646 5322 et
677 5266 878 5320 lolium
911 5266 1193 5322 Firmicnm
1223 5267 1291 5322 de
1339 5267 1522 5321 Error.
1567 5265 1706 5335 prof.
1756 5267 1904 5335 relig.

315 5335 652 5391 Prudentius
679 5337 782 5392 hoc
811 5338 1078 5407 peculiare
1105 5347 1305 5401 narrat,
1337 5338 1478 5406 quod
1511 5336 1780 5390 nuenades
1803 5353 1910 5392 nou

313 5409 498 5461 solum
547 5408 784 5462 colubris
827 5415 1235 5469 coronarentur,
1264 5423 1448 5462 verum
1494 5411 1652 5462 etiam
1682 5421 1776 5462 eos
1816 5422 1911 5462 ore

313 5477 740 5544 cmnprimerent
771 5493 785 5533 :
818 5477 920 5532 hoc
947 5481 1087 5532 enim
1117 5488 1197 5532 est
1234 5479 1554 5541 discindunt,
1601 5477 1738 5542 sive,
1773 5487 1828 5532 nt
1856 5479 1908 5532 in

313 5547 512 5600 codice
533 5547 700 5602 .lureti
744 5548 956 5618 legitur.
998 5549 1321 5618 descindunt,
1351 5551 1503 5617 quasi
1545 5549 1798 5602 colubros
1828 5548 1908 5602 la-

311 5627 574 5671 cerarent
598 5617 870 5673 dentibus.
904 5617 1151 5672 Barthius
1183 5619 1272 5673 lib.
1311 5635 1364 5672 xx
1389 5619 1636 5682 Advers.,
1671 5632 1790 5686 cap.
1821 5618 1907 5684 15,

311 5697 475 5756 putat
518 5687 800 5756 legendum
845 5688 896 5742 in
939 5688 1177 5742 Arnobio
1228 5689 1607 5758 ophiophagiis,
1641 5689 1715 5742 uti
1749 5691 1908 5743 etiam

313 5776 370 5811 ιιι
407 5759 684 5814 Clemente
711 5759 1097 5820 Alexandrino,
1136 5760 1286 5820 cuius
1325 5762 1482 5815 verba
1528 5759 1770 5814 traduxit
1806 5761 1910 5813 Ar-

2002 2876 2214 2930 nobius.
2243 2878 2332 2931 Sic
2363 2876 2679 2932 Prudentius
2715 2885 2862 2931 recte
2898 2877 2971 2930 ait
3006 2893 3091 2932 ore
3117 2879 3425 2946 discindunt,
3459 2897 3578 2936 nam

2001 2947 2353 3018 ophiOphagia
2407 2957 2600 3018 sonant
2640 2947 3048 3002 dilacerationes
3077 2963 3170 3002 seu
3213 2951 3581 3005 devoratinnes

2001 3017 2330 3090 serpentium
2361 3034 2374 3072 :
2400 3017 2582 3090 qualia
2607 3034 2730 3090 Anon
2764 3033 2932 3090 pauca
2967 3018 3122 3073 hodie
3149 3035 3363 3090 quoque
3389 3037 3415 3074 a
3445 3038 3581 3090 pra-.-

1921 3079 1966 3140 C
2000 3079 2362 3160 stigiatoribus
2393 3079 2504 3160 ﬁeri
2531 3079 2788 3142 videmus.
2812 3089 2936 3160 Etsi
2977 3079 3422 3160 autem-chelydri
3445 3079 3585 3145 'viri-

1999 3158 2096 3211 des
2126 3158 2375 3212 dicantur
2411 3159 2571 3212 etiam
2625 3159 2822 3213 racemi
2882 3159 2934 3212 in
2984 3161 3215 3227 speciem
3259 3158 3584 3228 serpentium

1998 3229 2522 3352 gircumpendentes,
2558 3229 2699 3284 aliud
2748 3239 2925 3284 tamen
2972 3241 3201 3300 arguunt
3227 3233 3384 3285 verba
3436 3231 3573 3286 Pru-

2037 3309 2188 3352 entn.
2691 3333 2696 3336 -

2037 3309 2188 3354 entn.
2691 3333 2696 3336 -

2071 3369 2195 3426 1'51.
2228 3370 2358 3440 Mar.
2391 3383 2420 3424 a
2459 3369 2626 3439 prima
2668 3383 2850 3432 manu,
2904 3371 3134 3440 itemque
3173 3370 3292 3424 Rat.
3337 3387 3366 3424 a
3409 3373 3578 3440 prima

2001 3453 2182 3504 manu,
2213 3438 2630 3512 placererrecte
2657 3441 2996 3496 emendatum
3027 3438 3256 3510 placare.
3303 3438 3444 3512 quod
3473 3460 3586 3498 me-

2003 3519 2142 3564 trum
2173 3509 2230 3564 et
2256 3509 2514 3564 Latinitas
2537 3514 2801 3576 exposcit.
3321 3509 3335 3512 ’
3536 3529 3540 3532 ·

2072 3581 2196 3634 154.
2245 3581 2493 3634 Nonnulli
2523 3581 2764 3635 scribunt
2801 3580 3066 3635 menadas.
3117 3582 3254 3643 PaL.
3303 3583 3584 3646 mendose.

1999 3659 2212 3774 rloltatua.
2253 3651 2328 3704 Dc
2359 3651 2441 3705 his
2471 3653 2592 3705 vide
2629 3649 2822 3704 Catulli
2875 3667 3090 3706 carmen
3131 3653 3288 3723 Nupt.
3345 3653 3488 3708 Pelei
3527 3663 3582 3710 et

2069 3730 2159 3774 icti
2203 3735 2284 3772 os.

2069 3730 2284 3774 ιθιιαος.

2075 3789 2198 3843 155.
2241 3790 2398 3852 Prag.
2418 3829 2434 3855 ,
2463 3789 2544 3843 hic
2575 3803 2672 3864 pro
2700 3789 2827 3864 hoc._
2855 3789 3143 3864 Riceiolins
3174 3794 3223 3845 in
3267 3792 3442 3848 lodice
3473 3795 3584 3864 syl-

2003 3861 2108 3914 lah.
2137 3869 2470 3914 Controvers.
2501 3861 2684 3913 multis
2716 3860 2923 3927 probat,
2960 3863 3182 3926 primam
3215 3875 3264 3914 ct
3295 3860 3586 3918 secundam

2005 3933 2058 3985 in
2086 3932 2388 3984 temulentus
2406 3944 2900 3985 esseciimmnnem.
2931 3931 3174 3984 Barthius
3202 3933 3302 3984 loc.
3335 3935 3427 3986 rit.
3461 3950 3586 3988 con-

2007 4001 2179 4056 tendit
2210 3999 2488 4067 legendum
2504 3998 2835 4063 merulentus,
2860 3999 3000 4066 quod
3021 4001 3149 4052 mihi
3177 4017 3280 4054 non
3298 4006 3580 4066 persiiasit.

2079 4073 2202 4126 1'56.
2243 4070 2460 4126 Juretus
2495 4069 2667 4138 rejicit
2697 4085 2816 4122 arca
2844 4085 2938 4140 pro
2965 4079 3118 4136 acta;
3177 4071 3358 4124 nescio
3398 4082 3578 4125 autem

2007 4142 2093 4196 ubi
2141 4143 2405 4196 invenerit
2451 4159 2592 4195 arcu.
2625 4140 2814 4204 Notat,
2851 4151 3018 4194 actam
3066 4155 3185 4194 esse
3234 4152 3498 4195 secretum
3530 4155 3584 4196 et

2006 4227 2277 4266 alumnum
2301 4213 2468 4276 littus,
2499 4222 2553 4266 et
2579 4211 2703 4264 olim
2728 4210 3004 4278 lupanaria
3033 4211 3082 4262 in
3115 4211 3382 4265 littoribus
3414 4213 3579 4268 fuisse

2007 4284 2320 4346 constituta,
2347 4283 2486 4338 unde
2515 4281 2684 4337 videri
2717 4293 2889 4350 potest
2919 4280 3206 4336 deﬂuxisse
3235 4298 3428 4338 nomen
3454 4283 3579 4338 Gal-

2009 4354 2192 4415 licum,
2224 4353 2471 4408 bordeau.
2589 4407 2594 4412 .

2086 4425 2208 4477 157.
2253 4422 2370 4477 Vat.
2403 4423 2468 4486 A,
2490 4421 2704 4485 vitiose,
2741 4432 2939 4476 certum
2965 4430 3014 4474 et
3043 4421 3147 4475 illis
3171 4437 3265 4491 pro
3287 4434 3508 4477 scortum
3539 4433 3592 4479 et

2015 4495 2140 4548 illic.
2176 4493 2414 4548 Perﬁdus
2441 4495 2528 4547 hic
2547 4492 2758 4560 juvenis
2787 4491 2882 4546 fuit
2905 4491 3167 4546 Theseus.

2089 4566 2210 4618 158.
2248 4563 2429 4632 Egm.,
2469 4563 2939 4634 liqueratingusto.

2086 4635 2208 4690 159.
2287 4631 2404 4686 Vat.
2451 4631 2540 4696 ·Λ’,
2605 4631 3080 4703 ιιιςιιοίίΝειιτεηι.
3158 4633 3350 4703 Bong.,
3439 4649 3588 4687 men-

2013 4705 2166 4768 dosc,
2203 4703 2482 4758 Nett'tram.
2517 4703 2777 4756 Antonius
2820 4702 3032 4756 Deli-ius
3062 4702 3358 4758 Commiin
3389 4706 3586 4756 Heren-

2015 4775 2119 4830 lem
2146 4779 2265 4830 Oet.
2298 4776 2518 4830 Seneca:
2545 4777 2814 4833 observat,
2845 4773 2944 4824 hoc
2972 4773 3090 4826 loco
3117 4774 3444 4828 Ariadnetna
3467 4773 3590 4825 Prn-

2013 4846 2196 4900 dentio
2221 4845 2398 4898 vorari
2425 4845 2688 4904 Neaeram,
2721 4845 2838 4911 quia
2869 4844 3180 4898 nieretiices
3204 4845 3339 4898 bene
3360 4843 3587 4905 habitas,

2014 4929 2068 4970 et
2089 4916 2232 4969 succi
2257 4915 2608 4983 plenas,qnas
2637 4915 2794 4968 Attici
2823 4914 3038 4981 pugiles,
3075 4915 3294 4968 liomzttti
3329 4928 3456 4966 voca
3484 4921 3589 4965 iant

2015 4985 2248 5039 Nearras.
2279 4985 2538 5044 Tibullus,
2569 4984 2814 5038 lloratin<
2842 4984 3038 5052 aliique
3062 4986 3260 5051 passim
3285 4985 3382 5038 hoc
3405 4987 3591 5050 appel-

2015 5057 2124 5110 lant
2155 5057 2372 5108 nomine
2394 5057 2722 5113 meretrices.
2743 5061 2834 5106 aut
2862 5068 2982 5106 snas
3011 5055 3231 5109 amicas.

2088 5126 2213 5180 112.
2246 5125 2366 5178 Rat.
2416 5126 2602 5178 scribit
2648 5125 2966 5184 Ariadneus;
2999 5125 3152 5192 Prag.
3185 5125 3480 5190 ariagneus.
3520 5123 3594 5176 De

2014 5211 2214 5251 corona
2239 5195 2501 5251 Ariadnes
2526 5196 2630 5262 pillt
2645 5209 2674 5248 a
2697 5209 2760 5249 ac
2775 5195 2916 5247 varia
2941 5191 3176 5263 llyninus
3189 5193 3389 5246 Poetic.
3410 5191 3596 5246 Astra.

2015 5281 2162 5321 nom.
2191 5267 2286 5321 lib.
2319 5281 2394 5331 ιι,
2421 5281 2542 5333 cap.
2663 5264 2968 5320 Paschalius
3008 5263 3074 5317 de
3119 5263 3346 5333 Coronis
3373 5277 3494 5333 cap.
3525 5265 3558 5317 9
3578 5303 3594 5326 ,

2017 5337 2112 5391 lib.
2142 5353 2181 5402 ι,
2209 5337 2279 5392 de
2309 5337 2407 5390 hac
2435 5331 2546 5404 ipia
2571 5351 2769 5390 corona
2793 5333 3054 5388 Ariadnes
3077 5333 3236 5404 astris
3263 5331 3444 5385 addita
3473 5332 3591 5404 fuse

2014 5407 2250 5463 disserit.
2288 5408 2362 5462 De
2403 5403 2536 5462 vace
2561 5407 2736 5459 minna
2763 5405 2818 5460 in
2845 5406 3020 5473 glossa
3047 5403 3168 5456 vide
3189 5415 3486 5457 comment.
3525 5403 3596 5458 ad

2013 5491 2160 5534 vers.
2195 5479 2316 5532 117.
2681 5488 2689 5496 '

2088 5549 2209 5604 1-15.
2239 5547 2483 5602 Ileinsius
2513 5545 2732 5612 conjicit
2755 5545 2984 5604 honorat,
3007 5541 3216 5595 si-ilicet
3242 5544 3432 5609 noctis;
3457 5543 3597 5596 Grn-

2015 5633 2240 5683 novius,
2290 5619 2492 5671 hunc...
2541 5617 2785 5668 honorem
2829 5627 2924 5684 per
2969 5613 3288 5684 erigat-gestu
3314 5655 3327 5676 ,
3361 5617 3600 5684 persolrit

2015 5691 2150 5742 hunc
2181 5682 2445 5750 honorem,
2501 5687 2716 5754 pretium
2763 5683 2950 5737 noctis.
3003 5682 3124 5736 Mihi
3156 5682 3366 5738 clarior
3392 5688 3600 5737 vnletur

2015 5759 2174 5814 lectio
2201 5759 2444 5814 codicum
2473 5795 2486 5816 ,
2533 5755 2630 5807 hoc
2675 5754 2870 5807 honore
2896 5754 3135 5817 persoluit
3165 5757 3383 5820 predum
3415 5768 3529 5808 uoct
3555 5771 3597 5805 s.
