4154 6188
474 297 572 353 135

719 409 787 466 Ut
815 413 982 468 semel
1014 413 1225 469 obsedit
1252 413 1471 483 gentilia
1508 419 1720 481 pectora
1745 419 1953 481 patrum

647 503 791 558 γεω.
822 507 1155 574 superstitio,
1182 522 1285 559 non
1316 506 1614 573 interrupta
1642 502 1876 558 cucurrit

646 594 887 651 [Etatum
913 611 1007 659 per
1027 596 1171 651 mille
1187 596 1404 666 gradus.
1431 594 1610 650 Tener
1631 593 1836 647 horruit
1854 591 2049 655 luntres,

648 687 711 740 Et
739 687 926 753 coluit,
962 685 1220 755 quidquid
1247 686 1464 740 sibimet
1499 684 1811 740 venerabile
1837 683 1955 737 cani

648 776 1211 831 Monstrarant‘atavi:
1246 792 1531 845 puerormn
1562 774 1781 830 infamia
1809 774 1981 843 primo

652 867 900 920 Errorem
926 879 1047 920 cum
1077 866 1216 921 lacte
1246 867 1381 921 bibit
1406 884 1417 918 :
1448 872 1753 935 gustaverat
1779 865 1914 917 inter

648 957 867 1027 Vagitus
895 957 964 1012 de
988 958 1129 1013 farre
1155 958 1344 1012 molae:
1375 973 1500 1011 saxa
1534 957 1665 1011 illita
1693 957 1832 1010 ceris

651 1049 886 1112 Viderat,
916 1058 1295 1118 unguentoque
1318 1049 1483 1103 Lares
1507 1048 1825 1102 bunicseere
1855 1047 2057 1114 nigros.

646 1140 807 1209 715
837 1138 1142 1193 Formatum
1186 1140 1410 1194 fortuna:
1449 1139 1688 1195 habitum
1712 1154 1834 1194 cum
1886 1139 2061 1194 ditite

1762 1230 1985 1303 [cornu,

656 1321 1044 1388 Sacratumque
1072 1320 1217 1375 domi
1249 1320 1479 1389 lapidem
1503 1321 1799 1376 consistere
1831 1335 2026 1389 parvus

648 1416 948 1495 Spectarat,
984 1423 1315 1480 matremque
1346 1414 1459 1467 illic
1489 1413 1688 1481 pallere
1716 1425 2041 1480 precantem.

655 1505 803 1571 Mox,
828 1504 1067 1560 humeris
1092 1504 1302 1574 positus
1332 1505 1587 1571 nutricis,
1616 1504 1764 1559 trivit
1791 1515 1847 1559 et
1876 1504 1992 1573 ipse

468 686 573 743 2υο

469 1137 574 1193 2Ο3

1605 291 1884 351 AURELII
1924 290 2294 348 PRUDENTII
2330 291 2653 349 CARMINA.

3636 296 3739 351 136

2341 408 2625 477 impressis
2653 407 2860 463 silicem
2896 406 3092 476 labris,
3128 407 3351 475 puerilia
3374 416 3493 463 vota

2190 503 2297 557 210
2338 500 2492 556 Fudit
2514 542 2529 568 ,
2562 515 2797 571 opesque
2820 500 2926 555 sibi
2955 514 3091 554 eatea
3114 499 3183 556 de
3204 516 3337 569 rupe
3365 503 3636 571 poposcit,

2337 592 2764 660 Persuasumque
2804 590 3011 657 habuit,
3064 589 3205 661 quod
3245 592 3367 661 quis
3411 592 3559 659 velit,
3616 593 3744 650 inde

3331 684 3647 756 [petendum
3656 726 3670 741 .

2333 776 2496 847 716
2519 775 2798 844 Nunquam
2825 773 3007 828 oculos
3026 817 3041 841 ,
3070 773 3415 843 animumque
3445 775 3626 831 levans
3653 793 3741 831 ra-

3169 863 3371 936 [tionis
3395 866 3460 920 ad
3491 882 3671 923 arcem

2343 957 2568 1014 Rettulit
2601 975 2613 1012 :
2645 955 2904 1012 insulsum
2936 955 3105 1010 tenuit
3133 955 3224 1009 sed
3248 955 3501 1011 credulus
3530 972 3683 1012 usum
3770 966 3775 971 ‘

2342 1048 2587 1103 Privatos
2608 1046 2887 1102 celebrans
2916 1061 3173 1113 agnorum
3204 1047 3463 1115 sanguine
3491 1048 3669 1103 divos.

2198 1139 2306 1195 215
2342 1138 2567 1207 Jamque
2582 1137 2744 1192 domo
2757 1136 3052 1205 egrediens,
3070 1145 3127 1190 ut
3144 1136 3352 1204 publica
3369 1137 3748 1209 l'esta,diesqne

2333 1231 2419 1284 .Et
2446 1229 2601 1284 ludos
2627 1227 2849 1297 stupuit,
2877 1227 3019 1281 celsa
3049 1235 3105 1282 et
3121 1227 3376 1294 Capitolia
3408 1227 3568 1292 vidit,
3614 1298 3621 1305 δ

2342 1321 2770 1391 Laurigerosque
2798 1317 2955 1373 deum
2995 1318 3207 1386 templis
3235 1327 3414 1372 astare
3442 1318 3745 1386 ministros,

2340 1414 2417 1468 Ac
2445 1412 2665 1469 Sacram
2697 1425 2951 1467 resonare
2979 1411 3116 1464 viam
3139 1409 3427 1479 mugitibus
3455 1420 3583 1465 ante

2344 1504 2636 1559 Delubrum
2667 1502 2849 1557 Romae
2879 1500 3095 1564 (colitur
3131 1515 3251 1555 nam
3273 1502 3532 1572 Sanguine
3554 1513 3607 1558 et
3631 1504 3746 1573 ipsa

1786 1598 2077 1653 GLOSSA‘I
2119 1597 2462 1652 VETERES.

542 1687 667 1742 205.
697 1687 871 1759 illidat,
892 1688 1029 1742 mola
1050 1704 1208 1759 genus
1237 1688 1477 1758 sacri/itii
1504 1688 1568 1742 de
1589 1689 1728 1757 farre
1755 1698 1803 1743 et
1832 1688 1964 1744 sole.
1990 1719 2061 1732 σ-
2093 1694 2136 1751 B
2232 1690 2360 1745 211.
2402 1690 2659 1752 Privatos,
2683 1702 2957 1759 pauperes.
2980 1686 3021 1741 l.

475 1755 629 1821 Illita,
657 1757 831 1822 polita,
859 1757 898 1811 Ι.

545 1825 668 1898 2υ4.
705 1826 1005 1898 Unguento,
1033 1846 1150 1882 cum
1177 1829 1308 1882 oleo.
1331 1858 1402 1868 —-—
1426 1829 1607 1893 Lares,
1632 1845 1793 1898 ignes,
1824 1828 1864 1885 1.

543 1896 667 1953 205.
712 1897 987 1961 Fortunae,
1026 1900 1238 1955 dete.-
1263 1899 1432 1952 D.vite
1460 1914 1625 1952 ceinu
1649 1896 1667 1963 ζ
1694 1900 1748 1952 id
1772 1908 1847 1952 est
1876 1914 2053 1951 aureo.

479 1965 713 2021 Fortuna
743 1968 905 2038 fertur
948 1969 1132 2023 habere
1176 1971 1230 2022 in
1280 1969 1459 2021 dextra
1505 1986 1661 2022 manu
1700 1985 1895 2034 cornu,
1927 1970 2064 2038 quod

476 2039 712 2106 uympltw
743 2040 972 2092 omnibus
1003 2039 1145 2092 bonis
1173 2039 1501 2106 repleverint,
1535 2039 1575 2094 Ι.

545 2107 670 2161 208.
712 2110 901 2171 'l‘rivit,
930 2111 1187 2162 osculatus
1217 2119 1308 2176 est,
1336 2110 1456 2161 llat.

545 2177 669 2229 211.
717 2179 1053 2245 l'ersnasum,
1085 2189 1297 2243 certum,
1326 2189 1608 2246 speratum,
1635 2179 1676 2236 Ι.

545 2246 672 2302 215.
713 2248 998 2317 lnsulsum,
1028 2249 1259 2317 stultum,
1293 2251 1686 2319 imprudentem,
1718 2250 1757 2305 Ι.

2238 1760 2365 1817 216.
2412 1760 2689 1827 Capitolia,
2714 1759 2918 1826 templa,
2945 1757 2981 1811 l.

2236 1830 2362 1885 218.
2402 1830 2623 1885 Sacram
2655 1830 2822 1893 viain,
2858 1827 3021 1883 Sacra
3060 1829 3139 1881 uia
3178 1836 3252 1882 est
3297 1826 3474 1883 Romae
3497 1869 3511 1889 .
3543 1831 3673 1883 sicut
3701 1840 3749 1884 et

2177 1899 2359 1953 Latina
2383 1917 2401 1954 :
2431 1902 2483 1952 in
2510 1916 2571 1952 ea
2597 1902 2676 1952 via
2706 1899 3021 1952 reconciliati
3059 1908 3173 1950 sunt
3205 1896 3384 1953 Sabini
3423 1910 3471 1952 et
3506 1900 3746 1953 Romani.

2168 2001 2241 2011 —
2261 1970 2575 2040 Mugitihus,
2609 1970 2937 2040 aintugitié'us
2966 1968 3153 2021 scilicet
3184 1968 3334 2021 boum
3372 1970 3448 2024 rel
3477 1973 3746 2024 crium.—

2168 2045 2330 2104 Ante,
2354 2039 2528 2095 coram
2551 2057 2626 2103 se,
2654 2039 2690 2093 Ι.

2237 2111 2373 2183 219.
2408 2111 2713 2183 Delubrum,
2742 2109 3219 2183 tentplttm_l'eno°ris
3241 2121 3285 2183 et
3315 2110 3489 2165 Roma'
3511 2115 3616 2167 detr
3634 2115 3749 2183 pari

2170 2182 2442 2236 altitudine
2467 2197 2521 2235 se
2549 2178 2960 2234 extollebant.—
2985 2179 3051 2234 Et
3080 2181 3215 2249 ipsa,
3246 2182 3431 2234 ironia.
3462 2187 3497 2236 l.

1825 2336 2378 2396 COMMENTARIUS.

480 2428 617 2490 vius,
640 2428 855 2482 sacravit
886 2440 1068 2482 terror.
1103 2428 1217 2483 Non
1246 2442 1328 2483 εει
1354 2429 1692 2484 sollicitanda
1725 2432 1886 2487 lectio
1909 2447 2060 2487 com-

479 2498 658 2552 munis
683 2499 948 2571 antiquum
975 2500 1189 2571 servarit
1221 2507 1381 2571 terror
1411 2501 1648 2571 asylum;
1686 2502 1940 2571 inOxon.
1968 2519 2062 2555 an-

480 2570 693 2636 tiquum,
730 2569 905 2623 minus
938 2569 1095 2624 bene.
1132 2569 1381 2638 Virgilius
1418 2569 1511 2624 liti.
1547 2587 1676 2625 vin:
1719 2570 1856 2625 Iliae
1892 2574 2059 2627 lucum

481 2639 747 2712 ingentem,
785 2655 933 2712 quem
984 2640 1232 2712 Romulus
1271 2656 1389 2693 acer
1426 2644 1632 2712 asylum
1671 2642 2063 2697 Rettulit.-Post

481 2707 625 2830 lium;
644 2707 855 2790 versum
883 2709 1038 2778 Man,
1074 2710 1192 2762 Rat.
1221 2718 1277 2763 et
1304 2712 1391 2764 alii
1423 2707 1518 2779 pro
1543 2712 1724 2767 titulo:
1754 2713 1902 2769 Unde
1921 2729 2065 2768 error

481 2794 595 2830 silva
621 2788 713 2830 uit.

481 2782 713 2835 invaluit.

553 2848 677 2903 198.
716 2849 833 2903 Vat.
866 2849 909 2904 A
941 2861 993 2905 et
1024 2849 1206 2919 Prag.,
1238 2866 1341 2903 una
1367 2853 1675 2916 superstitio.

554 2919 677 2974 199.
706 2919 921 2974 Juretus
952 2929 1119 2982 notat,
1148 2919 1344 2988 passim
1372 2920 1440 2973 ab
1469 2922 1688 2988 optimis
1714 2921 2064 2989 scriptoribus

483 2987 760 3060 horrorem
789 2998 844 3043 et
869 2987 1266 3043 venerationem
1283 2989 1460 3060 simul
1479 2987 1747 3060 conjungi.

552 3058 678 3112 201.
709 3059 854 3122 Rau,
878 3067 1233 3111 monstrarent.
1264 3056 1415 3122 Ald.,
1445 3044 1889 3126 Weit'z.,uPalat.,
1921 3060 2060 3128 Gis.,
2089 3044 2135 3106 Ο

2233 2429 2361 2485 209.
2395 2426 2584 2498 Egm.,
2607 2426 2746 2494 PaL,
2777 2424 2899 2482 Vat.
2928 2426 2994 2490 Α,
3016 2423 3187 2498 codex
3214 2426 3407 2498 Jureti,
3452 2430 3743 2493 impressit:

2164 2516 2283 2569 qua:
2315 2496 2470 2569 lectio
2496 2497 2710 2569 defendi
2737 2505 2912 2569 potest
2947 2496 3106 2569 simili
3137 2497 3253 2554 loco
3286 2497 3546 2567 Propertii
3578 2499 3668 2554 lib.
3707 2517 3747 2564 i,
3834 2535 3853 2548 .

2166 2567 2303 2638 eleg.
2336 2568 2441 2623 16:
2480 2568 2768 2637 Osculaque
2805 2567 3065 2639 impressis
3091 2569 3211 2622 nixo
3239 2568 3358 2621 dedi
3385 2571 3611 2639 gqnibus.
3647 2570 3749 2624 Pro

2169 2628 2280 2694 alii;
2302 2640 2527 2694 let-tione
2558 2628 2773 2709 fat-itis.
2807 2628 3162 2709 lliel‘onymus
3211 2640 3367 2706 epist.
3385 2628 3461 2692 νδ.
3498 2640 3563 2693 ad
3605 2640 3749 2694 Ruli~

2171 2726 2294 2765 num
2322 2728 2336 2764 :
2371 2711 2534 2776 Quom
2564 2708 2695 2763 illud
2725 2726 2800 2772 os,
2827 2709 2965 2779 quod
2989 2724 3182 2779 merum
3208 2711 3288 2761 vrl
3308 2713 3492 2762 erravit
3521 2712 3750 2779 aliquan-

2172 2783 2258 2848 do,
2288 2779 2366 2834 vel
2394 2781 2562 2849 sapuit
2611 2777 3116 2849 iiupressis‘ﬁgerem
3152 2778 3347 2849 labiis?
3371 2780 3570 2835 Confer
3601 2777 3749 2834 nota-

2171 2845 2344 2905 tiones
2374 2845 2640 2905 Woweri.
2685 2845 3101 2911 Elmenhorstii,
3150 2847 3395 2910 Heraldi,
3440 2850 3652 2909 Rimltii
3697 2861 3749 2905 it

2167 2920 2369 2974 Ouselii
2397 2920 2462 2974 ad
2489 2919 2602 2973 lucc
2630 2917 2840 2972 Minucii
2870 2917 3029 2972 verba
3054 2936 3067 2972 :
3098 2917 3313 2973 Manum
3343 2921 3420 2973 ori
3449 2923 3746 2986 admovens,

2167 2989 2394 3060 osculum
2419 2989 2792 3060 labiispressit.

2236 3059 2362 3114 210.
2407 3058 2653 3115 Ilein~ius
2681 3058 2913 3128 conjeeit
2956 3075 3085 3114 corsa
3118 3074 3210 3127 pro
3239 3075 3393 3114 circa.
3435 3060 3580 3116 llanc
3617 3080 3748 3116 cott-

485 3127 671 3200 lleins.
695 3138 749 3200 et
777 3129 892 3194 alii,
921 3129 1107 3195 primo.
1142 3129 1300 3194 Man,
1326 3129 1509 3200 Prag.,
1542 3130 1664 3186 ltat.
1688 3140 1744 3187 et
1781 3132 1870 3187 alii
1899 3131 2071 3188 Weit-
2162 3129 2422 3200 jei-turam
2471 3142 2688 3187 secutus
2717 3141 2798 3184 est
2828 3130 3110 3184 Ccllarius.
3148 3130 3363 3184 Teolius
3410 3133 3568 3186 etiam
3614 3150 3749 3186 εηνεςι

486 3199 645 3263 ziani,
672 3198 856 3265 prima.

555 3266 683 3323 204.
720 3268 864 3339 Mar.
887 3267 1077 3339 scribit
1116 3279 1357 3339 ungento.
1392 3267 1891 3339 Deconsuetndine
1916 3281 2066 3326 vete-

488 3352 605 3391 rum
637 3338 871 3407 ungendi
901 3338 1326 3411 terminos,’siye
1357 3338 1562 3411 lapides
1583 3342 1672 3411 qui
1701 3357 1794 3409 pro
1827 3343 2066 3397 terminis

487 3418 658 3481 erant,
691 3409 964 3481 dicamad
1003 3407 1099 3481 lib.
1138 3425 1197 3463 ιι.
1237 3408 1351 3464 lloc
1387 3407 1576 3465 eodem
1600 3407 1776 3465 ’sensu
1814 3413 2066 3481 explicari

487 3479 631 3533 valet
662 3495 790 3532 saxa
829 3479 965 3533 illita
997 3479 1126 3532 ceris
1154 3494 1299 3536 vers.
1338 3494 1544 3545 super.,
1570 3489 1627 3535 ut
1664 3481 1789 3536 alibi
1821 3479 2064 3537 ostendi:

488 3563 795 3621 quanquam
832 3549 1057 3619 intelligi
1088 3551 1252 3621 etiam
1289 3559 1483 3619 potest,
1526 3560 1729 3607 statuas
1760 3554 1902 3621 ipsas
1930 3554 2068 3607 ceris-

489 3619 935 3690 versicoloribus,
955 3620 1101 3687 quod
1131 3620 1199 3673 ab
1233 3621 1472 3690 antiquis
1494 3623 1745 3677 usitatum
1772 3619 1877 3689 est,
1907 3622 2071 3678 fuisse

493 3689 683 3761 pictas.
715 3687 881 3761 .lanus
919 3689 1236 3761 Rutgersius
1266 3687 1397 3746 Var.
1446 3691 1598 3747 Lect.
1640 3692 1738 3749 lib.
1768 3709 1822 3761 v,
1863 3687 1982 3761 cap.
2012 3698 2069 3758 4,

382 3778 397 3781 ξ
490 3759 655 3831 multa
684 3758 861 3831 allert,
892 3759 1086 3828 quibus
1133 3761 1341 3825 suadet,
1381 3778 1544 3831 genua
1584 3758 1817 3818 incerare
1859 3758 2072 3818 deorum

489 3828 622 3884 nihil
652 3829 794 3901 aliud
826 3845 946 3901 esse
977 3831 1076 3885 nisi
1109 3841 1231 3884 vota
1270 3828 1489 3901 afﬁgere
1518 3848 1639 3888 cera
1671 3834 1725 3888 in
1757 3833 1980 3897 femore,
2004 3851 2070 3888 ex

489 3900 720 3976 Apuleio
743 3912 800 3976 et_
825 3899 1097 3976 iuvenali,
1139 3901 1302 3957 satira
1331 3899 1652 3976 9::_Quando
1678 3921 1767 3974 ego
1792 3903 2074 3976 ﬁgom_ali-

489 3969 656 4037 quid?
688 3971 835 4026 Satis
873 3971 929 4027 in
968 3974 1107 4027 hanc
1147 3987 1259 4026 rem
1298 3972 1565 4029 evidentia
1607 3969 1733 4028 sunt
1761 3969 1927 4029 vei-ba
1961 3973 2071 4028 Lu-

489 4040 629 4095 ciani
672 4040 1115 4113 in.Pltilopseude
1147 4040 1216 4096 de
1244 4044 1472 4113 quadam
1517 4052 1690 4097 statua
1722 4060 1735 4096 :
1770 4042 1927 4097 Multi
1956 4057 2074 4097 ante

491 4114 643 4181 pedes
672 4110 784 4183 ejus
812 4112 945 4166 oboli
974 4112 1239 4182 jacebant,
1263 4110 1335 4165 ioc
1376 4110 1483 4183 alia
1511 4129 1708 4183 quoque
1740 4114 2070 4175 numismata,

489 4180 741 4234 nonnulla
762 4180 1002 4250 argentea
1032 4197 1149 4252 cera
1177 4186 1290 4252 ejus
1317 4182 1456 4233 cruri
1476 4180 1659 4251 afﬁxa;
1681 4183 1984 4252 lamiua'que
2012 4199 2075 4237 ea:

490 4259 722 4321 orgento,
752 4258 870 4302 vota
897 4251 1142 4316 alicuius.
1170 4251 1353 4304 Potest
1383 4251 1542 4319 igitur
1572 4253 1642 4306 ita
1677 4253 1838 4307 etiam
1869 4251 2072 4321 θη)ουί

493 4317 581 4393 lite
615 4320 782 4385 locus,
816 4321 1112 4393 praesertim
1136 4320 1263 4393 quia
1299 4317 1444 4393 saepe
1472 4331 1590 4375 vota
1635 4323 1770 4377 votis
1813 4317 2075 4393 superad-

493 4335 581 4373 nzc
615 4335 782 4385 locus,
816 4335 1112 4442 praesertim
1142 4335 1263 4387 quia
1299 4336 1329 4373 si

491 4389 777 4442 dabantur.
861 4390 1096 4442 ucretins
1134 4389 1228 4444 lib.
1257 4406 1329 4455 v1,

492 4456 738 4531 Olearios
776 4460 843 4513 ad
889 4460 1198 4531 Philostrati
1255 4460 1505 4529 lleroica,
1543 4477 1663 4530 cap.
1697 4462 1754 4529 2,
1809 4475 1921 4518 not.
1974 4465 2066 4531 15,

493 4541 614 4603 pag.
644 4530 768 4598 675,
802 4530 942 4603 hunc
974 4530 1269 4603 Prudentii
1293 4532 1466 4603 locum
1496 4534 1744 4603 explicat,
1785 4544 1840 4588 ct
1880 4530 2070 4589 distin4

493 4599 722 4674 gniteos
771 4603 859 4668 qui
899 4600 1031 4674 deos
1062 4602 1386 4674 inungebant
1417 4599 1634 4658 honoris
1671 4619 1853 4670 cansa,
1885 4614 1941 4659 et
1977 4604 2070 4674 qui

494 4684 665 4745 genua
692 4670 912 4725 deorum
947 4673 1277 4745 incerabant,
1302 4673 1416 4728 sive
1450 4687 1576 4728 saxa
1603 4676 1741 4728 ceris
1768 4670 2068 4745 illnc-bant,

494 4740 859 4814 Scilicetcera
902 4741 1135 4814 tabulam
1173 4744 1465 4814 afﬁgebant
1517 4759 1634 4814 qua!
1664 4755 1783 4798 vota
1825 4740 2068 4801 contine;

494 4818 595 4864 ret.
630 4809 936 4865 Philostrati
968 4812 1126 4865 verba
1154 4811 1221 4866 de
1247 4809 1414 4866 statua
1442 4809 1556 4869 haec
1580 4823 1740 4870 sunt:
1769 4817 2071 4870 Attereudo-

494 4897 592 4955 que
621 4898 731 4933 iam
756 4893 802 4935 et
835 4894 1051 4950 tempus,
1099 4892 1143 4934 et
1192 4883 1291 4949 illi,
1318 4885 1391 4936 ita
1414 4901 1498 4955 ine
1534 4896 1664 4938 amet
1694 4884 1955 4955 luppiter,
1987 4886 2073 4955 qui

494 4952 942 5026 inungeresoleut,
968 4962 1056 5005 aut
1077 4963 1192 5005 vota
1221 4970 1333 5007 cera
1359 4953 1586 5022 ofﬁgunt,
1627 4952 1847 5026 speciem
1884 4952 2072 5011 immu-

496 5029 667 5074 larunt
701 5022 950 5087 eiusdem.

564 5092 697 5147 203.
736 5093 1004 5146 Arnobius
1060 5091 1150 5166 lib.
1199 5108 1429 5166 visuipe
1467 5092 1696 5149 habitum
1744 5105 1965 5166 usurpat
2009 5095 2077 5152 de

496 5162 664 5216 forma
708 5172 1004 5217 statuarum
1037 5177 1051 5215 :
1086 5161 1338 5216 Mulciber
1369 5161 1548 5234 fabrili
1579 5181 1697 5218 cum
1741 5161 1918 5220 ltabit'u
1942 5181 1961 5219 :
1986 5176 2077 5221 aut

496 5236 705 5306 fortuna
733 5250 849 5306 cum
877 5249 1034 5286 cornu
1052 5272 1068 5300 ,
1100 5248 1295 5303 poms,
1321 5235 1465 5301 ﬁcis,
1496 5244 1583 5288 aut
1612 5236 1843 5306 frugibus
1873 5246 2078 5290 autaut-

494 5303 697 5357 nalilms
723 5302 898 5371 pleno.

564 5372 707 5445 206._
731 5372 978 5445 Lapidem
1009 5387 1104 5441 pro
1145 5372 1430 5445 simulacro
1473 5373 1761 5443 Arnobius,
1794 5376 2074 5443 Minucius,

498 5454 657 5515 etiam
687 5442 867 5498 Livius
896 5445 1181 5512 accipiunt.
1212 5444 1402 5499 Piitnis
1434 5446 1764 5513 temporibus
1794 5446 1998 5515 lapides
2026 5455 2083 5501 et.

494 5514 704 5576 stipites
749 5529 796 5584 pi
811 5529 856 5584 o_
887 5515 1188 5569 simulacris
1225 5516 1446 5575 deorum
1491 5517 1733 5579 habitos,
1763 5514 1918 5571 multi
1960 5518 2079 5584 opt-

496 5589 708 5656 ttautltr.
745 5582 861 5656 Sed
893 5584 1131 5650 stipites,
1164 5586 1365 5656 Iapid:s
1394 5595 1446 5639 et
1486 5585 1749 5640 columna:
1771 5625 1786 5648 ,
1816 5600 1937 5655 qua:
1983 5582 2080 5655 pro

496 5655 600 5724 (Ιιῇτρ
623 5652 958 5724 eolehantur,
993 5665 1047 5707 ut
1075 5672 1175 5721 ego
1206 5652 1419 5721 quidem
1456 5656 1734 5724 existimo,
1766 5652 2080 5724 plerumque

495 5740 526 5777 a
552 5723 673 5792 iqua
698 5721 847 5774 rudia
869 5722 1187 5777 lineamenta
1217 5728 1460 5780 humana:
1493 5722 1675 5781 formae
1706 5721 2057 5795 prLelercbaiit

2120 3378 2125 3382 -
2167 3353 2285 3405 (iul;

2168 3200 2452 3267 expressit,
2476 3209 2527 3255 et
2559 3213 2844 3269 utrumque
2873 3200 2923 3253 in
2949 3200 3088 3254 Vatt.
3113 3213 3233 3254 esse
3261 3200 3613 3257 conﬁrmavit.
3641 3204 3750 3257 Ma-

2168 3273 2357 3325 riettus
2383 3271 2551 3341 solum
2577 3270 2710 3324 vidit
2738 3286 2870 3323 circa
2894 3271 2944 3324 in
2968 3272 3099 3335 suis,
3131 3280 3184 3324 et
3204 3270 3255 3323 id
3288 3271 3416 3325 mihi
3447 3275 3615 3341 magis
3639 3274 3749 3341 pla-

2318 3343 2436 3408 quia
2469 3340 2671 3396 scilicet
2696 3355 2837 3395 caeca
2859 3349 2913 3394 et
2932 3341 3090 3394 surda
3117 3341 3399 3395 simulacra
3423 3340 3600 3398 solent
3623 3345 3749 3399 dici.

2167 3411 2288 3481 ltat.
2319 3420 2372 3465 et
2403 3410 2593 3466 Weitz.
2627 3426 2748 3465 cum
2779 3412 2910 3474 suis,
2944 3426 3204 3481 opemque,
3239 3427 3343 3465 non
3372 3413 3530 3466 male.

2238 3480 2363 3535 211.
2407 3481 2565 3536 Fabr.
2607 3481 2796 3551 Bong.,
2834 3482 2955 3550 quid
2982 3481 3115 3551 quis.
3150 3481 3371 3551 Egregie
3402 3484 3592 3551 probat
3619 3483 3751 3538 Prn-

2169 3552 2401 3616 di-ntius,
2443 3552 2685 3605 etlmieos
2717 3567 2781 3606 ex
2810 3566 2995 3604 errore
3037 3551 3266 3615 cmpisse
3298 3552 3424 3606 deos
3454 3554 3656 3616 colere,
3685 3570 3751 3608 «ιχ

2173 3621 2553 3691 pra-judicans,
2587 3629 2642 3676 et
2672 3621 3055 3688 prmeonceplis
3084 3636 3112 3674 a
3144 3628 3328 3675 tenera
3359 3633 3516 3676 aetate
3544 3624 3754 3691 opinio-

2173 3691 2328 3746 nibus
2354 3691 2408 3746 in
2429 3690 2614 3745 eodem
2647 3693 2789 3744 cultu
2819 3692 3133 3762 perstitisse.
3163 3691 3333 3745 Simili
3376 3696 3630 3762 arguendi
3662 3710 3752 3748 ra-

2174 3763 2317 3833 tione
2366 3763 2603 3833 nonnulli
2668 3762 2811 3830 impii
2869 3761 3110 3814 homines
3155 3761 3453 3833 veritatem
3482 3764 3752 3833 religionis

2172 3831 2493 3887 Christiana:
2516 3832 2784 3886 inlirinare
2806 3840 3098 3885 conantur:
3125 3832 3221 3886 sed
3245 3831 3598 3901 ineptissime;
3622 3835 3753 3888 Nam

2176 3902 2493 3974 Prudentius
2536 3903 2688 3972 prius
2759 3901 2995 3974 ostendit
3046 3901 3513 3974 cultum‘deorum
3567 3914 3755 3974 aperto

2175 3972 2453 4027 mendacio
2481 3981 2537 4027 et
2563 3987 2748 4027 errore
2773 3972 3003 4038 euenisse
3028 3989 3042 4025 :
3077 3980 3186 4026 tum
3217 3971 3363 4044 addit
3389 3989 3532 4029 vers.
3574 3971 3751 4044 seqq.,

2174 4044 2397 4112 gentiles
2419 4057 2690 4109 nunquam
2719 4043 2952 4112 rationes
2977 4044 3058 4096 sui
3086 4044 3261 4096 cultus
3286 4043 3353 4097 ad
3384 4045 3636 4099 trutinam
3656 4043 3755 4100 ’re-

2175 4111 2418 4178 vocasse,
2449 4113 2544 4166 sed
2571 4112 2742 4165 solum
2770 4111 2840 4166 ob
2870 4127 3021 4165 usum
3047 4119 3102 4165 et
3126 4113 3566 4169 consuetudinem
3593 4116 3642 4169 in
3666 4131 3756 4168 sn-

2179 4182 2495 4251 pcrstitione
2539 4182 2853 4251 perstitisse.
2902 4183 2971 4235 At
3027 4182 3214 4251 religio
3259 4182 3559 4237 Christiana
3610 4185 3757 4239 illico

2176 4252 2346 4321 qualis
2376 4262 2541 4314 esset,
2570 4254 2762 4321 patuit,
2792 4267 2966 4320 neque
3006 4255 3279 4306 erroribus-
3313 4253 3757 4309 invaleseemibus

2176 4331 2329 4377 aucta
2360 4333 2461 4375 est.
2498 4323 2648 4387 Eam,
2673 4324 2915 4388 quamvis
2940 4323 3102 4375 multa
3131 4324 3353 4376 obscuri
3385 4324 3679 4378 tradentem
3703 4335 3758 4380 et

1427 4406 1482 4444 ec
1521 4392 1647 4444 rotis
1690 4392 1893 4467 nectere
1935 4406 2069 4467 voto.
2102 4406 2153 4467 ι)
2177 4392 2878 4467 diilic‘iha”praecipientem,
2920 4392 3162 4446 homines
3185 4393 3295 4467 jam
3334 4393 3501 4448 adulzi
3531 4395 3759 4464 aliisque

2178 4462 2519 4533 religionibus
2548 4463 2784 4516 inntttriti
2817 4475 3186 4533 sui-ceperunt.
3220 4463 3371 4517 Nunc
3400 4467 3611 4531 quidem
3646 4462 3758 4533 pla-.-

2173 4531 2326 4602 rique
2356 4532 2408 4587 in
2455 4547 2517 4587 ea
2568 4537 2676 4586 nati
2717 4531 3040 4603 educatique
3077 4541 3235 4596 sunt;
3282 4535 3376 4588 sed
3409 4531 3761 4590 nihilominus

2171 4610 2484 4673 argumenta
2512 4603 2706 4670 quibus
2732 4604 2849 4670 ejus
2897 4605 3091 4658 veritas
3161 4602 3561 4658 demonstratur
3601 4605 3757 4659 ohvia

2210 4673 2372 4727 assint
2411 4684 2564 4738 sunt,
2595 4683 2648 4727 et
2688 4687 2902 4727 omnem
2932 4673 3316 4728 dubitationem
3362 4675 3538 4729 valent
3578 4678 3759 4744 expel-

2197 4760 2310 4799 ere.

2242 4813 2371 4868 212.
2402 4814 2551 4879 Ald.,
2579 4813 2768 4874 Torn.,
2793 4814 3068 4878 mendose,
3092 4828 3191 4866 non
3217 4814 3322 4883 qui,
3353 4829 3448 4883 pro
3470 4832 3757 4884 nunquam.

2176 4883 2355 4953 Egon,
2390 4885 2579 4955 Palat"
2613 4884 2730 4955 Vat.
2766 4888 2831 4947 A,
2855 4885 3020 4937 eodex
3044 4884 3239 4949 Jureti,
3269 4883 3614 4955 animamque.

2248 4954 2374 5009 215.
2417 4954 2547 5008 Mar.
2574 4970 2603 5008 a
2630 4953 2794 5019 prima
2825 4970 3005 5020 manu,
3037 4969 3252 5022 namque
3278 4956 3447 5007 domo.

2244 5024 2370 5079 216.
2408 5024 2676 5094 Virgilius,
2698 5024 3069 5079 Cassiodorius
3097 5034 3151 5078 et
3180 5024 3291 5089 alii,
3321 5024 3576 5095 Capitolia
3602 5024 3761 5079 celsa.

2178 5092 2377 5150 Confer
2405 5092 2629 5158 μεθέπεις.

2248 5165 2376 5220 217.
2407 5164 2527 5218 Rat.
2554 5181 2584 5217 a
2613 5164 2849 5219 secunda
2871 5179 3052 5232 manu,
3085 5164 3359 5235 lanigeros.
3386 5163 3575 5219 Retine
3601 5164 3762 5217 lauri-

2216 5251 2350 5289 82'08.

2181 5252 2376 5360 98:20:23.
2408 5301 2554 5370 Ald.,
2584 5312 2636 5357 at
2668 5301 2917 5370 Sacram;
2949 5302 3060 5368 alii,
3097 5318 3159 5357 ac
3188 5303 3421 5359 Sacram.
3457 5304 3512 5358 ln
3543 5303 3672 5359 Mar.
3705 5316 3763 5360 et

2181 5374 2305 5432 Rat.
2334 5383 2454 5442 post
2491 5376 2631 5426 hunc
2660 5388 2868 5428 versum
2913 5374 3107 5428 lemma
3136 5374 3214 5428 De
3251 5373 3529 5427 simulacro
3560 5373 3759 5441 Romat,

2180 5455 2226 5500 et
2257 5445 2407 5498 variis
2428 5443 2739 5498 simulacris.
2772 5445 2870 5497 Alii
2902 5445 3074 5497 solum
3096 5484 3111 5508 ,
3147 5442 3223 5497 De
3249 5444 3529 5497 simulacro
3565 5443 3762 5499 llomw.

2251 5514 2378 5569 219.
2408 5515 2652 5583 Smyrnei
2684 5513 2842 5580 primi
2862 5513 3113 5582 templum
3138 5514 3284 5569 urbis
3306 5516 3485 5567 Itouna:
3515 5526 3764 5581 tanquam

2185 5584 2298 5639 dea:
2321 5590 2643 5638 statuerunt.
2672 5584 3069 5637 Alabandenses
3090 5584 3257 5637 scenti
3284 5593 3409 5637 sunt
3438 5584 3764 5651 exemplum,

2183 5665 2237 5709 et
2266 5654 2417 5709 ludos
2442 5652 2838 5707 anniversarios
2862 5654 3202 5708 addiderunt.
3224 5655 3488 5708 Adrianus
3524 5655 3575 5706 in
3628 5653 3685 5706 Ui
3703 5654 3769 5708 be

2185 5726 2297 5796 ipsa
2337 5724 2538 5778 struxit!
2579 5722 2799 5778 Veneris
2833 5735 2886 5780 et
2923 5725 3105 5780 Romae
3153 5726 3427 5785 templum.
3477 5724 3605 5778 Vide
3645 5723 3759 5784 bin
