4154 6188
500 384 597 440 139

669 493 855 547 Nuntia
887 489 1090 545 sull‘nso
1119 488 1281 555 ﬁgunt
1309 483 1528 553 vestigia
1560 483 1798 552 plumbo.

670 587 938 640 Assistunt
965 581 1124 636 etiam
1165 579 1456 646 priscorum
1500 575 1723 643 insignia
1753 589 1956 642 regum,

668 675 829 746 719
848 674 962 728 Dux
994 672 1175 732 Italos,
1202 667 1472 736 Janusque
1501 665 1726 730 bifrons,
1751 667 2068 735 genitorque

1710 757 1994 828 [Sabinus,

670 859 1036 924 Saturnusque
1062 868 1246 916 senex,
1267 852 1540 906 maculoso
1561 860 1614 905 et
1642 864 1867 918 corpore
1885 849 2064 916 Picus,

492 949 596 1002 9.35
667 945 916 1014 tionjugis
935 954 1149 1014 epotum
1167 956 1384 1011 sparsus
1407 956 1500 1009 per
1517 940 1756 995 membra
1777 955 2064 994 venenum.

671 1036 928 1092 Omnibus
939 1043 1060 1088 ante
1076 1034 1238 1102 pedes
1251 1033 1419 1102 posita
1433 1041 1516 1086 est
1529 1046 1624 1086 sua
1641 1033 1832 1102 cuique
1844 1031 2068 1087 sordens

666 1125 846 1180 Arnla.
880 1125 1013 1177 Jano
1042 1122 1201 1177 etiam
1227 1121 1428 1178 celebri
1455 1121 1521 1176 de
1569 1136 1754 1176 mense
1784 1121 1964 1176 litatur

670 1216 954 1284 Λυδρίρίἰς,
985 1215 1263 1283 epulisque
1293 1213 1482 1278 sacris,
1513 1228 1646 1284 quas
1676 1213 1995 1277 inveterato,

669 1308 809 1362 iieu!
832 1307 1011 1362 miseri
1027 1306 1125 1361 sub
1143 1305 1345 1360 honore
1361 1299 1583 1375 agitant,
1601 1314 1651 1358 et
1666 1303 1852 1374 gaudia
1868 1303 2070 1358 ducunt

1583 373 1854 430 AURELll
1895 371 2258 427 PRUDENTII
2295 370 2617 427 CARMi’NA.

2090 488 2143 545 Α
2165 484 2270 540 240
2343 485 2496 540 Festa
2529 482 2904 540 Calendarum.
2935 483 3025 539 Sic
3051 482 3358 539 observatio
3385 486 3576 544 crevit,

3649 367 3748 425 ﬁt}

2253 614 2256 616 -
2350 575 2422 628 Ex
2449 574 2618 628 atavis
2662 572 2927 642 quondam
2960 573 3100 628 male
3150 581 3327 642 empta
3371 589 3384 625 :
3425 572 3618 626 deinde
3663 589 3744 627 se-

3504 663 3677 732 [cutis

2347 753 2563 808 Tradita
2589 754 2912 823 temporibus
2932 797 2945 818 ,
2977 753 3217 822 serisque
3247 751 3529 821 nepotibus
3569 763 3744 807 aucta.

2351 845 2650 900 Traxerunt
2669 845 2874 914 longam
2901 845 3061 898 corda
3087 843 3383 898 inconsulta
3406 853 3676 908 catenam,

2347 937 2507 1006 720
2525 935 2740 1002 Mosque
2751 935 3065 990 tenebrosus
3077 935 3266 990 vitiosa
3287 933 3339 989 in
3357 936 3550 990 saecula
3567 934 3635 988 ﬁo
3647 936 3745 991 xit.

2423 1026 2570 1081 llunc
2591 1041 2792 1080 morem
2819 1037 3054 1080 veterum
3081 1024 3240 1081 docili
3258 1015 3368 1094 jam
3392 1035 3548 1080 aetate
3568 1035 3742 1082 secuta

2353 1117 2663 1182 Posteritas,
2695 1130 2897 1182 mense,
2931 1126 3089 1184 atque
3113 1115 3308 1186 adytis,
3335 1125 3389 1170 et
3430 1116 3664 1180 ﬂamine,
3695 1125 3744 1172 et

3533 1204 3550 1275 [
3573 1207 3680 1259 aris

2349 1300 2641 1370 Augustum
2665 1298 2850 1364 coluit,
2873 1297 3039 1352 vitulo
3063 1298 3310 1367 p’acavit,
3337 1306 3392 1351 et
3411 1312 3566 1368 agno.

2172 1026 2279 1081 245

1793 1453 2074 1510 GLOSSIE
2121 1453 2456 1508 VETERES.

557 1581 684 1636 9.32.
728 1578 971 1648 Insignia,
999 1584 1194 1648 statuat,
1231 1575 1268 1628 Ι.

556 1650 681 1704 254.
718 1640 896 1712 Picus,
930 1647 1062 1715 ﬁlius
1097 1645 1334 1715 Saturni,
1366 1643 1430 1697 de
1459 1660 1556 1712 quo
1592 1643 1840 1715 l'irgilius
1872 1659 1890 1697 :
1921 1640 2064 1697 Fecit

488 1737 624 1774 avem
654 1717 818 1783 Circe,
846 1713 1123 1784 sparsitque
1145 1714 1399 1768 coloribus
1427 1717 1558 1776 alas,
1590 1713 1628 1766 Ι.

556 1789 681 1844 255.
711 1783 958 1847 Εμοιυιῐι,
990 1783 1207 1856 syncOpe
1234 1801 1327 1856 pro
1347 1793 1635 1856 epotatum;
1663 1783 1840 1837 datum
1865 1799 1897 1836 a
1937 1797 2062 1836 cou-

488 1859 626 1929 iuge.
653 1887 731 1929 —7
747 1857 996 1929 Sparsus,
1027 1855 1260 1929 sparsum
1281 1855 1489 1920 habens,
1527 1857 1563 1907 Ι.

555 1925 679 1985 257.
715 1925 916 1991 Mense,
943 1925 1214 1987 Januario,
1242 1925 1281 1976 Ι.

553 1998 681 2052 258.
714 1995 1000 2065 Auspiciis,
1027 1996 1292 2058 ominibus,
1316 1994 1564 2064 auguriis,
1592 1993 1695 2049 lso.
1737 2055 1745 2064 ,

553 2070 678 2125 239.
711 2067 944 2136 Agitant,
971 2065 1306 2134 frequentant,
1337 2065 1374 2118 Ι.

2238 1575 2366 1629 240.
2399 1573 2785 1638 Calendarum,
2815 1573 3154 1634 vacationum,
3192 1569 3230 1624 Ι.

2239 1646 2363 1699 245.
2395 1643 2670 1709 Catenam,
2691 1644 2880 1695 malam
2901 1641 3316 1694 consuetudinem
3345 1653 3457 1707 qua:
3486 1638 3610 1708 ligat
3650 1639 3743 1690 Ito.

2171 1731 2377 1840 ῃηὲἱῗῑιί
2399 1715 2598 1848 B‘icnse,
2619 1784 2738 1852 quia
2758 1782 2811 1835 in
2835 1781 3074 1852 honorem
3096 1781 3206 1848 ejus
3228 1788 3428 1852 octavus
3449 1779 3742 1852 m_ensis_ap—

2171 1857 2389 1922 pellatus
2420 1865 2514 1909 est.
2535 1848 2825 1922 —Adytis,
2846 1851 3068 1918 templis,
3093 1851 3378 1918 sacriﬁciis.
3394 1877 3464 1887 —
3482 1848 3744 1914 Flumine,

2166 1925 2446 1990 sacerdote,
2471 1927 2514 1979 l.

2237 1995 2364 2049 2&7.
2399 1995 2712 2064 Augustum,
2748 1992 3100 2057 Octavianum,
3135 1991 3172 2043 l.

1894 2212 2451 2273 COMMENTARIUS.

489 2325 632 2371 nente
674 2313 806 2368 solo.
831 2313 1065 2372 Tliuan.,
1109 2312 1319 2375 Oxon.,
1365 2309 1542 2374 Alex.,
1595 2308 1752 2374 Urb.,
1801 2307 1983 2364 Heins.
2011 2317 2065 2362 et
2096 2313 2140 2372 B
2165 2307 2306 2372 bum,
2335 2315 2382 2360 et
2415 2305 2687 2375 glutinum,
2730 2313 2778 2356 et
2819 2300 3063 2372 gomphos
3093 2302 3201 2354 sine
3225 2301 3390 2368 capite
3417 2311 3534 2355 sunt
3561 2301 3635 2357 dii
3665 2321 3742 2358 re-

488 2386 834 2449 receutiores,
865 2381 1149 2450 impendent
1177 2381 1417 2432 retinente
1443 2395 1582 2431 veru.
1611 2378 1715 2434 Sed
1741 2378 2062 2450 Chamillar-

486 2459 586 2511 dus
612 2467 664 2509 et
693 2448 944 2508 llein’sius
971 2458 1176 2517 putant,
1201 2465 1320 2502 veru
1344 2462 1464 2502 esse
1488 2449 1690 2502 hastam
1723 2449 1837 2502 sive
1863 2448 2062 2502 instru-

486 2535 722 2581 mentum
771 2522 1045 2586 bellicum,
1077 2528 1133 2572 ut
1175 2534 1293 2571 veru
1321 2519 1564 2572 sabellum
1589 2518 1727 2584 apud
1758 2517 2057 2586 Virgilium,

485 2597 639 2668 etita
675 2593 836 2668 vertit
864 2605 1020 2668 versu
1053 2588 1561 2668 Italico‘Ansaldus;
1595 2587 1737 2644 Sono
1765 2588 2062 2668 appoggiati

485 2667 586 2720 ulle
623 2664 715 2718 ior'
741 2673 878 2725 astc,
926 2675 952 2712 e
978 2659 1090 2728 {alti
1126 2657 1192 2728 Di
1238 2658 1351 2728 fuso
1397 2658 1594 2728 piombo
1641 2666 1904 2728 arrestano
1933 2657 1950 2710 i
1981 2660 2060 2712 lor

485 2735 640 2806 passi.
677 2727 983 2806 liliolstrt‘iius’
1023 2730 1074 2782 in
1113 2727 1294 2806 epist._
1321 2728 1388 2806 de
1432 2727 1635 2806 F_ulcris
1675 2743 1771 2806 seu
1815 2727 2059 2806 Verubus

487 2798 665 2859 Dianae
687 2801 954 2871 Ephesia),
980 2814 1046 2871 ex
1076 2799 1337 2871 glossario
1365 2798 1552 2851 Latino
1581 2799 1797 2871 optima;
1819 2807 1978 2863 noue,
2005 2799 2056 2852 in

485 2876 652 2930 tribus
677 2867 954 2928 codicibus
981 2868 1118 2921 Vatt.
1163 2867 1342 2936 tradit,
1384 2881 1544 2920 verua
1585 2882 1721 2936 esse,
1751 2869 1926 2936 virgas
1969 2877 2060 2923 aut

484 2946 712 3011 virgulas
739 2942 960 3011 ferreas.
995 2935 1224 3011 Exponit
1259 2945 1436 3011 autem
1477 2935 1926 3011 Prudentium’de
1962 2935 2058 2990 liu-

483 3005 774 3080 juscemodi
806 3006 1078 3080 fulmentis
1118 3005 1304 3059 ferreis
1343 3005 1621 3080 oblongis,
1640 3005 1830 3080 quibus
1870 3014 2058 3080 statua:

483 3075 652 3138 solent
683 3079 934 3140 retineri,
979 3089 1043 3128 ac
1081 3084 1231 3144 putat
1263 3075 1678 3144 errorem’vulgi
1722 3076 1931 3136 notari,
1966 3091 2058 3131 eas

483 3160 686 3205 statuas
713 3147 1110 3218 impendentes,
1128 3153 1182 3218 et
1203 3145 1313 3218 jam
1343 3144 1450 3218 jam
1478 3158 1708 3218 casuras
1715 3145 2054 3218 admirantis.

485 3221 593 3274 llae
615 3213 862 3281 lectione,
891 3230 1045 3285 quant
1073 3213 1376 3285 llrolstenius
1401 3215 1452 3285 in
1477 3213 1662 3269 codice
1689 3214 1943 3285 Urbinate
1973 3218 2056 3270 vi-

483 3291 654 3353 derat,
689 3297 866 3343 tuetur
892 3283 1047 3340 aliam
1078 3284 1307 3354 similem
1332 3283 1610 3342 lectionem
1635 3284 1890 3338 editionis
1912 3287 2057 3354 prin-

483 3361 616 3430 cipis
643 3359 895 3430 Romana:
923 3354 1139 3430 Minucii
1163 3370 1180 3430 _:
1211 3353 1380 3407 Diana
1405 3355 1605 3430 interim
1631 3364 1705 3430 est
1731 3355 1834 3408 alte
1859 3353 2057 3430 succin-

483 3423 564 3484 διὰ
607 3429 870 3493 venatrix;
896 3437 942 3479 et
982 3423 1207 3494 Ephesia
1234 3427 1463 3477 mammis
1503 3426 1697 3488 multis,
1750 3435 1795 3478 et
1842 3426 2055 3482 verubus

483 3509 775 3564 exstructa;
805 3506 852 3551 et
877 3496 1046 3550 Trivia
1075 3495 1220 3548 trinis
1248 3494 1514 3563 capitibus,
1550 3504 1595 3546 et
1627 3494 1799 3547 multis
1826 3496 2055 3552 manibus

483 3569 744 3637 horriﬁca.
787 3567 1006 3622 Scilicet
1044 3564 1706 3637 verubusﬂtotamammo
1749 3568 1791 3618 si
1825 3567 2054 3637 pectoris

485 3634 652 3694 moles
677 3637 1038 3692 sustinebatur
1063 3650 1076 3688 :
1117 3649 1242 3706 nam
1266 3635 1389 3706 illud
1419 3634 1627 3703 signum
1658 3636 1827 3688 instar
1855 3636 2054 3706 AZgyp-

485 3709 681 3762 tiorutn
711 3707 1114 3762 simulacrorum
1143 3703 1369 3775 pedibus
1397 3714 1511 3775 erat
1537 3714 1683 3775 arcte
1707 3703 2050 3775 compressis.

486 3777 791 3833 llolstenius
835 3775 1083 3839 afﬁrmat,
1127 3773 1411 3842 Georgium
1459 3774 1796 3836 Fabricium,
1835 3773 1954 3829 cum
1999 3777 2052 3830 in

485 3849 594 3902 suis
623 3847 1016 3917 exemplaribus
1060 3854 1366 3917 constanter
1399 3853 1680 3913 reperisset
1706 3847 1950 3917 retinente
1974 3862 2055 3899 ve-

483 3934 564 3987 ru,
590 3915 865 3987 perperam
897 3916 1195 3987 correxisse
1230 3917 1541 3987 relinen'que
1565 3931 1707 3987 uera.
1734 3915 1924 3987 Nescio
1947 3931 2054 3983 quo

481 3983 602 4044 loco
632 3983 904 4044 Fabricius
952 3986 1003 4038 id
1042 3985 1210 4038 lassus
1255 3983 1431 4041 fuerit.
1475 3984 1576 4037 nisi
1613 3983 1750 4050 quod
1795 3985 1847 4036 in
1889 3985 2050 4037 Com-

485 4067 651 4114 ment.
682 4060 732 4110 in
766 4065 950 4126 poetas
981 4055 1175 4108 Christ.
1209 4054 1370 4126 verbo
1402 4051 1609 4126 Gestar
1631 4068 1862 4126 cannas
1891 4055 2052 4126 afﬁr-

483 4137 593 4181 mat
627 4122 908 4180 lectionem
943 4125 1196 4176 hactenus
1223 4124 1559 4190 depravatam
1588 4122 1784 4183 fuisse;
1810 4123 1902 4176 sed
1927 4139 2052 4177 con-

482 4206 583 4248 stat
613 4197 663 4248 in
689 4195 957 4249 veteribus
978 4191 1102 4245 edd.
1136 4201 1190 4244 et
1225 4206 1354 4242 mss.
1381 4192 1553 4244 varias
1578 4191 1742 4245 fuisse
1774 4193 2048 4248 lectiones.

484 4265 666 4318 Lectio
691 4272 742 4318 et
771 4261 1059 4331 explicatio
1091 4259 1346 4331 llolstenii
1377 4260 1507 4331 mihi
1536 4263 1818 4314 admodum
1848 4265 2045 4327 ιι1.ι‹ξρι;

483 4333 577 4388 sed
618 4335 724 4387 alia
754 4329 911 4386 etiam
943 4329 1153 4384 delendi
1189 4339 1377 4400 potest.
1404 4329 1540 4400 iElsi
1587 4333 1729 4383 enim
1762 4333 1904 4400 legas
1933 4343 2050 4385 rett-

483 4413 795 4468 nentevera,
840 4402 1013 4472 adhuc
1059 4399 1357 4468 intelligere
1401 4399 1584 4454 licebit
1626 4399 1892 4456 retinente
1939 4404 2048 4472 ipsa

485 4475 656 4538 basta,
680 4473 764 4526 cui
793 4471 1106 4526 innituntur.

549 4544 676 4597 251.
707 4543 821 4594 Vat.
855 4542 921 4607 A,
952 4540 1164 4602 vitiose,
1196 4538 1409 4604 su/j‘usa.
1442 4541 1591 4609 Egm.
1624 4549 1676 4594 et
1697 4539 1832 4605 PaL,
1860 4541 2048 4608 sit/fos-

481 4631 556 4666 so.
590 4614 852 4680 Antiquos
879 4621 960 4664 est
989 4627 1102 4662 mos
1152 4610 1458 4663 infundendi
1504 4611 1772 4680 plumbum
1825 4613 1960 4676 basi,
1992 4625 2050 4667 ut

482 4693 671 4737 statua:
699 4683 902 4736 ﬁrmius
935 4683 1191 4734 breieant.
1235 4680 1520 4733 ChriStiani
1569 4682 1858 4748 scriptores
1896 4698 2044 4736 ncca-

482 4753 688 4808 sionem
739 4752 862 4805 inde
909 4753 1191 4821 sumebant
1210 4750 1469 4821 irridendi
1500 4752 1716 4804 numina
1745 4752 2042 4821 gentilium.

483 4824 770 4886 Arnobius,
795 4821 889 4874 lib.
916 4836 967 4872 vr
999 4838 1010 4872 :
1041 4819 1159 4872 Jam
1183 4819 1377 4871 dudum
1400 4826 1523 4874 istos
1550 4819 1781 4874 videretis
1811 4822 2044 4874 deos.....

480 4911 511 4943 a
553 4895 818 4946 ruinarum
847 4891 1046 4942 casibus
1091 4897 1136 4942 et
1161 4889 1508 4943 dissolutionis
1539 4903 1690 4952 metu,
1721 4892 2047 4946 subscudibus

480 4972 525 5014 et
555 4963 765 5024 catenis,
799 4962 963 5023 uniris,
990 4973 1138 5028 atque
1162 4959 1354 5012 ansulis
1381 4963 1615 5013 retentari
1641 4976 1658 5011 :
1690 4961 1910 5030 interque
1939 4978 2049 5014 om-

2167 2387 2278 2431 sm.

2234 2446 2360 2500 255.
2389 2443 2526 2508 Gis.,
2555 2443 2698 2508 Rat,
2727 2441 2902 2510 Egm.,
2930 2440 3154 2507 Cauch.,
3187 2440 3384 2511 Widm.
3409 2456 3590 2511 supra,
3619 2442 3744 2497 Tros

2165 2513 2332 2569 Italus
2355 2530 2372 2568 :
2401 2515 2540 2582 quod
2565 2513 2727 2566 etiam
2752 2513 2938 2565 volunt
2959 2511 3158 2582 Oxon.,
3185 2510 3317 2564 Dros
3340 2510 3526 2577 Italus,
3548 2522 3602 2566 et
3625 2513 3741 2566 Vat.

2164 2585 2232 2646 A,
2261 2585 2364 2639 Bos
2399 2581 2566 2637 Italus
2591 2625 2606 2650 ,
2635 2590 2886 2650 corrupte
2909 2622 2924 2646 ,
2952 2582 3038 2636 vel
3063 2581 3183 2650 quia
3215 2582 3267 2634 in
3298 2583 3410 2635 Vat.
3445 2587 3510 2635 Α.
3558 2583 3744 2650 prima:

2163 2655 2358 2710 litterae
2389 2668 2638 2709 versumu
2686 2666 3063 2720 nonnunquam
3095 2653 3484 2705 desiderantur.
3513 2653 3646 2706 Mar.
3691 2663 3740 2708 et

2163 2724 2362 2780 Widm.
2391 2725 2582 2778 iterum
2613 2737 2772 2791 supra
2800 2762 2816 2786 ,
2859 2721 2970 2775 dua:
2990 2721 3189 2791 Salius.
3219 2722 3322 2791 Alii
3351 2763 3365 2782 ,
3411 2722 3518 2775 dux
3552 2720 3741 2776 Italus.

2162 2795 2410 2850 Heinsius
2436 2794 2506 2848 ita
2537 2793 2661 2862 legit
2681 2789 2744 2847 et
2767 2790 3194 2862 distinguit‘Tros
3218 2833 3233 2858 ,
3283 2789 3452 2846 Italus
3475 2833 3491 2859 ,
3518 2803 3574 2846 ut
3616 2793 3743 2848 Tros

2161 2866 2424 2935 signiﬁcet
2451 2859 2710 2935 Enesm_._
2745 2863 2821 2916 De
2847 2859 3014 2935 Italo,
3041 2859 3260 2924 Sabino,
3289 2863 3424 2935 Jauo
3449 2903 3464 2923 ,
3513 2863 3742 2935 Saturno

2159 2932 2280 2989 vide
2335 2933 2608 3002 Virgilium
2659 2932 2750 2986 lib.
2778 2947 2874 2998 vn,
2919 2932 2986 2989 ad
3028 2946 3185 3002 quem
3227 2934 3495 2998 respicere
3535 2933 3740 2988 videtur

2159 3000 2492 3059 Prudentius.
2527 3003 2709 3072 Itaque
2737 3003 2997 3055 assentior
3029 3000 3239 3072 _Gifani0
3258 3003 3421 3056 verbo
3457 3013 3617 3056 strata
3637 3005 3742 3056 via-

2159 3090 2295 3140 rum,
2324 3076 2413 3144 qui
2441 3090 2508 3128 ex
2539 3088 2570 3125 v
2595 3070 2694 3144 lib.
2729 3072 2854 3141 legit
2881 3073 2990 3125 dua:
3019 3070 3207 3144 italus,
3240 3087 3398 3139 quem
3429 3074 3618 3128 ducem
3650 3091 3740 3142 ap-

2162 3142 2357 3214 pellat,‘
2415 3148 2500 3197 uia
2525 3143 2775 3213 princeps
2802 3153 2989 3196 auctor
3015 3142 3111 3196 fuit
3159 3144 3389 3196 nominis
3418 3145 3597 3198 Italiae.

2228 3215 2354 3267 256.
2377 3160 2516 3267 Ἱίτιι.
2546 3229 2609 3267 ex
2641 3212 2977 3267 correctione
3004 3212 3226 3267 alicuius
3251 3213 3402 3267 scioli
3421 3231 3512 3266 sua
3530 3231 3597 3267 soi

2228 3215 2354 3269 256.
2397 3212 2609 3267 Rauex
2641 3212 2977 3268 correctione
3004 3212 3226 3280 alicujus
3251 3213 3402 3268 scioli
3421 3231 3512 3266 sua
3530 3216 3742 3268 sordida

2156 3286 2354 3354 cuique.
2397 3283 2544 3350 Ald.,
2575 3284 2708 3354 Mar.
2735 3297 2763 3336 a
2793 3283 3236 3354 secundamanu,
3271 3283 3383 3337 Gis.
3425 3294 3480 3338 et
3505 3286 3620 3348 alii,
3647 3303 3743 3339 sua

2156 3353 2335 3424 cuique
2371 3365 2580 3408 vetusta.
2612 3353 2732 3409 Vat.
2764 3354 2826 3415 A,
2855 3369 2948 3406 sua
2969 3353 3146 3424 cuique
3174 3365 3386 3407 vetusto.
3423 3355 3600 3423 Egm.,
3638 3357 3739 3409 Pa-

2157 3421 2274 3489 lat.',
2298 3440 2390 3477 sua
2411 3425 2593 3494 cuique
2610 3431 2847 3477 vetustas.
2871 3425 3022 3494 Agna
3041 3421 3177 3494 Jano
3204 3427 3374 3478 etiam.
3398 3421 3578 3494 Prag.,
3606 3427 3743 3481 Mar.

2154 3510 2184 3548 a
2215 3496 2382 3564 prima
2409 3493 2590 3559 manu,
2617 3494 2815 3564 0300.,
2844 3493 3065 3562 Widm.,
3086 3493 3400 3564 Fabr.,sua
3429 3501 3608 3561 cuique
3627 3513 3739 3548 sor-

2156 3563 2303 3628 dens,
2335 3573 2390 3617 ut
2415 3565 2596 3633 cuique
2618 3565 2686 3617 sit
2713 3563 2953 3633 dactylus
3001 3581 3013 3615 :
3063 3563 3130 3617 de
3157 3579 3263 3632 quo
3287 3563 3397 3632 jam
3427 3566 3558 3618 dixi.
3586 3566 3737 3619 Moli-

2158 3649 2339 3700 nazus,
2370 3635 2422 3688 in
2449 3640 2672 3688 tractatu
2713 3633 2780 3686 de
2825 3633 3122 3700 Altaribus,
3166 3642 3314 3702 putat
3341 3635 3736 3690 multitudinem

2158 3705 2422 3769 altarium,
2438 3718 2593 3772 quam
2609 3703 2892 3772 gentilibus
2905 3706 3189 3770 exprobrat
3203 3705 3538 3766 Prudentius,
3552 3706 3736 3760 catho-

2157 3773 2286 3830 licos
2313 3790 2341 3827 a
2371 3776 2588 3843 paganis
2627 3775 2905 3828 hausisse:
2947 3781 3003 3827 at
3032 3775 3386 3842 impudenter.
3419 3774 3548 3828 Nam
3578 3786 3733 3843 poeta

2155 3845 2343 3900 irridet
2371 3844 2547 3899 arulas
2585 3845 2841 3912 sanguine
2870 3845 3132 3906 sordidas,
3160 3855 3283 3897 ante
3308 3845 3470 3914 pedes
3502 3848 3736 3899 homini-

2155 3914 2253 3968 bus
2292 3915 2652 3982 munstrisque
2682 3914 2873 3982 ubique
2915 3915 3155 3968 locorum
3201 3926 3558 3971 eoasecratas.
3592 3917 3734 3982 Quid

2153 3985 2340 4038 istha-c
2368 4001 2486 4038 cmn
2514 3984 2771 4037 altaribus
2792 3983 3210 4038 catholicorum?

2221 4057 2343 4126 257.
2380 4055 2494 4107 Vat.
2530 4055 2595 4115 Α,
2625 4053 2766 4107 male
2787 4069 2815 4105 τι
2837 4055 3015 4126 prima
3049 4070 3231 4126 manu,
3255 4055 3319 4109 de
3334 4071 3499 4109 mense
3519 4056 3732 4126 ligatur.

2149 4123 2524 4178 Celeberrimte
2573 4133 2738 4193 erant
2767 4124 3003 4178 calentia:
3044 4123 3336 4189 ianuarias,
3368 4123 3576 4180 contra'
3601 4142 3734 4193 quas

2150 4209 2328 4265 sermo
2374 4195 2648 4265 exstatuS.
2676 4192 2924 4265 Maximi.
2978 4193 3104 4248 Vide
3156 4195 3535 4265 liinghamum,
3581 4192 3729 4263 Orig.

2150 4263 2348 4335 Christ.
2381 4273 2511 4318 tom.
2545 4263 2634 4326 ιχ,
2671 4263 2762 4335 lib.
2792 4280 2880 4335 xx,
2913 4279 3031 4332 cap.
3079 4265 3128 4330 l,
3161 4263 3274 4335 §5,‘
3307 4266 3397 4332 qui
3447 4267 3540 4320 has
3569 4265 3732 4320 ferias

2150 4333 2266 4388 sine
2296 4335 2485 4387 ritibus
2527 4333 2872 4391 idololalricis
2900 4337 2998 4388 sub
3029 4333 3436 4401 imperatoribus
3464 4337 3728 4390 Christia-

2152 4419 2232 4457 ms
2261 4405 2596 4457 coutinuatas
2616 4404 2789 4469 docet,
2815 4405 2906 4458 sed
2932 4404 3002 4457 ita
3027 4414 3083 4458 ut
3111 4405 3332 4459 concilia
3349 4415 3402 4460 et
3423 4405 3608 4460 Patres
3633 4408 3729 4460 ad-

2150 4487 2335 4528 versus
2359 4489 2450 4528 eas
2476 4474 2873 4528 inveherentur.

2220 4544 2498 4613 2.50.7Ald.
2531 4544 2668 4597 male
2696 4543 2819 4610 legit
2848 4559 2908 4598 ac
2937 4543 3263 4613 interpungit
3292 4546 3482 4613 gaudia
3510 4545 3728 4600 ducunt.

2151 4610 2307 4665 Festa
2331 4612 2672 4668 Calendarum
2695 4614 2767 4664 sic
2787 4610 3098 4668 observantia
3120 4610 3370 4667 crévitfln
3393 4615 3604 4668 collect.
3630 4616 3729 4668 Ca-

2151 4698 2346 4736 noiium
2373 4685 2428 4737 S.
2461 4683 2669 4737 Martini
2703 4683 2976 4743 Braehar..
3010 4699 3126 4751 cap.
3161 4686 3230 4737 75
3262 4687 3331 4737 ita
3364 4685 3518 4737 habet
3546 4702 3558 4736 :
3605 4685 3727 4738 Non

2149 4751 2298 4806 liceat
2343 4754 2540 4820 iniquus
2565 4753 2932 4807 observationes
2971 4769 3118 4822 agere
3145 4754 3486 4813 calendarum,
3518 4766 3564 4806 et
3611 4757 3728 4807 otiis

2149 4838 2329 4876 vacare
2355 4825 2644 4893 gentilibus,
2691 4836 2851 4890 neque
2877 4825 3024 4876 lauro
3061 4833 3149 4875 aut
3191 4824 3442 4883 tiriditate
3485 4824 3724 4877 arborum

2148 4894 2348 4954 cinqere
2372 4893 2570 4947 domos.
2608 4893 2784 4946 Omnis
2809 4893 2913 4947 lucc
2935 4895 3214 4946 ofnervaiio
3243 4895 3530 4961 paganismi
3556 4903 3650 4945 est.

2216 4962 2342 5017 2M.
2377 4963 2509 5017 lluic
2553 4964 2728 5018 versui
2779 4964 2831 5016 in
2878 4964 3040 5026 Maia,
3075 4963 3194 5016 llat.
3225 4972 3280 5017 et
3324 4962 3443 5015 abis
3485 4965 3730 5017 succedit

481 5047 582 5102 nes
610 5033 784 5098 sinus,
816 5030 1948 5102 commissuraruntqnejuncturas“plumbum
1975 5033 2048 5084 ire
2074 5038 2126 5098 D
2151 5031 2340 5102 lemma
2376 5033 2448 5085 De
2475 5034 2750 5086 simulacro
2773 5033 3008 5102 Augusti.

481 5101 748 5168 suffusum,
780 5111 822 5152 et
861 5099 1108 5152 saiutares
1143 5113 1308 5168 moras
1334 5099 1593 5166 signoruni
1633 5099 2044 5153 diuturnitatibus

480 5164 816 5223 commodare.
853 5169 917 5221 Et
959 5178 1138 5234 postea
1175 5184 1195 5236 :7
1221 5164 1283 5220 Si
1328 5164 1657 5236 permanendi
1703 5170 2046 5223 neressitatem

481 5243 758 5304 patiuntur,
783 5239 906 5306 quid
930 5238 1157 5289 miserius
1177 5235 1253 5288 his
1276 5235 1400 5299 esse,
1428 5247 1514 5288 aut
1538 5237 1660 5304 quid
1683 5240 1934 5307 infelicius
1958 5257 2047 5306 po-

482 5310 610 5378 terit,
634 5325 785 5378 quam
826 5311 868 5361 si
905 5323 985 5378 eos
1014 5307 1064 5358 in
1098 5307 1394 5378 basibus_i_ta
1422 5307 1536 5378 unci
1562 5308 1774 5358 retinent
1803 5317 1848 5360 et
1879 5309 2048 5376 plum-

481 5376 582 5429 bere
628 5374 927 5430 unctiOnes?
962 5377 1174 5429 Juretus
1204 5374 1382 5427 multis
1415 5376 1600 5439 prohat
1632 5374 1885 5430 ethnicos
1919 5380 2048 5431 soli-

483 5455 561 5498 tos
585 5447 867 5512 aliquando
899 5447 1106 5498 vincula
1135 5445 1322 5498 statuis
1350 5444 1588 5509 injicere,
1617 5461 1683 5498 ne
1708 5445 1794 5499 duri
1825 5447 2040 5515 aufuge-

484 5526 615 5585 rent.
649 5516 838 5584 Arguit
878 5516 1039 5570 etiam
1081 5515 1590 5585 iutperitiattt_scioli
1622 5515 1916 5582 cujusdam,
1949 5518 2037 5585 qui

479 5581 542 5635 ad
571 5581 823 5638 oram'sui
853 5585 1049 5638 codicis
1082 5581 1374 5653 adiecerat,
1408 5581 1862 5638 Prudentiiverba
1893 5581 2040 5640 desi-

477 5666 639 5724 gnare
667 5661 867 5724 statuas
891 5653 1074 5707 lusiles
1107 5665 1160 5709 et
1197 5653 1491 5722 plumbeas.
1515 5654 1894 5721 Tertullianus,
1921 5669 2041 5724 etp.

481 5721 546 5778 12
573 5722 819 5791 Apolog.,
847 5725 1085 5775 meminit
1120 5721 1318 5791 p'umbi
1362 5725 1414 5777 in
1455 5724 1683 5779 statuis:
1717 5725 1845 5777 Ante
1874 5721 2042 5793 plum-

2217 5101 2343 5155 246.
2374 5102 2554 5170 Prag.,
2582 5103 2690 5157 νει.
2716 5112 2770 5158 et
2799 5101 3035 5157 nonnulli
3065 5102 3178 5165 alii,
3207 5117 3400 5166 mensa,
3427 5101 3566 5170 quod
3595 5117 3728 5168 pro-

2151 5169 2239 5223 bat
2257 5169 2539 5235 Cauchius,
2567 5173 2690 5239 quia
2712 5187 2909 5228 mensae
2931 5173 2984 5226 in
3006 5172 3282 5226 sacriﬁciis
3301 5185 3398 5239 pro
3417 5169 3526 5225 aris
3545 5183 3727 5228 erant.

2153 5239 2396 5294 Heinsius
2442 5244 2518 5295 ait
2555 5241 2610 5295 in
2637 5243 3016 5296 vetustioribus
3046 5257 3164 5296 esse
3203 5257 3418 5306 mensas;
3461 5240 3558 5299 sed
3607 5242 3722 5309 ipse

2147 5310 2422 5376 scripserit
2450 5327 2638 5376 mense,
2691 5326 2815 5365 nam
2846 5311 2900 5365 id
2943 5311 3106 5366 edidit
3149 5312 3201 5365 in
3228 5319 3518 5376 contextu,
3565 5323 3619 5366 et
3649 5311 3723 5364 ita

2149 5378 2328 5446 legunt
2371 5379 2629 5448 plerique.
2672 5381 2769 5436 Hic
2809 5382 3008 5436 mensis
3045 5392 3128 5436 est
3174 5381 3417 5440 sextilis,
3464 5382 3725 5448 Augustus

2149 5459 2482 5516 nuncupatus
2523 5455 2573 5503 in
2607 5450 2861 5505 honorem
2887 5451 3130 5518 Augusti.
3176 5451 3250 5504 De
3293 5450 3584 5504 honoribus
3613 5451 3726 5502 Au-

2146 5529 2300 5590 gusto
2319 5519 2487 5590 etiam,
2503 5521 2696 5574 viventi
2723 5519 2996 5584 exhibitis,
3023 5521 3218 5590 passim
3246 5525 3556 5589 scriptores.
3593 5518 3725 5590 Vide

2153 5587 2426 5643 Horatium
2458 5589 2548 5642 lib.
2581 5605 2639 5656 ιι,
2671 5605 2756 5658 ep.
2793 5591 2844 5642 l.
2875 5590 2999 5658 Ejus
3023 5587 3184 5658 caput
3211 5591 3263 5644 in
3297 5587 3528 5644 nummis
3558 5589 3727 5658 radiis

2149 5668 2457 5712 coronatum
2500 5663 2755 5714 cernitur.
2809 5657 3028 5714 Constat
3071 5657 3232 5718 etiam
3290 5660 3516 5716 feminas
3557 5657 3727 5714 fuisse

2149 5727 2262 5795 ejus
2291 5728 2536 5781 ﬂamines
2557 5743 2650 5782 seu
2675 5723 2999 5784 sacerdotes.
