4154 6188
429 329 519 381 111

591 439 768 494 Strata
791 439 857 494 ad
891 440 1130 507 pulvinar
1161 439 1339 507 iacuit,
1373 457 1628 511 reSponsa
1651 445 1912 514 peposcit.

595 529 883 584 Testantur
913 532 1074 597 tituli,
1109 530 1336 600 produnt
1364 534 1608 587 consulta
1651 543 1889 596 senatus,

421 617 524 673 250
593 618 894 675 Cassareum
913 621 1056 676 Jovis
1077 621 1144 676 ad
1163 622 1393 691 speciem
1414 625 1698 679 statuentia
1715 627 1994 694 templum.

669 711 931 780 Adjecere
955 727 1188 777 sacrum,
1213 713 1366 769 ﬁeret
1392 729 1497 784 quo
1529 715 1672 770 Livia
1692 716 1850 783 Juno,

595 800 708 854 Non
743 803 921 858 minus
951 804 1161 859 infamis
1191 805 1406 860 thalami
1433 808 1618 860 sortita
1640 807 1812 861 cubile
1835 850 1850 870 ,

595 893 763 956 Quam
789 909 912 948 cum
939 899 1178 951 fraterno
1207 897 1370 952 caluit
1393 895 1642 953 Saturnia
1674 899 1831 954 lecto.

595 981 835 1037 Nondum
863 995 1158 1040 maternam
1192 996 1344 1056 partu
1371 999 1689 1044 vacuaverat
1717 989 1916 1057 alvum,

417 1071 523 1128 255
592 1075 743 1145 721
769 1073 1196 1146 Conceptamque
1233 1079 1328 1133 viri
1355 1079 1596 1135 sobolem
1626 1080 1859 1151 paritura
1890 1094 1988 1149 ge-

1748 1170 1921 1242 [rebat

599 1256 876 1322 Pronuba;
922 1257 1033 1328 jam
1080 1260 1311 1330 gravida:
1360 1261 1583 1318 fulcrum
1631 1263 1841 1333 geniale
1889 1277 1988 1332 pa-

1713 1355 1883 1427 [ratur
1896 1397 1910 1420 ,

582 1437 699 1493 Jam
726 1454 977 1509 sponsus,
1011 1441 1236 1498 saliente
1263 1451 1418 1500 utero
1446 1446 1716 1511 nubentis,
1749 1447 1952 1502 amicos

586 1530 852 1597 Advocat,
898 1532 1035 1587 haud
1085 1534 1323 1591 sterilem
1366 1546 1545 1592 certus
1583 1537 1697 1593 lore
1730 1539 1840 1607 jam
1881 1537 2002 1592 sibi'

1654 1627 1905 1699 [pactam.

1514 332 1710 387 LIBER
1752 333 1771 387 1
1810 334 2078 390 CONTRA
2119 334 2566 392 SYMMACHUM.

2027 453 2075 508 A

3580 344 3676 398 112

2287 445 2514 500 Vitricus
2544 446 2814 502 antevenit
2847 446 3053 500 tardum
3082 449 3433 518 prtulervidus
3461 462 3636 509 ortum

2102 537 2208 593 260
2282 538 2511 608 Privigni
2541 538 2774 593 nondum
2800 540 2994 608 geniti;
3027 557 3150 596 mox
3178 543 3354 596 editur
3379 545 3518 600 inter

2281 629 2608 684 Fescennina
2631 644 2773 683 novo
2798 630 2976 698 proles
3003 631 3173 686 aliena
3205 634 3416 688 marito.

2278 717 2440 787 quue
2487 719 2644 772 deum
2687 728 2891 785 sortes,
2923 722 2972 774 id
3019 722 3280 789 Apollinis
3325 735 3476 780 antra
3507 725 3670 783 dede-

3449 818 3602 889 [runt

2276 901 2435 972 722
2465 901 2785 956 Consilium:
2817 918 3084 973 nunquam
3113 907 3300 961 melius
3328 923 3448 962 nam
3473 910 3668 966 cedere

3405 1001 3593 1072 [tzedas

2268 1082 2600 1152 Responsum
2648 1092 2763 1148 est,
2814 1099 2970 1154 quam
3019 1099 3138 1140 cum
3191 1103 3470 1157 praegnans
3521 1107 3657 1148 nova

3151 1176 3333 1248 [nupta
3359 1181 3592 1251 jugatur.

2083 1265 2190 1320 265
2265 1264 2410 1320 Hanc
2435 1265 2560 1333 tibi,
2593 1265 2790 1333 Roma,
2822 1267 2976 1323 deam
3009 1270 3204 1337 titulis,
3243 1281 3298 1327 et
3329 1273 3533 1331 honore
3572 1290 3658 1331 sa-

3369 1363 3590 1436 [oratam

2266 1447 2529 1516 Perpetuo
2560 1448 2748 1503 Floras
2778 1452 2935 1515 inter,
2963 1451 3303 1524 Veneresque
3327 1461 3543 1513 creasti.

2265 1538 2372 1593 Nec
2405 1539 2596 1593 mirum
2633 1558 2644 1590 :
2680 1540 2798 1608 quis
2843 1543 2983 1596 enim
3029 1544 3242 1613 sapiens
3287 1547 3654 1618 dubitaverat,

3450 1638 3588 1710 [illas

1719 1716 2006 1775 GLOSSJE
2045 1716 2381 1772 VETERES.

473 1802 596 1879 218.
629 1802 1148 1879 S_trata,‘posteritas.
1172 1834 1239 1845 —--
1268 1803 1535 1870 Pulvinar,
1563 1805 1722 1862 lectus
1743 1810 1978 1876 deorum,
2020 1812 2064 1870 Β
2159 1807 2284 1879 258.
2317 1807 2529 1879 Pactam
2549 1848 2564 1870 ,
2597 1808 2945 1874 conjunctam,
2976 1826 3244 1879 sponsam,
3269 1813 3369 1869 lso.

409 1875 766 1927 lectisternium
795 1875 976 1940 altare,
1010 1874 1050 1928 1.

471 1943 598 2014 249.
625 1943 806 2014 Tituli,
837 1943 1207 2014 inscriptiones,
1239 1945 1471 2012 honores,
1507 1947 1548 2001 l.

470 2013 595 2068 250.
628 2013 953 2076 Cmsareum,
988 2013 1273 2078 Octaviani,
1310 2015 1349 2070 l.

469 2083 596 2137 25L
627 2083 766 2148 Quo,
792 2094 862 2137 ut.
895 2113 964 2123 —-
992 2083 1166 2150 Livia,
1190 2099 1319 2138 uxor
1343 2084 1625 2152 Octaviani,
1654 2089 1695 2142 Ι.

468 2152 592 2223 255.
630 2153 772 2223 Viri,
805 2155 1038 2216 alterius,
1059 2171 1212 2223 quam
1241 2155 1538 2222 Octaviani,
1564 2157 1666 2213 lso.

466 2221 595 2294 256.
629 2221 873 2294 Geniale,
903 2221 1152 2294 nuptiale,
1177 2225 1216 2279 Ι.

467 2292 594 2348 257.
628 2293 891 2363 Sponsus,
923 2292 1113 2360 adhuc,
1142 2294 1184 2348 Ι.

2159 1878 2285 1932 259.
2315 1877 2530 1942 Ortum,
2562 1879 2903 1945 nativitatem,
2931 1879 2972 1933 l.

2159 1946 2285 2000 261.
2318 1945 2648 2001 Fescennina
2674 1989 2686 2006 ,
2718 1949 2970 2017 nuptialia
3009 1952 3238 2005 carmina
3275 1954 3410 2009 dicta
3440 1958 3502 2011 ab
3534 1962 3653 2017 urbe

2089 2014 2381 2081 Fescenna;
2403 2017 2506 2069 sive
2519 2019 2637 2086 quia
2655 2014 2905 2085 fascinum
2920 2019 3134 2084 pellunt.
3160 2021 3290 2075 Item
3308 2014 3652 2086 Fescenninus

2083 2088 2528 2163 deus‘puptiarum
2557 2088 2762 2163 dicitur,
2793 2087 2891 2140 lso.
2929 2087 3199 2154 Nuptialia
3230 2096 3485 2163 carmina,
3518 2101 3649 2156 Mar.

2151 2155 2278 2229 262.
2311 2155 2475 2229 Qeum
2501 2167 2698 2219 sortes,
2728 2159 2939 2229 deorum
2969 2173 3236 2229 responsa.
3269 2162 3307 2217 l.

2150 2225 2276 2280 263.
2309 2225 2520 2292 Taedas,
2553 2229 2777 2292 nuptias,
2809 2227 2846 2279 I.

2147 2296 2272 2351 266.
2308 2296 2509 2360 Floras,
2543 2297 2661 2349 inde
2685 2297 2973 2363 {lora/ia.—.
2996 2297 3203 2355 Creasti
3223 2343 3237 2368 ,
3265 2303 3520 2373 deputasti
3536 2349 3552 2374 ,
3575 2310 3610 2364 l.

1747 2411 2309 2468 COMMENTARIUS.

466 2523 589 2579 250.
620 2524 832 2580 Tacitus
863 2525 956 2577 lib.
989 2540 1005 2579 ι
1037 2525 1230 2580 Annal.
1257 2543 1270 2578 :
1305 2525 1552 2580 therum
1580 2526 1842 2593 sepultura
1869 2543 1976 2580 mo-

399 2611 452 2648 rs
479 2596 718 2664 perfecta,
739 2594 984 2665 templum
1011 2605 1056 2650 et
1078 2597 1299 2649 cazlestes
1323 2597 1589 2665 religiones
1612 2597 1976 2652 decernuntur;

398 2665 548 2730 Quod
585 2667 659 2720 ait
687 2664 847 2730 poeta
885 2664 1027 2719 Iovis
1069 2666 1136 2718 ad
1175 2664 1428 2733 speciem,
1459 2666 1696 2734 intelligo
1726 2667 1977 2732 templum

394 2741 634 2806 Augusto
656 2737 932 2806 decretum
955 2775 970 2799 ,
1001 2735 1222 2806 perinde
1250 2735 1466 2806 aeJovi
1497 2735 1738 2790 solebant
1783 2737 1978 2806 templa

395 2805 548 2876 erigi.
581 2804 973 2860 Chamillardus
1002 2805 1194 2876 aliique
1229 2805 1484 2871 probabili
1526 2806 1732 2860 ratione
1769 2804 1976 2876 putant,

394 2875 678 2944 imaginem
708 2876 932 2944 Augusti
955 2875 1132 2943 specie
1162 2875 1308 2930 Jovis
1331 2875 1490 2929 fuisse
1513 2875 1824 2935 exhibitam.
1853 2878 1974 2932 Post

393 2945 533 3000 hunc
551 2961 767 3000 versum
792 2947 843 2998 in
868 2946 1024 3010 Man,
1042 2945 1160 2999 llat.
1175 2954 1228 3000 et
1244 2945 1384 3012 aliis,
1407 2945 1477 2998 De
1497 2945 1774 3001 simulacro
1792 2948 1971 3012 Liviw,

394 3016 569 3068 uxon's
600 3016 840 3086 Augusti.

363 3117 404 3158 -7
444 3086 599 3158 251.
629 3083 752 3158 Ald.
777 3127 792 3148 ,
826 3085 1106 3150 mendose,
1139 3087 1394 3158 adjaccre.
1435 3083 1683 3141 Ouzelius
1715 3087 1783 3142 ad
1819 3089 1972 3142 verba

389 3156 628 3220 Minucii,
655 3155 721 3208 Et
748 3158 851 3210 diri
880 3158 1050 3210 ceteri
1076 3155 1213 3226 reges
1239 3199 1252 3223 ,
1277 3157 1359 3224 qui
1381 3167 1738 3226 consecrantur
1763 3198 1777 3221 ,
1825 3159 1972 3222 plura

389 3227 626 3295 di‘sputat
660 3226 728 3282 de
755 3228 1033 3294 apotheosi
1062 3225 1247 3292 Liviae,
1277 3241 1434 3296 quam
1464 3225 1645 3296 habitu
1675 3237 1730 3281 et
1759 3229 1975 3283 nomine

387 3294 618 3351 lunonis
661 3308 1026 3351 consecratam
1055 3296 1236 3362 tuisse,
1261 3294 1323 3351 es
1370 3295 1450 3349 his
1476 3294 1719 3351 versibus
1749 3297 1967 3361 colligit.

385 3367 614 3421 Accedit
637 3364 1054 3422 Cbamillardus.
1088 3366 1214 3420 Mihi
1247 3366 1296 3419 id
1326 3381 1431 3419 non
1452 3365 1595 3419 clare
1627 3365 1812 3435 liquet.
1838 3367 1966 3422 Nam

385 3438 550 3492 verba
581 3445 751 3505 poetae
778 3438 951 3492 solum
998 3439 1216 3491 innuere
1261 3437 1526 3500 videntur,
1573 3435 1774 3491 Liviam
1815 3438 1967 3492 deam

386 3521 508 3560 esse
554 3507 747 3560 factam
779 3521 926 3561 more
955 3507 1250 3576 gentilium.
1285 3517 1335 3560 et
1369 3508 1598 3559 honores
1619 3519 1963 3562 consecutam

383 3579 471 3646 qui
498 3577 700 3632 Junoni
732 3578 1120 3631 tribuebantur.
1154 3577 1298 3632 Livia
1329 3578 1488 3630 etiam
1516 3577 1699 3646 vivens
1721 3592 1814 3646 per
1841 3580 1970 3631 udu-

382 3647 642 3702 lationem
682 3648 968 3712 vocabatur
1004 3647 1164 3711 Juno,
1194 3658 1250 3701 ut
1275 3650 1539 3715 Augustus
1559 3645 1783 3714 Jupiter.
1811 3646 1971 3702 Gran-

381 3732 532 3786 gaeus
558 3717 791 3771 afﬁrmat
813 3728 1022 3772 veteres
1062 3717 1227 3772 libros
1262 3717 1460 3772 habere
1495 3733 1592 3785 quo
1617 3718 1763 3770 Julia
1805 3717 1966 3782 Juno,

379 3797 440 3842 et
467 3790 629 3851 bene,
655 3787 699 3841 si
720 3787 1056 3854 adoptionem
1078 3798 1308 3855 spectas.
1335 3787 1463 3840 Nam
1478 3786 1629 3857 Livia
1650 3789 1716 3840 ab
1732 3789 1968 3857 Angusto

380 3860 586 3912 marito
615 3858 714 3911 luit
739 3858 1012 3926 adeptata,
1042 3857 1280 3926 adeoque
1309 3873 1502 3926 nomen
1529 3856 1682 3912 Julia:
1711 3856 1963 3912 obtznuit.

380 3927 615 3983 Exstant
639 3925 923 3983 nummi’in
955 3928 1144 3997 quibus
1173 3925 1288 3981 diva
1326 3925 1472 3980 Julia
1500 3929 1713 3994 Augusti
1739 3928 1852 3995 ﬁlia,
1879 3944 1968 3981 vo-

375 4009 556 4051 catur.
610 3999 799 4052 Nescio
845 4006 1020 4052 autem
1053 3999 1264 4066 quinam
1318 3997 1390 4051 illi
1421 3997 1526 4050 sint
1573 3997 1692 4066 libri
1738 4007 1963 4052 veteres.

375 4066 657 4122 Giselintts
687 4069 900 4135 quidem
933 4065 1248 4135 conjiciebat
1278 4069 1555 4134 legendum
1586 4065 1730 4120 Julia
1751 4081 1846 4135 pro
1874 4067 1965 4121 Li-

373 4142 486 4203 via,
519 4139 642 4208 quia
683 4140 953 4207 Augustus
981 4137 1170 4192 Juliam
1207 4139 1367 4206 ﬁliam
1416 4138 1961 4208 Agrippmiobtrusit,

370 4222 402 4258 a
436 4207 545 4270 se,’
570 4221 626 4260 ut
666 4210 901 4277 suspicio
930 4220 1061 4270 erat,
1090 4217 1416 4275 corruptam.
1457 4207 1561 4262 Sed
1593 4207 1809 4260 dubium
1857 4223 1961 4262 non

371 4287 458 4330 est
487 4279 618 4345 quin
639 4277 706 4330 de
729 4278 876 4331 Livia
900 4279 967 4332 sit
986 4277 1180 4331 sermo.

444 4347 583 4402 25L
613 4347 899 4402 Suetonius
925 4347 990 4400 de
1037 4351 1269 4415 Angusm
1295 4361 1411 4415 cap.
1461 4345 1564 4399 6‘2:
1597 4345 1786 4398 Liviam
1833 4346 1965 4400 Dru-

367 4419 552 4471 sillam
575 4419 894 4470 matrimonio
916 4416 1102 4470 Tiberii
1138 4417 1380 4483 Nrronis,
1403 4428 1448 4470 et
1470 4417 1674 4486 quidem
1693 4432 1962 4488 pra'gnan-

370 4499 477 4540 tem
508 4489 744 4541 abduxit.

439 4557 577 4628 256,.
611 4558 732 4610 Ald.
764 4557 890 4624 legit
917 4566 970 4611 et
991 4556 1264 4618 distinguit
1307 4556 1547 4628 gerebat,_
1574 4555 1816 4628 Pronuba
1844 4560 1960 4628 jam

366 4627 610 4698 gravida;
639 4629 891 4698 fulcrum,
918 4635 963 4679 et
992 4628 1491 4698 genialeparantur.
1531 4626 1600 4698 Ita
1630 4626 1959 4698 etiam_vide-

2082 2541 2198 2578 rum
2228 2523 2399 2591 pueris
2420 2521 2735 2575 salientibus.

2151 2590 2276 2674 2.59.
2310 2594 2679 2675 Augustus-cst
2702 2590 3168 2675 vit.ricus,‘Drt.t‘sus
3189 2597 3498 2674 privignus;
3526 2608 3647 2675 quia

2081 2662 2227 2716 Livia
2257 2669 2375 2717 erat
2406 2674 2539 2714 uxor
2567 2659 2786 2728 AllgllSli
2806 2700 2820 2722 ,
2851 2668 3020 2712 mater
3052 2659 3220 2715 Drusi.

2149 2733 2272 2787 261.
2307 2731 2454 2785 Livia
2484 2729 2873 2802 intra‘tei'tium
2916 2744 3155 2802 mensem
3202 2737 3407 2802 peperit
3439 2757 3452 2792 :
3483 2744 3647 2799 adeo.

2079 2818 2181 2873 que
2211 2798 2602 2873 quodammodo
2631 2798 2769 2873 inter
2797 2798 3050 2873 nuptialia
3090 2798 3347 2859 carmina.
3381 2798 3648 2872 Giselinus

2079 2867 2262 2941 (injicit
2312 2872 2515 2925 Liviam
2577 2883 2645 2941 ex
2697 2867 2957 2922 adulteria
2997 2884 3124 2941 ριιηι
3175 2875 3411 2941 Angusto
3454 2867 3648 2940 conce:

2081 2939 2246 3011 pisse;
2275 2952 2327 2998 et
2370 2940 2681 2996 Suetonium
2719 2947 2916 3011 testem
2960 2939 3176 3011 allegat.
3212 2939 3405 3001 verum
3454 2939 3646 3008 Sueto-

2081 3008 2198 3068 nius
2254 3013 2427 3068 solum
2471 3011 2546 3063 ait
2586 3008 2944 3080 suspicionem
2975 3010 3092 3076 ejus
3123 3012 3197 3065 rei
3239 3013 3425 3072 fuisse.
3465 3023 3509 3075 A
3552 3024 3648 3080 Fe-

2077 3083 2296 3156 ερεηηξο
2330 3082 2558 3156 Etruriae
2613 3077 2818 3156 oppido
2852 3093 3042 3156 versus
3083 3084 3374 3156 nuptiales,
3403 3077 3648 3149 obsceni-

2078 3163 2183 3207 tate
2212 3153 2391 3222 pleni,
2423 3153 2646 3222 Romam
2675 3147 2830 3222 allati
2855 3147 3124 3222 dicuntur.
3152 3147 3290 3222 illinc
3329 3147 3646 3218 Fescennina

2077 3216 2280 3277 licenlia
2301 3216 2437 3288 apud
2464 3221 2756 3275 lloratium.
2783 3216 3066 3274 Fescennia
3089 3221 3264 3276 minus
3290 3224 3426 3283 bene
3451 3231 3500 3284 in
3523 3216 3646 3288 non;

2079 3295 2236 3348 nullis
2267 3295 2410 3361 vulg.

1999 3334 2044 3396 Ο
2079 3334 2575 3439 Ϊιυάιόἒίὸῧίιηίυς,
2615 3359 3002 3439 ver_bo.Fs_t_:-,.
3037 3363 3312 3439 contendit
3356 3367 3646 3439 legendum

2079 3433 2242 3503 thue
2271 3434 2646 3503 deumrsortes,
2675 3431 2747 3482 sic
2777 3429 3028 3498 Apollinis
3068 3440 3216 3484 antra
3264 3429 3546 3502 dederunt,
3576 3457 3642 3497 ex

2073 3500 2204 3559 vett.
2237 3503 2404 3563 libris,
2435 3502 2485 3555 in
2515 3500 2706 3568 Quibus
2745 3507 2920 3572 tamen
2951 3511 3062 3572 9"“!
3107 3511 3255 3572 “"1"”
3295 3507 3475 3572 deum’
3510 3500 3562 3564 et
3593 3515 3643 3568 i"

2074 3589 2178 3646 uno
2205 3589 2322 3646 cum
2364 3572 2516 3646 litura
2548 3571 2698 3635 idque
2733 3569 2901 3646 deum.
2953 3569 3179 3646 Heinsio
3211 3569 3471 3646 diSplicet'
3497 3584 3638 3646 quod

2072 3643 2314 3712 Gifanius
2342 3641 2576 3712 pessimo
2603 3639 2850 3708 exemplo
2879 3641 2946 3692 ita
2975 3642 3236 3712 castigare
3264 3639 3526 3712 voluerit,
3556 3654 3638 3704 ni-

2071 3711 2145 3766 hil
2179 3714 2350 3780 legem
2395 3710 2668 3782 metrigam
2715 3719 2971 3782 moratus.
3004 3710 3195 3765 Verum
3235 3713 3350 3782 ipse
3392 3710 3638 3776 lleinsius

2070 3796 2213 3856 saepe
2234 3778 2303 3856 [ta
2329 3791 2530 3856 peccat.
2549 3778 2764 3856 Weitz.,
2790 3779 3232 3856 utjidetur,_cum
3255 3778 3386 3856 suis,
3404 3786 3635 3856 'l‘huau.,

2069 3847 2204 3907 alter
2234 3847 2403 3916 Roth,
2428 3851 2589 3922 Man,
2633 3847 2975 3922 Pra_g.,__Bat.
2996 3850 3236 3922 ,_A_lex.,
3278 3854 3332 3905 id
3361 3847 3633 3922 Λροιιὲηἱδξ

2071 3924 2216 3987 Ald.,
2250 3922 2388 3991 Gis.,
2420 3921 2574 3986 Urb.,
2611 3927 2659 3991 et
2699 3916 2971 3991 Apollinis.
3010 3916 3259 3986 Balthus,
3305 3923 3371 3977 de
3407 3916 3640 3985 'Silcntio

2069 3989 2404 4064 oraculorum
2439 3989 2668 4064 ραι-ιλ,
2702 4003 2820 4057 cap.
2845 3989 2909 4050 5,
2941 3989 3037 4064 bos
3066 4003 3260 4064 versus
3293 3992 3536 4064 intelligit
3571 4000 3639 4055 de

2069 4063 2340 4131 responsis
2387 4057 2758 4129 haruspicum,
2807 4057 3018 4136 non_de
3065 4061 3321 4136 oraculis,
3368 4057 3486 4136 quae
3529 4067 3638 4136 jam

2065 4129 2434 4197 cessaverant;
2469 4140 2624 4200 negat
2659 4143 2784 4201 vero
2820 4143 2886 4182 ex
2919 4129 3000 4182 bis
3045 4129 3286 4201 versibus
3332 4129 3637 4201 arguifvc-

2068 4210 2178 4257 tera
2221 4205 2434 4257 oracula
2477 4199 2653 4255 inieras
2699 4199 2861 4273 fuisse
2903 4199 3239 4273 sacerdotum
3287 4199 3630 4273 imposturas,

2065 4273 2272 4326 etiamsi
2319 4273 2680 4339 intelligantur
2725 4269 2791 4323 de
2838 4270 3087 4322 oraculis.
3142 4269 3488 4328 Revera—Dio
3529 4269 3633 4332 non

2065 4343 2364 4411 Apollinem
2384 4383 2398 4407 ,
2422 4343 2514 4396 scd
2545 4340 2818 4411 pontilices
2836 4339 3114 4411 consultos
3131 4350 3340 4411 narrat.
3370 4343 3423 4396 ld
3455 4354 3630 4403 tamen

2066 4409 2170 4466 non
2195 4414 2439 4480 prohibet
2474 4409 2756 4479 quominus
2777 4410 2934 4480 etiam
2965 4409 3226 4480 Apollinis
3260 4413 3473 4480 aliquod
3512 4432 3635 4472 ora-

2063 4478 2240 4552 culum
2283 4491 2373 4536 aut
2403 4478 2613 4541 verum,
2645 4489 2736 4532 aut
2767 4478 3047 4552 conﬂatum
3074 4478 3259 4552 luerit
3284 4478 3608 4552 divulgatum

2063 4551 2357 4617 Iuvenalis,
2383 4561 2480 4605 sat.
2508 4556 2561 4616 6,
2596 4565 2737 4604 vers.
2765 4548 2868 4602 555
2896 4565 2909 4600 :
2944 4549 3204 4618 Quidquid
3237 4548 3626 4611 Dixerit—astro-

2063 4624 2240 4694 logus,
2267 4622 2477 4694 credent
2509 4639 2540 4675 a
2585 4621 2750 4690 fronte
2793 4622 3011 4694 relatum
3051 4620 3340 4694 Ammonis,
3388 4629 3630 4694 quoniam

367 4687 459 4751 t'ur
490 4687 692 4766 legisse
720 4687 1015 4766 blariettusf
1034 4698 1085 4749 in
1129 4687 1262 4756 suis,
1300 4705 1524 4765 excepto
1553 4696 1728 4765 Prag.,
1761 4696 1846 4750 ubi
1876 4705 1959 4752 est
1982 4699 2035 4759 D
2063 4687 2274 4766 Delphi;
2304 4692 2511 4766 οῖαςιιζει
2552 4687 2748 4766 (ἐξεδέξω
2767 4729 2781 4752 .
2818 4687 3073 4766 Et_genus
3104 4687 3631 4766 {iuniarinm'damnat

364 4775 616 4832 paratur.
662 4767 918 4820 Adhmret
945 4765 1201 4820 Weilzius
1231 4781 1353 4819 cum
1393 4768 1526 4829 suis,
1559 4769 1652 4819 sed
1687 4767 1737 4819 in
1782 4766 1947 4836 Bong.

362 4837 530 4890 deest
549 4844 598 4888 et
630 4845 750 4905 post
773 4837 1014 4904 fulcrum.
1045 4837 1098 4889 In
1126 4839 1321 4898 Oxon.,
1349 4837 1522 4899 Alex.,
1552 4836 1703 4896 Urb.,
1731 4836 1952 4904 fulcrum

358 4917 409 4958 et
449 4907 663 4977 geniale
703 4918 971 4977 parantur.
1002 4907 1136 4977 Vera
1181 4906 1388 4958 videtur
1429 4905 1587 4977 lectio
1634 4906 1854 4977 Giselini
1897 4918 1953 4960 et

360 4974 633 5041 aliorum,
663 4978 869 5044 gerebat
908 4974 1150 5028 Pronuba
1171 4991 1189 5028 :
1212 4977 1326 5044 jam
1358 4975 1580 5045 gravida?
1617 4975 1839 5044 fulcrum
1864 4993 1948 5044 ge-

357 5047 508 5099 niale
541 5056 771 5112 paratur.
803 5047 895 5101 Sic
937 5047 1089 5098 lectus
1119 5047 1332 5114 genialis
1379 5046 1517 5112 apud
1549 5045 1854 5109 lloratiutn;
1894 5056 1948 5100 et

352 5116 457 5170 lib.
485 5131 534 5170 ιι
557 5117 609 5168 in
631 5115 808 5186 Sym.,
840 5129 977 5186 vers.
1001 5117 1125 5179 (515,
1149 5114 1367 5186 genialia
1390 5116 1591 5184 fulcra;
1621 5129 1758 5168 vers.
1789 5115 1946 5186 1085,

353 5187 545 5257 (αισα
574 5183 954 5257 jugalia._Pyo
995 5186 1104 5252 jam
1153 5183 1351 5257 Widm.
1393 5183 1748 5257 tamqmminus
1789 5184 1947 5257 bene.

351 5253 622 5319 Colerns,
643 5253 781 5324 'pag.
815 5255 919 5310 568
948 5259 1012 5306 ad
1043 5270 1160 5321 cap.
1198 5255 1218 5307 1
1252 5256 1347 5307 lib.
1389 5270 1439 5307 vt
1470 5255 1658 5308 Valerii
1700 5255 1944 5321 Maximi,

350 5336 519 5394 putat
537 5365 554 5383 .
580 5326 926 5379 Prudentium
954 5325 1231 5379 dehiscere
1256 5326 1308 5377 in
1340 5325 1532 5394 lectum
1559 5325 1819 5392 genialem
1838 5364 1853 5387 ,
1876 5325 1946 5380 de

349 5393 473 5464 Quo
503 5393 748 5449 Valerius
771 5412 786 5448 :
814 5395 1297 5464 Sanctissimumque
1317 5393 1730 5462 Juliwgenialem
1759 5405 1942 5448 torum.

349 5465 584 5519 Liviam
614 5465 698 5519 hic
723 5465 948 5532 intelligi
977 5463 1188 5532 Lipsius
1209 5465 1408 5518 docuit.
1439 5465 1660 5518 Colerns
1691 5469 1790 5516 hoc
1824 5465 1943 5518 loco

349 5535 567 5589 laudat
592 5549 745 5588 suum
779 5536 1016 5588 codicem
1048 5549 1146 5587 ms.
1173 5532 1447 5588 Prudentii
1468 5579 1482 5601 ,
1520 5549 1675 5602 quem
1705 5548 1800 5586 nos
1841 5533 1943 5588 sub

347 5603 608 5659 Harietti
635 5606 849 5659 nomine
875 5605 1164 5670 allegamus
1189 5622 1200 5654 :
1227 5605 1401 5669 ipsum
1437 5619 1566 5658 vero
1596 5603 1940 5658 Prudentium

342 5681 532 5730 vocat
561 5673 846 5740 ardentem,
868 5686 913 5726 et
939 5674 1272 5741 piissimi-zeli
1303 5675 1504 5740 plenum
1526 5685 1749 5741 poetam.

419 5743 575 5799 957.
607 5742 877 5799 iuvenalis
909 5747 1058 5798 satir.
1092 5743 1151 5806 6,
1183 5757 1324 5798 vers.
1359 5743 1462 5799 599
1489 5761 1501 5798 :
1535 5742 1600 5795 Et
1625 5758 1800 5796 vexare
1832 5752 1938 5797 nte-

2059 4759 2224 4831 caligo
2247 4763 2428 4832 futuri.
2454 4759 2820 4832 rVanADaleus,
2856 4759 3069 4832 dissert.
3100 4762 3134 4814 2
3172 4761 3238 4816 de
3265 4762 3526 4830 Oraciilis,
3559 4783 3623 4820 cx

2058 4829 2175 4887 toto
2199 4829 2299 4885 hoc
2326 4830 2596 4886 Prudentii
2628 4830 2747 4901 loco
2789 4829 2961 4901 arguit
3002 4831 3294 4900 Augustum
3327 4845 3445 4901 post
3485 4850 3626 4888 mor-

2057 4911 2161 4956 tem
2205 4901 2502 4956 reddidisse
2547 4899 2758 4953 oracula
2799 4899 3043 4970 (conﬁcta
3093 4899 3357 4970 Scilicet),
3406 4911 3460 4957 et
3499 4905 3623 4957 dum

2055 4973 2258 5042 viveret
2308 4972 2540 5042 oracula,
2570 4971 2621 5023 in
2665 4969 3078 5042 vulgusluisse
3105 4969 3317 5039 sparsa,
3345 4969 3480 5027 'sive
3530 4988 3622 5042 per

2054 5041 2249 5110 ipsum,
2273 5042 2385 5112 sive
2413 5055 2507 5110 per
2530 5040 2695 5112 ipsius
2716 5049 2770 5093 et
2794 5038 2993 5093 Tiberii
3015 5039 3343 5112 adulatores.

2121 5112 2246 5165 263.
2280 5108 2428 5176 Ald.,
2471 5108 2777 5180 perperam,
2810 5113 3003 5180 cederet
3033 5111 3185 5165 ludes.
3222 5108 3362 5175 PaL,
3397 5112 3512 5166 Vat.
3543 5114 3583 5166 Λ
3603 5156 3618 5180 ,

2052 5182 2254 5235 credere
2271 5181 2468 5234 thedas.
2488 5178 2639 5244 Maia,
2659 5179 2836 5248 Prag.,
2857 5178 3218 5233 caederetedas.
3236 5178 3615 5246 Egm.,Widtn.

2054 5265 2210 5316 supra
2227 5291 2242 5316 ,
2277 5252 2476 5305 credere
2503 5252 2680 5303 aedas.
2706 5250 2810 5303 Alii
2838 5250 3022 5318 probe,
3049 5250 3223 5302 cedere
3250 5249 3428 5304 tradas.

2116 5322 2241 5376 204.
2279 5321 2444 5390 Man,
2493 5320 2695 5375 Wtdm.
2741 5334 2933 5387 supra,
2982 5326 3139 5388 nupta
3187 5326 3412 5376 vocatur.
3456 5321 3618 5389 Man,

2048 5393 2222 5445 aliena
2253 5407 2410 5462 manu
2430 5432 2444 5456 ,
2463 5392 2702 5462 jugatur.

2113 5462 2243 5516 266.
2277 5461 2422 5526 Ald.,
2464 5455 2622 5525 Man,
2667 5461 2818 5529 ﬂores
2843 5458 3011 5529 _i_nter,
3059 5455 3400 5529 Veneresque,
3447 5461 3623 5518 minus

2044 5529 2198 5604 bene.
2231 5525 2416 5604 Prag.,
2445 5525 2801 5604 Veneremque.
2833 5525 3043 5604 Circus,
3072 5534 3126 5578 et
3154 5527 3617 5604 templumFlorae

2043 5599 2180 5655 inter
2229 5597 2586 5668 Quirinalem,
2630 5607 2684 5652 et
2747 5597 2984 5649 Pincium
3041 5604 3276 5650 montem
3353 5601 3620 5659 collocati.-

2046 5680 2237 5797 ί¹¹ἓδλ
2272 5739 2324 5793 ln
2355 5738 2473 5793 Vat.
2503 5737 2545 5790 A
2585 5711 2917 5790 desideratur
2944 5737 3164 5805 sapiens.
3202 5737 3382 5806 Prag.,
3429 5750 3624 5794 contra
