4154 6188
409 261 508 317 H7

406 374 511 430 520
581 372 845 441 Circulus,
866 379 925 428 et
942 371 1185 428 ﬂammas
1213 371 1459 428 immensi
1479 370 1674 426 sideris
1702 370 1843 425 ultra

578 463 811 520 Telluris
839 477 1078 519 normam
1094 471 1350 543 porrecto
1378 460 1669 543 extendere
1695 475 1848 533 gyro.

578 546 789 612 Numne
818 544 978 610 etiam
1007 542 1129 609 εωιί
1160 554 1352 620 minor,
1385 563 1437 609 et
1462 542 1789 609 cOntractior
1812 550 1978 617 orbis,

581 643 746 715 Cujus
769 644 1047 717 planitiem
1075 643 1236 714 longo
1263 634 1628 699 transmittere
1660 652 1830 696 tractu

581 735 825 790 Circinus
850 749 1139 790 excurrens
1170 742 1309 788 meta
1333 733 1588 789 interiore
1608 732 1852 787 laborat?

580 825 671 880 Ille
697 824 838 879 Deus
867 838 1046 892 verus,
1072 838 1178 892 quo
1207 839 1312 879 non
1343 831 1426 879 est
1449 824 1704 895 grandior
1734 822 1835 878 ulla

578 916 850 984 Materies,
880 917 969 987 qui
1010 916 1116 971 fine
1140 903 1308 982 caret,
1332 917 1423 986 qui
1447 916 1698 986 praesidet
1726 916 1871 970 omni

576 1008 811 1074 Natum,
843 1010 933 1078 qui
963 1018 1152 1063 cuncta
1182 1007 1340 1063 simul
1367 1006 1656 1074 concludit,
1687 1015 1742 1061 et
1772 1006 1975 1076 implet.

579 1098 760 1154 Solem
788 1106 934 1154 certa
964 1107 1108 1153 tenet
1137 1100 1304 1166 regio,
1334 1097 1484 1168 plaga
1517 1106 1661 1153 certa
1688 1105 1923 1153 coercet.

580 1190 739 1260 ’127
764 1188 1116 1260 Temporibus
1139 1188 1301 1243 variis
1322 1187 1664 1259 distinguitur
1690 1204 1705 1243 :
1727 1197 1818 1242 aut
1836 1187 1981 1244 subit

1272 1268 1273 1271 “
1745 1279 1908 1351 [οι-ιιι,

580 1373 686 1427 Aut
711 1372 819 1427 ruit
838 1384 1053 1435 occasu,
1081 1371 1209 1426 latet
1229 1378 1320 1425 aut
1343 1370 1441 1425 sub
1470 1379 1627 1426 nocte
1652 1384 1937 1426 recurrens
1964 1388 1975 1422 :

581 1459 691 1515 Nec
722 1469 974 1531 torquere
997 1459 1164 1516 facem
1186 1459 1327 1531 potis
1347 1459 1516 1515 estad
1545 1459 1693 1530 signa
1725 1460 1978 1539 trionum,

580 1552 723 1608 Orbe
751 1567 850 1608 nec
877 1552 1093 1622 obliquo
1119 1561 1298 1621 portas
1319 1551 1582 1620 aquilonis
1609 1551 1779 1616 adire,

584 1643 691 1699 Nec
710 1644 924 1699 solitum
947 1658 1237 1700 conversus
1258 1642 1360 1698 iter
1386 1657 1638 1698 revocare
1660 1651 1976 1698 retrorsum.

405 1372 508 1427 550

585 1734 681 1791 llic
709 1736 812 1791 erit
838 1750 967 1806 ergo
997 1736 1157 1803 Deus,
1189 1734 1517 1806 praiscriptis
1542 1735 1657 1806 lege
1682 1736 1783 1792 sub
1811 1751 1914 1792 una
2006 1743 2052 1803 Β

408 1827 514 1885 555
586 1827 804 1884 Deditus
834 1827 1070 1883 ofﬁciis?
1097 1826 1339 1883 Libertas
1367 1826 1536 1882 laxior
1558 1826 1663 1900 ipsi

580 1923 845 1980 Concessa
870 1930 953 1977 est
974 1919 1173 1976 homini
1199 1938 1212 1975 :
1236 1919 1461 1975 formam
1489 1919 1574 1975 cui
1596 1917 1814 1991 ﬂectere
1838 1920 1981 1984 vitte,

586 2016 758 2082 Atque
782 2011 1069 2067 voluntatis
1089 2010 1291 2066 licitum
1310 2019 1413 2075 est,
1438 2025 1532 2065 seu
1556 2010 1771 2066 tramite
1794 2009 1983 2065 dextro

583 2102 876 2170 Scandere,
899 2116 996 2159 seu
1024 2101 1155 2158 lavo
1175 2100 1324 2156 malit
1342 2100 1632 2157 decurrere
1660 2113 1873 2170 campo,

1502 254 1778 312 AURELII
1817 250 2183 309 PRUDENTII
2221 249 2546 307 CAIHIINA.

2008 371 2059 431 Α

3560 253 3662 321 M3

2268 365 2496 422 Sumere
2523 378 2620 420 seu
2649 363 2910 434 requiem,
2933 377 3028 419 seu
3057 363 3370 437 continuare
3398 363 3661 432 laborem,

2082 457 2191 515 540
2258 455 2367 513 Seu
2399 470 2586 528 parere
2609 456 2744 520 Deo,
2776 456 2891 511 sive
2918 456 2970 509 in
2996 454 3261 509 contraria
3291 453 3449 510 verti.

2261 549 2366 603 ista
2395 546 2721 602 ministranti
2750 544 2988 615 regimen
3018 545 3259 600 solemne
3286 543 3498 600 dierum

2265 637 2686 719 Haudquaquam
2716 636 2829 693 Soli
2859 637 3016 692 datur
3041 650 3069 691 a
3099 635 3304 718 factore
3329 643 3609 703 potestas:

2257 730 2362 786 Sed
2402 730 2636 786 famulus
2678 729 2953 799 subjectus
2998 728 3130 799 agit,
3171 726 3528 797 quodcunque
3568 743 3665 783 nc-

3290 817 3463 890 [cesse
3487 828 3591 875 est.

2259 914 2373 969 lloc
2392 913 2544 969 sidus
2563 928 2803 979 currum,
2821 911 3138 982 rapidasque
3158 911 3361 982 agitare
3378 911 3666 982 quadriga;

2081 1006 2186 1062 5i5
2258 1002 2584 1073 Commenti,
2606 1012 2661 1059 et
2684 1002 2864 1058 radios
2884 1003 3090 1072 capitis,
3110 1010 3167 1056 et
3189 1001 3415 1057 verbera
3437 1000 3661 1065 dextrae,

2257 1095 2421 1167 728
2459 1095 2526 1149 Et
2555 1095 2754 1159 frenos,
2786 1092 3160 1163 phalerasque,
3189 1099 3244 1147 et
3274 1105 3534 1161 equorum
3569 1107 3663 1161 pe-

3208 1182 3376 1255 [ctora
3400 1184 3594 1239 anhela

2260 1276 2411 1334 Ait-is
2434 1277 2690 1341 inaurati,
2718 1275 2803 1332 vel
2832 1276 3137 1341 marmoris,
3168 1284 3260 1331 aut
3280 1275 3556 1344 orichalci,

2266 1368 2550 1423 Iusserunt
2573 1366 2742 1422 nitido
2772 1365 2975 1435 fulgere
3003 1366 3169 1435 polita
3197 1366 3436 1422 metallo.

2261 1460 2387 1514 l’ost
2425 1458 2657 1524 trabeas,
2686 1467 2743 1515 et
2778 1458 3037 1514 eburnam
3074 1457 3330 1528 aquilam,
3372 1458 3666 1529 sellamque

3330 1547 3593 1620 [curulem

2083 1642 2190 1699 550
2270 1641 2504 1699 Cernuat
2532 1657 2626 1698 ora
2646 1655 2812 1698 senex
2842 1640 3117 1710 barbatus,
3145 1651 3209 1697 et
3224 1642 3404 1697 oscula
3433 1642 3547 1712 ﬁgit

2253 1737 2511 1795 Cruribus
2521 1737 2624 1794 arui
2631 1737 2847 1808 pedum,
2863 1738 2908 1792 si
2923 1735 3003 1791 fas
3017 1745 3099 1792 est
3111 1736 3351 1801 credere,
3368 1750 3628 1808 equorum
3644 1753 3661 1791 :

2267 1830 2623 1901 [inmotasque
2648 1840 2816 1900 rotas,
2848 1834 2903 1885 et
2928 1827 3069 1885 ﬂecti
3096 1827 3276 1882 nescia
3305 1826 3420 1883 lora

2265 1925 2371 1976 Aut
2396 1930 2553 1977 ornat
2579 1920 2825 1977 redimita
2849 1920 3009 1985 rosis,
3040 1929 3133 1974 aut
3161 1918 3318 1975 thure
3346 1926 3590 1989 vaporat.

2335 2011 2446 2067 lloc
2464 2020 2641 2068 tamen
2658 2020 2929 2080 utcunque
2945 2016 3028 2065 cst
3044 2008 3340 2073 tolerabile,
3355 2007 3505 2079 quid,
3523 2006 3663 2080 quod

3358 2100 3434 2174 [et
3463 2101 3595 2171 ipsa:

1707 2187 1989 2245 GLOSSA'I
2027 2187 2366 2248 VETERES.

480 2307 603 2361 520.
633 2304 857 2372 Sideris,
884 2306 1026 2371 solis,
1057 2308 1095 2362 Ι.

480 2378 604 2432 522.
635 2376 990 2441 Contractior,
1020 2376 1234 2431 brevior.
1256 2403 1329 2416 —
1344 2373 1523 2442 Orbis,
1546 2372 1787 2439 circulus,
1811 2373 1851 2428 l.

479 2448 605 2501 524.
635 2444 904 2512 Circinus,
934 2445 1162 2501 circulus
1183 2446 1330 2512 solis,
1358 2445 1713 2505 sub—Mela,
1746 2446 1869 2513 ﬁne,
1901 2444 1939 2499 l.

479 2517 606 2574 529.
639 2518 796 2573 Subit
815 2526 955 2583 ortu,
986 2516 1234 2582 ascendit,
1265 2515 1461 2579 crescit,
1491 2517 1672 2586 surgit,
1704 2515 1744 2570 l.

477 2590 603 2644 551.
636 2588 849 2656 Facem,
896 2588 1238 2658 splendorem.
1264 2585 1632 2658 —'[rionurh,
1680 2586 1982 2652 septentrio-

413 2675 531 2715 rum
557 2659 626 2712 ad
653 2656 1095 2730 septentrionalem
1120 2659 1346 2730 plagam,
1380 2656 1421 2711 Ι.

477 2731 545 2784 55
557 2732 600 2783 ι.
634 2726 728 2784 llic
754 2729 877 2796 erit,
903 2726 1185 2794 ironice,il.

476 2799 601 2855 541.
629 2799 904 2868 Solemne,
928 2800 1156 2864 solitum,
1188 2798 1309 2853 Vat.
1343 2797 1410 2853 A.

475 2870 600 2925 542.
631 2866 1065 2939 Haudquaquam,
1090 2884 1429 2939 nequaquam,
1458 2866 1498 2921 I.

473 2941 599 2997 545.
630 2940 773 3008 Agit,
807 2940 951 3008 facit,
982 2940 1019 2993 1.

475 3011 602 3065 544.
633 3007 872 3078 Agitare,
905 3009 1118 3078 ducere,
1141 3007 1180 3060 Ι.

477 3078 600 3134 545.
632 3076 929 3134 commenti
948 3119 962 3140 .
1007 3077 1340 3131 arbitrantur.
1364 3105 1433 3116 ——
1456 3076 1652 3131 Radius
1677 3115 1692 3142 ,
1741 3091 1981 3135 coronam

408 3164 634 3204 auream.
660 3178 732 3188 ——
754 3147 1014 3214 Verbera,
1041 3147 1250 3217 ﬂagello
1276 3148 1457 3212 utitur,
1489 3146 1529 3200 Ι.

477 3218 602 3275 546.
629 3218 857 3284 Anllela,
889 3218 1245 3289 fatigabunda,
1281 3217 1318 3270 l.

2155 2304 2280 2361 547.
2309 2305 2540 2360 lnaurati
2564 2345 2579 2369 ,
2614 2303 3227 2360 deaurati.-—Orichalci
3252 2343 3269 2369 ,
3313 2301 3665 2357 aurichalcum

2085 2375 2273 2447 dicitur
2294 2376 2440 2447 quasi
2480 2376 2595 2447 auri
2627 2391 2718 2440 tes,
2753 2392 2871 2447 nam
2899 2374 3114 2430 calchas
3140 2373 3332 2447 Grtcce,
3362 2388 3433 2447 trs
3461 2384 3664 2426 vocatur

2087 2442 2420 2503 LatineXVel
2449 2445 2495 2516 si
2517 2447 2660 2500 dicas
2693 2446 3013 2516 orichalcus,
3043 2445 3225 2499 montis
3254 2459 3330 2499 tes
3367 2442 3664 2514 interpreta-
3721 2498 3748 2516 ,

2087 2516 2253 2581 bitur;
2280 2517 2360 2571 ori
2381 2515 2514 2569 enim
2542 2531 2706 2580 mons,
2737 2515 2778 2570 l.

2158 2587 2284 2641 548.
2309 2586 2615 2652 Jusserunt,
2644 2585 2864 2640 ludendo
2891 2586 3187 2653 pinxerunt,
3219 2583 3322 2637 lso.

2156 2655 2279 2727 549.
2302 2656 2558 2720 Trabeas,
2599 2672 2759 2727 genus
2782 2656 3079 2721 uestimenti,
3106 2655 3183 2708 vel
3209 2660 3405 2727 restent
3417 2653 3659 2722 regalem.

2046 2796 2050 2801 ο
2087 2726 2450 2801 "Canalem,
2479 2721 2647 2801 sedent
2671 2726 2919 2801 curulem,
2952 2726 3093 2801 sedes
3119 2721 3351 2801 curialis,
3385 2723 3426 2777 1.

2160 2798 2284 2861 550.
2307 2796 2561 2863 Cernuat,
2596 2796 2854 2858 humi/int,
2881 2798 3116 2858 inclinat,
3147 2795 3185 2848 Ι.

2156 2869 2278 2921 551.
2311 2862 2656 2934 Euipedum,
2679 2869 2798 2936 quia
2815 2882 2982 2921 teneos
3002 2866 3154 2934 pedes
3179 2862 3382 2918 habent.
3404 2891 3473 2902 —-
3488 2862 3664 2932 Equo-

2085 2950 2227 3002 rum,
2272 2945 2416 2989 tanta
2445 2937 2686 3003 stultitia,
2723 2946 2780 2991 ut
2824 2940 2973 2991 homo
3012 2950 3166 2989 crura
3193 2948 3434 3003 equorum
3464 2936 3664 2988 oscula-

2085 3007 2433 3131 τειὲέὶ.¹διῗξ›ο
2471 3085 2650 3131 tamen
2684 3048 2974 3146 utcunque,
3000 3074 3138 3146 quod
3161 3074 3315 3146 solem
3341 3082 3389 3127 et
3415 3071 3589 3146 lunam
3617 3084 3665 3128 et

2085 3147 2257 3201 stellas
2278 3145 2584 3213 adorabunt,
2604 3143 3020 3213 utcunque'dicit'
3036 3143 3293 3199 tolerabile
3305 3158 3324 3207 ;
3336 3145 3471 3213 quod
3496 3152 3665 3198 tamen

2004 3185 2049 3246 ο
2081 3185 3663 3295 II'EJIs7nFEr'éFJJt"E5tZFa7£Z"EaZ'XQjIQ'h'ZiiJ31235351

1733 3326 2302 3386 COMMENTARIUS.

473 3443 601 3501 520.
633 3441 749 3499 Pal.
774 3459 804 3498 a
834 3444 1002 3514 prima
1035 3456 1225 3509 manu,
1272 3443 1513 3498 circinus.
1546 3441 1852 3514 Legendum
1879 3444 1982 3498 cir-

406 3516 572 3570 culus.

475 3585 603 3641 522.
632 3583 752 3638 Vat.
784 3584 847 3649 Α,
878 3598 1062 3637 nonne.
1095 3580 1324 3648 Caucb.,
1356 3582 1479 3637 caelo
1508 3583 1692 3637 minor.

472 3655 599 3713 525.
623 3653 771 3720 Rat.,
801 3670 974 3709 cursu.
1004 3653 1108 3709 Pro
1137 3653 1247 3711 div.
1268 3652 1393 3708 lect.
1426 3668 1587 3725 supra
1613 3654 1820 3709 minuto
1847 3655 1979 3710 cha-

404 3735 616 3783 ractere
638 3734 823 3779 tractu.

474 3794 759 3921 524.bVat.
809 3796 876 3863 A,
912 3792 1191 3860 mendose,
1229 3794 1495 3849 interiora.
1532 3795 1712 3866 Prag.,
1763 3794 1976 3863 laboret,

482 3883 580 3921 nus
645 3880 763 3920 ene.

404 3870 580 3923 minus
608 3870 763 3921 bene.

472 3938 599 3995 528.
631 3936 750 3991 Vat.
778 3936 1130 4007 A,corrupte,
1155 3934 1339 3989 molem
1357 3950 1455 4007 pro
1482 3936 1660 3989 solem.
1688 3935 1807 4007 Aldi
1829 3951 1982 3993 error

403 4012 542 4081 regia
574 4023 670 4080 pro
707 4007 866 4087 regio.
894 4005 1168 4089 Vitle'qua:
1198 4005 1624 4060 Elmenhorstius
1652 4013 1708 4059 et
1732 4006 1981 4087 Ouzelius

403 4088 591 4135 notant
634 4077 700 4133 ad
747 4077 967 4132 Minucii
1007 4077 1166 4132 verba
1208 4090 1329 4146 pag.
1370 4074 1474 4129 258
1505 4092 1516 4126 ;
1551 4074 1645 4130 Sol
1673 4075 1980 4145 demergttet

424 4092 591 4132 totant
634 4092 700 4132 au
747 4092 967 4132 nunucn
1007 4092 1166 4132 verba
1208 4092 1329 4132 nas.
1370 4092 1516 4129 Ζοδέ

402 4152 655 4203 nascitur.

472 4217 599 4273 529.
634 4219 788 4285 Prag.
823 4216 999 4268 minus
1021 4215 1180 4279 bene,
1211 4222 1374 4267 ortus.

471 4286 595 4340 551.
630 4286 776 4348 Ald.,
806 4300 907 4353 non
931 4295 1180 4353 torquere.

471 4355 597 4427 55b,
627 4355 808 4427 Prag.,
835 4352 974 4424 Ergo
995 4351 1089 4409 erit
1113 4351 1204 4407 illc
1224 4352 1370 4419 deus,
1404 4352 1725 4423 prtcscriptus
1753 4357 1860 4427 lege
1887 4359 1980 4411 sub

401 4443 523 4479 una.
554 4425 670 4479 Non
698 4425 884 4491 probo.

475 4496 602 4551 555.
630 4495 896 4558 Petavius,
932 4504 1062 4549 tom.
1097 4495 1139 4560 l,
1181 4494 1276 4550 lib.
1303 4509 1356 4562 v,
1389 4509 1508 4560 cap.
1548 4494 1601 4557 5,
1633 4492 1701 4548 de
1735 4494 1980 4552 libertate

402 4566 592 4636 agendi
623 4573 677 4636 ct
704 4578 810 4617 non
838 4565 1027 4636 agendi
1055 4564 1356 4636 disputans,
1393 4563 1524 4627 lloc,
1556 4565 1981 4634 inquit,veterum

401 4634 495 4691 illa
520 4634 689 4691 omnia
710 4635 1017 4706 persuadent
1037 4635 1344 4706 testimonia,
1361 4651 1474 4706 quae
1493 4636 1739 4706 hactenus
1761 4636 1981 4691 adduxi-

404 4724 516 4761 mus
542 4722 562 4762 :
591 4719 918 4776 qna’quenas
938 4704 1285 4776 disqlissimis
1314 4704 1380 4758 ad
1402 4706 1539 4759 idem
1563 4705 1852 4759 institutum
1878 4723 1983 4760 ver-

401 4778 539 4833 sibus
596 4773 976 4829 concludemus.
1032 4773 1170 4829 Tum
1226 4776 1426 4841 profert
1479 4779 1622 4831 hunc
1665 4792 1873 4830 versum
1928 4788 1981 4832 et

403 4864 595 4920 seqq.,
642 4845 871 4898 Libertas
916 4844 1086 4897 laxior
1124 4845 1256 4913 ipsi,
1300 4856 1403 4900 etc.
1454 4846 1649 4902 Coul’er
1702 4860 1841 4902 \ers.
1877 4848 1981 4903 695

403 4919 643 4973 llatnart.

475 4988 601 5044 558.
632 4983 905 5043 Iuvenalis
944 4992 1044 5037 sat.
1078 4983 1102 5037 1
1141 5001 1156 5038 :
1186 4982 1289 5036 Cur
1316 4992 1483 5041 tamen
1509 4988 1604 5040 hoc
1632 4987 1801 5056 potius
1829 4986 1979 5042 libeat

404 5061 670 5133 decurrere
697 5069 896 5133 campo.
1018 5122 1031 5133 θ
1095 5123 1106 5133 ι

475 5129 599 5185 542.
633 5123 979 5183 Prudentium
1006 5123 1256 5195 imitatus
1297 5124 1506 5180 videtur
1545 5125 1806 5195 Corippus
1837 5143 1973 5184 vers.

402 5198 504 5254 544
535 5218 549 5254 :
582 5199 688 5255 Sed
734 5199 900 5269 {actor
939 5191 1082 5260 solis,
1127 5203 1391 5264 postquam
1425 5197 1517 5250 sub
1551 5191 1858 5251 sole'rideri
1909 5199 1978 5254 Se

402 5271 581 5323 voluit.

473 5340 597 5394 545.
628 5338 777 5404 Ald.,
804 5353 910 5399 non
931 5336 1090 5408 bene,
1111 5334 1367 5408 subjectus
1395 5335 1491 5408 ait.

473 5409 598 5464 544.
643 5408 721 5465 De
746 5401 906 5463 curru
935 5401 1316 5475 solisaliis'que
1344 5401 1852 5475 adjunctis70vidius
1882 5405 1974 5459 lib.

405 5493 444 5533 ll
469 5478 866 5601 lhleltamorpm
906 5478 1008 5534 soli
1054 5473 1356 5548 quadrigis,
1403 5477 1541 5529 lunae
1582 5473 1717 5542 biga:
1756 5476 1975 5530 attribui

405 5564 465 5601 so
488 5562 553 5601 en
584 5585 599 5601 .

405 5557 599 5602 solent.

471 5618 599 5673 545.
630 5615 752 5670 Vat.
785 5618 850 5682 A,
882 5617 1095 5685 vitiose,
1123 5617 1334 5684 rapidos
1363 5613 1565 5683 capitis.
1590 5611 1745 5670 Urb..
1768 5614 1907 5680 Gis.,
1930 5625 1983 5676 et

405 5689 583 5757 capitis
615 5686 887 5753 radios;id
907 5688 1096 5743 factum
1121 5689 1188 5744 ab
1211 5689 1273 5744 iis
1300 5687 1387 5757 qui
1410 5688 1514 5748 vim
1535 5697 1752 5741 casura:
1777 5685 1827 5744 in
1855 5700 1977 5754 pro—

2084 3445 2328 3518 ducenda
2358 3445 2586 3518 syllaba,
2609 3446 3121 3518 etcousuetudinem
3151 3446 3427 3518 Prudentii
3456 3445 3664 3518 ignoras

2086 3515 2225 3587 bant.
2256 3515 2469 3571 Juretus
2499 3517 2613 3572 fuse
2645 3516 2731 3587 hic
2755 3516 2970 3587 disserit
2989 3517 3057 3573 de
3078 3517 3243 3572 radiis
3264 3518 3457 3587 quibus
3482 3515 3663 3572 ornari

2086 3585 2330 3641 solebant
2357 3588 2552 3656 capita,
2582 3601 2650 3642 ex
2678 3585 2902 3653 Velleio,
2935 3586 3191 3643 Suetonio
3214 3598 3270 3642 et
3285 3585 3441 3651 aliis;
3465 3588 3665 3656 arguit-

2083 3671 2188 3725 que
2237 3671 2437 3711 murem
2462 3657 2721 3712 formandi
2744 3657 2796 3711 in
2814 3656 3026 3723 templis
3047 3656 3329 3712 simulacra
3350 3665 3661 3713 sanctorum

2083 3742 2147 3780 ex
2171 3726 2332 3781 simili
2353 3727 2739 3783 consuetudine
2760 3728 2811 3781 in
2837 3728 3025 3782 statuis
3047 3726 3317 3784 Caesarum
3341 3727 3508 3781 videri
3540 3741 3664 3796 pro-

2083 3796 2321 3852 ﬂuxisse.
2359 3798 2590 3854 Consule
2627 3797 2695 3852 de
2725 3797 2827 3852 hoc
2869 3797 3106 3853 cmlitum
3135 3796 3317 3853 nimbo
3356 3797 3660 3852 Comment.

2084 3868 2298 3922 Antonii
2335 3868 2608 3924 Francisci
2651 3866 2798 3923 Gorii
2835 3867 2903 3923 de
2935 3868 3147 3923 Mitrato
3180 3867 3308 3924 Jesu
3335 3867 3533 3923 Ch.isti
3562 3867 3664 3922 Ca-

2085 3939 2213 4007 pite.
2239 3938 2293 3992 In
2320 3940 2453 3993 Aldo
2477 3939 2725 3993 mendum
2755 3948 2835 3992 est
2861 3940 3079 3993 verbere.
3111 3963 3125 3974 -

2152 4008 2278 4063 546.
2303 4008 2423 4062 Vat.
2457 4013 2522 4074 A,
2553 4018 2607 4062 ut
2639 4011 2831 4075 frenos.

2154 4079 2278 4132 547.
2301 4077 2421 4132 Val.
2450 4082 2519 4143 Α,
2549 4077 2697 4142 Ald.,
2728 4078 2989 4145 inaurata,
3019 4078 3194 4133 minus
3224 4077 3380 4132 bene.

2153 4148 2276 4201 549.
2304 4147 2444 4201 Inter
2472 4146 2696 4216 insignia
2718 4148 3027 4203 consulatus
3043 4158 3158 4203 erat
3176 4148 3346 4210 scipio
3365 4146 3658 4213 eburneus,

2082 4217 2169 4269 cui
2199 4217 2461 4271 insidebat
2486 4215 2680 4286 aquila.
2732 4215 3006 4273 Juvenalis
3043 4229 3146 4273 sat.
3182 4217 3246 4272 10
3277 4235 3288 4270 :
3325 4216 3406 4271 Da
3439 4226 3485 4270 et
3515 4218 3663 4270 colu-

2081 4302 2236 4360 crem,
2276 4297 2473 4360 sceptro
2517 4302 2631 4360 qua;
2674 4288 2836 4357 surgit
2878 4287 3088 4360 eburno.
3130 4287 3268 4344 Vide
3292 4287 3563 4360 ilymuutn
3595 4287 3657 4343 S.

2083 4355 2333 4427 lintnani,
2358 4370 2499 4412 vers.
2536 4357 2639 4427 148
2660 4367 2711 4410 ct
2738 4355 2889 4427 seqq.
2914 4357 3205 4427 Grangteus
3225 4355 3370 4413 solos
3394 4372 3489 4411 eos
3511 4366 3662 4425 putat

2082 4425 2349 4494 designari
2385 4428 2472 4495 qui
2512 4425 2835 4493 triumphum
2859 4425 3313 4495 adepti—fuerant.
3345 4428 3549 4481 Trabea
3576 4437 3664 4481 est

2085 4505 2205 4565 toga
2236 4496 2400 4566 virgis
2432 4496 2710 4566 purpureis
2736 4497 2903 4551 instar
2930 4499 3156 4566 trabium
3198 4499 3469 4552 distincta.
3514 4495 3660 4551 Sella

2082 4567 2287 4621 curulis
2332 4565 2547 4635 propria
2587 4576 2703 4621 erat
2740 4565 3037 4636 dictatoris,
3086 4569 3342 4634 consulis,
3394 4567 3657 4634 censoris,

2082 4636 2253 4691 mdilis
2278 4637 2499 4692 curulis.

2155 4707 2276 4763 550.
2308 4707 2456 4769 Ald.,
2488 4706 2616 4761 Mar.
2639 4723 2667 4761 a
2690 4706 2855 4774 prima
2879 4722 3059 4771 manu,
3075 4704 3214 4771 Gis.,
3237 4721 3527 4777 cernuaque
3546 4722 3658 4762 ora.

2008 4742 2058 4801 θ
2084 4742 2616 4847 assumant;
2634 4742 3216 4833 ἒιῗηἶιΐὲίῖἑῗιῗῖὖὶῖἱιῖ
3237 4742 3399 4832 ἓῖᾱίἰῖ

2153 4848 2277 4928 551.
2306 4849 2454 4928 A_|tl_.,
2472 4848 2643 4928 (ordes
2667 4848 2832 4928 μινωί
2858 4857 2912 4928 et
2936 4848 3047 4903 Gis.
3074 4848 3139 4928 ad
3160 4862 3332 4928 oram,
3352 4846 3659 4928 (eripedupt,

2082 4921 2221 4987 quod
2252 4918 2486 4972 malebat
2522 4918 2819 4981 Cauchius,
2865 4927 2919 4973 et
2967 4918 3325 4973 rectissimum
3353 4916 3484 4972 dicit
3510 4916 3661 4971 Gifa-

2083 4987 2203 5040 nius
2229 5003 2292 5041 ex
2324 4995 2430 5043 vet.
2457 4987 2573 5054 lib.,
2600 4989 2930 5054 improbante
2962 4988 3196 5043 lleinsio.

2155 5057 2433 5127 555.77Vat.
2473 5059 2541 5123 A,
2581 5057 2895 5127 depravate,
2937 5066 3054 5111 tura
3091 5073 3188 5123 pro
3222 5054 3394 5127 thure.
3426 5056 3573 5127 Virg.
3607 5072 3662 5112 Ix

2081 5125 2238 5188 λΕη..
2271 5126 2338 5181 Ει
2365 5128 2608 5198 templum
2636 5125 2779 5183 thure
2808 5136 3042 5197 vaporat.
3084 5126 3412 5198 Paschalius.
3451 5125 3664 5180 de'Co-

2084 5199 2231 5250 ronis
2256 5198 2348 5253 lib.
2372 5196 2599 5266 ut,'cap.
2624 5198 2678 5264 6,
2703 5200 2812 5252 lora
2837 5196 3025 5252 currus
3047 5213 3152 5266 quo
3173 5197 3253 5251 sol
3275 5196 3504 5259 vehitur,
3524 5198 3665 5253 rosis

2083 5276 2266 5334 operta
2305 5284 2370 5322 ex
2400 5269 2502 5323 hoc
2538 5271 2654 5322 loco
2695 5278 2868 5331 notat,
2903 5278 2953 5321 et
2992 5268 3229 5335 pluribus
3262 5267 3545 5321 conlinunt
3574 5281 3667 5320 ro-

2080 5348 2232 5390 seum
2255 5337 2490 5392 colorem
2514 5352 2544 5390 a
2567 5337 2737 5404 poetis
2760 5338 2812 5389 in
2841 5337 3034 5390 cmlum
3061 5336 3350 5391 invectum.
3368 5337 3497 5393 Post
3517 5336 3667 5391 hunc

2079 5419 2292 5476 versum
2337 5408 2610 5476 inscriptio
2650 5408 2705 5463 in
2746 5408 2867 5464 ltat.
2904 5417 2960 5461 et
2997 5409 3127 5461 Mar.
3173 5406 3289 5461 ham
3334 5415 3552 5462 exstat:
3583 5407 3666 5461 De

2081 5475 2218 5547 luna;
2240 5479 2468 5547 cultura,
2489 5494 2643 5547 quam
2663 5485 2708 5530 et
2732 5475 2953 5530 Dianam
2978 5478 3174 5530 dicunt.

2150 5545 2276 5601 554.
2310 5547 2427 5601 Lib.
2472 5545 2565 5600 x‘ut
2604 5546 2881 5614 Sapient.,
2925 5561 3065 5601 vers.
3106 5547 3158 5612 6,
3202 5547 3270 5601 de
3318 5546 3401 5601 his
3430 5546 3521 5615 qui
3549 5545 3665 5600 cle-

2083 5626 2282 5681 menta,
2315 5618 2482 5672 solem
2513 5627 2567 5671 et
2595 5618 2771 5672 lunam
2801 5617 2931 5671 deos
2962 5627 3276 5683 putaverunt
3303 5634 3319 5671 :
3352 5616 3457 5673 Sed
3488 5625 3663 5670 tamen

2078 5684 2245 5739 adhuc
2267 5689 2319 5742 in
2341 5687 2419 5742 his
2439 5689 2604 5742 minor
2630 5696 2702 5743 est
2721 5687 2942 5753 querela.
2970 5688 3022 5741 lu
3052 5688 3181 5742 Mur.
3216 5702 3242 5740 a
3276 5690 3672 5756 primamauu,
