4154 6188
329 297 430 354 155

322 410 428 468 405
498 405 743 465 Custodit
769 404 1001 469 cineres,
1032 402 1320 473 densisque
1344 403 1547 460 Salaria
1591 404 1781 465 bustis.

572 498 690 565 Dic,
733 495 928 567 quibus
957 494 1099 550 buuc
1142 494 1331 551 scribis
1363 494 1570 549 titulum
1599 512 1611 545 :
1638 494 1737 547 nisi
1760 490 1901 562 quod

1479 583 1683 655 [trucis
1709 582 1832 639 Orci

494 680 808 750 Imperium,
838 691 980 732 verae
1006 690 1100 731 ceu
1122 675 1435 745 majestatis,
1458 674 1687 729 adoras?

502 772 579 827 En
605 769 798 839 quibus
827 765 1083 837 implicita
1113 765 1388 834 squalebat
1425 764 1567 834 regia
1600 763 1793 819 summi

502 858 733 931 Imperii.
760 857 943 912 tractis
968 855 1227 925 majorum
1246 854 1314 910 ab
1334 852 1539 923 origine
1569 854 1759 909 sacris.

327 952 431 1008 410
500 948 633 1005 Cum
664 948 937 1017 princeps,
961 945 1163 1015 gemini
1190 945 1274 1001 bis
1302 945 1474 1001 victor
1497 943 1645 999 crede
1668 944 1899 1015 tyranni,

504 1039 667 1112 73A.
681 1038 910 1094 Pulchra
934 1036 1240 1105 triumphali
1258 1036 1493 1105 respexit
1517 1033 1711 1090 muenia
1732 1036 1898 1092 vultu:

505 1132 744 1188 Nubibus
770 1131 1043 1184 obsessam
1069 1126 1402 1197 nigrantibus
1430 1126 1621 1196 aspicit
1646 1125 1864 1196 Urbem,

507 1222 685 1277 Noctis
709 1220 1037 1274 obumbrata:
1069 1217 1327 1287 caligine:
1360 1216 1602 1272 turbidus
1630 1232 1725 1273 aer

504 1313 733 1369 Arcebat
752 1310 1009 1381 liquidum
1033 1318 1253 1378 septena
1279 1323 1344 1364 ex
1371 1322 1498 1364 arce
1520 1322 1794 1367 serenum.

509 1404 767 1473 Ingemuit
808 1403 1091 1467 miserans,
1122 1409 1177 1454 et
1215 1401 1293 1455 sic
1320 1400 1425 1454 ait:
1460 1400 1609 1455 Exue
1626 1401 1830 1470 tristes,

507 1495 635 1551 Fida
662 1509 876 1564 parens,
906 1493 1148 1547 habitus:
1177 1491 1423 1558 equidem
1448 1493 1721 1560 praedivite
1752 1493 1901 1549 cultu

508 1587 773 1640 lllustrata
817 1584 973 1649 cluis,
1005 1583 1297 1652 spoliisque
1328 1583 1532 1652 insigne
1560 1584 1807 1652 superbis

503 1676 714 1731 Attollis
735 1682 917 1741 caput,
951 1682 1006 1728 ct
1034 1672 1201 1726 multo
1223 1672 1549 1727 circumﬂuis
1579 1687 1732 1727 auro.

504 1768 607 1821 Sed
631 1766 839 1822 nebulis
866 1774 1083 1834 praptcr
1102 1764 1443 1819 volitantibus
1471 1764 1675 1820 obsitus
1704 1764 1799 1820 alti

504 1858 729 1914 Vcrticis
757 1859 937 1911 horret
965 1871 1131 1925 apex:
1162 1855 1303 1925 ipsas
1325 1870 1533 1926 quoque
1564 1856 1725 1911 livida
1752 1872 1900 1926 gem-

330 1405 437 1462 415

331 1860 437 1914 420

1685 1946 1703 2018 [
1726 1961 1837 2001 nias

505 2041 616 2095 Lux
648 2040 885 2106 hebetat,
908 2038 1215 2108 Spissusque
1249 2038 1386 2103 dies,
1418 2047 1472 2094 et
1506 2038 1680 2093 fumus
1709 2040 1779 2094 ob
1808 2055 1904 2094 ora

1448 291 1647 348 LIBER
1685 292 1703 345 ι
1742 290 2015 346 eoum
2054 249 2519 350 svuuAcntnt.

1918 406 1969 463 Δ

1935 1798 1983 1858 Β

3478 299 3577 353 154

2176 403 2427 460 Suffusus
2456 404 2675 460 rutilum
2704 405 2891 463 frontis
2927 407 3173 465 diadema
3216 411 3470 466 retundit.

2183 493 2453 551 Obscuras
2479 496 2634 553 video
2662 498 2756 553 tibi
2782 499 3179 556 circumferrier
3201 502 3437 563 umbras.

2184 584 2561 659 Caeruleasque
2587 590 2812 657 animas,
2844 601 3003 663 atque
3034 594 3171 648 idola
3204 595 3349 663 nigra
3377 595 3575 647 thlztl’t‘.

2003 675 2113 734 425
2167 676 2412 746 ‘Censeo,
2441 681 2722 737 sublimem
2751 683 2903 739 tollas
2926 700 3087 753 super
3114 700 3231 741 aera
3264 674 3487 751 vultuth

2179 768 2292 825 Sub
2336 770 2662 843 pedibusque
2693 774 2799 830 tuis
2825 774 3065 831 nimbosa
3113 778 3375 832 elementa
3419 777 3579 830 relin-

3322 866 3506 937 [qttas.

2178 948 2371 1021 Omne,
2403 952 2546 1020 quod
2577 968 2641 1009 ex
2668 955 2869 1010 mundo
2900 964 3004 1020 est,
3037 955 3130 1013 tibi
3176 958 3436 1026 suhjacet,
3482 958 3578 1012 hoc

3206 1047 3359 1118 [olens
3400 1048 3511 1116 ipse

2180 1134 2475 1192 Constituit
2504 1154 2517 1190 :
2546 1137 2699 1207 cujus
2727 1147 2858 1194 nutu
2880 1139 3191 1207 dominaris,
3222 1154 3273 1195 et
3296 1142 3408 1196 orbi

2178 1224 2482 1297 lmperitas,
2507 1237 2561 1285 et
2584 1238 2773 1286 cuncta
2801 1240 2987 1300 potens
3015 1233 3258 1286 mortalia
3285 1233 3484 1287 calcas.

2184 1317 2343 1391 735
2388 1317 2505 1376 Non
2554 1321 2729 1387 decet,
2783 1332 2843 1376 ut
2871 1323 3133 1377 submissa
3171 1324 3354 1378 oculos
3399 1324 3577 1392 regina

3231 1413 3507 1484 [eaducum

2004 1315 2109 1374 450

2182 1498 2555 1567 Contemplere
2583 1500 2777 1565 solum,
2810 1499 3247 1570 maiestatemque
3272 1503 3511 1571 requiras

2180 1590 2333 1649 Circa
2386 1590 2616 1648 humiles
2666 1607 2847 1649 rerum
2887 1603 3086 1665 partes,
3112 1594 3303 1663 quibus
3333 1594 3443 1662 ipsa
3492 1607 3573 1646 su-

3258 1682 3505 1755 [perstas.

2182 1772 2295 1828 Non
2325 1775 2520 1844 patiar,
2550 1784 2759 1830 veteres
2787 1784 2969 1830 teneas
2996 1783 3053 1829 ut
3078 1791 3163 1830 me
3193 1776 3326 1829 duce
3357 1791 3542 1845 nugas,

2193 1863 2260 1919 Ut
2279 1864 2605 1920 cariosorum
2630 1866 2903 1921 venereris
2935 1874 3171 1935 monstra
3192 1866 3435 1920 deorum.

2011 1955 2117 2010 455
2188 1954 2244 2010 Si
2277 1955 2411 2023 lapis
2436 1966 2540 2020 est,
2572 1958 2724 2012 senio
2752 1956 3082 2021 dissolvitur,
3106 1968 3197 2012 aut
3222 1965 3401 2025 crepat
3422 1957 3527 2011 ictu

2190 2044 2481 2100 Percussus
2510 2046 2654 2102 tenui
2681 2064 2692 2099 :
2727 2047 2904 2103 mollis
2938 2047 2983 2102 si
3013 2047 3223 2103 bractca
3250 2062 3471 2117 gypsum

1623 2127 1909 2187 GLOSSAE
1950 2131 2286 2189 VETERES.

399 2227 522 2287 405.
556 2227 779 2291 Salaria,
812 2226 928 2278 via:
959 2222 1207 2277 salarium
1255 2232 1329 2277 est
1356 2223 1495 2275 cibus
1534 2224 1624 2291 qui
1666 2224 1900 2294 sepulcra

328 2312 640 2354 mortuorum
671 2296 1061 2350 custodientibus
1091 2294 1275 2355 datur;
1317 2293 1405 2346 sed
1457 2310 1549 2363 pro
1581 2293 1727 2347 omni
1759 2310 1890 2363 pra:-

333 2374 496 2425 bcnda
518 2372 748 2438 ponitur,
769 2366 807 2419 I.
832 2394 899 2404 —
925 2365 1122 2438 Bustis,
1152 2364 1418 2438 sepulcris,
1454 2364 1571 2420 Vat.
1620 2365 1685 2418 A.

401 2433 528 2494 406.
552 2437 693 2503 Orci,
728 2437 860 2489 Orco
884 2439 1017 2505 jura,
1043 2450 1061 2487 :
1101 2434 1224 2505 inde
1258 2433 1440 2505 0_rcus,
1473 2450 1530 2486 eo
1572 2434 1709 2500 quod
1729 2436 1894 2505 jurat,

325 2511 581 2564 neminem
606 2524 657 2560 se
675 2502 785 2560 sine
801 2502 957 2558 morte
985 2504 1254 2568 dimittere,
1287 2502 1326 2556 I.

401 2580 523 2633 408.
558 2578 741 2644 Regia,
769 2576 908 2635 aula,
944 2576 981 2627 I.

401 2648 523 2703 410.
557 2641 828 2714 Princeps,
873 2644 1251 2699 Constantinus.
1302 2670 1369 2681 —
1414 2641 1620 2697 Gemini
1669 2643 1902 2712 tyranni,

329 2718 579 2773 Maxentii
605 2725 653 2769 et
685 2717 887 2779 Licinii,
921 2715 960 2767 I.

400 2789 525 2842 414.
573 2787 823 2849 Ατοειιςιι.
858 2781 1157 2851 ειρειιεὺαι.
1187 2812 1256 2822 —
1294 2782 1521 2850 Septena
1550 2796 1614 2835 ex
1654 2796 1802 2847 arce,
1843 2798 1903 2835 ea:

324 2868 514 2924 septem
539 2857 751 2908 collibus
775 2856 861 2923 qui
890 2862 1004 2906 sunt
1032 2853 1084 2924 in
1117 2853 1295 2906 Roma.
1328 2852 1603 2924 Septenam
1626 2869 1795 2907 arcem
1824 2852 1904 2905 di-

324 2922 396 2981 cit
423 2929 540 2989 quia
572 2928 624 2977 in
652 2934 837 2991 septem
864 2923 1111 2975 colliculis
1131 2931 1328 2977 constat
1358 2922 1545 2989 Roma,
1576 2923 1616 2976 I.

402 2998 523 3050 415.
554 2995 828 3063 Ingemuit,
858 2992 1236 3060 Constantinus,
1265 2994 1303 3046 I.

399 3068 522 3122 4I6.
548 3064 824 3133 Equidem,
853 3072 1004 3129 certe,
1032 3064 1132 3117 Iso.

397 3139 520 3191 417.
549 3132 716 3201 Ciuis,
740 3133 988 3198 abundas,
1021 3133 1303 3200 praecellens,
1339 3132 1374 3184 I.

2076 2227 2200 2297 418.
2233 2226 2592 2296 Circumlluis,
2621 2229 2869 2297 abundas,
2900 2229 2943 2284 1.

2078 2296 2203 2368 419.
2232 2297 2473 2368 Propter,
2492 2301 2667 2368 juxta,
2702 2299 2803 2353 Iso.

2078 2366 2205 2421 420.
2239 2366 2441 2430 Livida,
2475 2366 2709 2433 obscura,
2740 2368 2841 2422 Iso.

2078 2435 2203 2507 421.
2231 2437 2475 2507 Hebetat,
2499 2438 2780 2492 obumbrat.
2811 2468 2879 2479 ——
2916 2439 3016 2504 Ob,
3049 2438 3259 2507 circum,
3293 2436 3331 2493 I.

2076 2503 2202 2576 424.
2230 2506 2510 2568 Cmruleas,
2540 2509 2733 2576 nigras,
2767 2508 2807 2563 Ι.

2079 2575 2204 2629 425.
2237 2576 2432 2640 Tollas,
2458 2584 2532 2638 ut,
2560 2575 2602 2629 Ι.

2074 2644 2200 2698 426.
2231 2645 2503 2713 Nimbosa,
2534 2645 2812 2709 tenebrosa,
2849 2646 2952 2702 Iso.

2078 2714 2205 2786 450.
2236 2715 2536 2786 Snbmissa,
2564 2716 2833 2786 inclinata.
2859 2746 2934 2786 -ν
2955 2716 3179 2786 Regina,
3213 2717 3399 2784 Roma,
3430 2718 3471 2772 l.

2079 2784 2205 2837 452.
2232 2785 2537 2853 Superstas,
2559 2785 2791 2851 superior
2820 2803 2890 2851 es,
2926 2784 3139 2842 VatIA.

2079 2854 2207 2923 455.
2232 2854 2427 2923 Nugas,
2457 2856 2694 2923 ineptias,
2722 2854 2763 2909 Ι.

2076 2922 2203 2995 454.
2233 2922 2601 2995 Cariosorum,
2630 2925 2973 2992 putridorum,
2995 2925 3368 2995 deficientium;
3396 2929 3553 2983 caries

2012 2994 2253 3064 putredo,
2283 3010 2437 3062 quam
2466 2993 2713 3047 teredines
2744 2996 2935 3061 faciunt
2958 2998 3011 3048 in
3034 2993 3191 3064 ligno,
3218 2995 3259 3048 I.

2078 3061 2204 3138 450.
2238 3061 2943 3138 Bractea,_lamina_auri.:—
2967 3061 3225 3135 Cytisum,
3256 3083 3411 3138 genus
3432 3076 3574 3122 terra

2004 3141 2099 3196 est,
2131 3132 2193 3187 de
2211 3150 2311 3203 qua
2340 3133 2587 3203 imagines
2616 3133 2842 3201 faciunt,
2870 3133 2909 3188 1.

1664 3219 2211 3279 COMMENTARIUS.

324 3318 627 3394 Lupius,‘in
658 3316 962 3394 dissert._de
993 3314 1343 3394 Baptiste’tjjs2
1372 3328 1519 3394 num.
1549 3312 1651 3367 158
1679 3322 1733 3367 et
1774 3312 1893 3373 l59,
1927 3313 1972 3375 C
2005 3312 2218 3394 phasse,
2253 3323 2531 3394 postquam
2558 3315 2693 3394 duos
2721 3324 2974 3394 tyra_n_nos
2992 3318 3211 3394 vicerat.
3233 3318 3492 3394 Cancrum
3524 3321 3575 3375 in

326 3382 724 3455 inscriptionem
769 3386 989 3454 profert,
1021 3382 1178 3454 quam
1217 3382 1573 3455 Christianam
1616 3397 1737 3455 esse
1774 3396 1899 3436 cen-

324 3470 429 3525 set,
475 3452 531 3513 et
556 3458 667 3511 Diis
690 3452 927 3510 Manibus
958 3452 1236 3522 ab‘ignaro
1272 3454 1449 3525 aliquo
1491 3452 1756 3521 ncopltyto
1802 3466 1899 3518 po-

323 3523 583 3594 situm,et
611 3542 640 3580 a
670 3528 977 3595 presbytero
1023 3525 1114 3593 qui
1168 3523 1492 3595 cmmeterio
1523 3533 1747 3595 praeerat
1794 3536 1900 3575 non

323 3590 794 3656 animadversum;
830 3590 978 3663 'quod
1027 3590 1291 3648 interdum
1331 3592 1586 3647 accidisse
1637 3590 1767 3646 satis
1818 3601 1900 3645 est

323 3669 632 3724 verisimile.
670 3662 943 3735 Inscriptio
971 3674 1053 3719 est
1073 3662 1370 3731 huiusmodi
1399 3678 1411 3712 :

612 3781 718 3834 DIS
749 3779 1039 3834 llIANlBVS
1078 3775 1298 3831 PRINCI

609 3851 716 3904 PIO
754 3850 927 3905 FILIO
961 3846 1351 3903 DVLCISSIMO
1375 3844 1504 3900 SVO
1536 3843 1620 3899 ΡΟ

604 3921 756 3977 SVIT
779 3919 891 3987 QVI
923 3918 1105 3987 VIXIT
1131 3917 1329 3972 ANNIS
1360 3915 1445 3971 VI.
1473 3914 1584 3970 DIE

609 3986 815 4045 XXVII.
850 3989 914 4043 IN
944 3986 1163 4042 PACAE

323 4085 408 4141 Cl.
436 4083 677 4153 Caietani
718 4083 954 4151 Migliore
977 4079 1181 4136 erudita
1210 4076 1427 4153 de_p_iis
1453 4076 1697 4134 Manibus
1724 4084 1899 4133 exstat

322 4148 650 4218 dissertatio,
672 4153 742 4208 de
768 4148 868 4222 qua
899 4166 1081 4222 rursus
1097 4165 1217 4222 pag.
1244 4148 1402 4222 1172.

394 4227 520 4281 405.
566 4217 829 4279 Cornutus
883 4222 933 4276 in
982 4217 1223 4276 PerSiuin
1267 4218 1341 4271 ait
1383 4217 1633 4288 salarium
1684 4218 1898 4288 proprie

324 4310 447 4351 esse
468 4296 669 4349 vietum
700 4294 853 4346 unius
882 4291 1009 4357 dici,
1033 4290 1115 4345 cui
1146 4290 1222 4344 sal
1250 4287 1506 4354 imprimis
1536 4287 1793 4343 inseruit.
1814 4287 1898 4343 Iso

324 4367 500 4419 minus
528 4362 879 4434 placct._Post
901 4361 1042 4434 hunc
1072 4375 1283 4434 versum
1317 4360 1435 4413 ltat.
1475 4365 1531 4413 et
1564 4358 1696 4413 Mar.
1732 4372 1899 4427 appo-

323 4446 457 4490 nunt
483 4430 675 4488 lemma
710 4432 919 4485 Romam
941 4430 1238 4495 alloquitur.

396 4506 516 4559 406.
554 4503 734 4571 Prag..
764 4503 845 4555 hic
879 4503 1058 4569 quibus
1082 4500 1223 4571 [tunc
1257 4500 1457 4571 titulum
1510 4498 1704 4553 scribis.
1744 4499 1889 4571 Διά..

323 4570 429 4641 die,
470 4569 815 4643 quibus‘hinc
842 4572 1015 4643 scribis
1053 4570 1275 4643 titulum.
1315 4570 1446 4643 ‘Vat.
1483 4572 1538 4643 Δᾼ
1576 4578 1631 4643 et
1654 4569 1895 4643 nonnulli

2004 3386 2118 3454 ipsa
2149 3400 2265 3453 qua:
2294 3387 2533 3454 sequitur
2552 3387 2792 3440 oratione
2822 3386 3109 3443 Theodosii
3141 3389 3342 3444 mentio
3382 3391 3573 3444 iterum

2004 3452 2063 3507 ﬁt
2088 3452 2284 3524 gemini
2313 3452 2520 3524 tyranni
2548 3470 2576 3508 a
2600 3456 2902 3511 Theodosio
2933 3456 3078 3514 victi.

2072 3522 2197 3576 415.
2217 3522 2362 3589 ΑΙάξ.
2385 3527 2546 3578 noctis
2566 3526 2901 3581 adumbratae.
3188 3568 3197 3576 ς

2069 3593 2196 3667 414.
2240 3592 2361 3667 Vat.
2389 3596 2456 3667 _A,
2491 3596 2765 3660 mendose,
2816 3597 3023 3652 arcebit.
3076 3597 3152 3651 De
3186 3598 3283 3652 hac
3325 3597 3572 3667 loquendi

2000 3661 2227 3742 ratione:
2237 3662 2487 3742 liquidum
2516 3680 2769 3742 serenum,
2820 3682 3060 3742 superum
3086 3683 3318 3742 serenum
3346 3661 3409 3742 et:
3430 3670 3575 3721 simle

2002 3731 2521 3854 libus,‘Dausqueius
2570 3734 2623 3787 in
2663 3731 2964 3790 Comment.
2987 3736 3055 3791 ad
3101 3736 3312 3804 Silium,
3349 3737 3441 3792 lib.
3476 3753 3570 3802 xu,

2002 3816 2139 3854 vers.
2205 3839 2219 3852 .

2002 3816 2139 3855 vers.
2166 3816 2219 3854 4.

2069 3871 2196 3925 417.
2224 3871 2399 3944 Egm.,
2426 3872 2594 3927 Jureti
2626 3872 2966 3940 membranae,
3000 3874 3156 3927 clues.
3183 3875 3312 3928 Mar.
3346 3890 3375 3929 a
3405 3877 3572 3944 prima

1999 3956 2180 4006 manu,
2209 3942 2499 4010 superbum.

2068 4010 2193 4081 421.
2222 4011 2434 4081 Heins.,
2458 4010 2856 4076 Cham.,'l‘eol.,
2889 4010 3166 4077 mendose,
3191 4012 3252 4064 ab
3275 4028 3386 4066 ora.
3416 4013 3569 4081 Egm.

2000 4080 2187 4135 scribit
2208 4080 2418 4135 Itebitat.
2450 4082 2901 4149 Prag.,obumbrat
2932 4096 3026 4150 pro
3056 4081 3116 4133 ob
3156 4098 3266 4142 ora,
3320 4080 3569 4148 Rutilius,

1999 4150 2311 4216 lib.IItin.,
2338 4167 2479 4207 vers.
2516 4154 2639 4216 195.
2684 4153 2963 4217 puritatem
3008 4151 3130 4205 caeli
3187 4152 3409 4205 Romani
3461 4154 3572 4206 lau-

1997 4219 2152 4291 dans,
2184 4221 2258 4274 ait
2282 4239 2295 4275 :
2324 4220 2435 4276 Nec
2464 4224 2600 4276 locus
2624 4223 2709 4276 ille
2734 4222 2857 4274 mihi
2876 4221 3196 4289 cognoscitur
3224 4222 3389 4273 indice
3409 4228 3569 4291 (unto.

2068 4289 2193 4344 425.
2222 4291 2801 4361 Prag.,obfumsrideo.
2834 4291 3031 4345 Widm.
3064 4301 3117 4347 et
3141 4292 3305 4360 Bong.
3335 4307 3363 4345 τι
3405 4289 3572 4360 prima

1997 4374 2162 4432 manu
2185 4362 2423 4432 scribunt
2450 4365 2810 4432 circumferier.

2067 4430 2191 4484 424.
2225 4430 2373 4495 Διά..
2424 4444 2471 4485 et
2510 4430 2657 4500 nigra
2698 4434 2835 4485 idola
2890 4431 3076 4500 uolare,
3106 4431 3252 4497 ΒΜ..
3306 4432 3573 4495 prioribus

1999 4502 2187 4565 erasis,
2212 4500 2456 4573 idolaque
2476 4504 2623 4573 nigra
2654 4504 2839 4573 volare.
2858 4499 3114 4554 Neutrum
3146 4512 3226 4555 est
3251 4502 3317 4555 ab
3339 4503 3570 4557 auctoris

1998 4585 2175 4624 manu.
2203 4568 2494 4638 Grangaeus
2521 4568 2654 4626 Aldo
2673 4572 2915 4625 adhaesit.

325 4638 550 4739 Hei—Ps...-
566 4643 669 4707 dic,
711 4639 1169 4739 quibusjnscribis
1211 4640 1432 4693 titulum.
1482 4638 1747 4708 Plerique,
1787 4638 1892 4707 dic,
1926 4678 1979 4739 υ
2070 4641 2196 4721 450.
2240 4641 2544 4739 ScripIt'ores
2568 4642 2837 4696 Prudentii
2865 4640 3093 4708 aequales
3118 4640 3317 4709 passim
3346 4642 3567 4697 Romam

323 4715 501 4781 quibus
522 4714 655 4765 hunc
675 4711 853 4781 scribis
874 4712 1100 4763 titulum.

396 4785 520 4838 407.
558 4782 676 4835 Vat.
711 4782 775 4844 Δ.
807 4780 1014 4847 vitiose,
1048 4779 1203 4834 serito
1227 4796 1336 4834 ceu.

397 4852 519 4905 410.
566 4852 701 4913 PaL,
755 4849 872 4905 Vat.
901 4850 965 4916 Α,
1007 4850 1191 4918 gemini
1231 4852 1384 4903 victor
1410 4851 1472 4904 de
1516 4851 1671 4904 aede.
1716 4848 1895 4917 Egm.,

324 4924 486 4983 male,
512 4922 696 4989 gemini
725 4920 883 4973 victor
926 4920 1062 4973 crede
1092 4935 1108 4971 :
1141 4934 1168 4971 a
1216 4923 1450 4975 secunda
1500 4936 1677 4984 manu,
1710 4920 1899 4986 gemini

323 4992 484 5043 vietor
509 4993 569 5043 de
598 4992 754 5055 crede,
786 4999 894 5059 qaut
936 4990 1120 5059 gemini
1156 4989 1375 5043 devii-tor
1413 4992 1550 5043 crede
1579 5006 1597 5042 :
1628 5005 1731 5043 non
1753 4991 1894 5059 enim

321 5065 470 5114 clare
498 5062 729 5126 explicat
759 5058 1009 5113 Weitzius
1040 5059 1325 5113 lectionem
1351 5062 1483 5113 hanc
1518 5060 1666 5127 Egm.
1690 5066 1744 5113 et
1781 5058 1909 5125 PaL,

323 5130 617 5197 Principum
643 5131 785 5182 hunc
817 5143 936 5182 esse
964 5128 1318 5182 Theodosium
1394 5142 1593 5183 eertum
1627 5136 1728 5182 est.
1791 5128 1896 5196 Ty-

318 5215 523 5251 rannus
558 5199 795 5266 intelligo
834 5198 1117 5251 Maximum
1162 5208 1213 5251 et
1252 5200 1570 5267 Eugenium.
1599 5198 1891 5265 Grangteus

317 5269 508 5334 objicit
557 5267 863 5332 l'rudeutio,
892 5267 1031 5333 quod
1083 5270 1135 5320 in
1178 5269 1277 5322 hac
1326 5270 1545 5322 hismria
1594 5267 1892 5321 enarranda

321 5338 589 5405 paululum
617 5354 645 5390 a
666 5352 791 5390 vero
814 5336 1076 5391 deﬂectit:
1102 5338 1362 5400 siquidem
1380 5338 1728 5402 Theodosius,
1754 5338 1893 5389 victo

321 5408 573 5465 Maxilua,
609 5405 1108 5474 triumphavitanno
1134 5406 1257 5472 589,
1290 5422 1406 5471 nec,
1454 5409 1668 5463 devicto
1714 5406 1896 5459 multis

318 5476 483 5529 annis
510 5487 689 5541 postea
737 5476 995 5543 Eugenio,
1042 5476 1261 5530 Romam
1311 5478 1489 5532 rediit.
1524 5480 1590 5531 At
1626 5490 1753 5529 vero
1793 5474 1894 5529 etsi

319 5547 674 5598 concederem
724 5548 962 5599 ordinem
1023 5547 1344 5600 narrationis
1390 5548 1724 5614 aliquatenus
1776 5558 1895 5598 esse

319 5614 618 5677 turbatum,
635 5628 740 5668 non
765 5626 939 5669 tamen
959 5624 1101 5669 esset
1124 5627 1395 5685 propterea
1418 5617 1654 5669 falsitatis
1670 5629 1895 5679 arguen-

318 5686 430 5738 dus
462 5695 607 5751 poeta
672 5686 758 5752 qui
806 5700 908 5739 non
942 5687 1013 5738 ait
1059 5698 1239 5753 aperte
1282 5687 1635 5741 Theodosium
1706 5686 1894 5739 trium'

2002 4711 2241 4781 reginam
2258 4711 2546 4779 appellant.

2070 4778 2195 4833 452.
2228 4778 2374 4850 nec,
2407 4789 2675 4850 superstes,
2706 4778 2823 4850 lege
2845 4789 3122 4846 superstas.

2070 4851 2193 4903 455.
2251 4848 2433 4918 Nugas
2469 4848 2633 4903 vocat
2697 4849 2952 4903 idolorum
3008 4851 3205 4905 cultum
3249 4859 3301 4903 et
3352 4849 3568 4903 fabellas

2000 4920 2168 4989 aniles
2194 4933 2223 4971 a
2262 4917 2428 4971 Numa
2458 4920 2719 4973 inventas.
2753 4919 2929 4987 Aliqui
2972 4921 3086 4989 ipsa
3114 4920 3248 4974 idola
3279 4936 3439 4988 nugas
3470 4935 3565 4971 vo-

2000 4989 2109 5042 cari
2139 4987 2342 5051 dicunt,
2372 4997 2431 5041 ut
2460 4990 2647 5042 nmnim
2677 4989 2822 5042 alihi.

2072 5057 2199 5112 454.
2236 5058 2548 5113 Prudentius
2590 5075 2693 5113 non
2742 5061 2903 5113 semel
2960 5068 3207 5122 monstra,
3248 5067 3301 5110 et
3336 5067 3568 5124 portenta

2004 5127 2134 5183 deos
2190 5128 2462 5195 gentilium
2540 5138 2712 5183 vocat.
2782 5130 3081 5182 Minucius:
3130 5126 3223 5181 Tot
3269 5138 3384 5179 sunt
3426 5126 3568 5181 loris

2004 5207 2235 5250 monstra
2281 5208 2400 5262 quot
2452 5202 2675 5253 nomina.
2717 5199 2963 5267 Virgilius
3007 5213 3095 5251 vnt
3136 5196 3289 5268 Δίη..
3324 5195 3565 5268 Omnige-

2002 5283 2220 5330 numque
2242 5268 2389 5321 deum
2421 5281 2664 5333 monstra,
2695 5280 2742 5323 et
2771 5268 2982 5321 latrator
3012 5267 3218 5319 Anubis.

2070 5337 2196 5391 455.
2251 5338 2303 5389 In
2350 5340 2471 5393 cod.
2511 5340 2738 5405 Tlteod.,
2792 5340 2869 5391 tit.
2917 5339 2982 5390 de
3030 5336 3269 5405 Paganis,
3318 5335 3419 5402 leg.
3476 5338 3564 5401 12.

1998 5421 2115 5475 qua:
2148 5407 2232 5461 lex
2261 5422 2291 5461 a
2322 5408 2623 5463 Theodosio
2655 5410 2754 5462 lata
2786 5420 2865 5461 est
2886 5420 3027 5458 anno
3050 5404 3191 5459 592:
3225 5404 3285 5457 Si
3308 5408 3420 5469 quis
3447 5422 3566 5459 vero

1998 5478 2202 5529 mortali
2226 5492 2377 5543 opere
2406 5478 2559 5546 facta,
2590 5488 2635 5531 et
2659 5494 2816 5531 (suum
2847 5490 3061 5545 passura
3101 5476 3373 5529 simulacra
3396 5476 3565 5545 impo-

1996 5547 2092 5597 sito
2114 5546 2261 5599 thure
2289 5549 2624 5609 venerabitur,
2656 5559 2759 5600 etc.

2066 5614 2192 5669 456.
2214 5614 2270 5669 In
2299 5616 2415 5668 ltat.
2443 5631 2507 5669 ex
2530 5631 2716 5685 gypsus
2735 5614 2927 5667 factum
2945 5629 3179 5685 gypsum.
3200 5613 3375 5680 Prag..
3401 5615 3562 5681 male.

2000 5701 2202 5754 gypiea.
2237 5687 2309 5739 De
2333 5684 2543 5755 gypseis
2577 5695 2811 5739 veterum
2838 5684 3153 5753 imaginibus
3183 5685 3446 5742 Arnobius
3467 5686 3559 5741 lib.
