4154 6188
587 274 690 331 155

763 387 1010 450 Texcrat,
1043 382 1207 440 intldo
1232 382 1459 440 rarescit
1485 380 1690 452 glutine
1712 381 1937 436 sensim.

758 480 815 535 Si
849 479 1072 534 formam
1104 485 1297 533 statum
1326 475 1522 529 lamnis
1548 473 1820 529 commisit
1838 473 1992 529 aenis

762 572 909 627 Lima
938 580 1145 638 terens,
1173 577 1265 625 aut
1286 568 1344 622 in
1376 574 1584 639 partem
1605 580 1733 621 cava
1761 565 2005 623 membra
2036 580 2163 635 gra-

852 724 855 725 i
1952 655 2115 729 [rato-

761 752 923 824 736
942 751 1188 808 Pondere
1200 756 1511 816 curvantur,
1529 746 1717 804 scabra
1740 754 1831 802 aut
1850 761 2033 818 mrugo
2047 761 2171 818 per.

1931 837 2099 910 [esam

761 933 986 991 Conﬁcit
1005 932 1259 1003 efﬁgiem,
1291 929 1592 1001 crebroque
1621 928 1886 985 foramine
1924 928 2125 998 rumpit
2151 943 2166 981 :

759 1025 870 1082 Nec
898 1024 994 1080 tibi
1023 1033 1165 1079 terra
1189 1021 1347 1088 deus,
1376 1019 1500 1076 coeli
1523 1033 1622 1075 nec
1647 1019 1717 1074 sit
1745 1019 1878 1074 deus
1907 1027 2133 1083 astrum,

761 1116 873 1173 Nec
901 1116 1036 1171 deus
1062 1094 1321 1179 oceanus,
1348 1125 1450 1168 nec
1473 1111 1575 1174 vis.
1603 1125 1725 1181 qua:
1767 1111 1955 1166 subter
1982 1119 2169 1179 operta

588 756 688 809 440

1054 1263 1060 1269 .
1970 1200 2095 1273 (est.

764 1299 990 1359 Inlernis
1020 1298 1171 1355 triste
1199 1296 1268 1353 ob
1288 1295 1541 1352 meritum
1568 1292 1820 1351 damnata
1842 1293 2098 1349 tenebris.

771 1394 876 1450 Sed
932 1407 1033 1448 nec
1087 1390 1313 1447 virtutes
1370 1385 1644 1443 hominum
1694 1383 1864 1449 deus,
1915 1392 2006 1438 aut
2053 1385 2173 1439 ani-

1852 1473 2102 1546 imarum.

763 1575 1128 1644 Spirituumvc
1158 1587 1304 1643 vagae
1330 1543 1478 1626 tenui
1503 1569 1604 1625 sub
1623 1543 2083 1640 imagine—formae.

588 1395 695 1451 445

1693 264 1972 323 Αυιιωι
2010 264 2376 322 ΡΗΠΒΕΝΤΙΙ
2414 266 2742 324 CARMINA.

2178 362 2243 444 Ἀ
2272 381 2378 439 450
2452 383 2610 456 737
2631 383 2777 457 Quos
2804 397 2970 455 penes
2999 399 3161 443 omne
3205 400 3418 443 sacrum
3462 399 3565 456 cst,
3597 392 3857 465 quidquid

3759 282 3860 335 136

3158 472 3783 554 [1οῒωἱὼίτοηιεηε1υιη

2450 571 2732 649 Suasorit:
2766 573 3049 631 horriﬁcos
3070 588 3209 645 quos
3232 573 3542 645 prodigialia
3568 590 3768 649 cogunt

2448 662 2683 721 Credere
2726 673 2967 725 monstra
3014 665 3168 733 deos,
3222 680 3359 737 quos
3414 670 3860 739 sanguinolentm

3491 793 3498 802 -
3567 761 3785 835 [edendi

2451 850 2564 905 Mos
2588 850 2762 919 juvat,
2794 862 2855 907 ut
2881 852 3093 923 pinguis
3118 850 3244 910 luco
3264 850 3497 909 lanietur
3519 854 3572 909 in
3604 857 3716 912 slto

2450 942 2703 1014 Victima,
2729 930 3029 1001 visceribus
3056 945 3225 1000 multa
3266 947 3408 1003 inter
3433 948 3551 1002 vina
3582 951 3837 1004 vorandis

2450 1035 2518 1089 At
2546 1043 2627 1097 te,
2659 1051 2777 1105 quae
2800 1035 3018 1092 domitis
3046 1038 3212 1109 leges,
3246 1053 3311 1093 ac
3333 1038 3455 1109 jura
3485 1041 3677 1095 dedi-ti

2392 1153 2397 1158 -
2452 1124 2736 1191 Gentibus,
2764 1127 3066 1194 instituens,
3100 1143 3324 1197 magnus
3368 1145 3472 1200 qua
3498 1131 3734 1187 tenditur
3764 1148 3832 1187 or

2807 1280 2810 1283 .
3659 1223 3785 1296 Ibis.

2452 1307 2745 1365 Armorum
2781 1322 3093 1379 morumque
3120 1309 3264 1366 feros
3293 1326 3670 1370 mansuescere
3699 1316 3860 1384 ritus,

2457 1398 2762 1471 Indignum,
2824 1414 2888 1457 ac
2917 1401 3178 1456 miserum
3215 1410 3320 1473 est,
3369 1402 3423 1458 in
3461 1403 3747 1474 relligione
3774 1416 3861 1462 to-

2457 1581 2569 1638 lloc
2597 1597 2810 1652 sapere,
2830 1582 3090 1639 immanes
3120 1584 3304 1654 populi
3334 1584 3403 1640 de
3429 1496 3788 1643 ωοτθῐῗέτῐξεὲ

2273 1035 2379 1090 455

766 1668 922 1725 Absit
976 1675 1035 1723 ut
1080 1664 1266 1722 umbra
1327 1662 1461 1719 deus
1513 1662 1608 1718 libi
1648 1662 1739 1727 είῑν
1785 1661 2060 1732 geniusve.
2096 1660 2176 1717 ιο·
2278 1672 2387 1731 460
2456 1673 2611 1741 Quod
2638 1675 2873 1746 sapiunt,
2909 1676 3160 1745 nullaque
3191 1678 3353 1734 rudes
3380 1679 3587 1737 ratione
3622 1695 3864 1751 sequun-

1891 1755 2094 1827 [cusvc,
2204 1755 2251 1817 Β

766 1854 872 1907 Ant
897 1850 1032 1907 deus
1057 1864 1243 1906 aereas
1273 1849 1502 1903 volitans
1528 1847 1842 1920 phantasma
1872 1863 1967 1916 per
1986 1862 2166 1902 auras.

764 1942 878 1998 Sint
905 1941 1020 1997 hate
1046 1940 1340 1996 barbaricis
1364 1941 1585 2010 gentilia
1614 1940 1832 1995 numina
1862 1938 2010 2007 pagis
2035 1955 2048 1991 :

3406 1823 3413 1831 .
3654 1781 3663 1831 I
3685 1781 3793 1827 tur.

3406 1823 3413 1831 _
3685 1781 3793 1827 tur.

2454 1855 2560 1913 Seu
2591 1872 2689 1913 nos
2714 1859 3021 1927 procinctus
3051 1868 3283 1926 maneat,
3305 1874 3400 1916 seu
3425 1874 3554 1930 pace
3583 1771 3797 1933 quietas

2459 1942 2731 2004 Dictemus
2759 1949 2927 2020 leges,
2953 1963 3049 2007 seu
3081 1949 3346 2005 debellata
3372 1951 3597 2005 duorum

1887 2027 2176 2085 GLOSS/E
2218 2031 2555 2095 VETERES.

657 2123 783 2178 457.
827 2123 1087 2190 “arescit,
1119 2124 1311 2193 deﬁcit.
1339 2154 1410 2165 —
1436 2124 1674 2190 Sensim,
1707 2123 1982 2192 paulatim,
2017 2121 2124 2179 lso.

655 2193 776 2265 4399.
812 2193 1034 2265 T_erens,
1063 2195 1303 2265 planans,
1328 2194 1369 2249 I.

655 2262 785 2317 441.
815 2262 1072 2330 ϐοηίίρίι,’
1092 2266 1393 2331 corrumpit.
1420 2294 1486 2304 —
1512 2263 1741 2331 Crebro,
1791 2263 2091 2333 multiplici,
2123 2263 2165 2319 Ι.

655 2333 784 2387 442.
812 2333 1051 2394 Astrum,
1079 2334 1177 2398 sol,
1206 2336 1283 2387 vel
1306 2336 1450 2398 Inita,
1483 2334 1525 2390 I.

655 2403 781 2457 447.
814 2402 1102 2464 Geniusve,
1134 2404 1259 2457 deus
1286 2405 1406 2470 loci,
1438 2404 1477 2458 I.

653 2471 1007 2545 M9._Pagis,
1056 2473 1333 2545 villaticis:
1364 2475 1487 2545 I’ige
1526 2471 1700 2545 (ἔνατα
1745 2473 1860 2545 fons
1883 2489 1903 2528 :
1928 2473 2049 2529 inde
2073 2492 2167 2545 pa-

584 2544 726 2616 gani,
758 2543 964 2616 villani,
979 2544 1099 2612 quia
1126 2545 1262 2597 circa
1282 2543 1448 2615 fontes
1492 2544 1690 2613 antiqui
1709 2544 1858 2616 villas
1893 2543 2167 2616 ponebant,

585 2612 634 2739 ent
654 2614 767 2739 ἐμαί)
787 2612 966 2668 villani
993 2616 1249 2682 dicuntur,
1270 2612 1389 2685 auia
1410 2616 1559 2687 longe
1578 2612 1760 2670 remoti
1774 2612 1902 2669 sunt
1916 2630 1948 2668 a
1968 2615 2171 2669 ciritate

637 2701 702 2739 et.
761 2724 776 2737 .

637 2701 702 2753 et,
737 2701 776 2739 ι.

2349 2128 2475 2201 450.
2511 2130 2706 2195 Penes,
2734 2135 2906 2201 iuxta,
2939 2132 2982 2186 l.

2350 2199 2478 2254 453.
2513 2199 2782 2267 Lanietttr,
2806 2203 3143 2269 sacriﬁcetur,
3179 2202 3219 2258 l.

2346 2270 2472 2339 455.
2505 2273 2603 2339 'I‘e,
2635 2289 2666 2326 0
2698 2272 2881 2336 Roma,
2909 2274 2947 2326 Ι.
3194 2326 3197 2329 η

2346 2338 2471 2395 459.
2506 2338 2793 2401 immanes.
2821 2343 3071 2410 crudeles,
3102 2344 3142 2398 l.

2343 2410 2470 2467 460.
2504 2412 2703 2478 Rudes,
2735 2412 2902 2471 stulti.
2934 2413 2973 2467 l.

2502 2482 2835 2605 P'rocinctus,
2863 2491 3145 2555 apparatus
3166 2482 3396 2551 bellicas,
3421 2485 3500 2540 rel
3518 2486 3698 2542 bellica
3726 2506 3859 2562 pra.

2342 2570 2343 2573 ‘
2406 2561 2441 2604 ει
2483 2592 2499 2605 .
2557 2594 2571 2605 .

2276 2561 2499 2619 paratio,
2533 2561 2571 2607 Ι.

2347 2620 2472 2677 462.
2506 2625 2803 2692 Dictemus,
2835 2624 3218 2692 constituamus,
3247 2624 3288 2679 Ι.

1936 2772 2496 2833 COMMENTARIUS.

585 2885 655 2934 vr,
686 2868 969 2934 Firmicus,
1000 2867 1333 2939 Capitolinus
1373 2869 1428 2939 in
1458 2868 1761 2939 Gordiano.
1780 2868 2045 2939 imagines
2068 2883 2167 2939 gy-

583 2953 727 3020 psere
774 2937 1449 3020 nonnunquamﬁbracteis
1500 2937 1702 3020 metalli
1752 2937 2161 3020 inducebantur.

583 3006 783 3065 Confer
822 3008 1122 3062 versionem
1175 3006 1411 3061 Italicam
1454 3008 1636 3073 aperis
1660 3006 1880 3061 Joannis
1911 3006 2162 3063 Winkel-

584 3094 767 3159 manu,
793 3076 966 3159 Storia
978 3076 1246 3159 ρεαδ-,αιςεὲ
1276 3077 1361 3159 de!
1389 3077 1622 3159 disegno,
1650 3091 1771 3130 cum
1819 3077 2044 3159 eruditis
2071 3076 2168 3131 ad-

585 3146 951 3203 notationibus
975 3145 1153 3202 Caroli
1184 3146 1290 3202 Fea
1318 3149 1356 3200 l.
1385 3146 1447 3200 C.
1477 3145 1573 3201 lib.
1605 3161 1714 3211 vn,
1745 3161 1865 3214 cap.
1893 3147 1942 3200 I.

655 3218 781 3271 457.
804 3217 927 3273 Vat.
950 3218 1017 3283 A,
1047 3216 1203 3281 Man,
1229 3217 1373 3281 Rau,
1396 3216 1579 3282 Prag.,
1604 3216 1784 3284 Egm.,
1810 3216 1947 3284 Pal.,
1972 3216 2162 3283 Bong.,

2342 2867 2472 2922 447.
2501 2863 2718 2940 Juretus
2748 2863 3011 2940 advertit,
3029 2863 3161 2920 alias
3188 2863 3290 2940 legi
3322 2865 3414 2919 tibi
3447 2866 3515 2921 sit
3546 2866 3722 2935 lucus,
3761 2887 3858 2940 ge-

2271 2935 2466 3003 niusve,
2493 2943 2551 2991 et
2573 2933 2789 2990 defendi
2818 2947 2977 3005 posse
3000 2936 3136 3005 hanc
3173 2933 3514 3003 scripturam,
3543 2951 3664 2992 cum
3687 2933 3861 2994 maxi-

2272 3019 2413 3075 ruam
2441 3005 2757 3075 religionem
2787 3004 2975 3075 pagani
3014 3004 3148 3059 lucis
3192 3005 3497 3061 tribuerint.
3530 3006 3862 3067 Prudentius

2270 3073 2425 3146 idola_
2438 3073 2586 3144 saepe
2613 3084 2767 3131 vocat
2789 3073 3015 3129 umbras
3042 3075 3158 3131 :sic
3185 3089 3346 3146 supra
3391 3090 3539 3133 vers.
3568 3078 3686 3145 I95,
3723 3079 3862 3135 Um-

2271 3144 2362 3197 bra
2388 3143 2663 3201 Penatum.
3254 3143 3268 3146 ’
3673 3143 3701 3205 ί

2340 3215 2466 3289 Mil.
2494 3214 2601 3289 Cur
2626 3214 2826 3289 ethnici
2874 3230 2901 3268 a
2937 3216 3084 3284 pagis
3112 3215 3240 3289 dicti
3268 3214 3465 3289 fuerint
3493 3219 3705 3287 pagani,
3733 3221 3860 3289 pln-

586 3267 781 3344 weaz
806 3267 1023 3357 nausa;
1047 3267 1270 3358 uisa;
1290 3267 1456 3358 in;
1472 3267 1784 3358 cuiauis:
1806 3267 2168 3345 satiante:
2192 3267 2242 3335 c
2271 3267 2558 3358 ςεεζεςιῖετξε
2576 3267 3083 3358 -εδιτέ-,ῑμῃηυῗςιτζηίξ
3113 3267 3863 3358 ἱῂίὶιίὸεὲῦᾗὶἆ⁷νὶῐὲἷῖἐἰἷέἁῇ

585 3358 738 3423 :rerit,
767 3358 906 3424 quod
920 3355 1116 3413 nescio
1133 3371 1199 3410 an
1229 3358 1298 3412 sit
1321 3355 1531 3411 melius.
1560 3356 1767 3411 Alicubi
1796 3359 2001 3421 texeris,
2024 3372 2169 3413 men-

586 3430 735 3484 dose.
767 3428 1007 3482 Notanda
1037 3435 1123 3483 est
1147 3426 1382 3482 ellicacia
1408 3426 1559 3482 verbi
1588 3426 1819 3481 rarescit.

656 3498 781 3554 438.
836 3498 980 3562 Διά..
1035 3495 1692 3568 Bong.,7Widm.,_Mar.,
1743 3495 1969 3551 laminis.
2015 3494 2163 3568 Rat.,

583 3568 869 3623 lamminis.
904 3568 1024 3622 Vat.
1081 3566 1398 3635 A,'Weitz.,
1447 3566 1690 3623 Gilanius
1741 3582 1811 3622 ex
1864 3576 1972 3621 vet.
2021 3566 2165 3633 cod.,

585 3639 808 3692 laminis.
836 3638 1007 3708 Egim,
1041 3636 1245 3693 lammis
1273 3639 1524 3708 commisit
1562 3636 1753 3700 avenis,
1788 3637 1949 3708 male.
1978 3636 2169 3693 Verior

579 3718 669 3764 est
709 3708 866 3763 lectio
887 3707 1079 3761 lamnis
1104 3718 1209 3761 tam
1256 3708 1307 3762 in
1330 3707 1621 3764 Prudentia
1652 3722 1807 3777 quam
1834 3707 1887 3762 in
1920 3708 2163 3772 Ilnratio,

578 3778 681 3833 :Iib.
716 3794 787 3844 tt,
818 3777 919 3833 oda
957 3777 1010 3831 2.
1056 3777 1300 3834 Gilanius
1346 3779 1622 3849 contendit
1651 3788 1864 3835 veteres
1901 3778 2161 3835 extulisse

577 3850 773 3904 lamma
794 3864 893 3919 pro
921 3848 1183 3904 lammina.

656 3918 940 3992 li$Q._’_Vat.
970 3922 1033 3982 A,
1066 3920 1126 3992 in,
1168 3928 1333 3992 parte.
1368 3920 1545 3992 Egm.,
1578 3928 1851 3992 corrupte,
1887 3918 2162 3992 _impartrv,

575 3991 723 4061 apud
751 3989 1059 4046 Weitzittm.
1091 3988 1340 4061 lleinsius
1377 3988 1430 4061 in
1473 3992 1677 4061 eodem
1700 3988 2090 4061 ICgmLinvenit
2112 3990 2164 4043 in

576 4056 748 4132 parte,
771 4072 819 4114 et
845 4076 875 4113 a
904 4060 1138 4116 secunda
1169 4075 1351 4122 manu,
1378 4060 1618 4182 lmecllt.
1654 4056 1798 4123 Αιιιῖ,
1830 4056 2020 4119 Torn.,
2044 4076 2166 4129 gra—

576 4142 719 4182 uata.
748 4131 935 4182 Weitz.
968 4145 1087 4182 cum
1117 4133 1283 4182 ttona.
1315 4139 1368 4182 et
1396 4127 1429 4182 V
1466 4129 1594 4181 idm.
1628 4143 1656 4181 a
1686 4128 1854 4182 prima
1877 4142 2062 4182 manu.
2081 4146 2164 4182 ca-

576 4127 719 4187 vata.
748 4131 935 4186 Weitz.
968 4145 1087 4184 cum
1117 4133 1283 4197 κους.
1315 4139 1368 4183 et
1396 4127 1594 4182 Widm.
1628 4143 1656 4181 a
1686 4128 1854 4195 prima
1877 4127 2062 4193 manu,
2081 4146 2164 4182 ca-

578 4215 716 4253 uato.
746 4201 1017 4255 Mariettns
1041 4200 1211 4253 innuit
1233 4215 1298 4253 ex
1327 4198 1408 4253 his
1433 4198 1610 4252 verbis
1630 4198 1753 4250 lima
1775 4207 1941 4251 terens
1967 4199 2163 4267 corrigi

579 4283 739 4336 posse
759 4268 1016 4322 lsidorum
1040 4268 1091 4321 in
1117 4270 1343 4322 scobina.
1368 4268 1762 4334 I’uto,indicari
1777 4280 1936 4335 caput
1965 4268 2030 4322 i9
2062 4268 2153 4324 lib.

579 4354 669 4392 stx
686 4356 698 4390 :
714 4338 983 4391 Taratrum
997 4339 1143 4407 quasi
1156 4349 1421 4392 teratrum.
1433 4337 1641 4407 Sco/ina
1652 4337 1812 4405 dicta,
1825 4340 1962 4407 quod
1975 4337 2164 4392 lucren-

576 4411 646 4462 do
664 4409 884 4479 scaphen
907 4409 1095 4479 faciat;
1121 4408 1206 4463 ubi
1225 4408 1456 4464 fortasse
1479 4406 1759 4479 legendum
1776 4406 1914 4478 quod
1931 4407 2159 4479 teremlo.

650 4477 776 4533 Ml.
805 4479 985 4534 Codex
1028 4478 1219 4544 .lureti,
1256 4479 1374 4535 Val.
1405 4480 1470 4544 A,
1513 4477 1709 4543 Oxon.,
1742 4477 1983 4549 contegit.
2017 4478 2155 4543 PaL,

578 4548 738 4620 ligni.
771 4563 801 4601 a
841 4548 1072 4604 secunda
1105 4565 1286 4619 manu,
1335 4552 1626 4620 contiguam
1667 4547 1913 4620 effigiem.
1946 4547 2104 4619 Egm.
2131 4566 2160 4604 a

577 4619 748 4704 prima
778 4633 936 4704 manu
960 4617 1538 4704 comat.igiem,ief.ﬁgiem.
1573 4617 1821 4704 Heinsius
1857 4617 1981 4702 hinc
2003 4617 2160 4674 'con-
2188 4642 2238 4704 ι)

579 4689 925 4762 iicitgontigit
953 4689 1183 4762 efﬁgiem.
1212 4689 1484 4762 l’leriqite,
1518 4691 1722 4762 conﬁcit
1745 4690 1975 4762 effigiem.

648 4759 773 4814 445.
794 4760 962 4828 Supra
995 4773 1135 4813 vers.
1166 4760 1290 4825 392,
1313 4761 1564 4817 subternis
1585 4759 1747 4817 antris
1774 4763 1843 4816 de
1866 4759 2075 4827 inferis,
2104 4768 2159 4816 et

580 4828 679 4884 hac
705 4830 754 4884 vi
783 4844 900 4899 quae
927 4828 1100 4899 subter
1128 4841 1317 4899 reperta
1344 4840 1447 4886 est.

582 4972 611 5001 Μ
801 4897 986 4970 Prag.,
1015 4897 1216 4956 Widm.
1248 4916 1279 4956 a
1311 4904 1482 4972 prima
1511 4917 1692 4969 manu,
1732 4902 1944 4974 inferni,
1980 4900 2158 4957 minus

577 4986 738 5029 218118.
2082 5030 2083 5033 η

645 5040 771 5097 445.
795 5039 960 5096 Aldus
980 5038 1225 5113 ediderat.
1247 5039 1465 5113 Sed_nec
1486 5043 1696 5096 virtutes
1719 5041 1855 5098 Deus
1870 5042 2150 5113 hominum,

576 5123 665 5166 aut
685 5115 989 5167 animarum.
1011 5110 1324 5166 Emendavit
1345 5108 1451 5167 Sed
1463 5128 1552 5166 nec
1580 5114 1788 5168 virtutes
1806 5110 1940 5167 Deus
1964 5122 2050 5166 aut
2065 5113 2156 5166 lto-

576 5185 790 5245 minnm,
805 5192 893 5237 aut
906 5181 1216 5239 animarum.
1231 5182 1334 5236 Alii
1348 5182 1545 5237 habent
1556 5183 1660 5238 Sed
1672 5199 1760 5237 nec
1776 5184 1982 5237 virtutes
1997 5183 2160 5237 Itami-

577 5270 698 5306 num
717 5252 874 5320 Deus,
897 5262 981 5306 aut
1003 5251 1313 5306 animarum.
1334 5252 1513 5321 Prag.,
1543 5261 1631 5305 aut
1658 5254 1998 5308 tenebrarum.
2028 5253 2163 5309 Sen-

599 5326 741 5378 cntia
761 5335 867 5389 est,
888 5325 1055 5378 Deum
1083 5337 1185 5376 non
1208 5337 1328 5377 esse
1354 5324 1576 5378 virtutes
1605 5322 1904 5386 hominum,
1926 5332 1984 5378 ut
2012 5325 2164 5392 pudi-

582 5395 780 5461 sitiam,
810 5396 988 5459 ﬁdem,
1015 5408 1186 5462 neque
1213 5408 1371 5464 vagas
1388 5392 1589 5449 formas
1611 5393 1979 5464 animarumet
2007 5395 2103 5463 spi:
2120 5396 2164 5448 i-

575 5474 747 5532 tuum,
767 5482 825 5522 ut
849 5467 1151 5521 daamonum
1177 5474 1231 5519 ct
1254 5463 1584 5535 angelorum,
1614 5463 1760 5535 tenui
1787 5463 2164 5535 subimaginc.

663 5536 969 5603 4.i6."Ald.,
999 5536 1273 5603 mendose,
1299 5532 1435 5607 vagi.
1465 5533 1714 5607 Virgilius
1737 5548 1786 5588 νι
1812 5551 1825 5586 :
1848 5532 1914 5607 Et
1942 5534 1995 5587 ni
2012 5532 2163 5589 docta

576 5622 743 5679 cantes
771 5615 945 5661 tenues
963 5607 1076 5662 sine
1114 5623 1323 5679 corpore
1346 5605 1474 5664 vitas
1502 5605 1782 5661 Admoneat
1809 5605 2019 5661 volitare
2037 5622 2159 5661 cava

576 5677 668 5729 sub
703 5680 920 5740 animine
939 5682 1144 5741 formai.

2272 3354 2489 3410 talionis
2529 3355 2688 3420 hujus
2732 3355 2874 3410 libri.
2911 3355 3041 3409 Vide
3069 3357 3231 3410 etiam
3260 3353 3395 3412 inira
3440 3357 3508 3412 ad
3539 3373 3683 3415 vers.
3717 3353 3859 3421 82L

2272 3425 2401 3480 Mihi
2432 3438 2553 3480 vera
2580 3424 2694 3479 hate
2721 3438 2842 3481 esse
2867 3424 3097 3490 videtur,
3142 3441 3262 3492 quas
3290 3442 3357 3481 ex
3384 3427 3466 3482 his
3493 3429 3738 3485 versibus
3759 3433 3861 3487 de-

2272 3497 2555 3563 promitur,
2586 3495 2707 3564 quia
2736 3495 2940 3549 scilicet
2983 3495 3035 3548 in
3066 3496 3213 3565 pagis
3264 3500 3573 3565 superstitio
3618 3503 3861 3560 maxime

2271 3567 2508 3636 vigebat,
2544 3565 2811 3636 adeoque
2848 3565 2924 3636 illi
2958 3580 3146 3620 omnes
3176 3567 3265 3633 qui
3320 3568 3693 3634 superstitiose
3732 3571 3828 3628 ido

2270 3635 2445 3692 lorum
2474 3635 2640 3691 cultui
2664 3647 2782 3706 post
2805 3635 3113 3706 religionem
3138 3636 3495 3692 Christianam
3519 3638 3717 3706 ubique
3735 3641 3842 3697 dis-

2270 3651 2445 3692 torum
2474 3651 2782 3760 CUIIIIIJJOSI
2805 3651 3113 3704 religionem
3138 3651 3495 3692 t.nrtsttanam
3519 3651 3717 3706 ubique
3735 3651 3842 3697 uts-

2269 3708 2585 3761 seminatam
2615 3721 2644 3760 a
2689 3706 2977 3769 Iusserunt,
3008 3705 3126 3774 jure
3157 3706 3345 3772 pagani
3375 3710 3545 3763 vocati
3565 3719 3712 3764 sunt.
3747 3711 3850 3767 ilc-

2271 3776 2472 3849 raldus,
2495 3777 2554 3849 in
2581 3776 2874 3849 Arnobium
2905 3791 3024 3845 pag.
3056 3774 3123 3849 Ai,
3157 3776 3405 3845 intelligit
3432 3795 3655 3849 paganos
3679 3779 3858 3838 idolo-

2269 3847 2431 3903 latras
2455 3847 2646 3912 dictos,
2663 3847 2786 3917 quia
2818 3861 2923 3900 non
2951 3845 3178 3915 amplius
3199 3845 3461 3902 terrarum
3484 3845 3666 3905 orbem
3689 3866 3861 3906 occu-

2272 3918 2499 3992 pabant,
2557 3920 2651 3972 sed
2695 3921 3057 3992 inaugustum
3107 3918 3469 3992 coarctati_et
3505 3921 3652 3988 quasi
3692 3924 3863 3992 pagis

2268 3988 2583 4057 quibusdam
2628 3987 2866 4042 conclusi
2904 3992 3082 4057 erant.
3126 3988 3298 4047 I’utat,
3347 3987 3628 4044 obscuram
3684 3987 3863 4047 fuisse

2268 4056 2604 4127 etiamiolim
2634 4058 2912 4127 originem
2940 4056 3106 4127 _hnjus
3133 4058 3524 4127 appellationis,
3555 4062 3699 4113 sicut
3747 4078 3859 4118 nec

2270 4142 2370 4200 nos
2394 4126 2570 4200 adhuc
2604 4125 2771 4200 _satis_
2789 4125 2989 4200 liquido
3011 4125 3233 4200 _sciliius
3255 4127 3409 4200 _unde
3438 4128 3733 4200 {Inguenoti
3754 4146 3831 4199 ap
3850 4164 3866 4174 ο

2270 4195 2701 4268 pellatil’uerint.
2731 4195 3094 4268 Gothofredus
3142 4197 3206 4250 ad
3254 4197 3358 4266 Icg.
3408 4195 3592 4253 ιδοῧθ
3623 4195 3864 4268 Paeonis

2267 4265 2389 4321 cod.
2420 4265 2627 4321 Theod.
2655 4267 3064 4336 appellationem
3097 4265 3421 4336 paganorum
3463 4269 3563 4324 sub
3589 4265 3865 4326 Christian

2266 4339 2351 4410 nis
2380 4338 2791 4410 imperatoribus
2837 4338 3068 4405 cmpisse
3111 4337 3361 4410 afﬁrmat,
3407 4339 3558 4407 cujus
3583 4341 3862 4410 antiquis-

2266 4409 2422 4480 sima,
2448 4423 2572 4480 Aquae
2601 4408 2712 4480 ipsi
2741 4417 3072 4480 occurreret,
3117 4409 3317 4480 mentio
3345 4418 3520 4465 exstat
3550 4411 3601 4464 in
3637 4408 3743 4480 leg.
3781 4414 3861 4470 18

2265 4479 2333 4534 de
2361 4476 2641 4551 Episcopis
2666 4493 2807 4551 anno
2835 4480 2940 4534 ’565
2970 4494 2984 4532 :
3019 4476 3265 4543 Gentiles,
3289 4480 3589 4551 quositulgo
3617 4476 3867 4551 paganos

2266 4549 2549 4618 appellant.
2604 4549 2887 4604 Existimat
2930 4559 3106 4603 autem
3163 4551 3353 4615 vulgus
3393 4549 3834 4607 (IhriStianurum

2263 4623 2351 4691 qui
2376 4618 2534 4673 variis
2560 4620 2687 4675 olim
2712 4619 2950 4675 dicteriis
2974 4635 3007 4691 a7
3025 4619 3310 4691 gentilibus
3336 4619 3545 4675 inerant
3563 4622 3862 4690 appellati,

2268 4690 2461 4746 nomen
2492 4705 2818 4760 paganorum
2847 4690 3133 4762 gentilbus
3166 4690 3492 4758 reposuisse,
3523 4691 3680 4762 quasi
3716 4693 3835 4748 sim

2267 4763 2457 4832 plices,
2484 4759 2715 4832 rusticos
2745 4771 2799 4832 et
2825 4769 3062 4831 agrestes
3083 4759 3345 4815 dicerent.
3542 4759 3557 4762 “
3872 4775 3888 4783 θ

2336 4831 2476 4903 450.
2502 4831 2633 4886 Mar.
2663 4846 2692 4884 a
2725 4831 2892 4902 prima
2928 4845 3108 4894 manu,
3156 4832 3266 4896 quis
3306 4845 3489 4900 penes,
3537 4845 3865 4903 perperam.

2264 4903 2382 4958 Aldi
2407 4901 2565 4956 etiam
2597 4901 2750 4957 error
2777 4911 2858 4957 est
2881 4916 3030 4967 penes
3060 4914 3252 4954 omnes.

2332 4972 2460 5028 451.
2494 4973 2623 5026 Mar.
2657 4988 2684 5024 a
2739 4974 2910 5041 prima
2940 4986 3100 5025 manu
3128 4981 3313 5026 centra
3344 4979 3571 5026 metrum
3620 4980 3677 5027 ct
3721 4986 3871 5028 sen-

2263 5057 2405 5106 sum,
2433 5043 2735 5111 Itonoriﬁcos
2756 5059 2903 5112 quos.

2334 5113 2459 5168 452.
2490 5113 2566 5167 De
2594 5108 2833 5167 monstris
2862 5113 2964 5166 iliis
2989 5114 3097 5180 jam
3125 5108 3263 5165 dixi.
3301 5110 3432 5166 Vide
3461 5111 3747 5165 Ilcraldmn
3784 5115 3869 5169 ad

2265 5183 2684 5245 Tertullianunt,
2711 5198 2832 5251 Cap.
2855 5182 2924 5235 2:2
2957 5185 3207 5252 Apolog.,
3231 5191 3284 5235 et
3305 5184 3368 5235 ad
3398 5183 3610 5235 Minucii
3635 5182 3816 5239 verba
3848 5201 3869 5242 :

2271 5252 2337 5309 Ut
2366 5255 2543 5307 nidore
2570 5254 2809 5306 altarium
2831 5253 2908 5307 vel
2937 5253 3116 5306 hostiis
3143 5252 3394 5319 pecudum
3423 5253 3662 5322 saginati.

2338 5323 2460 5378 455.
2498 5325 2648 5391 Egm.
2677 5322 2863 5377 scribit
2886 5324 3003 5377 lucu
3035 5339 3131 5390 pro
3157 5324 3292 5377 luco.

2336 5393 2463 5449 455.
2493 5395 2643 5458 Prag.
2658 5436 2671 5458 ,
2698 5405 2742 5446 et
2754 5396 2901 5464 jura.

2338 5464 2465 5521 458.
2497 5465 2678 5532 I’rag.,
2712 5461 3000 5527 tenendum,
3034 5477 3142 5518 non
3170 5463 3240 5517 ita
3268 5461 3423 5521 bene.

2342 5535 2467 5590 459.
2499 5535 2690 5602 Aldus,
2716 5533 2770 5586 id
2797 5549 2995 5600 sapere.

2339 5605 2466 5660 460.
2504 5605 2686 5674 Prag.,
2718 5604 2863 5657 nulla
2891 5603 3010 5671 ﬁdei
3038 5604 3253 5659 ratione.

2336 5677 2457 5733 461.
2486 5675 2608 5734 Ald.
2641 5692 2725 5731 seu
2746 5689 2851 5742 vos,
2882 5675 2997 5741 lege
3017 5692 3100 5730 seu
3125 5691 3233 5731 nos.
