4052 6184
494 344 594 400 165

666 455 926 512 Errabant
957 454 1139 508 hostes
1169 467 1262 521 per
1299 449 1520 519 templa,
1553 464 1652 518 per
1672 449 1805 502 atria
1838 448 2056 517 passim,
2089 452 2138 509 Α

491 552 596 607 555
670 551 1076 618 Romanumque
1097 545 1291 611 lorum,
1334 549 1391 598 et
1439 540 1701 611 Capitolia
1735 541 1878 595 celsa
1917 551 2066 595 tene-

1793 631 1986 704 [bantz

666 733 764 800 Qui
793 729 1100 798 conjuratas
1130 727 1242 795 ipsa
1273 725 1338 780 ad
1371 724 1555 780 vitalia
1583 723 1757 794 plebis

675 821 843 876 Moliti
877 817 1118 882 insidia's,
1149 818 1292 871 intus
1321 823 1820 884 serpente-veneno,

672 913 1006 965 Consuerant
1036 908 1214 962 tacitis
1241 913 1443 976 pestem
1474 906 1702 960 miscere
1728 903 1996 958 medullis.

669 1002 806 1070 Ergo
829 998 1184 1067 triumphator
1211 995 1440 1050 latitanti
1471 1009 1537 1048 ex
1570 994 1724 1048 hoste
1751 1000 1962 1062 togatus

494 1093 598 1147 5t0
666 1090 817 1146 Clara
874 1101 1073 1159 tropaea
1115 1087 1282 1143 refert
1349 1087 1468 1140 sine
1510 1085 1807 1155 sanguine,
1848 1097 2072 1153 remque

1771 1173 2002 1246 [Quirini

668 1272 946 1330 Assuescit
974 1283 1171 1338 supero
1200 1267 1406 1337 pollere
1439 1266 1492 1319 in
1523 1264 1722 1320 sazcula
1754 1280 1942 1333 regno.

671 1367 911 1433 Denique
962 1375 1061 1416 nec
1115 1369 1285 1415 metas
1364 1357 1583 1421 statuit,
1673 1371 1772 1411 nec
1828 1365 2068 1424 tempora

1768 1442 1787 1516 [
1817 1445 1958 1510 ponit
1983 1462 1993 1495 :

1600 331 1868 389 Λυίιειιι
1912 331 2271 388 PRUDENTII
2309 329 2633 387 CARMINA.

2167 623 2274 680 545

3649 329 3746 382 ιςι

2341 445 2622 514 lmperiunt
2651 444 2768 499 sine
2798 444 2901 499 line
2923 443 3100 509 docet,
3124 457 3192 498 ne
3217 442 3439 497 llomula
3465 443 3638 499 virttis

2342 535 2462 590 lam
2493 535 2563 589 sit
2589 550 2744 602 anus,
2769 535 2911 589 norit
2941 549 3008 589 ne
3041 534 3211 604 gloria
3243 541 3395 600 parta
3425 543 3698 589 senectam
3727 553 3740 586 :

2415 624 2580 698 745
2609 625 2886 682 Essultare
2917 635 3094 694 patres
3121 623 3322 686 videas,
3377 625 3744 692 pulcherrima

3466 713 3674 785 [mundi

2346 805 2592 872 Lumina,
2611 804 3006 874 conciliumque
3031 817 3216 858 senum
3243 805 3440 873 gestire
3459 805 3744 870 Catonum,

2346 896 2665 952 Candidiore
2695 905 2813 964 toga
2846 895 3055 950 niveum
3084 895 3294 964 pietatis
3324 897 3578 968 amictum

2350 988 2600 1054 Sumere,
2627 997 2682 1042 et
2709 987 2930 1042 exuvias
2953 985 3224 1053 deponere
3251 987 3603 1055 pontilicales.

2347 1078 2572 1147 Jamque
2595 1079 2719 1144 ruit,
2749 1078 2934 1146 paucis
2959 1077 3183 1146 Tarpeia
3213 1078 3262 1130 in
3294 1093 3427 1146 rupe
3455 1078 3678 1144 relictis,

2171 1171 2280 1227 550
2353 1171 2434 1225 Ad
2459 1172 2662 1225 sincera
2693 1172 2861 1223 virum
2890 1171 3181 1240 penetralia
3209 1172 3588 1235 Nazareorum,

2350 1264 2523 1330 Atque
2551 1262 2616 1316 ad
2647 1263 2969 1331 apostolicos
2993 1261 3254 1316 Evandria
3286 1263 3433 1315 curia
3468 1264 3660 1324 fontes,

2351 1346 2652 1410 Anniadum
2685 1354 2916 1417 soboles,
2940 1363 2994 1406 ιιι
3017 1354 3230 1422 pignora
3259 1353 3405 1406 clara
3424 1353 3748 1407 Proborum:

2351 1445 2542 1500 Fertur
2569 1445 2709 1499 enim
2736 1455 2860 1499 ante
2889 1445 3020 1498 alios
3042 1456 3333 1510 generosus
3350 1441 3570 1496 Anicius
3592 1443 3752 1499 Urbis

1783 1535 2072 1592 GLOSSIE
2109 1537 2450 1595 VETERES.

573 1638 698 1694 554.
731 1635 940 1696 llostes,
971 1631 1242 1684 (temones.
1274 1659 1347 1670 —
1370 1627 1596 1696 Passim,
1619 1625 1823 1698 ubique,
1853 1626 1894 1682 l.

566 1708 690 1762 556.
721 1704 930 1764 Vitalia,
961 1701 1182 1762 animas,
1218 1699 1322 1753 Iso.

569 1779 695 1836 557.
724 1776 1004 1840 Serpente,
1033 1768 1310 1840 nato,_lso.

571 1835 698 1901 559.
729 1835 1126 1910 Triumphum,
1159 1837 1543 1910 Conuenimus,
1574 1835 1618 1910 l_.

571 1915 696 1970 540.
727 1905 968 1979 Tropzea,
995 1910 1278 1964 victoriam.
1305 1938 1372 1948 --
1397 1907 1628 1975 Quirini,
1664 1906 1904 1971 Enniani,
1934 1905 1977 1960 1.

569 1986 699 2039 546.
735 1986 901 2045 Anus,
928 1996 1101 2042 senex,
1136 1981 1174 2032 Ι.
1625 1984 1635 1993 ·

566 2055 692 2109 555.
713 2051 927 2115 Videas,
957 2065 986 2102 ο
1018 2049 1342 2118 Symmache,
1374 2047 1413 2102 l.

564 2124 691 2181 546.
721 2122 950 2186 Gestire,
982 2115 1222 2189 gaudere.
1245 2147 1314 2160 —
1339 2118 1620 2189 Catonum,
1657 2116 1940 2189 principum
1966 2115 2069 2168 Ro-

501 2209 782 2254 manorum,
835 2185 1260 2252 consiliariormn,
1293 2189 1331 2242 Ι.
1368 2216 1422 2229 --
1457 2187 1758 2257 Sapientem
1805 2185 2066 2239 Romano-

499 2281 612 2317 rum
640 2273 845 2331 propter
873 2259 1428 2340 Catoniasaplentiam,
1462 2259 1579 2338 Yat.
1611 2259 1675 2311 A.
1871 2327 1881 2336 ⁸
2000 2325 2010 2336 _

476 2361 478 2364 ·
567 2335 694 2389 5η.
739 2333 918 2400 Toga,
965 2329 1404 2391 consummatum,
1457 2328 1577 2382 Vat.
1621 2329 1689 2382 Δ.
1727 2355 1798 2366 --
1829 2325 2066 2388 Ptetatts,

2177 1629 2482 1689 sanctitatis,
2515 1628 2553 1682 Ι.

2249 1701 2374 1753 548.
2409 1697 2762 1760 Pontiﬂcales,
2801 1695 2952 1750 idolis
2979 1703 3322 1761 consecratas,
3349 1696 3470 1752 Vat.
3502 1699 3570 1753 Α.

2250 1769 2376 1824 549.
2413 1769 2557 1833 Ruit,
2594 1769 2819 1835 festinat,
2857 1769 2894 1821 Ι.

2097 1867 2150 1928 Β
2402 1833 2784 1928 thjazarleoruml,
2807 1833 3233 1928 giristianorum,

2246 1910 2371 1963 55L
2402 1910 2685 1982 EVVandria,
2714 1911 2778 1961 ab
2799 1907 3061 1967 Euandro,
3089 1907 3173 1973 qui
3199 1905 3393 1975 primus
3431 1910 3591 1982 fertur
3611 1921 3752 1965 stru-

2173 1983 2310 2032 cisse
2333 1981 2553 2038 curiam,
2587 1978 2627 2032 Ι.

2247 2049 2374 2103 552.
2405 2049 2716 2113 Proborum,
2745 2049 3039 2113 electorum,
3075 2051 3116 2106 l.

2243 2121 2368 2174 555.
2403 2117 2725 2184 Generosus,
2769 2121 2973 2174 nobilis.
3005 2150 3078 2162 —
3119 2120 3362 2185 Anicius,
3409 2120 3757 2174 nobilissimus

2172 2191 2292 2262 fuit,
2325 2192 2388 2242 de
2413 2192 2562 2262 cujus
2591 2206 2772 2262 genere
2791 2189 2996 2246 Boetius
3025 2193 3144 2260 fuit,
3167 2201 3213 2245 et
3233 2208 3267 2246 a
3288 2207 3390 2262 qua
3419 2192 3620 2262 familia
3647 2193 3760 2245 An-

2169 2259 2375 2314 niadum
2400 2261 2606 2325 dicitur,
2636 2259 2674 2314 1.

1855 2411 2416 2471 COMMENTARIUS.

504 2536 698 2589 minam
722 2534 878 2587 statui
909 2549 928 2587 :
950 2532 1027 2587 sic
1053 2533 1258 2585 interna
1285 2528 1514 2583 refertur
1536 2527 1600 2585 ad
1625 2537 1892 2582 termento.
1924 2525 2085 2580 Com-

506 2607 718 2658 inuuior
752 2606 930 2668 lectio,
977 2602 1283 2671 lnternoquc
1325 2600 1590 2653 hominum
1624 2598 1781 2652 statui
1837 2606 2086 2650 tormenta

503 2685 762 2748 ναῖαηβεθς

570 2746 690 2800 555.
729 2744 923 2812 Supra,
955 2757 1095 2799 vers.
1126 2740 1256 2802 216,
1287 2740 1420 2794 celsa
1441 2739 1508 2812 ad
1537 2737 1810 2809 Capitolia.

572 2817 697 2872 556.
727 2808 875 2884 ligni.
900 2808 927 2865 εἰ
956 2813 1188 2868 secunda
1219 2825 1398 2873 manu,
1417 2811 1538 2878 quin
1561 2808 1878 2880 conjuratas.
1910 2808 2079 2872 idem,

506 2887 700 2950 vitalia,
737 2883 923 2952 plebes,
957 2883 1114 2936 male.

575 2949 697 3010 559.
730 2949 882 3018 Man,
912 2949 1077 3017 'lt:tt.,
1119 2951 1367 3018 latitante.
1415 2949 1590 3016 Egm.,
1637 2955 1875 3018 cegator,
1923 2962 2084 3014 supra

506 3017 743 3095 negator;
774 3017 983 3095 corrige
998 3028 1236 3095 legatus.
1270 3017 1632 3095 Triumpltator
1658 3017 1971 3095 vocabulum
2004 3027 2085 3095 est

509 3085 737 3161 Apuleii,
760 3085 1032 3161 Cypriani,
1064 3085 1121 3143 ct
1148 3089 1200 3142 in
1221 3086 1662 3155 inscriptionibus
1689 3088 1789 3139 αενί
1817 3085 2086 3140 interioris

510 3166 780 3232 l'requens.

578 3227 703 3288 5'40.
736 3233 888 3299 Egm.
916 3243 1100 3298 supra,
1132 3244 1313 3297 resque
1345 3227 1566 3299 Quirini.

717 3295 1306 3394 .As'suescit"pollere,iut
1332 3299 1531 3368 hymno
1551 3297 1584 3351 9
1613 3295 1796 3362 Catit.,
1821 3308 1960 3351 vers.
1989 3295 2080 3365 95,
2111 3331 2157 3394 C

515 3373 681 3429 redire
712 3374 1011 3425 insuesceret
1042 3383 1284 3422 mortuos.

581 3442 707 3497 542.
757 3442 832 3494 Es
871 3439 1088 3508 Virgilio
1115 3455 1130 3492 ι
1162 3438 1399 3508 Αςιιρίιιη
1431 3436 1528 3490 llis
1568 3450 1662 3505 ego
1691 3451 1781 3508 nec
1825 3444 2089 3508 metasre-

514 3530 648 3577 rum,
682 3528 770 3564 nec
797 3506 1024 3578 tempora
1051 3525 1204 3580 pono.
1247 3506 1527 3580 Imperium
1553 3509 1663 3559 sine
1687 3507 1788 3580 ﬁne
1817 3507 1956 3580 dedi.
1991 3507 2090 3560 Ne-

515 3585 628 3638 scio
647 3597 750 3650 qua
774 3577 980 3634 rattOne
999 3577 1243 3633 Ileinsius
1257 3591 1440 3650 contra
1463 3577 1618 3630 Iidem
1635 3577 1794 3629 codd.
1817 3578 1942 3629 velit
1962 3592 2092 3650 coti-

515 3647 682 3719 jicere
712 3651 940 3719 Denique
968 3666 1058 3702 nec
1080 3659 1237 3701 mctas
1267 3649 1442 3710 statui,
1475 3663 1566 3700 nec
1587 3657 1815 3719 tempora
1852 3647 1994 3719 poni.
2029 3647 2091 3699 Et

515 3717 654 3776 illiCo
681 3721 828 3774 addit
855 3717 867 3772 Ξ
901 3735 1068 3773 vocer
1099 3720 1360 3777 nimirum.
1389 3719 1525 3787 quod
1565 3717 1816 3786 sequitur.
1855 3717 2090 3770 Chamil-

521 3793 700 3846 tardus
733 3791 1079 3857 lta'inlelligit
1105 3793 1464 3856 conjecturam
1509 3787 1730 3850 lleinsii,
1765 3797 1820 3839 ttt
1849 3787 2004 3839 statui
2036 3797 2090 3840 et

519 3863 640 3930 poni
673 3862 933 3914 referatur
963 3861 1028 3913 ad
1059 3861 1221 3914 docet.
1253 3859 1434 3913 Lectio
1471 3858 1629 3912 codd.
1661 3858 1803 3910 clara
1835 3866 1937 3922 est,
1989 3871 2086 3910 nec

515 3932 789 3988 sollicitari
818 3930 994 3984 debet.

588 4001 714 4056 544.
749 4002 875 4055 Post
918 4001 1056 4054 hunc
1087 4015 1299 4054 versum
1344 4000 1393 4051 in
1423 3997 1570 4060 Rat,
1601 3997 1754 4060 illam,
1794 3997 1978 4050 titulus
2009 3996 2086 4049 De

517 4085 723 4126 senatus
750 4073 1091 4135 conversione,
1120 4072 1208 4136 qui
1236 4078 1406 4123 exstat
1438 4069 1489 4119 in
1521 4066 1782 4136 Alex.ad
1835 4081 2005 4134 marg.
2034 4068 2089 4119 ln

517 4143 673 4206 Ut'b.,
708 4141 782 4194 De
810 4135 1381 4194 conversionescnatus.
1427 4137 1593 4190 Aldus
1626 4135 1784 4189 habet
1831 4137 2088 4189 Romano-

516 4228 628 4264 rum
656 4222 884 4264 senatum
912 4223 1203 4262 conversum
1229 4209 1294 4258 ad
1321 4206 1602 4258 Christum.

588 4281 712 4334 545.
747 4279 818 4330 De
849 4276 1213 4344 hujuscemodi
1235 4277 1416 4342 elogiis
1443 4285 1656 4328 senatus
1683 4272 1905 4326 Romani
1935 4276 2084 4328 testi-

520 4349 693 4402 monia
725 4355 966 4400 velerurn
1015 4347 1168 4416 plena
1201 4362 1358 4416 manu
1402 4347 1554 4416 allert
1582 4345 1794 4416 Juretus
1823 4347 1888 4397 ad
1923 4347 2085 4397 verba

519 4418 824 4490 Symmachi
855 4412 1139 4485 θρὶειξόϋ,
1191 4415 1280 4469 lib.
1307 4431 1320 4468 ι
1353 4430 1366 4466 :
1401 4412 1532 4466 Pars
1564 4415 1738 4467 melior
1768 4415 1975 4466 humani
2004 4433 2086 4486 ge.

519 4490 650 4540 ueris
673 4494 899 4539 senatus.

592 4557 716 4611 547.
745 4555 893 4608 Alter
925 4558 1091 4621 llott.,
1123 4555 1418 4609 candidiora
1451 4562 1600 4622 toga,
1631 4555 1768 4623 quod
1802 4553 1940 4606 haud
1970 4553 2086 4608 ine-

525 4627 706 4695 legans
736 4625 904 4678 visum
932 4638 1014 4679 est
1046 4626 1280 4680 lleinsio.
1331 4626 1438 4694 ligo
1469 4626 1598 4678 nihil
1633 4625 1776 4695 aliud
1822 4624 1905 4677 hic
1933 4625 2087 4677 video

2188 2525 2429 2579 alludere
2459 2524 2805 2579 Prudentium
2849 2523 2916 2578 ad
2963 2534 3137 2582 vestes
3173 2526 3322 2583 albas
3357 2541 3548 2582 recens
3591 2525 3756 2596 bapti-

2191 2607 2451 2649 ZﬂlOl‘lllll.

2258 2667 2384 2720 549.
2415 2665 2560 2730 Ald.,
2590 2666 2642 2718 in
2668 2682 2794 2735 rupe
2828 2667 3029 2721 retectis
3051 2682 3069 2719 :
3092 2665 3327 2736 intelligo
3358 2666 3623 2720 latentibus
3643 2668 3757 2720 sive

2189 2737 2347 2790 tectis.

2263 2806 2389 2860 550.
2421 2806 2477 2859 ln
2503 2805 2686 2860 codice
2716 2805 2880 2861 Jureti
2910 2806 2994 2859 hic
3022 2822 3209 2862 versus
3237 2805 3306 2860 ita
3329 2818 3441 2861 erat
3469 2808 3759 2874 interpola-

2191 2883 2298 2940 tus,
2330 2877 2610 2941 penetralia
2639 2892 2770 2928 noxa
2800 2893 3020 2942 reorum,
3064 2879 3209 2931 nullo
3245 2892 3404 2932 sensu
3429 2890 3515 2930 aut
3545 2892 3760 2932 contra-

2189 2947 2290 2998 rio.
2325 2944 2379 2998 In
2415 2947 2566 3014 Egm.
2591 2956 2706 3000 erat
2735 2964 2866 3000 noxa
2893 2947 3133 3014 virorum,
3171 2964 3235 3003 ex
3267 2964 3372 3018 quo
3399 2949 3591 3002 factum
3623 2966 3760 3002 noxa

2189 3030 2412 3068 reorum.

2260 3085 2388 3140 552.
2414 3084 2600 3157 faith,
2634 3085 2860 3150 Widm.,
2888 3087 3052 3157 Bong.
3086 3103 3111 3138 a
3144 3088 3372 3142 secunda
3400 3102 3577 3150 manu,
3605 3088 3762 3151 Maia,

2189 3153 2335 3226 Bat.,
2383 3155 2678 3226 /Eneadum
2719 3153 3157 3211 titentlose.'Vat.
3205 3161 3269 3220 Λ,
3319 3158 3502 3226 Prug.,
3556 3161 3764 3211 Amnia-

2189 3224 2353 3297 dum:
2378 3227 2428 3279 in
2462 3225 2560 3278 hoc
2603 3241 2758 3279 versu
2789 3228 2903 3279 dum
2938 3229 3168 3297 familiai,
3220 3244 3338 3297 qua:
3366 3224 3606 3281 inimum
3636 3245 3764 3282 coa-

2189 3294 2404 3361 luerint,
2438 3307 2820 3362 memorantur,
2853 3299 3004 3349 Annii
3035 3308 3088 3350 et
3129 3294 3304 3350 Probi.
3335 3298 3514 3351 Tertia
3560 3299 3638 3351 his
3667 3299 3764 3352 ad-

2191 3365 2321 3438 dita,
2355 3367 2558 3421 scilicet
2586 3369 2773 3432 Anicii,
2819 3378 2874 3421 ut
2913 3384 2976 3420 ex
3026 3382 3162 3422 t'ers.
3200 3383 3311 3438 seq.
3356 3369 3536 3436 liquet.
3571 3369 3761 3423 Glossa

2191 3437 2467 3488 electorum
2492 3439 2662 3503 inepta
2693 3448 2792 3489 e~t.

2261 3506 2386 3560 555.
2420 3503 2682 3572 C'onjit-iat
2717 3515 2862 3561 recte
2903 3506 3094 3576 aliquis
3124 3507 3404 3576 legendum
3443 3509 3576 3560 orbis
3623 3509 3765 3561 Illu-

2190 3586 2378 3629 strasse
2416 3586 2586 3646 caput.
2627 3576 2794 3648 Supra
2828 3593 2969 3648 vers.
3000 3577 3125 3641 497,
3176 3579 3313 3646 Ergo
3337 3593 3472 3642 cave,
3503 3582 3763 3648 egregium

2189 3656 2342 3713 caput
2373 3649 2527 3699 orbis.
2562 3647 2664 3702 Sed
2710 3647 3024 3701 l'rudentius
3058 3657 3300 3701 senatum
3343 3647 3568 3701 fortasse
3609 3647 3765 3704 rorat

2189 3726 2340 3776 caput
2371 3715 2544 3770 Urbis.
2571 3717 2665 3770 llic
2688 3715 2908 3771 Anicius
2939 3717 3230 3771 Anniorum
3266 3727 3317 3771 et
3346 3717 3634 3771 Proborum
3667 3736 3764 3771 5n-

2193 3787 2340 3840 bniCS
2369 3796 2502 3840 erat.
2528 3785 2775 3840 Nonnulli
2821 3789 2932 3841 hare
2972 3788 3183 3842 nomina
3215 3797 3456 3856 quaerunt
3495 3793 3591 3841 sub
3616 3791 3762 3843 Con-

2191 3859 2444 3910 stantino.
2471 3859 2538 3909 At
2566 3857 2881 3909 Prudentius
2905 3858 3047 3912 clare
3071 3857 3302 3926 loquitur
3321 3858 3386 3910 de
3417 3859 3497 3910 his
3525 3861 3610 3927 qui
3639 3873 3764 3926 post

2190 3927 2360 3979 edicta
2375 3927 2572 3980 'l‘beod:
2596 3927 2681 3989 sii,
2697 3927 2776 3979 vel
2795 3937 2940 3981 certe
2957 3929 3054 3980 sub
3071 3930 3183 3995 ejus
3200 3928 3442 3993 imperio,
3457 3928 3657 3994 ejul‘ala
3677 3946 3764 3984 su-

2192 3997 2506 4062 perstitione
2522 4011 2742 4063 pagana,
2759 3996 2915 4049 tidem
2927 3997 3238 4050 catholicam
3252 4001 3475 4065 amplexi
3492 4000 3761 4053 sunt.Non

2190 4082 2316 4133 ergo
2337 4067 2630 4136 audiendus
2672 4075 2753 4117 est
2778 4065 3057 4129 Baronius,
3079 4067 3168 4136 qui
3189 4076 3336 4135 putat
3357 4069 3492 4121 hunc
3514 4071 3760 4124 Anicium

2191 4149 2309 4204 esse
2332 4135 2570 4187 Anicium
2593 4134 2879 4196 lulianum,
2911 4138 2996 4204 qui
3024 4134 3209 4190 consul
3243 4138 3340 4190 fuit
3360 4153 3480 4190 cum
3508 4139 3761 4193 Petronio

2191 4203 2623 4276 Probionqanuo
2651 4204 2852 4276 lloinini
2875 4203 2996 4261 59.2.
3023 4207 3412 4261 Chamillardus
3450 4219 3597 4276 putat
3643 4225 3765 4264 esse

2193 4276 2410 4346 Sextum
2444 4273 2746 4346 Petronium
2773 4275 3026 4340 Probum,
3055 4277 3358 4346 praifectutn
3386 4273 3638 4346 prastorio
3659 4281 3765 4331 Vu-

2194 4345 2464 4396 lentiniani
2496 4344 2766 4412 principis,
2785 4344 3192 4400 consulem‘eum
3212 4344 3461 4400 Gratiinto
3476 4363 3616 4401 anno
3634 4350 3760 4405 571.

2192 4413 2238 4466 ls
2255 4423 2399 4488 certe
2421 4416 2614 4468 dicitur
2638 4417 2895 4468 Aniciana:
2916 4419 3093 4470 domus
3114 4418 3310 4470 culmen
3335 4423 3382 4470 in
3413 4419 3766 4488 inscriptmue

2192 4484 2464 4552 cujusdam
2494 4488 2844 4553 monumenti,
2892 4488 3030 4554 quod
3063 4489 3197 4540 lilius
3236 4489 3350 4553 ejus
3377 4484 3594 4542 Anicius
3624 4491 3765 4542 Iler-

2195 4556 2540 4620 nzogenianus
2571 4555 2846 4624 Olybrius,
2898 4561 3081 4610 consul
3121 4556 3441 4622 ordinatius,
3493 4570 3546 4613 et
3574 4561 3767 4614 Anteia

2190 4623 2395 4678 Jttliana
2445 4623 2774 4678 dedicarunt.
2827 4627 2938 4694 Ego
2985 4642 3110 4680 vero
3155 4643 3258 4680 non
3309 4628 3464 4682 video
3509 4647 3602 4682 cur
3652 4646 3762 4683 non

521 4694 624 4752 nisi
654 4697 902 4749 mendum
930 4696 1231 4748 candidiora
1259 4710 1352 4761 pro
1379 4697 1690 4748 candidiore.
1717 4694 1793 4748 De
1823 4703 1938 4764 toga
1962 4711 2089 4747 can-
2115 4701 2168 4761 ι)
2197 4695 2367 4760 potius
2397 4695 2537 4748 lilius
2581 4696 2732 4750 Sesti
2772 4696 3001 4750 Petronii
3037 4697 3213 4764 Probi,
3264 4699 3354 4764 qui
3404 4700 3453 4752 in
3483 4714 3541 4753 ea
3574 4699 3768 4753 inscri-

519 4767 641 4822 dida
670 4780 732 4820 ac
754 4766 820 4818 de
844 4764 927 4818 his
955 4765 1082 4834 ipsis
1114 4767 1356 4819 versibus
1385 4766 1678 4831 l’rudentii,
1719 4765 1887 4818 critici
1913 4775 1966 4819 et
1997 4779 2089 4816 an-

524 4837 733 4906 tiquarii
762 4836 1022 4888 innumeri
1050 4846 1231 4903 agunt.
1262 4837 1461 4906 Accipe
1489 4849 1769 4906 summam.
1813 4836 1955 4906 Toga
1987 4835 2086 4887 Ito-

525 4905 801 4962 tnanorum
833 4919 1045 4971 semper
1073 4916 1188 4958 erat
1233 4905 1386 4966 alba;
1427 4907 1519 4958 sed
1562 4921 1680 4959 tum
1723 4905 1910 4959 diebus
1942 4908 2089 4958 festis

524 4977 761 5032 vestibus
780 4976 1102 5040 recentibus,
1129 4984 1181 5028 et
1205 4990 1310 5027 non
1332 4977 1581 5040 sordidis,
1612 4985 1906 5042 uterentur,
1934 4976 2090 5027 albati

525 5047 775 5114 peculiari
815 5045 1018 5114 ratione
1046 5044 1127 5097 his
1169 5045 1219 5097 itt
1259 5043 1447 5096 diebus
1488 5046 1798 5099 dicebantur
1823 5055 1875 5099 et
1915 5056 2085 5099 erant.

525 5113 786 5172 Prwterea
831 5113 1094 5168 candidati
1137 5123 1284 5181 togas
1330 5125 1473 5166 creta
1519 5116 1853 5169 candidiores
1901 5116 2089 5170 redde-

525 5188 651 5241 bant
685 5204 696 5238 :
733 5185 871 5239 unde
899 5184 1006 5238 illis
1029 5186 1417 5236 candidatorum
1450 5199 1642 5238 nomen
1687 5185 1861 5239 hmsit.
1893 5185 2092 5239 Intelli-

524 5258 664 5325 gitur
691 5271 818 5326 ergo
847 5257 970 5324 quid
1002 5255 1138 5326 velit
1183 5254 1523 5326 Prudentius,
1575 5253 1774 5307 Scilicet
1824 5258 2092 5326 Ilomanos

525 5322 777 5396 tanquam
804 5322 962 5396 ittgdie
992 5324 1128 5379 festo
1153 5322 1512 5396 candidiorem
1536 5332 1709 5396 togam
1739 5339 1971 5396 sumere.
1995 5325 2085 5396 Sic

525 5391 722 5465 hymno
755 5399 811 5450 Η
849 5395 1170 5464 Peristeplt.,
1195 5407 1341 5465 vers.
1375 5391 1514 5446 205:
1545 5391 1846 5465 Necminus
1878 5394 2086 5446 Albanis

524 5462 659 5535 acies
682 5483 733 5518 se
759 5466 979 5519 candida
1002 5462 1161 5535 portis
1185 5462 1441 5535 Explicat,
1463 5473 1509 5516 et
1525 5463 1699 5535 longis
1722 5464 1920 5535 ducitur
1949 5466 2088 5535 ordi-

524 5534 688 5587 nibus.
729 5536 943 5589 Videtur
970 5531 1144 5592 aiitctn
1178 5533 1492 5588 Prudentius
1525 5531 1624 5585 hoc
1669 5531 1786 5585 loco
1813 5533 1972 5586 etiam
2009 5533 2085 5586 si-

525 5605 908 5676 gnilleationetn
951 5608 1230 5676 mysticam
1271 5605 1552 5676 denotare,
1586 5603 1829 5676 videlicet
1878 5603 2088 5676 pietatis

526 5681 579 5727 ct
613 5674 930 5726 innocentire
958 5672 1262 5730 candorem.
1295 5675 1401 5728 Nec
1427 5673 1555 5728 mihi
1585 5672 1825 5739 displicet
1853 5675 1991 5741 quod
2015 5676 2087 5726 ait

525 5741 835 5797 Dominicus
875 5742 1077 5798 Macrus
1121 5746 1175 5800 in
1221 5742 1512 5815 llieroles.,
1567 5745 1730 5799 \etbo
1770 5742 2088 5812 Barrisues,

2197 4764 2374 4836 ptione
2405 4765 2621 4819 Anicius
2666 4765 3113 4836 Ilertnugeniantts
3145 4777 3365 4820 vocatur
3387 4809 3400 4833 ,
3445 4774 3512 4822 sit
3563 4772 3605 4822 is
3629 4773 3769 4823 Ani-

2194 4835 2308 4909 cius
2336 4837 2424 4909 qui
2459 4835 2895 4909 primusCliristo
2925 4853 3112 4890 nmnen
3146 4837 3353 4909 dederit
3386 4850 3498 4905 post
3529 4841 3671 4909 leges
3691 4842 3766 4894 de

2195 4905 2452 4972 religione
2482 4905 2779 4959 Christiana
2822 4917 2873 4960 et
2918 4911 3195 4961 eversione
3243 4908 3502 4962 idolorum
3533 4925 3561 4961 a
3585 4905 3767 4963 Tl'ln-o-

2195 4976 2346 5049 dosio
2377 4981 2754 5049 promulgatas.
2787 4977 2968 5049 Deliis
3000 4980 3532 5049 latniliis.earumque
3562 4982 3707 5034 nobil
3735 5012 3758 5021 ο

2201 5052 2308 5097 tate
2334 5045 2432 5112 legi
2461 5059 2679 5112 possunt
2709 5046 3052 5115 Claudianus,
3093 5045 3462 5112 Mareellattus,
3487 5051 3524 5102 Ζ
3566 5066 3760 5115 sumis,

2197 5117 2464 5169 Ausonius
2494 5127 2548 5170 et
2577 5117 2687 5169 alii.
2717 5113 2774 5170 S.
2809 5117 3159 5186 Hieronymus
3188 5118 3343 5185 epist.
3370 5122 3432 5171 ad
3467 5113 3765 5174 Demetrio;

2195 5186 2315 5236 dem
2342 5203 2354 5236 :
2387 5186 2590 5238 Scilicet
2616 5203 2715 5239 non
2739 5187 2863 5238 mihi
2889 5186 3170 5239 Proborum
3197 5199 3240 5240 et
3259 5188 3592 5256 iUlybriorum
3616 5193 3763 5243 clara

2193 5257 2461 5330 repetenda
2487 5267 2604 5308 sunt
2631 5257 2855 5322 nomina,
2888 5269 2934 5330 et
2956 5259 3163 5330 illustre
3189 5255 3352 5325 Anicri
3381 5265 3642 5329 sanguntis
3673 5279 3763 5330 ge-

2195 5340 2289 5376 nus
2313 5361 2398 5400 ....
2423 5327 2522 5377 Aut
2545 5330 2876 5394 proferendus
2897 5327 3137 5396 Olybrius
3158 5331 3358 5400 rit-ginis
3382 5327 3567 5384 nostra:
3592 5327 3760 5400 pater,

2192 5410 2336 5467 quem
2359 5397 2627 5467 immatura
2655 5408 2809 5448 morte
2830 5401 3142 5450 subtractum
3173 5397 3335 5449 Itonia
3365 5397 3666 5467 congemuit.
3703 5401 3761 5454 lit

2194 5459 2332 5539 notis
2362 5459 2552 5539 dicittir
2579 5466 2720 5539 hunc
2746 5467 3016 5535 Olybrium
3055 5469 3384 5539 t-onsula‘utn
3413 5459 3583 5539 egisse
3617 5487 3764 5525 anno

2194 5535 2329 5605 505;
2358 5536 2448 5589 sed
2481 5536 2758 5605 legendum
2801 5538 3023 5591 fortasse
3049 5539 3172 5592 595.
3206 5538 3260 5590 lu
3304 5535 3759 5594 l'..s:is'eunsulutn

2197 5601 2292 5657 hos
2321 5601 2873 5678 relierio'tlescriptos,
2898 5623 3004 5678 _qut
3051 5609 3117 5660 ad
3163 5609 3260 5678 has
3298 5608 3522 5663 familias
3554 5614 3766 5678 pos:int

2195 5677 2462 5742 pertinere
2505 5676 2696 5729 :Anno
2725 5675 2859 5740 522,
2898 5675 3175 5732 Petronius
3219 5677 3514 5732 Probianus
3543 5675 3596 5734 et
3625 5679 3763 5736 Aiti-

2196 5745 2308 5799 cius
2339 5744 2602 5801 Julianus.
2627 5748 2778 5803 Anno
2805 5746 2901 5802 3“
2947 5765 2959 5802 :
2987 5747 3244 5803 Probinus
3273 5758 3392 5805 eum
3423 5749 3762 5809 Marcellino-
