4052 6184
268 267 378 339 tos

1599 479 1774 533 iactet.

1599 480 1774 533 'aetet.

267 575 377 633 555
447 574 580 641 Quin
611 582 664 628 et
689 569 962 639 Olybriaci
989 568 1308 638 generisque
1338 576 1392 622 et
1416 480 1646 624 nomiitis
1673 569 1844 624 bteres

446 667 701 736 Adjectus
730 663 902 730 fastis,
937 661 1164 731 palmata
1198 661 1416 731 insignis
1443 662 1637 725 abolla,

1378 270 1578 326 LIBER
1619 269 1637 324 Ι
1673 269 1946 326 CONTRA
1986 270 2432 327 SYZthAClIL‘M.

443 387 606 461 746
631 385 933 442 Illustrasse
977 390 1135 455 caput
1177 400 1189 435 :
1229 382 1306 438 sic
1347 397 1404 438 se
1432 383 1599 438 Roma
1649 383 1846 454 inclyta
1877 397 1925 447 Α

3435 275 3528 332 166

2128 383 2286 456 747
2323 385 2570 457 Martyris
2598 394 2722 442 ante
2747 385 2888 443 fores
2921 385 3066 441 Bruti
3097 387 3414 443 submittere
3452 391 3529 444 fa-

3227 527 3234 532 .
3322 481 3463 552 [sees

2135 571 2333 636 Ambit,
2365 580 2419 628 et
2445 571 2732 628 Ausoniam
2757 571 2968 628 Christo
2998 574 3254 630 inclinare
3276 575 3527 633 securim.

2131 660 2245 716 Non
2275 661 2643 728 Paulinorum,
2674 678 2780 718 non
2809 663 3090 720 Bassorum
3121 663 3386 722 dubitavit

1593 800 1874 858 GLOSSE
1917 802 2249 859 VETEBEQ.

345 917 468 973 556.
497 916 690 976 Fastis.
721 915 891 983 libris,
915 913 1054 983 quod
1083 913 1203 981 fecit
1229 913 1380 967 libros
1409 913 1755 983 potestatibus.
1781 942 1852 955 —

275 989 531 1045 Palmata.
565 987 780 1048 victrici,
817 985 854 1038 Ι.

342 1059 472 1113 5⁵η.
500 1055 762 1125 Martyris,
806 1057 1170 1122 cuiuscunque.
1212 1084 1282 1094 —
1313 1052 1528 1120 Fasces,
1575 1053 1850 1124 dignitates

1957 932 2087 985 quas
2107 915 2281 968 habuit
2309 913 2500 968 Brutus
2527 916 2728 979 consul,
2762 914 2864 969 lso.

2028 984 2155 1040 558.
2184 986 2381 1048 Ambit,
2415 985 2686 1038 desiderat.
2722 1013 2789 1023 —
2815 986 3126 1052 Ans0niam,
3173 988 3428 1048 Italicam.
3458 1026 3528 1039 ~—

1959 1053 2193 1121 Cbristo,
2218 1066 2424 1126 propter
2453 1054 2726 1109 Christum.
2748 1081 2821 1094 ——
2849 1055 3112 1125 Securim,
3142 1071 3459 1134 potestatem,
3485 1068 3524 1122 Ι.

1628 1153 1642 1193 t
1671 1141 2186 1201 OMilENTARlUS.

275 1245 435 1296 Anno
473 1241 571 1295 37!
601 1257 613 1290 :
644 1239 835 1292 Sextus
893 1236 1112 1291 Anicius
1157 1235 1364 1289 Probus
1408 1249 1526 1289 cum
1571 1234 1843 1288 Gratiano.

275 1317 432 1366 Anno
459 1309 564 1365 579
589 1325 603 1362 :
631 1307 1084 1371 llermogenianus
1129 1305 1377 1375 Olybrius
1417 1321 1536 1359 cmn
1585 1306 1847 1358 Ausonio.

279 1385 428 1434 Anno
484 1380 628 1434 595:
657 1378 783 1432 Sex.
809 1377 1026 1430 Anicius
1069 1374 1318 1444 Olybrius
1361 1385 1415 1428 et
1458 1375 1583 1428 Sex.
1626 1374 1846 1428 Anicius

281 1453 554 1504 Probinus.
585 1450 740 1501 Anno
769 1447 870 1500 406
898 1446 1055 1500 :Sex.
1086 1445 1304 1500 Anicius
1337 1444 1617 1499 Petronius
1640 1444 1845 1497 Probus

278 1536 394 1573 cum
435 1519 683 1573 Arcadio.
727 1516 881 1570 Anno
910 1514 1015 1572 408
1052 1514 1309 1572 :Anicius
1339 1515 1531 1568 Bassus
1568 1527 1689 1566 cum
1722 1513 1844 1566 Phi-

281 1591 434 1643 liooo.
1317 1641 1320 1643 Α

506 1657 706 1712 Weitz.
743 1655 794 1708 in
827 1653 950 1708 Var.
993 1653 1140 1709 Lcct.
1167 1651 1241 1706 ait
1264 1641 1489 1706 numinis
1526 1651 1644 1704 Pal.
1672 1653 1834 1706 nomi-

281 1731 390 1792 nis;
417 1729 510 1782 sed
544 1728 596 1780 in
627 1734 875 1778 contextu
902 1723 1067 1778 edidit
1096 1723 1333 1786 nominis,
1374 1723 1509 1790 quod
1556 1723 1710 1777 unice
1747 1737 1833 1776 ve-

281 1816 391 1851 rum
431 1809 534 1852 εει.
586 1797 878 1849 Becmanns
923 1794 1129 1847 videtur
1162 1795 1352 1862 legisse
1383 1799 1432 1846 in
1475 1793 1649 1859 aliquo
1693 1793 1831 1858 vnlg.

280 1869 493 1919 numinis
518 1867 712 1928 narres;
743 1879 862 1917 nam
885 1864 1104 1929 corrigit
1127 1877 1191 1917 ex
1213 1878 1311 1915 suo
1333 1877 1432 1915 ms.
1462 1862 1700 1915 nominis.
1729 1863 1839 1916 Duo

283 1943 423 1990 luere
447 1935 718 1990 Prudentii
772 1943 1012 1999 tempore
1051 1932 1252 1999 Olybrii
1299 1932 1626 1986 celeberrimi
1661 1934 1840 1986 :alter

279 2005 524 2077 Olybrius
568 2004 847 2077 prmio-ctus
875 2002 1072 2077 Orbis,
1126 2001 1506 2077 \ialeniiniano
1534 2010 1588 2053 et
1620 2001 1840 2077 valente

282 2071 462 2129 iterum
487 2071 628 2129 coss.
647 2090 662 2136 ;
687 2073 821 2127 alter
841 2072 955 2142 ejus
978 2073 1117 2124 ﬁlius
1133 2071 1401 2142 Olybrius,
1421 2071 1511 2142 qui
1533 2085 1652 2142 cum
1675 2071 1837 2126 fratre

283 2145 508 2198 Probino
533 2140 880 2197 consulatum
893 2142 1079 2210 gessit.
1103 2142 1174 2194 De
1203 2141 1308 2193 ﬁlio
1337 2140 1581 2194 libentius
1608 2141 1841 2208 intelligo

281 2214 646 2278 Prudentium,
697 2212 785 2282 qui
833 2220 982 2282 certo
1028 2221 1108 2264 est
1155 2210 1413 2279 Olybriaci
1459 2211 1750 2282 generisque
1791 2220 1842 2264 rt

282 2299 482 2337 noutats
513 2287 695 2336 hccres.
717 2281 988 2347 Olybrius
1033 2291 1182 2347 pater
1209 2295 1426 2334 uxorem
1459 2281 1689 2332 duxerat
1713 2281 1842 2334 Pro-

284 2354 395 2406 bam
425 2354 587 2406 tiliam
619 2352 763 2407 Sexti
795 2349 1025 2420 Petronii
1059 2349 1237 2415 Probi,
1280 2351 1351 2404 de
1397 2350 1687 2420 quorpaulu
1717 2361 1842 2404 ante

281 2423 405 2476 dixi.
458 2422 536 2476 De
584 2421 666 2475 bis
691 2420 955 2474 nobilibus
985 2419 1238 2474 Romanis
1274 2419 1423 2488 plura
1464 2419 1619 2473 affert
1641 2419 1843 2474 Gothu-

281 2493 457 2546 fredns
481 2493 547 2545 ad
575 2491 692 2545 cod.
724 2490 930 2544 'l‘beod.

346 2562 470 2616 556.
500 2562 670 2624 Sicb.,
703 2559 927 2626 Widm.,
962 2558 1148 2627 Bong.,
1176 2557 1389 2623 Weitz.,
1427 2558 1570 2625 Bat.,
1594 2558 1748 2626 Mar.,
1780 2561 1842 2612 ab

281 2634 420 2696 aula,
456 2631 632 2699 Prag.,
663 2630 725 2683 ab
756 2630 882 2695 olla,
930 2629 1068 2699 quod
1101 2629 1316 2694 perinde
1345 2639 1449 2699 est,
1489 2644 1610 2680 nam
1641 2645 1708 2681 au
1731 2631 1781 2682 in
1813 2645 1842 2682 ο

280 2715 419 2769 same
445 2698 886 2756 commutabatur.
915 2698 1061 2764 Ald.,
1087 2699 1225 2769 Gis,,
1249 2698 1420 2752 abolla
1442 2699 1532 2769 :id
1562 2699 1844 2767 exscripsit

280 2767 551 2833 Heinsius.
578 2781 631 2825 et
660 2769 826 2824 secuti
857 2779 977 2823 sunt
1003 2767 1346 2832 recentiores,
1390 2768 1529 2822 nulla
1559 2778 1733 2821 tamen
1761 2771 1842 2822 itt-

280 2841 448 2894 dicata
488 2842 743 2894 varietate
788 2838 1090 2894 lectionum.
1144 2837 1301 2907 Atqui
1332 2837 1490 2891 lectio
1539 2837 1625 2890 illa
1675 2839 1840 2907 prima

281 2911 528 2965 sustineri
555 2919 750 2978 pessct.
779 2910 908 2961 Nam
937 2917 1110 2964 vestes
1139 2908 1412 2978 cousulum
1438 2907 1678 2977 palmata:
1699 2909 1844 2964 dice-

1955 1236 2180 1290 Dissert.
2212 1235 2508 1304 Compend.
2550 1237 2618 1290 de
2645 1237 2862 1304 antiqua
2905 1237 3062 1293 Urbis
3097 1241 3249 1306 facie,
3282 1254 3526 1302 eontem-

1951 1315 2074 1379 ptus
2096 1308 2222 1359 olim
2267 1316 2382 1361 erat
2412 1306 2707 1379 Quiritibus
2755 1307 3041 1362 Vaticanus
3087 1309 3156 1362 ob
3198 1315 3411 1379 gravius
3451 1319 3525 1374 ibi

1949 1377 2168 1454 coelum,
2193 1391 2357 1454 aquas
2386 1378 2586 1454 otiosas
2614 1385 3017 1454 egstagnantes,
3040 1377 3524 1454 halitu—simpuros,

1948 1445 2171 1500 fetorem
2201 1461 2231 1499 e
2258 1447 2628 1516 cadaveribus.
2659 1447 2998 1516 Prudentium
3030 1448 3321 1516 simplicius
3341 1445 3413 1507 ita
3439 1445 3522 1510 in;

1947 1516 2148 1583 telligo,
2202 1527 2256 1568 ut
2289 1515 2538 1584 Olybrius
2577 1517 2762 1569 consul
2795 1515 3048 1582 scipsum,
3101 1515 3358 1585 suamque
3385 1526 3519 1580 adeo

1943 1585 2255 1659 dignitatem
2277 1586 2488 1659 Qltristu
2511 1585 2834 1659 subiecerit;
2859 1599 2961 1638 non
2985 1589 3289 1659 repugnabo
3313 1599 3512 1659 tamen,

1942 1656 1987 1709 si
2011 1654 2149 1724 'quis
2192 1654 2352 1718 addat
2377 1655 2536 1708 ritum
2564 1657 2791 1724 aliquem
2817 1655 2924 1722 jam
2959 1654 3068 1710 tum
3099 1654 3364 1714 invectum
3389 1654 3516 1718 sub;

1942 1725 2181 1778 mittendi
2223 1725 2393 1778 fasces
2422 1735 2475 1778 et
2513 1725 2796 1778 in:.-.linandi
2844 1739 3108 1791 securem,
3158 1728 3284 1781 dum
3332 1737 3521 1790 consul

1941 1795 2268 1849 Christianus
2313 1796 2592 1850 ecclesiam
2642 1795 3005 1863 ingrederetur
3065 1813 3078 1847 :
3125 1799 3303 1864 qualia
3354 1816 3521 1858 vene-

1941 1866 2163 1988 lratiitnis
2190 1866 2340 1935 signa
2364 1865 2418 1919 in
2449 1865 2703 1921 militibus
2730 1864 2796 1918 ad
2825 1879 2976 1919 sacra
2999 1869 3263 1922 stantibus
3290 1884 3516 1929 cernere

1965 1950 2042 1988 tce
2073 1973 2086 1987 .
3331 1982 3346 1988 -

1965 1936 2086 1989 icet.
3331 1982 3346 1990 -

2013 2004 2136 2060 558.
2166 2004 2382 2058 Heinsio
2409 2003 2575 2072 magis
2607 2001 3021 2060 Prudentianum
3053 2006 3263 2061 videtur
3291 2025 3518 2066 securem

1942 2089 2100 2143 qttam
2130 2076 2366 2127 securim.

2013 2144 2139 2198 559.
2172 2143 2437 2219 Laudatur
2466 2141 2566 2196 hoc
2591 2143 2707 2219 loco
2737 2142 2794 2198 S.
2833 2142 3107 2219 Paulinus,
3137 2146 3373 2203 Nolanus
3399 2152 3516 2219 epi-

1943 2227 2155 2287 scopus,
2181 2214 2247 2287 dc
2269 2214 2418 2287 cujus
2446 2212 2792 2287 conversione
2813 2222 2864 2266 et
2879 2215 3076 2268 sanctis
3099 2219 3336 2272 tnoribus
3359 2212 3510 2287 plura

1944 2283 2279 2356 Ambrosius,
2308 2284 2651 2356 Augustinus,
2677 2283 3030 2356 llierouymus
3055 2296 3104 2338 et
3133 2287 3223 2340 alii
3252 2283 3512 2356 :nquales.

1945 2352 2104 2406 Gesta
2128 2361 2378 2406 enarunt
2407 2352 2719 2415 Sacclxious,
2747 2353 2818 2405 Le
2843 2355 3069 2407 Brnnius
3096 2365 3149 2410 et
3172 2352 3514 2416 Mnraturius.

1948 2423 1986 2475 Ε
2016 2424 2337 2493 nobilissima
2369 2422 2470 2476 fam
2497 2423 2562 2476 lia
2583 2422 2818 2475 Romana
2848 2425 2898 2476 in
2922 2424 3202 2493 Aquitania
3229 2441 3378 2483 ortus
3402 2441 3518 2486 est:

1947 2492 2530 2570 maximi-5.pangi-ibus,
2573 2493 2733 2570 etiam
2761 2492 3282 2570 eotgnlatuauctns,
3331 2500 3519 2570 Hispa-

1947 2563 2086 2638 niam
2117 2561 2266 2626 adiit,
2294 2562 2381 2614 ubi
2415 2577 2632 2638 uxoietn
2661 2562 2814 2638 duxit
2842 2563 3172 2638 Therasiam,
3201 2561 3512 2638 ut’videt'ur,

1948 2630 2253 2706 lilis‘panttm,
2298 2645 2358 2706 es
2393 2630 2787 2706 qua_Complut_i
2820 2633 3052 2696 suscepit
3098 2635 3284 2706 filium,
3336 2630 3516 2706 ibique

1947 2699 2250 2775 defurtqttttt
2277 2699 2801 2775 adsepnlcrnin
2836 2711 3128 2775 martyrum
3172 2705 3307 2758 Justi
3340 2717 3393 2760 et
3421 2699 3516 2761 Pa-

1946 2771 2104 2823 storis
2139 2769 2408 2838 sepelit-it.
2460 2773 2506 2822 A
2557 2769 2812 2836 Delphino
2869 2769 3229 2834 Bnrdigalcnsi
3277 2778 3516 2832 antistite

1947 2839 2239 2912 baptizatus
2269 2851 2371 2904 εει,
2403 2853 2432 2891 a
2457 2839 2677 2912 Lampio
2698 2841 2948 2912 episcopo
2971 2841 3344 2898 Barcinonensi
3367 2862 3516 2912 pres-

1947 2908 2102 2980 byter
2129 2909 2426 2969 ordinatus,
2456 2910 2506 2962 in
2537 2910 2902 2980 sacerdo:ium,
2949 2920 3006 2963 ttt
3038 2913 3147 2976 ipse
3176 2914 3283 2977 ait,
3317 2908 3518 2970 tantum

283 2982 489 3062 bantur2
522 2977 650 3062 quin
690 2979 830 3062 aliud
871 2978 1174 3062 adderetur.
1206 2977 1598 3062 Cassiodorius,
1638 2978 1733 3034 lib.
1769 2994 1839 3044 Vl,
1872 2998 1919 3062 ο
1951 2977 2184 3062 Domini,
2210 2996 2311 3062 non
2338 2981 2566 3062 etiamin
2601 2978 2769 3032 locum
2797 2980 3018 3061 ecrleairc
3055 2981 3334 3062 dedicatus.
3377 2985 3517 3039 Con-

281 3051 433 3114 epist.
468 3053 489 3104 1
524 3047 675 3104 {Nos
712 3050 947 3102 habemus
978 3048 1170 3102 labores
1193 3047 1478 3109 consulum,
1519 3056 1564 3100 et
1596 3063 1683 3103 vos
1711 3066 1843 3118 gau-

284 3120 365 3190 dia
391 3121 700 3190 dignitatum
731 3134 749 3170 :
779 3121 1014 3188 palmata:
1033 3119 1280 3190 siquidem
1313 3130 1485 3190 restria
1515 3129 1700 3171 nostra:
1725 3136 1847 3187 pro-

283 3188 466 3243 bantur
489 3207 595 3242 esse
628 3190 846 3243 viciario:
877 3227 890 3240 .
911 3227 925 3242 .
944 3228 958 3241 .
980 3228 994 3243 .
1035 3188 1198 3257 Pinge
1236 3199 1398 3241 vastos
1435 3189 1670 3241 humeros
1708 3192 1846 3242 vario

283 3264 448 3314 colore
467 3260 726 3328 palmattc.
757 3258 1004 3328 Olybrius
1036 3260 1193 3324 igitur
1220 3259 1461 3324 adjectus
1486 3258 1634 3312 fastis
1662 3274 1848 3312 consu-

285 3333 412 3394 lum,
455 3327 682 3398 palmata
725 3327 965 3398 insignis,
997 3329 1231 3382 ambibat
1259 3328 1326 3380 ab
1367 3330 1488 3382 aula
1535 3329 1848 3384 submittere

287 3401 458 3454 fasces
482 3401 788 3454 consulares
807 3409 930 3452 ante
961 3398 1103 3452 fores
1136 3398 1404 3468 martyris,
1445 3409 1500 3450 ut
1530 3409 1676 3466 pulo,
1705 3403 1848 3466 prin-

283 3471 414 3534 cipis
444 3469 824 3537 apostolorum.
855 3468 926 3522 lta
955 3471 1114 3522 etiam
1139 3464 1426 3532 Grangatus
1464 3464 1734 3536 martyrem
1764 3471 1844 3522 in-

286 3547 624 3609 terpretatur.
643 3538 912 3592 Fabricius
926 3537 1096 3590 abolla
1113 3538 1164 3590 in
1183 3537 1376 3592 Aldino
1394 3538 1680 3606 exemplari
1706 3550 1848 3592 recte

287 3610 384 3678 legi
410 3611 747 3678 comprobat,
768 3609 887 3676 quia
914 3609 1088 3662 abolla
1105 3610 1268 3678 vestis
1296 3618 1625 3678 senatorum,
1650 3615 1706 3660 ut
1728 3619 1848 3675 luga

285 3677 547 3748 equitum,
574 3680 668 3733 fuit
693 3695 706 3730 :
736 3686 790 3731 et
815 3688 1037 3748 utraque
1077 3677 1301 3748 palmata
1330 3677 1623 3730 dicebatur.
1661 3678 1848 3732 Abolla

287 3749 666 3816 imperatorum
692 3748 914 3817 fortasse
941 3747 1082 3802 dicta
1109 3747 1203 3800 fuit
1227 3748 1452 3817 palmata
1475 3763 1501 3799 a
1531 3747 1720 3815 palma,
1756 3763 1848 3802 seu

286 3819 527 3872 victoria.
568 3816 754 3871 Aholla
793 3819 1071 3871 consulunt
1107 3825 1162 3871 et
1197 3816 1314 3885 toga
1355 3819 1593 3885 equitnm
1622 3817 1851 3882 palmata

283 3887 491 3942 videtur
519 3888 659 3941 dicta
685 3903 713 3940 a
740 3888 1012 3942 latitudine
1029 3888 1190 3950 clavi,
1221 3887 1321 3941 boc
1351 3898 1432 3941 est
1461 3903 1489 3940 a
1515 3889 1702 3954 palmo.
1725 3885 1852 3940 Pal-

284 3971 433 4010 mam:
473 3973 667 4012 nomen
708 3958 773 4011 ad
826 3957 1242 4012 ecclesiasticam
1287 3967 1491 4010 vestem
1537 3960 1848 4012 translatum

285 4037 434 4081 notat
459 4029 673 4082 Teolius
706 4042 824 4081 cum
854 4027 1075 4096 l-lugonc
1104 4027 1357 4080 Menardo
1392 4043 1404 4080 :
1439 4041 1557 4079 nam
1587 4027 1638 4078 in
1670 4027 1846 4092 Missa,

281 4099 348 4149 ab
379 4099 587 4167 lllyrico
601 4098 763 4162 edita,
794 4099 850 4150 lit
878 4097 1080 4150 mentio
1106 4099 1267 4167 vestis
1288 4112 1404 4167 qua:
1429 4097 1699 4163 palmatica
1725 4099 1851 4150 dici-

282 4177 386 4229 tur,
419 4165 474 4222 et
504 4169 554 4220 in
587 4169 743 4235 epist.
778 4169 866 4233 bii,
900 4167 994 4220 lib.
1021 4182 1072 4229 ι.
1095 4171 1153 4222 ὃ.
1179 4165 1418 4234 Gregorii
1448 4167 1616 4235 Magni
1650 4183 1851 4220 memo-

284 4248 468 4291 rantur
511 4247 688 4291 vestes
725 4239 1070 4304 palmaziunaz.
1123 4237 1252 4290 illud
1296 4237 1489 4290 vellem
1538 4236 1850 4292 clarioribus

283 4308 596 4360 testimoniis
618 4322 647 4357 a
664 4306 847 4360 Teulio
867 4308 1258 4371 eonlirntatutn,
1273 4307 1410 4373 quod
1427 4305 1711 4360 Christiani
1732 4310 1847 4374 ejus

1951 3051 2126 3103 versio
2151 3050 2350 3104 Paulini
2377 3049 2662 3103 ascribitnr
2686 3064 2829 3103 anno
2853 3051 3066 3104 circiter
3086 3053 3210 3107 580.
3235 3055 3314 3107 An
3339 3065 3514 3109 autem

1951 3118 2166 3182 Bassus,
2197 3122 2348 3187 cujus
2374 3121 2573 3172 mentio
2603 3119 2686 3174 hic
2714 3121 2975 3186 occurrit,
3007 3122 3076 3174 sit
3102 3120 3288 3176 Junius
3320 3125 3518 3180 Bassus

1948 3191 2036 3258 qui
2067 3189 2524 3262 pracfectusiUrbis
2553 3203 2617 3262 ac
2647 3190 3198 3262 neopbytusdecessit
3222 3209 3364 3246 anno
3385 3193 3510 3262 558,

1950 3270 2006 3312 ut
2031 3269 2238 3314 constat
2263 3277 2329 3314 ex
2357 3259 2701 3326 inscriptione
2737 3259 2875 3328 apud
2905 3260 3246 3315 Sirmondnm
3292 3265 3342 3316 in
3371 3259 3515 3321 notis

1948 3330 2014 3382 ad
2059 3331 2378 3401 Ennodinm,
2423 3329 2649 3401 dubitari
2699 3339 2890 3401 potest.
2941 3331 3182 3401 Plerique
3227 3333 3517 3401 alfirmant,

1949 3400 2140 3468 quibus
2185 3400 2420 3453 adhaeret
2451 3399 2720 3471 Philippus
2750 3399 3064 3471 Laurentius
3099 3399 3376 3471 Dionysius
3412 3399 3516 3455 Va;

1952 3474 2040 3523 tic.
2077 3471 2278 3524 basilic.
2304 3472 2630 3538 Monuinent.
2656 3470 2762 3523 tab.
2795 3485 2973 3522 LXXXl.
3003 3470 3104 3524 8.τά
3131 3470 3252 3524 cum
3280 3472 3518 3527 Pruden-

1952 3539 2055 3591 tius
2083 3541 2325 3592 videatur
2353 3547 2676 3610 eosrtantum
2707 3553 2985 3610 recensere
3011 3553 3255 3610 proceres
3300 3545 3387 3610 qui
3418 3546 3518 3597 sub

1950 3610 2251 3663 Theodosio
2272 3609 2466 3662 Christi
2500 3607 2655 3662 fidem
2687 3609 2916 3674 amplexi
2949 3619 3092 3672 sunt,
3125 3609 3287 3664 altum
3320 3607 3518 3667 intelli-

1949 3693 2036 3748 go.
2067 3678 2146 3732 Ad
2180 3679 2316 3748 hanc
2348 3679 2627 3748 Bassorum
2657 3678 2905 3748 familiam
2938 3679 3202 3748 pertinere
3234 3691 3361 3748 puto
3393 3683 3520 3738 Bas-

1949 3747 2138 3820 sulam,
2171 3747 2310 3816 piam
2337 3747 2609 3820 feminam,
2638 3748 2821 3820 βρῖθτί
2844 3747 3083 3820 Sulpicii
3104 3747 3340 3818 socrum,
3367 3753 3520 3820 cujus

1951 3818 2152 3872 mentio
2174 3815 2353 3872 exstat
2383 3819 2434 3870 itt
2462 3815 2698 3884 epistolis
2728 3817 2932 3871 Paulini
2955 3815 3033 3874 iet
3063 3819 3268 3873 Severi.
3301 3815 3521 3875 Anicius

1952 3888 2145 3941 Bassus
2174 3887 2504 3942 consulatum
2528 3888 2636 3954 egit
2663 3902 2802 3939 anno
2827 3887 2951 3950 408,
2977 3898 3032 3940 ut
3059 3888 3213 3955 paulo
3232 3903 3358 3943 ante
3379 3891 3517 3944 duxi.

1951 3956 2197 4013 Nonnulli
2226 3956 2663 4026 negant-Bassum
2706 3956 2916 4010 familia:
2946 3972 3136 4011 nomen
3155 3971 3296 4010 esse.
3325 3958 3521 4012 Parum

1952 4029 2005 4082 id
2038 4039 2216 4082 neStra
2248 4031 2488 4093 interest,
2519 4040 2690 4094 neque
2718 4027 2838 4094 ipsi,
2865 4026 3005 4096 quod
3036 4027 3239 4088 volunt,
3274 4028 3518 4092 probant.

1952 4097 2103 4152 Tom.
2131 4100 2147 4152 Ι
2178 4099 2340 4152 Musei
2371 4096 2812 4152 Pio-Clementini
2841 4095 3011 4151 cxistat
3048 4095 3323 4164 inscriptio
3347 4108 3516 4164 vetus,

1953 4169 2176 4237 repetita
2219 4176 2288 4222 ex
2311 4169 2620 4237 przefatiooe
2664 4166 2734 4219 cl.
2761 4165 2918 4237 il’etri
2959 4165 3222 4237 Francisci
3275 4165 3519 4236 Fogginii

1952 4235 2026 4290 ad
2049 4239 2236 4292 Fastus
2264 4235 2530 4292 Bumanos
2555 4235 2726 4290 Verrii
2757 4236 2951 4301 Flacci,
2990 4251 3109 4304 qua:
3130 4235 3197 4288 ‘ad
3230 4235 3375 4290 hune
3394 4241 3521 4291 Ani-

1953 4308 2091 4362 cium
2124 4309 2340 4364 Bassum
2369 4315 2593 4379 spectat,
2643 4307 2880 4376 adeoque
2928 4307 3028 4360 hoc
3071 4307 3188 4359 loco
3230 4309 3522 4363 omittenda

280 4356 537 4446 téinporis
553 4356 848 4430 "signa;
872 4356 1847 4444 'pisuu;.;‘e1*uasi'tuaatéaai
1875 4356 1926 4416 Ι)
1951 4356 2340 4434 uiuifm
2369 4356 2518 4415 ⁷⁷⁷⁷⁷-

279 4445 483 4515 adepti,
517 4447 581 4500 ad
613 4447 757 4500 sedes
783 4447 1142 4512 aposmloruln
1171 4460 1451 4500 accurrere
1475 4448 1736 4511 solebant,
1785 4463 1847 4502 ac

280 4519 600 4584 pauperibus
640 4517 918 4584 pecuniam
962 4532 1026 4568 ac
1055 4527 1231 4570 vestes
1278 4516 1478 4583 largiri.
1526 4517 1675 4580 Quod
1705 4520 1846 4571 enim

279 4593 356 4643 (ut
389 4596 542 4656 putat
569 4586 808 4654 Teolius)
837 4599 865 4638 a
891 4586 1176 4654 gentilibus
1201 4587 1251 4656 id?
1284 4594 1610 4652 postremum
1645 4586 1850 4640 factita-

281 4655 399 4710 tum
419 4660 572 4712 docet
600 4657 913 4709 Ammianus
936 4656 1027 4708 lib.
1060 4671 1198 4708 xxvn
1224 4655 1290 4708 tle
1317 4657 1660 4724 Symmacho,
1693 4657 1848 4724 hujus

277 4744 434 4794 quem
467 4725 785 4781 Prudentius
821 4726 1092 4794 impugnat
1123 4736 1304 4793 patre,
1337 4727 1538 4778 scilicet
1559 4743 1571 4776 :
1596 4725 1795 4779 Accitos
1823 4743 1850 4780 c

289 4795 532 4850 Vaticano
574 4797 829 4866 quosdam
860 4806 1057 4866 egentes
1104 4795 1282 4862 opibus
1327 4796 1576 4866 ditaverat
1620 4796 1850 4865 magnis;

279 4882 381 4920 non
412 4869 578 4934 liquet
623 4867 674 4919 id
721 4865 1086 4932 accipiendum
1131 4868 1197 4918 de
1236 4865 1439 4917 aedibus
1484 4867 1842 4932 apostolorum

277 4947 366 4989 aut
389 4936 461 4990 de
485 4935 804 5005 pauperibus
830 4934 1166 5005 Christianis.
1201 4936 1527 5005 Ammianus
1546 4937 1612 4986 ita
1661 4933 1845 5003 refert,

277 5021 382 5059 non
414 5002 496 5062 de
511 5002 860 5076 Symmacho,
893 5005 984 5076 sed
1015 5004 1081 5076 de
1108 5003 1395 5072 Lampadio
1420 5022 1453 5076 γε
1483 5002 1580 5076 llic
1603 5020 1717 5076 cum
1739 5002 1848 5056 ina-'-

275 5076 488 5143 gniﬁcos
523 5074 714 5147 praeter
749 5074 912 5147 ederet
959 5074 1132 5147 ludos,
1174 5083 1219 5126 et
1261 5075 1507 5147 uberrime
1553 5074 1848 5147 largiretur,

277 5142 436 5207 plebis
466 5142 701 5214 nequiens
732 5143 945 5214 tolerare
971 5145 1262 5214 tumultum,
1305 5143 1526 5214 indignis
1554 5142 1723 5214 multa
1757 5145 1850 5196 do-

275 5217 388 5266 nari
406 5212 545 5285 saepe
559 5215 804 5284 urgentis,
825 5225 877 5266 ut
897 5212 1242 5285 ιὲἔψνιιιρῖηξ-ιςεἶ
1261 5224 1306 5266 ct
1323 5212 1661 5285 multitudinis
1678 5224 1849 5264 osten-

275 5287 412 5337 deret
442 5280 850 5354 contem'ptorent,
868 5284 1053 5354 accitos
1074 5299 1105 5334 a
1130 5280 1376 5354 Vaticano
1393 5283 1631 5354 quosdam
1653 5293 1849 5349 egentes

274 5357 454 5422 opibus
474 5351 719 5408 ditaverat
745 5353 961 5421 magnis.
997 5351 1258 5416 Valesius,
1286 5356 1371 5420 qui
1399 5353 1464 5405 ad
1499 5355 1641 5422 hunc
1673 5354 1848 5422 locum

272 5421 578 5490 opinionem
608 5422 777 5478 'l‘eolii
809 5431 1162 5490 expresserat,
1217 5424 1460 5489 qumdattt
1509 5421 1561 5474 in
1604 5421 1845 5490 canitiem

273 5489 594 5548 sententiam
621 5489 902 5560 expromit,
931 5491 1027 5545 sed
1056 5490 1230 5545 verbis
1259 5490 1526 5545 Prudentii
1572 5489 1850 5544 obscurio-

274 5579 350 5632 ta.
380 5567 692 5617 Ammianus
720 5561 965 5630 intelligit
989 5575 1246 5628 pauperes
1270 5563 1357 5632 qui
1390 5562 1442 5615 in
1465 5560 1730 5632 Vaticano
1753 5560 1845 5632 ha-

271 5631 533 5690 bitabant.
575 5633 642 5688 Ut
671 5632 814 5688 enim
854 5629 1041 5700 probat
1069 5633 1230 5684 Olaus
1272 5629 1578 5686 Borrichius
1624 5645 1744 5700 cap.
1777 5630 1844 5685 16

2443 4535 2663 4590 ANICIO
2700 4533 3047 4589 AVCIIENIO

2383 4608 2594 4660 BASSO
2637 4605 2738 4658 VC.
2786 4604 3092 4659 PBOCONS

2323 4677 2520 4732 CAMP.
2577 4675 2937 4729 PBOVISOKI
2997 4676 3147 4730 EIVS

2360 4749 2492 4800 BE.“
2542 4745 2898 4800 l’ltOVlNClA
2911 4745 2949 4798 E
2993 4744 3031 4798 li
3043 4747 3122 4800 ES

2418 4816 2737 4872 TITV'I‘OBI
2781 4814 3076 4869 GENEBIS

2547 4885 2922 4940 ANICIOBVM

2548 4957 2636 5009 OB
2671 4955 2927 5009 MEBITA

2469 5027 2620 5079 EIVS
2655 5025 3018 5079 lNLVSTRIA

2269 5095 2452 5151 OBDO
2494 5095 2939 5161 PVPVLVSQVE
2979 5093 3203 5147 ClVITA

2416 5167 2519 5221 TIS
2558 5166 2778 5219 l’BAltN
2790 5165 3026 5218 ESTINA
3038 5165 3077 5218 E

2551 5236 2701 5291 PON.
2745 5234 2916 5288 (Λὶδὸ

1953 5421 2180 5486 Reperla
2228 5419 2326 5472 fuit
2365 5419 2479 5474 haec
2525 5412 3099 5486 inscriptirLPrzeneste
3137 5422 3278 5486 anno
3319 5407 3528 5466 circiter

1955 5479 2113 5549 Hi9.
2165 5505 2227 5543 cx
2261 5505 2430 5557 eaque
2464 5488 2636 5555 colligi
2680 5479 2754 5557 ait
2782 5479 3068 5557 Fogginius
3096 5494 3190 5557 cur
3217 5479 3409 5533 Bassus
3427 5497 3530 5557 ap-

1954 5559 2177 5631 pellatus
2202 5549 2356 5614 fuerii
2389 5557 2558 5612 Anicii
2589 5549 2804 5610 nomine
2838 5567 2850 5604 :
2891 5549 3032 5619 quod
3065 5550 3256 5606 vellem
3285 5551 3529 5607 enuclea-

1957 5633 2060 5687 tius
2088 5631 2450 5698 explicuisset.
