4052 6184
197 367 200 370 ,
261 306 346 361 173
1086 306 1285 362 LIBER
1322 307 1361 361 Il
1402 306 1677 363 CONTRA
1715 306 2241 364 SYMMACIILM.—
2271 307 2652 363 PREFATD.

423 420 508 486 Et,
521 433 867 489 quascunque
881 419 1054 474 solent
1068 418 1322 489 Capitolia
1339 419 1608 488 claudere,
1624 421 1813 473 larvas.
1848 431 1895 483 Α

422 511 465 564 0
492 512 726 576 linguam
759 511 894 564 miro
917 511 1200 565 verborum
1233 512 1376 566 fonte
1404 512 1675 574 liuentem,

429 601 587 672 755
613 601 837 655 Romani
866 603 1028 656 decus
1055 602 1272 668 eloquii,
1301 602 1385 656 cui
1413 602 1564 656 cedat
1591 611 1647 655 et
1677 601 1788 669 ipse

264 692 354 748 635
425 691 650 757 'l‘ulltus,
681 693 776 745 bas
805 692 978 746 l‘undit
1004 693 1152 747 dives
1179 692 1426 746 facundia
1455 707 1692 761 gemmas
1717 694 1729 744 !

424 783 495 837 Os
524 784 765 852 dignum,
794 775 996 838 aeterno
1025 785 1248 838 tinctum
1278 783 1418 852 quod
1445 781 1644 849 fulgeat
1671 796 1821 846 auro,

427 875 479 929 Si
512 877 696 928 mallet
727 875 944 928 laudare
975 876 1138 929 Deum
1165 892 1176 926 :
1207 876 1290 928 cui
1320 874 1534 928 sordida
1559 883 1805 927 monstra

431 962 687 1027 Praetulit,
712 975 765 1018 et
792 965 1044 1032 liquidam
1071 964 1348 1018 temeravit
1371 963 1598 1018 crimine
1624 977 1828 1016 vocem.

436 1054 580 1106 llaud
609 1055 783 1118 aliter,
807 1068 966 1122 quam
999 1053 1043 1106 si
1073 1053 1262 1106 rastris
1284 1053 1400 1121 quis
1425 1061 1592 1107 tentet
1614 1052 1831 1106 eburnis

433 1141 714 1196 Cmnosum
745 1157 964 1197 versare
992 1123 1194 1208 solum,
1225 1143 1460 1211 limoque
1492 1143 1768 1196 madentes

445 1232 704 1287 Excolere
731 1233 964 1287 aureolis
996 1233 1042 1286 si
1072 1233 1209 1288 forte
1236 1233 1503 1302 ligonibus
1531 1233 1702 1297 ulvas,

438 1323 784 1390 Splendurem
813 1323 990 1377 dentis
1021 1324 1174 1377 nitidi
1201 1325 1406 1378 scrobis
1436 1325 1674 1393 inquinat
1696 1333 1832 1387 atra,

435 1413 496 1466 Et
523 1416 750 1482 pretiosa
780 1414 920 1469 acies
950 1415 1215 1483 squalenti
1245 1415 1425 1470 sordet
1455 1417 1509 1471 in
1539 1429 1691 1469 arvo.
1842 1471 1846 1474 .

436 1505 550 1558 Non
575 1521 784 1571 vereor,
810 1523 878 1562 ne
904 1523 989 1562 me
1016 1507 1237 1564 nimium
1264 1509 1532 1564 conlidere
1555 1509 1832 1578 quisquam

273 1597 362 1653 645
431 1598 652 1666 Arguat,
683 1597 994 1668 ingeniique
1021 1606 1174 1667 putet
1201 1598 1468 1654 luctamen
1500 1600 1654 1655 inire.

267 1141 362 1196 6-50

3393 316 3490 370 ιη

2100 423 2228 477 Sum
2256 439 2460 477 memor
2483 424 2592 490 ipse
2613 425 2738 489 mei,
2763 424 2893 479 satis
2914 434 2966 479 et
2990 439 3107 480 mea
3131 424 3317 482 frivola
3339 432 3490 485 novi:

2102 512 2264 582 756
2288 512 2404 566 Non
2433 513 2602 566 ausim
2632 513 2876 568 conferre
2905 515 3126 584 pedem.
3169 531 3266 572 nec
3295 520 3494 586 spicula

3244 607 3426 678 [tante

2108 691 2356 745 Indocilis
2385 691 2526 746 fandi
2556 693 2794 761 c0njecta
2831 695 3095 752 lacessere
3124 698 3333 766 linguae.

2107 783 2311 836 Illa-sus
2338 793 2545 836 maneat
2575 783 2727 848 liber,
2761 785 3131 854 excellensque
3161 789 3406 842 volumen

2110 872 2356 926 Obtincat
2385 881 2588 940 partam
2617 873 2826 926 dicendi
2853 874 3076 929 fulmine
3101 877 3294 931 famam
3320 893 3335 930 :

2109 963 2212 1016 Sed
2245 961 2401 1016 liceat
2429 970 2624 1016 tectum
2652 976 2869 1018 servare
2897 980 2926 1018 a
2956 965 3177 1020 vulnere
3208 976 3409 1035 pectus,

2110 1053 2471 1120 oppositaque
2501 1051 2682 1104 volans
2708 1053 2938 1120 jaculum
2967 1054 3233 1122 depellere
3263 1071 3464 1125 parma.

2110 1131 2242 1195 Nam
2272 1144 2314 1194 si
2350 1151 2527 1195 nostra
2554 1139 2705 1206 lides,
2735 1142 2894 1196 saeclo
2920 1142 3028 1211 jam
3061 1153 3172 1198 tuta
3198 1147 3397 1215 quieto,

2115 1233 2328 1286 Viribus
2360 1231 2587 1295 infestis,
2619 1232 2901 1302 hostilique
2933 1243 3048 1289 arte
3077 1237 3243 1304 petita
3275 1246 3394 1291 est:

2112 1325 2220 1378 Cur
2249 1324 2377 1378 mibi
2408 1323 2485 1378 fas
2515 1341 2617 1378 non
2647 1325 2736 1389 sit,
2767 1325 2944 1380 lateris
2971 1327 3268 1382 sinuamine
3293 1328 3415 1384 llexi

2111 1413 2318 1468 Ludere
2343 1422 2590 1468 ventosas
2615 1413 2759 1480 jactu
2788 1424 3038 1480 pereunte
3063 1417 3320 1485 sagittas?

2116 1504 2221 1560 Sed
2250 1505 2357 1573 jam
2390 1513 2597 1574 tempus
2626 1504 2724 1556 iter
2754 1504 2894 1570 longi
2922 1505 3172 1562 cohibere
3204 1507 3387 1576 libelli,

2114 1595 2190 1647 Ne
2221 1602 2442 1648 tractum
2472 1593 2589 1648 sine
2620 1592 2724 1647 line
2755 1593 2887 1646 lerat
2915 1594 3118 1650 fastidia
3149 1611 3385 1661 carmen.

1934 873 2039 928 650

1939 1328 2042 1382 655

1555 1730 1841 1788 ϐιοεδεΕ
1886 1729 2220 1786 VETERES.

333 1848 451 1902 658.
486 1846 785 1916 Liquidam,
819 1848 1054 1912 nitidam,
1083 1850 1369 1916 pulchram,
1397 1849 1502 1903 lso.

335 1918 453 2040 653'.
488 1917 728 1972 Pretiosa
752 1919 891 1973 acies
911 1960 925 1984 ,
956 1920 1193 1989 splendor
1219 1922 1355 1974 auri.
1380 1951 1447 1962 —
1475 1919 1631 1975 Acies
1649 1960 1664 1984 ,
1705 1936 1832 1973 acu-

335 2004 391 2040 tu.
453 2025 467 2039 .
1285 2028 1298 2040 .

275 2004 391 2052 men,
428 2004 467 2040 ι.

334 2057 455 2111 646.
490 2057 722 2125 Frivola,
749 2058 989 2126 ineptias,
1024 2058 1126 2113 lso.

1872 1854 1916 1912 Β
2017 1851 2140 1904 648.
2175 1847 2436 1910 Indocilis,
2462 1863 2574 1917 eqo.
2599 1878 2666 1886 —
2696 1846 3005 1914 Lacessere,
3040 1866 3327 1918 provocare,
3361 1853 3403 1905 1.

2015 1921 2138 1975 649.
2171 1919 2348 1983 Liber,
2380 1918 2695 1986 Symmachi,
2724 1919 2761 1971 I.

2013 1991 2135 2044 630.
2169 1989 2399 2056 Partam,
2419 1996 2752 2057 paralam.—
2769 1987 3028 2051 Fulmme,
3043 2007 3158 2044 cum
3174 1992 3384 2057 tonitru,
3401 1992 3502 2048 Iso.

1601 2142 2160 2204 COMMENTARIUS.

278 2260 336 2314 ait
365 2257 605 2313 Gil'anizxs
645 2257 698 2310 in
727 2257 791 2321 Α,
821 2259 941 2325 quia
989 2258 1194 2312 scilicet
1220 2275 1251 2310 a
1277 2273 1305 2312 a
1342 2259 1612 2314 veteribus
1651 2269 1836 2316 contra

277 2331 486 2398 vulgatos
528 2328 880 2399 grammatices
910 2344 1126 2399 canones
1173 2343 1308 2392 stepe
1353 2329 1691 2399 producitur;
1742 2331 1836 2385 sed

280 2399 437 2466 potius
483 2400 555 2451 ob
600 2398 901 2450 encliticam
927 2413 1058 2461 que:
1092 2398 1216 2452 facit
1239 2398 1380 2453 enim
1413 2400 1524 2453 haec
1553 2399 1716 2454 dictio
1743 2415 1840 2453 en-

277 2470 459 2530 clitica,
486 2477 539 2539 ut
569 2475 820 2539 accentus
847 2466 900 2519 in
930 2485 962 2539 a
986 2469 1300 2539 collocetur.
1329 2468 1463 2522 Vide
1491 2469 1718 2539 proleg.,
1745 2469 1835 2523 ubi

278 2537 524 2606 ejusmodi
556 2537 792 2604 regulam
824 2538 1198 2605 explicuimus.

339 2608 456 2670 6,36.
493 2607 602 2660 Nisi
631 2621 794 2668 onera
825 2605 1130 2675 Symmachi
1178 2606 1243 2660 ad
1294 2621 1391 2660 nos
1437 2606 1833 2674 pervenissent,

277 2692 334 2732 es
372 2677 618 2731 laudibus
652 2690 783 2742 quas
816 2676 1151 2739 Prudentius,
1183 2677 1514 2739 Ambrosius,
1543 2679 1834 2740 Ausonius,

281 2749 496 2814 Prosper
523 2745 893 2814 Aquitanicus.
939 2745 1233 2800 Macrobius
1283 2746 1478 2815 aliique
1527 2755 1736 2801 veteres
1785 2747 1841 2800 in

278 2831 385 2872 eum
409 2818 785 2886 contulerunt,
817 2815 993 2868 divina
1023 2817 1249 2886 quadam
1283 2816 1582 2884 eloquentia
1611 2816 1842 2886 viguisse

279 2889 571 2945 hominem,
613 2884 952 2953 iudicandum
992 2894 1155 2939 esset.
1206 2885 1358 2938 Nunc
1401 2884 1840 2952 quoniam'aliud

281 2957 473 3037 dicendi
499 2970 666 3020 genus
693 2958 884 3024 p'acet,
907 2956 1022 3022 ejus
1044 2955 1283 3025 epistolae
1306 2963 1508 3010 tantum
1534 2971 1640 3012 non
1665 2956 1844 3026 despi-

279 3036 500 3080 Clllnllll“.

339 3097 456 3150 638.
495 3095 680 3163 Prag.,
706 3092 934 3164 liquido;
965 3093 1154 3148 melius
1183 3094 1446 3164 liquidam.

343 3165 465 3219 659.
510 3164 624 3216 Vat.
657 3165 729 3225 Δ,
761 3163 1039 3228 mendose,
1072 3173 1126 3216 ut
1150 3164 1317 3218 aliter.
1370 3165 1517 3230 Ald.,
1555 3181 1708 3234 quam
1732 3181 1846 3219 cum

280 3236 448 3289 rastris
472 3234 587 3300 quis
611 3241 786 3286 tentat.
816 3233 890 3303 Ita
917 3235 1075 3292 etiam
1106 3245 1332 3303 quatuor
1359 3233 1677 3290 vetustiOres
1705 3237 1844 3303 apud

285 3305 570 3369 lleinsium,
603 3304 782 3364 Alex.,
815 3302 953 3374 Urb.
979 3302 1192 3358 llt'inSio
1222 3306 1388 3374 magis
1425 3306 1597 3374 placet
1623 3302 1775 3373 quam
1803 3306 1847 3358 si

286 3377 452 3428 rastris
480 3375 596 3443 quis
626 3380 804 3443 tentet.
854 3373 957 3427 Sed
986 3375 1076 3426 lib.
1108 3389 1121 3426 l
1154 3373 1380 3427 Advers.
1412 3373 1590 3442 posth.
1619 3374 1848 3441 conjecit

280 3445 448 3498 rastris
479 3442 575 3513 pro
602 3442 807 3513 rastris,
853 3445 972 3507 quia
1005 3453 1227 3495 rastrum
1263 3452 1350 3496 est
1385 3445 1592 3510 species
1615 3443 1842 3513 ligonis.

281 3515 341 3567 At
369 3512 495 3568 vero
528 3523 696 3566 rastra
728 3512 867 3564 inter
898 3513 1248 3566 instrumenta
1291 3515 1485 3567 rustica
1533 3513 1599 3568 ab
1643 3512 1846 3566 Isidoro

279 3582 362 3637 lib.
391 3600 480 3651 xx,
523 3597 644 3648 eap.
675 3580 785 3651 Ib,
815 3582 1299 3646 recensentur,_ita
1350 3583 1512 3647 dicta,
1563 3591 1621 3636 ut
1663 3583 1736 3636 ait
1779 3597 1842 3636 ex

280 3650 480 3716 Servio,
516 3664 602 3704 aut
634 3668 665 3702 a
693 3650 914 3703 radendo
943 3663 1151 3712 (trram,
1183 3661 1269 3703 aut
1303 3669 1333 3703 a
1362 3654 1570 3706 raritate
1596 3654 1840 3705 dentium.

282 3723 374 3776 Pro
402 3724 762 3776 instrumento
791 3721 1013 3774 fossorio
1040 3722 1204 3788 accipi
1229 3722 1400 3774 dicam
1429 3723 1586 3776 etiam
1612 3724 1676 3774 ad
1701 3737 1839 3774 vers.

280 3791 378 3846 285
404 3791 498 3846 lib.
529 3807 585 3843 ll.
636 3788 885 3844 Clemens
913 3791 1321 3850 Alexandrinus.
1357 3801 1574 3846 notante
1603 3792 1838 3845 Chamil-

279 3862 441 3928 lanio,
488 3861 591 3914 tale
628 3861 823 3930 aliquid
859 3859 1031 3913 dixit:
1085 3860 1248 3913 Nemo
1291 3862 1510 3930 ligonem
1550 3871 1841 3928 argenteam

283 3932 424 4000 facit,
447 3947 594 3984 nemo
621 3928 804 3996 falcem
832 3946 1072 3994 auream;
1099 3947 1216 3983 nam
1240 3928 1476 3984 utendum
1497 3942 1618 3999 apta
1638 3931 1848 3983 materia

279 4003 342 4053 ad
383 4000 780 4070 agriculturam,
809 4017 911 4053 non
942 4002 1108 4052 divite.
1163 4002 1227 4054 Et
1263 4000 1619 4054 Tertullianus
1661 4001 1752 4052 lib.
1782 4000 1850 4053 de

283 4069 470 4125 Habitu
519 4070 764 4125 muliebri
792 4088 804 4124 :
835 4069 980 4123 Certe
1021 4086 1108 4124 net
1144 4087 1264 4139 ager
1294 4072 1406 4124 auri
1437 4087 1588 4136 opere
1616 4077 1848 4139 paratur,

278 4156 362 4193 nec
391 4142 537 4194 navis
562 4142 760 4211 argenti
786 4141 956 4211 vigore
980 4143 1282 4211 contexitur.
1337 4139 1527 4193 Nullus
1555 4140 1727 4192 bidens
1757 4157 1852 4191 au-

276 4225 385 4280 r_um
418 4211 664 4280 demergit
711 4209 764 4262 in
804 4209 1011 4263 terra-tt.
1064 4210 1207 4280 Inter
1234 4211 1418 4280 adagia
1460 4217 1849 4264 recensentur:

280 4276 529 4332 Eburneis
553 4276 729 4349 rastris
749 4282 909 4332 solum
936 4288 1147 4344 vertere,
1174 4276 1448 4349 Ligonibus
1475 4281 1643 4334 aureis
1667 4289 1851 4332 terram

277 4349 473 4414 (odere,
503 4348 664 4402 Aurea
694 4347 846 4402 hamo
876 4349 1059 4418 piscari
1091 4365 1185 4417 pro
1217 4347 1270 4402 re
1300 4349 1484 4418 insigni
1524 4360 1570 4401 et
1609 4349 1855 4418 prteclara

1129 4466 1334 4476 ...η-...-

1871 3543 1918 3606 α

1251 4559 1763 4636 PB/EFATIO
1817 4556 2080 4634 LIBRI
2136 4552 2564 4632 SECUNDI

1941 2256 2268 2330 male_abut_i.
2320 2254 2487 2310 ,Ιηᾱωί
2529 2269 2656 2330 vero
2698 2256 2963 2330 cumsub
3008 2257 3216 2330 Iuliano
3259 2259 3509 2330 Apostata

1942 2327 2195 2393 templum
2229 2326 2522 2395 instaurare
2552 2325 2780 2389 vellcnt,
2813 2326 3035 2394 ligones,
3066 2328 3213 2395 palas
3241 2340 3296 2384 et
3309 2325 3511 2387 'corbcs

1941 2413 2006 2454 ex
2031 2404 2249 2520 πέδηιο
2270 2394 2633 2450 confecerunt.
2661 2395 2792 2450 Vide
2815 2394 3141 2451 Theodoret.
3158 2397 3250 2452 lib.
3270 2415 3325 2454 ut
3351 2402 3510 2466 Ili3t.,

1941 2484 2060 2520 can.
2162 2506 2172 2516 .
2210 2507 2215 2511 .

1940 2484 2215 2534 cap.zu..

2010 2537 2136 2591 6l0.
2171 2534 2345 2600 Egm.,
2373 2543 2644 2600 corrupte,
2678 2552 2875 2588 verrare
2902 2536 3087 2590 solum.

2013 2606 2140 2661 649..
2175 2605 2360 2657 Posset
2397 2605 2555 2677 etiam
2579 2606 2760 2677 scribi
2799 2606 3016 2670 scrobes,
3061 2615 3116 2660 ut
3152 2608 3291 2675 lues,
3333 2610 3511 2677 fames,

1941 2677 2189 2740 Joannes,
2218 2683 2463 2738 correpta
2497 2674 2700 2726 ultima.

2017 2744 2140 2800 646.
2175 2742 2342 2796 Aldus
2372 2743 2646 2812 distinguit
2674 2742 2803 2797 Sum
2827 2759 3016 2797 memor
3041 2744 3146 2812 ipse
3171 2746 3270 2799 mei
3295 2749 3439 2813 satis,
3470 2761 3514 2803 et

1944 2832 2052 2869 mea
2074 2815 2252 2884 frivola
2281 2814 2417 2884 novi.
2451 2813 2791 2884 Symposius:
2819 2813 2924 2865 Sed
2945 2815 3124 2884 frivola
3147 2817 3305 2870 multa
3326 2819 3514 2875 locuta.

1946 2882 2210 2940 Ausonius
2249 2900 2261 2934 :
2299 2882 2416 2936 Misi
2445 2882 2611 2953 itaque
2641 2883 2707 2934 ad
2739 2891 2784 2935 te
2814 2882 2994 2950 frivola
3023 2885 3178 2953 garris
3213 2885 3402 2940 Siculis
3432 2906 3518 2943 va-

1946 2953 2412 3026 niorarluvcnalis
2433 2962 2534 3026 sal.
2553 2952 2586 3005 5
2601 2953 2755 3026 :gJaAm
2772 2952 3215 3026 frivolatransfert
3237 2955 3514 3026 Ucalegon.

1948 3025 2198 3082 Sidonius
2222 3023 2314 3076 lib.
2340 3036 2410 3087 tv,
2431 3023 2589 3090 epist.
2613 3024 2666 3086 5,
2694 3023 2890 3076 imitari
2919 3023 3128 3078 videtur
3149 3023 3515 3083 Prudentium.

2017 3095 2139 3150 659.
2171 3093 2294 3146 Aldi
2323 3107 2472 3146 etror
2499 3103 2664 3145 manet
2695 3108 2788 3160 pro
2817 3104 3036 3147 maneat.

2016 3164 2142 3221 655.
2178 3163 2320 3223 Διά..
2353 3178 2444 3215 cur
2475 3163 2544 3213 mi
2579 3163 2675 3232 fas.
2721 3163 2906 3216 Cicero
2945 3165 2996 3217 in
3033 3163 3352 3221 Catilinam;
3389 3167 3519 3232 Quor

1947 3252 2037 3304 ego
2067 3243 2178 3287 tuas
2209 3233 2468 3300 petitiones
2499 3233 2570 3286 ita
2599 3233 2882 3304 conjectas,
2913 3242 2967 3286 ut
3014 3235 3162 3287 vitari
3197 3236 3339 3288 nullo
3368 3239 3520 3290 modo

1949 3303 2168 3374 passent.
2199 3319 2353 3373 parva
2366 3304 2598 3374 Aquadam
2641 3303 3001 3374 declinatione,
3027 3315 3091 3367 et,
3123 3314 3178 3357 ut
3203 3307 3365 3370 aiunt,
3399 3323 3515 3360 cor-

1948 3365 2068 3444 pore
2093 3365 2282 3426 excessi
2304 3373 2328 3425 Ζ)
2355 3365 2776 3444 Οέιειιιιιιξ-ρξιτηι.
2800 3373 2901 3444 114
2924 3388 2938 3424 :
2964 3365 3152 3425 Contra
3183 3391 3274 3428 uos
3297 3365 3395 3428 tela
3421 3377 3520 3430 ista

1950 3442 2036 3497 tua
2060 3446 2299 3497 evitamus
2325 3443 2531 3495 amictu.
2567 3442 2695 3495 Vide
2722 3442 3020 3496 Comn'tent.
3047 3443 3244 3512 Vulpii.

2021 3514 2141 3568 656.
2177 3513 2382 3580 Lipsius
2411 3513 2626 3565 Saturn.
2659 3512 2750 3568 lib.
2771 3528 2826 3571 ιι,
2854 3526 2972 3580 cap.
2995 3512 3087 3576 30,
3117 3513 3333 3581 conjicit
3361 3515 3518 3569 εανῑε-

1950 3599 2033 3636 sas
2066 3597 2161 3650 pro
2187 3583 2419 3650 sagittas,
2451 3583 2570 3648 quia
2601 3583 2767 3636 hastae
2808 3583 3094 3651 iaciuntur,
3141 3597 3244 3636 non
3289 3585 3512 3650 sagittae.

1954 3653 2170 3706 Ileinsio
2201 3667 2305 3703 non
2337 3652 2504 3714 placet
2544 3652 2654 3704 h:cc
2685 3653 3009 3716 conjectura.
3058 3654 3271 3721 Sagittae
3303 3664 3519 3707 ventosa:

1951 3723 2200 3775 d:cuntur
2220 3721 2288 3771 ob
2311 3720 2664 3784 eloquentiam
2690 3734 2988 3782 ventosum,
3013 3732 3065 3774 ut
3089 3720 3144 3774 in
3165 3725 3313 3790 praei.
3334 3723 3427 3777 lib.
3452 3740 3516 3776 u:

1958 3791 2227 3858 Ventisque
2253 3789 2438 3854 eloquii
2471 3799 2645 3842 tamet.
2697 3791 2974 3845 Petronius
3015 3789 3391 3846 dixitventosa
3433 3797 3514 3846 lo-

1987 3864 2195 3914 uacitns.

1949 3880 2412 3985 qub‘ggfsimittttio
2438 3925 2633 3996 Virgilii
2665 3927 2834 3996 eclog.
2864 3927 2922 3982 ιε
2961 3929 3028 3982 Ει
3044 3930 3157 3994 jam
3183 3945 3377 3982 summa
3405 3948 3522 3995 pro-

1954 4001 2070 4062 cul;
2110 4013 2158 4055 et
2199 4014 2235 4051 ιι
2263 3997 2494 4068 Georg:
2547 3995 2612 4049 Et
2646 3995 2761 4064 jam
2794 3995 2999 4066 tempus
3043 4015 3225 4068 equum
3268 4000 3522 4068 fumantia

1953 4073 2142 4124 solvere
2170 4069 2324 4123 colla.
2749 4120 2758 4127 ,

2026 4141 2150 4195 658.
2183 4138 2329 4199 Ald.,
2373 4136 2510 4189 Finit
2547 4144 2722 4207 contra
2754 4136 3114 4207 Symmachum
3153 4137 3278 4191 liber
3307 4138 3519 4207 primus.

1959 4212 2138 4276 Alex.,
2188 4208 2416 4279 Explicit
2461 4217 2634 4279 contra
2677 4206 2872 4277 Syinm.
2910 4206 2999 4260 lib.
3029 4225 3067 4260 ιι
3099 4207 3250 4274 Urb.,
3299 4206 3524 4279 Eaplicit

1958 4281 2044 4333 lib.
2075 4295 2090 4333 ι
2117 4289 2290 4333 contra
2319 4277 2700 4346 Symmachum.

2037 4460 2379 4472 ._._..————.—

2415 4460 2440 4469 ρ

987 4689 1648 4842 CONTRA
1728 4692 2837 4904 SYMMAQHUM‘.

463 5075 618 5145 757
644 5071 855 5137 Simon,
881 5087 1036 5140 quem
1063 5072 1298 5125 vocitant
1335 5068 1572 5130 Petrum,

2137 5055 2385 5110 Summus
2415 5051 2709 5121 discipulus
2737 5051 2864 5114 Dei,

1637 5183 2194 5244 COMMENTARIUS.

320 5341 410 5392 'ln
446 5339 570 5393 Vat.
602 5338 646 5392 Α
675 5335 853 5389 nullus
878 5341 958 5388 est
981 5333 1179 5385 titulus.
1211 5331 1264 5384 In
1300 5330 1423 5382 Rat.
1453 5335 1506 5381 et
1530 5326 1684 5384 Man,
1721 5323 1860 5376 Praz-
1887 5323 1940 5384 D
1967 5323 2303 5393 illustra_t,fet
2330 5325 2449 5393 post
2475 5313 2652 5393 plures
2692 5315 2784 5371 SS.
2813 5314 3020 5393 Patrum
3067 5309 3268 5393 similes
3297 5307 3534 5393 auctori.-

281 5413 410 5480 fatio
442 5409 561 5461 libri
582 5425 617 5462 ll
640 5403 1155 5480 adv_ers_us‘eumdem_.
1178 5401 1233 5453 In
1260 5396 1648 5480 diesq'InIcipit
1675 5393 1796 5480 liber
1821 5408 1856 5445 tt

280 5465 508 5548 feliciter
535 5475 782 5548 amen._ln
814 5473 942 5527 Urb.
972 5471 1414 5548 Incipitprolcgus
1443 5465 1707 5548 innlib’rum
1730 5479 1784 5515 ιι.

355 5552 408 5602 ί.
443 5549 523 5601 Ex
547 5545 721 5612 phrasi
743 5558 910 5598 sacrae
931 5534 1341 5615 pagfnazjlattb:
1365 5553 1433 5615 tv,
1452 5537 1547 5615 ιβξ
1575 5534 1857 5615 Sin't‘onem,

282 5621 370 5689 qui
392 5602 842 5689 vocalitnPetrus;
865 5623 916 5667 et
935 5602 1049 5689 3,3
1075 5629 1092 5689 :_
1113 5609 1309 5673 Simon,
1342 5608 1426 5676 qui
1439 5606 1632 5689 dicitur
1655 5602 1855 5689 ΙξειιίιεΓ

354 5690 414 5742 2.
449 5687 716 5751 Barthius,
749 5674 839 5739 lib.
867 5674 991 5736 nui
1019 5681 1263 5746 Advers,
1289 5674 1404 5747 cap.
1437 5677 1469 5731 8
1525 5675 1663 5728 hunc
1688 5674 1859 5727 locum

1965 5400 2098 5446 tates
2120 5379 2264 5442 addit
2290 5407 2303 5440 ε
2328 5379 2542 5457 lii/inita
2566 5388 2672 5440 alia
2699 5394 2866 5457 sunto
2888 5380 3302 5457 disceptatoribus
3343 5379 3534 5432 eventi-

1966 5463 2090 5522 lata,
2114 5461 2292 5540 quibus
2312 5451 2511 5540 iuﬁpita
2532 5458 2737 5540 totidem
2759 5455 2859 5506 alia
2877 5451 3212 5540 addipossint
3231 5456 3539 5540 (μερίσαι-ιφ

1965 5525 2165 5584 τὶιιιιείη
2189 5531 2323 5583 Petri
2362 5525 2491 5580 in'ter
2521 5526 2773 5593 apostolos
2815 5525 2887 5574 vel
2934 5525 3229 5590 primariam
3279 5529 3532 5575 nstruont.

1969 5602 2102 5657 Vide
2135 5616 2274 5655 vers.
2302 5601 2326 5652 I
2358 5599 2562 5668 praefat.
2593 5595 2687 5646 lib.
2723 5607 2756 5643 l.
