4052 6184
441 301 538 356 I75

609 390 767 446 Lucis
796 390 931 447 forte
956 391 1055 446 sub
1081 391 1225 445 exitu
1245 431 1259 451 ,

608 484 738 537 Cum
756 481 958 552 Vesper
986 496 1206 536 croceus
1235 480 1416 545 rubet,

471 576 505 629 5
611 572 839 627 Curvam
867 572 1135 626 avulserat
1165 569 1479 635 aneltoram,

578 674 583 683 ‘
611 663 843 731 Captans
872 661 1083 715 flamina
1114 660 1292 713 linteis
1313 699 1327 722 ,

611 754 678 806 Et
710 765 988 806 transnare
1014 750 1197 803 volens
1222 748 1435 801 fretum.

613 842 725 896 Nox
754 850 969 896 ventum
1005 849 1185 894 movet
1212 838 1448 901 obvium,

616 931 819 987 Fundo»
837 933 925 1001 qui
958 946 1105 1003 mare
1134 930 1374 989 misceat,

444 1026 507 1081 to
613 1025 867 1080 laetatam
898 1023 1098 1093 quatiat
1138 1031 1329 1074 ratem.

613 1114 827 1170 Clamor
856 1112 1101 1167 nauticus
1129 1112 1329 1165 altera

617 1206 900 1274 Plangens,
927 1211 1086 1272 atque
1113 1201 1320 1256 ululans
1348 1201 1467 1257 ferit

613 1296 742 1352 Cum
771 1296 999 1350 stridore
1031 1294 1333 1348 rudentium
1359 1309 1374 1346 :

614 1388 721 1442 Nec
748 1385 1035 1454 quidquam
1063 1384 1279 1439 suberat
1308 1381 1427 1451 spei

444 1478 509 1532 15
615 1476 776 1547 758
805 1472 1104 1543 Mergendis
1130 1484 1297 1541 prope
1326 1466 1615 1539 naufragis,

612 1568 742 1622 Cum
770 1563 1037 1619 Christum
1068 1560 1253 1631 procul
1282 1559 1474 1631 aspicit

615 1654 822 1709 Pallens
850 1652 1001 1705 tui-ba
1029 1649 1299 1719 periculis,

616 1746 919 1799 Calcantem
949 1740 1176 1811 pedibus
1203 1753 1371 1803 mare,

616 1834 691 1889 Ae
716 1833 759 1887 si
788 1847 881 1900 per
906 1830 1127 1885 solidam
1149 1830 1287 1883 viam

442 1927 511 1982 20
615 1924 825 1981 Siccam
856 1924 1003 1977 littus
1028 1920 1353 1978 obambulet.

616 2015 739 2070 Haec
769 2012 1022 2068 miracula
1054 2012 1233 2067 creteri

614 2105 870 2159 Veetores
902 2101 1079 2171 pavidi
1108 2110 1345 2170 stupent.

616 2198 770 2253 Solus
800 2211 906 2250 non
939 2193 1177 2264 trepidus
1207 2194 1394 2247 Petrus

622 2287 878 2357 Agnoscit
908 2285 1188 2339 Dominum
1223 2282 1350 2352 puli,

442 2379 508 2433 ΞΕ)
614 2378 920 2445 Terraeque,
949 2384 1003 2431 et
1032 2375 1193 2428 maris
1218 2373 1349 2427 invii
1382 2390 1393 2423 :

614 2468 776 2539 Cujus
804 2467 1208 2537 omnipotentis:
1234 2473 1317 2519 est

616 2561 816 2616 Plantis
843 2573 1057 2628 aequora
1089 2556 1339 2612 subdere.

614 2650 805 2705 'l‘end‘t
828 2648 1139 2718 suppliciter
1167 2659 1376 2711 manus,

613 2741 802 2798 Notum
828 2738 1122 2796 subsidium
1152 2745 1324 2806 rogat.

1497 297 1760 358 AURELII
1800 296 2162 355 PRUDENTII
2198 298 2525 356 CARMINA.

2024 392 2076 451 Α
2103 391 2170 444 50
2280 390 2377 444 Ast
2406 388 2495 443 ille
2523 387 2728 456 placide
2753 402 3012 454 annuens,

3578 295 3685 357 i'tG

2279 477 2443 547 Puppi
2474 486 2534 531 ut
2561 478 2797 544 desiliat,
2824 478 2998 546 jubet.

2279 567 2452 623 lassis
2478 569 2791 637 obsequitur
2817 568 3042 624 Petrus:

2279 661 2382 717 Sed
2410 662 2631 731 vestigia
2662 662 2910 717 fluctibus

2283 750 2517 805 Summis
2547 753 2750 819 tingere
2776 760 3032 819 coeperat.

2108 839 2179 892 55
2282 839 2349 892 Et
2377 841 2613 909 lapsante
2639 842 2801 910 gradu
2834 841 2999 910 pedes

2285 931 2504 985 Pessum
2534 947 2776 1001 mergere
2807 932 3061 987 lubricos.

2285 1019 2447 1090 759
2475 1019 2747 1075 Mortalem
2781 1020 2921 1076 Deus
2950 1020 3216 1091 increpat,

2284 1110 2437 1175 Quod
2462 1109 2533 1164 sit
2560 1124 2662 1163 non
2690 1111 2871 1166 stabili
2902 1111 3025 1178 ﬁde,

2285 1201 2394 1257 Nec
2421 1200 2626 1256 calcare
2657 1200 2873 1257 tlueutia
2892 1245 2906 1267 ,

2111 1292 2181 1348 40
2288 1291 2399 1347 Nee
2424 1290 2695 1347 Christum
2725 1292 2903 1348 valeat
2931 1294 3106 1360 sequi.

2288 1382 2423 1438 Tum
2454 1382 2637 1438 dextra
2668 1382 2918 1437 famulum
2946 1383 3116 1447 levat,

2288 1473 2573 1542 Sistitque,
2600 1481 2653 1526 et
2680 1471 2835 1527 docet
2864 1471 3072 1541 ingredi

2290 1561 2523 1632 Tergum
2555 1576 2650 1631 per
2680 1562 2939 1616 tumidum
2970 1561 3113 1616 freti.

2292 1651 2383 1707 Sic
2413 1667 2520 1717 me,
2550 1660 2659 1707 tuta
2688 1652 2900 1707 silentia

2041 1744 2088 1803 B
2116 1742 2183 1798 45
2290 1743 2600 1813 Egressum,
2626 1742 2805 1797 dubiis
2834 1743 3026 1811 loquax

2297 1833 2460 1890 Infert
2491 1833 2667 1903 lingua
2699 1833 2985 1902 periculis:

2294 1924 2408 1980 Non
2448 1937 2505 1979 ut
2537 1923 2858 1994 discipulum
2894 1926 3110 1978 l‘etrum

2296 2015 2575 2070 Fidentem
2605 2018 2661 2069 et
2690 2015 2904 2079 merito,
2931 2023 2984 2069 et
3013 2012 3136 2075 fide,

2296 2103 2404 2160 Sed
2435 2118 2592 2173 quem
2620 2094 2772 2171 culpa
2804 2105 3051 2169 frequens
3076 2102 3247 2157 levem

2122 2197 2190 2250 50
2299 2196 2492 2250 Volvat
2521 2209 2616 2264 per
2640 2194 2774 2249 freta
2804 2191 3137 2261 naufragum.

2294 2284 2423 2340 Sum
2455 2283 2610 2353 plane
2640 2282 2980 2346 temerarius,

2295 2377 2394 2443 Qui
2423 2376 2597 2431 noctis
2626 2372 2758 2428 mihi
2785 2373 3058 2438 conscius,

2295 2466 2457 2536 760
2481 2464 2649 2532 Quam
2676 2465 2800 2519 vitae
2826 2463 2880 2517 in
2905 2462 3142 2518 tenebris
3170 2476 3272 2532 ago

2294 2555 2519 2624 Puppim
2547 2553 2772 2610 credere
2799 2551 3051 2609 fluetibus

2120 2644 2190 2702 55
2294 2643 2451 2699 Tanti
2481 2659 2586 2701 non
2617 2644 2836 2700 timeam
2862 2644 2961 2697 viri
2992 2660 3005 2695 :

2296 2735 2416 2803 Quo
2448 2752 2588 2793 nunc
2616 2750 2776 2792 nemo
2800 2735 3055 2791 disertior

1737 2825 2024 2888 GLOSSrE
2062 2826 2406 2886 VETERES.

508 2931 562 2984 5.
601 2929 781 2991 Exitu,
810 2924 1067 2978 recedente
1092 2920 1196 2991 die,
1230 2919 1270 2972 l.

510 3002 561 3053 6.
604 2988 861 3059 Flamina,
888 2999 1080 3051 ventos,
1110 2988 1150 3042 l.

511 3068 603 3122 10.
640 3057 918 3124 laetatam,
955 3060 1247 3127 fatigatam,
1276 3057 1317 3111 1.

511 3137 598 3189 l9.
642 3136 718 3188 Ae
747 3133 821 3200 si.
846 3130 1015 3200 quasi,

509 3204 603 3259 20.
643 3196 982 3260 Obambulet,
1014 3196 1448 3261 eircumambulet,
1481 3196 1579 3251 lso.

494 3274 601 3333 .36.
641 3272 862 3329 Pessum
886 3309 901 3332 ,
957 3268 1227 3331 deorsum,
1275 3266 1592 3336 perditioni,
1653 3264 1901 3335 pessime,
1945 3266 2024 3321 vel

446 3342 597 3407 male,
627 3343 666 3395 Ι.

2193 2920 2285 2977 40.
2326 2920 2454 2987 Nec,
2483 2919 2672 2974 scilicet
2701 2919 2835 2984 ideo,
2867 2917 2909 2974 1.

2191 2989 2283 3046 Μ.
2324 2989 2415 3045 Sic
2441 2986 2546 3056 me,
2580 2989 2746 3059 ﬁgura
2767 2989 2997 3059 mystica,
3027 2986 3066 3043 Ι.

2192 3059 2284 3115 49.
2325 3060 2516 3125 Quem,
2543 3074 2641 3124 me,
2671 3058 2710 3112 l.

2194 3129 2285 3202 ξε.
2322 3128 2512 3202 Plane,
2543 3139 2696 3202 certe.
2715 3127 3163 3202 —_'l‘emerari_us_,
3192 3140 3547 3202 praesumptor,
3578 3134 3620 3190 Ι.

2195 3197 2285 3269 52.
2321 3199 2523 3269 Noctis,
2553 3198 2873 3269 ignorantia,
2890 3198 3105 3269 peccati,
3126 3198 3163 3253 Ι.

2195 3268 2286 3338 55.
2327 3268 2459 3338 Ago,
2491 3267 2637 3333 duae,
2673 3267 2715 3322 l.

2196 3335 2286 3392 56.
2326 3335 2605 3405 Disertior,
2632 3338 2846 3403 doctior,
2872 3336 3202 3405 eloquentior,
3234 3338 3273 3393 l.

1803 3422 2361 3483 COMMENTARIUS.

512 3525 568 3577 4.
599 3521 843 3592 Virgilius
873 3520 964 3575 lib.
998 3534 1014 3574 ι
1043 3519 1263 3588 Georg.:
1296 3516 1416 3573 Illic
1441 3531 1554 3571 sera
1582 3516 1765 3571 rubens
1786 3518 2015 3572 accendit
2046 3518 2091 3583 C
2125 3584 2159 3592 _
2190 3518 2279 3592 1’98.
2320 3516 2479 3592 Ald",
2500 3515 2637 3582 Cis.,
2668 3518 2775 3592 qui_
2797 3516 2900 3581 sit;
2942 3516 3202 3592 plerique,
3230 3520 3366 3592 quod
3390 3520 3475 3574 sit.
3510 3520 3688 3591 Egm.,

446 3595 640 3650 lumina
664 3608 853 3662 uesper.

516 3664 569 3716 5.
600 3654 814 3723 Weiti.,
839 3658 985 3724 Διά..
1008 3656 1253 3727 Heinsius
1279 3671 1399 3711 eum
1428 3657 1540 3712 suis
1562 3656 1744 3727 codd.,
1773 3654 2015 3711 vulserat.

446 3733 601 3796 Man,
639 3732 782 3792 Rat.,
816 3729 990 3796 Prag.,
1017 3726 1130 3782 Gis.
1158 3727 1373 3798 aliique,
1407 3728 1679 3798 avulserat.

514 3803 569 3857 6.
590 3794 721 3883 illaec
744 3794 968 3881 historia
989 3804 1232 3851 narratur
1252 3794 1373 3867 cap.
1395 3813 1480 3851 xlv
1508 3796 1695 3852 Matth.
1726 3803 1782 3853 et
1806 3794 1874 3851 ab
1899 3794 2017 3849 aliis

448 3872 807 3942 evangehsus.

463 3942 569 4017 __8.
619 3942 952 4017 Nar.,_niox;
1000 3936 1134 3991 bene
1181 3934 1738 4017 correctum-notusln
1767 3933 1887 4017 Rat.
1920 3947 2017 4014 pro

447 4012 553 4084 div.
576 4003 766 4079 script.
787 4009 938 4084 Frag.
960 4022 1078 4059 mox
1098 4016 1292 4084 uentum
1312 4007 1462 4059 videt.
1489 4005 1543 4059 ln
1564 4004 1708 4068 Rat.,
1734 4019 1798 4056 (ιι
1823 4003 2018 4056 obviam

447 4083 633 4137 eadem
664 4075 819 4134 manu
849 4075 1041 4131 factum
1071 4075 1288 4128 obvium.

516 4152 569 4205 9.
610 4149 756 4211 Ald.,
786 4156 970 4199 contra
1001 4152 1251 4211 metrum,
1277 4141 1364 4209 qui
1389 4142 1592 4194 misceat
1618 4156 1776 4211 mare.

520 4220 606 4271 11.
639 4218 695 4268 Vi

520 4231 606 4271 ‘H.
641 4231 781 4283 Virg.
807 4231 838 4267 V
868 4231 1105 4267 {nnciam
1139 4231 1281 4264 rent
1301 4231 1491 4263 wtnera
1516 4231 1706 4263 Clamor
1735 4231 2015 4276 nauticus,

448 4297 501 4342 et
535 4286 719 4340 thn.:
750 4283 1042 4351 Insequitur
1067 4279 1354 4349 clamorque
1381 4279 1574 4344 virum,
1615 4278 1901 4349 stridorque
1928 4293 2016 4333 ru-

449 4360 668 4410 dentum.

519 4427 606 4478 M.
625 4422 766 4485 Rat.,
790 4421 967 4488 Prag.,
986 4435 1075 4472 nec
1090 4418 1364 4490 quidquam
1383 4424 1610 4487 superat,
1633 4417 1773 4486 quod
1794 4418 2015 4473 omnino

450 4505 649 4548 rectum
682 4491 925 4545 Marietto
952 4490 1120 4543 visum
1147 4497 1247 4543 est.

520 4565 607 4617 Π.
651 4562 828 4629 Prag.,
861 4558 1084 4629 spallens
1108 4560 1274 4629 turba,
1292 4556 1449 4612 male.

519 4633 606 4687 18.
648 4623 823 4697 Hujus
840 4623 1077 4681 miraculi
1107 4623 1301 4696 saepius
1328 4624 1571 4697 meminit
1599 4623 1937 4697 Prudentius.

516 4702 605 4756 20.
648 4694 791 4762 Rat.,
839 4697 1161 4766 obambulat;
1188 4694 1375 4766 supra,
1403 4694 1702 4766 obambulet.

515 4772 605 4826 26.
642 4769 751 4825 Gis.
782 4769 807 4821 1
837 4763 944 4829 ed.,
973 4765 1231 4836 Cuiusque
1263 4763 1652 4836 ξοηριὶροιεηιὶω
1695 4775 1801 4836 est;
1833 4763 1868 4817 2
1896 4764 2008 4830 ed.,

448 4842 607 4913 Cujus
628 4835 1026 4913 cunctipotentia:
1044 4845 1137 4913 est.
1163 4834 1427 4913 Metuebat
1447 4849 1521 4913 ne
1534 4848 1628 4913 pes
1648 4834 2011 4913 primusesset

449 4902 696 4967 eboreus.
723 4902 829 4961 Sed
857 4903 1157 4974 exemplum
1184 4912 1360 4974 exstat
1385 4902 1523 4974 apud
1540 4902 1823 4974 Horatium
1851 4904 1940 4958 lib.
1971 4920 2007 4970 ι,

448 4986 538 5035 od.
566 4978 653 5044 l5,
678 4975 821 5045 Ignis
844 4970 1029 5027 Iliacas
1056 4974 1249 5027 domos.
1273 4970 1509 5045 Catullus
1538 4973 1607 5045 ita
1639 4970 1749 5028 fere
1775 4987 2005 5045 semper.

448 5049 601 5116 Apud
634 5041 957 5116 Dueangium
987 5047 1218 5097 occurrit
1245 5041 1631 5111 cunetipotentia
1673 5058 1739 5095 ex
1789 5043 2009 5112 prologo

448 5112 583 5172 Vita:
610 5112 920 5171 S.Turiani.

518 5188 603 5241 50.
645 5185 815 5241 Jureti
844 5181 1033 5248 codex,
1065 5188 1142 5232 ast
1171 5180 1266 5233 illi.

516 5257 607 5312 5'5.
652 5254 998 5324 Vestigia‘pro
1028 5250 1248 5324 pedibus
1289 5249 1481 5324 passim
1509 5249 1659 5324 apud
1693 5258 1902 5324 poetas;
1951 5260 2007 5304 ut

446 5328 602 5383 etiam
629 5318 833 5395 vestigia
859 5318 1394 5395 tingere,_sive_nialis
1420 5318 1655 5395 scribere
1683 5321 1926 5395 tinguere.

518 5398 604 5451 36.
648 5387 861 5447 Pessum
903 5387 985 5445 est
1028 5387 1365 5454 adverbium,
1407 5397 1497 5439 aut
1530 5387 1771 5441 adverbii
1805 5388 1996 5451 simile,

448 5465 653 5519 scilicet
687 5464 739 5515 in
768 5459 1103 5531 profundum.
1133 5457 1295 5512 Silius
1327 5456 1419 5531 lib.
1448 5455 1719 5531 vnt_,__Labi
1747 5468 2001 5531 mergente

446 5537 653 5585 sinistro
673 5525 889 5585 Consule
916 5546 1016 5593 res,
1044 5542 1337 5598 pessumque
1364 5527 1497 5581 dari.
1539 5526 1753 5580 Plautus
1782 5525 1834 5579 in
1857 5525 1994 5598 V'I'ru-

446 5601 656 5656 culento
684 5616 722 5666 ι,
752 5602 803 5660 1.
832 5600 898 5652 15
924 5615 938 5650 :
971 5596 1188 5662 Quando
1223 5597 1342 5649 abiit
1382 5604 1485 5649 rete
1509 5604 1875 5666 pessum_,gtum
1911 5596 2005 5648 ad.

447 5664 918 5724 ducitsinnimVide
942 5667 1206 5722 Barthium
1220 5680 1338 5736 cap.
1366 5666 1449 5720 12.
1468 5664 1686 5721 Advers.
1704 5664 1793 5720 lib.
1819 5679 2004 5719 xum.

768 4253 781 4265 .
807 4230 838 4267 v
868 4213 1105 4267 Eneida
1139 4209 1281 4264 Ferit
1301 4212 1491 4263 (ethera
1516 4212 1706 4263 clamor
1735 4208 2015 4276 Nauticus,
2078 4248 2079 4251 η

2085 4674 2099 4687 .
2182 4626 2272 4684 48.
2313 4626 2697 4695 Αιὰ.,⁷Ρι·εε.,⁷
2737 4627 2877 4695 Gis.,
2943 4626 3137 4683 Weitz.
3189 4634 3247 4684 et
3283 4628 3395 4695 alii,

2125 3584 2264 3653 PaL,
2294 3588 2416 3652 quid
2438 3584 2519 3649 sit,
2544 3584 2687 3655 quod
2729 3584 3027 3655 elegans—et
3059 3584 3466 3644 Prudentianum
3510 3584 3692 3653 οἱπερὶ

2121 3655 2385 3727 Heinsius.
2411 3656 2464 3727 In
2660 3656 2732 3727 ait
2755 3654 3002 3727 Heinsius
3021 3670 3138 3711 esse
3159 3658 3690 3727 interpretamentum

2119 3742 2234 3791 cur;
2277 3728 2330 3781 in
2358 3725 2473 3780 Pal.
2498 3725 2759 3802 VVeitzius
2804 3725 3031 3802 allii-mat
3078 3740 3237 3802 supra
3282 3725 3402 3785 esse
3429 3746 3540 3802 cur,
3572 3748 3692 3802 qua:

2119 3811 2225 3872 nun
2254 3805 2358 3872 tam
2384 3804 2467 3851 est
2488 3796 2662 3872 glosga
2690 3809 2847 3872 quam
2876 3794 3274 3872 diversaleetio
3300 3815 3311 3849 :
3342 3794 3544 3872 crime
3564 3794 3687 3872 qui-

2118 3865 2238 3920 dem
2263 3864 2511 3936 elegans,
2524 3875 2577 3920 et
2600 3864 3361 3936 Prud‘entianamihividetur.
3383 3870 3514 3924 Vide
3538 3864 3688 3925 eom-

2119 3945 2286 4005 ment.
2326 3933 2392 3990 ad
2423 3950 2564 3991 vers.
2613 3934 2677 3989 81
2730 3933 2911 4005 hymni
2949 3934 2983 3989 4
3016 3933 3198 4005 Catb.,
3227 3936 3331 3992 Cur
3380 3947 3454 4003 te,
3494 3956 3688 3995 summe

2118 4004 2278 4076 Deus,
2309 4020 2569 4076 precentur
2594 4019 2771 4060 unum.

2187 4074 2277 4144 ill.
2310 4072 2474 4144 Ean,
2506 4073 2657 4139 dum;
2685 4088 2715 4127 a
2741 4072 2971 4144 secunda
3003 4088 3183 4144 manu,
3215 4081 3319 4127 tum
3340 4089 3361 4129 :
3390 4076 3577 4144 probe.

2182 4143 2274 4212 42.
2316 4140 2497 4212 Prag.,
2522 4156 2819 4212 perperam,
2846 4143 2974 4196 sistit
2999 4151 3071 4209 et,
3090 4142 3347 4212 docetque.
3390 4140 3403 4144 ⁷
3676 4198 3681 4201 μ

2185 4211 2273 4267 45.
2316 4211 2495 4266 Poetis
2524 4211 2773 4277 frequens
2802 4222 2884 4267 est
2930 4221 3122 4282 tergum
3158 4211 3373 4282 a-quoris
3400 4213 3601 4276 dicere.
3625 4227 3687 4274 ut

2117 4280 2319 4337 Crtecis
2344 4289 2479 4336 νῶτα
2505 4270 2783 4342 θαλάᾶσης.
2810 4282 2986 4335 Adisis
3005 4270 3330 4347 Wower'um,
3362 4270 3685 4340 Elmenh'nr;

2114 4351 2304 4417 stium,
2338 4349 2609 4406 Ouzelium
2640 4350 2692 4404 in
2717 4349 3016 4407 Comment.
3049 4351 3112 4403 ad
3143 4352 3302 4405 verba
3334 4352 3547 4409 Minucii
3584 4356 3681 4409 Vel

2113 4421 2321 4474 dorsum
2350 4420 2508 4473 maris
2552 4422 2772 4483 raderet,
2800 4430 2958 4485 atque
3005 4420 3195 4474 iterum
3229 4420 3683 4481 Elmenhorstium

2112 4490 2184 4543 ad
2208 4490 2498 4565 Arnobium
2520 4488 2615 4565 lib.
2640 4505 2677 4554 ι,
2702 4490 2911 4565 pag.__27
2931 4508 2945 4543 :
2965 4487 3201 4543 Calcabat
3229 4488 3521 4565 (Christus)
3538 4497 3687 4562 ponti

2114 4566 2255 4629 terga
2279 4558 2430 4629 undis
2457 4558 2579 4629 ipsis
2607 4559 2939 4629 stupentibus.

3437 4632 3682 4699 ﬁdentem

2110 4699 2289 4773 [nerito
2310 4698 2541 4773 sines};
2587 4697 2743 4773 Man,
2786 4698 2922 4754 alter
2935 4698 3105 4769 Rott.,
3132 4698 3255 4770 Ox.,
3278 4697 3471 4771 BongQ,
3495 4700 3681 4773 Fabr.,

2114 4767 2301 4823 Heins.
2323 4776 2377 4822 et
2399 4768 2512 4834 alii,
2535 4776 2580 4821 et
2604 4768 2800 4821 merito.

2182 4837 2271 4911 49,
2315 4837 2391 4911 En
2422 4850 2604 4891 rursus
2634 4836 2939 4911 praeclaram
2978 4835 3138 4890 animi
3170 4836 3549 4911 demissionem
3577 4858 3683 4911 qua

2035 4876 2088 4936 Ι)
2116 4876 2438 4981 ρτῖιέμὲιὶῐὶἱιὲ
2452 4876 3685 4981 333252173356}téiiii'eiijé'iﬁi'iéiiipiié

2112 4990 2219 5044 quo
2249 4977 2387 5031 inter
2413 4970 2599 5029 omnes
2623 4980 2832 5028 constat
2858 4974 3018 5028 vitam
3047 4975 3189 5029 illum
3211 4970 3532 5033 Christianis
3549 4970 3683 5035 ’πιο-

2112 5045 2259 5098 ribus
2281 5044 2557 5098 orteditam
2580 5044 2785 5098 edisse:
2815 5058 2921 5098 auo
2940 5043 3181 5098 defensio
3210 5043 3263 5097 in
3289 5048 3683 5098 oroleaomenis

2112 5043 2259 5098 ribus
2281 5044 2557 5113 praeditam
2580 5044 2785 5113 egisse;
2815 5058 2921 5113 quo
2940 5043 3181 5100 defensio
3210 5043 3263 5097 in
3288 5048 3683 5117 prolegomenis

2112 5127 2141 5165 a
2173 5116 2325 5168 nobis
2354 5121 2596 5182 suscepta
2631 5112 2997 5180 conﬁrmatur,
3043 5113 3252 5167 scilicet
3276 5128 3340 5167 ex
3373 5117 3684 5182 prmfatione

2112 5194 2332 5249 aperum
2365 5181 2716 5237 humilitatem
2753 5181 2920 5252 ipsius
2958 5182 3313 5252 potiusargui
3354 5181 3512 5252 quam
3558 5200 3683 5244 ante

2111 5260 2243 5303 aeta:
2269 5252 2391 5306 vita:
2414 5251 2725 5321 gravissima
2750 5250 2949 5307 scelera
2962 5250 3094 5322 quae
3118 5250 3196 5306 illi
3223 5250 3385 5323 vulgo
3414 5255 3682 5326 imputau-

2112 5328 2268 5468 ωὲρ.
2308 5388 2490 5468 Prag.,
2517 5389 2791 5468 mendose,
2819 5390 2978 5468 soluat
3008 5407 3097 5468 per
3123 5393 3254 5459 freta
3278 5393 3627 5463 naufragium.

2177 5457 2265 5527 55.
2308 5458 2486 5527 Prag.,
2513 5465 2626 5512 vita
2647 5460 2859 5513 tenebris
2886 5457 3104 5514 sine—in.

2178 5526 2268 5608 ψ.
2306 5526 2673 5608 Aliipuppem,
2704 5529 2793 5608 a_l_ii
2821 5529 3299 5608 puppim_seribunt
3322 5551 3347 5608 :_
3366 5533 3534 5608 Simili
3564 5550 3677 5588 me-

2112 5596 2451 5677 tapliora‘vel'
2480 5596 2653 5665 potius
2693 5596 2941 5677 allegoria
2972 5598 3137 5677 utitur
3164 5599 3413 5677 Sidonius
3453 5604 3546 5658 lib.
3596 5619 3671 5672 ts,

2112 5663 2351 5735 epist.“
2377 5683 2386 5717 :
2410 5663 2530 5719 lam
2554 5682 2643 5737 per
2665 5663 2914 5721 alternum
2943 5668 3149 5738 pelagus
3174 5670 3431 5741 loquendi,
3459 5683 3561 5729 etc.
