4052 6184
419 313 523 370 s79

419 429 486 484 10
594 430 785 486 Orator
808 441 958 488 catus
987 434 1223 504 instigat,
1255 446 1353 489 ceu
1378 434 1599 489 classica
1629 435 1757 490 belli

593 519 902 591 Clangeret,
932 525 1248 594 exacuitque
1278 523 1507 591 animos,
1542 534 1598 580 et
1629 525 1750 579 talia
1778 526 1964 595 jactat.

663 611 719 666 Si
747 613 893 668 vobis
925 615 1006 668 vel
1040 623 1208 683 parta,
1240 614 1360 680 viri,
1398 615 1626 669 Victoria
1660 616 1808 670 cordi
1839 625 1940 682 est,

603 701 693 757 Vel
720 704 972 773 parienda
995 705 1212 774 dehinc,
1243 705 1500 776 templum
1523 706 1624 762 dea
1645 708 1794 778 virgo
1817 722 2000 762 sacra-

1790 796 1935 867 [tum

594 888 868 954 Obtineat,
897 889 1048 944 vobis
1097 890 1462 959 regnantibus.
1496 890 1563 944 Et
1583 889 1704 960 quis
1733 891 1936 945 amicus

425 976 490 1033 15
597 979 850 1034 Hostibus
883 979 1017 1034 hanc
1047 990 1224 1036 vestro
1253 992 1441 1037 sancte
1480 991 1637 1052 negat
1675 996 1795 1037 esse
1823 974 2008 1038 colen-

571 1131 767 1234 ⁵763
798 1161 1053 1234 Imperio,
1082 1163 1169 1219 cui
1210 1177 1423 1237 semper
1446 1163 1618 1232 adest,
1667 1073 2008 1234 quoiidlzttildi-

1574 1256 1696 1328 [bus
1718 1257 1940 1335 implet?

675 1345 802 1405 Haec
832 1347 924 1404 ubi
953 1347 1161 1419 legatus
1198 1365 1214 1406 :
1246 1348 1477 1406 reddunt
1505 1348 1867 1418 placidissima
1901 1346 2012 1403 ιτα.

1800 1451 1938 1497 trum

1800 1451 1938 1497 trum

602 1531 705 1586 Ora
736 1531 932 1588 ducum
965 1549 978 1584 :
1011 1531 1247 1602 Scimus,
1279 1546 1440 1603 quam
1481 1533 1556 1588 sit
1581 1439 1805 1588 victoriis
1835 1531 2011 1588 dulcis

501 1713 588 1769 10.
620 1713 804 1786 Catus,
832 1717 1011 1770 doctus
1035 1731 1054 1770 :
1085 1715 1449 1786 Symmachus,
1482 1715 1525 1769 1.

501 1786 589 1839 il.
616 1784 810 1850 lactat,
841 1786 911 1838 ad
937 1784 1174 1840 senatum
1196 1787 1342 1850 dicit,
1374 1787 1414 1840 Ι.

501 1855 591 1927 15.
623 1856 841 1927 §ancre,
870 1856 1127 1927 religiose,
1160 1857 1199 1910 l.

501 1926 591 1995 17.
623 1924 892 1991 Heddunt,
917 1924 1244 1995 respondent,
1272 1925 1312 1979 l.

502 1994 589 2050 19.
623 1997 896 2064 Ausoniae,
924 1996 1192 2052 Romanis.
1213 2026 1284 2036 —
1305 1995 1414 2064 Vir,
1447 1996 1775 2068 Symmache,
1809 1996 1849 2052 1.

1486 322 1764 379 Αυιιιειιι
1804 322 2173 382 PRUDENTII
2214 328 2538 386 CARMINA.

2029 445 2079 500 Α

3585 328 3687 384 180

2286 441 2560 507 Fortibus,
2586 440 2839 495 Ausoniae
2867 439 2951 493 vir
2980 436 3364 493 facundissime
3383 436 3616 508 linguae:

2103 529 2175 585 20
2281 531 2388 588 Sed
2411 531 2607 601 quibus
2631 531 2720 586 illa
2743 529 2940 594 modis,
2973 541 3075 597 qua
3102 527 3176 582 sit
3195 527 3403 582 ratione
3426 529 3690 593 vocanda,

2284 622 2543 677 Novimus
2587 640 2601 676 :
2651 621 2749 675 hac
2799 620 3030 690 primum
3074 633 3269 687 pueros
3314 627 3462 687 pater
3506 602 3691 673 imbuii

3448 710 3620 781 [arte;

2293 803 2440 858 Hanc
2467 804 2719 872 genitore
2746 817 2844 857 suo
2867 802 3053 856 didicit
3083 815 3215 870 puer
3241 803 3356 868 ipse
3387 802 3664 870 magistro.

2286 893 2404 948 Non
2434 895 2567 960 aris,
2611 909 2718 948 non
2748 892 2890 947 farre
2919 893 3075 946 mola:
3103 892 3328 945 victoria
3358 889 3486 946 felix

2290 985 2522 1039 Exorata
2545 986 2689 1040 venit
2717 1001 2730 1037 :
2755 984 2907 1038 labor
2933 983 3183 1053 impiger,
3208 997 3400 1052 aspera
3434 984 3624 1046 virtus,

2111 1077 2182 1132 25
2291 1075 2388 1130 Vis
2417 1077 2608 1141 animi,
2633 1075 2904 1131 excellens
2932 1075 3113 1140 ardor,
3144 1074 3418 1141 violentia,
3446 1091 3595 1142 cura,

2292 1165 2455 1238 764
2481 1166 2629 1222 Hanc
2673 1168 2944 1235 tribuunt,
2990 1165 3184 1220 durum
3217 1165 3511 1221 tractandis
3536 1167 3702 1222 robur

3322 1255 3401 1328 [in
3423 1257 3588 1310 armis
3613 1275 3627 1312 :

2292 1347 2423 1415 Quae
2452 1349 2497 1403 si
2526 1347 2798 1404 defuerint
2825 1347 3165 1414 bellantibus,
3192 1353 3368 1402 aurea
3386 1348 3630 1417 quamvis

2297 1440 2595 1496 Marmoreo
2622 1439 2675 1494 in
2703 1439 2904 1509 templo
2944 1440 3132 1494 rutilas
3160 1438 3399 1493 Victoria
3427 1453 3630 1508 pennas

2301 1531 2565 1602 Explicet,
2593 1542 2648 1587 et
2675 1532 2858 1587 multis
2888 1540 3070 1600 surgat
3101 1531 3324 1585 formata
3353 1530 3570 1586 talentis
3594 1546 3610 1586 :

1739 1624 2022 1682 GLOSSE
2061 1623 2399 1680 VETERES.
2774 1659 2794 1678 .

1830 1734 1837 1741 '
1977 1731 1981 1735 ·
2050 1721 2098 1780 Β
2194 1717 2283 1768 2i.
2315 1715 2494 1781 Pazer,
2529 1713 2796 1778 Romulus,
2824 1713 2864 1768 1.

2194 1785 2285 1838 22.
2321 1785 2490 1852 Hanc,
2521 1795 2701 1847 artem,
2733 1785 3017 1847 victoriam,
3044 1783 3085 1838 Ι.
3339 1821 3353 1834 .

2192 1855 2286 1911 25.
2320 1855 2462 1918 Aris,
2481 1855 2664 1909 sacris.
2683 1883 2755 1895 -—
2776 1854 2960 1920 Farre,
2986 1853 3236 1923 sacriﬁcio
3264 1854 3437 1922 farris,
3469 1854 3510 1910 Ι.

2191 1926 2282 1980 26.
2317 1927 2484 1986 lianc,
2515 1925 2801 1984 victoriam.
2831 1924 2870 1976 1.

2192 1997 2284 2052 29.
2309 1997 2578 2066 Explicet,
2607 1995 2880 2066 expandat.
2900 2023 2968 2033 —
2987 1992 3244 2060 Talentis,
3277 1994 3515 2061 metallis,
3542 1994 3584 2050 l.

1779 2090 2343 2150 COMMENTARIUS.

434 2176 686 2252 Caucli.,_
703 2188 758 2234 et
803 2194 833 2234 a
880 2195 1040 2252 manu
1085 2184 1256 2252 prima
1286 2184 1522 2252 Tbuan.,
1570 2184 1693 2238 Rat.
1723 2180 2019 2252 asecunda

437 2263 617 2319 manu,
645 2249 813 2304 Torn.
843 2251 910 2304 ad
941 2249 1114 2318 oram,
1162 2254 1400 2309 calentes.
1433 2249 1569 2317 PaL,
1603 2250 1804 2310 Widm.
1833 2267 2016 2319 supra,

438 2318 618 2385 ναις..
642 2321 761 2390 Rat.
789 2335 817 2372 a
845 2321 1010 2389 prima
1039 2338 1222 2388 manu,
1253 2324 1398 2390 Ald.,
1423 2324 1590 2378 Torn.
1616 2325 1666 2378 in
1686 2331 1855 2390 textu,
1880 2318 2017 2386 Gis.,

438 2396 682 2459 tenentes.
717 2387 941 2444 Gis.‘ad
973 2407 1166 2459 marg,
1194 2387 1431 2448 colentes.
1473 2393 1722 2448 Heinsius
1752 2403 1808 2447 et
1838 2387 2023 2446 recen-

437 2458 621 2519 tiores,
653 2459 894 2524 calentes,
925 2462 1067 2530 quod
1095 2458 1512 2520 Prudentiauum
1544 2465 1763 2520 Heinsio
1788 2462 2020 2526 videtur,

436 2542 558 2603 eum
599 2538 741 2584 amet
778 2531 1099 2586 Prudentius
1137 2538 1298 2588 verba
1335 2548 1457 2588 cum
1501 2543 1692 2603 quarto
1735 2547 1865 2588 casu
1883 2546 2024 2603 Acon-

436 2596 617 2678 Ῐ¹⁸ξ¹⁰ί³
642 2639 656 2664 ι
683 2609 742 2654 ιη
782 2610 1032 2668 “Nam,
1087 2603 1309 2678 sudare,
1341 2604 1486 2673 ﬂere,
1509 2596 1706 2678 uiuere,
1738 2601 1982 2678 anhelare
2005 2641 2021 2664 ,

437 2673 688 2744 arietare,
728 2686 930 2744 currere
951 2711 965 2735 ,
1013 2675 1304 2744 suspirare,
1338 2679 1564 2735 credere.
1605 2674 1768 2740 sitire,
1805 2673 2023 2744 spirare,

437 2736 631 2806 pluere,
664 2742 886 2809 prurire,
933 2736 1128 2809 ludere,
1164 2736 1473 2811 mendicare,
1507 2736 1812 2815 gloriﬁcare,
1832 2736 1842 2744 ’
1862 2742 2025 2797 resul-

438 2815 566 2873 tare,
612 2826 778 2884 ruere,
816 2826 1090 2884 spumare,
1135 2815 1356 2884 suﬁlare,
1388 2829 1680 2877 susurrare,
1705 2829 1904 2882 sapere,
1947 2823 2027 2864 tu-

439 2892 594 2953 mere,
634 2882 966 2953 t_riumphare,
1007 2882 1246 2950 strepere,
1269 2885 1512 2953 coyilare,
1539 2885 1737 2936 ardere.

511 2947 598 3021 1ο.
635 2949 786 3017 Egm.
831 2965 1014 3017 supra,
1063 2947 1258 3005 artator
1284 2947 1449 3021 catus,
1484 2947 1585 3008 huc
1615 2961 1718 3019 est,
1769 2951 2020 3004 hortator.

442 3015 631 3070 Retine
662 3015 850 3072 orator.

514 3087 602 3139 13.
635 3087 919 3158 Dionysius
949 3088 1384 3146 Halicarnasseus
1411 3092 1500 3147 lib.
1534 3109 1548 3147 ι
1573 3092 1640 3148 de
1666 3098 1847 3146 monte
1870 3089 2026 3144 Pala—

444 3154 748 3252 ﬁll-(335895
815 3156 1101 3252 fanatice
1128 3175 1248 3252 vero
1275 3165 1460 3242 tumuli
1478 3163 1747 3252 LVictorite
1776 3162 1896 3252 [uno
1939 3175 2027 3252 ex:
2055 3189 2102 3252 Ο

443 3234 655 3301 structo,
679 3244 783 3301 rem
809 3229 1031 3301 diuinam
1050 3230 1096 3284 ei
1123 3231 1332 3284 alternis
1371 3234 1518 3288 annis
1549 3234 1660 3301 fieri
1700 3229 2027 3301 instituerunt

445 3294 772 3369 (Arcades),
797 3300 933 3366 quod
970 3309 1016 3353 et
1045 3314 1218 3354 nostra
1245 3311 1393 3357 aztate
1433 3294 1650 3358 Romani
1690 3302 1905 3368 faciunt.
1935 3298 2026 3353 Ci-

446 3381 574 3438 cero
605 3382 750 3432 vero,
787 3369 879 3424 lib.
907 3383 944 3422 ιι
970 3371 1038 3425 de
1067 3371 1183 3424 Nat.
1219 3371 1463 3436 deorum,
1485 3389 1604 3438 cap.
1630 3374 1718 3437 (il,
1741 3383 1794 3426 et
1822 3369 2024 3434 Livius,

446 3434 540 3510 lib.
569 3452 716 3510 xxix,
751 3449 1028 3510 testantur,
1058 3439 1110 3494 in
1140 3440 1380 3494 Palatino
1410 3434 1570 3497 fuisse
1601 3434 1853 3510 templum
1878 3441 2025 3506 ejus-

447 3505 569 3580 dem
597 3506 734 3562 deae.
768 3509 866 3562 Dio
910 3509 1007 3580 lib.
1040 3525 1140 3580 va
1186 3522 1448 3566 memorat
1475 3505 1730 3580 templum
1778 3505 2029 3580 Victoriae

447 3575 509 3652 l_t_i_
527 3591 634 3646 quo
657 3589 796 3652 ‘erat
821 3579 953 3652 cella
979 3579 1118 3652 Asive
1149 3581 1389 3652 iaadicula
1436 3575 1599 3638 Jovis'
1627 3579 1932 3652 Capitolini.
1964 3579 2026 3634 P.

448 3644 632 3722 Victor
655 3645 708 3702 in
739 3649 1304 3722 descriptione_Urbis
1327 3654 1544 3722 regione
1568 3644 1752 3707 octava
1781 3658 2032 3722 recenset

449 3717 718 3790 templum
739 3717 988 3790 Victoriae
1017 3721 1069 3774 in
1097 3719 1252 3776 Foro.
1288 3717 1468 3778 Livius
1496 3724 1588 3777 lib.
1620 3739 1780 3787 xxxv,
1812 3735 1929 3790 cap.
1955 3720 1987 3774 9
2013 3737 2028 3775 :

450 3786 1129 3865 {isdem_diehus5ediculam
1182 3789 1418 3865 Victorite
1445 3793 1672 3865 Virginis
1696 3786 1852 3865 prope
1870 3786 2031 3845 (edem

455 3855 700 3911 Victoria:
728 3859 804 3913 Μ.
836 3859 1052 3915 Porcius
1081 3859 1209 3915 Cato
1235 3862 1503 3918 dedicavit.

455 3964 458 3966 -
521 3928 610 3982 M.
642 3927 1000 4005 Fabr..__Gis.,
1047 3934 1251 4005 ecquis;
1275 3934 1383 3998 alii,
1411 3945 1459 3989 et
1489 3935 1625 4005 quis.
1669 3934 1816 3999 Ald.,
1847 3946 1893 3988 et
1923 3935 2034 4004 quis

450 4013 709 4072 magnus;
737 4003 925 4057 melius
944 4004 1124 4072 etquis
1152 4004 1364 4056 amicus.

522 4068 610 4124 15.
644 4068 764 4124 Vat.
797 4072 865 4138 A,
895 4068 1032 4126 hanc
1055 4080 1217 4125 vestro
1245 4085 1442 4126 sancto.
1496 4072 1616 4126 Ald.
1657 4083 1712 4127 et
1761 4073 1872 4137 alii,
1906 4075 2036 4126 hanc

450 4148 621 4212 sancte
645 4149 841 4212 vestro.
865 4143 1042 4209 Prag.,
1076 4151 1240 4212 neget.
1276 4143 1384 4212 lloc
1427 4143 1600 4207 ipsum
1635 4155 1716 4198 est
1744 4143 1886 4212 quod
1923 4143 2036 4202 aie-

453 4209 548 4262 bat
572 4208 780 4261 Ctecina
812 4211 905 4262 lib.
932 4208 980 4262 vi
1010 4213 1106 4277 Ep.
1141 4211 1266 4263 fam.
1285 4211 1529 4266 Ciceron.
1559 4229 1572 4265 :
1609 4208 1777 4266 Nemo
1803 4225 2037 4267 nostrum

455 4284 549 4352 est,
580 4286 634 4328 ut
673 4277 872 4352 opinor,
903 4280 1026 4349 quin
1069 4288 1180 4352 rota
1233 4279 1472 4352 Victoria:
1506 4299 1614 4337 sua:
1641 4284 1843 4352 fecerit;
1893 4299 2039 4337 nemo

456 4348 601 4424 quin,
627 4346 780 4399 etiam
803 4346 924 4401 cum'
940 4352 1003 4403 de
1027 4350 1129 4402 alia
1154 4366 1208 4424 re
1226 4351 1536 4424 immolaret,
1563 4346 1729 4407 tamen
1752 4369 1808 4408 eo
1835 4355 2038 4424 quidem

457 4415 586 4540 ἷρῗοι
601 4426 842 4486 tempore,
877 4429 929 4474 ut
958 4422 1331 4491 quamprimum
1363 4415 1533 4478 (Σωεαί
1571 4415 1918 4496 superaretur,
1949 4440 2041 4494 0p-

479 4501 510 4536 a
538 4503 566 4536 e
592 4525 606 4539 .

479 4501 606 4539 aret.

649 4557 766 4635 Vat.
791 4561 1044 4635 A,_qnid;
1079 4564 1359 4631 legendum
1387 4567 1540 4635 quod.

531 4629 616 4702 η.
645 4628 795 4702 ALL,
844 4628 958 4686 Gis.
997 4634 1063 4686 ad
1095 4628 1242 4688 oram
1272 4636 1298 4690 1
1327 4628 1439 4701 edi,
1481 4636 1587 4689 ltwc
1616 4635 1700 4688 ubi
1723 4635 1858 4688 dicta
1879 4635 2037 4702 dedit,

499 4699 600 4775 uod
631 4700 828 4766 passim
859 4715 889 4755 a
921 4703 1146 4773 Virgilio
1179 4699 1434 4773 usurpari
1449 4707 1698 4761 observat
1725 4699 2036 4775 Grangwus.

489 4769 624 4847 dem_
651 4778 800 4847 notat
843 4783 985 4847 recte
1022 4769 1251 4847 reddunt
1281 4769 1378 4847 pro
1416 4777 1721 4847 respondent
1760 4769 2042 4842 adhiberi,

463 4841 714 4913 quoniam
739 4840 862 4895 dare
883 4843 1167 4913 aliquando
1192 4840 1501 4901 est—dicere;

535 4911 623 4965 18.
656 4909 786 4965 Mar‘.
807 4927 836 4965 a
868 4909 1035 4979 prima
1064 4930 1245 4980 manu,
1274 4918 1486 4969 victoria
1513 4917 1678 4981 ducis,
1710 4917 1868 4970 male.

522 4982 558 5062 .1
571 4982 622 5034 9.
651 4980 796 5105 ita,
821 4983 1031 5051 fortibus
1057 4986 1315 5052 Ausoniae,
1343 4989 1418 5039 vir
1453 4980 1816 5057 facundissime
1845 4987 2039 5059 lingua,

522 5067 639 5105 mus
707 5069 825 5105 ene.

465 5065 639 5106 IDII’IOS
669 5065 825 5106 bene.

533 5122 625 5176 22.
657 5122 865 5176 Teolius
896 5122 1086 5196 ingnot.
1119 5125 1183 5196 ad
1214 5141 1357 5180 vers.
1381 5126 1414 5181 8
1445 5127 1647 5196 colligit
1670 5141 1732 5180 ex
1758 5126 1858 5180 hoc
1874 5141 2041 5190 versu

465 5191 564 5266 22,
605 5208 777 5266 avum,
802 5195 1014 5248 Arcadii
1053 5195 1362 5266 etii-lonorii
1409 5191 1595 5251 fuisse'
1611 5197 1848 5266 religioni
1888 5198 2044 5250 Chri-

467 5263 654 5336 stiana:
678 5265 967 5336 addictum,
997 5265 1138 5335 quod
1169 5265 1312 5320 clare
1353 5266 1565 5336 liquere
1585 5283 1687 5336 non
1715 5263 1886 5336 puto:
1919 5281 2040 5320 nam

469 5334 616 5414 ratio.
655 5335 876 5414 parandi
913 5334 1223 5414 victoriam,
1277 5334 1734 5414 qumnsubjicitur,
1778 5339 1938 5389 etiam
1991 5339 2043 5389 in

471 5404 694 5458 ethnicis
721 5407 882 5459 valet.
913 5405 1041 5460 Illud
1065 5413 1270 5460 constat
1296 5404 1366 5459 ex
1395 5405 1605 5468 Orosio,
1647 5421 1832 5459 eorum
1863 5421 2041 5470 avum,

472 5481 751 5542 antequam
780 5476 1134 5538 occideretur,
1168 5475 1421 5542 baptizari
1453 5475 1700 5529 voluisse.
1750 5475 1876 5529 Post
1906 5475 2044 5530 hunc

474 5554 681 5614 versum
712 5555 904 5614 caetera
929 5546 980 5601 in
1006 5545 1255 5614 Pragensi
1286 5546 1470 5601 codice
1495 5545 1954 5599 desiderabantur.

539 5610 633 5691 '25.
667 5612 812 5691 Ald._,
844 5631 943 5667 non
967 5610 1250 5684 farre—sale.
1280 5618 1420 5691 Lege
1442 5633 1540 5691 non
1569 5616 1706 5684 farre
1725 5615 1892 5668 molae.
1925 5617 2050 5691 Bar-

475 5679 620 5734 thius
647 5696 710 5733 cx
752 5679 976 5760 charta,'
998 5701 1155 5760 nianu
1185 5679 1652 5754 veteri'probeque
1687 5698 1923 5760 exarata,
1955 5686 2050 5760 Adi-

478 5763 658 5809 versas
677 5754 971 5824 scripturas
998 5755 1066 5808 ad
1093 5754 1232 5813 hunc
1260 5766 1316 5814 et
1335 5772 1485 5827 seqq.
1507 5772 1692 5816 versus
1712 5757 1933 5816 adnotat
1953 5755 2044 5815 lib.

2123 2199 2216 2248 xx,
2248 2195 2366 2246 cap.
2398 2179 2451 2234 8.
2493 2179 2588 2234 Hic
2623 2192 2811 2249 versus
2841 2179 2912 2232 ita
2956 2178 3028 2233 ibi
3061 2180 3354 2249 legebatur,
3400 2180 3520 2233 Non
3549 2183 3707 2245 arris,

2123 2269 2226 2305 non
2274 2254 2431 2321 farre,
2473 2249 2638 2321 ntola_
2667 2247 2893 2321 Victoria
2930 2249 3094 2321 velox.
3118 2247 3390 2321 Mendosﬁe
3429 2251 3584 2306 arris.
3637 2255 3708 2307 At

2125 2318 2299 2391 farre,
2333 2321 2502 2391 mola,
2533 2319 2734 2391 optime
2759 2318 2988 2391 disjungi
3021 2320 3317 2391 arbitratur
3339 2320 3618 2391 Barthius,
3653 2331 3708 2381 ut

2125 2388 2275 2458 c0pia
2325 2389 2495 2458 major
2543 2390 2610 2443 sit
2642 2388 2865 2457 poetica:
2895 2389 3232 2452 eloquentia.
3274 2389 3440 2444 Velox
3475 2406 3583 2445 non
3630 2392 3708 2446 illi

2127 2461 2373 2529 όὶειιιὶεθι
2397 2477 2410 2513 :
2435 2460 2520 2514 cui
2547 2458 2689 2513 enim
2724 2473 2828 2529 non
2857 2459 2969 2514 ales
3001 2459 3274 2514 Victoria?

2197 2528 2287 2586 24.
2319 2530 2376 2584 1n
2410 2544 2510 2582 ms.
2546 2529 2776 2601 Barthii,
2808 2528 2969 2601 labor,
2997 2530 3216 2601 impigra
3241 2541 3289 2584 et
3314 2546 3495 2600 aspera
3520 2532 3702 2598 virtus,

2127 2617 2248 2671 quae
2274 2602 2430 2671 lectio
2448 2601 2518 2671 ab
2548 2614 2613 2671 eo
2644 2598 2948 2666 negligitur.

2197 2671 2288 2727 25.
2311 2669 2529 2724 Teolius
2555 2670 2649 2732 ait,
2685 2683 2818 2730 pene
2845 2681 3031 2723 omnes
3069 2667 3357 2724 Vaticanos
3400 2677 3455 2723 et
3500 2669 3710 2725 Heinsii

2127 2739 2638 2810 plerosquerhabere
2667 2738 2927 2802 uiolentia,
2950 2754 3111 2805 cura;
3133 2740 3225 2794 sed
3256 2739 3478 2794 Heinsio
3497 2740 3548 2794 in
3571 2742 3710 2810 notis

2130 2808 2300 2876 inagis
2327 2808 2566 2864 arridere
2597 2808 2881 2864 lectionem
2909 2810 3195 2879 vigilantia.
3237 2825 3391 2871 curae,
3425 2825 3545 2876 qua:
3571 2809 3709 2865 Cha-

2134 2881 2377 2934 millardo
2405 2879 2565 2950 unice,
2585 2879 3077 2950 probatumﬁescio
3113 2880 3349 2950 quinam
3369 2879 3585 2950 codices
3609 2882 3706 2933 ha-

2130 2949 2621 3021 beantruigilantia,
2657 2965 2815 3004 cui-az.
2855 2949 3112 3021 Heinsius
3133 2948 3214 3004 'ad
3241 2948 3403 3004 verba
3447 2949 3707 3014 violentia,

2133 3035 2278 3082 cura,
2310 3019 2360 3072 id
2387 3016 2590 3072 iantum
2623 3029 2770 3072 notat
2799 3036 2811 3072 :
2844 3016 2927 3073 Ita
2955 3021 3152 3074 codices
3177 3035 3197 3074 :
3224 3034 3526 3075 VIGILANTIA
3553 3035 3709 3074 cuna

2132 3089 2462 3159 nihilominus
2504 3089 2701 3159 videtur
2745 3089 3120 3159 castigandum.
3165 3090 3348 3159 Neque
3376 3089 3518 3143 aliud
3565 3091 3712 3145 addit

2133 3158 2546 3226 Cbamillardus,
2589 3158 2681 3226 qui
2721 3158 2891 3213 edidit
2924 3159 3184 3224 violentia,
3225 3158 3374 3224 cura,
3422 3169 3476 3213 et
3507 3160 3558 3214 in
3588 3169 3712 3214 nota

2131 3229 2307 3283 solum
2344 3229 2456 3282 ait:
2490 3225 2578 3281 Ita
2609 3229 2831 3292 codices,
2871 3230 3036 3290 inquit
3078 3229 3341 3294 Heinsius,
3380 3229 3715 3283 nihilominus

2130 3314 2431 3355 VIGILANTIA
2458 3299 2656 3353 videtur
2677 3299 3053 3369 castigandum.
3081 3300 3328 3354 Heinsius
3347 3301 3713 3364 conjecturam

2132 3369 2362 3425 fortasse
2391 3369 2618 3438 sumpsit
2637 3383 2703 3422 ex
2734 3369 2970 3431 Barthio,
2999 3370 3089 3438 qui
3114 3371 3164 3424 in
3187 3385 3287 3424 suo
3313 3384 3416 3438 ins.
3449 3370 3594 3437 legit.
3621 3369 3713 3422 Vis

2131 3440 2290 3492 animi
2330 3437 2599 3503 excellens,
2641 3439 2824 3494 ardens
2861 3440 3122 3505 violentia,
3153 3437 3398 3503 curae,et
3425 3438 3715 3507 praeferen-

2131 3509 2258 3564 dum
2287 3518 2434 3579 putat
2457 3524 2628 3573 curae;
2654 3520 2762 3562 tum
2796 3509 3095 3574 existimat,
3126 3510 3363 3564 violentia
3385 3519 3716 3564 commutatis

2131 3581 2259 3634 dum
2284 3582 2334 3634 in
2356 3579 2641 3650 vigilantia.
2669 3579 2888 3642 Verum,
2911 3579 3349 3634 dissentientibus
3369 3579 3528 3650 codd.
3556 3594 3711 3650 mss.,

2134 3650 2265 3705 nihil
2301 3649 2637 3715 mutandum,
2680 3663 2803 3710 cum
2830 3650 3072 3704 uiolentia
3106 3651 3192 3704 hic
3220 3651 3380 3705 etiam
3413 3649 3589 3704 locum
3621 3649 3718 3704 ba-

2135 3721 2260 3776 beat
2285 3735 2383 3790 pro
2425 3719 2676 3785 audacia;
2705 3730 2798 3773 aut
2822 3733 2888 3774 eo
2916 3733 3076 3774 sensu
3107 3733 3214 3787 quo
3233 3720 3297 3790 in
3338 3733 3488 3774 sacra
3520 3722 3719 3788 pagina

2132 3787 2353 3856 dicitur,
2372 3790 2614 3845 violentos
2632 3804 2820 3857 rapere
2842 3805 3063 3858 regnum
3089 3790 3203 3846 Dei.
3217 3787 3455 3845 Catullus
3475 3787 3534 3844 in
3544 3787 3718 3850 carm.

2134 3861 2293 3929 Nupt.
2331 3861 2441 3916 ait:
2477 3862 2623 3913 Amat
2651 3860 2859 3913 victoria
2883 3876 3080 3929 curant.

2203 3928 2295 3985 26.
2329 3931 2384 3984 In
2417 3947 2518 3986 ms.
2551 3929 2750 3984 Barthii
2782 3931 2974 3999 legitur
3003 3928 3156 3984 Hanc
3176 3930 3422 3994 tribuunt,
3451 3930 3639 3983 durum
3667 3938 3722 3983 et

2136 4001 2416 4054 tractandis
2437 4001 2590 4052 robur
2607 4001 2659 4052 in
2681 4000 2857 4052 armis.
2886 3999 2992 4054 Sed
3033 4001 3278 4054 Barthius
3301 4000 3500 4053 mavult
3525 4001 3716 4053 durum

2137 4071 2415 4124 tractandis
2452 4071 2604 4122 robur
2645 4072 2696 4123 in
2736 4071 2893 4123 armis
2926 4070 3044 4124 sine
3069 4080 3155 4132 et,
3191 4079 3246 4124 ut
3277 4072 3391 4123 haec
3416 4068 3580 4124 verba
3612 4071 3723 4124 sint

2136 4141 2377 4196 definitio
2397 4141 2639 4208 qumdam
2666 4139 3042 4209 victoriaque:
3064 4139 3192 4193 nihil
3216 4141 3360 4194 aliud
3389 4152 3484 4204 est,
3517 4140 3616 4193 nisi
3640 4141 3724 4192 in-

2137 4211 2323 4264 victum
2366 4211 2543 4275 robur,
2586 4211 2805 4263 inscium
2843 4211 3019 4264 cedere
3057 4212 3112 4263 in
3153 4211 3332 4264 armis.
3375 4209 3500 4264 Mihi
3533 4211 3586 4264 id
3614 4225 3723 4264 non

2141 4282 2311 4349 placet
2339 4297 2350 4333 :
2379 4294 2504 4333 nam
2531 4282 2710 4348 potius
2734 4279 2939 4348 accipio
2969 4281 3157 4333 durum
3188 4279 3342 4334 robur
3382 4280 3433 4333 in
3480 4281 3726 4333 nomina-

2141 4351 2270 4416 tivo,
2301 4359 2360 4404 ut
2399 4351 2559 4404 etiam
2590 4351 2754 4404 robur
2792 4350 3120 4419 intelligatur
3147 4352 3382 4404 tribuere
3421 4350 3725 4404 vietoriam.

2141 4421 2274 4475 Tota
2308 4421 2422 4475 haec
2446 4421 2712 4474 sententia
2752 4434 3005 4484 expressa
3038 4431 3120 4474 est
3146 4421 3288 4488 apud
3317 4419 3634 4488 Sallustium
3668 4421 3727 4474 in

2143 4489 2390 4557 Catilina,
2423 4499 2478 4544 et
2503 4491 2795 4545 Arnobium
2828 4489 2920 4545 lib.
2954 4505 3046 4555 vn,
3078 4491 3218 4560 quod
3251 4490 3459 4545 notavit
3484 4487 3730 4544 Chaiuil-

2067 4560 2120 4620 D
2146 4561 2344 4616 lardus.

2215 4632 2309 4688 28.
2338 4631 2640 4695 Turnebus,
2667 4647 2817 4685 num.
2840 4630 2945 4686 390
2976 4631 3228 4693 Advers.,
3259 4630 3451 4684 rutilas
3477 4628 3732 4685 Victoriae

2147 4716 2347 4771 pennas
2375 4701 2616 4771 explicat
2655 4702 2934 4771 Ciceronis
2974 4702 3154 4756 verbis
3187 4716 3242 4757 ιιι
3274 4701 3340 4754 de
3368 4700 3566 4771 Natura
3595 4700 3732 4753 deo-

2144 4770 2282 4839 rum,
2309 4773 2400 4827 ubi
2433 4770 2936 4840 Victoriolasaureas
2962 4780 3242 4836 memorat,
3266 4770 3406 4840 quod
3430 4771 3638 4825 scilicet
3662 4785 3732 4824 ex

2146 4858 2278 4898 auro
2322 4857 2414 4896 eas
2453 4842 2628 4896 facere
2675 4839 2932 4895 solerent.
2981 4839 3326 4906 Claudianus,
3367 4841 3633 4909 Panegyr.
3663 4842 3736 4895 de

2147 4921 2300 4967 sexto
2329 4913 2608 4968 consulatu
2656 4911 2880 4965 Honorii
2917 4912 2984 4965 de
3012 4912 3243 4965 Victoria
3285 4911 3338 4964 in
3365 4911 3516 4963 curia
3545 4911 3686 4962 .Iulia
3719 4928 3734 4963 :

2148 4983 2396 5036 Romana:
2429 4982 2584 5036 tutela
2614 4992 2761 5049 logie,
2793 4997 2906 5049 qum
2935 4983 3085 5034 divite
3130 4997 3298 5049 penna
3341 4979 3558 5032 Patricii
3587 4996 3733 5032 rere-

2146 5058 2305 5106 renda
2337 5055 2466 5122 fovet
2485 5055 2712 5106 sacraria
2741 5063 2915 5122 cintus.
2947 5052 3098 5118 Apud
3126 5049 3394 5122 Romanos
3416 5049 3736 5118 plerumque

2146 5125 2258 5178 ales
2284 5122 2638 5192 efﬁngebatur
2660 5121 2896 5176 Victoria
2925 5139 2938 5175 :
2970 5121 3277 5192 iniquodam
3309 5130 3483 5192 tamen
3516 5136 3737 5173 nummo

2146 5194 2252 5248 Τιιί
2277 5195 2394 5246 sine
2421 5191 2522 5248 alis
2550 5192 2857 5248 exhibetur.
2878 5191 3266 5247 Lacedaemonii
3295 5191 3454 5244 etiam
3481 5199 3539 5244 et
3569 5191 3739 5244 Athe-

2149 5265 2363 5319 nienses
2397 5262 2684 5317 Victoriam
2725 5264 3057 5318 involucrem
3100 5262 3585 5330 reprtesentabant,
3619 5271 3738 5313 tan-

2129 5348 2305 5404 quam
2331 5333 2704 5404 semperapud
2734 5348 2827 5388 eos
2855 5346 3181 5404 mansuram.

2218 5404 2302 5459 29.
2341 5403 2487 5466 Ald.,
2515 5400 2756 5457 Tornaes.
2790 5404 2842 5458 in
2876 5411 3044 5467 textu,
3078 5400 3476 5464 Galland.,Cis.
3504 5401 3555 5453 in
3586 5407 3738 5452 textu

2147 5491 2176 5527 e
2203 5474 2316 5538 ed.,
2350 5483 2404 5527 et
2434 5474 2499 5526 ad
2531 5488 2698 5541 marg.
2722 5473 2755 5526 2
2780 5473 2893 5537 ed.,
2926 5474 3142 5542 formata
3172 5471 3411 5542 metallis.
3441 5470 3739 5542 Apud_lso-

2151 5561 2270 5598 nem
2299 5542 2515 5596 metallis
2541 5539 2750 5596 videtur
2777 5539 2986 5598 diverSa
3016 5543 3197 5605 lectio,
3234 5557 3339 5596 non
3368 5541 3565 5609 glossa.
3601 5539 3738 5592 Pru-

2150 5615 2363 5669 dentius
2394 5613 2599 5667 videtur
2631 5613 2962 5679 potissimum
2998 5613 3142 5681 loqui
3172 5613 3240 5665 de
3264 5611 3503 5665 Victoria
3531 5609 3738 5681 quagin

2152 5686 2300 5738 curia
2323 5684 2458 5739 Julia
2489 5683 2753 5749 exstabat,
2776 5698 2904 5739 vero
2926 5679 3149 5738 formata
3173 5682 3354 5736 multis
3384 5682 3620 5749 talentis.
3639 5679 3745 5732 Dio

2155 5757 2248 5813 lib.
2285 5771 2333 5814 ι.ι
2354 5755 2422 5812 de
2443 5759 2682 5825 Augusto
2703 5748 2822 5824 post
2846 5753 3125 5812 victoriam
3150 5751 3424 5814 Actiacam
3451 5769 3465 5806 :
3494 5748 3601 5803 His
3625 5763 3744 5820 per-
