4052 6184
243 293 335 348 l8!

424 495 586 563 Quid,
619 496 798 555 miles,
822 494 1052 563 propriis
1079 494 1282 548 diflisus
1305 495 1522 558 viribus,
1553 507 1703 565 aptas

419 589 576 658 765
608 587 757 640 Irrita
783 585 1028 638 feminea:
1051 586 1256 640 tibimet
1280 585 1469 640 solatia
1495 587 1724 642 formae?

422 677 699 744 Nunquam
733 673 1072 744 pennigeram
1104 674 1244 742 legio
1274 675 1468 730 ferrata
1507 675 1739 744 puellam

425 767 589 833 Vidit,
620 765 960 820 anhelantum
991 775 1203 834 regeret
1231 781 1348 833 qua:
1374 767 1478 820 tela
1506 767 1766 821 virorum.

249 857 316 914 55
424 855 681 912 Vinceudi
713 855 909 924 quaeris
947 853 1259 910 dominam?
1298 869 1394 911 sua
1418 856 1610 924 cuique
1641 856 1826 910 dextra

1634 945 1758 1016 [est',

1338 291 1538 348 LIBER
1576 292 1620 347 ll
1658 293 1933 350 CONTRA
1975 291 2430 348 SYMMACIIUM.

243 412 309 466 50
419 405 533 460 Non
568 405 761 469 aderit,
806 401 1080 472 versisque
1106 401 1304 458 oll‘ensa
1335 405 1602 460 videbitur
1630 406 1814 462 hastis.
1847 411 1895 468 Α

3397 293 3500 348 182

2097 406 2163 461 Et
2194 406 2333 462 Deus
2351 406 2688 475 omnipotens
2712 421 2726 459 :
2751 419 2856 460 non
2889 418 3024 476 pexo
3051 404 3196 460 crine
3217 406 3397 475 virago
3415 451 3430 474 ,

2105 495 2214 550 Nec
2241 496 2384 551 nudo
2404 510 2661 564 suspensa
2693 496 2847 563 pede,
2876 494 3221 568 strOphioque
3245 497 3501 562 recincta,

2107 586 2266 656 766
2285 585 2392 640 Nec
2414 584 2642 640 tumidas
2656 584 2896 639 ﬂuitante
2917 585 3036 639 sinu
3048 584 3238 640 vestita
3261 585 3506 654 papillas.

2109 677 2215 731 Aut
2242 692 2335 732 vos
2357 678 2621 747 pictorum
2651 677 2830 733 docuit
2869 693 3058 732 manus
3085 679 3404 732 assimulatis

1933 765 2004 822 40
2108 765 2235 820 Jure
2266 777 2541 836 poetarum
2575 781 2767 822 numen
2795 782 3116 834 componere
3143 767 3429 821 monstris:

2107 859 2212 909 Aut
2239 855 2414 924 lepida
2448 871 2513 911 ex
2545 865 2724 910 vestro
2746 858 2976 925 sumpsit
3003 858 3208 926 pictura
3231 858 3473 922 sacello,-

2107 947 2260 1012 ρωιά
2291 949 2452 1003 variis
2478 949 2681 1003 imitata
2714 949 2872 1013 notis,
2899 963 3126 1018 ceraque
3157 947 3379 1017 liquenti

1600 1036 1883 1093 ϐιοδείΕ
1922 1038 2252 1094 VETERES.

320 1131 413 1188 30.
445 1127 647 1191 Versis,
677 1125 802 1195 cum
831 1125 883 1178 in
914 1125 1090 1195 fugam
1110 1131 1372 1178 vertuntur
1400 1124 1652 1188 homines,
1679 1127 1717 1180 1.

322 1201 416 1254 32.
452 1199 677 1262 Formm,
713 1193 948 1249 Victoria:
968 1193 1097 1259 deat,
1123 1210 1236 1265 quae
1254 1195 1475 1264 formam
1507 1197 1710 1266 femina:
1735 1195 1830 1248 ha-

261 1270 812 1397 beglEOAnhelantum,
843 1332 1139 1387 sudantium
1173 1334 1323 1400 bello,
1354 1335 1396 1388 1.

291 1409 412 1531 .361.
445 1407 618 1471 Pexo,
649 1412 851 1460 ornato.
872 1432 942 1442 —
965 1403 1178 1474 Virago,
1215 1405 1364 1472 fortis
1396 1404 1605 1474 femina,
1651 1403 1825 1458 Victo-

291 1495 353 1531 ια.
408 1517 422 1530 .
1023 1488 1032 1498 ·

262 1488 353 1541 ria,
383 1488 422 1531 I.
1023 1488 1032 1498 ‘

2005 1128 2095 1199 37.
2121 1128 2414 1199 Suspensa,
2434 1130 2649 1182 elevata.
2674 1158 2742 1169 —
2761 1127 3035 1197 Strophio,
3058 1129 3283 1199 cingulo,
3313 1129 3353 1182 1.

2004 1197 2096 1252 38.
2122 1198 2395 1260 Tumidas,
2422 1215 2512 1264 per
2537 1199 2778 1264 tumidas,
2809 1199 2848 1252 Ι.

2006 1266 2096 1321 40.
2127 1267 2273 1329 Jure,
2303 1269 2422 1337 quia
2445 1267 2539 1320 hoc
2568 1270 2650 1321 lea:
2676 1279 2940 1335 poetarum
2967 1277 3062 1332 est,
3091 1269 3129 1321 1.

2006 1337 2096 1422 4i:
2125 1337 2340 1422 Lepida,
2389 1348 2582 1408 aperta,
2625 1339 2884 1406 eloquens,
2923 1337 3156 1408 pulchra.
3181 1367 3244 1377 —
3281 1338 3507 1403 Sacello,

1937 1409 2295 1543 “hisiis,
2330 1476 2533 1546 ﬁguris,
2562 1476 2838 1546 coloribus,
2865 1476 2904 1531 ι.

1659 1565 2210 1622 COMMENTARIUS.

270 1659 406 1724 sctis,
436 1656 683 1730 Minerva:
703 1654 973 1730 templum,
992 1664 1038 1708 et
1065 1655 1198 1724 quod
1224 1654 1578 1730 Chalcidicum
1603 1666 1834 1730 vocatur,
1866 1658 1915 1718 B
1942 1658 2018 1711 vel
2047 1660 2226 1730 galeae,
2275 1660 2349 1714 vel
2387 1675 2552 1726 prora:
2589 1659 2751 1722 navis,
2782 1662 2890 1712 alas
2926 1660 3068 1712 binas
3095 1659 3316 1730 humeris
3340 1661 3511 1730 omnis

270 1740 368 1782 tum
396 1729 591 1781 curiam
619 1725 840 1791 Juliam,
871 1728 922 1777 in
953 1725 1193 1794 honorem
1223 1726 1379 1792 patris
1407 1727 1486 1779 sui
1514 1729 1718 1794 factam.
1745 1727 1835 1777 de-

272 1798 444 1851 dicavit
473 1799 565 1851 :in
594 1812 750 1864 eaque
775 1795 1049 1864 imaginem
1078 1793 1315 1864 Victoria:
1339 1793 1526 1861 posuit,
1549 1809 1661 1864 qua:
1690 1796 1842 1848 hodie

274 1884 457 1935 quoque
481 1859 916 1935 exstat,"l‘arento
943 1864 1064 1916 olim
1093 1859 1571 1935 RontanLadvecta,‘
1587 1882 1648 1918 ac
1673 1882 1704 1918 a
1733 1864 1842 1918 Ca:-

273 1933 384 1991 sare‘
414 1948 519 1990 tum
548 1938 601 1990 in
637 1936 778 1990 curia
798 1934 964 2004 posita
988 1943 1034 2005 et
1062 1933 1240 2005 spoliis
1269 1933 1529 2005 /Egyptiis
1559 1937 1796 1989 decorata
1822 1950 1840 1986 :

274 2023 365 2076 quo
387 2006 559 2061 Censor
587 2002 831 2076 nimirum
853 2002 1141 2076 ostendebat
1193 2002 1551 2076 imperiumse
1572 2020 1634 2058 ea:
1669 2005 1843 2076 Victo-

274 2072 348 2129 ria
374 2093 478 2130 esse
504 2077 765 2144 adeptum.
815 2073 871 2126 ln
902 2072 1066 2127 veteri
1104 2073 1344 2144 Romano
1382 2073 1713 2130 Malfeiorum
1744 2075 1845 2128 Ca-

276 2146 510 2200 lendario
539 2143 644 2198 Ara
677 2143 917 2198 Victoria:
942 2144 997 2195 in
1028 2144 1169 2196 curia
1197 2143 1429 2196 dedicata
1458 2144 1652 2212 legitur
1677 2161 1707 2197 v
1733 2145 1838 2198 cal.

278 2215 424 2280 Sept.
469 2216 546 2270 De
575 2215 676 2269 hac
707 2213 937 2267 Victoria
969 2227 1128 2267 aurea
1157 2213 1334 2280 pondo
1363 2213 1466 2268 3‘20
1508 2214 1575 2268 ab
1614 2214 1844 2268 Hierone

279 2286 430 2338 missa
459 2284 580 2339 vide
607 2284 810 2338 Livium
843 2282 937 2336 lib.
964 2297 1058 2346 ιιι,
1098 2297 1216 2348 cap.
1257 2283 1327 2338 37
1357 2284 1444 2351 qui
1476 2283 1644 2338 refert
1669 2284 1719 2336 in
1746 2284 1846 2338 Ca-

280 2355 462 2422 pitolio
505 2364 557 2409 et
591 2354 642 2407 in
683 2353 881 2421 templo
901 2351 1071 2422 lovis?
1079 2351 1251 2422 fuisse
1293 2352 1543 2422 locatam.
1577 2352 1652 2407 De
1675 2353 1848 2408 Victo-

280 2420 468 2478 riarum
496 2424 670 2478 aureis
699 2420 1016 2492 simulacris,
1049 2420 1424 2478 Valentiniano
1451 2436 1480 2476 a
1502 2422 1846 2492 Tripolitanis

280 2494 489 2553 oblatis,
515 2498 624 2561 aglt
646 2491 957 2561 Ammianus
980 2492 1072 2544 lib.
1101 2507 1284 2545 xxvm.
1369 2519 1408 2556 ι

343 2565 428 2619 50.
476 2560 613 2628 PaL,
660 2578 759 2615 non
790 2560 1022 2623 sederint,
1073 2562 1231 2616 male.
1277 2561 1491 2617 Juretus
1514 2568 1760 2628 testatur,
1791 2563 1846 2616 in

279 2633 591 2699 quibusdam
621 2632 834 2686 schedia
875 2646 969 2698 pro
998 2630 1155 2684 hastis
1196 2631 1294 2700 legi
1336 2632 1453 2694 alis,
1485 2638 1542 2685 et
1567 2639 1850 2700 utrumque

279 2703 351 2754 ait
372 2702 668 2758 rectissime
698 2701 804 2755 dici
830 2717 842 2752 :
876 2715 995 2754 nam
1023 2700 1252 2754 Victoria
1281 2702 1392 2755 ales
1416 2702 1650 2768 tingitur,
1681 2711 1737 2755 et
1758 2701 1854 2753 ha-

279 2781 386 2826 stas
410 2773 594 2835 vertit,
626 2785 746 2825 cum
775 2771 879 2824 vim
909 2784 1119 2825 omnem
1149 2770 1254 2825 alio
1278 2769 1540 2825 convertit
1569 2786 1584 2824 :
1609 2770 1852 2838 adeoque

280 2851 449 2909 putat,
475 2857 506 2894 a
533 2849 714 2895 vetere
737 2849 793 2894 et
819 2847 1030 2908 recepta
1058 2840 1286 2895 lectione
1314 2855 1420 2895 non
1449 2849 1652 2896 temere
1679 2839 1853 2896 disce-

279 2910 530 2965 dendum.
563 2925 682 2980 qua:
709 2924 832 2963 suas
860 2911 1017 2964 habet
1044 2924 1290 2965 veneres.

343 2983 432 3036 3i.
465 2978 615 3043 Aldl,
645 2980 783 3042 PaL,
812 2980 941 3033 Mar.
970 2995 998 3032 a
1028 2980 1192 3048 prima
1221 2995 1400 3043 manu,
1429 2978 1640 3034 codices
1665 2978 1851 3034 Heins.

277 3063 467 3120 praeter
497 3051 726 3104 alterum
760 3051 929 3112 Roth,
951 3061 1004 3102 et
1028 3049 1198 3120 nostri
1232 3050 1498 3120 plerique,
1526 3058 1694 3120 aptas,
1724 3051 1851 3120 etin

281 3117 431 3174 Alex.
455 3121 634 3188 glossa
661 3121 713 3172 id
749 3129 846 3182 est,
876 3119 1119 3172 associas.
1141 3117 1519 3188 Jutetoetiam
1543 3117 1854 3174 concinnius

280 3187 484 3254 videtur
513 3188 838 3258 aptas,quod
863 3189 915 3242 in
938 3203 1035 3258 suo
1058 3203 1158 3242 ms.
1181 3187 1445 3243 exstabat.
1463 3188 1620 3252 Urb.,
1636 3189 1850 3254 Weitz.,

280 3261 414 3327 Gis.,
445 3270 613 3326 optas.
648 3259 890 3314 Barthius
917 3258 987 3313 ita
1019 3257 1119 3327 legi
1149 3265 1206 3313 et
1233 3257 1483 3326 distingui
1525 3260 1576 3311 in
1624 3272 1723 3312 suo
1749 3276 1852 3314 ms.

279 3332 509 3383 afﬁrmat
542 3346 563 3382 :
607 3330 744 3394 Quid
785 3327 929 3381 miles
968 3328 1190 3397 prapriis
1227 3327 1418 3397 difﬁsus
1458 3327 1680 3398 viribus;
1711 3340 1854 3398 optas

280 3398 438 3453 Irrita
459 3401 688 3465 {eminere
709 3399 895 3452 tibimet
917 3399 1097 3451 solatia
1120 3398 1299 3467 {omne
1313 3398 1341 3467 ?r
1358 3406 1414 3450 ut
1433 3397 1676 3467 videatur
1695 3397 1856 3453 abru-

281 3480 402 3540 ptus
429 3469 641 3540 quidam
662 3483 861 3540 sensus
881 3468 1021 3540 velut
1051 3466 1378 3540 indignantis
1398 3481 1519 3540 esse
1544 3466 1815 3540 Victoriae.

347 3535 622 3604 34.'Ald.,
657 3539 788 3593 Mar.
820 3552 849 3591 a
873 3539 1038 3606 prima
1064 3535 1221 3592 manu
1253 3535 1391 3590 Vidit
1415 3536 1755 3602 anhelantem,
1778 3554 1856 3592 re-

279 3621 416 3680 geret
441 3624 557 3680 quie
583 3609 685 3680 tela
710 3609 950 3680 virogtm,
980 3607 1156 3680 minus
1182 3607 1337 3661 bene.
1366 3677 1374 3680 _
1531 3655 1537 3660 .

349 3679 445 3734 35.
464 3677 610 3741 Ald.,
639 3677 1026 3741 Mar.,Weitz.,
1053 3676 1194 3741 Gis.,
1219 3693 1314 3730 sua
1342 3677 1545 3730 dextera
1562 3678 1742 3745 cuique
1761 3685 1852 3730 est.

284 3749 407 3804 Vat.
437 3749 498 3811 A,
532 3749 707 3816 Egm.,
732 3747 900 3801 .lureti
927 3749 1118 3809 codex,
1148 3747 1286 3809 PaL,
1313 3745 1513 3800 Widm.
1549 3762 1727 3815 supra,
1760 3763 1856 3800 sua

280 3821 493 3872 dextera
518 3818 638 3886 forti
661 3828 758 3879 est,
787 3816 928 3886 quod
963 3819 1173 3884 prmfert
1199 3816 1434 3879 Juretus,
1466 3816 1588 3883 quia
1629 3831 1734 3868 non
1764 3831 1857 3870 cn-

279 3889 488 3958 jusvis,
527 3890 620 3942 sed
652 3887 866 3958 fortium
898 3890 1136 3958 virorum
1154 3896 1257 3958 est
1285 3886 1562 3958 victoriam
1592 3886 1815 3958 adipisci
1841 3903 1852 3939 :

279 3955 451 4026 idque
471 3967 644 4012 exstat
685 3957 737 4009 in
781 3957 938 4011 Alex.
981 3972 1075 4024 pro
1113 3957 1322 4026 diversa
1352 3956 1635 4026 scriptura.
1670 3955 1854 4023 Fabr.,

281 4025 464 4081 Giian.
492 4029 544 4081 in
581 4043 611 4080 e
649 4027 813 4091 breve,
853 4027 1082 4085 Thuan.,
1123 4025 1280 4090 Urb.,
1327 4025 1510 4089 Alex.,
1557 4041 1650 4077 sua
1679 4026 1858 4092 cuique

279 4099 468 4151 dextra
494 4106 588 4160 est,
633 4097 772 4166 quod
805 4097 975 4164 placet
1006 4096 1241 4166 Heinsio,
1270 4097 1388 4162 quia
1423 4097 1700 4161 superiora
1726 4096 1856 4166 satis

278 4169 542 4221 evincunt
572 4163 672 4219 hoc
711 4163 878 4234 ipsum
925 4167 992 4220 de
1038 4165 1264 4219 fortibus
1307 4180 1426 4218 esse
1469 4163 1855 4233 accipiendum.

280 4236 536 4290 lleinsius
567 4251 664 4304 pro
690 4237 786 4289 hac
810 4237 919 4302 ipsa
953 4236 1183 4289 lectione
1224 4235 1420 4304 allegat
1443 4235 1682 4288 codiceni
1716 4235 1851 4298 PaL,

279 4309 373 4372 qui
416 4321 447 4358 a
486 4306 715 4360 Weitzio
753 4305 969 4359 allertur
1006 4314 1102 4374 pro
1141 4305 1267 4369 alia,
1297 4304 1359 4358 ut
1385 4304 1631 4358 vidimus.
1663 4304 1858 4358 Confer

1945 1728 2141 1797 gerens,
2167 1745 2286 1783 mox
2311 1730 2378 1781 ad
2404 1738 2590 1783 terram
2620 1730 2974 1798 dependentes,
3006 1745 3126 1782 mox
3143 1729 3424 1796 explicatas
3447 1728 3512 1780 ad

1947 1807 2212 1868 utrumque
2238 1799 2394 1862 latus,
2417 1799 2694 1864 aliquando
2720 1816 2919 1851 sursum
2947 1799 3191 1864 sublatas,
3223 1800 3399 1851 dextra
3429 1815 3515 1849 co-

1944 1883 2121 1920 ronam
2153 1870 2461 1936 oleaginam,
2492 1870 2781 1938 quercinam
2823 1870 2897 1922 vel
2942 1885 3006 1922 ea:
3054 1870 3199 1921 laure
3237 1872 3514 1938 confectam

1944 1946 2136 2004 tenens,
2182 1940 2394 2008 sinistra
2435 1937 2550 1992 vero
2596 1939 2821 2007 palmam
2860 1938 2936 1991 vel
2984 1948 3263 2008 trapwum;
3329 1937 3516 2004 stepius

1944 2009 2186 2079 ambabus
2213 2007 2444 2060 manibus
2487 2024 2629 2079 arma
2681 2008 2750 2059 ad
2797 2019 3045 2079 trapazum
3085 2007 3410 2078 suspendens,
3443 2011 3516 2058 rel

1946 2078 2123 2146 clypeo
2154 2078 2346 2130 litteras
2377 2077 2671 2132 inscribens.

2018 2147 2108 2204 37.
2138 2147 2285 2208 Ald.,
2318 2149 2436 2200 llat.
2461 2161 2491 2200 a
2515 2148 2680 2215 prima
2705 2161 2884 2210 manu,
2907 2147 3062 2211 Mar.,
3092 2147 3212 2200 Vat.
3236 2146 3301 2209 Α,
3325 2147 3519 2213 Bong.—,

1948 2216 2130 2280 Alex.,
2146 2217 2299 2279 Urb.,
2319 2216 2457 2282 Gis.,
2475 2216 2818 2281 Cell..'l‘eol.,
2843 2217 3086 2271 Galland.
3109 2230 3227 2270 cum
3249 2217 3516 2283 Termes”

1946 2290 2186 2340 recincta.
2219 2286 2467 2342 Heinsius
2495 2301 2614 2340 cum
2646 2285 2972 2351 Caucliiano,
2998 2285 3225 2340 Weitzio
3253 2294 3308 2340 et
3336 2287 3519 2350 pleris-

1947 2372 2051 2426 que
2070 2356 2404 2426 Weitzianis,
2437 2357 2672 2426 revincta,
2699 2356 2839 2423 quod
2873 2369 3128 2426 praesmre
3151 2357 3226 2408 ait
3253 2355 3519 2426 Heinsius,

1947 2423 2068 2496 quia
2091 2427 2234 2481 aliud
2266 2425 2390 2496 quid
2420 2425 2664 2494 designat
2696 2427 2906 2496 recingi,
2954 2435 3008 2480 et
3035 2425 3299 2496 Cauchius
3322 2423 3521 2496 conlir-

1950 2494 2058 2550 mat
2087 2499 2137 2550 in
2162 2494 2430 2551 veteribus
2455 2497 2689 2550 nummis
2710 2494 2999 2550 Victoriam
3027 2495 3253 2562 exprimi
3278 2494 3521 2562 strophio

1948 2568 2243 2620 revinctam.
2266 2565 2526 2619 Cellarius
2547 2574 2730 2621 contra
2755 2567 2845 2628 ait,
2874 2565 3385 2633 l’rudentiiﬁqttoque
3403 2575 3524 2617 use

1951 2636 2173 2688 recincta
2197 2643 2328 2688 veste
2357 2635 2409 2688 in
2436 2634 2680 2688 Romano
2707 2648 2851 2688 vers.
2870 2634 2995 2698 9.36,
3024 2648 3088 2686 ex
3119 2632 3249 2688 nan.
3282 2648 3349 2697 tv,
3380 2646 3522 2685 vers.

1953 2704 2078 2759 5l8.
2111 2705 2363 2758 Fortasse
2386 2704 2581 2772 poterit
2609 2703 2850 2772 intelligi,
2883 2703 3112 2774 strophio
3134 2704 3356 2774 recincta
3384 2701 3523 2756 idem

1953 2787 2074 2829 esse
2102 2789 2164 2826 ac
2196 2789 2405 2836 corona,
2432 2787 2526 2826 seu
2563 2771 2795 2842 strophio
2819 2771 2997 2826 cincta
3021 2771 3345 2842 caput.'_hlio
3363 2784 3525 2825 sensu

1953 2845 2145 2914 recingi
2172 2853 2255 2914 est
2281 2842 2528 2914 discingi.
2559 2843 2648 2897 Sic
2661 2840 2829 2914 etiam
2857 2844 3078 2914 revincta
3101 2840 3365 2905 duplicem
3397 2854 3526 2914 con-

1954 2910 2172 2967 trariam
2192 2910 2638 2982 significationem
2661 2912 2842 2966 habet.
2857 2910 3089 2982 Victoria
3110 2923 3368 2978 suSpensa
3395 2910 3528 2979 pede

1877 3015 1925 3078 ο
1959 2982 2228 3078 interdum
2249 2981 2631 3054 efﬁngebatur,
2676 2992 2733 3036 ut
2777 2981 3076 3037 instabilem
3108 2996 3224 3036 eam
3253 2995 3374 3037 esse
3399 2994 3526 3036 con-

1958 3062 2144 3107 staret.

2029 3123 2119 3178 38.
2154 3123 2345 3192 Bong.,
2375 3122 2606 3187 Widm.,
2645 3121 2902 3191 ﬂuitantes
2950 3120 3182 3192 investita
3219 3134 3376 3192 supra
3407 3119 3529 3192 liui-

1958 3202 2096 3246 tante
2128 3194 2246 3246 sinu
2277 3190 2544 3258 investita,
2575 3190 2716 3261 quod
2751 3192 2920 3246 tenuit
2947 3191 3227 3246 Weitzius.
3259 3190 3387 3251 Alii,
3409 3190 3530 3258 ﬂui-

1958 3271 2095 3316 tante
2136 3265 2252 3317 sinu
2288 3265 2487 3316 vestita.
2534 3262 2588 3317 In
2621 3276 2811 3316 musco
2859 3261 3313 3316 Pio-Clementino
3359 3269 3530 3312 statua

1959 3347 2257 3386 marmorea
2305 3331 2554 3386 Victoria:
2596 3341 2918 3389 asservatur.
2968 3331 3056 3385 ubi
3111 3343 3331 3399 prorsus
3377 3327 3532 3382 nuda:

1958 3402 2310 3457 ostenduntur
2331 3402 2558 3470 papillae.
2577 3402 2825 3455 Fortasse
2851 3401 2895 3455 si
2920 3401 3122 3470 legatur
3143 3401 3396 3460 investita,
3413 3413 3532 3470 ver-

1958 3471 2083 3526 bum
2119 3472 2218 3525 hoc
2249 3468 2354 3526 vim
2392 3468 2616 3540 negandi
2664 3470 2898 3540 habebit.
2945 3468 3163 3523 Investis
3205 3468 3533 3540 Tertulliani)

1959 3542 2133 3595 nudus
2155 3549 2236 3595 est
2257 3541 2323 3601 de
2347 3537 2515 3594 Pallio
2539 3555 2657 3608 cap.
2676 3544 2732 3604 3,
2749 3539 2935 3594 Nudus
2955 3549 3002 3594 et
3022 3541 3224 3594 investis
3253 3537 3533 3608 (Adamus)

1959 3611 2118 3679 ﬁgulo
2145 3627 2240 3664 suo
2267 3611 2518 3664 consistit.
2552 3611 2707 3666 Pueri
2738 3609 3009 3665 imberbes
3039 3609 3349 3664 dicebantur
3376 3608 3534 3662 etiam

1956 3681 2188 3733 investes.
2999 3730 3002 3733 .

2030 3751 2118 3805 39.
2150 3748 2296 3814 Ald.,
2326 3747 2454 3802 Mar.
2485 3764 2511 3799 a
2543 3750 2710 3814 prima
2734 3763 2914 3812 manu,
2947 3760 2999 3804 at
3025 3765 3132 3802 vos.
3158 3747 3534 3813 Altl.,Weitz.,

1957 3818 2272 3882 assimilatis,
2305 3819 2443 3888 quod
2475 3818 2692 3888 Heinsio
2717 3833 2820 3870 non
2849 3820 3024 3885 placet
3050 3833 3148 3886 pro
3167 3817 3498 3870 assimulatis.

2028 3889 2118 3943 40.
2163 3887 2338 3956 Egm.,
2382 3887 2519 3956 PaL,
2561 3887 2725 3952 Bong.
2767 3902 2946 3951 supra,
2992 3903 3170 3940 nomen
3207 3901 3300 3951 pro
3329 3901 3534 3949 numen,

1961 3960 2137 4012 minus
2168 3955 2323 4013 bene.
2371 3955 2590 4024 Weilz.,
2635 3956 2790 4022 Man,
2834 3957 3033 4010 Widm.
3063 3969 3091 4007 a
3139 3956 3302 4024 prima
3350 3969 3532 4024 manu,

1962 4028 2126 4095 Bong.
2180 4044 2208 4082 a
2256 4027 2419 4096 prima
2463 4022 2644 4088 manu,
2695 4042 2877 4096 numen
2914 4027 3186 4094 imponere.
3235 4022 3288 4074 In
3322 4023 3532 4096 ΔΒεηίιιίἰ

1960 4091 2140 4152 codice
2161 4091 2360 4164 manus,
2384 4097 2677 4151 assimilatis
2693 4095 2727 4149 Ι
2734 4112 2821 4150 ure
2844 4091 3102 4166 poetarum
3121 4091 3378 4155 monstris,
3396 4106 3533 4144 come-

1962 4183 2147 4235 ponere
2169 4183 2374 4222 numen.

2032 4237 2120 4290 41.
2157 4238 2354 4290 Bartliii
2379 4236 2544 4292 codex
2571 4251 2601 4290 a
2631 4237 2804 4304 prima
2835 4250 2992 4289 manu
3016 4278 3029 4300 ,
3073 4249 3136 4286 ea:
3174 4241 3336 4304 vesiro

1969 4309 2084 4372 psit.
2134 4307 2398 4361 Giselinus
2438 4315 2587 4374 putat
2636 4303 2809 4359 libros
2873 4314 3145 4373 poetarum
3183 4317 3212 4354 a
3255 4303 3540 4374 Prutlentio

3409 4247 3540 4283 νοιηο

276 4371 586 4430 Comment.
603 4375 668 4428 ad
692 4391 832 4429 vers.
853 4375 956 4429 105
978 4371 1388 4444 llamartigenire
1407 4389 1501 4446 sua
1522 4375 1701 4444 cuique
1710 4377 1856 4446 jura.
1888 4383 1935 4443 ι)
1965 4377 2138 4430 vocari
2162 4371 2649 4446 ironicesa'cellnm,
2668 4377 2780 4446 sive
2801 4371 3088 4446 sacrarium
3111 4373 3406 4442 gentilium.
3432 4371 3542 4446 Ego

281 4446 536 4515 Barthius
551 4447 680 4515 legit
707 4461 800 4498 sua
820 4446 1026 4499 dextera
1054 4443 1234 4514 cuique
1256 4454 1347 4508 est,
1367 4453 1421 4497 et
1445 4445 1547 4496 hoc
1567 4443 1724 4515 versu
1747 4443 1860 4497 vult

279 4513 625 4580 ciiiilirmare,
660 4515 935 4568 victoriam
963 4528 1081 4570 esse
1109 4513 1296 4568 durum
1319 4515 1596 4568 tractandis
1625 4513 1779 4567 robur
1805 4517 1859 4567 in

277 4585 462 4648 armis,
489 4587 557 4639 de
587 4599 694 4654 quo
723 4599 862 4638 vers.
893 4585 983 4647 26,
1016 4583 1110 4638 sed
1139 4599 1242 4638 non
1276 4585 1560 4652 persuadet
1586 4600 1599 4636 ε
1633 4598 1756 4637 nam
1786 4584 1857 4654 ibi

280 4656 489 4709 mentio
515 4653 630 4709 erat
658 4655 727 4708 de
756 4655 975 4707 victoria
1001 4663 1249 4720 tanquam
1270 4655 1378 4720 jam
1406 4655 1646 4717 obtenta,
1681 4654 1765 4706 hic
1791 4653 1859 4706 de

279 4738 442 4777 causa
483 4725 596 4791 ipsa
638 4724 897 4785 victoriae,
937 4738 1094 4792 quam
1129 4722 1284 4778 deam
1329 4723 1598 4791 ﬁngebant
1627 4733 1854 4778 veteres.

278 4795 556 4848 Arnobius
598 4793 688 4848 lib.
735 4808 828 4846 tv:
870 4791 1119 4857 Victoria,
1162 4810 1283 4860 pax,
1323 4794 1556 4862 a’quitas,
1594 4803 1640 4846 et
1680 4801 1860 4846 cratera

279 4879 396 4929 quae
411 4864 463 4915 in
482 4863 826 4929 superioribus
851 4864 986 4916 dicta
1007 4873 1143 4926 sunt,
1166 4879 1387 4931 quanam
1407 4862 1623 4926 ratione,
1638 4878 1736 4931 qua
1755 4863 1857 4927 via,

277 4933 499 5002 intelligi
531 4941 744 5003 possunt
791 4934 862 4985 dii
899 4949 1037 4999 esse,
1074 4943 1224 5003 atque
1252 4933 1318 4985 ad
1345 4933 1662 5003 superiorum
1689 4932 1860 4984 conci-

277 5004 412 5055 lium
443 5000 732 5071 pertinere?
761 5017 854 5055 nos
883 5007 1016 5056 enr'm
1045 5000 1174 5055 nihil
1203 5000 1385 5055 horum
1411 5000 1656 5071 sentimus
1685 5013 1730 5053 et
1755 5017 1860 5054 cer-

276 5075 457 5124 nimus
478 5073 662 5126 habere
681 5073 780 5125 vim
801 5073 1041 5138 numinis,
1061 5087 1217 5138 neque
1245 5073 1299 5124 in
1320 5072 1491 5137 aliqua
1515 5070 1761 5123 contineri
1782 5073 1862 5123 sui

275 5144 478 5208 forma,
508 5147 598 5196 sed
619 5143 982 5197 esse'virtutem
1011 5143 1125 5209 viri,
1148 5142 1360 5194 salutem
1391 5141 1537 5206 salvi,
1565 5141 1764 5193 victoris
1788 5142 1863 5192 vi-

275 5223 518 5264 ctoriam.
1737 5263 1741 5266 .

351 5281 454 5335 36.
477 5279 782 5344 Schulzius,
807 5281 860 5334 in
887 5280 1260 5334 dissertatione
1287 5280 1353 5332 de
1377 5279 1478 5332 Ara
1505 5279 1772 5341 Victorias,
1797 5293 1860 5332 ex

271 5349 380 5402 hac
424 5350 785 5416 descriptione
813 5359 870 5404 et
915 5351 1273 5403 monumentis
1313 5349 1513 5402 Graecis
1561 5350 1862 5417 Latinisque

272 5419 659 5488 colligitthis
705 5420 872 5488 signis
923 5420 1268 5472 simulacrum
1320 5418 1568 5472 Victorias
1616 5419 1862 5485 cognosci

274 5503 457 5556 posse
484 5505 497 5540 :
529 5487 729 5559 Figura
762 5487 1022 5542 muliebris
1062 5499 1221 5550 stans,
1253 5488 1421 5541 rarius
1462 5488 1660 5551 sedens,
1703 5488 1865 5559 capite

273 5559 434 5610 nudo
472 5560 545 5611 vel
572 5557 767 5625 operto,
803 5559 1024 5612 revincta
1064 5559 1292 5625 strephio
1335 5565 1380 5610 et
1423 5559 1593 5611 tunica
1634 5557 1864 5610 muliebri

273 5633 458 5693 usque
494 5629 559 5678 ad
589 5628 717 5681 talos
745 5629 1076 5698 dependente,
1113 5629 1188 5680 vel
1225 5628 1431 5680 astricta
1461 5628 1643 5696 magis,
1677 5627 1752 5678 vel
1783 5628 1863 5698 la-

273 5700 436 5750 xiore
463 5706 506 5748 et
525 5698 738 5765 ﬂuente,
757 5697 966 5767 pedibus
991 5699 1142 5752 nudis
1163 5698 1394 5752 insistens
1417 5707 1584 5766 terra,
1600 5699 1674 5750 vel
1695 5697 1862 5767 globo,

1964 4446 2199 4515 intelligo
2227 4445 2484 4499 sacellum
2512 4459 2631 4500 esse
2659 4445 2836 4497 fanum
2860 4489 2874 4512 ,
2907 4445 3179 4508 templum,
3209 4452 3262 4496 et
3287 4443 3543 4515 supersti-

1963 4512 2159 4570 tionem
2197 4516 2496 4584 gentilium,
2537 4529 2696 4582 quam
2736 4515 2941 4580 pictura
2981 4515 3107 4566 socii
3141 4512 3402 4584 poematis
3428 4521 3544 4584 arte

1962 4583 2305 4640 auxerit.’Ut
2346 4585 2487 4639 enim
2523 4600 2592 4637 ex
2638 4592 2745 4637 tota
2791 4587 2930 4638 serie
2973 4583 3231 4638 orationis
3273 4589 3444 4650 patet,
3490 4583 3542 4634 in

1964 4655 2144 4709 habitu
2180 4655 2427 4709 Victoriae
2452 4653 2804 4723 conlingcndo
2837 4656 3016 4723 poesin
3037 4695 3051 4713 ,
3087 4654 3344 4720 picturam
3373 4659 3429 4705 et
3454 4665 3544 4723 su-

1964 4725 2333 4793 perstitionem
2365 4737 2490 4777 suas
2518 4720 2763 4793 habuisse
2788 4732 2964 4792 partes
3003 4720 3546 4793 Prudentiusconiir-

1964 4788 2095 4849 inat.
2135 4794 2209 4849 De
2247 4795 2446 4860 pictura
2476 4792 2715 4860 egregius
2741 4788 2823 4847 est
2851 4793 2998 4846 locus
3037 4792 3166 4860 Sap.
3199 4807 3290 4857 xv,
3317 4791 3352 4860 4
3376 4807 3391 4843 :
3419 4788 3542 4842 Non

1963 4863 2103 4917 enim
2122 4864 2174 4916 in
2203 4859 2425 4918 errorem
2455 4859 2654 4915 induxit
2677 4878 2767 4914 nos
2794 4861 3053 4914 hominum
3079 4859 3228 4914 maliv
3249 4859 3376 4912 artis
3395 4874 3544 4910 exco-

1963 4933 2161 5002 gitatio,
2211 4948 2302 4986 nec
2327 4931 2505 4985 umbra
2534 4933 2768 5000 pictum,
2815 4931 2958 4985 labor
2994 4933 3101 4985 sine
3141 4933 3328 5000 fructu,
3361 4927 3543 4998 eﬁigits

1960 5003 2167 5069 sculpta
2187 5019 2275 5070 per
2295 5002 2464 5055 varios
2483 5003 2693 5055 colores.

2033 5072 2123 5124 Ω.
2160 5069 2378 5126 Veteres
2405 5072 2649 5126 solebant
2670 5071 2808 5125 ceris
2830 5070 3046 5140 pingere
3065 5077 3118 5125 et
3143 5069 3398 5137 picturam
3421 5081 3543 5140 cera

1967 5141 2192 5215 liquenti
2224 5141 2554 5215 inurere,_ut
2580 5141 2736 5215 d_occt
2763 5137 2962 5215 Plinius
2994 5140 3084 5192 lib.
3112 5149 3420 5215 xx_xv,_cap.
3458 5137 3542 5215 il,

1964 5205 2138 5266 et'lib.
2172 5226 2284 5276 ut,
2313 5226 2431 5285 cap.
2451 5205 2558 5285 λυ.
2589 5209 2720 5264 Eam
2755 5210 2823 5285 o_b
2847 5224 3060 5285 causam
3089 5205 3287 5285 antiqui
3317 5205 3545 5285 sciipto-

1964 5294 2073 5344 res,
2116 5290 2228 5334 tum
2272 5274 2480 5349 profani
2528 5290 2639 5334 tum
2681 5279 3057 5349 ecclesiastici,
3086 5290 3204 5329 cum
3244 5274 3312 5327 de
3344 5274 3550 5349 pictura

1966 5350 2133 5418 verba
2166 5346 2388 5413 faciunt,
2420 5351 2613 5418 passim
2637 5364 2812 5404 ceram
2837 5348 2991 5418 simul
3015 5352 3458 5418 commemorant.
3489 5346 3547 5418 δ.

1965 5417 2220 5473 Paulinus
2251 5413 2474 5486 epist.'8
2501 5419 2567 5473 ad
2599 5421 2853 5474 Severum
2883 5435 2896 5469 :
2933 5416 3047 5469 Non
3075 5417 3125 5466 in
3164 5413 3348 5486 tabulis
3388 5415 3552 5486 putri-

1967 5487 2170 5549 bilibus,
2212 5482 2371 5557 neque
2393 5490 2520 5541 ceris
2557 5487 2880 5556 liquentibus,
2915 5486 3004 5557 sed
3030 5486 3080 5536 in
3111 5484 3307 5557 tabulis_
3321 5482 3550 5557 carnali:-

1969 5557 2058 5611 bus
2087 5560 2256 5611 cordis
2280 5551 2353 5610 lui
2379 5559 2562 5627 pinxit.
2586 5551 2716 5627 Vide
2747 5551 2924 5627 nozatn
2961 5554 3248 5627 Frontonis
3279 5553 3455 5607 Ductci
3479 5551 3549 5604 ad

1970 5629 2083 5681 haec
2113 5628 2314 5681 Paulini
2345 5623 2527 5681 verba.
2565 5625 2632 5679 Ut
2660 5626 2792 5678 alios
2815 5624 3058 5677 omittam
3092 5624 3179 5692 qui
3210 5623 3276 5676 de
3307 5631 3545 5676 veterum

1969 5699 2216 5766 pingendi
2246 5698 2451 5752 ratione
2490 5695 2846 5763 scripserunt,
2873 5693 3107 5751 Joannes
3135 5693 3202 5751 de
3228 5693 3466 5752 Fonmca
3491 5698 3570 5746 es.
