4052 6184
332 310 445 369 185

507 505 612 562 Cur
637 503 1084 574 Berecynthiacus
1106 501 1275 571 perdit
1303 510 1542 556 truncata
1571 503 1822 557 sacerdos

509 597 669 669 769
704 594 946 665 Inguina,
976 609 1096 648 cum
1119 594 1394 662 pulchrum
1420 594 1599 663 poesis
1625 604 1893 648 castrave-

1508 685 1604 753 [rit
1632 684 1822 738 Attin?

504 777 610 831 Cur
637 775 797 830 etiam
829 772 1027 841 templo
1054 773 1275 834 Triviae,
1305 773 1541 843 lucisque
1566 774 1788 828 sacratis

503 864 832 933 Cornipedes
857 871 1105 917 arcemur
1132 863 1277 930 equi,
1317 877 1437 918 cum
1470 878 1619 917 musa
1644 863 1889 931 pudicum

324 958 399 1014 55
507 954 744 1025 Raptarit
765 954 1017 1023 juvenem
1043 952 1243 1005 volucri
1273 965 1368 1020 per
1392 952 1563 1006 littora
1589 965 1766 1016 curru,

1390 302 1594 359 LIBER
1634 302 1674 358 II
1712 303 1987 360 CONTRA
2026 304 2476 363 SYIIMACIIUII.

326 420 402 473 50
506 417 584 471 Es
607 413 823 479 tabulis,
850 413 1093 482 cerisque
1128 411 1332 482 poetica
1366 411 1544 468 fabula
1573 416 1828 483 przestatt
1924 423 2005 499 A_

3464 322 3562 379 I36

2142 413 2305 486 quue
2324 417 2483 472 etiam
2513 418 2686 487 paries
2708 419 2801 476 tibi
2824 424 3173 480 versicolorus
3200 428 3513 485 adumbret?

2141 505 2352 571 Desine,
2381 506 2425 561 si
2460 506 2630 576 pudor
2657 520 2761 577 est,
2799 513 3015 581 gentilis
3049 515 3271 583 ineptia,
3310 519 3519 574 tandem

2138 594 2244 648 Res
2271 596 2611 665 incorporeas
2630 598 2887 654 simulatis
2916 601 3113 672 fingere
3137 606 3409 659 membris.

2103 686 2264 755 770
2280 686 2490 755 Desine,
2505 698 2647 758 terga
2671 687 2900 745 hominis
2920 692 3112 761 plumis
3135 694 3398 750 obducere
3419 715 3432 751 :
3451 696 3562 751 fru-

1994 863 2067 919 60
2137 864 2328 920 Fertur
2358 864 2472 919 avis
2502 865 2711 931 mulier,
2737 883 3061 939 magnusque
3096 871 3282 927 eadem
3317 785 3560 929 dita"qu-

3360 961 3487 1033 [tur.

1616 1061 1900 1119 σιοεδῶ
1936 1062 2274 1119 VETERES.

402 1182 492 1238 50.
522 1180 757 1246 Tabulis,
780 1179 1099 1249 imaginibus,
1131 1193 1192 1232 ea:
1209 1178 1425 1244 pictura.
1452 1207 1521 1218 -—
1542 1176 1779 1244 Pratstet,
1803 1194 1898 1233 an-

323 1261 493 1314 tum,
524 1253 563 1305 I.

399 1323 487 1376 5t.
524 1318 990 1389 Berecynthiacus,
1013 1332 1045 1368 a
1088 1314 1423 1386 Berecytttlto,
1461 1315 1587 1386 Opis
1610 1326 1797 1371 monte.
1827 1346 1895 1358 —

323 1390 529 1453 Perdit,
553 1387 741 1451 adhuc,
770 1387 809 1441 Ι.

397 1461 485 1515 δὲ.
523 1460 737 1526 Inguina
757 1498 771 1519 ,
796 1454 1242 1507 virilia.-—Poesis
1258 1498 1273 1521 ,
1289 1454 1661 1526 ﬁctiopoetica
1683 1470 1701 1509 :
1723 1456 1896 1526 poesis

323 1542 401 1583 est
423 1523 633 1581 materia
663 1527 1058 1596 uniuscujusque
1085 1523 1779 1592 carmittis.—Castraverit,
1805 1540 1895 1579 ca-

324 1608 543 1654 stratum
584 1595 883 1656 narraverit,
927 1595 967 1647 I.

401 1665 487 1724 53.
535 1666 758 1731 Triviae,
795 1662 997 1727 Dianw,
1024 1662 1097 1715 vel
1126 1660 1473 1730 Proserpinae,
1502 1661 1541 1717 I.

2002 1179 2165 1302 (alii;
2214 1178 2474 1302 Paptarit,
2503 1191 2756 1253 raptatum
2784 1184 3339 1253 dixerit.—Juvenem,
3366 1187 3557 1259 Hippa-

2057 1258 2186 1313 tum,
2217 1258 2258 1303 Ι.

2020 1267 2186 1392 9ιὲἕέ
2213 1267 2534 1392 ἓάυωιπβι,
2563 1321 2762 1390 ﬁguret,
2790 1323 3049 1392 imaginet,
3077 1325 3115 1377 Ι.

2209 1387 2286 1462 Si,
2319 1405 2410 1462 pro
2437 1387 2999 1462 siqui'tl'etn.—Inep'tia,
3029 1387 3267 1461 stultitia,
3298 1396 3338 1450 I.

2070 1456 2161 1511 58.
2215 1456 2509 1523 Simulatis,
2540 1460 2612 1521 in,
2647 1459 2687 1513 l.

2069 1524 2157 1579 59.
2206 1526 2581 1593 Plumis,cum,
2617 1528 2719 1583 lso.
3081 1574 3097 1589 .

2066 1596 2169 1671 60.
2209 1595 2573 1671 Fertur-avis.
2606 1599 2795 1671 multos
2816 1607 2864 1652 et
2892 1601 3026 1655 viros
3045 1638 3060 1662 ,
3091 1610 3139 1654 et
3168 1600 3400 1655 mulieres
3430 1602 3556 1671 legi-

1997 1679 2112 1719 mus
2152 1667 2205 1719 in
2248 1667 2436 1736 fabulis
2475 1683 2637 1721 versos
2676 1669 2733 1722 itt
2776 1684 2913 1737 aves,
2949 1671 3080 1724 unde
3106 1667 3554 1733 εοιηηιεηιοναιζι.

1658 1773 2029 1831 ΟΟΜΜΕΝΤΑ
2040 1776 2215 1832 RIUS.

1658 1774 1894 1830 COMME
1944 1775 2029 1830 ΤΑ
2088 1777 2105 1830 l
2199 1817 2215 1832 .

325 1874 484 1943 quue
504 1872 664 1943 etiam
695 1870 916 1943 picturae
932 1863 1448 1943 exhibent3_Sitnile
1472 1872 1556 1919 est
1584 1866 1635 1919 in
1666 1866 1785 1943 aliis
1809 1774 1974 1943 stt-NB
2000 1776 2447 1943 cfpllijcsandanon
2480 1869 2608 1923 satis
2636 1870 2736 1943 sibi
2765 1872 3096 1943 constitisse,
3125 1883 3299 1929 tamen
3326 1888 3393 1928 ex
3427 1874 3560 1929 Pru~

325 1935 454 2004 eris.
484 1941 675 2012 quibus
703 1938 823 2012 equi
874 1953 902 1991 a
953 1936 1151 2012 templo
1197 1935 1378 2012 Diana:
1419 1943 1689 2012 arcentur.
1736 1936 1895 2012 Quid,

325 2004 564 2081 inquam,
596 2013 707 2064 haec
727 2004 972 2081 iitnnztnt,
1003 2006 1103 2081 nisi
1125 2004 1266 2075 quod
1298 2006 1443 2074 poesi
1474 2018 1525 2060 et
1544 2005 1748 2073 pictura
1772 2005 1895 2061 ido-

325 2078 504 2138 lorum
535 2082 709 2135 cultus
737 2078 1034 2134 cOaIuerit?
1176 2110 1183 2115 -

400 2152 491 2206 50.
526 2151 643 2205 Vat.
693 2150 758 2213 A,
803 2146 1074 2210 mendose,
1123 2143 1418 2212 exfabulis.
1468 2143 1610 2207 Rat.,
1667 2142 1885 2210 Weitz.,

326 2218 552 2283 Widm.,
567 2221 754 2285 Bong.,
773 2225 972 2287 prcstet
984 2233 1004 2283 ;
1024 2216 1111 2271 alii
1134 2224 1360 2287 prastat,
1377 2223 1434 2267 ut
1454 2225 1633 2287 postea
1657 2214 1839 2287 perd_it.

401 2292 489 2345 51.
528 2282 711 2343 Mani
738 2282 1188 2351 secunda'man'u,
1227 2283 1427 2352 perdat.
1483 2282 1723 2337 Imitatur
1763 2283 1896 2337 Pru-

326 2359 541 2415 dentius
569 2357 848 2412 Minuciun
882 2358 934 2410 in
976 2356 1231 2409 Octavio:
1262 2352 1478 2424 Cybelle,
1508 2352 1761 2424 Dindyma
1800 2371 1897 2420 pu-

327 2429 416 2482 det
448 2430 632 2489 dicere,
680 2442 793 2496 qua:
842 2426 1130 2479 adulterum
1156 2420 1321 2496 suurn
1334 2420 1603 2496 infeliciter
1626 2420 1891 2496 placitum,

328 2499 567 2566 quoniam
586 2508 631 2552 et
659 2491 770 2567 ipsa
800 2495 1040 2562 deformis
1053 2504 1125 2567 _e_t_
1148 2491 1334 2556 uetula,
1368 2500 1422 2545 ut
1461 2494 1733 2547 multorum
1776 2493 1895 2567 dco-

327 2562 449 2621 rum
478 2576 655 2626 mater,
678 2562 748 2617 ad
793 2574 1023 2635 stuprum
1047 2563 1236 2635 illicere
1264 2579 1364 2615 non
1391 2571 1605 2635 poterat,
1640 2562 1859 2635 exsecuit
1876 2598 1894 2626 ,

327 2638 555 2691 utdeum
582 2637 772 2690 scilicet
814 2630 1000 2703 faceret
1044 2632 1346 2703 eunuchum.
1392 2630 1609 2703 Pr0pter
1655 2630 1894 2703 hancfa-

327 2706 502 2781 bulam
552 2705 719 2781 Qulli__
743 2699 965 2781 emittet
1008 2702 1223 2781 semiviri
1267 2701 1346 2754 sui
1382 2701 1608 2781 corporis
1645 2699 1893 2781 supplicio

326 2778 523 2830 colunt.
551 2775 789 2831 Catullus
818 2768 881 2831 et,
894 2772 1160 2828 Arnobius
1186 2780 1403 2826 narrant
1427 2768 1655 2824 Attidem
1678 2768 1775 2823 sibi
1799 2784 1894 2837 ge.

324 2846 511 2901 uitalia
538 2846 855 2900 desecuisse.
886 2844 985 2910 Qui
1009 2843 1154 2908 plura
1183 2840 1251 2895 de
1292 2841 1374 2894 his
1400 2838 1546 2910 velit,
1593 2840 1771 2908 legere
1799 2854 1892 2906 po-

326 2915 454 2970 terit
489 2909 936 2971 commentatores
966 2913 1197 2977 Minucii,
1229 2919 1287 2964 ut
1311 2909 1640 2980 mythologos
1672 2920 1893 2979 praeter-

536 3014 683 3117 Ald.,
716 3054 852 3113 Gis..
896 3069 1007 3106 cum
1033 3050 1244 3121 pulcher
1272 3065 1380 3103 sese
1408 3048 1700 3121 castraverit
1737 3047 1887 3103 Attis.

321 3125 573 3195 Plerique
600 3136 653 3180 et
684 3124 937 3195 potiores,
970 3118 1081 3177 cum
1112 3121 1381 3191 pulchrum
1407 3118 1569 3187 poesis
1597 3120 1889 3195 castraverit

321 3188 754 3279 Attin.'.‘_l‘eoli:us
786 3194 869 3279 ait.
891 3194 1059 3279 lo‘c‘um
1093 3188 1244 3276 antea
1287 3196 1591 3270 corroptum
1612 3189 1698 3279 ita
1729 3188 1886 3243 resti-
1912 3215 1961 3279 ο

322 3267 494 3321 tuisse
520 3265 813 3319 Heinsiutn.
842 3267 911 3317 At
928 3261 1183 3317 Weitzius
1209 3276 1328 3315 cum
1350 3260 1458 3312 suis
1482 3259 1727 3313 omnibus
1754 3274 1886 3315 mss.

319 3338 429 3405 iam
477 3334 719 3390 ediderat
755 3350 868 3405 cum
894 3332 1163 3405 pulchrum
1193 3328 1888 3405 poesi_s_castrauerit_Attin;

320 3397 377 3458 et
405 3405 476 3458 ita
506 3414 661 3457 antea
686 3397 1025 3458 restituerant
1052 3397 1201 3456 Sich.
1227 3409 1281 3453 et
1312 3397 1572 3461 Gifanius,
1604 3409 1659 3452 et
1687 3399 1890 3468 legerat

321 3474 378 3527 in
404 3488 504 3527 suo
522 3474 707 3527 codice
726 3473 961 3535 Juretus,
983 3475 1103 3525 etin
1128 3469 1361 3535 margine
1381 3476 1511 3522 vett.
1534 3468 1658 3521 edd.
1678 3480 1889 3524 exstare

322 3544 602 3598 conﬁrmat
640 3542 971 3597 Gallandius.
1004 3541 1098 3595 Hic
1128 3549 1380 3606 praeterea
1413 3538 1615 3591 invenit
1639 3554 1730 3590 cur
1766 3539 1887 3607 pul-

320 3615 537 3679 chrum;
562 3611 656 3667 sed
688 3612 773 3665 alii
808 3611 1003 3664 habent
1042 3618 1351 3679 constanter
1380 3624 1494 3660 cum
1519 3647 1535 3673 ,
1563 3618 1618 3660 et
1644 3607 1886 3679 Gifanius

321 3676 925 3737 monet'observandum
960 3694 1111 3735 usum
1141 3677 1410 3746 particulae
1434 3693 1547 3730 cum
1569 3693 1593 3731 ,⁸
1618 3679 1722 3729 Cur
1752 3676 1887 3732 Galli

319 3752 550 3822 Cybeles
574 3766 634 3805 se
662 3751 944 3822 excidunt,
974 3763 1095 3803 cum
1124 3764 1188 3801 ex
1218 3747 1408 3822 fabulis
1438 3747 1661 3815 poeticis
1692 3760 1889 3822 cogno-

319 3817 505 3874 scatur
532 3824 679 3874 Attin
708 3821 867 3873 fuisse
895 3827 1181 3873 castratum
1214 3835 1229 3870 :
1262 3817 1362 3871 hoc
1390 3827 1470 3870 est
1488 3856 1504 3879 ,
1532 3831 1627 3870 cur
1652 3831 1710 3870 se
1738 3817 1885 3870 exci-

318 3890 474 3952 dunt,
507 3890 608 3944 nisi
638 3892 760 3958 quia
786 3890 1139 3959 cognoscitur,
1171 3899 1276 3941 etc.
1298 3885 1405 3940 Cur
1428 3901 1457 3938 a
1484 3885 1888 3959 tentplolliante

316 3970 573 4014 arcentur
614 3954 772 4029 equi,
806 3954 1080 4029 nisiuttod
1114 3954 1296 4029 musa,
1339 3970 1434 4029 seu
1467 3955 1641 4029 poesis
1689 3954 1887 4029 Hippo-

319 4032 491 4098 lytum
520 4024 783 4095 raptatum
830 4024 1017 4093 faciat,
1049 4037 1162 4098 etc.
1184 4026 1429 4098 Nonnulli
1460 4024 1700 4098 scribunt
1724 4026 1886 4093 Atys;

315 4093 413 4152 sed
447 4099 549 4152 hoc
587 4093 701 4150 loco
730 4098 920 4152 melius
947 4108 1029 4151 est
1065 4097 1220 4160 Attis,
1250 4105 1307 4149 ut
1338 4095 1502 4165 prima
1540 4093 1884 4164 producatur,

317 4182 443 4236 qua:
471 4168 669 4237 corripi
682 4167 827 4237 solet
852 4166 917 4237 in
934 4170 1077 4237 Atys.

390 4238 483 4316 55.
534 4234 629 4316 εἰ
655 4234 1015 4316 νὶτεὶιίο.1ψξ
1036 4252 1143 4316 vn:
1190 4234 1340 4316 _Unde
1367 4235 1517 4316 etiam
1547 4234 1731 4316 templo
1770 4234 1887 4288 Tri-

316 4306 435 4370 rite,
466 4306 692 4375 lucisque
710 4306 923 4375 sacratis
950 4304 1255 4375 Cornipedes
1281 4313 1515 4375 arcentur
1537 4304 1674 4375 equi.

389 4375 481 4432 54.
531 4372 675 4440 Ald.,
710 4374 911 4430 Widm.
938 4372 1129 4444 supra,
1162 4372 1299 4444 Pal.,
1324 4372 1441 4444 Vat.
1470 4376 1533 4437 Α,
1562 4373 1699 4437 Gis.,
1729 4373 1881 4444 Alex.

314 4460 351 4498 a
390 4443 621 4497 secunda
667 4460 849 4507 manu,
880 4454 933 4499 ct
978 4441 1115 4512 apud
1159 4441 1488 4498 Gallandiutn
1543 4451 1671 4512 vett.
1718 4443 1881 4510 etld.,

313 4530 436 4566 cura
480 4512 703 4567 Phtzdra
747 4510 1024 4582 pudicum.
1058 4513 1226 4567 Jureti
1274 4512 1442 4582 codex
1497 4528 1587 4565 cur
1638 4510 1879 4567 Plucdra.

1999 1937 2162 1991 dentii
2205 1939 2445 1994 versibus
2478 1955 2596 1993 mox
2634 1939 2921 1996 all‘erettdis
2956 1944 3127 1997 solum
3165 1952 3370 1998 constat
3412 1943 3558 1998 Disi-

2001 2007 2233 2079 nitatcm‘
2251 2023 2279 2061 a
2313 2008 2631 2079 Symmacho
2653 2011 2703 2063 in
2728 2012 2897 2065 varias
2922 2022 3095 2078 partes
3123 2012 3283 2068 fuisse
3297 2013 3558 2069 divisam:

1996 2091 2156 2150 quem
2186 2077 2508 2150 ideo‘a‘rgnit
2534 2078 2851 2135 Prudentius
2873 2120 2889 2143 ,
2924 2077 3067 2150 quod
3097 2098 3215 2135 cum
3248 2084 3386 2136 Deus
3425 2099 3558 2138 unus

1995 2145 2066 2199 sit
2097 2161 2266 2214 neque
2294 2147 2459 2202 dividi
2492 2152 2677 2216 possit.
2716 2150 2828 2217 ipse
2867 2145 3078 2204 nttinina
3124 2152 3270 2206 mille
3312 2150 3560 2206 inducere

1996 2217 2243 2270 voluerit.
2274 2217 2404 2272 Vide
2428 2219 2631 2272 Comm.
2662 2218 2726 2271 ad
2754 2234 2875 2271 eum
2903 2235 3041 2273 vers.
3065 2220 3193 2274 236.
3219 2221 3559 2275 Valsecchius

1994 2285 2061 2338 ad
2104 2286 2413 2341 Cudwortlti
2459 2288 2950 2355 interpretationem
3006 2290 3264 2345 accedere
3312 2289 3558 2344 videtur:

1996 2368 2117 2408 nam
2149 2371 2217 2427 ex
2249 2358 2569 2427 Apotheosis
2584 2359 2707 2427 Aloc.
2731 2358 2825 2410 cit.
2858 2358 3058 2427 colligit
3086 2359 3176 2414 lib.
3204 2376 3219 2413 I
3254 2358 3320 2414 de
3348 2359 3561 2414 Funda-

1995 2426 2190 2479 mentis
2218 2426 2397 2494 relig.,
2428 2441 2546 2493 cap.
2576 2424 2630 2489 9,
2663 2425 2965 2484 idololatras
2985 2424 3157 2483 unum
3191 2430 3353 2484 Deum
3385 2430 3560 2484 credi-

1994 2493 2157 2559 disse,
2188 2496 2394 2569 diversa
2428 2509 2553 2569 vero
2592 2497 2804 2569 numina
2848 2500 3129 2569 autgunins
3156 2499 3251 2569 Dei
3282 2498 3561 2569 perfectio-

1994 2573 2235 2685 Btés,ra.ut
2273 2565 2493 2619 virtutes
2540 2567 2753 2620 homine
2781 2567 3121 2635 superiores,
3161 2568 3257 2623 sed
3283 2565 3559 2623 'ntinistras

2073 2649 2085 2685 ι
2131 2648 2290 2685 insse.

2073 2649 2085 2685 I
2110 2648 2290 2687 IIIISSO.

2063 2702 2155 2756 59.
2200 2702 2363 2756 Aldus
2386 2702 2605 2773 aliique
2651 2703 2790 2757 male
2820 2704 3152 2772 distinguunt
3179 2706 3366 2773 plumis
3390 2707 3555 2759 obdu-

1992 2786 2104 2825 cere
2130 2776 2336 2839 {rustrta
2379 2771 2625 2845 Heinsius
2650 2773 2853 2845 monuit
2878 2771 3352 2845 interpungendutn
3392 2775 3558 2829 obdu-

1996 2855 2109 2895 cere
2131 2838 2149 2894 ξ
2180 2845 2371 2911 frustra
2400 2838 2589 2895 Fertur
2609 2843 2733 2895 avis.

2062 2911 2149 2965 60.
2206 2912 2362 2977 Mar.,
2406 2911 2469 2964 ab
2512 2911 2631 2977 Itis;
2676 2926 2833 2978 supra
2870 2911 3054 2967 eadem
3098 2929 3258 2969 manu
3306 2915 3412 2968 avis
3439 2930 3559 2968 cum

1994 2979 2238 3048 reliquis.
2294 2981 2565 3035 Mariettus
2620 2982 2841 3048 primam
2895 2983 2977 3036 sui
3032 2983 3229 3038 codicis
3279 2984 3558 3039 lectionem

1990 3050 2287 3121 approbat,
2312 3059 2367 3106 et
2390 3052 2496 3105 avis
2521 3050 2594 3104 ait
2619 3064 2739 3105 esse
2773 3051 3001 3116 glossam
3044 3053 3287 3121 imperite
3326 3054 3555 3109 transla-

1993 3128 2097 3193 tam
2125 3136 2152 3170 a
2186 3120 2348 3193 verbo
2374 3122 2543 3193 vultur
2573 3122 2637 3193 ad
2665 3121 2823 3193 verba
2854 3121 2916 3193 ab
2946 3121 3067 3187 Itis;
3096 3120 3313 3193 exponit
3342 3134 3515 3177 autem
3543 3143 3555 3177 :

1992 3185 2183 3265 Fertur
2211 3188 2708 3265 cadentVicturiaub
2740 3191 2817 3246 Itis
2846 3185 3056 3257 plumis,
3085 3185 3207 3246 dum
3236 3195 3445 3265 ﬁngitur
3469 3211 3558 3248 vo-

1993 3260 2120 3332 lare,
2149 3272 2198 3315 et
2227 3263 2427 3325 mulier,
2471 3272 2518 3314 et
2554 3263 2721 3314 vultur
2754 3279 2968 3332 magnus
2994 3279 3014 3327 ;
3056 3265 3109 3315 id
3139 3260 3247 3329 est,
3278 3260 3557 3317 nimiarum

1996 3331 2269 3385 ridiculum
2309 3348 2415 3385 eam
2444 3332 2668 3397 efﬁcitis,
2712 3331 2850 3383 dum’
2876 3332 3017 3384 illam
3047 3342 3095 3385 et
3125 3335 3378 3387 mulierem
3406 3335 3558 3387 simul

1991 3408 2039 3472 et
2063 3416 2202 3454 avem
2225 3401 2413 3472 facitis.
2445 3401 2689 3472 lleinsius
2716 3401 3033 3472 opinabatur
3053 3404 3407 3472 magicusque:
3436 3419 3556 3457 nant

1992 3468 2041 3542 id
2073 3468 2388 3542 vocabulum
2417 3485 2558 3538 saepe
2584 3471 2878 3542 itt_magnus
2905 3468 3228 3537 degenerare
3257 3468 3327 3525 ob
3354 3487 3555 3542 cogna-

1991 3539 2191 3610 tionem
2214 3540 2504 3594 Iitterarum
2530 3540 2595 3593 ad
2621 3539 2881 3596 Nasonem
2912 3542 3270 3610 compluribus
3296 3539 3556 3609 exemplis

1991 3608 2350 3675 pervicerat:
2416 3624 2715 3678 quanquam
2770 3610 2853 3664 vel
2913 3612 2991 3666 sic
3038 3608 3238 3665 'versus
3289 3611 3374 3665 hic
3435 3608 3555 3666 cum

1991 3678 2235 3749 proxime
2256 3678 2577 3749 prmeedcnti
2602 3688 2878 3749 suspectus
2897 3680 2970 3733 illi
3001 3688 3102 3734 est.
3132 3681 3215 3735 lso
3236 3683 3553 3749 interpreta-

1990 3754 2077 3819 tur
2099 3747 2167 3801 de
2201 3746 2375 3800 fabula
2405 3762 2505 3814 qua
2549 3749 2742 3819 mulier
2777 3748 2827 3802 in
2858 3762 3030 3819 avem,
3072 3751 3301 3819 exempli
3329 3746 3466 3815 loco,
3503 3753 3554 3805 in

1989 3816 2252 3870 vulturem
2285 3830 2543 3877 conversa
2577 3816 2809 3871 dicatur.
2847 3816 3244 3873 Cbamillardus
3271 3822 3339 3874 ait
3373 3820 3555 3874 Victo-

1990 3886 2123 3938 riam
2154 3900 2402 3955 magnum
2427 3886 2691 3939 vulturem
2715 3887 2840 3951 dici,
2869 3890 2948 3941 vel
2966 3888 3107 3955 quod
3127 3890 3265 3942 alata
3287 3890 3554 3943 vulturum

1991 3971 2142 4010 more
2167 3957 2440 4010 exercitus
2465 3959 2789 4023 supervolet,
2818 3955 2898 4009 vel
2925 3957 3066 4023 quod
3094 3959 3270 4011 omnis
3294 3960 3406 4011 avis
3436 3974 3553 4010 nta-

1987 4040 2087 4092 gna
2132 4026 2235 4080 dici
2270 4025 2439 4094 possit
2485 4025 2681 4081 vultur.
2736 4023 3026 4093 Grangzrus
3080 4034 3229 4079 notat
3270 4026 3553 4094 Egyptios

1989 4095 2209 4151 vulturis
2238 4095 2464 4164 imagine
2490 4107 2744 4162 matrem,
2774 4105 2828 4150 et
2856 4094 3046 4150 cmlum
3067 4136 3084 4160 ,
3114 4096 3254 4164 quod
3302 4097 3553 4151 feminam

1991 4173 2197 4232 putant,
2256 4165 2467 4219 Pallada
2514 4166 2674 4219 etiam
2726 4176 2781 4219 et
2830 4165 3091 4219 lunonem
3145 4174 3550 4231 repraesentare,

1986 4236 2127 4302 quod
2152 4235 2351 4289 nullum
2375 4250 2575 4289 marem
2602 4234 2821 4290 credant
2850 4249 2971 4290 esse
2990 4236 3133 4288 inter
3152 4236 3412 4300 vultures,
3438 4250 3555 4303 quas

1988 4313 2147 4357 vento
2181 4304 2461 4372 concipere
2491 4304 2758 4360 dicuntur.
2789 4304 2969 4368 Addit,
2998 4304 3228 4359 fortasse
3257 4320 3351 4373 per
3380 4307 3554 4358 vultu-

1989 4388 2099 4427 rem
2154 4375 2240 4429 hic
2280 4374 2497 4442 intelligi
2550 4375 2763 4429 Isidem.
2813 4375 3072 4428 Ilaronius
3110 4378 3253 4429 enim
3304 4384 3435 4428 tom.
3484 4375 3546 4429 Ill

1988 4444 2180 4497 Annal.
2226 4444 2278 4497 in
2322 4445 2427 4496 vita
2471 4443 2665 4498 Iuliani
2716 4443 3048 4497 nutnismatis
3094 4445 3360 4510 meminit,
3398 4446 3551 4511 cujus

1989 4513 2154 4578 prima
2175 4521 2324 4582 parte
2344 4512 2484 4567 Deus
2504 4524 2585 4568 est
2605 4513 2820 4578 Serapis
2840 4512 2989 4567 vultu
3010 4512 3205 4567 Juliaui
3223 4514 3549 4580 exsculptus,

314 4582 609 4651 Grangzeus
638 4580 1016 4652 interpretatur
1048 4580 1525 4652 Phaedramfuisse
1553 4595 1765 4652 causam
1791 4598 1885 4652 cur
1910 4584 1965 4645 Β
1989 4582 2155 4652 altera
2179 4580 2303 4636 dure
2334 4582 2501 4637 lsides
2530 4599 2649 4635 cum
2679 4582 2919 4650 aspidunt
2952 4584 3109 4637 sertis
3138 4584 3189 4637 in
3219 4586 3412 4652 capite,
3445 4585 3554 4652 gla-

312 4650 619 4722 raptaretur
660 4650 996 4722 Hippolytus,
1025 4662 1083 4707 ut
1112 4650 1553 4722 narratllyginus
1592 4650 1766 4704 fabula
1793 4651 1881 4705 47.

311 4720 375 4791 In
406 4722 555 4791 Egm.
586 4720 955 4776 mendum‘est
986 4724 1239 4786 pudicam.
1268 4720 1454 4791 Verior
1478 4729 1532 4774 et
1556 4722 1888 4791 communior

310 4790 476 4861 lectio
502 4808 615 4845 cum
644 4808 793 4846 musa
820 4792 1082 4861 pudicum,
1126 4794 1191 4846 de
1218 4805 1319 4857 qua
1347 4790 1653 4861 Gronovius
1672 4790 1725 4861 in
1767 4790 1887 4846 Dia-

311 4859 457 4915 tribe
504 4861 781 4927 Statiana,
821 4859 980 4927 quem
1025 4861 1325 4915 adeundum
1371 4860 1559 4914 suadet
1612 4859 1882 4916 Heinsius.

385 4928 475 4984 55.
520 4930 785 4995 Git‘anius,
819 4928 929 4985 Gis.
959 4932 1023 4984 ad
1050 4946 1222 4994 oram,
1246 4930 1419 4984 littora
1446 4945 1615 4983 cursu.

387 5000 476 5053 58.
522 5000 670 5065 Rau,
724 5001 978 5063 similatis,
1027 5002 1201 5055 minus
1253 5003 1408 5065 bene,
1461 5014 1556 5067 pro
1609 4998 1881 5057 simulatis.

309 5067 672 5139 Cndwortltus
703 5070 931 5139 Systent.
965 5070 1222 5125 iulellect.
1262 5084 1382 5138 cap.
1414 5069 1448 5124 ὁ
1476 5068 1724 5139 observat
1753 5069 1886 5123 Pru-

304 5138 549 5194 dentium
569 5180 586 5205 ,
620 5138 837 5194 Graecos
866 5141 1124 5195 imitatum
1145 5180 1161 5205 ,
1213 5154 1408 5194 vocare
1450 5153 1529 5191 res
1562 5138 1884 5206 incorporeas

302 5223 494 5262 rerum
527 5208 862 5271 affectiones,
892 5218 946 5264 et
973 5220 1192 5264 eventus
1212 5248 1227 5271 .
1266 5209 1581 5277 qualisierat
1617 5208 1838 5261 victoria
1866 5224 1881 5263 :

301 5288 363 5332 et
390 5291 459 5331 ex
483 5293 623 5334 vers.
653 5279 760 5335 236
790 5279 948 5346 hujus
978 5280 1093 5333 libri
1120 5289 1174 5333 et
1201 5292 1343 5333 vers.
1373 5276 1699 5346 I9iAp0lh.
1731 5278 1884 5332 colli-

298 5345 423 5416 git.
451 5346 824 5417 Symmachum
847 5344 924 5420 Set
948 5350 1080 5403 alios
1117 5348 1342 5420 gentiles
1370 5344 1659 5420 credidisse
1682 5348 1880 5420 ,‘multa

297 5416 550 5471 Veterum
581 5421 802 5473 numina
838 5418 1003 5472 fuisse
1044 5416 1404 5486 perfectiones
1433 5416 1591 5486 unius
1620 5417 1711 5469 Dei
1738 5456 1752 5480 ,
1785 5433 1881 5469 no-

297 5486 461 5556 rnine
497 5502 847 5556 personarum
880 5484 1109 5551 indutas,
1146 5502 1318 5556 neque
1347 5484 1487 5540 aliud
1522 5486 1681 5556 fuisse
1703 5487 1882 5556 Victo-

297 5555 451 5609 riam
475 5555 628 5611 deam
658 5558 757 5613 nisi
788 5558 1037 5612 virtutem
1081 5555 1243 5611 unam
1288 5571 1319 5611 e
1358 5556 1539 5609 multis
1580 5555 1732 5609 unius
1763 5555 1878 5611 Dei.

296 5624 509 5679 Verum
532 5626 725 5681 frustra
750 5628 954 5682 laborat
973 5625 1325 5680 Cudworthus
1348 5644 1358 5676 :
1394 5626 1493 5678 etsi
1518 5625 1657 5680 enim
1675 5636 1877 5679 certum

295 5694 410 5760 sit,
461 5697 680 5763 gentiles
722 5698 775 5752 in
823 5712 1043 5753 suorum
1090 5697 1363 5752 numinum
1412 5694 1463 5751 vi
1511 5701 1564 5749 et
1619 5706 1880 5766 potestate

1987 4651 2089 4704 diis
2136 4652 2188 4722 in
2230 4651 2495 4715 manibus,
2544 4652 2809 4706 vulturum
2858 4652 2958 4722 alis
3002 4652 3052 4706 in
3076 4651 3555 4722 dorsotadeoque

1987 4721 2100 4775 avis
2127 4721 2214 4775 illa
2241 4722 2431 4777 mulier
2459 4722 2635 4775 vultur
2660 4722 2774 4775 dea:
2804 4721 2925 4775 Isidi
2958 4736 3107 4776 sacra
3134 4732 3237 4777 est.
3265 4722 3555 4777 Federicus

1987 4790 2239 4845 Morellus
2262 4807 2291 4845 a
2309 4789 2565 4860 ϐετωεεεο
2583 4791 2681 4845 hac
2700 4790 2766 4844 de
2788 4806 2845 4845 re
2860 4792 3136 4846 consultus
3156 4794 3235 4848 sic
3256 4793 3547 4857 rescripsit.

1984 4860 2305 4930 Confirmari
2334 4860 2386 4914 id
2419 4868 2612 4930 potest,
2641 4860 2761 4930 quia
2793 4861 3035 4915 Ailianus
3060 4862 3149 4917 lib.
3183 4878 3212 4917 ι
3242 4861 3309 4917 de
3338 4862 3551 4915 Anima-

1989 4929 2151 4998 libus,
2178 4944 2298 5001 cap.
2338 4929 2450 5001 22⁷,
2482 4929 2957 5001 τεῖρε-[Αἰεγριίοε
2988 4931 3140 4986 Isidis
3165 4940 3389 5001 statuam
3424 4947 3552 5001 pcn-

1987 5002 2072 5054 nis
2099 5000 2383 5070 vulturinis
2405 5015 2646 5070 ornare;
2678 5008 2733 5054 et
2773 4999 2921 5054 multi
2963 5011 3145 5069 putant
3186 5000 3254 5054 ab
3288 4999 3553 5070 Egyptiis

1985 5070 2087 5123 coli
2111 5069 2367 5124 vultures.
2395 5069 2500 5123 Sed
2523 5080 2579 5123 ut
2599 5085 2781 5124 verum
2806 5071 2993 5137 fatear,
3015 5071 3183 5138 magis
3198 5070 3367 5138 placet
3392 5069 3551 5122 inter-

1986 5142 2213 5206 pretatio
2255 5137 2615 5209 Chamillardi,
2643 5139 2783 5209 quod
2827 5139 3019 5195 frustra
3051 5137 3276 5209 litigatur
3318 5138 3550 5192 Victoria

1986 5208 2199 5279 mulier,
2245 5208 2344 5265 dea
2382 5218 2437 5264 et
2477 5208 2694 5279 vultur,
2743 5208 2857 5265 sive
2905 5208 3261 5279 magnis'alis
3303 5220 3551 5279 tanquam

1985 5278 2166 5334 vultur
2206 5279 2480 5333 instructa.
2530 5278 2643 5333 Iluc
2679 5276 2825 5333 trahi
2878 5276 3071 5346 potest,
3124 5276 3265 5345 quod
3316 5278 3551 5332 vultures

1986 5347 2135 5402 Marti
2168 5358 2323 5403 erant
2349 5348 2508 5413 Sacri,
2534 5358 2590 5403 et
2616 5349 2754 5417 quod
2783 5357 2991 5402 veteres
3020 5349 3366 5417 imperatores
3395 5362 3550 5401 accu-

1986 5427 2101 5473 rate
2140 5418 2418 5487 explorare
2455 5418 2599 5474 soliti
2634 5416 2831 5472 essent
2872 5417 2925 5469 in
2974 5432 3130 5487 quam
3172 5416 3296 5470 belli
3347 5428 3547 5484 partem

1986 5486 2290 5556 spectarent
2319 5488 2587 5551 vultures,
2637 5487 2761 5541 inde
2799 5486 3073 5556 victoriam
3110 5496 3420 5556 sperantes,
3464 5489 3550 5542 vel

1990 5554 2412 5627 pirolligationem
2440 5575 2452 5609 :
2481 5558 2546 5611 de
2586 5558 2781 5627 quibus
2809 5554 2968 5627 adisis
3004 5554 3365 5627 Rhodiginum
3400 5556 3547 5610 Lcct.

1984 5623 2159 5695 antiq.‘
2181 5627 2270 5681 lib.
2304 5643 2414 5691 vnt,
2440 5643 2555 5694 cap.
2592 5623 2678 5689 I8,
2714 5623 3026 5695 Egyptios,
3066 5623 3286 5690 Persas,
3335 5625 3550 5682 Graecus

1992 5694 2278 5752 νιειὸτίαιη
2302 5697 2399 5752 sibi
2430 5695 2653 5765 imagine
2675 5694 2944 5764 accipitris
2974 5705 3386 5768 reprasentasse
3411 5698 3546 5752 litte‘
