2026 3092
125 176 129 183 ὶ
145 145 197 174 tso

160 202 195 230 95
234 199 312 235 773
326 199 378 233 Qui
393 199 436 227 vel
452 199 581 235 principio
590 201 684 234 caruit,
698 202 739 229 vel
755 202 807 229 line
816 203 927 237 carebit,
943 206 969 236 Α

232 247 336 279 Quique
351 244 422 272 cbao
436 246 555 273 anterior
569 246 659 279 fuerit,
675 247 856 282 mundumque

777 291 896 327 [crearit,

232 334 392 369 Conjcctare
406 334 498 361 animo
514 335 713 368 contendimus,
729 338 824 371 exigua
838 342 878 364 est
893 337 932 365 vis

234 379 345 406 llumani
359 379 469 412 ingenii,
485 384 612 414 tantoque
627 385 738 415 angusta
754 381 837 408 labori
852 390 858 407 :

232 424 334 458 Quippe
349 425 436 451 minor
450 429 543 450 natura
557 425 642 452 aciem
655 426 677 452 si
693 426 833 453 intendere
847 430 932 454 tentet

234 468 338 500 Acrius,
354 475 387 494 ac
399 472 541 502 penetrare
558 469 603 496 Dei
615 476 717 497 secreta
730 471 860 505 supremi,

233 514 298 548 Quis
309 514 413 541 dubitet
427 514 633 550 vieto‘fragilem
648 516 795 544 lassescere
808 517 876 550 visu,

234 559 345 593 Vimque
360 559 476 594 fatigatas
490 563 586 588 mentls
600 561 650 588 sub
660 566 769 596 pectore
781 568 863 596 parvo

197 616 200 619 ι
235 604 367 637 Turbari,
393 604 572 640 invalidisque
600 605 724 635 hebetem
755 608 930 635 succumbere

793 652 895 689 [curisi

232 695 282 722 Sed
297 694 382 722 facilis
393 694 453 722 ﬁdei
467 695 508 722 via
524 701 649 730 provocat
662 697 877 732 Omnipotentem

230 739 365 768 Credere:
377 741 420 775 qui
430 741 498 768 bona
507 748 560 768 non
569 746 669 769 tantum
679 744 821 777 praesentia
835 744 928 778 donat,

231 785 282 813 Sed
297 790 408 812 ventura
425 786 517 818 etiam,
533 786 673 821 longisque
684 788 828 815 intermina
839 789 928 816 saeclis

146 468 197 496 100

146 740 195 768 105

231 830 377 862 Promittit,
390 838 423 858 ne
437 835 508 858 totus
522 838 580 859 eam
595 832 729 860 resolutus
744 828 835 860 inane-

230 875 259 903 In
278 875 403 910 nihilum,
426 884 587 912 pereamque
612 878 719 918 brevem
740 884 799 913 post
820 878 929 907 luminis
944 879 967 909 B

792 923 891 959 [ιιευω.

230 967 346 994 Muneris
357 971 481 995 auctores
495 968 554 1002 ipso
568 967 601 996 de
614 976 726 996 munere
742 970 853 1004 pendas,

230 1007 341 1042 Etcrna
356 1019 474 1043 aeternus
484 1015 589 1048 tribuit,
606 1015 728 1043 mortalia
744 1016 847 1044 confert

230 1060 310 1096 7⁵14ι
321 1060 438 1089 Mortalis
451 1070 457 1087 :
471 1061 559 1089 divina
574 1061 655 1094 Deus,
668 1062 782 1101 peritura
792 1064 919 1091 caducus.

230 1107 339 1140 Omnia,
360 1114 420 1142 qua:
440 1111 545 1142 tempus
568 1107 682 1142 peragit,
702 1115 814 1142 qumque
838 1110 925 1137 exitus

148 1014 193 1042 110

795 1153 879 1179 aufert

795 1153 879 1180 aufert

231 1195 297 1223 Vilia
310 1200 373 1223 sunt
386 1197 517 1225 brevitate
540 1197 591 1232 sui,
611 1204 661 1225 nt-c
673 1197 753 1232 digna
767 1152 891 1233 ρὶεηεηιιίΙ

229 1241 367 1277 largitore
379 1251 385 1269 :
397 1242 440 1269 cui
456 1242 564 1277 propria
574 1246 616 1271 est
628 1243 776 1278 opulentia,
792 1252 928 1279 nunquam

684 147 782 175 LlBER
802 148 823 175 ll
841 141 977 177 CONTRA
998 150 1222 179 SYMMACHUM.

1720 157 1768 184 190

983 205 1033 233 115
1069 205 1208 239 Desinere,
1224 205 1305 241 idque
1328 206 1430 235 homini
1446 207 1521 243 dare,
1535 209 1606 244 quod
1628 217 1681 237 non
1696 211 1766 238 desi-

1532 253 1589 289 [nat
1603 261 1731 287 unquam.

1072 295 1137 322 Nam
1149 296 1171 323 si
1181 300 1347 331 corruptum,
1360 298 1621 332 corrumpendumve
1629 299 1698 325 Deus
1706 298 1767 333 quid

1069 339 1194 373 Praestat,
1215 340 1347 376 habetque
1366 342 1446 374 ninil,
1470 342 1541 377 quod
1565 343 1600 369 sit
1623 342 1767 377 pretiosius

1644 387 1713 422 [istis
1725 395 1732 413 ι

1074 429 1188 465 Pauper,
1198 434 1225 458 et
1236 431 1368 464 infirmus,
1379 436 1406 459 et
1416 432 1648 467 summoindignus
1655 433 1766 465 honore.

1072 475 1103 502 Et
1118 482 1170 503 non
1183 476 1363 511 omnipotens,
1380 476 1426 504 sed
1440 477 1526 505 inanis
1541 477 1657 504 numinis
1671 477 1764 504 umbra

1667 523 1731 558 [est.

1071 566 1124 594 llac
1135 567 1240 595 ratione
1253 567 1321 595 ﬁdes
1333 569 1468 603 sapienter
1481 568 1598 601 conjicit,
1615 569 1667 595 into

1070 612 1126 639 Non
1144 612 1258 645 dubitat,
1271 621 1363 640 verum
1376 621 1435 641 esse
1449 614 1532 641 Deum
1546 623 1552 640 :
1567 614 1621 648 qui,
1636 614 1706 648 quod
1720 622 1765 641 su-

1521 658 1602 695 [mus,
1619 663 1646 686 et
1658 659 1728 694 quod

1071 702 1200 734 Vivimus,
1217 703 1329 730 illaasum
1350 710 1456 738 semper
1476 704 1543 736 fore,
1565 705 1586 731 si
1601 712 1762 737 mereamur,

1070 748 1123 775 Nos
1144 755 1252 783 sperare
1264 749 1350 783 jubet.
1375 748 1497 777 leestia
1521 750 1544 777 si
1558 751 1652 784 placet,
1670 751 1764 786 inquit,

1069 793 1213 826 Scandere,
1227 797 1349 822 terrenas
1360 795 1450 822 animo
1464 795 1589 829 depellite
1605 802 1693 823 curas.

1070 839 1135 866 Nam
1152 844 1279 873 quantum
1291 840 1410 874 subjecta
1427 841 1488 875 pulo
1503 840 1580 868 tellus
1594 841 1664 875 jacet
1684 841 1762 874 in'ra,

981 565 1034 593 120

981 838 1033 867 125

1069 884 1251 919 Dividiturque
1265 884 1299 912 ab
1314 886 1394 912 humo
1406 885 1517 912 convexi
1533 885 1605 919 regia
1619 885 1692 917 caeli,

1068 929 1181 955 Tantum
1198 933 1284 956 vestra
1301 930 1367 956 meis
1386 929 1487 956 distant
1511 930 1642 957 mundana
1656 930 1761 963 futuris,

1068 973 1129 999 Dira
1145 973 1233 1007 bonis,
1249 974 1376 1001 scelerata
1389 974 1450 1008 piis,
1466 974 1607 1001 tenebrosa
1619 975 1731 1002 serenis.

1066 1018 1146 1054 7⁵15
1160 1018 1290 1054 Quidquid
1305 1019 1380 1046 obire
1395 1023 1491 1053 potest,
1510 1019 1626 1054 fugiatis,
1640 1027 1737 1046 censeo
1753 1028 1760 1046 :

1591 1063 1729 1099 [quidquid

1067 1109 1171 1136 Natum
1185 1109 1288 1136 ratione
1300 1109 1370 1144 capit
1384 1109 1489 1141 vilium,
1505 1115 1584 1144 atque
1598 1110 1729 1142 senescit,

1068 1155 1120 1182 Pro
1129 1155 1223 1187 nihilo,
1232 1155 1258 1181 in
1264 1154 1376 1182 nihilum
1383 1155 1443 1190 quia
1450 1160 1511 1182 sunt
1520 1155 1649 1187 reditura,
1657 1155 1763 1190 putetis.

1066 1199 1168 1227 Cuncta
1175 1199 1293 1235 quidem,
1301 1200 1450 1235 quiegignit
1456 1200 1562 1234 humus,
1568 1207 1628 1235 qua:
1634 1199 1763 1232 continet,

1664 1245 1731 1281 [ipse

979 1109 1030 1137 130

791 1298 933 1327 GLOSS/E
953 1300 1121 1328 VETERES.

174 1343 221 1372 96.
236 1343 319 1377 Chao,
335 1343 440 1376 mundo,
453 1343 537 1377 initio,
552 1344 573 1372 Ι.

175 1379 221 1407 99.
235 1378 343 1411 Natura,
358 1379 483 1410 homines,
497 1379 516 1405 I.
610 1406 616 1413 κ

178 1413 241 1441 100.
256 1413 391 1447 Supremi,
406 1413 537 1445 altissimi,
547 1414 568 1441 Ι.

177 1449 240 1476 101.
254 1448 359 1482 Visum,
375 1453 493 1480 mentem,
505 1457 611 1476 acumen
626 1449 779 1482 intellectus,
789 1449 810 1477 Ι.

177 1485 239 1511 105.
251 1483 390 1516 Hebetem,
399 1484 509 1518 pigram,
519 1483 538 1510 Ι.

176 1519 238 1579 106.
246 1518 409 1580 lIntermina,
430 1518 638 1552 interminabilia,
654 1519 793 1554 infinibilia
808 1520 834 1547 in
852 1524 926 1549 cater-

176 1559 196 1580 ta
208 1562 232 1580 e.
259 1573 266 1579 .

146 1554 232 1585 nitate,
246 1554 266 1580 l.

178 1589 238 1616 107.
255 1588 332 1621 Eam,
349 1593 484 1621 transeam,
499 1589 517 1616 Ι.

178 1624 240 1651 108.
258 1624 386 1655 Luminis,
398 1624 470 1651 istius
484 1624 553 1657 vitm,
567 1623 618 1652 lso.

180 1658 239 1686 109.
254 1658 368 1691 Pendas,
383 1659 502 1692 testimes,
515 1659 566 1686 lso.

941 1559 964 1591 ϐ

1019 1347 1080 1375 110.
1094 1346 1233 1379 Etet-nus,
1245 1347 1322 1380 Deus,
1336 1348 1387 1376 lso.

1017 1382 1078 1408 111.
1091 1381 1217 1415 Mortalis,
1231 1384 1349 1415 mundus,
1365 1385 1449 1416 homo,
1463 1383 1483 1410 Ι.

1017 1417 1077 1445 115.
1096 1417 1231 1447 Desinere,
1248 1418 1327 1449 ﬁniri.
1346 1419 1363 1445 Ι.

1017 1451 1079 1479 116.
1097 1452 1175 1485 Quid,
1190 1452 1297 1485 aliquid,
1316 1453 1367 1479 Iso.

1016 1486 1076 1513 117.
1094 1487 1161 1513 Istis.
1179 1488 1345 1519 prwsentibus
1359 1487 1441 1520 battis,
1455 1486 1477 1514 1.

1017 1521 1078 1548 120.
1091 1522 1216 1555 Coujicit,
1233 1527 1329 1553 narrat,
1348 1522 1365 1549 I.

1015 1557 1076 1583 1⁸25.
1095 1557 1189 1590 lnqttit,
1208 1557 1286 1589 Deus,
1305 1557 1356 1584 lso.

1016 1591 1077 1618 129.
1084 1592 1172 1622 Ubire,
1184 1593 1303 1625 transire,
1316 1592 1428 1626 ecl/iniri
1440 1591 1529 1619 .‘vet'ba
1539 1591 1596 1620 Dei.
1604 1607 1639 1613 -
1646 1591 1761 1626 Censeo,

974 1626 1080 1661 judico,
1095 1627 1223 1662 principio,
1239 1626 1259 1653 Ι.

824 1703 1103 1733 COMMENTARIUS.

160 1749 222 1809 βξ.
237 1750 341 1787 ﬂymno
360 1751 394 1779 12
407 1751 495 1785 Cath.,
509 1758 579 1780 vers.
598 1751 644 1784 10,
659 1751 794 1787 Antiquius
809 1753 884 1785 caelo,
903 1755 928 1778 et

178 1794 193 1809 ﬂ
212 1805 219 1809 .

148 1792 219 1812 cnao.

179 1820 222 1847 97.
237 1820 297 1847 Vat.
311 1821 343 1853 A,
356 1821 442 1848 animo
453 1821 621 1853 concedimus,
635 1828 688 1848 non
699 1821 776 1849 bene.
789 1821 927 1849 Sententia

148 1861 179 1890 ex
193 1856 277 1882 sacris
289 1856 398 1883 Litteris
414 1857 492 1888 petita
510 1861 561 1889 est,
584 1857 710 1884 Proverb.
733 1864 796 1890 xxv,
811 1856 861 1888 ‘27;
875 1855 927 1882 Ec-

150 1889 215 1916 cles.
230 1898 269 1922 ιιι,
283 1890 328 1924 2‘2,
342 1895 368 1918 et
381 1891 442 1918 aliis
458 1892 483 1918 in
500 1891 574 1918 locis.

180 1924 225 1951 98.
240 1925 306 1952 Mar.
317 1933 332 1952 a
347 1927 432 1960 prima
448 1933 537 1958 manu,
558 1926 654 1960 ingeni,
672 1925 749 1952 male.

180 1960 226 1986 99.
246 1960 312 1987 Mar.
335 1959 353 1986 a7
364 1961 450 1995 prima
474 1968 565 1993 manu,
585 1959 685 1987 natura:
699 1968 707 1986 :
720 1959 859 1995 legendum
882 1967 928 1985 na-

147 1998 215 2021 tura.

183 2029 244 2056 101.
257 2029 284 2056 In
296 2029 415 2057 editione
430 2029 566 2057 Parmensi
580 2038 656 2057 error
667 2033 757 2057 contra
771 2034 884 2056 matrum
902 2033 928 2055 et

147 2070 263 2104 sensum,
280 2065 403 2091 lacessere
415 2065 477 2092 visu.
491 2064 552 2092 Ald.
567 2070 594 2093 et
606 2065 691 2092 Oton.
705 2065 838 2091 lassescere
849 2065 929 2090 visum

147 2105 195 2132 pro
211 2107 274 2125 visu.

184 2133 242 2160 10⁸2.
264 2134 381 2166 Tbttan.,
404 2134 448 2161 sub
464 2139 574 2169 tempore
593 2142 682 2167 parvo.
705 2134 774 2167 quod
797 2133 930 2160 Salmasin

148 2167 278 2228 Blaub-tt,
296 2169 419 2204 quamvis
440 2170 486 2196 sub
512 2167 657 2200 redundet;
678 2177 737 2195 ttant
763 2168 824 2195 alibi
849 2169 929 2195 etiam

171 2203 318 2228 rudentius.
341 2204 458 2228 Alcimus
472 2204 563 2228 Avitus
587 2210 615 2228 et
637 2204 793 2228 Dracontius
808 2203 854 2228 sub
869 2209 929 2228 lem-

171 2203 318 2237 rudenlius’,
340 2204 458 2231 Alcimus
472 2204 563 2231 Avitus
587 2210 615 2231 et
637 2204 793 2230 Dracontius
808 2203 854 2230 sub
869 2209 930 2229 tem-

148 2246 208 2271 pore
222 2240 302 2266 simili
323 2239 403 2266 modo
417 2240 553 2266 dixerunt.
572 2238 690 2266 Prarfero
710 2246 878 2266 communem
893 2239 930 2265 le-

148 2273 261 2300 ctionem
277 2274 324 2300 sub
335 2279 433 2308 pectore
443 2283 531 2308 parvo.

184 2308 245 2335 106.
265 2308 323 2335 Non
343 2309 425 2335 semel
446 2308 605 2336 Prudentius
629 2309 713 2336 utitur
730 2316 797 2335 voce
818 2308 931 2335 intermi-

148 2349 195 2368 ntts
207 2349 287 2370 :usus
301 2350 331 2369 ea
351 2347 392 2370 est
404 2343 536 2370 Ausonius
547 2345 624 2377 epist.
642 2344 675 2371 16
687 2353 695 2371 :
708 2343 839 2370 Felicitate
852 2344 930 2370 inter-

147 2378 228 2412 nu'na.
243 2377 360 2405 Avienus
381 2378 406 2404 in
428 2378 574 2412 Pcriergesi
592 2388 597 2404 :
612 2378 694 2405 Musis
713 2378 847 2404 intermina
868 2379 928 2405 vita.

148 2411 271 2439 Sidonius
285 2417 312 2439 et
338 2413 477 2439 Salvianus
492 2411 570 2439 etiam
585 2413 779 2440 interminabilis
793 2413 927 2440 dixerunt.

183 2448 244 2475 107.
258 2447 331 2479 Ald.,
347 2456 392 2474 nec
405 2452 481 2479 totus,
494 2455 546 2474 non
561 2448 638 2475 bene.

183 2482 334 2518 109.Ald.,
352 2481 460 2518 Weitz.,
482 2482 547 2516 Gif.,
562 2483 759 2518 prmstantiorcs
780 2482 925 2518 lleinsiani,

149 2515 215 2552 Egit}
231 2537 238 2549 ,
253 2517 321 2548 PaL,
338 2517 427 2549 Alex.,
438 2515 577 2550 auctorem,
591 2518 660 2552 quod
673 2522 821 2551 sequuntur
835 2517 873 2552 lle
886 2525 927 2544 Its.

148 2555 174 2576 et
194 2551 287 2578 Citam.
311 2552 403 2579 Teneo
424 2558 538 2579 auctores
566 2551 626 2579 eum
651 2553 728 2583 Man,
752 2552 824 2584 ltat.,
851 2551 928 2584 Urb.,

149 2584 261 2619 Widtn.,
276 2587 372 2620 Bong.,
393 2587 483 2618 Fabr.,
505 2587 573 2620 Gis.,
588 2588 655 2614 aliis.
678 2587 799 2613 Gifanius
821 2586 929 2621 pra-fert

147 2626 287 2652 auctorem,
301 2623 362 2655 quia
383 2623 501 2656 sequitur
522 2627 641 2654 alemus,
663 2622 787 2653 mortalis,
800 2627 825 2648 el
838 2622 874 2648 ibi
888 2626 930 2648 est

148 2657 268 2682 muneris.
282 2656 340 2683 Non
351 2657 414 2683 satis
429 2656 547 2691 intelligo
562 2657 625 2691 quid
641 2657 690 2683 sibi
704 2657 775 2683 velit.
791 2656 844 2683 Cur
856 2657 927 2684 enim

148 2699 204 2717 non
220 2692 424 2726 recteidicatur,
442 2690 529 2718 Pericle
555 2690 670 2718 auctores
691 2693 801 2718 muneris
822 2692 877 2726 ipso
898 2692 929 2718 de

148 2733 262 2752 munere.
278 2725 387 2752 £terna
399 2731 506 2753 teternus
517 2727 611 2759 tribuit,
627 2727 743 2753 mortalia
755 2725 851 2760 confit:
864 2735 929 2752 mor-

149 2759 225 2791 talis,
250 2761 293 2787 ubi
319 2765 440 2789 auctores
466 2762 630 2789 diversorum
651 2769 791 2789 munerum
805 2759 881 2789 inter
899 2769 928 2788 se

148 2794 333 2822 eculei-untur.

187 2829 253 2859 tu.
265 2829 325 2857 Vat.
341 2829 374 2862 A,
396 2830 531 2863 mendose,
552 2831 668 2867 largitor.
688 2831 761 2859 Alter
782 2831 866 2864 Rott.,
886 2833 926 2858 cui

981 1749 1112 1784 proprium
1126 1753 1162 1775 est
1172 1749 1313 1783 opulentia.

1016 1784 1077 1811 115.
1095 1784 1154 1811 Aldi
1168 1791 1243 1810 error
1257 1784 1407 1811 desinerem.
1424 1783 1481 1812 Cis.
1493 1784 1525 1811 ad
1536 1792 1622 1816 oram,
1636 1788 1710 1816 atque
1720 1785 1764 1811 lio-

980 1819 1053 1845 mini.
1067 1818 1178 1850 Weitz.,
1193 1817 1261 1851 Gis.,
1280 1819 1356 1853 Man,
1373 1827 1423 1846 non
1440 1820 1545 1846 desinet.
1567 1819 1643 1851 ΠΜ..
1659 1817 1762 1846 desinit.

979 1853 1069 1880 Codex
1080 1853 1173 1884 .lureti,
1188 1853 1277 1889 Ales"
1291 1853 1370 1889 Urb.,
1384 1854 1439 1880 Vat.
1455 1854 1486 1886 A,
1500 1854 1574 1887 Ald,,
1588 1855 1675 1889 Egni.,
1691 1854 1760 1888 PaL,

981 1887 1260 1923 potioresrﬂeinsiani,
1278 1888 1378 1915 desinat
1397 1897 1518 1922 unquam.

1017 1923 1077 1950 H6.
1099 1922 1232 1950 Weitzius
1251 1929 1312 1949 cum
1336 1924 1484 1957 nonnullis,
1505 1923 1765 1958 corrumpendumque

981 1959 1050 1985 Deus
1061 1958 1131 1992 quid.

1016 1993 1076 2020 117.
1094 1992 1153 2019 Vat.
1166 1993 1199 2025 Α,

1016 2028 1077 2055 118.
1091 2028 1182 2059 Fabr.,
1196 2026 1348 2061 summoque.
1361 2026 1418 2054 Cis.
1430 2026 1442 2054 1
1455 2028 1512 2060 ed.,
1524 2031 1673 2058 etsummo;
1684 2026 1764 2056 Sed,

979 2071 1136 2096 summoque.
1164 2064 1276 2089 Codices
1300 2063 1429 2096 potiores,
1456 2063 1574 2095 inﬁrmus
1598 2066 1622 2088 et
1645 2068 1763 2088 summo:

980 2106 1040 2125 nam
1057 2098 1189 2124 familiare
1204 2103 1244 2124 est
1267 2097 1413 2124 Prudentio
1432 2098 1538 2125 brevem
1556 2096 1659 2123 ratione
1678 2104 1765 2124 ca-su-

981 2141 1018 2160 rae
1034 2132 1188 2165 producere.
1203 2132 1268 2160 Vide
1282 2132 1416 2160 Gifaniqu
1431 2133 1513 2159 verbo
1528 2138 1630 2159 INCISIO.

1019 2167 1079 2195 119.
1093 2168 1169 2194 Alex.
1186 2174 1201 2193 a
1223 2168 1306 2201 prima
1328 2175 1418 2197 manu.
1436 2167 1513 2198 Urb.,
1536 2168 1614 2195 Man.
1631 2171 1655 2193 et
1670 2166 1766 2197 inanis,

979 2210 1032 2229 non
1046 2202 1127 2229 male.
1144 2201 1216 2234 Rat.,
1234 2203 1342 2228 nominis
1354 2202 1443 2228 umbra
1454 2207 1500 2234 est,
1516 2202 1604 2229 minus
1616 2201 1693 2229 bene.

1016 2237 1077 2297 πη.
1095 2236 1194 2297 Eadqtg
1207 2237 1338 2263 sententia
1354 2237 1447 2264 iisdem
1463 2237 1519 2264 fere
1533 2235 1621 2264 verbis
1637 2235 1763 2272 hymnis,

1039 2281 1057 2297 ι.
1075 2279 1145 2297 vers.
1196 2289 1202 2297 .

980 2272 1057 2300 Catii.
1075 2279 1145 2298 vers.
1160 2272 1202 2298 15.

1016 2307 1078 2334 125.
1093 2306 1171 2337 Man,
1184 2305 1254 2337 fiat.,
1269 2305 1364 2332 Wei'z.
1383 2313 1442 2332 cum
1460 2306 1528 2339 suis,
1544 2305 1631 2338 Siclt.,
1649 2305 1716 2337 Gis.,
1732 2305 1767 2332 al-

982 2347 1022 2369 ter
1041 2342 1125 2372 llott.,
1147 2341 1352 2376 subjectawpola.
1378 2341 1514 2368 Heinsiani
1531 2342 1660 2376 plerique,
1677 2340 1734 2367 Cts.
1751 2340 1762 2367 1

982 2377 1025 2404 ed.
1040 2376 1066 2404 in
1079 2381 1162 2408 textu,
1175 2375 1247 2411 ΑΜ..
1262 2375 1338 2411 Urb.,
1356 2377 1446 2408 Alex.,
1461 2376 1519 2403 Vat.
1530 2375 1562 2406 Δ,
1578 2377 1691 2411 subjecta
1705 2376 1765 2402 situ.

983 2412 1091 2439 Teolius
1107 2411 1141 2437 ita
1163 2410 1257 2441 edidit,
1277 2410 1322 2437 scd
1338 2419 1390 2438 non
1406 2411 1473 2438 bene
1491 2412 1587 2445 allegat
1603 2410 1696 2438 A’ttlum
1720 2418 1767 2440 tarn

983 2448 1041 2481 polo
1059 2453 1138 2472 :ttam
1155 2445 1237 2472 Aldus
1253 2445 1375 2478 Weitzio,
1392 2446 1510 2478 Heinsio,
1526 2452 1554 2473 et
1570 2446 1633 2473 milii
1645 2446 1691 2472 dat
1705 2446 1765 2478 situ,

982 2480 1052 2515 quod
1082 2481 1167 2507 tenttit
1192 2480 1325 2507 Heinsius.
1351 2481 1488 2508 Sententia
1514 2481 1650 2514 desumpta
1673 2485 1713 2507 est
1735 2487 1766 2507 ex

983 2516 1059 2546 lsaia,
1072 2523 1132 2548 cap.
1147 2523 1189 2552 LV,
1205 2523 1276 2542 vers.
1297 2516 1313 2543 9
1329 2525 1334 2541 :
1353 2516 1420 2552 Quia
1434 2518 1498 2543 sicut
1519 2518 1664 2552 exaltantur
1681 2515 1737 2542 (teli
1748 2523 1768 2552 Va

982 2556 1061 2583 terra,
1077 2551 1113 2576 sic
1124 2551 1242 2577 exaltant:
1253 2556 1312 2576 sunt
1326 2551 1373 2578 vite
1386 2559 1448 2578 mea!
1460 2561 1475 2578 a
1486 2552 1532 2578 viis
1546 2551 1645 2583 vestris,
1662 2555 1685 2576 et
1698 2551 1767 2586 cogi-

983 2586 1090 2612 tationes
1106 2593 1167 2612 metu
1181 2594 1196 2611 ιι
1209 2586 1404 2621 cogitationibus
1419 2588 1517 2613 vestris.

1018 2620 1079 2647 126.
1096 2619 1295 2648 ιυίῑιειίιιςἸιι).
1309 2629 1332 2647 ιν
1346 2629 1353 2647 :
1368 2623 1388 2647 Α
1407 2623 1479 2649 terris
1491 2626 1614 2656 quantum
1628 2619 1685 2647 εοειὶ
1699 2625 1767 2650 patet

980 2656 1049 2682 allus
1065 2656 1162 2682 hiatus.

1008 2692 1076 2720 131.
1091 2690 1191 2717 Widm.
1204 2697 1293 2724 supra,
1308 2691 1385 2722 Man.
1402 2700 1457 2725 qum
1471 2696 1539 2718 sunt.

1020 2726 1080 2752 l52.
1103 2726 1226 2752 licin~ius
1244 2733 1304 2752 cum
1328 2727 1383 2752 suis
1409 2726 1655 2759 prtestantioribus,
1681 2729 1772 2752 cuncta

979 2761 1106 2795 equidem,
1123 2765 1150 2788 et
1164 2762 1273 2787 continet
1288 2761 1344 2790 ipsa
1370 2768 1430 2787 cum
1447 2762 1552 2793 iisdem,
1566 2761 1639 2792 Δια..
1657 2760 1716 2788 Val.
1732 2761 1771 2793 A,

979 2798 1059 2822 Alex.
1077 2804 1090 2822 a
1104 2796 1220 2822 secunda
1237 2803 1326 2821 manu.
1342 2796 1393 2822 Alii
1411 2796 1532 2830 plerique
1552 2797 1636 2824 nostri
1651 2803 1728 2828 mss.,
1743 2800 1773 2822 «ιι

979 2831 1053 2864 cdd.,
1076 2836 1168 2858 cuncta
1180 2831 1292 2865 quidem,
1308 2835 1335 2859 ot
1348 2832 1468 2864 continet,
1481 2832 1533 2869 ipsa
1549 2832 1682 2869 Principio
1696 2832 1771 2858 insti-

1216 1997 1313 2027 prwstet
1324 2001 1332 2025 ;
1356 1992 1412 2027 alii,
1429 1996 1543 2027 prwslat.
