4052 6184
493 285 582 343 l9!
1607 281 1886 339 AURELII
1923 282 2284 342 PBUDENTII
2319 285 2637 342 CARMINA.

661 400 929 470 Principio
951 401 1176 468 institui,
1207 399 1480 470 nitidoque
1507 397 1735 469 insignia
1763 399 1965 455 mundo
2079 404 2127 464 Α

661 489 983 545 Ornamenta
1003 490 1147 556 dedi,
1171 489 1517 560 speciosaque
1538 488 1741 544 semina
1764 489 1911 543 tinxi.

491 577 591 632 l35
663 579 768 634 Sed
785 591 958 636 tamen
973 596 1090 636 esse
1111 579 1325 635 modum
1343 579 1504 644 volui,
1531 578 2048 649 parcisque'fruenda

658 671 888 725 Moribus
916 671 1131 738 indulsi,
1154 681 1408 741 quantum
1433 670 1803 736 moribundus,
1838 678 1892 726 et
1911 685 2052 740 aeger

666 759 947 829 Corporis,
980 776 1043 815 ac
1073 763 1194 816 vita:
1221 761 1451 817 volucris
1476 761 1575 816 sibi
1605 769 1848 830 posceret
1875 775 2001 816 usus
2032 777 2047 814 :

667 846 780 902 Non
808 857 868 902 ut
895 859 1081 919 captus
1104 849 1266 905 homo
1285 849 1494 915 studiis,
1519 860 1573 906 et
1593 850 1818 904 inaniter
1836 849 2047 920 ardens,

666 941 895 998 Duceret
940 959 1099 999 omne
1147 944 1341 999 bonum
1389 943 1618 1014 positum
1665 943 1719 998 in
1772 942 2056 997 dulcedine

1760 1031 1984 1103 [rerum,

669 1121 737 1176 Et
765 1121 945 1191 specie
973 1122 1142 1189 tenui,
1166 1136 1301 1191 quas
1327 1134 1544 1176 currere
1572 1129 1809 1189 tempore
1835 1119 1997 1190 iussi,

667 1211 830 1283 776
856 1211 1033 1281 Atque
1064 1227 1236 1268 aevum
1278 1211 1472 1277 statui,
1503 1210 1604 1265 sub
1649 1226 1758 1280 quo
1799 1223 2055 1279 generosa

1683 1303 1988 1376 [probarem

668 1391 913 1460 Pectora,
945 1407 1013 1450 ne
1047 1402 1285 1465 torpens,
1315 1402 1371 1450 et
1396 1407 1501 1449 non
1531 1394 1763 1450 exercita
1788 1393 1986 1461 virtus,

671 1482 856 1538 Robur
883 1493 1192 1539 enervatum
1212 1493 1424 1554 gereret
1448 1485 1566 1540 sine
1592 1484 1749 1539 laude
1779 1485 2058 1554 palaestrae.

669 1571 1021 1629 lllecebrosus
1048 1575 1190 1630 enim
1218 1588 1379 1643 sapor
1402 1581 1504 1638 est,
1525 1581 1580 1628 et
1605 1573 1822 1642 pestifer
1847 1575 2060 1640 borum,

497 1118 635 1176 MO.

494 1619 510 1635 .
669 1619 1020 1629 -.ω---.ηπ
1218 1619 1274 1629 --
1319 1619 1368 1629 --
1404 1619 1504 1638 ..η
1527 1619 1580 1628 ν-
1605 1619 1811 1642 ...π-ν-
1847 1619 2060 1640 ---υ-η,

469 1743 471 1746 ⁴
497 1661 602 1718 115
670 1663 962 1731 Quae,dum
980 1619 1478 1734 praetereuni,miro
1491 1663 1845 1720 oblectamine
1857 1672 2065 1718 mentes
2155 1673 2166 1684 '

1813 1749 2100 1812 GLOSSAE
2140 1752 2476 1810 VETERES.

2090 1849 2139 1909 B
2237 1843 2359 1913 148.
2391 1843 2590 1910 Lentis,
2614 1845 2938 1913 flexibilibus,
2970 1846 3008 1903 Ι.

575 1843 687 1900 155.
718 1843 897 1898 Parcis
921 1844 1172 1908 moribus,
1208 1842 1616 1913 frugalitatibus,
1642 1843 1682 1898 Ι.

473 1915 478 1922 ’
569 1914 687 1968 157.
723 1914 981 1973 Volueris.
1018 1929 1132 1982 qua:
1157 1915 1255 1967 cito
1279 1912 1481 1972 transit.
1512 1912 1551 1966 1.

573 1984 690 2036 138.
720 1983 856 2048 Non,
883 2000 980 2037 non
1007 1981 1123 2036 ideo
1151 1983 1426 2048 distribuit,
1458 1981 1564 2037 lso.

569 2052 692 2106 159.
726 2054 969 2119 Duceret,
994 2055 1287 2117 wstimart't,
1315 2052 1354 2107 l.

569 2121 691 2176 145.
709 2121 1052 2190 Enervatum,
1066 2123 1343 2190 inﬁrmum.
1361 2151 1428 2162 --
1441 2121 1728 2188 Palaestrzr,
1749 2120 2057 2187 certaminis,

495 2190 802 2258 luctaminis,
838 2191 876 2246 Ι.

568 2259 688 2313 tu.
714 2261 1084 2383 :llecebrosus,
1111 2259 1344 2318 illicitas.
1369 2289 1442 2301 —
1465 2261 1661 2316 llorum
1677 2299 1694 2328 ,
1722 2259 2061 2316 delectamené

568 2345 682 2383 um.
738 2371 755 2383 .

495 2335 682 2394 torum,
714 2335 755 2385 Ι.

567 2396 691 2454 1-17.
719 2399 1050 2469 Constantia,
1081 2398 1239 2470 ligata
1266 2415 1299 2454 α
1325 2399 1549 2469 diabolo,
1580 2399 1681 2455 lso.

3616 292 3721 350 192

2327 404 2610 474 implicitas
2634 445 2650 471 ,
2708 404 3016 474 vinctasque
3053 413 3235 463 tenent
3269 425 3282 461 :
3322 409 3585 466 vincenda
3630 430 3724 467 ru-

3416 499 3613 572 [luptas
3631 544 3648 569 ,

2336 584 2672 654 Elaqueanda
2698 586 2862 642 animi
2881 587 3199 654 constantia,
3229 603 3298 645 ne
3321 591 3592 647 retinaclis

2335 675 2603 745 Mollibus,
2632 690 2695 731 ac
2723 675 2883 732 lentis
2911 691 3047 732 nexa
3066 717 3082 743 ,
3111 687 3164 734 et
3190 680 3402 750 captiva
3428 692 3718 749 prematur.

2333 765 2658 820 Luctandum
2687 766 2909 821 summis
2932 767 3211 822 conatibus
3240 787 3254 824 :
3289 770 3429 826 inter
3454 773 3649 830 acerba

2335 853 2654 910 Sectandum
2682 854 2895 910 virtutis
2922 855 3024 911 iter
3053 874 3066 910 :
3097 873 3165 912 ne
3189 861 3370 914 suavia
3400 862 3558 918 ﬂuxa:

2333 943 2662 1000 Conditionis
2682 955 2844 1010 amet,
2867 945 3086 1000 nimium
3116 962 3214 1002 nec
3233 959 3486 1018 congerat
3505 967 3718 1019 aurum,

2333 1035 2491 1107 777
2544 1035 2654 1090 Nec
2707 1035 2883 1091 varios
2928 1036 3162 1108 lapidum
3226 1039 3417 1112 cupide
3478 1053 3725 1112 spectare

3427 1130 3656 1204 [colores

2337 1216 2634 1271 Ambitiosa
2661 1216 2786 1270 velit
2817 1235 2828 1270 :
2861 1231 2959 1271 nec
2987 1231 3047 1273 se
3072 1220 3413 1289 popularibus
3438 1225 3582 1279 auris

2335 1306 2600 1369 Ostentet,
2646 1305 2974 1375 pulchroque
3001 1307 3180 1363 inﬂata
3209 1318 3466 1367 tumescat
3496 1313 3722 1375 honore.

2164 1392 2268 1450 155
2337 1393 2415 1449 Ne
2444 1394 2619 1449 natale
2645 1395 2839 1455 solum,
2871 1396 3028 1464 patrii
3057 1411 3123 1452 ne
3146 1398 3329 1468 jugera
3353 1403 3512 1460 ruris.

2340 1483 2569 1548 Tendat,
2589 1492 2645 1538 et
2665 1495 2920 1540 externos
2941 1487 3178 1542 animum
3203 1489 3456 1546 diﬂ'undat
3480 1493 3532 1548 in
3547 1509 3724 1566 agros,

2342 1574 2408 1628 Et
2431 1588 2500 1630 ne
2525 1576 2796 1644 corporeis
2823 1575 3034 1633 addicat
3053 1581 3298 1635 sensibus
3316 1597 3494 1649 omne,

2339 1664 2491 1732 Quod
2505 1666 2635 1733 vult,
2654 1676 2744 1722 aut
2759 1668 2900 1738 quod
2922 1671 3030 1740 agit
3049 1687 3064 1724 ;
3081 1686 3149 1727 ne
3164 1671 3410 1742 prmferat
3424 1676 3552 1732 utile
3557 1677 3725 1747 justo,

2161 853 2264 911 150

2235 1912 2360 1969 149.
2391 1912 2620 1971 Acerba.
2647 1915 2914 1982 supplicia,
2951 1915 2990 1970 Ι.

2234 1983 2358 2054 155.
2389 1983 2565 2048 Auris,
2594 1983 2880 2054 favoribus.
2916 1985 2954 2038 Ι.
3105 2037 3109 2040 .

2401 2053 2682 2140 ostentet,
2705 2125 2718 2140 ι
2733 2055 3004 2140 glorietur,
3045 2058 3224 2128 jactet.
3257 2088 3324 2101 —-
3352 2061 3688 2140 Pulchraque
3708 2111 3726 2138 ,

2161 2123 2294 2177 sicut
2321 2123 2607 2176 hominibus
2635 2124 2848 2188 videtur,
2878 2124 2919 2179 1.

2235 2191 2359 2266 ﬂigi.
2390 2191 2614 2266 Tondet,
2643 2192 2839 2266 dilatet,
2869 2195 2938 2266 ad
2955 2211 3009 2251 se
3038 2197 3223 2266 trahat,
3247 2198 3299 2254 d.

2234 2261 2356 2316 157.
2400 2261 2642 2327 Addicat,
2673 2263 2881 2322 tribuat.
2909 2265 2949 2318 l.

2235 2331 2360 2387 158.
2393 2330 2710 2400 Utilejusto,
2737 2332 3004 2404 utilitatem
3014 2337 3254 2407 justitite,
3277 2341 3356 2395 vel
3377 2350 3650 2416 terrenum,
3683 2347 3724 2404 l.

1875 2482 2435 2543 COMMENTARIUS.

495 2565 589 2612 tur.
615 2554 826 2615 Teoll-us
861 2575 980 2616 cum
1010 2559 1224 2614 Heinsio
1249 2560 1390 2626 facit,
1421 2560 1515 2616 sed
1544 2575 1650 2616 non
1689 2557 1828 2614 bene
1867 2559 2058 2613 distin-

533 2629 609 2702 _t_tit
630 2644 742 2702 quia
761 2632 1006 2702 continet,
1033 2631 1143 2702 ipsa
1165 2629 1428 2702 Principio
1447 2631 1672 2702 institui,
1704 2627 1804 2702 nisi
1831 2627 2058 2702 fortasse

546 2696 1061 2770 b_eol_iusiintelligat'
1089 2700 1204 2770 ipsa
1245 2696 1427 2755 cuncta
1463 2716 1583 2769 qua:
1624 2700 1813 2770 gignit,
1837 2698 2052 2770 humus.

497 2765 1029 2841 Heinsius‘intelligit,
1053 2765 1166 2840 quia
1186 2771 1405 2826 continet
1424 2765 1535 2840 ipia
1553 2765 1757 2824 humus.
1790 2769 1917 2835 Alii,
1948 2769 2058 2837 ipse

495 2851 608 2905 ego,
635 2838 856 2894 institui.
941 2838 960 2841 ⁷
1066 2838 1072 2840 ⁷
1444 2838 1453 2840 ’
1536 2841 1542 2847 ’

564 2907 688 2978 by.
718 2907 965 2978 ljonnulli
996 2907 1164 2978 vnlg.,
1187 2908 1344 2974 male,
1371 2909 1692 2978 spatiosaque
1709 2907 1922 2978 semina.

567 2975 689 3029 155.
724 2976 839 3030 Vat.
872 2980 935 3036 Α,
968 2973 1177 3039 vitiose,
1210 2973 1465 3046 parcique.
1498 2978 1552 3031 in
1583 2973 1797 3046 Heinsio
1824 2973 2056 3046 duliiculg

499 3051 663 3098 tatem
693 3047 827 3112 parit
850 3046 1134 3113 depravata
1166 3044 1265 3100 hac
1308 3044 1425 3100 loco
1449 3045 1712 3102 scribendi
1747 3045 1884 3098 ratio
1926 3044 2057 3098 uolui

498 3113 781 3185 propalati.
804 3113 1192 3185 Chamillardus
1215 3131 1424 3185 quoque
1449 3116 1614 3171 edidit
1634 3116 1786 3185 uolvi.

571 3181 693 3255 156.
722 3182 866 3247 Ald.,
892 3184 1016 3255 aegri
1032 3199 1051 3248 ,'
1073 3181 1259 3239 melius
1288 3181 1439 3254 (eger.
1471 3185 1631 3240 Alex.
1655 3199 1684 3237 a
1707 3183 1874 3254 prima
1897 3194 2057 3238 manu

497 3251 701 3335 vitiose,
717 3267 869 3335 ager.

568 3321 688 3376 158.
707 3321 823 3394 Gis.
877 3325 928 3394 in
955 3321 1182 3392 quodam
1221 3323 1403 3380 codice
1430 3325 1632 3380 invenit
1669 3332 1847 3394 captus
1881 3323 2054 3377 humo.

499 3390 731 3454 Thuan.,
763 3390 982 3445 inaniter
1010 3408 1152 3445 usus.

568 3460 690 3516 140.
717 3461 854 3525 Gis.,
872 3460 1036 3534 Doug.
1054 3463 1105 3514 in
1130 3471 1298 3534 textu,
1324 3463 1454 3520 Mar.
1482 3478 1512 3518 a
1538 3461 2057 3534 primamann,‘Gis.

498 3529 551 3583 in
581 3538 748 3593 textu,
771 3539 816 3583 et
840 3529 1025 3599 species
1046 3541 1235 3589 tenues.
1268 3533 1433 3588 Jureti
1462 3529 1651 3598 codex,
1673 3533 1844 3599 Sicb.,
1877 3531 2058 3598 Alcx.,

501 3599 619 3674 Yet.
645 3602 712 3670 Α,
739 3599 991 3674 weitzius
1017 3616 1136 3674 cum
1159 3603 1424 3674 plerisque
1451 3604 1581 3668 suis,
1615 3602 2056 3674 Tbnan.,,Egm.,

498 3669 773 3741 Debebat
802 3670 946 3727 Rott.
976 3671 1199 3740 priores,
1229 3682 1276 3727 et
1299 3669 1463 3741 specie
1493 3674 1650 3727 tenui.
1676 3672 1801 3728 Urb.
1857 3669 1984 3740 legit
2007 3682 2061 3726 et

495 3738 767 3812 distinguit
793 3750 841 3793 et
863 3738 1055 3812 specie,
1086 3748 1224 3795 tenui
1243 3738 1367 3811 quas
1404 3759 1606 3798 currere
1645 3753 1866 3811 tempore
1897 3738 2058 3812 iussi.

499 3807 762 3880 Gitani'us,
796 3811 961 3865 verbo
988 3810 1076 3880 Vis
1119 3807 1316 3880 uacua,
1354 3827 1474 3867 cum
1514 3812 1673 3866 alium
1704 3807 1876 3865 locum
1897 3807 2059 3864 'Prn-

494 3878 662 3954 dentii
687 3880 1019 3954 adduxisset,
1053 3879 1204 3947 Eum,
1249 3878 1438 3951 inquit,
1465 3892 1671 3954 poetam;
1713 3881 2060 3954 Christianam

493 3950 612 4020 quia
632 3966 783 4016 nunc,
813 3959 866 4003 ut
891 3952 1088 4020 Opinor,
1114 3955 1218 4019 fere
1237 3949 1396 4007 totum
1421 3949 1787 4005 vindicarimus
1811 3967 1843 4003 a
1865 3949 2060 4002 mendis

493 4019 976 4086 innumerabilibus,
1022 4023 1272 4075 addamus
1320 4031 1368 4075 et
1414 4023 1644 4086 aliquot,
1692 4029 1746 4072 ut
1774 4020 1845 4072 ita
1871 4019 2056 4084 dicam,

492 4092 736 4144 rnanticas
760 4132 774 4156 ,
809 4098 856 4143 et
887 4090 1016 4142 hanc
1036 4091 1284 4157 imprimis
1313 4107 1340 4143 e
1369 4090 1457 4143 lib.
1497 4105 1535 4144 ll
1562 4089 1616 4142 in
1640 4087 2013 4157 Symmachum
2041 4102 2060 4142 :

495 4167 604 4210 tum
631 4161 727 4213 bos
752 4173 936 4212 versus
961 4156 1233 4223 exscribit,
1265 4169 1319 4214 et
1347 4158 1594 4227 explicat.
1626 4156 1731 4227 sed
1762 4164 2059 4223 opportune

494 4237 648 4294 antea
676 4228 904 4280 monebo
929 4266 944 4291 ,
977 4227 1201 4281 fortasse
1239 4243 1304 4280 ex
1331 4226 1618 4282 bis’verbis
1662 4226 1934 4294 deceptos,
1968 4227 2058 4294 qui

495 4291 770 4364 Giianinm
807 4305 957 4364 notas
983 4309 1112 4349 mss.
1147 4297 1198 4349 in
1224 4294 1571 4350 Prudentium
1602 4291 1882 4364 reliquisse
1916 4291 2059 4349 allir-

494 4373 661 4435 ruant.
687 4363 924 4419 Gifanius
951 4365 1165 4435 quidem
1206 4364 1337 4420 nihil
1364 4365 1506 4421 aliud
1537 4365 1636 4420 hoc
1677 4363 1795 4419 loco
1819 4365 1923 4435 ait,
1957 4366 2058 4422 nisi

494 4431 838 4505 Prudentium
871 4431 982 4489 lere
1009 4443 1174 4488 totum
1197 4449 1227 4490 a
1249 4451 1308 4491 se
1331 4436 1381 4490 in
1407 4435 1498 4490 illo
1524 4437 1637 4505 ipso
1659 4435 1830 4490 indice
1857 4434 2055 4505 Lucre-

493 4501 639 4575 tiano
665 4517 694 4555 a
724 4504 927 4575 mendis
954 4505 1297 4560 vindicatum.
1328 4501 1623 4575 Explicaiio
1660 4513 1836 4575 autem
1863 4502 2057 4561 Gilanii

490 4570 735 4643 innititur
778 4573 954 4628 verbis
996 4588 1040 4630 et
1066 4576 1202 4628 tenui
1242 4570 1425 4643 specie'
1449 4591 1468 4630 :
1507 4584 1562 4630 et
1595 4577 1669 4628 ait
1709 4589 1730 4627 :
1783 4573 1925 4628 Vetat
1966 4590 2056 4627 nos

492 4639 678 4695 bonum
707 4659 854 4717 omne
880 4645 1126 4717 collocare
1166 4647 1225 4717 in
1261 4639 1692 4717 uoluptate,_qute
1729 4643 1974 4717 exurebus
2007 4653 2056 4698 et

490 4725 663 4786 eorum
686 4714 820 4766 tenui
836 4715 996 4786 specie
1016 4731 1102 4767 seu
1121 4716 1291 4786 nitore
1304 4713 1524 4786 capitur.
1551 4715 1706 4769 Putat
1729 4713 1881 4786 nullo
1894 4727 2052 4768 sensu

491 4781 598 4854 dici
625 4792 672 4837 et
713 4781 900 4854 species
924 4792 1111 4837 tenues.
1140 4781 1418 4854 fGisclinus
1445 4801 1562 4839 cum
1595 4799 1692 4838 suo
1735 4797 1834 4837 ms.
1867 4782 2052 4854 iegeng
2093 4781 2109 4853 λ

491 4851 618 4924 dum
645 4851 916 4907 contendit
941 4861 990 4924 et
1013 4853 1200 4924 species
1226 4865 1420 4919 tenues,
1447 4857 1567 4924 quia
1596 4855 1810 4920 respicit
1828 4852 1893 4905 ad
1923 4851 2050 4924 illud

487 4923 808 4994 speciosaque
830 4923 1024 4994 semina
1051 4922 1197 4990 finxi,
1227 4924 1418 4994 quibus
1441 4922 1598 4993 parce
1625 4932 1678 4977 et
1705 4931 1853 4977 certo
1892 4922 2051 4977 modo

489 4992 743 5046 utendum
766 5001 869 5048 est.
903 4992 1173 5046 Maricttus
1194 4993 1353 5046 etiam
1385 4993 1521 5048 hanc
1549 4994 1832 5046 lectionem
1860 5006 2052 5058 appro-

489 5061 578 5131 bat
607 5070 660 5116 et
683 5063 956 5117 confirmat
979 5076 1045 5116 ex
1064 5075 1214 5131 vers.
1239 5063 1375 5117 755:
1399 5060 1626 5131 Exiguus
1645 5075 1814 5114 rerum
1836 5061 2046 5128 species.

489 5129 640 5203 Tunc
664 5148 851 5187 sensus
879 5131 980 5184 erit
1003 5147 1022 5203 ξ
1049 5129 1285 5203 Duceret,
1315 5147 1420 5184 esse
1449 5129 1633 5203 bonum
1660 5145 1806 5184 omne
1828 5131 2049 5199 positum

483 5199 539 5253 in
559 5202 824 5256 dulcedine
853 5199 1040 5263 rerum,
1069 5209 1115 5252 et
1140 5215 1245 5253 esse
1265 5202 1449 5253 bonum
1473 5200 1662 5269 species
1692 5207 1864 5252 tenues
1883 5240 1896 5260 ,
1923 5215 2050 5266 quas

486 5284 686 5340 currere
706 5282 928 5339 tempore
943 5270 1099 5340 jussi.
1131 5270 1316 5323 Verior
1343 5270 1493 5333 mibi,
1522 5279 1580 5340 et
1619 5269 1816 5323 clarior
1842 5269 2050 5340 videtur

484 5338 584 5392 alia
605 5343 782 5411 lectio,
805 5337 924 5411 quat
943 5337 1100 5395 etiam
1116 5349 1198 5393 est
1217 5340 1362 5411 Aldi_.
1387 5338 1581 5411 llein_sii
1601 5347 1655 5393 et
1674 5337 2047 5411 recentiorum.

558 5409 677 5466 145.
725 5405 854 5467 Ροδί
894 5412 1034 5463 hunc
1061 5422 1273 5464 versum
1322 5408 1475 5474 Fab.,
1509 5409 1701 5477 Bong.,
1729 5407 1865 5460 alter
1902 5405 2045 5477 Rott.

485 5476 738 5535 inducunt
762 5482 896 5536 alios
917 5480 1050 5534 duos
1065 5519 1080 5544 ,
1116 5477 1374 5534 Enervare
1394 5495 1543 5533 suum
1572 5476 1812 5544 corrupta
1833 5491 1922 5546 per
1946 5476 2051 5546 otia

485 5546 637 5618 robur
666 5549 844 5604 Posset
867 5591 883 5615 ,
924 5561 969 5602 et
997 5550 1050 5603 in
1075 5548 1221 5602 nullo
1247 5549 1516 5602 luctamine
1543 5545 1914 5618 pigrajaceret.
1933 5545 2050 5618 Alii

485 5617 730 5671 ntiiittunt
762 5621 903 5673 bunc
927 5632 1139 5672 versum
1171 5619 1344 5672 Robur
1368 5615 1679 5686 enervatum,
1701 5615 1832 5678 διε..
1857 5624 1908 5686 et
1931 5615 2050 5670 illos

485 5689 619 5742 duos
640 5689 756 5755 ejus
777 5687 894 5742 loco
913 5697 1203 5757 apponunt,
1226 5698 1283 5744 ut
1304 5689 1470 5746 lureti
1499 5683 1688 5757 codex,
1713 5686 1858 5757 prior
1876 5683 2042 5752 Rott.,

2085 3364 2132 3428 C

2157 2555 2280 2618 Ox.,
2299 2553 2436 2628 Eat.
2464 2554 2535 2628 _A,
2558 2554 2703 2624 prior
2732 2554 3149 2628 Bober:,_Egm.,
3174 2565 3240 2628 ut
3266 2573 3324 2614 se
3349 2559 3540 2628 legisse
3569 2563 3718 2620 amr-

2160 2634 2272 2680 mat
2299 2623 2568 2689 Heinsius,
2596 2624 2838 2694 quamvis
2853 2623 3111 2680 Weitzius
3133 2626 3183 2680 id
3207 2639 3380 2691 neget.
3404 2623 3520 2686 'AIii
3548 2634 3720 2691 solum

2161 2692 2682 2762 ag‘noscuntversum
2705 2692 2874 2746 Robur
2891 2705 3198 2760 enervatum,
3228 2697 3492 2756 utWidm.
3515 2714 3568 2756 et
3594 2706 3725 2760 Mar.

2161 2761 2217 2818 In
2233 2764 2351 2817 Rat.
2373 2763 2581 2818 videtur
2602 2761 2688 2816 hic
2708 2763 2854 2816 solus
2870 2778 3054 2817 versus
3069 2765 3248 2828 fuisse,
3271 2776 3326 2823 et
3343 2771 3545 2826 recenti
3565 2789 3726 2830 manu

2161 2833 2324 2887 additi
2342 2842 2466 2888 sunt
2486 2831 2592 2886 duo
2613 2832 2733 2886 illia
2748 2832 2984 2887 Giselino
3005 2843 3058 2888 ct
3086 2834 3154 2888 ab
3168 2837 3286 2893 aliis
3312 2841 3502 2896 merito
3519 2845 3726 2900 omissi.

2166 2902 2222 2957 In
2254 2901 2385 2978 Urb.
2415 2911 2470 2978 et
2510 2901 2664 2956 Alex.
2697 2911 2906 2957 exstant
2938 2903 3367 2978 biniuoversus,
3398 2911 3491 2964 sed
3522 2927 3616 2978 pro
3641 2915 3727 2969 di-

2163 2987 2317 3048 versa
2341 2971 2828 3048 _lectione,_non_ut
2854 2979 2962 3029 tres
2991 2973 3070 3048 _i_|li
3099 2976 3259 3048 simul
3285 2971 3447 3048 recipi
3476 2971 3728 3038 debeant.

2162 3040 2420 3111 Weitzius
2457 3042 2658 3111 putavit
2699 3041 2891 3096 Aldum
2938 3044 3106 3099 tribus
3152 3045 3234 3100 bis
3272 3040 3513 3106 versibus
3550 3052 3728 3109 locum

2161 3110 2373 3191 dedisse
2408 3129 2422 3165 :
2461 3110 2516 3167 et
2538 3111 2634 3191 _ita
2681 3111 2894 3182 quidem
2927 3112 3152 3191 iecerat.
3182 3115 3276 3170 sed
3309 3121 3511 3174 monuit
3538 3130 3727 3191 postea

2163 3180 2441 3260 delendum
2472 3180 2710 3260 primum
2732 3197 2941 3260 versum
2984 3182 3158 3238 Robur
3191 3197 3481 3260 enervatum
3525 3180 3727 3260 gereret

2163 3251 2281 3322 sine
2295 3249 2450 3322 laude
2470 3249 2724 3322 pateatne.
2760 3251 3100 3322 Perspicuum
3128 3263 3210 3309 est
3237 3255 3370 3311 duos
3389 3249 3732 3320 alios'versns

2164 3321 2374 3376 additos
2399 3321 2477 3375 ab
2494 3321 2689 3389 aliquo,
2723 3321 2810 3388 qui
2839 3323 3067 3389 primum
3097 3340 3126 3378 e
3165 3325 3215 3378 in
3244 3339 3528 3381 enervatum
3560 3332 3731 3389 nollet

2164 3391 2358 3464 corripi
2385 3407 2398 3444 :
2421 3392 2489 3446 de
2514 3404 2619 3464 quo
2639 3389 2749 3464 dixi
2774 3390 2900 3446 satis
2927 3392 2992 3446 ad
3022 3408 3164 3464 vers.
3194 3394 3262 3450 64
3293 3395 3471 3464 Iiymni
3503 3398 3536 3455 8
3565 3400 3724 3457 Catb.

2161 3459 2219 3514 in
2258 3459 2410 3514 Alex.
2438 3459 2687 3515 scribitur
2710 3461 3004 3526 inervatum,
3037 3463 3112 3519 uti
3142 3459 3376 3521 etiamin
3408 3468 3617 3524 Tbnan.

2235 3529 2354 3610 iiii.
2387 3530 2693 3610 Lactantius
2721 3529 2958 3610 cap.22,
2988 3532 3078 3588 lib.
3113 3549 3160 3610 _vt
3187 3553 3200 3588 :
3236 3534 3601 3610 Qarenda_sunt
3631 3540 3731 3610 igi-

2161 3607 2244 3653 tur
2269 3601 2632 3675 oblectamenta
2659 3601 2796 3675 ista,
2838 3609 3077 3675 tanquam
3106 3604 3301 3673 laquei,
3351 3615 3396 3658 et
3425 3608 3616 3675 plagte,
3649 3601 3734 3664 "ne

2160 3670 2471 3722 suavitatum'
2487 3669 2700 3746 mollitie
2732 3671 2886 3746 capti,
2911 3675 3002 3724 sub
3024 3669 3269 3746 ditionem
3293 3669 3467 3746 mortis
3483 3669 3733 3746 cumripso

2160 3755 2370 3815 corpore
2391 3739 2700 3815 reoigqmur,
2731 3740 2924 3815 quinos
2951 3743 3316 3815 mancipamus.
3349 3745 3468 3815 Agit
3501 3739 3728 3802 Lactan—

2160 3809 2261 3862 tius
2292 3807 2359 3862 de
2387 3807 2589 3874 saporis
2614 3819 2666 3862 et
2689 3807 2869 3862 odoris
2890 3807 3262 3877 voluptatibus.
3397 3807 3434 3869 ⁷.

2231 3878 2353 3931 ibi.
2384 3877 2894 3953 Elaquearelaqueis
2919 3880 3193 3936 exsolvere
3239 3881 3377 3953 apud
3407 3881 3724 3950 Sidoniuen;

2160 3949 2456 4015 elaqueatus
2483 3948 2622 4016 apud
2654 3949 3009 4016 Ammianum.

2227 4016 2348 4092 “9.
2372 4016 2521 4092 Ald,
2551 4017 2688 4079 Gis.,
2716 4015 2912 4092 _Jur_e_ti_
2940 4016 3136 4092 codex,
3167 4021 3362 4092 Oxon.,
3396 4021 3573 4092 Egm.,
3607 4021 3730 4078 Vat.

2159 4083 2773 4160 A,__niten_dum_s_nm_mis_.
2819 4085 3063 4140 Heinsius
3094 4083 3228 4144 hanc
3261 4083 3540 4147 leclimi'em
3559 4083 3571 4089 ⁷
3594 4107 3730 4160 pra:-

2161 4157 2279 4208 tulit
2305 4155 2355 4209 in
2389 4155 2534 4210 brevi
2563 4154 2794 4223 indiculo
2815 4164 3109 4210 erraturnm
3132 4169 3219 4212 aut
3241 4154 3635 4223 mntandornni,
3665 4172 3730 4216 ut

2159 4223 2328 4278 dicam
2357 4224 2420 4278 ad
2454 4239 2596 4280 vers.
2633 4222 2735 4277 719
2762 4224 2815 4278 in
2854 4224 3126 4291 Romano;
3152 4229 3208 4282 in
3239 4237 3384 4284 textu
3427 4230 3591 4284 edidit
3619 4222 3730 4283 luc-

2162 4295 2392 4367 tandum,
2417 4304 2522 4367 etc.
2551 4293 2767 4367 Teqlius
2794 4293 3022 4367 Heinsio
3050 4296 3274 4367 imputat
3308 4300 3599 4362 nitendum;
3631 4299 3731 4356 sed

2162 4363 2408 4438 Heinsius
2432 4365 2576 4419 clare
2597 4362 3084 4438 ediditluctandum
3103 4362 3221 4438 eum
3245 4367 3509 4438 plerisque
3531 4369 3641 4421 suis
3668 4379 3730 4424 et

2160 4435 2360 4487 nostris
2392 4451 2406 4486 :
2438 4449 2610 4501 neque
2639 4433 2779 4486 aliud
2807 4434 2859 4486 in
2891 4434 3031 4488 notis
3055 4436 3284 4492 advertit
3314 4433 3440 4492 nisi'
3461 4438 3732 4493 nitendum

2158 4501 2359 4558 habere
2385 4501 2586 4565 Oxon.,
2619 4503 2765 4571 Egm.
2798 4512 2850 4556 et
2878 4503 3002 4557 Ald.

2230 4571 2521 4645 i5l._A|_d.,
2550 4572 2688 4637 PaL,
2718 4587 2779 4625 ne
2807 4582 3061 4642 congerat.
3087 4573 3199 4630 Gis.
3227 4575 3351 4644 legit
3371 4583 3424 4630 et
3449 4576 3732 4645 distinguit

2158 4651 2289 4712 amet
2315 4642 2526 4712 nimium
2551 4657 2646 4696 :ne
2665 4650 2896 4712 congerat
2922 4657 3102 4694 aurum
3131 4659 3150 4697 :
3171 4645 3240 4698 ita
3273 4642 3323 4698 in
3355 4653 3523 4710 textu,
3550 4642 3644 4699 sed
3673 4648 3731 4702 in

2083 4722 2130 4782 ο
2158 4710 2478 4785 indiculo_d_e
2503 4726 2606 4785 quo
2630 4709 2784 4779 paulo
2809 4720 2950 4785 ante,
2971 4721 3136 4785 amet;
3160 4714 3374 4767 nimium
3397 4731 3459 4768 ne
3481 4709 3729 4785 congerat

2159 4795 2360 4850 aurum.
2391 4781 2633 4845 Plerique
2667 4788 2829 4846 amet,
2850 4781 3069 4850 nimium
3106 4798 3195 4835 nec
3228 4794 3469 4850 congerat
3514 4781 3728 4838 aui-um.

2159 4849 2289 4923 Mar.
2310 4850 2571 4923 male,_nec
2583 4859 2829 4923 congeret.
2849 4849 3140 4923 Fabricius,
3155 4867 3218 4905 ne
3239 4849 3506 4923 congerere
3520 4870 3725 4922 aurum,

2157 4919 2360 4973 scilicet
2384 4918 2522 4986 uelit,
2552 4919 2692 4988 quod
2723 4933 2843 4988 mox
2871 4919 3129 4988 sequitur.

2230 4989 2350 5046 155.
2386 4989 2531 5063 Virg.
2552 4987 2653 5063 lib.
2687 5004 2758 5043 γι.
2795 4987 2960 5063 Nunc
2983 5005 3180 5063 quoque
3198 4992 3313 5063 jam
3353 4992 3566 5044 nimium
3590 5008 3731 5063 gau-

2157 5055 2280 5110 dens
2326 5055 2657 5129 popularibus
2703 5057 2866 5129 auris.
2917 5055 3004 5129 De:
3035 5055 3178 5110 auris
3198 5055 3561 5129 'popularibus
3590 5055 3730 5118 'vide

2157 5125 2444 5182 comment.
2472 5127 2538 5181 ad
2559 5143 2699 5182 vers.
2730 5125 2802 5180 22
2828 5126 3009 5196 hymni
3039 5129 3060 5180 1
3092 5125 3243 5182 ϐειιιζ

2228 5197 2348 5250 154.
2370 5196 2498 5250 Mar.
2528 5210 2556 5249 a
2585 5197 2753 5266 prima
2780 5210 2961 5263 manu,
2986 5199 3214 5266 tumescit
3271 5197 3431 5254 male.

2227 5266 2344 5321 156.
2399 5265 2674 5321 Salvianus
2718 5265 2858 5320 lib.t
2906 5266 2972 5319 ad
3027 5265 3226 5321 Eccles.
3264 5269 3403 5322 catb.
3464 5269 3729 5326 adversus

2153 5337 2427 5407 avaritiam
2478 5353 2490 5388 :
2544 5335 2739 5407 Videtis
2763 5374 2776 5398 ,
2823 5351 2948 5404 quas
2978 5337 3149 5407 parari
3194 5353 3313 5404 opes
3362 5355 3394 5390 a
3428 5341 3729 5407 parentibus

2152 5405 2281 5478 ﬁliis
2312 5405 2451 5478 θέω
2469 5405 2808 5478 Ῑηρεαςηηοη
2835 5406 3157 5478 pecuniarias
3194 5405 3570 5462 thesauros"...
3619 5425 3728 5462 non

2150 5474 2756 5543 fundos‘nterminabiles
2774 5513 2789 5540 ,
2822 5475 3123 5545 etnotitiam
3147 5479 3450 5545 possessoris
3471 5478 3551 5531 sui
3578 5493 3727 5533 cace-

2152 5542 2342 5610 dentes,
2367 5545 2452 5612 qui
2473 5555 2726 5615 consortes
2747 5542 2856 5613 pati
2868 5542 3429 5615 indignum'arstiment,
3473 5555 3521 5599 et
3545 5547 3729 5601 vicini-

2151 5624 2302 5690 tatem
2332 5613 2576 5690 inj_uriam
2620 5612 2820 5690 putent.
2866 5612 3069 5690 Eadem
3115 5618 3376 5690 sententia
3410 5619 3602 5690 passitn
3654 5619 3726 5672 ab

2151 5680 2811 5752 ethnicis'ipsisrepetitur,
2893 5680 3473 5747 lloratioJuvcnals'et
3503 5685 3646 5744 aliis.
