4052 6184
463 343 566 398 205

642 453 1038 523 Flebililmsque
1067 463 1244 509 truces
1274 463 1525 509 resonent
1551 455 1815 522 vagitibus
1847 471 1974 510 arr.

642 546 754 615 Ipsa
776 558 925 598 casas
957 543 1130 613 fragili
1164 551 1305 598 texat
1333 557 1462 612 gens
1492 543 1715 599 Romula
1746 545 1924 600 culmo
1951 564 1965 600 :

639 635 732 690 Sic
755 633 969 688 tradunt
997 632 1267 688 habitasse
1299 632 1548 689 Remum.
1580 635 1796 704 Regalis
1828 635 1950 690 feno

465 728 568 784 500
639 730 803 799 789
833 727 1019 782 Fulera
1053 735 1476 796 supers:ernant,
1510 735 1602 783 aut
1631 728 1771 797 pelle
1801 722 2038 798 Libysti-

404 846 407 849 ι
1701 818 1804 890 [dis
1831 833 1970 872 ursae

637 909 767 963 Com
774 909 1000 978 positam
1012 907 1344 978 chlamydem
1362 909 1552 964 villoso
1565 923 1789 980 corpore
1801 920 2006 978 gestent
2021 926 2034 962 :

643 1001 790 1055 Talia
821 999 1126 1054 Trinacrius
1155 999 1364 1063 ductor,
1404 1000 1490 1054 vel
1517 1000 1722 1056 Tuscus
1751 1001 2038 1056 habebant.

644 1093 811 1148 lloma
837 1091 1051 1159 antiqua
1067 1090 1168 1145 sibi
1196 1105 1301 1144 nou
1321 1099 1528 1146 constat
1552 1107 1707 1148 versa
1730 1107 1827 1162 per
1841 1107 2037 1160 rerum,

644 1183 712 1237 Et
736 1189 935 1236 mutata
965 1181 1155 1246 sacris,
1187 1189 1401 1248 ornatu,
1441 1180 1668 1252 legibus,
1696 1183 1896 1247 armis;

1551 339 1845 398 AURELII
1884 340 2245 398 PRUDENTII
2285 339 2612 396 CARMINA.

3612 319 3676 393 21·
3690 343 3714 392 t

2068 460 2112 516 Α
2144 457 2246 511 505
2319 457 2480 510 Multa
2503 456 2651 519 cold,
2683 467 2800 520 qua:
2823 467 2928 507 non
2959 451 3127 507 coluit
3163 452 3264 507 sub
3303 468 3428 523 rege
3449 455 3672 521 Quirina
3703 477 3718 512 :

2323 549 2485 618 790
2522 545 2752 600 lns:ituit
2789 543 3031 614 quaedam
3077 542 3296 610 melius,
3335 549 3590 602 nonnulla
3632 566 3721 606 rc-

3455 636 3611 710 [fugit
3629 682 3647 706 ,

2328 729 2393 783 Et
2425 743 2630 783 morem
2663 728 2867 783 variare
2914 741 3067 780 suum
3104 742 3209 781 non
3239 727 3464 797 destitit,
3495 740 3571 800 et,
3601 749 3723 803 qua

2325 818 2537 873 Pridem
2565 817 2880 873 condiderat
2917 817 3058 884 jura,
3093 816 3145 870 in
3168 820 3433 873 contraria
3468 822 3648 875 vertit.

2322 909 2459 976 Quid
2485 909 2614 964 mihi
2644 918 2698 962 tu
2719 908 2854 962 ritus
2882 907 3086 972 solitos,
3119 907 3359 964 Romane
3385 921 3625 979 senator,

2145 999 2252 1056 510
2321 999 2600 1070 Objectas,
2641 1012 2764 1053 cum
2811 997 2946 1052 scita
2978 1005 3216 1067 patrum,
3271 1001 3560 1072 pepulique
3616 1003 3720 1060 fie-

3395 1090 3654 1165 [quenter

2327 1183 2592 1240 Instabilis
2617 1182 2797 1254 placiti
2825 1181 3088 1239 sententia
3119 1181 3256 1239 ﬂexa
3277 1185 3530 1242 novarit?

1765 1271 2052 1329 GLOSSIE
2096 1274 2433 1332 VETERES.

537 1365 665 1421 298.
697 1365 886 1433 Texat,
915 1371 1071 1432 tegat,
1103 1363 1146 1416 l.

539 1437 662 1491 500.
695 1431 906 1501 Fulcra,
932 1431 1130 1487 sedilia.
1164 1461 1231 1472 —
1255 1431 1561 1502 Libystidis,
1588 1433 1867 1503 Africanas,
1893 1433 1932 1490 1.

541 1509 666 1562 501.
701 1505 921 1569 Villoso,
952 1505 1173 1565 intonsa,
1205 1502 1242 1554 1.

541 1577 668 1630 502.
698 1575 864 1636 Talia,
888 1573 1078 1627 scilicet
1104 1575 1423 1626 indumenta.
1445 1600 1514 1612 -—
1540 1571 1871 1641 Trinacrius,
1902 1573 2041 1628 Sici-

475 1647 664 1710 liensis,
693 1643 770 1697 vel
794 1643 1004 1698 Sicilius
1026 1643 1245 1696 Acestes.
1277 1669 1348 1682 —
1370 1641 1595 1703 Tuscus,
1622 1640 1882 1707 Evander,
1908 1645 1948 1698 l.

545 1713 668 1770 505.
695 1715 936 1780 Constat,
965 1728 1066 1766 non
1092 1713 1284 1768 stabilis
1306 1722 1398 1766 est.
1415 1741 1484 1751 —
1508 1710 1726 1778 divum,
1754 1721 1975 1777 (etatem,
1999 1713 2045 1769 l.

2217 1367 2346 1422 504.
2376 1365 2582 1435 Sacris,
2608 1380 2723 1435 cum
2740 1363 2918 1428 sacris,
2952 1363 2994 1418 1.

2217 1436 2343 1493 505.
2374 1437 2617 1501 Quirino,
2642 1434 2886 1500 Romulo,
2913 1451 2944 1488 a
2977 1434 3189 1498 Quirino
3218 1445 3407 1499 monte,
3437 1435 3478 1489 1.

2219 1508 2344 1561 506.
2368 1505 2656 1571 Nonnulla,
2684 1504 2866 1559 multa.
2901 1533 2973 1545 —
2993 1503 3222 1574 Relugit,
3249 1506 3441 1570 vitavit,
3469 1506 3510 1561 1.

2219 1577 2344 1633 509.
2375 1576 2545 1639 Ritus,
2568 1591 2750 1628 mores.
2782 1603 2852 1614 —
2881 1574 3129 1640 Senator,
3155 1574 3479 1645 Symmache,
3505 1577 3545 1632 Ι.

2221 1646 2346 1702 510.
2371 1646 2534 1711 Scita,
2562 1648 2857 1710 constituta,
2885 1645 2964 1698 vel
2991 1646 3395 1714 constitutiones,
3429 1645 3469 1700 1.

1810 1800 2366 1859 COMMENTARIUS.

475 1899 593 1954 bius
618 1896 810 1967 docent
839 1908 1174 1967 {quanquam
1198 1898 1382 1953 volunt
1405 1897 1592 1967 aliqui,
1616 1896 1846 1952 infantes
1872 1897 1924 1951 in
1950 1897 2044 1952 ho-
2075 1906 2122 1965 Β

477 1982 661 2024 norem
693 1964 898 2038 Muloeh
930 1964 1049 2020 non
1081 1969 1421 2036 combustm,
1453 1964 1547 2022 sed
1593 1983 1688 2038 per
1718 1967 1898 2038 ignem
1931 1977 2048 2024 tau-

477 2050 588 2095 tum
615 2036 908 2091 traductos.

543 2108 670 2162 299.
699 2105 851 2160 Prior
881 2106 1048 2171 Roth,
1080 2105 1316 2162 habuisse
1344 2108 1599 2162 Remum:
1626 2115 1682 2162 et
1710 2117 1862 2161 notat.
1891 2107 2051 2163 llein-

477 2180 584 2234 sius
613 2175 849 2230 habuisse
879 2188 996 2230 esse
1026 2191 1121 2245 pro
1150 2178 1421 2232 habitasse.
1456 2179 1638 2232 Potest
1664 2177 1826 2232 etiam
1858 2177 2053 2232 intelli-

477 2249 550 2313 gi,
580 2249 668 2318 Sic
712 2246 918 2318 tradunt
955 2245 1162 2299 Remum
1203 2248 1433 2318 habit-sse
1480 2264 1672 2318 casam.
1699 2246 1911 2318 Remus
1955 2262 2053 2318 pro

480 2316 707 2372 Romulo
737 2314 969 2382 ponitur,
1022 2327 1079 2368 ut
1127 2317 1262 2384 apud
1295 2317 1629 2384 PrOpertium
1663 2315 1752 2370 lib.
1781 2332 1839 2382 11,
1867 2314 2002 2371 (11.1
2036 2334 2049 2369 :

482 2388 595 2455 Quo
621 2384 861 2456 gradibus
900 2385 1082 2438 domus
1108 2387 1202 2439 ista
1236 2386 1374 2439 Remi
1399 2403 1453 2440 se
1490 2386 1719 2456 sustulit,
1752 2387 1875 2438 olim
1907 2385 2053 2442 Unus

480 2453 586 2512 erat
617 2453 836 2527 fratrum
875 2455 1278 2527 maxi.i:a_regna
1309 2456 1471 2526 focus.
1514 2453 1669 2510 Certe
1699 2456 1839 2527 apud
1871 2467 2052 2524 poetas

481 2543 587 2581 non
615 2524 739 2581 raro
759 2524 954 2578 Remus
979 2539 1078 2595 pro
1109 2524 1331 2579 ltomulo
1354 2527 1635 2594 accipitur,
1661 2537 1716 2579 et
1740 2525 1832 2578 alii
1854 2527 1944 2595 qui
1965 2542 2056 2582 so-

481 2599 590 2651 luta
617 2597 861 2650 oratione
888 2593 1146 2659 scribunt,
1179 2611 1285 2648 non
1315 2593 1486 2660 licini,
1512 2596 1605 2650 sed
1634 2596 1844 2648 Romuli
1872 2593 2052 2650 casam

481 2669 682 2720 dicunt.
717 2665 935 2718 Veteres
963 2663 1029 2717 de
1055 2667 1152 2716 hac
1177 2663 1382 2717 Romuli
1411 2681 1529 2719 casa
1554 2679 1697 2733 saepe
1727 2671 2051 2720 mentionem

484 2739 745 2805 inliciunt.
779 2733 1020 2786 Valerius
1052 2735 1188 2805 Matt.
1228 2737 1319 2788 lib.
1349 2749 1424 2797 tv,
1454 2749 1574 2802 cap.
1601 2734 1635 2787 4
1667 2751 1680 2786 :
1715 2733 1816 2788 Per
1846 2734 2054 2789 Romuli

482 2803 674 2871 casam,
706 2819 892 2875 perque
922 2803 1363 2875 veterisliapitolii
1395 2805 1607 2858 humilia
1651 2813 1804 2868 tecta,
1831 2815 1877 2857 et
1907 2815 2055 2860 teter-

483 2894 576 2930 nos
612 2872 776 2928 Vesta:
803 2874 963 2944 focos,
995 2872 1238 2944 fictilibus
1281 2875 1555 2927 etiamnum
1596 2875 1730 2944 vasis
1771 2884 2049 2944 contentos,

484 2962 618 3016 iuro,
643 2956 745 2998 etc.
779 2942 833 2996 ln
875 2942 1394 3016 Controversiissub
1433 2944 1654 3016 Seneca:
1685 2943 1865 3016 Patris
1884 2942 2056 3016 numié

486 3010 552 3070 ne
577 3015 667 3068 lib.
700 3029 737 3077 i,
771 3021 942 3065 contr.
975 3013 1007 3066 6
1034 3030 1047 3064 :
1090 3010 1230 3066 Inter
1268 3012 1375 3066 han:
1401 3021 1504 3066 tam
1527 3011 1688 3079 e/fusa
1719 3015 1902 3066 mantia
1925 3015 2058 3067 nihil

485 3097 556 3138 est
585 3084 763 3135 humili
788 3098 906 3134 casa
933 3082 1171 3152 nobilius.
1195 3082 1552 3138 Gothofredus
1580 3082 1863 3152 legendum
1909 3094 2058 3152 putat

488 3153 695 3206 Romuli
737 3167 852 3204 casa
898 3151 1136 3206 nobi.‘ius.
1171 3153 1417 3218 Ejusdem
1450 3151 1808 3206 meminerunt
1835 3153 2056 3208 Ovidius

486 3226 581 3277 lih.
625 3239 678 3275 ιιι
711 3221 880 3283 l‘ast.,
917 3221 1188 3275 Vitruvius
1218 3223 1313 3276 lib.
1345 3238 1404 3289 ll,
1430 3225 1631 3278 Seneca
1661 3222 1802 3276 ﬁlius
1833 3223 1888 3276 in
1919 3226 2059 3277 Con-

486 3294 584 3346 sol.
617 3295 682 3345 ad
716 3291 947 3344 llelviam
980 3307 1098 3350 can.
1131 3294 1184 3361 9,
1218 3293 1517 3346 Macrobius
1547 3309 1562 3347 1
1593 3293 1891 3358 Saturnal.,
1921 3293 2056 3348 Mar-

487 3363 628 3416 tialis
679 3361 772 3415 lib.
815 3376 924 3432 vut.
958 3361 1218 3432 _Barthius
1267 3363 1360 3417 lib.
1407 3378 1512 3416 xxii
1557 3364 1807 3424 Adversa,
1850 3377 1971 3432 cap.
1999 3363 2055 3428 ll,

488 3432 832 3487 Prudentium
859 3431 925 3484 ad
955 3430 1166 3486 Romuli
1190 3446 1368 3486 casam
1401 3432 1649 3486 allusisse
1674 3430 1973 3496 continuat,
2004 3445 2058 3488 et

487 3506 544 3555 ὃ.
589 3502 893 3573 Hieronymi
937 3504 1098 3555 verba
1128 3517 1158 3573 β
1188 3500 1502 3573 praefatione
1548 3503 1615 3556 ad
1649 3502 1816 3555 libros
1849 3502 2058 3573 Didymi

487 3573 552 3643 de
576 3569 991 3640 Spiritu'sancto
1021 3569 1223 3639 profert
1250 3588 1262 3624 :
1297 3569 1451 3626 Illico
1479 3569 2060 3643 egoﬁvelutpostlim'inio

490 3641 902 3712 Hierosolymam
925 3657 1036 3693 sum
1065 3657 1312 3712 reversus,
1337 3653 1384 3695 et
1417 3641 1526 3712 post
1555 3641 1763 3696 Romuli
1789 3658 1980 3706 casam,
2011 3652 2061 3696 et

493 3709 1058 3782 ’udorum'Lupercalta
1085 3709 1426 3767 diversorium
1447 3713 1650 3775 Marias,
1683 3723 1728 3766 et
1775 3712 2061 3767 Saluatoris

489 3782 783 3848 speluncam
827 3781 1024 3849 aspexi.
1067 3782 1279 3852 Allegat
1333 3783 1474 3837 idem
1527 3783 1774 3837 Barthius
1820 3782 2059 3836 Tacitum

488 3853 769 3922 Annalium
805 3866 866 3902 xv
890 3852 957 3904 de
983 3850 1169 3906 eadem
1199 3850 1320 3906 casa
1351 3870 1366 3909 :
1399 3853 1684 3920 Nuntieque
1711 3854 1869 3922 regia,
1900 3863 1946 3906 et
1974 3854 2064 3906 dc-

488 3923 690 3975 lubrum
724 3920 889 3976 Vesta:
936 3936 1050 3973 cum
1088 3924 1356 3992 penatibus
1395 3925 1567 3991 pepuli
1599 3920 1819 3976 Romani
1861 3932 2061 3992 exusta.

489 3992 682 4047 Verum
711 4007 947 4059 qumram
992 4006 1023 4044 a
1066 3991 1319 4055 Barthio,
1357 4008 1463 4058 quo
1495 4003 1647 4061 paeto
1699 3991 1907 4044 Romuli
1937 4007 2061 4046 casa

488 4073 730 4131 tempore
754 4063 812 4116 S.
846 4062 1155 4131 Hieronymi
1187 4061 1492 4127 visebatur,
1542 4063 1586 4114 si
1631 4061 1938 4131 Nerotiiano
1981 4063 2063 4114 in-

488 4133 679 4184 cendio
711 4130 810 4182 fuit
852 4129 1163 4193 combuSta;
1213 4145 1334 4199 nam
1383 4139 1588 4199 penates
1628 4129 1805 4198 pepuli
1837 4129 2061 4184 Romani

488 4201 715 4268 explicat
743 4213 922 4268 casam
967 4199 1196 4251 llomuli.
1232 4198 1422 4252 Verius
1453 4199 1612 4267 igitur
1641 4213 1789 4268 puto,
1817 4213 1847 4250 a
1877 4201 2062 4254 'l'acito

489 4267 712 4334 intelligi
763 4267 1028 4337 templum
1066 4268 1334 4335 penatium
1365 4270 1611 4333 deorum,
1644 4285 1778 4337 quos
1818 4268 1969 4323 aiunt
1995 4272 2062 4323 ab

489 4338 659 4392 {Enen
673 4337 814 4409 olim
839 4340 891 4389 in
919 4335 1120 4409 Italiam
1148 4337 1556 4409 ad\'eCl05,‘lllSl
1579 4335 1734 4392 malis
1761 4339 2063 4409 intelligere

491 4411 633 4474 ipsos
655 4405 784 4460 deos
832 4417 1047 4474 penates
1079 4407 1134 4460 in
1167 4407 1365 4473 templo
1395 4405 1572 4461 Vesta:
1599 4405 2062 4462 asservatd’sflla-

488 4477 844 4530 licarnasseos
886 4477 979 4530 lib.
1014 4477 1115 4532 ide
1155 4492 1275 4531 casa
1314 4476 1525 4532 Romuli
1561 4479 1641 4532 sic
1665 4479 1742 4532 ait
1773 4493 1787 4532 :
1824 4478 1941 4532 Vita
1969 4496 2066 4531 au-

490 4561 588 4599 tem
615 4547 819 4618 eratueis
847 4546 1037 4613 (licam
1064 4557 1118 4618 ct
1143 4547 1400 4618 Romulo)
1435 4550 1706 4616 pastoralis
1731 4557 1776 4601 tt
1809 4565 2022 4616 operosa
2043 4566 2062 4604 :

2149 1903 2361 1962 vestant,
2389 1891 2664 1957 mendose,
2697 1905 2793 1959 pro
2821 1900 3032 1962 gis-dent.

2215 1961 2355 2022 502.
2381 1965 2524 2028 llat.,
2549 1962 2686 2028 Gis.,
2710 1961 2954 2025 habebat;
2977 1961 3236 2030 plerique,
3257 1961 3530 2018 habebant.
3557 1961 3729 2017 Cella-

2151 2052 2263 2091 rms
2309 2035 2612 2102 suspicatur
2667 2032 2806 2085 hunc
2845 2032 3074 2086 Tuscum
3114 2047 3234 2087 esse
3273 2033 3572 2102 Tyrrenum
3623 2035 3726 2088 fra-

2153 2118 2286 2162 trem
2312 2102 2468 2175 Lydi,
2491 2104 2566 2175 de
2588 2102 3103 2175 quo_\_’elleinsgcap_.
3138 2103 3406 2175 l._hlelms
3439 2105 3519 2156 lsn
3549 2104 3732 2157 Evan-

2151 2180 2304 2230 drum
2339 2172 2575 2240 intelligit
2608 2189 2622 2226 :
2667 2172 2877 2225 videtur
2903 2173 3042 2226 enim
3076 2173 3394 2226 Prudentius
3423 2176 3556 2226 duos
3606 2175 3732 2227 illos

2153 2245 2356 2314 Virgilii
2383 2257 2569 2298 versus
2593 2241 3048 2314 comprehendere
3069 2243 3320 2314 voluisse,
3345 2257 3572 2314 quorum
3591 2245 3733 2299 alter

2153 2319 2216 2368 ad
2253 2311 2590 2374 Evandrum,
2629 2313 2760 2365 alter
2789 2314 2852 2364 aJ
2888 2311 3132 2366 Acestem
3173 2313 3421 2366 refertur.
3467 2311 3728 2370 Cellarins

2152 2387 2245 2451 ait,
2283 2383 2588 2438 Evandrum
2638 2385 2715 2435 cis
2749 2381 2979 2434 Tiberini
3019 2382 3324 2436 condidisse
3373 2381 3722 2444 Pallanteum,

2156 2456 2292 2510 Vere
2324 2453 2374 2506 id
2404 2453 2650 2520 quidem;
2690 2453 2797 2521 sed
2841 2451 3031 2505 Tuscia
3065 2452 3144 2506 vel
3195 2452 3438 2506 lletruria
3489 2455 3734 2521 proxime

2156 2535 2301 2580 trans
2330 2519 2566 2577 Tiberim
2608 2519 3008 2590 extendebatur,
3052 2533 3107 2575 et
3142 2522 3254 2590 ipse
3283 2519 3499 2576 Tiberis
3522 2521 3730 2577 Tuscus

2154 2606 2205 2651 et
2236 2594 2509 2665 Tyrgcnus
2529 2605 2672 2665 saepe
2693 2589 3301 2665 dicitur.Virgiliuslib.
3323 2607 3355 2645 x
3384 2591 3450 2646 de
3477 2592 3732 2665 militibus

2155 2660 2506 2732 quos'IEnete
2538 2660 2785 2732 Evander
2812 2661 2979 2732 dedit.
3011 2662 3128 2716 ait:
3171 2663 3299 2728 Qua:
3332 2677 3514 2715 manus
3542 2663 3733 2716 interea

2155 2729 2333 2788 Tuscis
2362 2733 2627 2786 comitetur
2645 2729 2716 2801 ab
2752 2733 2856 2801 oris
2899 2729 3124 2791 zEnean.
3156 2743 3415 2801 armetque
3443 2741 3600 2796 rates,
3624 2743 3732 2785 etc.

2159 2805 2404 2858 Evander
2430 2803 2565 2856 inter
2586 2800 2685 2854 alia
2706 2800 2889 2855 {Em-a2
2911 2803 3143 2856 ostendit
3164 2800 3463 2856 laniculum
3491 2803 3580 2855 lib.
3608 2817 3694 2854 \‘Ill
3718 2819 3734 2856 :

2158 2874 2307 2928 Hanc
2331 2873 2499 2926 Janus
2530 2881 2690 2940 pater,
2719 2874 2848 2923 hanc
2879 2869 3134 2926 Saturnus
3152 2872 3378 2925 condidit
3407 2871 3577 2924 urbem
3602 2887 3620 2924 :
3641 2870 3737 2924 Ja-

2156 2943 2382 2998 niculum
2409 2942 2546 3008 huic,
2579 2940 2656 2993 illi
2681 2940 2848 3008 fuerat
2879 2940 3127 2995 Saturnia
3151 2958 3352 2996 nomen.
3377 2941 3526 2995 Mons
3554 2951 3738 2997 autem

2156 3013 2553 3079 Janiculusjam
2585 3020 2758 3064 exstat
2799 3011 2851 3063 in
2881 3019 3063 3066 vetere
3091 3011 3360 3066 Hetruria.
3407 3012 3480 3066 Ex
3515 3011 3740 3079 hujusce

2159 3085 2234 3140 rei
2274 3082 2608 3152 ignoratione
2633 3080 2924 3152 doctissimi
2955 3081 3243 3152 scriptorcs
3270 3082 3512 3136 Historia:
3535 3081 3741 3135 littera-

2161 3155 2254 3208 ria:
2291 3150 2436 3219 llisp.
2473 3153 2661 3204 fratres
2705 3150 2982 3205 llloliedani
3030 3151 3422 3215 difdcul:atem,
3467 3166 3625 3218 quam
3679 3154 3737 3206 iu

2167 3223 2282 3277 Vita
2313 3221 2623 3276 Columcllm
2662 3220 2762 3287 ipsi
2807 3230 3142 3284 creaverant,
3177 3239 3283 3276 uim
3333 3225 3463 3275 satis
3512 3220 3740 3276 feliciter

2164 3295 2555 3362 explicuerunt.
2581 3289 2748 3345 Tomo
2774 3289 2906 3354 Vlll,
2934 3293 3024 3359 qui
3059 3301 3199 3362 tutus
3219 3300 3304 3346 est
3322 3292 3389 3346 dc
3417 3291 3742 3353 Columella,

2164 3361 2281 3432 pug.
2319 3364 2389 3416 40
2433 3371 2700 3432 et_seqq.,
2737 3373 2979 3432 quzeruut
3015 3377 3111 3416 cur
3150 3361 3440 3416 Columella
3480 3363 3741 3429 prmdiuin

2161 3430 2478 3486 Ceretanum
2504 3430 2557 3484 in
2592 3431 2857 3496 Hctruria,
2884 3433 2970 3484 uhi
3004 3447 3144 3485 nunc
3173 3442 3256 3485 est
3281 3432 3533 3499 oppidum
3557 3432 3741 3484 Cerre-

2162 3511 2285 3568 tere,
2320 3502 2634 3570 possederit,
2677 3515 2796 3553 cunt
2832 3502 2943 3567 ipse
2973 3501 3283 3566 prmscribat
3311 3502 3505 3569 pra-dia
3535 3501 3741 3556 debere

2162 3588 2281 3627 esse
2323 3574 2514 3626 vicina.
2578 3571 2920 3637 Respondent
2961 3571 3305 3626 Columellam
3377 3573 3600 3625 duorutn
3651 3582 3744 3626 aut

2165 3645 2321 3696 trium
2344 3642 2550 3696 dierum
2598 3640 2790 3694 itinere
2820 3641 3054 3708 potui~se
3093 3641 3158 3695 ad
3190 3656 3373 3708 agrum
3417 3643 3742 3696 Ceretanqu

2162 3727 2221 3767 sc
2247 3715 2516 3767 conferre.
2548 3710 2809 3764 Putabant
2849 3714 3053 3764 scilicet
3071 3710 3371 3765 l-letruriam
3392 3712 3519 3765 olim
3547 3711 3741 3767 iisdem

2165 3782 2404 3837 terminis
2424 3781 2710 3848 contineri,
2735 3780 2928 3848 quibus
2951 3796 3090 3834 nunc
3115 3782 3244 3834 ditm
3273 3781 3446 3849 magni
3478 3781 3744 3836 Iletruria:

2163 3854 2315 3906 ducis
2345 3853 2560 3906 ci-ntiue
2587 3866 2666 3904 ur.
2713 3851 2962 3919 Ali-nquin
3010 3851 3166 3912 Cere,
3208 3852 3321 3904 sive
3359 3852 3428 3903 sit
3456 3849 3745 3919 Cervetere,

2164 3921 2513 3983 atithrveti-i,
2547 3923 2682 3985 sive,
2712 3917 2864 3986 quod
2893 3919 3220 3988 probabilius
3266 3929 3412 3987 puto,
3448 3917 3562 3974 Ceii
3593 3922 3746 3988 (nam

2165 3991 2384 4044 Cervitri
2415 3991 2653 4061 Agyllam
2676 3990 3148 4061 luisseettistituo),
3175 3993 3226 4044 in
3257 3990 3503 4061 lletruria
3524 3991 3746 4058 quidem

2167 4062 2334 4116 veteri
2365 4059 2524 4115 situm
2555 4069 2657 4127 cst,
2689 4061 2783 4112 sed
2815 4059 2880 4112 ab
2908 4059 3048 4114 Urbe
3073 4071 3274 4114 tantum
3304 4060 3484 4130 viginti
3507 4061 3750 4130 quinque

2167 4132 2330 4183 millia
2362 4144 2608 4198 passuum
2631 4132 2847 4183 circiter
2873 4130 3054 4184 dismt.

2235 4201 2358 4254 505.
2401 4199 2552 4270 Prior
2584 4198 2754 4270 lioll.,
2806 4199 2972 4270 Roma
3021 4199 3116 4253 sibi
3145 4199 3356 4270 antiqua
3383 4215 3402 4252 :
3440 4198 3750 4266 snspicatur

2170 4269 2413 4322 lleinsius
2453 4268 2616 4322 Roma
2665 4269 2760 4322 sibi
2789 4269 3051 4336 antiquum
3095 4287 3195 4322 non
3224 4268 3419 4323 constat
3465 4285 3610 4322 versa
3654 4288 3752 4338 per

2167 4355 2348 4392 (rvunt.
2379 4339 2671 4403 Arnobius,
2717 4339 2810 4392 lib.
2851 4354 2884 4391 ιι
2911 4357 2924 4390 ;
2961 4339 3098 4392 Nam
3126 4341 3172 4392 si
3201 4348 3397 4392 mutare
3443 4347 3750 4393 sententiam

2167 4411 2320 4477 culpa
2349 4418 2420 4463 est
2460 4410 2568 4462 ulla
2599 4408 2675 4463 vel
2719 4410 2928 4475 crimen,
2957 4419 3003 4463 ct
3040 4426 3072 4462 a
3115 4409 3356 4462 veteribus
3397 4410 3640 4462 institutis
3693 4413 3754 4464 iu

2167 4480 2297 4532 alias
2330 4497 2409 4532 res
2445 4495 2601 4531 novas
2630 4478 3008 4543 voluntatesque
3049 4479 3291 4546 migrare,
3322 4480 3606 4532 criminatio
3643 4480 3753 4535 ista

2168 4560 2214 4600 et
2253 4551 2319 4602 ad
2347 4564 2430 4601 ros
2462 4557 2674 4616 spectat,
2722 4550 2808 4617 qui
2855 4551 3000 4602 toties
3037 4550 3189 4601 ritum
3227 4549 3754 4617 consuetudinemque

488 4620 542 4669 in
573 4615 825 4690 montibus
850 4631 982 4684 ηερε
1011 4631 1074 4669 ea:
1100 4616 1253 4685 lignis
1290 4625 1335 4670 et
1377 4615 1711 4671 arundinibus
1752 4615 1956 4689 tuguria
1993 4622 2059 4685 [i-
2091 4631 2140 4690 ο
2169 4619 2417 4690 mutastis,
2453 4615 2538 4685 qui
2567 4619 2620 4672 in
2647 4615 2808 4690 mores
2836 4619 2970 4690 alios
3003 4651 3010 4666 ι
3036 4628 3150 4688 tque
3180 4620 3308 4672 alios
3349 4619 3476 4671 ritus
3511 4615 3754 4687 priorum

487 4695 656 4753 gentes
677 4725 692 4751 ,
720 4685 910 4752 seipsos
949 4691 1304 4756 contegebant;
1335 4704 1553 4756 quorum
1583 4691 1732 4741 etiam
1760 4685 1904 4742 a'iate
1947 4705 2057 4741 mea

488 4771 646 4810 unum
671 4765 873 4825 superat
894 4757 948 4808 in
969 4754 1160 4826 angulo
1181 4773 1242 4810 ea:
1265 4754 1456 4825 palatio
1477 4761 1544 4810 ad
1567 4760 1756 4811 circum
1783 4765 2057 4812 divertente

487 4841 617 4880 casn
644 4826 849 4880 licitum
887 4826 1078 4878 dictum
1103 4840 1122 4876 :
1148 4829 1285 4891 quod
1313 4828 1480 4881 adhuc
1523 4829 1815 4881 custodiunt
1856 4843 2056 4882 sacrum

487 4898 546 4962 ii,
575 4896 756 4966 quibus
785 4900 860 4947 est
887 4897 1068 4967 horum
1096 4911 1243 4967 cura,
1270 4897 1398 4949 nihil
1424 4898 1502 4951 illi
1521 4898 1926 4967 magniﬁcentius
1958 4901 2055 4952 ad-

487 4964 680 5032 dentes,
711 4968 797 5018 sed
823 4967 864 5018 si
900 4964 1090 5018 laboret
1123 4966 1315 5033 aliquid
1345 4976 1430 5018 aut
1461 4983 1550 5035 per
1589 4964 1823 5032 hiemem,
1861 4977 1949 5021 aut
1978 4985 2058 5023 ve-

487 5046 688 5103 tustate,
711 5035 847 5108 quod
873 5035 1122 5108 reliquum
1137 5046 1244 5108 est,
1273 5038 1576 5100 munientes,
1605 5047 1652 5089 et
1678 5040 1869 5103 diruta,
1897 5055 2058 5108 quan-

489 5117 596 5160 tum
619 5105 832 5175 possint,
857 5106 1045 5158 similia
1069 5105 1318 5175 prioribus
1346 5109 1678 5159 ristituentes.

557 5174 927 5246 500.7Widnt.
977 5174 1500 5246 scribitLybistridis
1532 5215 1548 5240 ,
1586 5176 1738 5246 ligni.
1784 5176 2054 5246 Libytidis,

489 5247 652 5315 llong.
685 5245 981 5315 Lybistidis.
1015 5245 1258 5315 Virgilius
1277 5245 1377 5315 lib.
1412 5259 1540 5297 vm:
1574 5244 1858 5314 Stratis'lue
1878 5244 2058 5300 locavit

490 5313 746 5380 [tl/fultum
793 5315 952 5383 foliis,
999 5325 1045 5368 et
1088 5313 1219 5382 pelle
1262 5313 1538 5383 Libystidis
1575 5329 1740 5378 ursw,‘
1771 5313 1824 5368 et
1862 5318 1952 5368 lih.
1987 5331 2056 5368 v:

491 5384 749 5437 Horridus
777 5382 830 5438 in
863 5386 1074 5454 jaculis,
1113 5395 1171 5454 et,
1199 5383 1332 5454 pelle
1368 5382 1644 5452 Libystidis
1675 5399 1827 5437 ursw.
1860 5386 2060 5440 Plinius

491 5455 581 5504 lib.
609 5470 722 5518 vui,
752 5453 872 5522 cap.
901 5457 991 5518 56,
1021 5456 1071 5507 in
1104 5453 1280 5506 Africa
1309 5456 1448 5522 gigni
1481 5467 1633 5506 ursos
1663 5463 1849 5521 negat;
1883 5459 2056 5520 multi,

488 5524 646 5592 etiam
674 5536 900 5587 veteres,
941 5526 1226 5591 al'lirmant,
1259 5527 1350 5578 sed
1400 5522 1639 5576 nonnulli
1675 5531 1878 5592 putant,
1915 5539 2059 5577 ursos

488 5591 704 5660 Libycos
732 5593 1109 5660 ethumidicos
1137 5594 1309 5648 dictas
1341 5609 1373 5647 a
1403 5594 1656 5648 llonlanis
1696 5596 1896 5650 leones.
1932 5592 2060 5650 Vide

488 5659 712 5732 lluamm
735 5659 981 5732 adlib._v
1009 5664 1231 5732 Virgilii,
1264 5679 1402 5719 vers.
1433 5666 1520 5719 57.

558 5729 678 5784 501.
734 5727 878 5792 Ald.,
935 5729 1069 5795 l’al.,
1102 5727 1372 5788 vvillosam.
1433 5737 1603 5805 Egon,
1654 5744 1860 5802 vcstent,
1912 5734 2049 5803 PaL,

2163 4688 2584 4741 condemnatione
2615 4687 2890 4742 transistis.

2233 4760 2357 4812 507.
2396 4759 2512 4811 Vat.
2545 4759 2610 4820 A,
2641 4757 2799 4822 male,
2830 4773 3018 4812 morem
3042 4773 3261 4811 servare.

2233 4828 2359 4884 511.
2384 4827 2528 4891 llat.,
2546 4828 2762 4894 Weitz.,
2779 4827 2891 4882 Gis.
2919 4828 2985 4882 ad
3007 4843 3174 4897 marg.
3205 4830 3227 4882 l
3251 4826 3362 4892 ed.,
3387 4838 3435 4881 et
3460 4827 3512 4882 in
3534 4836 3685 4881 textu
3712 4829 3756 4882 ‘2

2165 4899 2279 4965 ed.,
2301 4900 2473 4966 Stch.,
2506 4899 2558 4952 in
2581 4899 2788 4961 tabulis,
2813 4898 2952 4964 quod
2977 4909 3188 4952 secutus
3205 4907 3287 4952 est
3318 4899 3584 4963 lleinsius,
3611 4899 3755 4967 quin

2165 4970 2323 5023 ullam
2355 4970 2644 5023 variantcm
2670 4967 2946 5021 lectionem
2973 4967 3327 5024 adnotavcrit.
3367 4967 3584 5022 Heinsio
3613 4983 3759 5022 cou-

2164 5050 2358 5092 sonant
2401 5041 2749 5094 recentiores.
2790 5035 2888 5090 Ast
2929 5037 3096 5092 .lureti
3144 5038 3336 5102 codex,
3368 5037 3544 5100 Ales.,
3582 5035 3753 5102 Urh.,

2165 5108 2287 5163 Ald.
2317 5110 2534 5178 aliique,
2569 5107 2822 5161 instabilis
2853 5107 3050 5176 placiti,
3086 5108 3228 5175 quod
3271 5107 3706 5178 Juretoﬂarridct
3733 5124 3753 5160 :

2162 5176 2480 5246 exprimitur
2506 5178 2648 5232 enim
2678 5177 3029 5231 inconstantia
3060 5187 3278 5232 senatus
3309 5176 3597 5246 populique
3645 5179 3759 5230 lto-

2163 5249 2302 5300 mani
2334 5249 2388 5300 in
2417 5247 2766 5302 retractandis
2789 5247 2994 5316 legibus
3009 5261 3072 5300 ac
3093 5247 3350 5302 moribus.
3381 5247 3555 5302 Simili
3583 5247 3762 5301 modo

2162 5316 2520 5371 Tertulliauus
2551 5318 2602 5372 in
2627 5317 2850 5386 Apolug.
2883 5331 3002 5384 cap.
3033 5317 3099 5371 ιε
3130 5316 3315 5370 Nonne
3337 5324 3384 5370 et
3407 5333 3495 5370 vos
3514 5317 3762 5385 quotidie

2161 5388 2511 5457 experimentis
2540 5388 2941 5457 illuminantibus
2971 5386 3199 5457 tenebras
3225 5387 3562 5457 antiquitatis,
3587 5395 3762 5439 illam

2163 5455 2306 5508 illam
2333 5466 2542 5510 veterem
2571 5465 2615 5509 et
2641 5456 2953 5525 squalentem
2973 5456 3152 5509 silvam
3179 5455 3356 5524 legum
3378 5458 3518 5509 novis
3550 5459 3764 5523 princi-

2165 5526 2358 5596 palium
2387 5527 2746 5596 rescriptorum
2770 5536 2816 5579 et
2837 5527 3117 5579 edicturum
3144 5527 3402 5596 securibus
3429 5528 3676 5596 truncatis
3707 5537 3770 5579 ct

2165 5595 2394 5648 carditis?
2426 5594 2554 5648 Vide
2584 5596 2868 5650 Theodosii
2910 5597 3174 5650 novellam
3212 5597 3244 5648 2
3275 5598 3340 5650 de
3386 5594 3769 5654 lin-'aSoribus,

2161 5675 2216 5719 et
2239 5668 2302 5719 Α.
2326 5664 2463 5719 Gell.
2497 5665 2587 5734 lib,
2615 5665 2710 5721 1111.
2747 5681 2795 5719 c.
2825 5668 2874 5720 1.
2922 5667 2976 5719 111
3011 5666 3186 5734 Egon,
3211 5676 3264 5720 et
3288 5665 3402 5719 l’al.
3436 5676 3516 5720 est
3536 5678 3768 5717 novarat

2163 5751 2256 5803 tro
2284 5736 2497 5799 necarit,
2532 5736 2584 5790 in
2617 5741 2770 5794 Alex.
2796 5752 2822 5788 a
2843 5737 3011 5806 prima
3040 5753 3194 5792 manu
3225 5735 3500 5804 mendose,
3532 5750 3655 5787 nove
3691 5736 3767 5788 is.
