4052 6184
299 333 406 393 905

477 541 894 611 Przeteritosque
937 542 1149 598 habitus
1170 543 1316 597 cultu
1351 543 1608 599 damnare
1654 542 1875 610 recenti,

474 630 786 687 Gaudemus
811 641 1143 703 compertum
1183 633 1407 702 aliquid,
1440 631 1759 703 tandemque
1800 648 1882 688 rc-

1561 725 1809 795 [tectum,

300 814 407 868 515
476 812 627 879 Quod
671 812 845 868 latuit.
878 813 1069 871 Tardis
1111 830 1324 886 semper
1350 816 1688 886 processibus
1727 825 1880 873 aucta

480 904 689 959 Crescit
717 905 823 958 vita
847 903 1101 971 hominis,
1132 915 1187 962 et
1213 907 1372 977 longo
1393 909 1602 978 prolicit
1622 924 1741 964 usu.

482 995 573 1051 Sic
601 995 702 1050 aevi
730 997 969 1052 mortalis
998 996 1160 1054 habet
1183 1014 1243 1055 se
1272 998 1484 1055 mobilis
1510 998 1648 1055 ordo
1674 1017 1687 1053 :

479 1086 571 1142 Sic
596 1087 770 1142 variat
796 1098 988 1143 natura
1017 1088 1184 1145 vices.
1214 1088 1440 1144 Infantia
1471 1090 1631 1159 repit,

489 1179 731 1234 infirmus
756 1179 951 1236 titubat
980 1180 1133 1251 pueri
1156 1195 1502 1253 gressusque,
1535 1182 1881 1252 animusque:

295 1270 416 1327 320
487 1270 753 1342 Sanguine
790 1272 1080 1340 praecalido
1106 1272 1276 1329 fervet
1309 1288 1535 1330 nervosa
1553 1274 1811 1344 juventa:

485 1362 609 1418 Mox
628 1362 861 1418 stabilita
894 1365 1042 1419 venit
1064 1365 1261 1420 maturi
1286 1364 1500 1422 roboris
1516 1371 1649 1421 aetas
1673 1381 1685 1420 :

484 1455 644 1525 791
675 1453 872 1511 Ultima
889 1454 1127 1512 consiliis
1154 1456 1364 1524 melior,
1388 1457 1485 1512 sed
1503 1456 1705 1513 viribus
1719 1472 1883 1529 aegra,

483 1545 722 1615 Corpore
752 1543 1052 1601 succumbit
1086 1553 1323 1602 mentem
1354 1553 1576 1617 purgata
1615 1554 1885 1603 senectus.

488 1637 581 1692 llis
604 1652 773 1708 genus
796 1637 1085 1693 humanum
1108 1652 1205 1708 per
1230 1637 1448 1695 dissona
1475 1645 1717 1707 tempora
1738 1637 1890 1694 duxit

302 1724 414 1784 535
482 1726 780 1783 Curriculis
808 1741 983 1783 aevum
1010 1726 1303 1784 mutabile:
1331 1728 1409 1783 sic
1431 1727 1598 1785 hebes
1627 1727 1768 1783 inter

487 1814 798 1885 Primitias,
847 1830 1192 1887 mersumque
1236 1816 1387 1885 solo,
1432 1831 1533 1874 ceu
1559 1817 1890 1889 quadrupes,
1919 1811 1967 1873 Β

1687 1923 1721 1965 e
1756 1909 1817 1964 it.

488 1997 607 2053 Mox
661 2006 903 2056 tenerum
949 1997 1114 2055 docili
1156 1998 1392 2070 ingenio,
1428 1908 1892 2071 jamquelagtibus

1606 2089 1819 2162 [aptum

487 2180 805 2247 Noscendis,
836 2182 983 2237 varia
1030 2196 1209 2239 rerum
1254 2184 1491 2240 novitate
1533 2183 1754 2254 politum
1782 2192 1885 2238 est.

1378 336 1576 392 LIBER
1618 336 1660 391 ll
1698 335 1973 393 CONTRA
2013 333 2463 393 SYMMACIIUM.

474 448 624 504 Nune
649 447 835 513 etiam,
865 450 1079 521 quoties
1116 452 1289 508 solitis
1322 452 1585 508 decedere
1634 453 1871 520 prodest,
1906 457 1953 513 A

3446 345 3551 402 200

2159 450 2287 505 Inde
2317 460 2525 506 tumens
2550 450 2715 519 vitiis,
2747 450 2948 506 calidos
2984 450 3214 507 adolevit
3256 453 3309 509 in
3355 469 3548 525 annos,

1984 541 2087 597 550
2159 540 2341 596 Donec
2366 542 2587 597 decocto
2613 541 2866 597 solidaret
2891 540 3082 597 robore
3101 542 3265 599 vires.

2160 633 2391 703 Tempus
2409 633 2585 700 adest,
2617 641 2675 687 ut
2693 632 2801 701 jam
2827 634 3002 703 sapiat
3029 634 3205 690 divina
3224 649 3430 694 serente

2159 724 2348 779 Mentis
2379 724 2625 789 consilio,
2656 724 2890 778 vivacius
2914 725 3091 779 abdita
3117 726 3289 783 sulers

2160 817 2435 884 Quaerere,
2463 824 2518 872 et
2550 825 2763 872 aeternis
2787 817 2999 872 tandem
3048 818 3323 889 invigilare
3365 822 3546 877 saluti.

2161 905 2474 976 Quanquam
2523 906 2570 961 si
2595 913 2777 962 tantus
2815 921 2965 961 amor
2991 917 3094 974 est,
3122 918 3175 964 et
3205 924 3330 965 cura
3356 915 3549 967 vetusti

2161 995 2325 1067 792
2350 995 2535 1065 Moris,
2562 1004 2616 1052 et
2645 1010 2675 1049 a
2709 996 2886 1064 prisco
2916 997 3087 1066 placet
3110 998 3246 1054 haud
3276 1000 3552 1058 discedere

3318 1090 3480 1162 [ritu,

1985 994 2090 1051 ’555

2165 1176 2354 1232 Exstat
2382 1176 2434 1232 in
2462 1176 2698 1245 antiquis
2726 1176 3029 1245 exemplum
3058 1178 3234 1234 nobile
3260 1180 3430 1249 libris,

2160 1266 2281 1323 Jam
2312 1276 2438 1324 tunc
2479 1267 2663 1324 diluvii
2708 1268 2807 1323 sub
2840 1274 3098 1337 tempore,
3129 1270 3216 1325 vel
3252 1273 3420 1342 prius,
3464 1276 3553 1332 uni

2164 1359 2458 1415 inseruisse
2497 1359 2607 1415 Deo
2634 1369 2868 1431 gentem,
2898 1375 3016 1428 quas
3048 1361 3213 1429 prima
3243 1375 3486 1423 recentes

2162 1448 2387 1505 lneoluit
2418 1459 2610 1516 terras,
2634 1467 2905 1523 vacuoque
2934 1456 3189 1510 habitavit
3214 1455 3266 1511 in
3296 1458 3448 1515 orbe.

2166 1539 2322 1597 Unde
2348 1556 2519 1611 genus
2539 1540 2688 1597 ducit
2707 1555 2904 1600 nostrae
2930 1554 3171 1615 porrecta
3202 1560 3435 1617 propago

2164 1632 2381 1702 Stirpis,
2410 1640 2467 1689 et
2490 1632 2752 1705 indigena:
2780 1635 2993 1705 pietatis
3016 1637 3135 1706 jura
3162 1637 3435 1692 reformat.

2169 1723 2298 1792 Sed,
2315 1723 2439 1793 quia
2460 1723 2717 1781 Romanis
2742 1727 3008 1796 loquimur
3022 1728 3089 1783 de
3113 1727 3363 1794 cultibus,
3388 1728 3557 1798 ipsum

2169 1814 2456 1885 Sanguinis
2508 1815 2751 1872 Hectorei
2797 1818 3048 1888 p0pulum
3098 1819 3265 1890 probo
3322 1828 3560 1889 tempore

3304 1911 3493 1983 [longo

2169 2000 2287 2056 Non
2315 2000 2511 2057 multos
2536 2000 2765 2058 coluisse
2800 2002 2953 2071 deos,
2982 2003 3222 2074 rarisque
3254 2005 3464 2060 sacellis

1992 2092 2099 2148 545
2170 2085 2514 2157 Contentum,
2547 2106 2741 2161 paucas
2781 2095 3022 2163 posuisse
3067 2095 3119 2150 in
3154 2096 3382 2151 collibus
3418 2109 3558 2149 aras.

2172 2181 2485 2239 Innumeros
2516 2194 2636 2255 post
2673 2185 2867 2241 deinde
2906 2186 3056 2242 deos.
3102 2189 3297 2242 virtute
3333 2185 3562 2241 subactis

1988 1540 2093 1597 540

1618 2274 1903 2332 οιοδδιε
1940 2271 2285 2331 VETERES.

382 2369 444 2425 51
459 2369 509 2423 ι.
538 2366 837 2431 Reiectum,
866 2368 1203 2436 manifestum,
1234 2368 1274 2423 1.

380 2437 511 2494 518.
542 2438 719 2509 Repit,
746 2440 864 2509 quia
891 2441 1072 2509 rectius
1094 2454 1196 2491 non
1218 2445 1381 2508 potest
1405 2438 1687 2506 ambulare,
1719 2438 1757 2493 Ι.

382 2508 511 2563 520.
540 2508 796 2575 Nervosa,
820 2509 985 2575 fortis,
1017 2508 1056 2562 Ι.

380 2579 511 2649 521.
540 2578 748 2649 Maturi,
777 2579 1000 2649 perfecti,
1032 2580 1070 2633 Ι.

379 2648 510 2720 325.
544 2647 798 2720 Purgata,
820 2660 1094 2720 purgatam
1121 2647 1308 2703 habens
1335 2658 1570 2715 mentem,
1604 2649 1642 2701 I.

381 2666 512 2773 iii:
543 2666 964 2784 senatus:

382 2788 509 2860 525.
524 2787 833 2860 Qurriculis,
850 2787 1283 2860 solutionibusc-
1296 2785 1490 2860 Hebes,
1503 2788 1822 2860 imprudens,
1839 2791 1877 2847 Ι.

382 2858 512 2913 5ἳ6.
547 2856 835 2929 Primitias,
874 2859 1044 2925 initia,
1068 2860 1118 2912 in
1146 2858 1386 2929 infantia.
1417 2888 1487 2897 —
1515 2856 1624 2914 Ceu
1649 2860 1884 2929 quadru-

307 2942 429 2997 pes,
460 2928 663 2996 quando
696 2938 744 2982 et
771 2929 1026 2994 manibus,
1058 2940 1106 2981 et
1144 2928 1355 2997 pedibus
1393 2929 1545 2996 repit,
1586 2946 1685 2983 non
1714 2940 1880 2983 rectus

304 3000 545 3053 incedere
572 2998 764 3052 valens.
792 3028 861 3038 —
892 2998 1027 3066 Egit,
1059 3000 1200 3053 ducit
1224 2998 1361 3065 vivit,
1396 2999 1433 3053 Ι.

379 3069 511 3124 527.
542 3068 784 3138 Jamque,
813 3069 1014 3135 deinde,
1045 3068 1083 3122 l.

2065 2368 2191 2423 328.
2227 2368 2476 2434 Politnm,
2505 2370 2770 2434 nutritum,
2802 2370 2841 2425 Ι.

2064 2440 2188 2494 529.
2217 2439 2452 2509 Qalidos,
2482 2440 2534 2492 in
2551 2443 2832 2509 juventute.
2862 2470 2932 2481 —
2958 2440 3223 2508 Adolevit,
3255 2444 3424 2506 crevit,
3450 2444 3489 2499 1.

2062 2510 2187 2580 550.
2215 2508 2474 2580 ρβθηειο,
2518 2508 2758 2578 perfecto.
2802 2539 2870 2551 -—
2902 2510 3131 2575 Robore,
3164 2514 3485 2580 fortitudine,
3520 2515 3558 2568 Ι.

2214 2577 2481 2652 Yivacius,
2512 2580 2961 2652 perspicacius._—-
2996 2577 3199 2652 Sulers,
3223 2598 3401 2652 sagax,
3428 2583 3465 2637 1.

2063 2646 2187 2718 55ι.
2216 2646 2273 2718 _S_i
2307 2657 2501 2710 tantus,
2531 2656 2728 2718 tantum
2756 2649 2980 2703 studium
3005 2660 3096 2718 est,
3131 2651 3169 2707 Ι.

2064 2717 2189 2773 559.
2214 2716 2412 2781 Vacuo,
2444 2718 2571 2782 lato,
2603 2717 2641 2770 l.

2066 2788 2193 2843 540.
2224 2786 2493 2852 Porrecto,
2519 2796 2736 2851 extenta,
2773 2786 2812 2842 Ι.

2058 2858 2183 2913 541.
2212 2857 2425 2924 Stirpis,
2457 2857 2725 2919 naturalis,
2760 2859 2798 2911 Ι.

2058 2926 2181 2983 545.
2211 2926 2476 2991 Hectorei,
2513 2925 2752 2989 Romani,
2784 2930 2822 2981 l.

2058 2996 2184 3052 3M.
2209 2996 2451 3067 sacellis,
2474 2998 2690 3067 tt'rttplt's,
2716 2997 2753 3051 l.

2056 3067 2181 3122 546.
2210 3066 2434 3132 Virtute,
2466 3065 2833 3133 Romanorum,
2864 3068 2903 3122 l.

1659 3157 2223 3235 COMMENTARIUS.

380 3251 509 3307 515.
547 3251 758 3308 Juretus
798 3252 1006 3308 videtur
1044 3265 1147 3308 non
1186 3251 1501 3307 observasse
1548 3250 1884 3306 emendatio-
1914 3251 1959 3312 C
1993 3251 2201 3305 videtur
2230 3265 2295 3305 ex
2328 3250 2551 3320 Virgilio
2590 3266 2625 3306 ιι
2668 3251 2795 3306 Ain.
2828 3264 3116 3321 sumptum,
3160 3255 3267 3311 Sed
3307 3258 3350 3311 si
3393 3269 3562 3315 tantus

305 3337 437 3377 nem
474 3321 715 3387 Giselini,
755 3322 846 3389 qui
888 3322 1128 3378 ediderat
1155 3322 1368 3391 quidem
1408 3322 1653 3391 danmare
1682 3325 1881 3391 retenti,

304 3393 408 3446 sed
451 3392 506 3445 in
547 3392 802 3447 addendis
835 3393 1067 3447 correxit
1100 3390 1345 3446 damnare
1377 3393 1587 3446 recenti.
1638 3390 1886 3446 Heinsius

304 3462 476 3517 simili
506 3478 689 3517 errore
707 3461 876 3517 edidit
894 3463 1094 3525 retenti,
1127 3477 1227 3517 nec
1251 3463 1503 3517 correxit.

382 3532 513 3587 516.
541 3532 959 3587 Elmenhorstius
982 3533 1033 3586 in
1064 3532 1357 3587 Arnobium
1387 3548 1505 3600 pag.
1539 3531 1609 3586 65
1636 3531 1784 3599 plura
1818 3530 1886 3585 de

302 3601 399 3655 his
423 3601 493 3656 ad
522 3601 677 3657 verba
714 3603 932 3657 Arnobii
966 3600 1321 3668 Pauperrimw
1348 3600 1656 3657 necessitatis
1686 3602 1889 3655 iuventa

301 3688 372 3728 ex
404 3672 721 3742 columella,
746 3671 989 3742 Virgilio,
1021 3672 1285 3728 Lucretio.

379 3741 515 3796 3t8.
548 3740 670 3796 Hec
715 3740 893 3797 omnia
928 3749 1199 3797 mutuatus
1238 3743 1447 3798 videtur
1486 3740 1805 3797 Prudentius
1858 3756 1888 3795 a

300 3812 574 3882 Lucretio
597 3810 688 3867 lib.
718 3827 796 3882 nt,
822 3827 965 3869 vers.
989 3813 1095 3866 Mli
1122 3821 1177 3866 et
1208 3826 1358 3882 seqq.

381 3881 515 3936 522.
557 3881 706 3937 Prior
749 3881 920 3945 Rott.,
963 3881 1162 3937 consilii
1196 3879 1398 3949 melior,
1436 3879 1574 3949 quod
1613 3880 1890 3949 eleganter

299 3954 523 4006 dictum
553 3952 624 4005 ait
651 3953 921 4017 lleinsius,
948 3952 1214 4021 quomodo
1237 3968 1380 4020 szepe
1403 3954 1567 4005 utitur
1596 3950 1758 4005 Silius
1789 3949 1892 4021 Ita-

298 4025 473 4145 lic’us.
508 4020 633 4076 Mihi
662 4019 1199 4094 elegantius—videtur
1227 4019 1455 4077 consiliis
1484 4021 1683 4085 melior,
1709 4021 1799 4075 sed
1824 4019 1890 4073 vi-

298 4111 351 4145 rs
398 4109 458 4144 Ill
477 4109 635 4145 asara.

298 4109 458 4162 noue
477 4109 635 4162 aegra.

381 4160 706 4227 52t.‘llat.,
746 4162 859 4217 Gis.
900 4162 965 4216 ad
1016 4176 1187 4227 oram,
1232 4160 1451 4228 Weitz.,

303 4232 481 4295 Urb.,
518 4231 633 4286 Vat.
664 4238 703 4286 Α
734 4242 786 4286 et
827 4232 1069 4301 plerique
1094 4232 1206 4296 alii,
1251 4232 1421 4298 duxit,
1450 4232 1659 4286 scilicet
1701 4235 1890 4293 a’vum,

382 4301 518 4356 325.
549 4302 621 4355 ita
646 4303 821 4366 Alex.,
846 4301 997 4367 Urb.,
1019 4302 1242 4365 Widm.,
1264 4301 1485 4357 Weitz..
1509 4301 1647 4365 Gis.,
1672 4310 1893 4369 uterque

300 4372 547 4432 Boher.,
579 4372 758 4427 Heins.
790 4381 843 4426 et
867 4372 982 4427 alii.
1014 4371 1203 4436 Aldus,
1230 4372 1347 4425 Vat.
1372 4370 1438 4436 A,
1466 4371 1633 4439 Bong.
1663 4385 1693 4424 a
1720 4369 1890 4437 prima

298 4458 508 4504 manu,
536 4440 719 4505 Fabr.,
752 4442 871 4494 Rat.
899 4458 927 4493 a
955 4456 1112 4496 manu
1151 4441 1375 4508 recenti,
1405 4442 1573 4496 erasis
1602 4439 1888 4507 prioribus,

299 4513 390 4566 sic
420 4510 571 4564 hebes
589 4513 718 4564 inter
746 4510 1035 4578 Primitias,
1074 4528 1388 4579 mersumque
1424 4512 1533 4565 solo
1568 4510 1817 4573 titubavit,
1846 4520 1891 4562 et

299 4582 489 4645 instar
499 4580 853 4653 Quadrupedis
866 4583 1006 4649 pueri
1026 4583 1264 4653 lactantia
1284 4585 1473 4653 viscera
1493 4582 1664 4653 traxit.
1690 4579 1746 4653 l_n
1760 4579 1894 4653 Addo

297 4661 405 4708 est
427 4648 722 4722 versumque
746 4667 843 4719 pro
868 4648 1205 4720 mersumque.
1236 4652 1451 4706 'l‘eolius
1485 4650 1561 4704 ait
1614 4648 1890 4704 Heinsium

296 4725 443 4791 haec
494 4730 557 4773 ut
592 4721 1243 4791 superfluagresecuisse;
1272 4722 1367 4776 sed
1408 4730 1711 4791 resecuerat
1739 4728 1892 4775 antea

304 4789 618 4857 Giselinus,
639 4789 693 4846 et
722 4800 843 4859 post
862 4789 1152 4846 Giselinum
1177 4790 1453 4846 Weitzius.
1478 4789 1745 4847 Giselinus
1766 4804 1895 4859 vero

1486 4160 1656 4231 ﬂuxit.
1708 4160 1886 4225 Alex.,

1926 4622 1974 4681 D

1988 3337 2133 3398 amor
2156 3337 2634 3398 casus_cog_uoscer_e
2663 3330 2880 3398 nostros.
2913 3324 3055 3387 Ald.,
3083 3325 3271 3398 Torn.,
3316 3329 3563 3398 princeps

1989 3390 2207 3472 Btiltcr.,
2236 3391 2384 3472 prior
2405 3392 2834 3472 Rott.,ﬂF.gm.,.si
2856 3402 3046 3446 tantum
3074 3397 3295 3472 studium
3317 3390 3420 3465 'est,
3445 3390 3563 3468 quae

1987 3470 2069 3533 est
2119 3461 2286 3533 Isonis
2320 3462 2536 3533 glossa._
2560 3461 2881 3530 Greuovius,
2917 3478 3035 3533 cap.
3078 3462 3111 3519 5
3148 3461 3430 3524 Obervnt.
3463 3461 3564 3524 "ee-

1989 3530 2118 3606 cies.
2138 3530 2188 3583 in
2213 3530 2365 3606 mss.,
2391 3530 2490 3606 legi
2514 3530 2705 3606 fatetur
2735 3530 3025 3606 quanquam
3044 3535 3086 3587 si
3113 3545 3280 3589 tantus
3303 3552 3447 3590 amor
3466 3551 3559 3606 est,

1990 3601 2084 3654 sed
2108 3601 2698 3675 suspicaturlegendnm
2718 3603 2765 3675 si
2787 3604 2878 3675 tibi
2899 3613 3069 3658 tantus
3088 3606 3387 3675 amor,quia
3420 3601 3564 3663 aliud

1991 3677 2074 3743 est
2105 3670 2288 3743 vitium
2321 3670 3298 3743 metriinexcusabile,etnunquam'a'
3326 3677 3562 3733 Pruden-

1993 3740 2065 3816 t_iu
2102 3737 2646 3816 profectum._Verum
2690 3740 2809 3816 ῙτὲἕιιΔ
2863 3737 3137 3816 observavi
3168 3756 3219 3799 et
3247 3745 3365 3799 aliis
3394 3749 3568 3816 poetis

1992 3810 2242 3882 frequens
2275 3823 2395 3882 esse
2424 3810 2635 3882 brevem
2650 3810 2914 3882 syllabam
2933 3813 3001 3867 ob
3016 3828 3272 3867 cmsuram
3306 3810 3566 3882 produce-

1992 3894 2069 3943 re,
2104 3886 2158 3934 et
2186 3878 2289 3935 hoc
2316 3880 2488 3948 ipsum
2526 3878 2813 3935 Prudentia
2833 3897 2951 3935 esse
2980 3884 3131 3936 valde
3154 3878 3408 3939 familiare
3432 3906 3443 3938 :
3470 3902 3565 3943 ne-

1992 3963 2097 4019 que
2139 3949 2384 4020 oportuit
2449 3949 2771 4013 Gronovium
2831 3950 2986 4019 hujus
3030 3958 3102 4005 rel
3151 3967 3270 4008 esse
3311 3955 3561 4010 inscium.

2063 4018 2197 4091 555.
2214 4020 2449 4091 futuam,
2474 4030 2578 4074 uta
2600 4022 2788 4091 prisco,
2823 4018 2980 4075 male.

2063 4089 2189 4161 559.
2215 4090 2468 4160 Virgilius
2488 4107 2504 4145 ι
2524 4089 2745 4161 Georg,
2770 4105 2910 4147 vers.
2937 4090 3031 4147 62:
3053 4090 3328 4146 Deucalion
3352 4108 3563 4149 vacuum

1993 4158 2191 4229 lapides
2210 4158 2422 4230 jactavit
2444 4161 2496 4215 in
2522 4158 2706 4216 orbem.

2067 4231 2193 4285 540.
2213 4229 2373 4293 ίΑΙόη
2404 4242 2590 4286 nostra:
2613 4231 2771 4285 ducit.

2066 4301 2160 4373 541
2178 4340 2191 4355 .
2209 4300 2424 4373 ln__Rat.
2450 4317 2475 4352 a
2501 4302 2667 4373 prima
2690 4316 2871 4369 manu,
2900 4302 3116 4373 indigre;
3139 4301 3231 4357 sed
3254 4303 3428 4372 glossa
3447 4304 3566 4361 inde

1995 4372 2177 4442 genita:
2206 4370 2408 4442 indicat
2422 4371 2703 4442 gignendum.

2066 4440 2189 4495 545.
2229 4440 2593 4495 Tertullianus
2635 4441 2857 4505 Apolog.
2899 4455 3017 4509 cap.
3062 4440 3170 4493 25:
3214 4443 3351 4496 Nam
3408 4445 3501 4497 etsi
3538 4464 3569 4499 a

2000 4510 2174 4565 Numa
2197 4519 2437 4576 concepta
2465 4518 2537 4561 est
2561 4510 2828 4563 curiositas
2854 4513 3220 4578 superstitiosa,
3246 4515 3470 4567 nondum
3493 4526 3569 4569 la.

1996 4596 2110 4633 men
2138 4590 2228 4633 aut
2253 4580 2563 4650 simulacris,
2585 4588 2673 4631 aut
2693 4582 2893 4650 templis
2921 4597 2998 4634 res
3020 4582 3187 4634 divina
3214 4584 3354 4650 apud
3380 4583 3570 4637 [fonta-

1997 4667 2091 4704 uos
2120 4650 2400 4703 constabat.
2427 4648 2587 4716 Frugi
2607 4648 2807 4719 religio,
2830 4660 2882 4703 et
2908 4668 3153 4718 pauperes
3176 4648 3325 4717 ritus,
3350 4665 3398 4707 et
3427 4657 3569 4708 nulla

1998 4719 2249 4789 Capitolia
2272 4720 2519 4773 certantia
2547 4718 2810 4785 caelo,sed
2844 4722 3105 4775 temeraria
3133 4723 3196 4775 de
3224 4725 3408 4790 cespite
3443 4726 3571 4777 alta-

1996 4791 2094 4856 ria,
2119 4798 2165 4844 et
2185 4790 2500 4863 vasa_adhuc
2526 4790 2712 4863 samia,
2749 4800 2794 4843 et
2830 4792 2975 4863 nidor
3005 4808 3067 4863 ea:
3088 4791 3213 4863 illis,
3237 4804 3282 4844 et
3312 4794 3435 4846 deus
3467 4795 3572 4863 ipse

304 4860 619 4931 prolixius,
637 4858 735 4915 sed
760 4876 864 4915 non
890 4863 1109 4916 omnino
1137 4862 1273 4916 male
1301 4864 1353 4916 in
1385 4861 1659 4929 impressis
1689 4860 1757 4913 ita
1788 4858 1893 4931 legi
1998 4876 2268 4931 nusquam.
2300 4858 2545 4931 Nondum
2566 4860 2696 4931 enim
2724 4868 2841 4912 tunc
2870 4862 3079 4931 ingenia
3105 4861 3397 4916 Crtecorum
3425 4858 3573 4931 atque

303 4928 557 4999 insanit.
588 4930 987 4999 Egmondanum
1012 4946 1108 4998 pro
1125 4941 1303 4985 nostra
1331 4928 1558 4984 lectione
1584 4939 1729 4984 stare
1750 4929 1896 4983 aflir-
2001 4928 2280 4999 Tuscorum
2318 4928 2571 4999 fingendis
2612 4929 2901 4999 simulacris
2946 4929 3132 4984 Urbem
3178 4928 3568 4985 inundaverant.

300 4996 754 5069 matWeitiius,
788 5009 943 5069 negat
992 4996 1255 5065 lleinsius,
1294 5002 1383 5067 qui
1426 4998 1895 5069 meliusinSpexit.
1999 4998 2153 5069 Adde
2171 4997 2231 5053 S.
2260 4996 2612 5068 Augustinum
2635 4998 2700 5052 de
2726 4996 2885 5054 Civil.
2921 5000 3010 5055 [)ei
3033 5017 3148 5069 cap.
3177 5002 3262 5068 12,
3294 5002 3387 5057 lib.
3414 5016 3494 5067 Ill,
3524 5010 3574 5056 et

392 5068 528 5139 526.
556 5070 750 5124 Alludit
775 5071 843 5125 ad
863 5067 1085 5139 Eenigtna
1111 5069 1379 5139 Sphingis,
1403 5070 1542 5139 quod
1558 5067 1897 5139 solvitQEdi-
1999 5067 2448 5139 cap.§l,_lib.iv.

301 5153 452 5210 pus.
483 5138 616 5211 Vide
652 5140 913 5211 Hyginum
962 5134 1070 5194 fab.
1101 5134 1190 5203 77,
1221 5134 1677 5211 et'l’alaephatum
1719 5137 1813 5191 lib.
1850 5152 1894 5211 μ,
2053 5134 2198 5211 ⁸545.
2233 5137 2374 5200 Rat“
2403 5146 2900 5211 concentumnectc
2920 5153 3099 5211 supra,
3118 5147 3431 5211 contentum.
3459 5139 3573 5211 Gis.

298 5205 449 5279 irap.
483 5208 555 5262 de
575 5205 828 5279 Sphinge.
858 5210 1104 5277 Enigma
1145 5219 1259 5263 erat
1287 5205 1554 5277 quodnam
1583 5215 1727 5263 esset
1762 5206 1894 5279 ani-
2002 5205 2067 5260 ad
2098 5221 2268 5279 oram,
2297 5210 2493 5279 paucis.
2523 5208 2781 5262 Observat
2810 5205 3198 5279 (Jhnmillardus
3219 5222 3283 5279 es
3310 5209 3576 5266 Melantho

300 5278 445 5349 magi
468 5293 625 5334 mane
652 5280 978 5349 quadrupes,
1014 5279 1235 5333 meridie
1258 5279 1427 5346 bipes,
1459 5292 1681 5346 vespere
1706 5278 1894 5345 tripes.

298 5348 576 5413 (Εὐίππη
603 5350 869 5403 hominem
896 5364 1017 5405 esse
1038 5349 1412 5416 interpretatus
1440 5358 1541 5401 est.

392 5418 528 5471 317.
555 5419 696 5488 Alit,
732 5434 1027 5488 perperam,
1060 5421 1249 5488 artibus
1275 5426 1443 5483 aptus.

392 5488 531 5544 350.
564 5486 884 5559 Virgilius"
919 5487 1158 5554 lEncid.,
1196 5486 1490 5559 Solidwque
1525 5503 1618 5542 suo
1646 5494 1782 5542 stant
1820 5503 1904 5541 ro-

299 5564 451 5617 bore
477 5559 627 5611 uires.

397 5627 534 5683 551».
583 5627 754 5691 Sich.,
795 5628 908 5683 Gis.
959 5628 1023 5682 ad
1066 5643 1212 5681 oram
1265 5627 1592 5698 in_utraqtte
1646 5627 1901 5698 editione,

305 5700 542 5752 \Vidm.
572 5713 602 5751 a
635 5699 803 5765 prima
836 5714 1017 5765 manu,
1058 5699 1245 5766 Bong.,
1280 5695 1713 5764 Weitz.,'Alex.,
1750 5697 1904 5760 Urb.,

308 5770 594 5826 Heinsius
625 5784 745 5823 cum
780 5768 1045 5837 plursque
1080 5769 1208 5835 suis,
1240 5768 1282 5821 si
1325 5776 1493 5823 tantus
1531 5784 1673 5821 amor
1715 5776 1805 5820 est.
1840 5769 1904 5821 Et

2004 5284 2060 5331 et
2104 5276 2387 5348 Apollonio
2422 5287 2638 5348 veteres
2680 5279 2864 5348 solitos
2896 5279 3006 5330 suis
3055 5276 3384 5348 imminibns,
3435 5296 3576 5348 pra:-

2004 5348 2184 5400 scrtim
2221 5346 2360 5412 Jovi,
2388 5352 2581 5414 tempfa
2630 5347 2681 5400 in
2727 5347 3043 5401 Sublimihus
3090 5346 3221 5399 locis
3276 5346 3577 5405 exstruere.

2008 5415 2153 5469 Jovis
2180 5416 2404 5472 Latiaris
2450 5418 2703 5485 templum
2739 5418 2788 5469 iu
2818 5427 2994 5470 monte
3023 5414 3228 5485 Albani
3274 5417 3371 5470 fuit
3412 5422 3579 5472 collo-

2010 5496 2230 5555 catum:
2286 5488 2399 5555 ejus
2450 5484 2640 5540 rudera
2698 5487 2967 5555 vidimus,
3000 5484 3303 5555 hiemi-hius
3371 5496 3499 5541 tum.
3560 5489 3579 5543 Ι

2010 5554 2222 5627 Spicil.,
2256 5552 2371 5626 pag.
2406 5558 2494 5611 67.
2522 5556 2716 5609 excelsa
2758 5556 2806 5607 in
2834 5552 3249 5627 sacrisLitteris
3294 5556 3430 5610 idola
3482 5573 3580 5627 ap-

2013 5625 2193 5691 pellari
2224 5624 2293 5679 ait
2323 5624 2389 5680 ab
2415 5629 2621 5680 exeulsa
2650 5633 2845 5677 statura
2875 5624 3197 5693 cxcelsoque
3230 5624 3367 5692 loco,
3401 5637 3452 5681 el
3476 5624 3580 5683 ori-

2008 5694 2184 5763 ginem
2219 5706 2367 5762 rcpet
2392 5707 2409 5748 t
2431 5712 2456 5747 a
2486 5695 2615 5748 tui'ri
2651 5693 2829 5747 Babel.

2080 5765 2183 5819 5l6
2240 5766 2383 5831 Ald.,
2410 5777 2518 5833 post
2540 5766 2677 5817 inde.
2706 5764 2961 5819 Minucius
2990 5783 3001 5818 ε
3030 5762 3159 5818 Inda
3182 5768 3309 5820 adeo
3341 5781 3426 5833 per
3457 5767 3577 5819 uui-
