2026 3092
335 203 492 232 Consultati
507 213 554 233 cur
560 213 612 233 non
619 208 753 240 suspectat
766 203 848 230 libera
859 202 973 229 crelttm?

336 248 390 276 Cur
402 249 452 278 sibi
474 251 656 285 prasscriptnm
671 258 723 278 non
737 247 927 277 commutabile
939 246 1034 278 fatum,

337 294 372 322 Ut
385 295 498 329 captiva,
513 297 603 330 putat?
616 295 722 332 genesis
734 302 782 322 cur
795 292 898 320 vincula
910 291 999 326 ﬁngit?

338 339 386 367 Cui
399 340 454 374 jam
469 340 541 368 nolle
554 340 627 374 licet,
638 340 709 376 quod
720 343 784 367 tunc
798 338 914 366 voluisse
926 337 1033 369 licebat,

338 385 503 420 Erroresque
517 386 626 414 abolere
639 392 713 419 suos,
730 391 762 412 ac
776 383 884 411 ﬂectere
897 382 1008 410 sensus?

336 430 380 458 Sic
394 431 568 466 septingentis
580 431 679 459 erravit
692 430 798 459 circiter
810 429 898 460 annis.

338 475 514 512 Lubricaque,
534 480 562 503 et
585 483 692 511 semper
706 474 841 507 dubitans,
866 480 926 508 qua:
950 472 1034 500 forma

250 339 302 367 M0

870 517 1000 554 [placeret

341 565 458 600 Imperii,
470 573 530 601 qua
543 565 671 602 regnandi
687 565 755 594 foret
768 571 843 599 requa
854 568 984 599 potestas.

337 611 418 648 798
432 612 530 648 Regius
542 617 663 640 exortam
683 612 739 647 jam
763 616 827 639 tunc
842 610 935 639 habuit
948 614 1035 639 status

873 657 995 693 [Urbem,

339 703 396 730 Non
411 703 469 731 sine
483 703 632 738 grandaevis
647 710 770 731 curarum
794 702 819 730 in
834 706 909 737 parte
929 700 1032 728 locatis.

341 747 401 775 Mox
413 755 540 783 proceres
558 749 592 777 de
606 749 689 784 stirpe
703 755 797 776 senum
813 751 943 775 tractasse
958 746 1033 775 video

252 610 302 639 H5

928 791 999 827 [mus

337 837 448 866 Clavum
463 839 568 867 consilii
585 848 592 866 :
608 839 726 874 plebeias
741 838 801 866 inde
813 843 944 873 catervas,

338 883 454 911 Collatus
467 885 586 919 patribus
599 885 701 912 mixtim
717 884 864 912 ditionibus
877 883 972 918 requis,

342 931 512 966 ltnpcritasse
526 931 582 965 ditt,
597 931 730 966 belloque,
743 935 770 958 ct
785 938 848 965 pace
866 930 998 964 regendis.

337 976 454 1004 Consule
467 977 592 1004 nobilitas
601 977 685 1012 viguit
701 986 707 1003 ε
723 977 797 1011 plebs
809 976 857 1003 iisa
869 976 974 1003 tribuno
983 980 1033 1003 est.

339 1022 465 1057 Displicet
474 1022 517 1050 ltie
529 1023 618 1050 subito
626 1026 721 1055 status,
730 1027 756 1049 et
772 1022 811 1049 bis
819 1021 898 1057 quina
911 1026 1036 1049 creantur

339 1067 510 1097 Summorum
527 1075 667 1103 procerum
691 1068 793 1103 fastigia
807 1076 813 1095 :
829 1075 896 1103 quos
919 1067 1035 1094 duodeni

256 931 305 957 120

796 141 933 172 AURELII
953 140 1135 170 PRUDENTII
1153 140 1317 170 CARMINA.

1819 141 1873 169 212

1176 201 1357 230 Circumstant
1372 200 1471 235 fasces,
1484 200 1565 229 simul
1576 204 1604 229 et
1614 207 1662 229 sua
1678 208 1811 236 quemque
1829 207 1874 229 se-

1742 247 1836 283 [curis

1085 292 1138 321 425
1173 292 1275 321 Rursus
1287 299 1318 321 se
1331 292 1447 328 geminis
1460 291 1548 320 reddit
1561 291 1718 320 ductoribus
1729 291 1818 319 omnis

1173 338 1281 366 Publica
1300 345 1352 366 res,
1369 343 1396 366 et
1408 338 1563 366 consulibus
1577 337 1624 366 dat
1634 338 1752 366 condere
1776 337 1872 367 fastos.

1176 383 1271 411 Ultima
1287 384 1449 419 sanguineus
1465 383 1582 412 turbavit
1593 383 1672 411 saecla
1684 383 1819 411 triumvir.

1175 428 1310 456 Fluctibus
1330 428 1372 457 bis
1385 429 1449 456 olim
1464 428 1560 462 fatum,
1575 429 1717 464 geniusve,
1733 429 1874 458 animusve

1173 474 1255 510 799
1266 473 1391 502 Publicus
1404 475 1503 503 erravit
1514 483 1521 502 ε
1534 474 1640 502 tandem
1651 474 1819 510 deprendere
1830 483 1874 504 re-

1751 520 1837 557 [ctum

1177 565 1277 593 Doctus
1290 565 1352 599 iter,
1366 569 1444 600 caput
1458 570 1598 601 augustum
1612 565 1764 594 diademate
1776 565 1872 598 cinxit,

1173 611 1319 646 Appellans
1330 616 1432 646 patrem
1446 612 1550 646 patrita,
1559 611 1660 646 populi,
1671 616 1752 646 atque
1763 615 1874 639 senatus

1172 658 1324 691 Rectorem,
1339 658 1384 692 qui
1399 658 1500 685 militia:
1513 658 1548 685 sit
1559 658 1666 690 ductor,
1681 662 1707 685 et
1720 657 1791 685 idem

1175 703 1306 738 Dictator,
1321 703 1475 738 fcensorque
1498 703 1595 737 bonus,
1616 710 1775 738 morumque
1791 703 1874 738 magi-

1753 749 1833 786 [ster,

1173 795 1258 823 Tutor
1279 803 1369 830 opum,
1395 795 1493 823 vindex
1519 795 1664 828 scelerum,
1688 794 1798 830 largitur
1824 795 1873 822 ho-

1719 840 1838 876 [norum.

1087 566 1141 595 450

1052 881 1074 911 Β
1088 887 1140 916 455
1177 886 1252 922 Quod
1267 887 1289 914 si
1302 891 1340 914 tot
1355 893 1443 914 rerum
1458 885 1593 920 gradibus,
1610 885 1692 913 toties
1708 885 1817 913 variatis

1178 932 1314 964 Consiliis,
1330 939 1400 967 :egre
1414 931 1520 958 tandem
1535 931 1657 964 pervenit
1671 931 1705 958 ad
1717 931 1794 964 illud,

1179 977 1255 1010 Quod
1284 976 1388 1011 probet,
1417 983 1448 1003 ac
1475 981 1568 1004 sancto
1593 977 1743 1004 reverentia
1769 976 1875 1011 publica

1741 1021 1842 1058 [servet

1178 1067 1291 1095 Fmdere
1306 1076 1312 1094 ε
1327 1067 1389 1102 quid
1408 1066 1512 1094 dubitat
1528 1066 1615 1094 divina
1634 1074 1782 1102 agnoscere
1803 1067 1875 1102 jura.

902 1113 1042 1142 GLOSS/E
1063 1113 1232 1141 VETERES.

288 1159 350 1196 407.
364 1159 511 1196 Consultat,
524 1160 801 1196 providetinterrogat,
820 1159 839 1186 I.

291 1195 352 1222 409.
370 1195 466 1230 Fingit,
482 1196 620 1228 componit,
639 1195 660 1228 l,

287 1230 350 1257 410.
365 1230 448 1263 Licet,
464 1230 562 1256 licitum
575 1235 622 1264 est,
640 1230 691 1257 lso.

288 1264 349 1291 412.
368 1265 482 1299 Erravit,
500 1273 574 1298 pene,
592 1265 613 1292 1.

288 1301 351 1327 415.
369 1300 492 1332 Lubrica,
505 1300 642 1331 instabilis,
659 1299 679 1326 Ι.

288 1335 351 1370 414.
369 1335 560 1370 Equa.jusla,
577 1335 596 1362 Ι.

287 1369 352 1397 416.
364 1368 532 1402 Grandaevis,
548 1368 716 1402 senatoribus,
730 1369 885 1400 consulibus,
901 1368 921 1395 l.

289 1404 350 1432 417.
369 1405 506 1437 Procerus,
515 1406 632 1440 juniores
644 1410 667 1432 et
683 1410 793 1440 nepotes,
807 1404 858 1440 lso.

289 1440 352 1466 418.
369 1439 489 1471 Clavum,
504 1439 624 1474 regimen,
639 1441 797 1474 dignitatem,
814 1439 864 1466 lso.

290 1474 352 1502 419.
369 1474 495 1507 Collatus,
510 1475 669 1507 conjunctas,
686 1475 704 1501 Ι.

289 1509 354 1536 421.
369 1508 494 1541 Consule,
511 1509 555 1535 sub
571 1510 683 1540 consule,
701 1509 720 1535 1.

291 1542 355 1572 422.
370 1543 509 1577 Creautur,
524 1544 722 1577 constituuntur,
738 1543 757 1570 Ι.

1122 1158 1184 1186 H5.
1200 1158 1355 1191 Procerum,
1377 1157 1536 1189 dictatorum,
1554 1157 1604 1185 lso.

1123 1193 1186 1220 424.
1202 1193 1311 1224 Fasces,
1324 1192 1443 1220 honores.
1455 1208 1490 1213 —
1503 1193 1567 1226 Sua,
1579 1192 1694 1228 propria.
1707 1208 1742 1213 —
1756 1193 1876 1226 Securis,

1089 1233 1212 1262 potestas,
1229 1228 1350 1257 uindicta.
1367 1228 1388 1254 1.

1124 1264 1187 1291 426.
1207 1263 1311 1296 Fastos,
1328 1262 1418 1295 libros,
1435 1263 1453 1290 Ι.

1125 1299 1189 1326 428.
1204 1298 1350 1330 Fluctibus,
1365 1299 1502 1331 erroribus,
1518 1298 1734 1330 instabilitatibus,
1751 1297 1770 1324 1.

1127 1334 1190 1361 450.
1208 1334 1367 1366 Augustum,
1384 1334 1477 1360 nobile.
1503 1348 1538 1353 -
1553 1333 1716 1364 Diadcmate,
1730 1341 1835 1365 corona,
1857 1333 1878 1360 l.

1129 1369 1190 1396 433.
1208 1369 1334 1401 Dictator,
1349 1369 1494 1403 imperator.
1507 1383 1541 1388 ——
1556 1367 1668 1400 Censor,
1679 1368 1772 1403 judex,
1784 1367 1807 1397 1.

1130 1404 1193 1432 454.
1209 1404 1365 1440 Τιιιοτ,ῃιιί
1379 1402 1560 1440 rempublicam
1575 1402 1701 1440 tuebatur.
1711 1417 1747 1426 —-
1758 1402 1882 1440 Largitor

1097 1439 1237 1470 honorum,
1253 1438 1389 1465 retributor
1403 1439 1564 1473 dignitatum,
1577 1439 1596 1465 Ι.

1128 1473 1190 1502 456.
1206 1473 1297 1508 Egre,
1314 1474 1456 1508 difﬁculter,
1473 1475 1525 1507 vix,
1542 1475 1562 1500 Ι.

1127 1509 1190 1536 457.
1206 1508 1312 1541 Probet,
1328 1508 1424 1540 laudet,
1438 1509 1457 1535 l.

1037 1588 1207 1614 ENTARIUS.

931 1588 1048 1617 COMME

292 1637 354 1665 407.
369 1637 441 1670 Ald.,
454 1637 510 1668 Cis,
534 1636 559 1664 itt
574 1640 658 1669 textu,
672 1636 756 1665 Jurcti
770 1636 865 1667 codex,
889 1641 1042 1671 prospectat.

1106 1587 1297 1671 ἓξὲξ-19914111
1313 1632 1480 1671 ferendarum
1500 1639 1579 1671 causa
1592 1631 1744 1671 cre_.tti,_gui
1761 1635 1824 1659 sunt
1844 1632 1884 1659 bis

262 1672 374 1702 Widm.,
391 1673 487 1707 Bong.,
499 1672 556 1701 Gis.
568 1672 600 1699 ad
611 1680 698 1705 oram,
715 1676 836 1706 ιεραιιαῑ.
854 1671 974 1707 Plerique
981 1671 1043 1707 alii,

257 1708 339 1735 etiam
353 1707 411 1735 Gis.
437 1707 469 1734 ad
488 1715 561 1734 oram
584 1714 632 1741 pro
656 1707 711 1734 div.
734 1707 805 1740 loct.,
821 1706 917 1734 Cifanii
932 1711 959 1734 et
979 1706 1045 1733 Bcc-

261 1742 332 1777 tttani
359 1743 473 1777 codices,
497 1746 632 1777 suspectat.
658 1742 784 1776 Virgilius
809 1742 856 1769 lib.
876 1749 884 1768 t
905 1749 976 1769 vers.
992 1741 1045 1768 375

262 1776 357 1812 Georg.
370 1776 470 1804 Baculo
479 1776 569 1804 caelum
589 1776 747 1813 Suspiciens,
768 1777 861 1811 patulis
875 1777 984 1811 captavit
999 1785 1045 1803 na-

262 1811 329 1838 ribus
343 1820 431 1838 auras.

262 1819 329 1839 ηιηιι
343 1820 431 1839 auras.

373 1847 447 1885 {\ld.,
463 1856 507 1885 cur
523 1847 645 1885 tibigalii
661 1847 777 1885 cursibj.
790 1880 810 1885 __
919 1881 924 1885 _
1003 1880 1009 1885 ι
1028 1880 1033 1885 _

295 1881 358 1943 40%.
371 1880 506 1943 J'uvenalis
515 1888 565 1910 sat.
575 1882 619 1916 14,
630 1890 700 1910 vers.
710 1882 774 1915 246,
784 1880 854 1909 Nota
861 1880 1046 1909 mathematicis

295 1925 337 1943 1188
348 1926 361 1943 8
387 1925 430 1943 ua.

281 1922 361 1944 (⁷118818
377 1922 430 1944 tua.

263 1926 361 1953 genesis
377 1926 430 1944 tua.

280 1952 359 1988 Vallo.
377 1952 453 1985 Ald,,
469 1952 539 1984 Οἱς..
564 1960 610 1983 cur
635 1954 703 1988 jam.
727 1951 862 1988 Plerique,
878 1952 996 1988 cuijgm,
1020 1954 1048 1988 et

262 1987 347 2020 glossa
362 1988 394 2014 ad
409 1995 483 2015 oram
499 1988 613 2020 Widm.,
634 1985 675 2014 cui
689 1987 761 2022 genio
777 1985 834 2014 licet
848 1985 1047 2022 nolle."l‘ertul-

263 2023 350 2050 lianus
360 2030 421 2058 cap.
437 2023 453 2050 6
469 2023 570 2058 Apolog
584 2032 590 2049 ε
607 2020 888 2056 Νιιιιίνειὶρὶοιὶεεὶηιί
900 2021 998 2058 legum,
1026 2024 1049 2046 et

263 2056 426 2089 paternorum
456 2056 628 2085 institutorum
648 2061 813 2090 protectores,
837 2062 861 2082 et
878 2056 971 2082 ultores
994 2063 1048 2082 res-

264 2092 400 2124 pondeant,
413 2092 499 2124 velim,
511 2093 541 2118 de
550 2100 597 2119 sua
605 2091 666 2125 (ide,
680 2095 703 2118 et
714 2091 818 2123 honore,
830 2095 853 2117 et
862 2090 978 2124 obsequio
989 2098 1049 2125 erga

264 2128 391 2160 majorum
407 2128 532 2159 consulta,
544 2128 565 2152 si
576 2134 591 2152 a
605 2125 676 2152 nullo
686 2125 864 2154 desciverunt?

298 2160 360 2187 “2.
378 2160 473 2188 Florus
487 2169 502 2189 a
513 2168 575 2195 rege
586 2160 698 2187 Romulo
714 2160 740 2187 in
755 2160 886 2190 Cursarem
901 2160 1048 2193 Augustum

265 2195 446 2230 septingentos
465 2194 555 2224 annos
564 2200 702 2227 numerat;
724 2194 770 2225 alii
783 2196 965 2230 septingentos
988 2199 1049 2222 octo

265 2237 349 2256 annos
363 2231 470 2258 circiter
481 2235 630 2259 recensent.

299 2264 438 2301 414εγΑ1ἀ.
456 2266 523 2299 Gis.,
544 2267 653 2298 Weitz.,
669 2265 769 2301 imperii
779 2269 801 2292 et
822 2273 887 2300 qum.
900 2264 982 2293 Abest
997 2270 1021 2292 et
1034 2271 1048 2291 a

266 2300 343 2327 codd.
358 2300 506 2329 lleinsianis
516 2307 542 2328 et
554 2301 662 2329 nostris.

1097 1670 1174 1701 quina
1185 1668 1299 1703 fastigia,
1323 1672 1376 1695 etc.
1403 1667 1441 1694 De
1460 1667 1617 1703 insignibus,
1633 1667 1750 1703 fascibus
1760 1671 1788 1694 et
1797 1673 1884 1703 secu-

1098 1705 1171 1732 ribus
1185 1701 1273 1731 Livius
1287 1703 1335 1731 lib.
1351 1710 1390 1735 Ill,
1406 1709 1465 1736 cap.
1482 1702 1515 1730 36
1528 1711 1535 1729 :
1551 1701 1614 1729 Cum
1628 1702 1663 1729 ita
1675 1702 1771 1737 priores
1783 1702 1884 1729 decent.

1097 1740 1144 1765 uiri
1165 1744 1318 1771 servassent,
1338 1742 1365 1764 ut
1381 1745 1446 1764 unus
1466 1737 1547 1771 fasces
1560 1737 1673 1770 haberet,
1687 1742 1709 1764 et
1724 1737 1772 1763 hac
1785 1737 1885 1772 insigne

1099 1775 1197 1809 regium
1211 1774 1238 1800 in
1252 1773 1335 1800 orbem
1349 1781 1421 1809 suam
1432 1773 1647 1809 cujusqueroicem
1669 1780 1714 1809 per
1724 1780 1810 1809 omnes
1823 1771 1885 1804 iret,

1099 1806 1183 1836 subito
1196 1817 1280 1835 omnes
1294 1815 1351 1834 cum
1366 1807 1490 1834 duodenis
1505 1807 1616 1842 fascibus
1637 1807 1762 1842 prodiere.
1775 1806 1886 1834 Centum

1098 1844 1187 1878 viginti
1203 1843 1303 1870 lictores
1318 1843 1403 1878 forum
1424 1842 1601 1877 impleverant,
1614 1841 1641 1869 et
1650 1841 1762 1877 fascibus
1782 1850 1886 1869 secures

1097 1878 1210 1913 illigatas
1222 1878 1400 1913 pratferebant.

1151 1914 1196 1941 ‘25.
1212 1911 1290 1948 Egm.
1305 1917 1440 1948 corrupte,
1453 1913 1623 1948 doctorispro
1637 1912 1795 1948 ductoribus.
1806 1911 1887 1940 Anno

1100 1949 1178 1977 Urbis
1191 1947 1246 1976 504
1256 1948 1350 1975 iterum
1362 1947 1465 1977 duobus
1479 1947 1633 1975 consulibus
1646 1947 1788 1983 imperium
1806 1955 1888 1976 man-

1099 1985 1189 2011 datttm
1204 1987 1254 2013 est.

1133 2019 1197 2046 426.
1213 2018 1275 2045 Post
1288 2017 1360 2044 hunc
1373 2024 1477 2043 versum
1489 2024 1504 2043 a
1520 2016 1656 2045 nonnullis
1666 2016 1813 2045 collocatur
1822 2024 1889 2045 ver-

1099 2061 1145 2080 sus
1155 2054 1217 2085 42L
1233 2052 1343 2081 Consule
1357 2051 1486 2080 nobilitas.

1138 2089 1201 2116 427.
1215 2087 1408 2115 Triumviratus
1424 2086 1546 2118 Caesaris,
1560 2086 1652 2121 Lepidi
1664 2091 1693 2114 et
1706 2087 1826 2119 Antonii.
1840 2095 1893 2115 cst-

1097 2126 1144 2160 jus
1164 2123 1285 2160 atrocitas
1305 2122 1369 2160 nihil
1389 2122 1415 2147 in
1431 2129 1457 2147 se
1480 2122 1564 2160 minus
1577 2122 1653 2160 habet
1664 2130 1741 2156 quam
1755 2130 1894 2160 numerum

1101 2156 1200 2187 'cmtum
1210 2156 1379 2192 quadraginta
1386 2160 1530 2182 senatorum
1542 2156 1785 2192 (proscriptorum).
1796 2157 1895 2185 Exitus

1102 2194 1186 2230 f¢4i,_
1196 2191 1289 2230 truces,
1309 2191 1474 2230 miserabiles,
1490 2196 1544 2230 etc.
1560 2191 1654 2219 Florus
1668 2192 1713 2219 lib.
1729 2191 1768 2226 tv,
1782 2199 1845 2228 cap.
1861 2193 1895 2221 5.

1136 2228 1200 2255 429.
1217 2227 1293 2254 Prior
1307 2226 1392 2258 Rott.,
1409 2227 1559 2260 reprendere
1572 2231 1678 2253 rectum.

1137 2263 1201 2291 450.
1216 2262 1273 2290 Gis.
1290 2261 1322 2287 ad
1343 2268 1440 2294 marg.,
1456 2261 1599 2288 diademate
1614 2262 1683 2289 texit.
1701 2261 1766 2290 Item
1790 2262 1899 2290 Ciseli-

1103 2307 1152 2325 nus
1179 2299 1214 2325 ita
1244 2296 1392 2330 catalogutn
1416 2295 1509 2323 harum
1530 2297 1705 2324 mutationum
1732 2296 1899 2326 ordinavit:

735 2336 762 2362 in
785 2340 865 2368 parte.
882 2334 921 2363 De
936 2335 977 2362 bis
1001 2342 1051 2362 tm-
1063 2320 1090 2351 D

266 2370 331 2404 perii
348 2370 459 2397 Romani
481 2372 670 2399 mutationibus
693 2371 750 2405 lege
774 2370 882 2397 Florum
897 2374 923 2405 et
941 2369 1051 2405 Joannis

267 2405 398 2432 Camertis
411 2406 606 2439 adnotationes,
628 2407 672 2440 qui
689 2404 803 2433 breviter
816 2405 884 2432 alios
898 2404 1050 2439 historicos,

267 2447 312 2470 aut
322 2441 519 2468 consentientes
534 2446 578 2467 aut
590 2441 788 2473 dissentientes,
803 2441 911 2468 indicat.

301 2475 364 2502 417.
381 2475 466 2511 Reges
480 2483 549 2503 anno
564 2476 642 2503 Urbis
663 2476 778 2503 condita
789 2475 841 2502 245
853 2474 892 2504 vel
903 2474 955 2502 254
970 2475 1056 2502 exacti

268 2515 340 2540 sunt.
356 2511 533 2545 consulesque
544 2515 607 2537 tunc
621 2511 713 2537 creati.

302 2546 365 2573 418.
378 2546 454 2575 Anno
465 2544 516 2573 38']
531 2546 573 2573 lex
587 2546 639 2572 lata
657 2550 708 2574 est,
722 2549 750 2571 ut
771 2544 839 2571 alter
850 2544 969 2572 consule
980 2544 1057 2578 plebe

268 2585 414 2615 crearetur,
422 2588 481 2615 qua:
488 2588 558 2612 anno
568 2580 619 2608 309
633 2585 722 2614 rogata
737 2580 834 2606 fuerat.
847 2580 884 2606 De
897 2580 981 2615 primo
991 2587 1056 2606 con-

268 2616 336 2646 sule.
354 2613 462 2643 homine
476 2623 555 2648 novo,
571 2616 601 2642 L.
618 2613 708 2642 Sextio
721 2615 746 2640 id
764 2614 886 2647 intelligit
898 2613 1052 2648 Grnngmus;

269 2652 302 2677 de
323 2651 435 2678 tribunis
452 2651 537 2684 plebis
559 2658 628 2678 anno
643 2649 695 2676 “259
710 2649 744 2676 ob
767 2649 945 2675 sccvssionent
972 2649 1055 2682 plebis

269 2686 366 2712 creatis
389 2686 598 2718 Chatnillardus,
621 2684 692 2719 quod
715 2684 804 2710 verius
820 2688 861 2709 cst
884 2688 912 2710 ut
931 2691 963 2710 ex
978 2690 1052 2718 seqq.

270 2725 350 2754 patet,
366 2720 489 2754 Displicet
500 2721 540 2747 hic
551 2721 632 2748 sul-ito
643 2725 733 2750 status,
745 2723 797 2745 etc.

304 2755 368 2781 421.
385 2752 432 2782 Hic
447 2763 540 2783 versus
555 2764 568 2782 a
585 2755 644 2782 Vat.
662 2755 695 2787 A,
708 2755 797 2787 Egm.,
813 2753 914 2782 0ron.,
931 2752 1060 2778 Rottend:

270 2789 389 2824 rejicitur
403 2795 464 2824 post
478 2798 586 2818 versum
603 2789 710 2817 Publica
729 2797 778 2815 res.
794 2788 855 2815 Ald.
874 2788 943 2814 male
962 2787 1057 2814 distin-

270 2824 327 2859 guit
339 2822 418 2856 plebs,
432 2824 488 2856 ﬁsa.

306 2858 370 2890 623.
393 2859 539 2887 Decemviri
554 2868 621 2887 anno
636 2860 712 2887 Urbis
736 2859 784 2886 501
809 2858 915 2886 circiter
931 2865 977 2893 pro
993 2865 1056 2885 con-

1106 2377 1173 2395 anna
1186 2368 1217 2394 ab
1230 2365 1297 2394 Urbe
1306 2365 1407 2392 condita
1421 2373 1512 2392 ccxt.v.
1524 2365 1645 2394 Consules
1658 2371 1681 2393 et
1694 2365 1822 2395 senatores
1835 2375 1902 2396 rima

1108 2404 1216 2431 tribunis
1233 2402 1312 2436 plebis
1334 2400 1581 2436 cetxtuDeccmvit-i
1594 2401 1642 2428 soli
1657 2409 1746 2430 cccnt.
1767 2402 1905 2431 Consules

1110 2440 1186 2466 etiam
1199 2446 1212 2464 e
1224 2434 1295 2472 plebe
1315 2443 1400 2472 ccc".
1418 2434 1563 2472 ‘Triumviri
1595 2441 1654 2472 post
1673 2436 1782 2464 Cesaris
1806 2445 1905 2465 necem

1111 2470 1311 2501 toccxttaSolus
1337 2470 1453 2497 Octavius
1477 2478 1611 2498 toccxxttt.
1637 2471 1795 2505 Concludit,
1819 2479 1907 2501 recte

1111 2509 1184 2535 illum
1201 2514 1307 2543 versum
1330 2505 1439 2531 Consule
1460 2505 1579 2532 nobilitas
1602 2513 1634 2533 co
1650 2507 1708 2534 loco
1728 2507 1790 2542 poni
1802 2515 1860 2543 quo
1885 2516 1908 2536 ι

1109 2544 1186 2570 nobis
1202 2547 1242 2570 est
1253 2542 1378 2568 insertus.

1144 2578 1206 2605 451.
1222 2576 1365 2604 Suetonius
1374 2581 1431 2607 cap.
1443 2574 1509 2601 58in
1524 2575 1659 2610 Augusto:
1673 2576 1783 2603 Senatus
1797 2581 1822 2603 le
1831 2585 1906 2604 can-

1108 2613 1219 2639 senlt’ens
1232 2619 1287 2636 cum
1302 2610 1394 2645 populo
1405 2609 1518 2645 Romano
1526 2609 1666 2637 consalutat
1677 2612 1766 2645 patri.
1779 2611 1908 2641 Patrem.

1146 2647 1211 2674 455.
1224 2644 1401 2682 Λιιαυτιυεριι
1410 2644 1599 2682 ractn_ingentia
1613 2644 1726 2682 dictator
1739 2652 1910 2682 perpetuus.

1111 2688 1137 2709 ct
1152 2682 1229 2718 Pater
1244 2680 1340 2718 patriae
1351 2679 1447 2718 dictus.
1466 2679 1617 2718 Tractatum
1640 2681 1720 2718 e:iam
1740 2679 1771 2709 in
1787 2679 1910 2718 senatu;

1110 2725 1142 2743 an
1157 2717 1217 2748 quia
1236 2714 1397 2752 condidisset
1421 2715 1571 2752 imperium,
1592 2715 1721 2743 Romulus
1744 2714 1912 2746 vocaretur;

1110 2752 1161 2778 Sed
1177 2750 1292 2787 sanctius
1300 2754 1326 2775 ct
1336 2749 1501 2787 reverentius
1513 2749 1597 2787 visum
1612 2757 1650 2777 cst
1663 2759 1759 2787 nomen
1773 2753 1914 2787 Augusti,

1111 2793 1136 2813 I:l
1149 2786 1249 2812 SCllll‘el
1266 2784 1320 2818 jam
1335 2788 1400 2814 Iutn,
1417 2783 1478 2820 (lunt
1494 2785 1556 2820 colit
1570 2790 1664 2819 terras,
1676 2786 1734 2819 ipso
1749 2783 1858 2815 nomine
1875 2783 1921 2820 ei

1112 2822 1187 2848 titttlo
1202 2817 1413 2847 consecraretur.
1427 2817 1493 2844 Vide
1510 2818 1615 2847 Florum
1635 2817 1662 2847 in'
1675 2817 1727 2850 tiae
1744 2822 1815 2852 llist,

1150 2855 1209 2883 436.
1228 2854 1323 2887 Aldus,
1338 2861 1427 2888 (rgno;
1440 2853 1496 2886 lcgc
1511 2862 1585 2889 tt'gre.
