4052 6184
280 277 384 331 213

284 491 389 546 ιω
461 489 770 553 Gratcmur,
832 491 941 558 jam
996 503 1102 544 non
1150 488 1390 545 dubitat:
1446 506 1568 546 nam
1642 491 1852 548 subdita

1553 580 1788 655 [Christo

456 667 634 722 Servlt
661 666 830 722 Roma
859 667 989 735 Deo,
1018 667 1190 724 cultus
1217 683 1380 725 exosa
1410 669 1638 740 priores.

456 759 621 830 800
652 758 878 814 Romam
907 758 1030 814 dico
1057 760 1229 827 viros,
1261 775 1398 832 quos
1423 770 1656 818 mentem
1681 761 1858 818 credi~

1460 851 1602 922 [mus
1627 851 1788 908 Urbis

462 942 575 997 Non
601 941 839 1011 genium,
882 939 1036 1009 cujus
1074 940 1268 996 frustra
1317 942 1600 996 simulatur
1656 943 1852 1013 imago.

469 1036 782 1102 Quanquam
827 1047 924 1087 cur
981 1031 1192 1101 genium
1247 1031 1430 1088 Roma:
1483 1031 1614 1089 mihi
1662 1034 1857 1104 ﬁngitis

1566 1121 1788 1196 [unuuti

466 1214 596 1270 Cum
619 1214 803 1284 portis,
830 1211 1098 1281 domibus,
1125 1211 1372 1279 thermis,
1392 1214 1616 1270 stabulis
1641 1215 1858 1270 soleatis

465 1306 749 1372 Assignare
776 1318 901 1359 suos
929 1303 1149 1373 genios?
1176 1319 1378 1374 perque
1404 1305 1582 1359 omnia
1617 1305 1855 1360 membra

460 1395 638 1461 Urbis,
674 1409 873 1464 perque
899 1393 1067 1456 locos,
1092 1395 1370 1464 geniorum
1401 1394 1563 1448 miliia
1591 1395 1758 1448 multa

458 1486 708 1556 Fingere,
762 1501 831 1540 ne
882 1487 1096 1554 propria
1151 1494 1304 1540 vacet
1347 1486 1575 1556 angulus
1623 1485 1761 1540 ulltts
1789 1485 1858 1540 ab

1535 1577 1744 1650 [umbra
1761 1578 1786 1631 ἲ

458 1670 663 1733 Restat,
695 1676 834 1720 utet
881 1665 1045 1721 fatum
1089 1665 1278 1721 similis
1327 1666 1595 1722 dementia
1645 1669 1854 1724 cunctis

459 1758 690 1814 Edibus
716 1757 993 1828 imponat:
1025 1757 1201 1828 paries
1223 1765 1279 1813 ut
1320 1757 1544 1828 quisque
1584 1759 1683 1813 sub
1709 1769 1853 1814 astro

285 1217 393 1272 “5

288 1761 387 1816 £50

1381 284 1576 341 LIBER
1619 285 1660 342 ll
1697 287 1965 344 CONTRA
2007 287 2456 349 SYMMACHUM.

462 397 706 465 ignorata
732 396 880 466 prius
905 396 1142 464 sibimet,
1165 397 1485 470 tandemque
1511 403 1749 458 retecta?
1884 407 1932 465 Α

1960 855 2030 911 45

2033 856 2067 910 5

3428 307 3530 363 2H

2142 404 2439 473 Fundatus,
2469 416 2808 483 structusque
2834 427 3065 485 suo,qua
3097 429 3239 474 sorte
3272 434 3528 491 maneret,

2139 497 2301 568 801
2350 497 2571 566 Quando
2610 509 2787 558 autem
2819 518 3026 574 rueret,
3061 510 3241 576 primis
3270 515 3532 582 acceperit

2137 676 2426 734 Aseribunt
2462 681 2606 737 saxis
2639 683 2890 742 Lachesis
2913 687 3054 745 male
3085 689 3238 746 fortia
3265 601 3462 764 giliis.

2137 767 2532 841 Tectorumque
2556 774 2735 830 trabes
2760 776 2891 833 fusis
2913 782 3145 848 pendere
3164 786 3352 840 rotatis

2139 857 2408 930 Cretlunt,
2442 873 2602 934 atque
2639 866 2767 934 ipsis
2800 869 3035 925 tribuunt
3064 873 3274 930 decreta
3310 877 3526 947 tigillis:

2136 948 2245 1003 Ceu
2276 950 2457 1018 distet,
2486 955 2640 1024 cujus
2664 957 2832 1014 stella:
2861 960 2930 1016 sit
2961 961 3197 1019 fraxinus
3217 975 3337 1022 ortu

2140 1037 2296 1092 Eruta
2336 1085 2350 1108 ,
2411 1057 2530 1112 qua:
2601 1059 2866 1102 summum
2923 1055 3305 1110 conscenderet
3366 1059 3527 1116 ardua

3226 1147 3456 1202 culmen.

3226 1147 3456 1202 culmen.

2137 1218 2377 1297 Denique
2426 1223 2567 1279 nulla
2618 1226 2892 1284 hominum
2933 1245 3022 1288 res
3060 1243 3160 1300 est,
3191 1144 3344 1290 [nulla
3391 1238 3528 1291 actio

3230 1325 3458 1398 [mundi,
3613 1307 3617 1312 .

2135 1397 2230 1452 Cui
2264 1416 2369 1455 non
2403 1401 2613 1458 fatalem
2646 1417 2943 1464 memorent
2973 1410 3279 1468 incumbe'e
3306 1425 3525 1470 Sortem.

1959 1487 2067 1544 460
2138 1488 2268 1556 Quae
2288 1491 2409 1560 quia
2431 1496 2779 1566 constituunt,
2798 1499 2995 1565 dicant,
3014 1517 3108 1557 cur
3127 1504 3337 1558 condita
3359 1507 3425 1560 sit
3447 1507 3526 1562 lex

2139 1580 2226 1634 Bis
2245 1596 2342 1636 sex
2369 1583 2420 1637 in
2448 1584 2641 1640 tabulis
2671 1603 2684 1640 :
2709 1596 2800 1642 aut
2819 1603 2915 1643 cur
2935 1591 3144 1646 rubrica
3170 1593 3422 1656 ιηὴηιιιιτ.

2141 1672 2271 1738 Quae
2293 1675 2534 1741 prohibet
2558 1693 2779 1746 peccare
2804 1695 2945 1748 reos,
2970 1697 3101 1751 quos
3129 1683 3297 1738 ferrea
3323 1685 3424 1740 fata

2137 1765 2347 1835 Cogunt
2373 1767 2437 1820 ad
2468 1767 2692 1837 facinus,
2714 1779 2768 1826 et
2796 1771 3096 1829 inevitabile
3121 1784 3384 1844 mergunt.

1583 1869 1871 1928 GLOSS/E
1913 1874 2254 1935 VETERES.

351 1989 472 2044 ΗΟ.
496 1989 802 2043 Gratemur.
835 2003 926 2057 pro
945 1985 1284 2054 gratulemur,
1317 1987 1354 2038 Ι.

289 2069 298 2080 '
348 2061 474 2111 Alfi.
506 2059 770 2124 'Iltcrmis,
801 2055 1014 2110 balneis.
1065 2057 1400 2119 -T:Ibnlis,
1448 2055 1690 2124 tabernis,
1737 2057 1848 2111 loca

289 2131 562 2192 tabularia,
593 2129 633 2181 Ι.

350 2199 476 2252 4-H.
507 2197 764 2259 Membra,
795 2197 980 2250 moenia
1001 2238 1016 2262 ,
1047 2197 1086 2251 Ι.

348 2269 474 2324 459..
506 2267 806 2336 Acceperit,
837 2267 1040 2336 quando
1070 2274 1220 2336 natus
1249 2267 1365 2334 fuit,
1398 2266 1500 2321 lso.

349 2339 470 2394 453.
501 2335 758 2393 Lachesis
780 2377 798 2403 ,
831 2335 1066 2390 Lachesis
1089 2378 1104 2400 ,
1132 2335 1280 2391 Clota
1305 2379 1319 2401 ,
1359 2337 1575 2404 Atropos
1599 2377 1614 2400 ,
1646 2337 1854 2391 nomina

283 2422 390 2460 Sunt
411 2409 701 2464 Fatorum:
731 2425 832 2463 una
858 2409 1024 2462 colum
1045 2416 1196 2476 tenet,
1223 2407 1328 2460 alia
1353 2407 1528 2474 trahit,
1550 2409 1693 2460 tertia
1717 2424 1856 2461 rum-

287 2481 376 2546 pit,
409 2479 447 2534 Ι.

2031 1993 2160 2046 457.
2192 1992 2375 2055 Erttta,
2408 1994 2596 2059 diruta,
2633 1995 2670 2050 l.

2025 2062 2151 2114 Mill.
2179 2064 2534 2128 (fonstilttunt,
2559 2067 2758 2132 darent,
2793 2067 2895 2120 lso.

2026 2132 2150 2186 Mil.
2190 2133 2415 2207 liubrica
2435 2176 2458 2207 ,γ
2481 2152 2659 2188 nomen
2691 2138 2812 2207 legis
2832 2177 2847 2201 ,
2881 2140 2988 2200 lex,
3020 2141 3151 2193 lium
3189 2143 3525 2194 armentario-

1958 2219 2100 2267 rum,
2132 2204 2309 2277 quibus
2352 2206 2601 2277 aspiciunt
2642 2223 2706 2258 an
2738 2204 2814 2260 sit
2851 2218 2984 2260 recta
3022 2211 3131 2277 ipsa
3160 2211 3399 2265 maceries
3420 2251 3433 2276 ,
3462 2227 3528 2264 an

1960 2288 2097 2348 non;
2111 2275 2228 2348 Δδίει-ζ
2245 2291 2337 2342 pro
2367 2275 2475 2348 lege
2502 2277 2726 2348 ponitur,
2754 2289 2839 2328 aut
2858 2275 3078 2348 judicio,
3104 2281 3141 2334 Ι.

2030 2342 2156 2396 462.
2190 2342 2588 2408 Ferrea,'dura,
2618 2345 2658 2398 I.

2029 2411 2157 2468 465.
2190 2414 2518 2480 luevilabile,
2547 2414 2732 2470 scilicet
2759 2417 3087 2486 supplicium,
3122 2418 3157 2471 l.

1615 2567 2178 2626 COMMENTARIUS.

347 2705 473 2759 ul.
506 2704 732 2758 Veteres
759 2719 903 2770 saepe
937 2704 1051 2760 lure
1077 2705 1180 2759 duo
1213 2705 1608 2773 conjungebant
1629 2706 1856 2761 Christus

289 2774 438 2837 Deus,
467 2783 525 2828 et
558 2776 753 2842 szrpius
793 2776 842 2828 id
868 2776 1097 2830 OCCI'I'«ll
1143 2775 1279 2844 apud
1328 2789 1590 2830 nostrum.
1634 2777 1856 2831 Militare

284 2846 708 2899 Christianoruztt
763 2854 1154 2899 sacramentum
1208 2845 1258 2897 id
1306 2844 1534 2900 refertur
1563 2862 1590 2899 a
1634 2846 1854 2909 Vegetio

285 2916 372 2967 l-b.
402 2931 463 2977 tt,
495 2931 622 2982 cap.
656 2916 688 2968 5
714 2934 726 2968 :
756 2914 943 2968 Jurant
972 2928 1140 2968 autem
1167 2931 1254 2984 per
1303 2915 1484 2978 Deum,
1513 2924 1561 2970 et
1587 2933 1675 2982 per
1704 2917 1856 2970 Chri-

282 2996 432 3044 stum,
455 2996 506 3037 et
549 3002 639 3053 per
671 2986 919 3051 Spiritum
960 2997 1207 3056 sanctum,
1234 2995 1279 3038 et
1305 3001 1389 3050 per
1421 2990 1734 3056 umjesfqtem
1758 2989 1854 3040 iut-

284 3056 613 3119 ιιιταιονὶαιη,
639 3071 752 3124 qum
774 3057 1049 3108 secundum
1080 3055 1242 3108 Deum
1266 3057 1436 3124 generi
1471 3055 1693 3110 humano
1732 3057 1852 3110 dili-

283 3125 445 3192 genda
478 3136 523 3178 et
568 3127 781 3178 colenda
826 3135 918 3178 est.
948 3126 1078 3192 Qum
1132 3125 1290 3179 verba
1322 3126 1560 3180 nonnulli
1601 3127 1739 3180 male
1781 3128 1849 3180 ita

284 3195 520 3266 referunt
558 3195 710 3266 :rl’cr
737 3195 900 3248 Deum
923 3195 1199 3260 Christum,
1237 3206 1282 3248 et
1307 3195 1559 3266 Spiritum
1597 3205 1849 3261 sanctum,

285 3276 336 3316 ut
357 3265 425 3317 ad
462 3265 734 3320 l’rudentii
763 3266 923 3319 verba
949 3267 1370 3319 accommodent.
1399 3265 1452 3318 lu
1485 3266 1851 3332 inscriptioni-

287 3337 378 3384 Ιριις
406 3345 501 3387 ant
525 3336 648 3403 quis
675 3337 934 3403 reperitur
969 3336 1130 3389 etiam
1173 3335 1274 3388 hoc
1297 3347 1667 3404 argumentum
1716 3337 1855 3390 divi-

281 3406 468 3459 nitatis
511 3406 707 3459 Christi
753 3405 1006 3460 adversus
1061 3407 1380 3460 Arianorum
1424 3405 1692 3461 bmresim.
1751 3406 1854 3460 Lu-

285 3479 401 3532 lius
441 3477 684 3542 epitaph.
731 3474 790 3530 S.
831 3476 1043 3531 Severa:
1099 3475 1497 3544 inscriptimtem
1541 3476 1781 3529 Crmcam
1822 3491 1851 3527 e,

1959 2706 2310 2762 Censorinum
2333 2705 2402 2761 de
2430 2705 2525 2760 Die
2557 2706 2734 2760 natali.

2033 2775 2159 2831 445.
2189 2777 2314 2829 Rat.
2342 2788 2391 2829 et
2424 2777 2508 2828 lso
2535 2777 2708 2830 minus
2735 2776 2891 2840 bene,
2917 2775 3098 2830 tabulis
3124 2779 3346 2835 soleatis.

2027 2846 2154 2899 446.
2185 2845 2411 2898 Membra
2437 2846 2587 2901 Urbis
2609 2847 2764 2900 etiam
2789 2846 3248 2904 dixitAmmianus
3276 2851 3368 2905 lib.
3396 2866 3480 2904 xVI
3508 2870 3519 2904 :

1961 2915 2154 2988 Deinde
2197 2917 2333 2968 intra
2355 2926 2541 2988 septem
2573 2918 2814 2988 montium
2840 2919 3060 2972 culmina
3086 2935 3172 2988 per
3197 2922 3520 2980 acclivitates.

1955 2985 2312 3056 planitiemque
2337 2987 2503 3055 posita
2528 2987 2667 3039 urbis
2690 2989 2912 3042 membra
2932 2985 3258 3054 collustrans,
3281 3002 3383 3044 etc.
3407 2991 3523 3046 Non

1957 3066 2133 3110 autem
2161 3065 2286 3108 sunt
2313 3057 2530 3117 somnia,
2565 3066 2617 3109 ut
2649 3057 2722 3110 ait
2748 3059 2847 3122 lso,
2880 3058 2972 3112 sed
2995 3070 3168 3124 partes
3201 3061 3378 3116 Urbis.

2031 3128 2155 3200 ιω.
2203 3126 2491 3200 lllariettus
2516 3127 2617 3179 hoc
2662 3127 2777 3178 loco
2805 3129 3030 3182 advertit
3078 3131 3127 3182 ln
3160 3130 3279 3185 Rat.
3311 3145 3524 3200 Semper

1959 3197 2118 3268 scribi
2151 3197 2305 3268 milia;
2339 3211 2444 3268 uno
2473 3195 2512 3259 ι,
2538 3211 2655 3261 quae
2687 3206 2826 3250 recta
2868 3210 2948 3252 est
2973 3200 3240 3254 scribendi
3284 3195 3443 3268 ratio,
3467 3213 3521 3257 et

1959 3267 2138 3320 multis
2169 3266 2336 3330 magis
2363 3266 2535 3334 placet
2561 3281 2715 3333 quam
2743 3269 2924 3322 millia.

2027 3335 2160 3390 449.
2196 3337 2340 3397 Ald.,
2372 3352 2476 3389 non
2501 3347 2665 3402 recte,
2697 3337 2876 3390 similis
2897 3339 3176 3393 clementia.

2029 3407 2154 3458 452.
2198 3404 2310 3459 Pal.
2342 3407 2528 3460 scribit
2556 3408 2660 3460 oris
2691 3423 2786 3471 pro
2816 3410 2972 3461 horis.
3073 3462 3078 3466 .

2029 3475 2154 3530 453.
2178 3476 2233 3530 lu
2264 3476 2437 3542 glossa
2469 3477 2830 3531 hexametrmn
2860 3478 3092 3543 invenio,
3121 3481 3163 3532 si
3195 3479 3352 3532 verba
3379 3492 3524 3535 recte

284 3517 815 3600 iuuseo'Kirlteriano
846 3547 1062 3616 profert,
1095 3546 1179 3600 ttbi
1205 3517 1391 3613 legitur
1414 3547 1469 3616 in
1504 3544 1607 3616 Deo
1634 3543 1852 3616 Domino
1881 3521 1924 3582 C
1959 3545 2198 3616 legantur
2242 3517 2296 3598 eti
2341 3547 2665 3610 trajieiantur
2699 3565 2710 3599 :
2747 3545 2862 3601 Una
2907 3517 3522 3616 colum’:etinet,lntlr‘alt'i‘l

281 3615 510 3686 Uis-isto.
537 3616 673 3670 Vide
714 3617 871 3671 etiam
915 3615 1202 3681 Gaspnretn
1245 3614 1517 3686 Aloysium
1568 3614 1850 3670 Odericum

283 3685 488 3754 Syllog.
532 3686 780 3752 lnseript.
833 3703 953 3754 pag.
1002 3686 1109 3742 265
1155 3693 1210 3740 et
1235 3701 1376 3753 seq.,
1422 3687 1506 3738 ubi
1539 3695 1715 3739 tamen
1747 3701 1852 3739 non

281 3755 423 3808 bene
462 3755 568 3810 bne
589 3756 746 3809 trahit
767 3756 905 3809 hunc
929 3757 1133 3809 titulum
1163 3771 1229 3810 ex
1244 3757 1552 3814 cmmeterio
1579 3756 1634 3810 S.
1664 3755 1854 3810 Satur-

280 3824 391 3877 nini
431 3841 450 3877 :
502 3833 556 3895 ξ
603 3841 782 3895 PRIMA.
813 3841 966 3879 vtvts.
998 3841 1070 3880 IN.
1101 3841 1308 3895 cLoata.
1341 3842 1448 3880 om.
1479 3841 1568 3878 ετ.
1599 3841 1671 3879 IN.
1693 3841 1854 3895 rites.

279 3893 744 3949 t-outxtft-tos‘rnt.
798 3903 851 3964 ξ
903 3895 1033 3950 Nam
1073 3896 1158 3950 h‘c
1183 3893 1414 3950 Christus
1450 3909 1556 3949 non
1583 3893 1858 3961 conjungi-

279 3974 367 4017 tur
394 3981 530 4020 cum
563 3966 694 4024 Deo.
730 3967 1145 4033 Opportuniores
1173 3977 1293 4019 sunt
1325 3966 1443 4020 alize
1483 3965 1856 4030 inscriptiones

273 4037 421 4105 apud
462 4036 749 4101 Georgium
771 4040 840 4090 de
870 4036 1249 4105 Monogramm.
1275 4035 1468 4090 Christi
1501 4035 1706 4088 Domini
1733 4049 1852 4102 cap.

273 4103 308 4153 οι
379 4106 769 4161 υιῑιιηουοη
820 4121 970 4160 νινΑε
1014 4103 1064 4160 tu
1113 4123 1214 4160 nso
1241 4113 1313 4175 ξ.
1344 4118 1856 4159 -οιηιΑιιινινΑειΝ

275 4189 380 4230 om
407 4183 485 4244 ςξ.
526 4207 600 4216 -
624 4191 710 4232 ulc
738 4191 889 4231 uer-:1-
916 4175 1223 4231 Ptnre'rvvs
1266 4192 1316 4230 IN
1359 4175 1586 4230 Cuntsro
1612 4191 1712 4229 nso
1739 4189 1856 4228 svo.

344 4246 483 4300 Mi.
541 4246 618 4300 De
673 4247 843 4315 geniis
888 4256 1124 4302 veterum
1177 4246 1325 4300 multi
1373 4246 1738 4314 scripserunt:
1792 4247 1859 4300 de

276 4332 385 4379 q-tu
445 4327 773 4383 argumento
833 4316 1037 4383 librum
1085 4317 1154 4370 ab
1206 4315 1557 4370 Emmanuele
1626 4315 1859 4368 Navarro

272 4386 488 4439 editum
514 4380 710 4440 laudat
737 4380 1045 4440 Emmanuel
1071 4387 1322 4440 Martinus
1354 4386 1446 4440 lib.
1477 4401 1546 4449 tv,
1585 4387 1739 4452 epist.
1768 4387 1856 4440 10.

277 4455 722 4510 Elmenhorstius
761 4455 809 4508 in
865 4455 1156 4511 Arnobium
1204 4471 1321 4524 pag.
1374 4455 1461 4523 14,
1518 4455 1774 4510 Ileraldus
1805 4458 1857 4510 in

273 4525 586 4580 Arnobium
613 4540 733 4595 pag.
760 4525 854 4595 40,
873 4525 1177 4595 Lactantius
1207 4526 1297 4580 lib.
1330 4541 1384 4587 ll,
1415 4541 1530 4591 cap.
1562 4527 1647 4588 15,
1671 4534 1726 4578 et
1745 4525 1860 4593 ejus

272 4597 618 4664 interpretes
659 4597 808 4662 plura
845 4594 1044 4650 habent
1071 4599 1138 4649 de
1162 4596 1350 4664 geniis.
1385 4595 1632 4650 Barthius
1659 4595 1754 4650 lib.
1789 4611 1859 4650 LII

272 4667 448 4730 Adv.,
483 4680 607 4732 cap.
641 4665 708 4719 12
736 4667 950 4733 ecpiuse
976 4666 1189 4721 disserit
1218 4669 1283 4720 de
1309 4666 1478 4734 geniis
1505 4676 1766 4725 veterum.
1793 4667 1860 4720 de

271 4735 479 4790 borum
509 4737 566 4788 iu
601 4736 666 4788 iis
688 4735 1224 4805 colendisreligioue,
1256 4737 1424 4799 cultu,
1457 4734 1855 4803 superstitione,

270 4807 338 4859 de
365 4805 666 4875 geniorum
687 4817 886 4875 etymo,
925 4804 1243 4875 frequentia,
1277 4805 1564 4867 habilibus,
1591 4805 1659 4858 de
1684 4806 1856 4869 geniis

1956 3615 2145 3678 altera,
2176 3617 2322 3668 tertia
2358 3617 2567 3680 rumpit.

2025 3683 2148 3740 454.
2177 3685 2305 3754 Ald.
2330 3699 2432 3737 uou
2462 3686 2616 3747 bene,
2649 3695 2995 3754 rectarumque
3020 3688 3202 3742 trabes.

2027 3756 2152 3810 455.
2175 3753 2446 3822 Tigillum,
2463 3768 2490 3806 a
2514 3764 2625 3824 tego
2649 3763 2701 3810 et
2723 3753 2937 3825 tignum,
2958 3766 3039 3812 est
3058 3759 3201 3814 trabs
3221 3758 3304 3813 cui
3329 3755 3529 3814 tectum

1959 3825 2266 3879 imponitur.

2347 3893 2390 3947 A
2412 3936 2427 3970 ε
2453 3901 2735 3962 corrupte,
2767 3897 2913 3966 cujus
2941 3897 3092 3950 stillt'.
3142 3895 3263 3950 Ald.
3287 3940 3303 3966 ,
3344 3897 3526 3970 Alex.,

1957 3964 2108 4018 hortu
2136 3980 2155 4018 :
2181 3963 2520 4017 scribendum
2551 3974 2687 4018 ortu.

2028 4037 2154 4090 658.
2195 4034 2444 4090 Petavius
2484 4035 2575 4087 lih.
2611 4049 2668 4087 ιιι
2701 4036 2769 4089 de
2793 4033 2932 4102 Opif.
2962 4077 2978 4102 ,
3017 4048 3134 4104 cap.
3168 4036 3230 4098 7,
3269 4034 3468 4103 optime
3493 4053 3533 4090 a-

1963 4104 2254 4159 Prudt-ntiu
2285 4105 2367 4158 his
2393 4105 2635 4158 versibus
2663 4119 2970 4174 expressum
2997 4105 3100 4170 ait,
3131 4104 3272 4172 quod
3309 4105 3397 4160 fati
3433 4122 3533 4162 ηεσ-

1959 4177 2182 4230 eessitas
2213 4175 2440 4230 libertati
2483 4175 2727 4228 humana:
2753 4175 3038 4230 voluntatis
3066 4174 3392 4239 adversetur,
3424 4179 3525 4232 etsi

1959 4246 2101 4301 hanc
2129 4247 2193 4300 ad
2223 4246 2502 4302 volendum
2531 4246 2726 4315 adigat.
2756 4244 2884 4299 Nam
2907 4245 3229 4299 voluntatem
3258 4246 3320 4298 ad
3343 4247 3533 4302 valeo.

1960 4318 2085 4370 dum
2118 4317 2434 4371 necessitate
2461 4315 2728 4383 compelli,
2765 4317 2986 4380 gentiles
3014 4317 3365 4369 affirmabant.

2032 4387 2156 4439 461.
2203 4386 2365 4448 Leges
2396 4386 2626 4439 rubricas
2655 4386 2941 4451 appellari.
2967 4386 3074 4452 jam
3103 4387 3250 4438 multi
3282 4397 3528 4443 notarunt

1961 4456 2042 4509 vel
2071 4471 2136 4509 ex
2169 4455 2268 4509 hoc
2294 4456 2561 4509 I’rttdentii
2593 4470 2767 4508 versu.
2805 4456 3014 4509 Persius
3041 4464 3141 4508 sat.
3253 4470 3394 4511 vers.
3422 4459 3527 4512 90:

1963 4525 2186 4595 Excepto
2219 4527 2261 4578 si
2287 4526 2410 4588 quid
2421 4524 2641 4595 iMasuri
2663 4524 2872 4595 rubrica_
2887 4527 3100 4595 potavit.
3130 4525 3396 4580 iuvenalis
3426 4538 3528 4581 sat.

1964 4595 2049 4659 Μ,
2073 4593 2214 4649 vers.
2243 4596 2336 4648 191
2367 4612 2380 4646 :
2412 4594 2614 4661 Perlege
2639 4595 2819 4646 rubras
2847 4593 3106 4664 Majorum
3135 4599 3288 4660 teges.
3320 4598 3530 4652 Scilicet

1961 4668 2188 4728 rubr;ca,
2223 4681 2342 4731 qutc
2375 4665 2534 4718 herba
2563 4672 2644 4717 est
2672 4664 2834 4716 minio
2860 4665 3120 4732 proxima,
3158 4666 3299 4733 leges
3324 4667 3530 4721 scribe-

1966 4736 2177 4789 bantur.
2213 4736 2346 4788 lline
2375 4733 2705 4788 rubricarutn
2736 4749 2926 4787 nomen
2966 4735 3017 4786 in
3055 4735 3201 4787 libris
3231 4737 3527 4790 ritttalihus.

1967 4803 2262 4858 llermanus
2283 4805 2432 4870 llugo
2456 4803 2522 4857 de
2550 4803 2717 4870 prima
2738 4801 2953 4872 Origine
2973 4805 3237 4859 scribendi
3262 4819 3380 4872 pag.
3411 4805 3527 4868 105,

268 4873 521 4950 urbium,
555 4873 825 4950 locorum,
853 4877 1166 4950 domorum,
1206 4873 1514 4950 regionum,
1559 4875 1853 4950 hominum,
1888 4892 1935 4950 ι)
1961 4889 2078 4940 cap.
2111 4873 2210 4936 l2,
2241 4875 2397 4950 docet
2436 4873 2845 4950 imperatoribus
2895 4874 3047 4927 valde
3076 4875 3343 4950 familiare
3368 4874 3536 4950 fuisse

265 4948 510 4998 aliarum
554 4960 756 4998 rerum.
800 4945 1046 4998 Affirmat
1101 4946 1374 5014 gentilium
1431 4945 1736 5014 opinionem
1763 4945 1854 5013 qui

265 5015 542 5068 oumibus
575 5016 708 5069 locis
735 5023 791 5068 et
810 5016 1060 5082 operibus
1082 5013 1208 5068 suos
1236 5016 1367 5069 tales
1387 5014 1654 5068 dicmonas
1675 5013 1852 5067 inesse

264 5085 658 5148 autumabant,
692 5084 957 5138 nemiuem
1003 5087 1188 5138 scitius
1238 5085 1524 5138 Prudentio
1549 5084 1852 5139 conlutasse

261 5155 563 5208 luculento
592 5154 694 5207 hoc
723 5155 979 5207 carmine.
1033 5155 1276 5208 Petavius
1324 5165 1453 5207 tom.
1506 5153 1593 5218 Ill,
1649 5153 1741 5207 lib.
1791 5168 1849 5215 ll,

261 5237 392 5292 cap.
431 5224 501 5287 6,
550 5223 851 5290 theologicc
904 5224 1119 5277 tli~serit
1163 5224 1232 5277 de
1279 5224 1443 5277 tutela
1489 5232 1544 5275 et
1588 5221 1847 5286 custodia,

259 5308 431 5361 quam
470 5302 588 5347 tum
623 5295 1235 5357 publiceuniverSurum,
1256 5304 1365 5346 tum
1388 5292 1712 5360 singulorum
1743 5293 1852 5360 pri-

255 5366 436 5417 vatim
506 5363 806 5429 suscipiunt
846 5362 1016 5430 angeli
1066 5380 1079 5414 :
1127 5363 1270 5429 quod
1321 5363 1387 5415 de
1440 5362 1608 5428 geniis
1656 5361 1850 5415 ethnici

254 5431 561 5486 communi
598 5447 864 5486 consensu
906 5432 1280 5500 praedicabant.
1335 5434 1534 5485 Genius
1583 5430 1760 5484 [lutum
1801 5433 1852 5484 in

253 5503 527 5557 nummis
554 5515 698 5570 saape
728 5501 925 5557 dicitur
948 5503 1124 5568 genius
1144 5502 1320 5571 papuli
1354 5500 1602 5571 Romani,
1635 5509 1689 5553 et
1717 5500 1854 5565 apud
1900 5544 1911 5554 .

251 5569 640 5626 Ammianum'
660 5573 840 5640 genius
880 5569 1152 5640 publicus.
1175 5569 1424 5624 Martialis
1467 5569 1560 5623 lib.
1591 5585 1662 5631 vr,
1689 5571 1852 5634 epipr.

250 5643 388 5694 mihi
434 5640 547 5703 41,
575 5639 730 5695 acute
763 5641 935 5693 dixil:
978 5639 1214 5692 Victurus
1240 5643 1444 5709 genium
1495 5640 1633 5692 debet
1677 5639 1855 5709 habere

246 5715 381 5768 liber
413 5728 430 5764 :
461 5725 616 5764 nunc
644 5711 823 5766 dicete
847 5725 1125 5780 possumus
1155 5711 1392 5781 angelum
1421 5710 1694 5765 custodem.
1727 5708 1858 5762 Vide

1959 4952 2213 4996 encausto
2233 4944 2486 5007 scribere,
2512 4942 2564 4995 et
2586 4944 2653 4995 ob
2677 4943 2811 4995 hanc
2831 4957 3042 4996 causam
3073 4943 3182 4998 lere
3199 4942 3374 4996 omnia
3393 4942 3529 5009 juris

1955 5013 2123 5080 (εειι-ιίιίι
2157 5012 2317 5068 fuisse
2355 5013 2567 5066 miniata
2595 5053 2610 5076 ,
2659 5012 2708 5064 id
2736 5013 2873 5078 quod
2906 5013 3062 5067 ﬁebat
3089 5029 3207 5066 eum
3241 5013 3528 5078 majestatis

1959 5093 2066 5136 tum
2093 5082 2252 5135 etiam
2283 5083 2497 5136 terroris
2526 5097 2705 5144 causa,
2731 5091 2790 5134 ut
2817 5097 3004 5144 nempe
3033 5083 3233 5150 legibus
3262 5081 3526 5150 sinopide,

1957 5164 2047 5205 aut
2091 5151 2366 5206 cinnabari
2411 5153 2645 5214 notatis,
2685 5163 2740 5206 et
2787 5149 3127 5221 sanguineum
3171 5149 3418 5221 quiddam
3467 5165 3530 5204 ae

1957 5227 2233 5275 cruentum
2261 5223 2582 5276 minantibus
2606 5223 2853 5287 majestas
2875 5219 3202 5275 accresceret
3237 5237 3248 5270 :
3280 5219 3419 5286 quod
3447 5221 3529 5272 his

1957 5292 2198 5344 versibus
2230 5291 2460 5345 insinuat
2507 5291 2841 5344 Prudcn'ius.
2891 5291 2999 5342 Cur
3022 5299 3197 5341 autem
3230 5289 3412 5340 minari
3445 5289 3524 5343 lex

1957 5363 2163 5414 dicatur
2187 5399 2203 5420 .
2249 5363 2369 5415 vide
2409 5371 2694 5414 comment.
2735 5362 2798 5411 ail
2842 5374 2981 5412 vers.
3028 5359 3164 5418 179,
3201 5357 3304 5410 Lex
3331 5369 3527 5410 armata

1959 5431 2117 5484 sedet.
2171 5429 2244 5482 De
2271 5432 2545 5484 sanctione
2585 5441 2683 5498 qua
2717 5443 2870 5496 [uena
2915 5432 3173 5494 irrogatur
3195 5469 3211 5493 ,
3245 5426 3367 5480 vide
3394 5426 3523 5482 Ant.

1958 5499 2311 5564 Augustinum
2340 5501 2407 5555 de
2438 5499 2616 5568 Legib.

2031 5572 2153 5625 465.
2186 5569 2303 5622 Vat.
2336 5571 2402 5631 A,
2427 5565 2561 5632 Gisi,
2595 5567 2660 5636 ad
2686 5565 2884 5636 [acinus
2911 5575 3116 5636 cogunt.
3145 5565 3336 5636 Scripti
3369 5565 3526 5620 Hein-

1961 5640 2096 5692 siaui
2139 5649 2190 5693 et
2230 5640 2397 5694 nostri
2430 5654 2548 5694 cum
2590 5634 2812 5689 Wcitzio
2851 5644 2900 5689 et
2929 5635 3095 5702 Aldo,
3129 5634 3311 5708 cogunt
3341 5637 3408 5690 ad
3442 5640 3523 5710 [a-

1962 5710 2121 5765 ciuus.
