2026 3092
138 157 193 184 239

234 259 288 286 lloc
303 262 394 285 actum
409 262 452 284 est
472 258 551 285 tantis
565 257 734 285 successibus
747 263 827 293 atque
845 258 938 285 trium-

317 323 320 326 .
829 304 902 340 [phis

235 349 346 376 Romani
363 349 470 384 imperii
486 357 495 376 :
509 348 618 377 Christo
630 349 684 383 jam
700 353 756 376 tum
771 349 900 381 venienti,

233 396 336 429 Crede,
354 400 447 431 parata
462 395 504 423 via
518 400 561 423 est
579 403 587 424 ς
609 403 689 430 quam
709 395 809 423 dudum
834 395 937 428 lubiica

791 441 902 478 [nostra

234 488 311 515 l‘acis
325 487 446 515 amicitia
460 487 560 515 struxit
574 487 759 515 moderamine
772 487 877 515 Romae.

234 534 299 562 Nam
315 535 391 562 locus
404 542 466 562 esse
475 533 534 562 Deo
547 534 608 570 quis
622 538 714 569 posset
728 534 755 562 in
767 534 832 563 orbe
844 534 937 567 feroci,

232 579 443 615 Pectoribusque
469 579 606 608 hominum
629 579 817 613 discordibus,
841 584 869 608 et
889 587 937 607 sua

829 625 902 661 lim

234 670 363 698 Dissimili
378 671 485 698 ratione
500 671 646 705 tuentibus,
661 675 690 699 ut
704 671 753 699 l'uit
766 671 853 699 olim?

233 717 280 744 Sic
294 716 487 751 incompositos
500 716 616 744 humano
629 718 656 744 in
672 721 780 752 pectore
793 723 900 748 sensus.

236 762 442 797 Disjunctasqtie
456 763 539 790 animi
556 762 663 790 turbato
676 763 779 791 laedere
794 768 884 798 partes

233 809 288 837 Nec
300 809 400 844 liquida
414 808 505 836 invisit
518 808 659 842 sapientia,
674 816 723 837 nec
737 809 809 836 Deus
824 809 915 836 intrat.

234 856 317 891 818
326 856 362 882 At
374 854 395 882 si
409 855 507 882 mentis
519 861 598 890 apex,
610 854 739 889 regnandi
752 855 813 889 jure
824 855 934 889 politus,

234 901 366 936 Pugnacis
377 899 508 928 stomachi
522 900 624 934 pulsus,
640 900 773 935 ﬁbrasque
786 900 901 928 rebelles

233 946 344 978 Frenet.
358 950 386 974 et
396 953 476 973 omne
489 945 565 980 jecur
579 946 685 974 ratione
698 950 822 974 coerceat
836 953 900 978 uita,

232 993 273 1020 Fit
287 992 392 1019 stabilis
406 992 469 1019 vita:
482 995 579 1024 status,
591 996 619 1019 et
631 992 763 1019 sententia
775 998 848 1019 certa

233 1038 327 1065 llaurit
339 1037 422 1065 cordo
431 1037 526 1071 Deum,
537 1037 646 1065 domino
656 1043 684 1066 et
696 1038 867 1073 subjungitur
879 1039 936 1066 uni.

141 397 197 424 6‘20

144 948 197 975 630

691 154 789 184 LIBER
811 155 831 182 ll
850 154 987 183 CONTRA
1009 155 1230 184 SYllllACllUM.

230 212 313 248 817
324 211 436 239 Texitur
445 211 558 239 alternis
567 219 599 239 ex
610 212 733 245 gentibus
744 220 795 239 una
808 219 937 247 pmpago.
952 214 978 244 Α

954 900 974 928 Β
989 900 1042 928 645

1726 162 1778 190 250

1082 213 1121 240 En
1132 213 1207 246 ades,
1214 212 1399 249 Omnipotens,
1406 215 1587 244 concordibus
1594 217 1675 245 inﬂue
1687 219 1776 246 terris:

1079 258 1138 287 Jaiti
1154 259 1268 287 mundus
1283 265 1319 292 te,
1332 259 1449 295 Christe,
1461 261 1542 296 capit,
1556 270 1635 297 quem
1647 270 1778 298 congrege

1663 308 1742 345 [nexu

1079 350 1142 382 Pax,
1160 355 1187 377 ct
1201 349 1285 377 Roma
1301 355 1392 378 tenent
1412 359 1418 377 :
1435 352 1520 387 capita
1537 353 1606 388 luce,
1621 358 1648 381 et
1662 355 1778 381 culmina

1641 399 1741 435 [rerum

1078 442 1145 470 Esse
1159 442 1246 476 jubcs,
1263 451 1311 470 nec
1326 443 1409 470 Roma
1426 445 1472 472 tibi
1488 446 1545 473 sine
1560 454 1624 480 pace
1638 447 1775 481 probatur.

1080 488 1111 514 Et
1127 496 1177 522 pax
1193 493 1222 515 ut
1232 489 1345 523 placeat,
1361 490 1423 516 facit
1434 492 1590 518 excellentia
1603 492 1705 526 Ronite,

1077 534 1142 567 Qua-
1158 538 1246 562 motus
1261 536 1349 562 varios
1363 536 1443 563 simul
1457 542 1483 564 et
1499 538 1600 565 dilione
1614 545 1730 572 coercet,

1078 580 1111 606 Et
1126 585 1228 607 terrore
1242 581 1338 615 premit
1354 589 1361 607 :
1378 589 1427 609 nec
1441 583 1512 609 enim
1527 584 1638 618 spoliata
1655 586 1751 619 prioris

1082 626 1187 653 Robore
1202 626 1306 653 virtutis
1321 628 1420 659 senuit,
1436 635 1485 655 nec
1498 630 1593 656 sarcula
1607 631 1701 663 sensit,

1078 670 1131 698 Nec
1146 672 1277 705 tremulis,
1289 679 1350 699 cum
1366 673 1433 700 bella
1448 680 1554 707 vocati',
1568 675 1637 709 capit
1653 683 1726 703 arma
1744 677 1775 703 la-

1639 721 1740 757 [i'ertis,

1077 763 1131 791 Nec
1147 768 1199 790 tam
1215 764 1338 798 degeneri
1354 765 1512 792 venerandis
1531 766 1663 800 supplicat
1676 776 1723 794 ore

1078 809 1255 843 Principibus,
1267 818 1346 845 quam
1361 810 1417 837 vult
1433 811 1585 845 praenobilis
1600 808 1645 839 ille
1657 818 1776 847 senator,

1076 854 1176 882 Orandi
1188 859 1244 882 arte
1260 860 1365 892 potetis,
1376 863 1403 886 et
1417 859 1511 886 callida
1522 859 1623 894 lingere
1635 860 1741 894 doctus,

1080 901 1274 939 Metititumque
1287 906 1376 939 gravis
1390 913 1510 939 persona:
1523 906 1648 934 inducere
1660 908 1775 942 pondus:

1080 947 1115 977 Ut
1131 950 1247 985 tragicus
1261 955 1354 978 cantor
1368 951 1440 985 ligno
1453 953 1517 986 tegit
1532 959 1578 979 ora
1591 957 1696 985 cavato,

1080 995 1188 1023 Grande
1207 996 1314 1030 aliquod
1334 996 1410 1031 cujus
1425 1004 1472 1032 per
1488 997 1588 1026 hiatum
1604 999 1707 1026 crimen
1727 1007 1777 1026 an-

1643 1044 1737 1080 [lteleh

1000 349 1040 358 .-υ

989 352 1041 377 655

990 624 1043 652 640

792 1083 940 1111 GLOSSAE
961 1084 1133 1114 VETERES.

179 1128 241 1156 62L
264 1127 445 1156 Moderamine
456 1128 556 1160 Romae,
573 1128 654 1156 Roma
665 1129 713 1156 hoc
723 1129 882 1160 moderante,
895 1129 916 1158 l.

179 1164 242 1201 624.
265 1163 297 1191 Ut
311 1163 378 1201 fuit,
395 1165 521 1198 prteterito
541 1169 662 1199 tempore,
681 1172 740 1192 nam
760 1169 819 1192 ante
840 1165 937 1201 feroces

147 1199 260 1226 homines
271 1203 355 1230 erant,
372 1199 391 1226 I.

180 1234 244 1262 6‘25.
263 1234 466 1269 Incompositos,
483 1234 607 1267 turbatos,
621 1235 641 1262 Ι.

180 1270 242 1306 (ξΞξῐ.
264 1270 361 1306 hiemis
374 1277 454 1306 apex,
468 1278 516 1306 nus
526 1278 618 1306 graece,
631 1270 681 1297 lso.

181 1304 244 1332 632.
267 1304 372 1337 llaurit,
386 1305 474 1336 sumit,
488 1305 507 1331 Ι.

180 1341 244 1368 653.
265 1340 316 1372 En,
330 1341 429 1367 inrocat
443 1340 580 1373 Christum,
594 1340 614 1368 Ι.

180 1375 242 1403 654.
262 1375 411 1410 Congrege,
428 1377 573 1411 conjuncta,
587 1376 606 1402 Ι.

1025 1131 1086 1168 655.
1108 1131 1211 1168 Capita,
1224 1133 1404 1168 principatum,
1420 1134 1440 1162 l.

1024 1167 1085 1194 6‘56.
1109 1167 1248 1201 Probatur,
1262 1169 1352 1202 placet,
1368 1169 1387 1196 Ι.

1024 1202 1086 1229 642.
1108 1203 1254 1236 Supplicat,
1270 1204 1371 1235 adulat,
1387 1204 1406 1230 I.

1025 1238 1087 1265 645.
1110 1239 1248 1270 Ιιιάιιιυιε,
1261 1239 1355 1265 scilicet
1370 1240 1428 1272 sibi,
1444 1240 1463 1266 Ι.

1027 1273 1089 1312 ϐᾅϐ.
1112 1273 1144 1312 Ut
1159 1275 1274 1312 tragicus
1284 1295 1290 1306 ,
1307 1275 1409 1312 quando
1423 1275 1489 1301 enim
1503 1275 1603 1310 aliquid
1617 1276 1778 1312 blasphemia:

992 1308 1117 1339 dicebant,
1132 1308 1228 1344 largius
1240 1317 1284 1334 ora
1298 1309 1422 1343 lugebant,
1436 1317 1466 1335 ne
1477 1308 1682 1344 agnoscerentur",
1691 1328 1725 1333 _
1735 1313 1778 1340 Li.

991 1351 1054 1379 gno,
1070 1343 1138 1378 quod
1153 1343 1228 1378 vulgo
1241 1344 1342 1370 schema
1356 1344 1460 1377 dicitur,
1478 1343 1499 1372 Ι.

812 1421 1098 1450 COMMENTARIUS.

147 1472 234 1494 autent
243 1471 416 1494 monumenta
426 1468 550 1495 connubii
558 1467 661 1496 civibus
669 1466 797 1495 Romanis
806 1475 868 1494 curn
879 1468 938 1494 har-

148 1503 216 1529 baris
230 1507 258 1530 et
268 1503 368 1530 exteris
377 1503 497 1530 concessi
512 1511 588 1538 :qtire
600 1502 737 1530 concessio
753 1510 823 1531 nunc
836 1503 937 1537 dispen-

1027 1467 1090 1494 635.
1111 1467 1183 1499 Rat,
1197 1475 1257 1502 pax,
1272 1472 1296 1494 et
1310 1468 1389 1495 Roma
1403 1473 1479 1496 tenet.

1026 1503 1087 1529 Ml.
1109 1503 1212 1535 Florus,
1228 1503 1273 1529 lib.
1288 1511 1304 1535 i,
1318 1504 1448 1537 cap.l,de
1467 1505 1548 1531 Itonia
1563 1513 1568 1530 :
1585 1503 1683 1532 Iiiertia
1694 1505 1778 1533 Ctt'sa-

149 1539 210 1565 satio
236 1538 383 1578 diceretur.
442 1539 531 1578 verbis
558 1540 694 1578 l’rudentii
710 1539 836 1578 colligunt
858 1539 940 1566 ittter—
955 1547 977 1578 ρ
993 1546 1049 1578 rum
1062 1539 1295 1578 qupsiconsenuit,
1305 1543 1379 1572 atque
1393 1540 1504 1573 decoxit,
1519 1540 1568 1566 nisi
1579 1540 1646 1574 quod
1661 1541 1706 1567 sub
1714 1541 1779 1568 Tra-

149 1579 236 1607 pretes
263 1578 344 1600 astate
359 1573 493 1601 Prudentii
518 1575 669 1601 exolevis-e
693 1575 808 1608 priscum
838 1581 940 1601 morem
958 1573 977 1578 “
988 1574 1054 1608 juno
1065 1574 1178 1608 principe
1193 1579 1273 1600 moi-et
1287 1575 1404 1601 lriccrlos.

148 1617 197 1641 qtto
213 1608 347 1643 peregrini
377 1616 391 1635 a
410 1609 471 1643 jure
492 1610 617 1636 connubii
640 1609 754 1636 Romani
769 1609 939 1643 arcebantur,

148 1650 224 1678 atque
239 1644 276 1671 ita
287 1643 404 1670 altirinat
417 1644 524 1672 Juretus
539 1645 572 1672 ad
587 1645 657 1672 hunc
673 1645 873 1672 locuitt.\'eruiu
884 1645 940 1671 dis-

148 1680 276 1706 tinctione
298 1685 425 1714 opusrest
439 1687 446 1706 2
463 1688 522 1707 nam
539 1680 699 1712 Macrobius,
715 1680 759 1714 qui
775 1680 869 1707 eodem
884 1687 942 1707 arvo

147 1715 291 1747 scribebat,
326 1713 406 1742 tradit
428 1723 488 1742 cum
514 1716 640 1742 Romanis
668 1713 767 1743 nullam
787 1715 942 1749 peregrinos

150 1750 247 1776 habere
261 1750 494 1777 consuetudinem.
511 1752 543 1777 lit
556 1751 581 1777 iit
598 1751 658 1778 co.|.
668 1750 771 1777 Tlieod.
785 1750 832 1777 lib.
844 1758 884 1782 iii,
900 1750 938 1777 iit.

148 1785 191 1816 N,
205 1789 296 1812 exstat
317 1785 472 1813 consﬁtutio
490 1786 666 1813 Valentiniani
684 1794 735 1820 qua
760 1786 851 1813 statuit
876 1786 940 1812 nulli

149 1820 365 1853 provincialium.
385 1821 567 1855 cujuscunque
585 1822 687 1848 ordinis
701 1824 747 1848 aut
776 1820 827 1847 loci
849 1821 938 1852 lue-it.

148 1863 207 1882 cuin
218 1856 333 1891 barbara
346 1864 429 1883 uxore
442 1864 502 1884 esse
512 1857 674 1891 conjugiuni,
683 1863 733 1883 nec
744 1856 789 1883 ulli
800 1856 940 1890 gentilium

149 1890 342 1924 ptOYillclalelll
358 1891 484 1919 feminam
497 1890 615 1926 copulari
628 1898 765 1926 oportere;
784 1891 853 1926 quod
865 1891 886 1918 si
898 1895 939 1917 ta-

150 1926 186 1952 les
201 1926 304 1960 tiuplia:
316 1927 479 1960 exstiterint,
494 1927 609 1962 capita‘e
633 1927 749 1954 minatur
760 1926 918 1962 supplicium
932 1935 938 1953 ε

149 1968 206 1995 qua:
218 1965 261 1988 est
277 1961 319 1988 lex
336 1963 412 1988 unica
427 1962 484 1996 eius
499 1963 566 1989 tituli
586 1964 637 1990 lata
655 1970 725 1989 anno
736 1962 799 1989 570.
816 1961 863 1989 Ubi
874 1970 940 1995 gen-

150 1997 339 2032 tilesiioitsunt
358 1996 480 2025 inﬁdeles
493 2002 538 2025 aut
550 1999 655 2032 pagani,
667 1997 713 2024 sed
723 1997 790 2024 barb
799 1997 829 2023 iri
842 2000 900 2023 ets
911 2004 941 2023 e-

149 2032 237 2058 ciaiim
255 2031 272 2058 ii
287 2032 331 2065 qui
348 2040 382 2058 ex
398 2032 479 2060 variis
493 2038 555 2064 irent
567 2031 615 2060 bits
627 2040 656 2060 se
670 2034 702 2059 ad
724 2032 871 2059 Romanum
892 2032 941 2058 im-

151 2067 252 2099 perium
268 2067 447 2094 contulerant.
469 2068 649 2096 Goihutredus
677 2067 765 2101 rejicit
785 2067 938 2100 opinionem

149 2110 242 2128 eorum
255 2102 301 2133 qui
318 2107 411 2135 putant
422 2110 455 2130 ex
481 2104 580 2130 famosa
597 2103 723 2130 Antonini
739 2102 939 2134 constitutione,

150 2144 207 2170 qua:
219 2142 387 2165 memoratur
405 2139 431 2165 iit
443 2138 460 2165 l.
476 2138 542 2166 orbe
566 2138 686 2165 Romano
700 2138 743 2169 l7,
771 2139 801 2170 ι),
812 2137 846 2165 de
869 2142 940 2164 statu

151 2172 381 2208 ltom.,7barharos
390 2181 483 2201 omnes
495 2174 539 2208 qui
552 2174 578 2200 in
591 2173 726 2201 exercitus
749 2173 883 2200 Rontanos
897 2180 940 2200 rc-

151 2208 218 2240 cepti
236 2207 362 2240 fuissent,
374 2208 470 2235 civium
485 2207 663 2236 Romanorum
679 2215 789 2235 numero
804 2208 940 2235 habendos

152 2242 248 2278 fuisse.
270 2242 433 2271 Prudentius
453 2245 555 2271 externi
575 2244 619 2278 jus
648 2243 785 2275 connubii,
813 2248 938 2278 tanquam

152 2276 249 2311 aliquid
261 2286 360 2314 norunt
374 2283 401 2306 ct
416 2280 548 2314 Evangelii
562 2276 661 2313 ri-cepti
685 2280 809 2310 frui-tuin,
823 2276 940 2305 comme-

152 2317 248 2339 morat.
261 2312 325 2340 Post
339 2312 550 2342 Valentiniaitum
562 2312 692 2348 ejusmodi
713 2314 814 2348 tiuptia:
839 2321 871 2341 ex
899 2320 940 2341 rc-

152 2349 253 2388 seripto
265 2349 319 2388 peti
334 2353 362 2375 et
376 2349 506 2388 indulgeri
526 2354 682 2388 creperum;
702 2354 728 2376 et
757 2349 799 2388 lex
820 2349 876 2382 ipsa
892 2348 940 2375 Va-

154 2382 305 2418 lentiniani,
317 2389 408 2418 utpote
419 2382 529 2418 abolita,
546 2393 560 2411 a
572 2382 736 2412 Triboniaito
744 2383 841 2410 omissa
853 2388 904 2411 θςι.

189 2417 251 2445 621.
272 2418 301 2445 In
311 2419 428 2455 editione
441 2417 577 2447 Parmensi
591 2420 648 2455 paci
663 2426 712 2454 pro
725 2418 796 2453 pacis
808 2426 885 2446 error
896 2422 941 2446 est

154 2458 246 2489 contra
261 2453 340 2489 metri
355 2455 451 2489 legem.

190 2488 252 2515 622.
272 2488 398 2525 lleinsius
416 2489 499 2517 edidit
520 2490 616 2525 possit;
636 2489 683 2516 sed
698 2496 759 2525 cum
779 2488 822 2515 alii
836 2488 898 2516 edd.
913 2491 943 2516 et

154 2530 220 2549 mss.
237 2523 353 2560 habeant
369 2529 453 2558 posset
467 2529 494 2551 et
508 2523 533 2552 iil
549 2525 633 2560 magis
644 2524 940 2560 seiiteiitiieroiigrtiat.

156 2562 220 2592 puto
232 2559 365 2586 excidisse
376 2560 457 2592 possit
469 2567 516 2593 pro
529 2558 622 2593 posset.
636 2558 842 2593 Cliamillardus,
857 2559 941 2587 lleiit-

153 2593 356 2630 siurnisecutus.
370 2594 453 2621 edidit
464 2596 552 2630 possit.

192 2627 253 2655 623.
273 2629 358 2656 Aldus
379 2627 469 2657 edidit
486 2630 674 2663 rectoribusque
699 2629 848 2660 hominum,
870 2628 941 2663 quod

154 2670 215 2700 cum
228 2668 300 2700 esset
314 2668 402 2692 metro
417 2672 579 2699 repugnans,
593 2665 710 2692 cerrexit
723 2664 941 2700 principibusque.

155 2698 224 2724 Vera
238 2698 317 2734 lectio
328 2703 370 2726 est
381 2698 580 2734 pectoribusque.

191 2733 252 2760 627.
272 2733 392 2768 Sapient.
408 2742 426 2767 ι,
440 2734 458 2761 ι
469 2743 477 2761 :
490 2733 617 2767 Quoniam
629 2743 656 2761 tn
670 2733 819 2761 ntaleuolam
831 2733 944 2761 animant

152 2775 206 2793 non
217 2768 331 2809 introibit
342 2770 478 2804 sapientia,
492 2778 537 2797 nec
548 2769 670 2797 habitabit
684 2770 712 2797 in
726 2776 831 2804 corpore
841 2769 942 2797 subdito

150 2808 274 2836 peccatis.

192 2837 252 2864 628.
274 2839 363 2872 Egim,
390 2838 451 2867 Vat.
461 2840 484 2867 Δ
498 2848 511 2866 a
525 2840 611 2874 prisca
626 2847 715 2872 manu.
729 2845 757 2867 ut
768 2839 800 2868 si.

193 2874 252 2901 055.
273 2874 347 2907 Atd.,
360 2882 412 2900 una
426 2876 495 2902 ades.
508 2875 573 2907 Alii,
586 2883 616 2902 eu
629 2875 700 2903 ades.

1028 1609 1089 1636 (illi.
1113 1609 1170 1634 Vat.
1188 1610 1218 1639 Λ,
1237 1609 1373 1639 mendose,
1389 1619 1433 1635 ora
1449 1610 1683 1644 i'a-'rto.Virgilius,
1700 1611 1745 1638 lib.
1762 1621 1779 1639 ιι

993 1643 1109 1678 Georg.:
1127 1644 1228 1678 Urnque
1251 1644 1384 1670 enrlicibus
1407 1650 1508 1670 sumunt
1531 1646 1656 1672 liorrrnda
1675 1648 1779 1675 cavatis.

993 1679 1059 1707 \‘ide
1074 1680 1260 1713 [iniungi-runt,
1277 1680 1309 1706 de
1323 1680 1438 1706 Tlivatro
1454 1680 1499 1706 lib.
1517 1687 1534 1711 I,
1550 1688 1608 1714 cap.
1624 1681 1668 1708 45.
1685 1682 1780 1715 Tragi-

991 1722 1038 1741 cus
1053 1721 1146 1742 cantor
1156 1720 1196 1741 est
1209 1714 1250 1741 liis
1264 1715 1304 1741 rio
1316 1716 1449 1749 tragoedus
1463 1723 1469 1742 :
1485 1721 1577 1741 cantor
1591 1724 1639 1749 pro
1653 1714 1778 1745 histrione

991 1751 1109 1784 ponitur,
1122 1754 1151 1776 tit
1161 1749 1242 1785 aliqui
1256 1754 1357 1782 put-itit,
1370 1753 1403 1776 ab
1418 1751 1527 1777 lloratio
1541 1751 1566 1777 in
1581 1752 1646 1777 Arte
1661 1753 1779 1785 poetica:

994 1786 1079 1811 Donec
1091 1791 1191 1818 cantor,
1211 1784 1261 1811 Vos
1275 1786 1408 1820 plaudite,
1426 1786 1505 1811 dicat.
1523 1784 1666 1820 {Escliylus
1683 1788 1780 1820 primit"

992 1821 1137 1846 introduxit
1159 1827 1300 1854 personam
1322 1820 1347 1847 in
1363 1821 1481 1851 theatro,
1497 1821 1553 1847 sive
1568 1821 1668 1848 \‘lllllllll
1692 1823 1780 1849 licium

991 1855 1089 1891 eligito
1099 1860 1202 1886 cavato,
1213 1855 1348 1891 cujusgper
1360 1855 1460 1891 hiatum
1472 1858 1550 1882 verba
1564 1856 1648 1883 audiri
1662 1863 1779 1891 possent.

992 1890 1058 1917 Vide
1073 1890 1230 1917 Ficoronum
1244 1890 1277 1917 de
1291 1889 1383 1917 Larvis
1396 1898 1470 1917 seen.

1027 1925 1089 1952 6ι7.
1104 1925 1196 1951 lliatus
1206 1925 1239 1952 de
1252 1926 1379 1959 tragmdis
1394 1932 1407 1951 a
1419 1925 1559 1957 Juvenale,
1572 1925 1666 1952 Persio
1680 1932 1705 1952 et
1720 1927 1780 1953 aliis

990 1961 1098 1993 dicitur,
1111 1966 1137 1988 et
1148 1962 1255 1995 proprie
1265 1960 1299 1987 de
1310 1959 1383 1988 hiatu
1394 1967 1525 1992 personat.
1537 1961 1676 1987 .ltivcitalis
1688 1967 1737 1988 sit.
1751 1964 1779 1989 3:

991 1996 1053 2022 Cum
1063 2003 1177 2030 persona:
1185 1996 1302 2030 pallentis
1310 1995 1407 2024 hiatum
1415 1995 1447 2022 In
1457 1996 1552 2030 gremio
1562 1997 1649 2022 matris
1659 1996 1780 2030 formidat

991 2031 1098 2058 rusticus
1114 2031 1210 2065 infans.
1229 2031 1360 2058 Personas
1376 2038 1404 2058 et
1418 2035 1514 2058 etclera
1531 2031 1687 2057 histrionum
1702 2038 1781 2058 orna.

992 2072 1080 2093 nieitta
1089 2067 1218 2094 describit
1230 2066 1361 2093 Lucianus
1372 2066 1419 2093 lib.
1437 2066 1471 2092 de
1480 2065 1575 2093 Saliat.
1587 2065 1733 2100 Grangtcus
1743 2068 1780 2094 ait

991 2102 1059 2128 alios
1075 2102 1173 2128 habere
1186 2109 1286 2128 carmen
1302 2103 1418 2134 anhelet;
1434 2101 1480 2129 sed
1495 2102 1590 2129 melius
1601 2108 1661 2127 esse
1673 2102 1780 2134 crimi-n,

991 2138 1052 2170 quia
1073 2136 1099 2163 iii
1116 2138 1252 2170 tragmtliis
1269 2138 1409 2171 gentilium
1425 2141 1490 2170 quot
1503 2136 1641 2168 carmina,
1663 2140 1702 2163 tot
1719 2142 1780 2163 situt

991 2173 1114 2204 crimina,
1125 2173 1159 2199 ita
1172 2177 1200 2198 ut
1211 2174 1346 2206 eleganter
1357 2173 1456 2200 dixerit
1467 2172 1581 2206 tragicos
1590 2177 1713 2199 cantores
1729 2180 1780 2199 non

992 2212 1045 2234 taiti
1061 2209 1177 2234 Cilt'lllilll
1196 2216 1274 2240 quant
1293 2208 1404 2234 crimina
1424 2207 1575 2234 aiihclasse.
1594 2207 1647 2240 Ego
1663 2207 1778 2234 libenter

992 2243 1146 2277 adoptarem
1159 2250 1271 2271 carmen,
1295 2243 1317 2270 si
1334 2242 1444 2269 idoneos
1457 2247 1580 2268 auctores
1596 2241 1738 2273 haberem;
1754 2249 1780 2269 et

993 2277 1059 2304 lavet
1071 2277 1207 2304 Juvenalis
1218 2278 1314 2304 similis
1326 2277 1398 2304 locus
1411 2282 1462 2304 sat.
1474 2277 1500 2309 6,
1512 2284 1583 2303 vers.
1596 2277 1648 2304 655
1661 2286 1667 2303 :
1680 2277 1781 2304 Grande

993 2313 1137 2346 Sep/iotleo
1148 2320 1249 2338 carmen
1261 2313 1411 2338 bacrlmmur
1421 2312 1503 2338 hiatu.
1517 2311 1592 2345 Quod
1608 2317 1684 2338 Vetus
1703 2313 1781 2339 scito-

993 2347 1083 2374 liastes
1095 2348 1295 2381 interpretatur.
1309 2347 1468 2381 Trugmdiam
1479 2347 1619 2374 scribimus.
1633 2347 1712 2374 Vides
1723 2356 1780 2373 rar—

992 2391 1058 2415 men,
1070 2383 1176 2417 grande,
1189 2383 1271 2412 hia'u,
1287 2390 1345 2417 qua:
1361 2390 1440 2409 vou-s
1457 2385 1482 2408 in
1498 2390 1575 2409 versu
1592 2382 1724 2409 Prudentii
1741 2383 1778 2408 vi.

992 2418 1088 2444 dentur
1107 2418 1274 2452 transcripta:
1291 2426 1296 2442 :
1319 2426 1378 2444 itam
1392 2425 1438 2450 pro
1453 2417 1605 2444 bacchamur
1619 2423 1692 2444 recte
1707 2418 1778 2451 νοεὶ-

993 2457 1047 2479 illiti
1063 2457 1103 2479 est
1114 2453 1225 2479 anhelet.
1240 2453 1329 2484 Neque
1340 2453 1418 2480 video
1428 2460 1475 2479 cur
1486 2452 1574 2479 omnia
1588 2452 1777 2484 tragcediarinit

992 2487 1263 2529 gentiliitin‘carinina
1277 2488 1388 2528 dicenda
1404 2487 1776 2529 sinterimiiiaalinmi‘etenta

992 2521 1127 2550 coiiii'nutii
1139 2522 1265 2554 lectione,
1275 2523 1368 2550 crimen
1380 2523 1484 2557 accipio
1493 2531 1545 2549 non
1552 2522 1586 2549 de
1595 2521 1722 2557 carmine,
1732 2522 1777 2557 sed

994 2558 1103 2585 materia
1117 2558 1173 2592 ipsa
1184 2558 1331 2591 tragteditn,
1345 2566 1404 2591 qum
1415 2559 1571 2592 pla-rumque
1583 2557 1608 2583 in
1623 2556 1715 2590 grandi
1731 2556 1778 2582 ali-

992 2600 1046 2627 quo
1059 2593 1172 2620 crimine
1187 2597 1318 2620 versatur.
1335 2593 1398 2621 Post
1414 2593 1483 2620 hunc
1499 2599 1602 2619 versum
1619 2594 1700 2627 verba
1719 2598 1780 2616 Hic-

993 2625 1091 2664 cedunt
1109 2628 1261 2664 Sy-timziclti
1279 2636 1286 2654 :
1303 2628 1410 2655 Romam
1431 2636 1495 2664 nunc
1514 2631 1629 2664 putemus
1648 2625 1777 2664 assistere,

993 2668 1067 2697 alr/uc
1080 2663 1118 2690 his
1129 2660 1259 2690 bobiscum
1269 2671 1344 2697 agere
1353 2662 1518 2690 sermonibus.
1529 2661 1629 2699 Optimi
1643 2660 1777 2699 principes,

994 2704 1078 2732 patres
1087 2699 1185 2730 patrita,
1194 2699 1339 2725 reueremini
1347 2706 1426 2724 annos
1437 2704 1514 2727 meos,
1525 2697 1550 2721 in
1558 2703 1620 2729 quos
1628 2703 1670 2732 _me
1680 2697 1734 2732 pius
1745 2697 1780 2720 ri-

995 2730 1035 2760 tus
1045 2735 1162 2760 adduxit.
1173 2733 1236 2759 Utar
1246 2734 1401 2759 ca'remoniis
1412 2732 1483 2758 avitis
1491 2738 1500 2756 :
1509 2737 1588 2761 neque
1595 2730 1659 2756 enim
1669 2730 1779 2763 paenitet.

998 2768 1087 2795 Vivam
1102 2776 1171 2795 more
1186 2777 1239 2794 meo
1254 2768 1333 2801 :quia
1348 2767 1426 2793 liberti
1438 2773 1504 2792 sunt.
1522 2765 1571 2801 llic
1582 2766 1665 2791 cultus
1678 2766 1704 2791 in
1716 2768 1781 2801 leges

994 2812 1063 2830 meas
1078 2804 1161 2830 orbem
1176 2800 1283 2837 redegit.
1298 2801 1359 2828 lla'c
1374 2809 1446 2827 sacra
1458 2800 1607 2837 Annibalem
1621 2809 1637 2826 α
1648 2800 1780 2831 inmitibus,

995 2847 1010 2865 α
1018 2838 1142 2872 Capitolio
1151 2836 1265 2865 Senonas
1275 2837 1430 2868 repulerunt.
1438 2836 1489 2870 (Ad
1500 2836 1546 2862 hoc
1555 2843 1599 2871 ego
1609 2840 1705 2862 serrata
1715 2844 1781 2872 sunt,

998 2878 1024 2900 ut
1040 2874 1151 2908 langrcvn
1172 2871 1361 2905 reprehendar?
1384 2872 1492 2903 vidum,
1515 2873 1581 2906 quod
1603 2871 1783 2898 instituendum
