4052 6184
375 343 475 400 250

1776 540 1876 594 luis

1776 540 1876 594 luis

547 635 758 699 Libera,
783 641 837 688 et
856 645 984 685 aure
1007 639 1162 684 tenus
1182 627 1395 684 Geticos
1415 637 1632 698 experta
1655 540 1948 683 tnmlultus?

287 779 292 783 .
376 714 475 786 7'50
545 724 754 782 Scande
797 719 1173 790 triumphalem
1223 732 1472 785 currum,
1523 720 1812 790 spoliisque
1862 732 1946 773 re-

1675 809 1880 883 [cepds
1957 875 1961 878 _

540 911 684 978 Hac,
733 908 947 964 Christo
992 903 1307 969 comitante,
1355 900 1695 968 venizdate,
1742 903 1963 959 vincula

823 1039 826 1042 .
1642 993 1882 1067 [demam

544 1089 778 1161 Captivis
804 1085 1054 1158 gregibus
1083 1100 1096 1138 ε
1127 1083 1362 1139 manicas
1387 1081 1656 1152 deponite,
1690 1083 1850 1154 longo

546 1184 727 1240 Tritas
759 1179 1004 1242 servitio,
1032 1183 1282 1241 matrum,
1310 1175 1673 1244 iuvenumque
1699 1184 1948 1232 caterva.

551 1274 803 1330 Dediscat
819 1269 1024 1325 servire
1048 1281 1234 1332 senex,
1257 1265 1385 1320 laris
1405 1265 1558 1320 exsul
1581 1265 1735 1332 aviti,

375 1364 480 1423 755
551 1363 729 1420 Discat
753 1369 808 1415 et
837 1357 902 1413 ad
931 1356 1164 1427 patrium
1191 1354 1350 1408 limen
1377 1353 1640 1423 genitrice
1667 1368 1884 1409 reversa

554 1453 842 1522 ingenuum
870 1462 929 1503 se
955 1459 1114 1501 nosse
1143 1459 1274 1513 puer
1298 1461 1311 1496 :
1339 1444 1497 1498 timor
1526 1445 1701 1500 omnis
1743 1445 1951 1500 abesto.

557 1544 792 1600 Vicimus
821 1558 835 1594 :
863 1539 1131 1594 exsultare
1156 1535 1308 1591 libet.
1345 1535 1484 1602 Quid
1516 1536 1644 1602 tale,
1674 1537 1886 1606 repulso

555 1637 840 1690 Poenorum
869 1627 1134 1700 quondam
1166 1625 1323 1690 duce,
1360 1627 1622 1696 contigit?
1649 1627 1740 1682 llle
1770 1627 1954 1696 petita:

553 1724 841 1792 Postquam
862 1717 1160 1790 perculerat
1176 1715 1482 1771 tremefacta
1501 1717 1748 1786 repagula
1767 1730 1952 1787 portae,

373 1815 478 1874 740
557 1813 769 1870 Baianis
797 1812 1062 1866 resolutus
1087 1805 1242 1875 aquis
1271 1805 1560 1861 durissima
1583 1807 1711 1862 luxu

557 1905 724 1978 829
747 1901 957 1958 Robora
983 1896 1242 1966 destituit,
1275 1898 1579 1971 ferrumque
1599 1900 1822 1956 libidine
1844 1900 1953 1958 fre-

1765 1991 1879 2062 [git.

560 2089 632 2142 At
655 2095 834 2142 noster
862 2084 1051 2141 Stilico
1079 2096 1396 2155 congressus
1421 2081 1686 2148 cominus,
1715 2082 1829 2153 ipsa

560 2178 641 2233 Ex
667 2177 782 2233 acie
808 2175 1003 2232 ferrata
1027 2176 1199 2231 virum
1221 2175 1351 2233 dare
1371 2182 1516 2244 terga
1541 2173 1732 2242 coegit.

1471 337 1747 392 AURELII
1784 333 2149 394 PRUDENTII
2188 331 2514 396 CARMINA.

543 457 704 527 323
726 453 980 509 lmmunis
1005 453 1137 509 tanti
1161 451 1283 506 belli
1307 492 1319 515 ,
1359 459 1494 504 acte
1523 462 1696 505 stante
1721 453 1819 505 sub
1855 467 1944 506 ar-
1974 459 2027 513 Α

3514 342 3626 398 240

2231 451 2324 505 llic
2344 449 2589 505 Christus
2621 451 2774 505 nobis
2791 451 2932 506 Deus
2956 448 3142 514 adfuit,
3167 458 3221 506 et
3249 464 3394 506 mera
3421 463 3623 508 Virtus:

2050 540 2153 595 745
2225 539 2336 594 Illic
2365 541 2642 607 lascivum,
2675 539 2961 610 Campania
2990 539 3205 604 fertilis,
3233 540 3441 596 hostem

2229 631 2440 687 Deliciis:
2471 633 2650 686 vicere
2675 639 2804 696 tum,
2829 646 2934 684 non
2961 630 3205 699 luppiter
3232 644 3410 684 acrem

2225 722 2461 778 Protexit
2491 722 2712 776 Fabium
2743 739 2758 776 :
2783 719 2876 775 sed
2903 715 3042 790 juvit
3065 733 3275 774 ammna
3301 719 3590 784 Tarentus,

2227 813 2356 880 Quae
2392 812 2538 868 dedit
2578 811 2850 867 illecebris
2890 806 3147 865 domitum
3195 809 3406 866 calcare
3447 820 3634 882 tyran—

3378 900 3546 972 [num.

2232 991 2326 1047 His
2349 1004 2451 1061 ego
2478 1003 2574 1060 pro
2601 989 2808 1045 meritis
2840 1004 2962 1060 quae
2992 988 3213 1059 praemia
3243 989 3399 1060 digna
3429 1005 3630 1060 repen-

3385 1079 3550 1151 idem.

2229 1168 2346 1224 Non
2372 1167 2546 1223 habeo
2572 1184 2588 1220 :
2615 1169 2853 1224 membra
2882 1171 3072 1226 statuis
3103 1170 3363 1241 effingere
3389 1172 3494 1226 vile
3521 1180 3628 1226 est.

2234 1259 2496 1315 Virtutem
2527 1259 2604 1316 nil
2637 1260 2744 1316 vile
2769 1260 2925 1316 decet
2959 1279 2970 1314 :
3012 1276 3134 1315 nam
3163 1263 3286 1326 vile,
3328 1262 3468 1332 quod
3497 1273 3635 1317 anas

2234 1350 2408 1420 Eripit
2435 1367 2448 1404 :
2473 1365 2578 1406 tera
2611 1352 2828 1416 cadunt,
2861 1361 2952 1408 aut
2980 1351 3181 1408 fulvum
3211 1353 3396 1409 deﬂuit
3417 1370 3631 1422 aurum,

2234 1439 2559 1501 Autcandor
2588 1441 2726 1509 perit
2752 1442 2978 1512 argenti,
3012 1442 3059 1497 si
3082 1442 3248 1497 defuit
3275 1459 3402 1498 usus
3427 1461 3441 1498 ε

2235 1532 2302 1588 Et
2331 1532 2532 1588 fuscata
2557 1533 2664 1587 situ
2694 1535 2991 1601 corrumpit
3021 1549 3152 1589 vena
3183 1533 3438 1590 colorem.

2237 1623 2367 1678 Viva
2395 1622 2510 1687 tibi,
2543 1624 2814 1693 princeps,
2841 1622 3066 1679 debetur
3094 1624 3285 1694 gloria,
3320 1626 3500 1680 vivum

2234 1715 2460 1771 Virtutis
2491 1717 2740 1785 pretium,
2769 1715 2934 1772 decus
2965 1716 3262 1771 immortale
3287 1729 3494 1771 secuto.

2223 1807 2389 1879 830
2435 1806 2704 1878 Regnator
2749 1807 2932 1863 mundi
2982 1807 3197 1862 Christo
3249 1809 3526 1862 sociabere
3578 1809 3636 1862 in

3328 1897 3520 1968 [ravum
3541 1915 3558 1950 :

2235 1987 2352 2054 Quo
2382 1984 2605 2041 ductore
2633 1998 2808 2040 meum
2840 1985 3006 2040 trahis
3033 1985 3098 2041 ad
3121 1986 3354 2041 caelestia
3386 2003 3632 2056 regnum.

2235 2079 2317 2134 Nil
2348 2089 2398 2134 te
2429 2087 2739 2147 permoveat
2770 2077 2944 2148 magni
2971 2093 3074 2132 vox
3101 2078 3358 2141 rhetoris,
3389 2095 3486 2132 oro
3513 2097 3524 2130 :

2057 2170 2162 2227 760
2233 2170 2336 2238 Qui
2361 2168 2461 2224 sub
2491 2167 2651 2238 legati
2681 2169 2865 2238 specie
2892 2183 3042 2224 saera
3075 2175 3286 2224 mortua
3316 2170 3558 2240 plorans,

2053 1143 2162 1226 756

2057 1625 2164 1681 755

1651 2262 1932 2320 GLOSSAZ
1969 2261 2306 2321 VETERES.

451 2335 574 2393 ηε.
605 2336 878 2400 lmmunis,
905 2353 1107 2403 secura,
1127 2335 1170 2391 ι.

453 2410 576 2463 75L
604 2408 771 2531 lDate,
815 2408 1106 2477 permittite.
1138 2434 1205 2446 -—
1252 2404 1504 2470 Demam,
1549 2412 1606 2459 ut
1652 2403 1830 2459 tollam
1859 2418 1952 2475 ego

453 2496 573 2531 ima.
633 2517 646 2531 .

387 2479 573 2545 Roma,
604 2479 646 2531 1.

451 2543 574 2603 752.
606 2547 858 2612 Manicas,
889 2546 1133 2616 ligamina
1154 2558 1418 2610 manuum,
1442 2543 1547 2599 lso.

453 2619 576 2673 734.
606 2617 780 2681 Laris,
812 2617 1014 2681 domus,
1047 2616 1087 2669 Ι.

443 2688 576 2742 758.
609 2687 916 2750 Poenorum,
947 2684 1589 2754 Africanorum—Duco,
1621 2682 1888 2749 Annibale,
1911 2683 1951 2738 1.

453 2759 577 2812 739.
606 2755 895 2825 R'epagula,
925 2764 1112 2820 vectes,
1147 2755 1396 2823 pessulos,
1422 2754 1464 2808 l.
1591 2766 1598 2772 '

443 2827 571 2882 *740.
606 2820 836 2888 Baianis,
869 2820 1156 2891 campanis.
1181 2852 1251 2864 --
1270 2825 1442 2890 Luxu,
1465 2825 1694 2887 luxuria,
1723 2820 1770 2876 1.

453 2897 577 2952 742.
603 2896 695 2962 At,
715 2897 872 2966 longe
898 2903 1090 2962 postea.
1114 2923 1185 2936 —-
1204 2893 1410 2959 Stilico,
1427 2895 1597 2946 socius
1618 2891 1955 2947 Constantini.

2054 2363 2125 2375 —-
2149 2332 2426 2402 Cominus,
2459 2331 2652 2394 statim,
2674 2330 2717 2402 l.

2125 2399 2250 2456 745.
2281 2401 2520 2466 Hostem,
2552 2399 2872 2466 Annibalem,
2908 2399 2951 2453 l.

2128 2471 2254 2525 746.
2285 2470 2500 2533 Aerem,
2539 2472 2742 2538 fortem,
2775 2470 2814 2523 Ι.

2127 2542 2248 2595 747.
2285 2540 2526 2606 Fabium,
2560 2555 2690 2592 unus
2714 2555 2778 2592 ea:
2801 2540 3054 2605 tercentis,
3082 2539 3123 2592 1.

2130 2610 2254 2666 750.
2288 2608 2516 2674 Statuis,
2539 2608 2861 2678 imaginibus,
2897 2609 2935 2664 Ι.

2131 2680 2255 2736 754.
2279 2679 2418 2741 Situ,
2448 2678 2752 2748 negligentia
2783 2682 2856 2732 vel
2877 2689 3136 2746 vetustate,
3169 2679 3208 2733 l.

2135 2752 2260 2806 757.
2292 2747 2580 2819 Regnatdr,
2601 2747 2958 2819 Constantine,
2992 2751 3030 2805 Ι.

2135 2820 2260 2876 758.
2289 2817 2426 2884 Quo,
2453 2819 2562 2883 illo,
2599 2817 2636 2871 Ι.

2137 2891 2264 2945 759.
2285 2890 2384 2952 Te,
2416 2903 2446 2941 ο
2475 2887 2802 2956 Symmache,
2834 2889 2874 2943 l.

1727 2977 2286 3035 COMMENTARIUS.

385 3072 608 3128 videtur.
639 3068 810 3123 Etiam
861 3071 973 3122 tunc
999 3068 1326 3124 consuetudo
1355 3068 1529 3122 adhuc
1559 3077 1858 3137 permanet,
1891 3078 1950 3122 ut
1994 3058 1997 3062 ί

387 3143 572 3197 diebus
598 3137 1040 3203 solemnioribus,
1088 3138 1433 3208 ecclesiarum
1463 3147 1533 3208 et,
1555 3139 1832 3192 domorum
1871 3139 1953 3208 ja-

386 3227 507 3268 nua:
536 3220 590 3264 et
618 3209 866 3263 fenestrae
898 3207 1288 3277 peristromatis
1318 3219 1372 3261 et
1396 3207 1569 3276 palliis
1597 3217 1878 3261 ornentur.

453 3280 578 3334 728.
609 3277 731 3333 Vat.
764 3279 832 3342 A,
863 3285 1142 3342 corrupte,
1171 3287 1452 3330 accestante
1477 3277 1568 3330 sub
1596 3278 1770 3330 armis.

454 3349 579 3403 729.
614 3347 757 3416 Rat.,
779 3349 955 3417 Egm.,
981 3346 1180 3417 Widm.
1197 3361 1235 3417 ρ
1259 3350 1426 3416 prima
1456 3361 1638 3417 manu,
1663 3345 1803 3411 Cis.,
1827 3345 1955 3414 Alpe

387 3431 551 3474 tenus.
585 3415 751 3484 Διά..
783 3415 959 3482 Alex.,
1006 3416 1160 3481 Urb.,
1192 3415 1312 3470 Vat.
1353 3420 1420 3480 Δ,
1459 3415 1675 3482 Weitz.,
1717 3417 1952 3484 Thuan.,

386 3488 783 3560 priest-aptiores
832 3485 1132 3560 Heinsiani,
1173 3485 1343 3560 Jureti
1386 3486 1575 3560 codex,
1623 3496 1952 3560 aure_tenus,

387 3555 527 3629 quod
557 3558 711 3629 longe
744 3556 935 3629 melius
964 3563 1064 3611 est.
1089 3555 1210 3610 Vat.
1239 3557 1578 3629 _A,_tu_multos
1600 3572 1618 3610 :
1643 3556 1958 3629 corrigetu-

387 3625 596 3682 multus.
625 3627 895 3680 Alaricum
935 3640 1041 3681 non
1071 3626 1254 3694 procul
1285 3627 1351 3679 ab
1385 3625 1523 3681 Urbe
1555 3626 1719 3681 fuisse
1747 3625 1812 3682 ex
1856 3627 1956 3681 hoc

387 3713 548 3753 vcrsu
575 3697 861 3764 colligitur,
885 3695 962 3750 uti
986 3696 1147 3750 etiam
1176 3709 1241 3750 ex
1276 3709 1435 3750 versu
1481 3695 1604 3760 701,
1637 3694 1956 3760 Tuscumque

387 3770 548 3822 solum
594 3767 720 3820 victa
765 3782 912 3820 amne
963 3767 1237 3835 premebat.
1290 3765 1359 3820 Et
1403 3766 1725 3835 Claudianus
1767 3765 1952 3833 refert,

388 3836 586 3892 inmitia
635 3837 839 3904 Romaz,
883 3834 1064 3890 audito
1115 3850 1348 3901 rumore,
1401 3834 1565 3891 fuisse
1595 3843 1856 3905 reparata,
1906 3851 1956 3890 vr

386 3909 590 3965 consul.
637 3906 860 3971 Honon,
893 3905 1159 3959 Addebant
1189 3906 1454 3976 pulchrum
1483 3922 1608 3960 nova
1637 3906 1817 3958 urentia
1846 3907 1957 3957 vul-

387 3989 493 4032 tum
521 3978 705 4032 Audito
726 3981 948 4048 perfecta
971 3991 1141 4048 recens
1163 3973 1362 4028 rumore
1388 3973 1650 4048 Getarum.
1675 3977 1750 4027 Ac
1771 3989 1955 4048 revera

387 4049 652 4104 Jordanus
686 4043 754 4102 de
795 4043 970 4100 Rebus
999 4044 1166 4098 Getic.
1222 4053 1403 4098 narrat
1429 4043 1696 4097 Alaricum
1727 4044 1793 4096 ad
1825 4058 1981 4111 pon-‘

391 4130 498 4173 tem
523 4118 840 4186 applicuisse
859 4114 1197 4186 Condiniani,
1220 4113 1484 4186 qui_t_ertio
1501 4112 1764 4186 _mi|liario
1793 4127 1821 4165 a
1846 4113 1954 4165 Ra-

389 4181 789 4250 venna'aberat,
820 4185 906 4237 ubi
927 4185 1153 4252 degebat
1176 4181 1298 4236 tunc
1319 4181 1674 4252 llonoriusga
1700 4195 1804 4252 quo
1833 4195 1954 4236 cum

389 4257 635 4310 Alaricus
663 4249 781 4307 sibi
809 4249 1020 4320 suoque
1057 4253 1309 4306 exercitui
1343 4251 1541 4305 Callias
1572 4249 1955 4319 Hispaniasque

387 4325 727 4387 οὺιιηυὶεείοί,
781 4319 938 4374 [talia
969 4319 1233 4385 discessit,
1285 4330 1339 4375 et
1397 4322 1450 4374 in
1497 4321 1719 4389 Alpibus
1767 4321 1954 4374 Cottiis

389 4395 527 4462 apud
558 4391 871 4462 Pollentiam
901 4405 1138 4460 pugnare
1167 4401 1380 4462 coactus
1410 4399 1491 4445 est
1518 4407 1534 4462 ς
1571 4389 1954 4462 quod_videtur

387 4459 701 4517 confirmare
725 4459 942 4515 Orosius
981 4459 1052 4516 ad
1096 4475 1238 4516 vers.
1270 4461 1373 4514 7l9
1417 4459 1681 4514 laudatus.
1712 4459 1954 4515 Fortasse

389 4533 610 4586 Tuscum
639 4530 805 4584 solum
835 4541 976 4586 recte
1009 4531 1316 4600 intelligitur
1336 4531 1404 4585 de
1431 4530 1626 4584 Tuscia
1648 4529 1956 4598 Circumpa-

390 4601 547 4664 (lana,
581 4610 636 4653 ut
665 4601 738 4653 ita
782 4600 1024 4655 Alaricus
1075 4601 1221 4654 nulla
1252 4617 1317 4655 ex
1366 4611 1513 4669 parte
1542 4601 1843 4655 Hetruriam
1891 4615 1954 4654 ac

387 4672 624 4725 Tiberim
651 4669 906 4738 attigerit,
937 4679 991 4724 et
1013 4669 1177 4723 Roma
1211 4685 1342 4726 aure
1371 4681 1518 4724 tenus
1548 4679 1763 4736 experta
1793 4669 1953 4724 fuerit

387 4740 600 4796 Geticos
651 4729 926 4804 tum'ultus,
955 4741 1079 4806 quia
1125 4740 1370 4796 Alaricus
1399 4740 1464 4794 ad
1496 4729 1706 4805 pontem
1752 4737 1950 4793 Condi-
1977 4729 2029 4787 Ι)

390 4811 534 4866 niani
565 4810 928 4880 applicuerat,
959 4823 1063 4862 non
1095 4811 1232 4862 ultra
1263 4823 1593 4880 progressus.

460 4882 581 4934 750.
603 4875 754 4949 Rat”
781 4875 997 4949 weilz.,
1029 4875 1300 4949 spoliisque
1325 4875 1556 4945 re'pertis.

459 4951 582 5004 73$.
611 4946 724 5004 Gis.
759 4959 812 5003 et
835 4947 924 5001 alii
957 4945 1124 5014 vulg.,
1150 4945 1268 5000 data
1292 4950 1491 5010 vincula
1519 4949 1736 5002 demam.
1783 4945 1948 5001 Aldus

389 5035 508 5074 cum
539 5019 749 5085 scriptis
774 5019 882 5086 jam
907 5015 1149 5070 ediderat
1174 5021 1313 5083 date,
1341 5019 1651 5086 monuitque
1682 5014 1946 5082 Gifanius,

391 5091 552 5146 verbo
580 5089 831 5152 Vssrms,
853 5086 1121 5152 eleganter
1143 5086 1193 5140 id
1220 5087 1323 5141 dici
1347 5089 1483 5150 date,
1506 5087 1707 5139 vincula
1728 5088 1945 5140 demam.

391 5160 641 5229 Virgilius
660 5173 706 5212 tv
729 5157 883 5223 ΔΕηη
907 5155 1058 5229 pate,
1079 5157 1288 5229 vulnera
1310 5156 1528 5229 lymphis
1557 5156 1797 5229 Ablnam.
1822 5158 1950 5210 Pru-
1989 5183 1994 5192 -

391 5225 600 5286 duillius
629 5230 744 5296 ipse
769 5225 966 5298 Apoth.
998 5240 1138 5298 vers.
1173 5225 1296 5289 594,
1334 5225 1489 5290 Date,
1511 5227 1718 5296 pandite
1741 5227 1946 5280 librum.

460 5301 584 5354 755.
617 5299 766 5367 Egm.
796 5312 825 5350 a
855 5311 1014 5351 manu
1039 5297 1230 5367 prima,
1271 5306 1486 5348 caterva.

456 5369 581 5423 736.
609 5363 730 5425 Vat.
757 5368 822 5430 A,
848 5367 984 5422 male
1008 5363 1262 5436 ingenium
1282 5381 1335 5418 se
1367 5380 1529 5436 nosse.
1563 5363 1638 5436 Ex
1659 5363 1875 5436 Virgilio
1896 5380 1948 5419 xt
1986 5393 1991 5407 ι

384 5437 535 5503 Em,
561 5439 709 5492 timor
729 5439 890 5492 omnis
910 5435 1094 5492 abesto.
1120 5437 1355 5490 Imitatus
1384 5435 1542 5488 etiam
1575 5435 1621 5486 id
1645 5443 1727 5486 est
1751 5435 1950 5487 Juven-

386 5524 479 5589 cus
504 5508 595 5560 lib.
629 5523 706 5574 Ill,
754 5507 881 5561 Tum
912 5507 1105 5578 pavidis
1139 5505 1367 5560 Christus
1398 5503 1944 5565 loquitur:timorom-

385 5583 725 5717 ἠδ-ιὲἕῗδξῦἱη
754 5661 902 5699 error
927 5655 1192 5717 postquam
1219 5643 1514 5717 pertulerat.
1545 5640 1682 5695 Ante
1713 5640 1949 5698 Pruden-

389 5717 496 5770 tius
525 5712 1070 5778 dixitclaustra.'qua':
1109 5730 1248 5772 nunc
1276 5712 1520 5790 reputa
1553 5724 1732 5779 porta'.

2126 3069 2249 3124 742.
2284 3068 2531 3123 Heinsius
2555 3084 2675 3124 cum
2707 3071 2818 3143 suis
2849 3071 3082 3143 scriptis,
3109 3071 3253 3142 th.,
3277 3074 3495 3139 Weitz.,
3518 3075 3648 3134 Cie:

2055 3138 2122 3194 ad
2150 3153 2320 3203 oram,
2351 3155 2670 3206 congressus.
2700 3141 2822 3194 Ald.
2848 3138 2972 3196 Vat:
2991 3145 3060 3210 A,
3084 3138 3236 3207 Urb.,
3260 3145 3413 3199 Alex.
3442 3155 3498 3199 et
3519 3148 3646 3210 alii,

2056 3223 2409 3279 congressum.
2447 3197 2636 3279 Melius
2681 3227 3000 3279 congressus.
3047 3243 3114 3253 —
3164 3213 3418 3279 Quamvis
3449 3217 3632 3279 praelia

2056 3223 2398 3277 congressum.
2447 3223 2636 3264 melius
2681 3227 3000 3279 congressus.
3047 3243 3114 3253 —
3164 3223 3418 3279 Quamvis
3449 3223 3632 3283 praelia

2061 3277 2364 3333 Pollentina
2390 3277 2577 3333 Stilico
2621 3293 2725 3348 non
2774 3280 3033 3348 adfuerit,
3077 3282 3268 3338 dicitur
3303 3293 3477 3338 tamen
3507 3302 3634 3338 con-

1983 3367 2031 3431 c
2057 3364 2255 3429 gressus
2277 3350 2526 3431 epminus,
2544 3347 2666 3431 quia
2683 3350 2798 3431 eius
2816 3347 3051 3431 consiliis
3074 3363 3126 3407 et
3169 3354 3502 3431 providentia
3525 3371 3649 3409 om-

2059 3417 2148 3495 nia
2173 3419 2518 3495 gerebantur,
2540 3428 2592 3472 et
2608 3419 2789 3487 praelio
2817 3421 2969 3475 alteri
3002 3432 3148 3477 trans
3169 3423 3366 3478 Padum
3396 3438 3635 3495 praesens

2060 3487 2274 3542 videtur
2299 3488 2550 3542 adfuisse.
2982 3509 3000 3525 -

2129 3556 2250 3609 745.
2281 3556 2392 3611 Gis.
2426 3559 2477 3610 in
2511 3564 2678 3621 textu,
2711 3558 2908 3625 virum;
2949 3559 3015 3614 ad
3047 3575 3218 3627 oram,
3250 3563 3434 3618 virum.
3468 3565 3636 3619 Clau-

2057 3625 2269 3689 dianus,
2289 3643 2350 3703 _VI
2380 3627 2598 3703 Consul.
2634 3628 2891 3703 Honorii:
2919 3628 2986 3683 Ut
3009 3625 3222 3703 chalybe
3257 3634 3460 3687 indutos
3484 3636 3636 3703 equi-

2057 3705 2146 3760 tes,
2198 3705 2242 3749 et
2283 3697 2336 3750 in
2364 3711 2462 3771 tere
2489 3698 2710 3771 ligentes
2733 3697 2873 3752 Vidit
2917 3697 3211 3771 cornipedes
3242 3718 3262 3756 :
3295 3697 3532 3769 Quanam
3569 3704 3636 3758 de

2091 3775 2222 3830 ente,
2253 3767 2482 3837 rogabat,
2508 3765 2554 3818 F
2558 3768 2710 3820 errati
2732 3782 2907 3842 venere
2930 3765 3070 3842 viri?
3089 3769 3148 3842 Si
3183 3765 3338 3826 versu
3368 3774 3635 3842 saperiori

2077 3849 2201 3904 egas
2222 3852 2563 3910 congressum,
2587 3839 2910 3910 constructio
2933 3839 3054 3907 erit,
3074 3841 3256 3910 Coegit
3277 3839 3468 3907 'viruni,
3499 3857 3633 3896 con-

2056 3919 2298 3979 gressum
2330 3907 2597 3970 cominus,
2641 3907 2772 3961 dare
2799 3922 2863 3961 ex
2909 3910 3020 3979 ipsa
3067 3907 3208 3964 aeie'
3227 3921 3370 3979 terga
3408 3913 3630 3966 ferrata.

2056 3974 2173 4028 Non
2202 3990 2458 4045 assequor
2483 3989 2638 4044 quem
2684 3991 2900 4031 sensum
2930 3974 3121 4033 reddat
3164 3974 3332 4033 vii-uni
3364 3996 3458 4037 seu
3488 3983 3629 4034 riro-

2059 4060 2175 4097 rum
2201 4046 2264 4098 ad
2296 4047 2587 4112 marginem
2615 4045 2858 4112 Gis-elini,
2890 4057 2944 4101 et
2971 4049 3020 4101 iu
3052 4050 3170 4102 aliis
3195 4051 3316 4104 edd.

2130 4112 2254 4166 744.
2287 4111 2398 4166 Gis.
2426 4115 2461 4166 2
2487 4113 2598 4178 ed.,
2623 4122 2668 4166 et
2699 4131 2807 4170 mea
2837 4111 3015 4171 uirtus.
3044 4117 3227 4173 Melius
3251 4120 3304 4174 in
3331 4119 3354 4171 l
3384 4119 3471 4174 ed.
3501 4133 3632 4174 cum

2055 4183 2268 4247 scriptis
2314 4191 2368 4236 et
2411 4183 2528 4236 aliis
2572 4183 2719 4248 edd.,
2769 4195 2817 4239 et
2844 4202 2980 4240 mera
3021 4189 3202 4242 virtus.
3251 4190 3325 4244 De
3371 4190 3468 4245 hac
3493 4205 3631 4246 voce

2055 4266 2196 4320 mera
2229 4253 2417 4306 iterum
2450 4253 2592 4320 loqui
2622 4254 2754 4307 nihil
2779 4267 2863 4309 est
2890 4271 3129 4312 necesse.

2129 4319 2444 4397 747._Rat.,
2489 4323 2839 4397 Al_ex.,__Urb.
2886 4327 3101 4397 aliique.
3137 4329 3274 4397 juvit
3313 4345 3529 4395 amoena,
3575 4341 3630 4385 et

2052 4389 2227 4470 glossa
2260 4392 2430 4470 ᾼΙθιε
2442 4394 2650 4470 scilicet
2671 4394 2837 4470 illum.
2871 4389 3016 4470 Ald;
3048 4389 3240 4470 Weitz,
3267 4399 3403 4464 vicit,
3433 4389 3632 4467 nempe

2052 4462 2395 4539 Annibalem.
2413 4462 2599 4539 Melius
2617 4464 2778 4539 juvit,
2796 4466 2938 4534 quod
2957 4467 3125 4539 tenuit
3145 4462 3411 4539 Heinsius,
3430 4462 3634 4536 quam-

2056 4531 2134 4582 vis
2155 4531 2398 4602 c_odicum
2417 4531 2828 4602 discrepantiam
2853 4550 2957 4589 non
2980 4537 3290 4591 adverterit.
3319 4531 3512 4592 Fabius
3537 4541 3635 4595 hic

2053 4605 2136 4652 est
2162 4598 2459 4676 Cunctator
2480 4602 2569 4656 ille
2597 4598 3001 4674 celeberrimus,
3035 4604 3178 4660 Unus
3204 4607 3292 4676 qui
3337 4610 3476 4661 nobis
3500 4623 3634 4660 cun~

2054 4670 2238 4721 ctando
2263 4671 2479 4722 restituit
2507 4686 2633 4726 rem.

2123 4737 2247 4819 749.
2280 4737 2546 4819 Gilanium
2580 4743 2756 4819 legere
2773 4745 3067 4819 promeritis
3087 4745 3389 4819 n_o_n_semel
3417 4745 3635 4800 monuit

2053 4816 2104 4861 et
2135 4809 2206 4861 ita
2239 4809 2451 4878 quidem
2483 4809 2744 4878 reperitur
2772 4809 2823 4866 in
2852 4813 3005 4868 Alex.
3038 4825 3092 4870 et
3119 4816 3250 4872 Urb.

2282 4877 2402 4951 Vat.
2433 4883 2498 4945 Α,
2530 4877 2715 4946 statui;
2749 4883 2865 4951 lege
2892 4886 3096 4938 statuis.

2125 4947 2248 5002 751.
2282 4947 2402 5002 Vat.
2436 4951 2502 5014 A,
2527 4951 2598 5002 nil
2630 4952 2730 5006 tale
2753 4947 2915 5007 ἀέσαι.

2129 5014 2252 5097 75?.
2286 5017 2534 5097 Heinsius
2562 5021 2646 5097 ait
2663 5023 2714 5097 in
2745 5022 2956 5097 scriptis
2983 5038 3104 5079 esse
3131 5025 3302 5097 eripit,
3335 5039 3441 5082 non
3469 5027 3643 5086 eruit.
3666 5036 3680 5046 ‘

2053 5084 2244 5140 Nescio
2270 5087 2388 5154 quis
2409 5091 2538 5142 eruit
2563 5090 2808 5145 ediderit.

2126 5155 2248 5231 755.
2282 5158 2395 5231 Vat.
2427 5159 2523 5231 A_a
2550 5160 2715 5228 prima
2744 5176 2900 5215 manu
2930 5161 3110 5231 deﬂuit
3139 5181 3283 5220 usus.

2127 5226 2425 5302 756._Ald.,
2456 5226 2591 5302 Gisl,
2629 5236 2847 5302 secuto,”
2871 5226 3199 5300 cum'Alex.,
3237 5235 3366 5302 Urb,
3397 5244 3452 5291 et
3480 5234 3628 5291 aliis.

2056 5294 2110 5348 ld
2141 5297 2306 5350 tenuit
2327 5297 2591 5362 Heinsius,
2609 5298 2702 5353 sed
2723 5299 2850 5353 nihil
2879 5315 2942 5355 ex
2969 5318 3098 5356 mss.
3119 5294 3634 5362 mimuitheitzius

2057 5381 2175 5419 cum
2203 5367 2333 5432 suis,
2367 5365 2510 5431 Rat.,
2539 5380 2778 5421 secutum.
2814 5370 2998 5424 Melius
3027 5383 3112 5428 est
3145 5384 3339 5428 secuto.

2129 5437 2251 5491 7-59.
2288 5435 2402 5488 Vat.
2436 5439 2500 5498 A,
2544 5436 2758 5490 rhetoris
2786 5441 2910 5494 oris.
2950 5443 3130 5505 Alex.,
3155 5459 3261 5498 ore.
3304 5444 3406 5498 Alii
3431 5445 3632 5499 melius

2060 5508 2293 5582 rhetoris,
2314 5506 2502 5582 ora._lll
2524 5507 2728 5582 .riettus
2759 5509 2879 5582 hinc
2902 5513 3076 5582 arguit
3098 5513 3404 5582 Symmachi
3429 5531 3632 5570 novam

2061 5579 2193 5626 hanc
2224 5577 2384 5654 fuisse
2435 5579 2746 5654 legationem
2791 5578 2868 5654 ad
2899 5577 3217 5654 Honorium,
3266 5585 3336 5639 ob
3375 5600 3533 5654 quam
3569 5596 3640 5639 ut.

2057 5645 2427 5768 ‘rjesptonderet,
2461 5645 2556 5702 hos
2600 5647 2758 5704 libros
2806 5650 2874 5704 ad
2899 5645 3433 5725 llouorium'sgt-rips-it
3479 5653 3630 5710 Pru-

2096 5731 2157 5768 en
2190 5729 2286 5768 ius.

2096 5729 2286 5769 anuus.
