4052 6184
418 308 528 368 245

593 423 754 494 831
773 419 1017 493 Persistit
1043 427 1216 478 tamen
1235 417 1530 482 afﬁrmans,
1553 418 1654 472 iter
1673 430 1794 472 esse
1815 415 1991 470 viandi
2020 420 2074 478 Α

592 514 754 584 332
783 510 1122 575 Multiﬁdum,
1148 510 1480 578 variumque,
1515 509 1804 586 Deuscnm
1845 521 1994 576 quase

1580 598 1735 670 [ritur
1763 612 1919 652 unus.

597 691 731 748 Hinc
760 692 912 757 alios,
944 701 1028 746 ast
1056 690 1178 746 inde
1199 689 1332 745 alios
1361 703 1650 759 properare
1674 701 1939 751 seorsum,

418 785 523 841 775
595 783 869 852 Quemque
905 797 998 854 per
1027 782 1296 838 anfractus
1325 780 1608 850 preprios:
1643 779 1736 834 sed
1767 778 1998 848 compita

1713 868 1924 940 [eodem

591 965 756 1036 833
806 963 940 1034 Fine
982 961 1262 1028 coarctari,
1311 960 1468 1016 simul
1503 969 1558 1018 et
1593 973 1914 1016 concurrere
1945 959 1998 1015 in
2097 967 2104 977 '

1717 1051 1926 1123 [unum.

1719 1099 1925 1123 μη---

591 1146 730 1214 Quin
753 1147 911 1202 etiam
934 1146 1152 1213 caelum,
1181 1099 1340 1214 atque
1363 1143 1559 1209 solum,
1585 1109 1796 1208 venies,
1827 1155 1995 1209 mare,

1701 1232 1906 1303 [nubes

586 1328 847 1384 Omnibus
871 1329 922 1385 in
954 1341 1238 1384 commune
1281 1326 1414 1391 dari,
1453 1325 1538 1382 vel
1566 1324 1656 1395 qui
1681 1324 1998 1390 eolimustc,

594 1419 826 1489 Christe,
849 1420 934 1475 vel
955 1427 1079 1476 exta
1100 1418 1255 1472 litant
1277 1417 1497 1487 sculptis
1515 1420 1604 1486 qui
1634 1414 1808 1470 tabida
1832 1415 2000 1471 saxis.

669 1511 786 1569 Non
802 1526 939 1581 nego
961 1523 1296 1566 communem
1313 1509 1518 1564 cunctis
1535 1507 1832 1562 viventibus
1847 1521 2000 1565 usum

594 1607 770 1672 Aeris,
801 1613 1088 1668 astrorum,
1122 1601 1317 1670 pelagi,
1344 1599 1574 1668 telluris,
1600 1607 1654 1654 et
1682 1599 1889 1654 imbris.

597 1704 710 1759 lino
740 1704 899 1766 etiam
930 1702 1158 1772 iniustus
1204 1702 1424 1768 pariter,
1453 1700 1737 1770 iustusque
1764 1698 1866 1754 sub
1892 1711 2000 1754 uno

596 1806 715 1857 Axe
740 1801 1012 1857 habitant:
1034 1815 1168 1854 unas
1185 1799 1325 1868 capit
1349 1797 1566 1868 impius,
1595 1808 1646 1853 et
1667 1799 1786 1868 pius
1802 1811 1962 1853 auras
1987 1815 1999 1852 :
2034 1792 2081 1853 Β

594 1903 806 1970 Castus,
837 1910 892 1958 et
932 1902 1206 1958 incestus:
1257 1901 1534 1969 meretrix,
1567 1910 1623 1956 et
1645 1909 1847 1970 nupta:
1900 1915 2001 1958 nec

1750 2000 1768 2072 Ῐ
1796 2001 1934 2057 alter

599 2102 706 2158 Ore
739 2101 1056 2170 sacerdotis,
1089 2116 1249 2172 quam
1281 2100 1617 2158 mirmillonis
1642 2100 1862 2158 anhelat

597 2204 851 2274 Spiritus,
879 2202 1030 2258 aerio
1059 2203 1220 2256 vitam
1249 2201 1341 2272 qui
1375 2209 1639 2271 temperat
1678 2201 1893 2256 haustu.

597 2302 777 2357 Nubes
790 2316 952 2359 verna
974 2300 1106 2370 pluit
1122 2302 1356 2370 zephyro
1377 2299 1685 2368 impellente
1706 2317 1719 2353 :
1743 2300 1839 2356 sed
1853 2314 2004 2372 teque

599 2402 778 2468 Foris,
810 2410 866 2458 et
893 2401 1106 2457 innocui
1138 2400 1385 2457 fecundat
1405 2414 1528 2456 rura
1554 2400 1754 2457 coloni.

598 2503 835 2574 Gurgitis
859 2501 1030 2574 aestivi
1055 2500 1130 2556 sic
1156 2515 1288 2571 pura
1326 2500 1523 2556 ﬂuenta
1552 2500 1750 2567 viator,

422 2602 524 2659 790
601 2601 666 2658 Ut
695 2601 831 2657 latro
851 2599 1047 2667 fessus,
1077 2597 1219 2655 adit:
1246 2598 1326 2654 sic
1350 2598 1537 2669 piratis
1562 2613 1710 2654 mare
1737 2597 1928 2667 servit,

1523 301 1794 359 AURELII
1837 299 2207 358 PBUDENTII
2247 300 2328 356 CA
2343 301 2576 356 RMINA.

3573 291 3685 354 2“

2277 415 2344 469 llt
2371 413 2655 470 mercatori
2681 431 2692 466 :
2724 425 2823 469 nec
2846 411 3041 468 ﬂuctus
3059 409 3236 468 secius
3257 407 3399 464 hosti

2275 505 2440 577 834
2457 504 2800 575 Obsequitur,
2823 518 2985 576 quam
3000 517 3122 558 cum
3150 500 3308 558 licita:
3327 501 3429 557 fert
3451 508 3684 562 transtra

3363 590 3611 664 [carin:e.

2279 687 2420 757 Ergo
2439 699 2604 755 capax
2631 685 2906 753 utriusque
2929 684 3005 739 rei
3029 692 3216 754 natura
3246 683 3498 738 creandis

2280 775 2350 832 Se
2380 775 2580 846 prabet
2599 774 2832 844 populis,
2876 788 2976 829 nec
2999 772 3486 828 hahetdiscernere
3505 773 3688 845 dispar

2101 865 2208 922 795
2285 863 2562 920 Viventum
2591 864 2862 929 meritum,
2897 877 3031 934 quos
3061 871 3269 918 tantum
3299 863 3685 934 pascerejussa

3461 956 3480 1026 [
3509 966 3611 1012 est.

2283 1046 2463 1102 Servrt
2494 1045 2636 1103 enim
2683 1043 2934 1112 mundus,
2981 1058 3086 1099 non
3135 1044 3342 1114 iudicat
3391 1062 3404 1097 :
3441 1045 3541 1102 hec
3583 1047 3689 1106 sibi

3335 1136 3356 1210 [
3376 1151 3615 1194 summus

2283 1229 2497 1289 Naturae
2518 1229 2766 1285 dominus
2794 1237 3105 1299 praescripta
3129 1229 3183 1285 in
3215 1237 3456 1301 tempora
3486 1245 3688 1290 servat.

2285 1317 2436 1374 Nunc
2499 1319 2693 1375 adsunt
2747 1317 2952 1374 homini
3003 1319 3126 1374 data
3193 1335 3415 1376 munera
3486 1323 3693 1394 legibus

3359 1408 3380 1480 [
3409 1410 3619 1482 iisdem,

2281 1499 2446 1567 Queis
2502 1513 2755 1555 concessa
2813 1500 2979 1566 semel
3013 1519 3024 1554 :
3059 1499 3180 1556 fons
3231 1499 3472 1574 liquitur,
3518 1505 3693 1567 amnis

3333 1594 3351 1664 [
3376 1595 3620 1663 inundat,

2107 1687 2212 1745 800
2290 1687 2586 1742 Velivolum
2613 1689 2817 1744 ratibus
2843 1701 2990 1744 mare
3035 1686 3270 1752 finditur,
3299 1687 3477 1744 inﬂuit
3501 1690 3692 1765 imber,

2288 1778 2433 1833 Aura
2455 1778 2599 1833 volat
2623 1778 2818 1846 tenuis,
2843 1787 3121 1848 vegetatur
3147 1776 3366 1833 mobilis
3387 1792 3502 1844 aer,
3597 1808 3610 1820 -

2285 1871 2351 1926 Et
2378 1886 2465 1927 res
2495 1879 2702 1927 natura:
2728 1872 2784 1924 fit
2810 1872 3046 1942 publica,
3074 1881 3429 1943 promptaque
3465 1873 3692 1938 cunctis,

2285 1961 2418 2016 Dum
2446 1971 2660 2018 servant
2699 1961 2966 2018 elementa
3011 1975 3168 2018 suum
3213 1961 3530 2017 famulantia
3569 1977 3692 2025 eur-

3437 2052 3457 2126 [
3485 2068 3624 2109 sum.

2291 2143 2382 2200 Sic
2407 2144 2632 2214 probus,
2655 2153 2814 2214 atque
2840 2158 2966 2200 reus
2986 2144 3227 2216 capitalis
3246 2144 3487 2201 criminis
3510 2145 3693 2205 iisdetll

2115 2237 2225 2296 805
2296 2239 2594 2308 Sideribus,
2627 2239 2904 2310 facilisque
2943 2241 3049 2311 poli
3092 2239 3327 2295 bonitate
3358 2239 3626 2294 fruuntur.

2289 2329 2479 2386 Vivere
2500 2345 2784 2387 commune
2801 2340 2882 2386 est
2902 2346 2916 2384 :
2941 2330 3035 2385 sed
3052 2345 3157 2386 non
3170 2344 3455 2386 commune
3479 2330 3692 2391 mereri.

2295 2425 2537 2495 denique
2565 2424 2859 2494 Romanus,
2893 2425 3060 2494 Daha,
3102 2423 3366 2492 Sarmata,
3399 2425 3690 2494 Vandalus,

3332 2518 3349 2589 [
3382 2517 3630 2583 llunnus,

2275 2605 2532 2674 Gaetulus,
2547 2606 2865 2674 Garamans,
2885 2607 3229 2680 Alamannus,
3245 2608 3411 2673 Saxo,
3427 2606 3694 2673 Galau'as,

1733 2709 2018 2768 GLOSSAS
2056 2709 2396 2772 VETERES.

488 2804 614 2860 772.
645 2803 853 2858 Viandi.
889 2805 957 2856 ad
980 2803 1260 2864 veritatem,
1297 2801 1335 2854 l.

490 2876 612 2931 775.
644 2873 907 2942 Compita,
931 2871 1443 2942 competuntdicitur,
1466 2871 1551 2924 ubi
1575 2869 2002 2942 ntultaivitecom-

421 2955 686 3014 petuntur,
718 2940 874 2996 idest
896 2945 1203 3014 junguntur.
1232 2971 1304 3014 _-—
1333 2940 1557 3014 Eodem,
1585 2955 1709 3008 uno,
1745 2941 1784 2994 Ι.

493 3014 616 3067 779.
645 3014 843 3073 Litant,
890 3009 1204 3078 sacriﬁcant,
1231 3009 1270 3065 Ι.
1441 3009 1446 3015 ’

491 3086 615 3138 780.
648 3081 891 3145 Cunctis,
924 3096 1050 3143 esse,
1085 3081 1128 3134 Ι.

496 3153 622 3208 785.
658 3155 795 3216 Axe,
822 3151 969 3219 coelo,
1004 3149 1046 3202 l.

493 3222 616 3278 784.
650 3223 909 3285 Incestus,
947 3218 1193 3290 pollutus.
1226 3218 1268 3274 1.

490 3293 616 3348 785.
649 3293 773 3351 Ore,
806 3291 869 3346 de
900 3288 986 3345 ore
1012 3320 1082 3330 —-
1107 3288 1460 3350 Mirmillonis,
1489 3305 1698 3356 scurra.
1753 3289 2001 3345 Hii-milio

423 3362 680 3435 gladiator
704 3363 826 3432 fuit,
859 3370 908 3415 et
933 3361 1138 3432 ponitur
1159 3376 1252 3428 pro
1281 3361 1418 3414 οηιηὶ
1445 3359 1718 3427 homicida,
1752 3359 1792 3415 l.

2185 2805 2306 2860 787.
2343 2805 2537 2872 Verna,
2578 2806 2816 2870 cernatis,
2851 2805 2892 2860 Ι.

2182 2875 2305 2930 790.
2340 2875 2552 2942 Piratis,
2583 2877 2797 2930 marinis
2817 2876 3120 2940 latronibus,
3149 2876 3190 2930 l.

2180 2944 2305 2999 795.
2337 2944 2644 3015 Utriusque,
2677 2946 2796 2999 boni
2819 2954 2867 3000 et
2887 2946 3042 3010 'mali,
3073 2947 3116 3001 l.

2185 3015 2311 3089 797.
2339 3015 2550 3089 Servat,
2593 3017 2646 3069 in
2672 3018 2754 3069 die
2779 3017 2985 3089 judicii,
3013 3017 3034 3071 Ι

2181 3085 2310 3156 809..
2342 3085 2716 3156 Promptaque,
2768 3085 2889 3155 quia
2915 3090 3069 3142 servit.
3098 3085 3349 3144 omnibus.
3383 3086 3486 3142 lso.

2183 3155 2308 3226 801i.
2338 3155 2620 3224 Capitalis,
2645 3173 2744 3225 quo
2773 3173 2885 3209 rcus
2915 3161 3080 3221 capite
3102 3157 3253 3226 plec‘i
3276 3156 3440 3221 debet,
3473 3158 3516 3212 Ι.

2118 3295 2130 3307 _
2340 3226 2653 3349 (igr'itmans,
2681 3227 2856 3297 populi
2888 3224 3188 3283 Siciliaié—
3218 3224 3487 3294 Galaulas,
3517 3234 3710 3298 populi

2118 3312 2164 3349 ιη
2248 3312 2354 3349 rten
2409 3334 2425 3349 .
2473 3334 2488 3349 .

2110 3305 2164 3349 tn
2199 3305 2425 3363 oriente,
2449 3305 2488 3349 ι.

1771 3449 2328 3512 COMMENTARIUS.

493 3545 598 3600 77'2
626 3552 681 3599 et
713 3544 835 3600 775.
861 3543 981 3602 Vat.
1003 3555 1072 3609 Α,
1098 3558 1203 3596 esse
1233 3541 1469 3604 vocandi,
1503 3541 1676 3596 minus
1707 3542 1866 3598 bene.
1906 3542 2000 3597 Vi-

422 3618 578 3673 detur
597 3614 912 3685 Prudentius
931 3627 1222 3685 agnoscere
1245 3610 1627 3685 Symmachum
1647 3627 1809 3667 unum
1830 3613 1996 3685 Deum

425 3685 599 3741 fateri.
650 3683 764 3738 Non
795 3682 978 3738 tamen
1013 3684 1083 3738 ita
1115 3691 1198 3737 est
1236 3698 1251 3738 :
1283 3697 1404 3734 nam
1441 3682 1809 3752 argumentum
1841 3682 1998 3752 Sym-

423 3755 596 3810 machi
626 3755 676 3808 in
705 3769 770 3809 eo
798 3763 1060 3820 versatur,
1088 3753 1225 3823 quoil
1255 3752 1434 3806 multa:
1459 3761 1581 3806 sunt
1600 3753 1701 3809 viae
1725 3753 1998 3822 quatrendi

422 3823 804 3894 Divinitatcm;
838 3841 960 3878 nam
993 3839 1143 3893 atque
1183 3837 1307 3894 eam
1343 3833 1590 3894 quaerunt
1621 3823 1712 3894 qui
1743 3838 1906 3878 unum
1935 3837 1999 3878 ac

421 3891 511 3966 qui
547 3895 889 3966 pluresDeos
911 3891 1176 3966 astrujtnt.
1214 3891 1516 3966 V_ide_vers.
1545 3893 1671 3948 879.

496 3967 596 4021 774
649 3964 749 4020 Ald
779 4007 793 4031 ,
824 3966 1007 4030 Alex.,
1053 3963 1206 4030 Urb.,
1251 3960 1468 4026 Weitz.,
1511 3977 1755 4017 seorsum.
1786 3962 1994 4029 Heins.,

420 4035 563 4099 Gis.,
601 4036 745 4100 Rat.,
774 4037 1004 4090 seorsim.

493 4107 620 4160 775.
651 4107 831 4168 Alcm,
883 4107 1028 4165 llat..
1061 4103 1342 4169 anfractus.
1389 4100 1510 4158 Alii.
1559 4103 1844 4169 anfractus.
1873 4101 1994 4155 Vat.

420 4180 489 4241 A,
521 4176 666 4233 ltaL.
699 4175 901 4229 Widm.
935 4172 1176 4228 scribunt
1203 4181 1465 4241 competa.
1485 4169 1758 4241 Weitzius,
1791 4172 1881 4240 qui
1907 4170 1998 4228 Al-

421 4238 548 4298 dum
593 4243 788 4312 allegat
820 4257 914 4307 p10
944 4249 1195 4312 corripeta,
1243 4255 1350 4294 non
1380 4238 1587 4312 viderat
1628 4239 1783 4307 hujus
1811 4238 1998 4312 corrc:

421 4313 650 4380 etionem
675 4308 915 4378 compita.
951 4308 1080 4365 Vide
1101 4317 1391 4380 comment.
1423 4308 1506 4362 ad.
1540 4324 1682 4380 vers.
1711 4312 1742 4364 7
1777 4311 1927 4378 praef.
1954 4311 1991 4364 2

420 4377 646 4451 Apoth.,
685 4377 799 4437 ubi
820 4385 968 4451 plura
1008 4381 1117 4437 dixi
1157 4381 1224 4437 de
1261 4377 1639 4449 orthographia
1677 4377 1826 4436 vocis
1853 4397 1995 4436 com-

457 4457 605 4507 itum.
1093 4461 1096 4463 λ

421 4472 615 4577 Ρηῗῖἔί.
642 4513 777 4577 lluic
830 4521 1010 4577 versui
1057 4523 1218 4578 verba
1262 4521 1564 4591 Symmachi
1605 4521 1994 4591 subjiciuntur:

419 4592 650 4660 /Equum
677 4603 770 4658 est,
803 4593 1052 4661 quidquid
1079 4609 1249 4648 omnes
1269 4593 1464 4661 colunt,
1497 4607 1656 4644 unum
1683 4594 1871 4659 putari.
1893 4591 1998 4645 Ea-

420 4667 534 4729 dem
563 4673 848 4731 spectamus
874 4660 1047 4716 astra:
1071 4678 1331 4716 commune
1362 4660 1542 4714 caelum
1568 4669 1640 4713 est
1660 4678 1678 4716 .'
1728 4664 1860 4716 idem
1904 4678 1999 4715 nos

423 4735 642 4788 mundus
666 4733 892 4786 involvit.
928 4733 1063 4795 Quid
1105 4736 1324 4794 interest,
1355 4747 1452 4798 qua
1479 4736 1687 4800 quisque
1727 4733 1998 4800 prudentia

2174 3542 2300 3599 790.
2333 3541 2454 3598 Vat.
2487 3544 2555 3607 A,
2580 3557 2724 3595 mare
2749 3543 2936 3610 fervet;
2977 3543 3170 3599 melius
3195 3545 3284 3597 alii
3314 3558 3486 3600 servit.
3514 3546 3635 3600 Rat.
3665 3563 3720 3604 a.

2103 3614 2276 3683 prima
2304 3627 2484 3680 manu,
2507 3621 2671 3683 servat
2698 3629 2716 3678 ;
2747 3627 2932 3682 supra,
2965 3614 3137 3668 servit.
3188 3615 3393 3670 Seneca
3423 3615 3514 3669 lib.
3549 3633 3602 3670 tv
3627 3619 3701 3672 de

2101 3679 2311 3755 Beneﬁ,
2342 3679 2584 3755 cap.26,
2635 3681 2699 3755 _Si
2730 3679 2848 3755 deos
2878 3683 3114 3755 imitaris,
3147 3685 3214 3737 da
3235 3696 3281 3738 et
3310 3685 3525 3755 ingratis
3547 3690 3701 3742 benc-

2098 3753 2237 3825 ﬁcia.
2275 3753 2546 3825 sceleratis
2566 3753 2855 3825 sol‘oritur,
2880 3763 2926 3806 et
2951 3754 3130 3825 piratis
3155 3763 3329 3825 patent
3363 3753 3546 3810 maria.

2172 3824 2306 3898 791.
2330 3823 2386 3876 In
2408 3823 2540 3898 Vat.
2565 3821 2610 3877 Δ
2631 3821 3003 3898 desiderantur
3025 3821 3348 3898 brec'verba,
3386 3843 3477 3879 nec
3503 3831 3700 3898 ﬂuctus

2097 3895 2261 3947 secius
2287 3893 2440 3946 hosti.
2468 3893 2646 3960 Egtn.,
2675 3892 2954 3956 mendose,
2983 3894 3172 3957 sed—ius,
3206 3911 3300 3962 pro
3328 3892 3513 3952 secius.

2171 3963 2296 4018 79‘2.
2328 3962 2476 4029 Ald.,
2508 3963 2776 4032 Termes"
2814 3963 3087 4028 Galland.,
3118 3963 3231 4020 Gis.
3287 3966 3336 4018 in
3371 3976 3542 4032 textu,
3595 3969 3701 4024 (ιο-η

2101 4034 2274 4087 minus.
2308 4032 2454 4088 Rat..
2483 4031 2707 4098 Weitz.,
2728 4032 2953 4101 Widm.,
2989 4035 3179 4098 Palat.,
3212 4035 3485 4092 Heinsiani
3515 4031 3570 4094 et
3600 4055 3700 4095 re-

2100 4105 2384 4168 centiores,
2415 4103 2590 4156 licitis.

2172 4173 2295 4227 800.
2321 4171 2570 4227 Heinsius
2602 4171 2784 4226 mallet
2806 4172 3008 4242 impluit
3039 4173 3218 4229 imber.

2170 4243 2296 4298 804.
2335 4242 2606 4315 Arnobius
2652 4242 2745 4296 lib.
2799 4257 2870 4306 tv,
2918 4241 3197 4315 Fervorem
3252 4245 3522 4315 genitalem
3567 4246 3700 4307 solis

2102 4311 2266 4384 Deus,
2300 4314 2462 4384 noctis
2483 4320 2531 4367 et
2561 4321 3024 4384 tenipora,_ventos,
3054 4311 3271 4380 plut-ias,
3305 4317 3474 4384 fruges
3495 4323 3699 4376 cunctis

2099 4383 2440 4456 subministrat
2465 4382 2971 4456 mgnaliterhbonis,
3024 4382 3464 4456 malis.__injustis,
3506 4391 3700 4456 servis,

2100 4453 2429 4524 pauperibus,
2463 4452 2722 4524 divitibus.
2758 4452 2945 4506 Matth.
2977 4469 3030 4516 v,
3060 4453 3163 4524 ὧδε
3195 4454 3260 4508 Ut
3287 4452 3400 4509 sitis
3448 4457 3548 4524 ﬁlii
3577 4452 3700 4512 Pa;

2100 4523 2201 4595 tris
2220 4523 2388 4587 restri,
2425 4524 2522 4595 Aqui
2566 4523 2725 4575 solem
2753 4539 2902 4574 suum
2932 4524 3059 4595 oriri
3098 4523 3223 4590 facit
3264 4541 3418 4595 super
3457 4528 3622 4584 bonos
3642 4543 3698 4589 et

2099 4593 2281 4656 malos,
2313 4602 2358 4645 et
2379 4593 2519 4662 pluit,
2534 4608 2686 4662 super
2695 4595 2864 4661 justas
2886 4601 2932 4646 et
2954 4593 3192 4662 injustas.

3502 4665 3657 4723 Delta
3683 4685 3701 4736 ;

2170 4663 2294 4718 807.
2327 4661 2729 4729 Urb.,Widm.,
2778 4663 2880 4716 Rat
2909 4703 2925 4728 ,
2975 4661 3165 4728 Dona;
3209 4664 3326 4718 Vat.
3379 4665 3446 4729 Α,

2100 4731 2247 4807 Alit,
2274 4730 2928 4807 Heins.,_Weitz.aliisab
2951 4733 3128 4807 Λιβξη
3155 4733 3302 4807 Daha
3324 4752 3342 4798 ;
3367 4735 3506 4807 Gis.,
3536 4730 3704 4807 Daci

419 4821 595 4859 rerum
616 4803 879 4890 requirat?
918 4801 1052 4890 ‘Uno
1085 4803 1261 4857 itinere
1307 4818 1408 4855 non
1456 4810 1616 4869 potest
1657 4803 1904 4872 perveniri
1930 4802 1998 4855 ad
2025 4829 2076 4890 D
2101 4802 2286 4890 Et???)
2321 4801 2446 4890 Dea;
2481 4802 2810 4890 Rat‘.'scribit
2855 4802 3164 4890 Wandalus,
3196 4805 3355 4890 [.t‘_abr.
3398 4801 3704 4882 Vandalus;

420 4887 518 4929 tam
550 4873 739 4939 arande
776 4882 1042 4928 secretum.

494 4947 596 5000 780
646 4945 794 5009 Ald.,
819 4959 1083 4996 commune
1103 4943 1295 4997 cunctis
1315 4945 1586 4999 viventibus
1606 4946 1794 5012 ipsum.
1811 4956 2001 5011 perpe-

420 5033 556 5070 ram.
590 5017 647 5070 ltt
675 5015 838 5071 Tom.
868 5013 1032 5068 etiam
1058 5023 1174 5068 erat
1201 5012 1389 5082 ipsum,
1415 5015 1556 5083 quod
1592 5014 1828 5069 Latinius
1874 5027 1997 5068 cor-

419 5089 579 5142 rexit.

429 5147 434 5152 ⁷
490 5157 613 5212 786.
643 5155 822 5225 Egm.,
858 5145 977 5208 Val.
1026 5151 1094 5216 A.
1133 5151 1336 5208 hausto.
1366 5155 1546 5222 Alex.,
1583 5163 1771 5219 austu;
1813 5167 1995 5224 supra,

419 5229 626 5295 haustu,
657 5228 798 5292 quod
825 5239 1015 5295 verum,
1045 5233 1148 5280 est.
1434 5228 1436 5230 '
1916 5228 1918 5231 '

491 5293 614 5352 787.
643 5296 809 5350 Nabis
843 5296 961 5350 Vat.
991 5293 1060 5359 A,
1091 5309 1241 5348 more
1264 5296 1500 5363 antiquo.

493 5369 617 5423 789.
650 5367 857 5421 At'uira
887 5365 1142 5420 suntloca
1173 5365 1487 5419 umbrosain
1508 5363 1700 5433 quibus
1726 5377 1818 5431 per
1837 5371 1995 5416 atsta-

421 5447 527 5491 tent
560 5453 748 5506 pecora
787 5441 953 5491 vitant
999 5435 1230 5490 calorem
1275 5435 1439 5506 solis,
1493 5451 1578 5506 ex,
1611 5433 1798 5487 Servio
1827 5433 1894 5485 ad
1927 5447 1996 5506 Alll

418 5503 640 5575 Georg"
671 5509 759 5560 ubi
780 5507 925 5560 addit
953 5520 1021 5562 ex
1043 5505 1236 5572 Statio,
1267 5503 1334 5558 Et
1361 5505 1579 5558 umbrosi
1602 5513 1807 5572 patuere
1825 5504 1999 5556 aestiva

419 5580 587 5649 lycrei.
613 5577 929 5649 Prudentius
975 5576 1240 5649 gurgitem
1286 5577 1512 5631 cestivum
1556 5575 1686 5649 dicit
1733 5588 1836 5625 non
1889 5581 1995 5626 tam

420 5645 559 5720 quod
593 5645 875 5720 ntnbrosus
904 5661 1025 5720 esse
1051 5645 1237 5714 possit,
1285 5663 1442 5718 quam
1487 5648 1606 5715 quia
1638 5659 1728 5716 per
1759 5653 1995 5719 aestatem

422 5715 534 5786 eius
561 5734 694 5785 aqua
725 5715 920 5770 vitatur
947 5715 1112 5770 calor.

2101 4872 2194 4926 alii
2229 4872 2515 4928 Vandalus.
2557 4873 2735 4935 Alex.,
2767 4890 2918 4933 unus,
2949 4875 3171 4927 ementla
3198 4873 3441 4929 Hunnus.

2173 4945 2262 4998 88.
2299 4942 2571 4996 lleinsiani
2593 4943 2774 5011 scripti
2798 4951 2852 4998 et
2881 4943 2996 5006 alii,
3025 4941 3334 5010 Garamans,
3364 4954 3419 4998 et
3443 4945 3710 5005 Alaman-

2103 5029 2197 5066 nus
2242 5030 2257 5070 :
2299 5013 2549 5067 Heinsius
2606 5022 2780 5066 tamen
2838 5012 3008 5066 edidit
3054 5012 3338 5080 Garamas,
3383 5016 3705 5078 Alamanus.

2102 5083 2289 5138 Glossa
2314 5083 2494 5152 inepte
2528 5083 2880 5138 Garamantas
2921 5085 3146 5151 populos
3184 5085 3385 5138 Sicilizc
3427 5085 3585 5152 dicit,
3641 5101 3708 5146 nt

2101 5153 2353 5209 Galanlas
2384 5153 2608 5222 populos
2639 5153 2690 5205 in
2719 5153 2958 5222 Oriente.
3005 5153 3248 5208 Nonnulli
3289 5155 3533 5210 scribunt
3565 5159 3708 5214 Ale-

2102 5239 2337 5282 mannus.
2367 5221 2513 5287 Rat.,
2543 5221 2779 5283 Thuan.,
2807 5221 3029 5276 Galaula
3071 5240 3090 5277 :
3142 5225 3372 5280 fortasse
3417 5225 3702 5285 Galaules.

2101 5293 2320 5348 Orosius
2346 5294 2440 5347 lib.
2468 5307 2505 5355 ι,
2529 5305 2647 5363 cap.
2677 5293 2734 5363 2,
2764 5292 2816 5345 in
2839 5292 3030 5363 Africa:
3058 5295 3419 5363 descriptione
3465 5313 3478 5348 :
3510 5299 3554 5349 Α
3581 5316 3706 5354 me-

2101 5363 2231 5434 ridie
2250 5373 2420 5434 gentes
2443 5361 2679 5415 Aulolum
2701 5361 2719 5431 (
2738 5363 2809 5434 al.
2835 5361 3074 5416 Autolum
3094 5362 3113 5432 )
3135 5361 3261 5434 quas
3287 5381 3420 5418 nunc
3438 5364 3708 5425 Gaulales

2104 5431 2218 5502 (sic
2239 5431 2269 5503 )“
2295 5442 2495 5503 rogant,
2528 5445 2691 5503 usque
2723 5432 2792 5484 ad
2832 5431 3101 5486 oceanum
3129 5433 3437 5503 Hesperium
3487 5441 3708 5495 contin-

2099 5501 2298 5574 gentes.
2330 5501 2431 5574 Hic
2456 5509 2526 5556 est
2548 5501 2792 5574 terminus
2822 5503 3066 5556 universa:
3094 5501 3298 5572 Africae.
3329 5507 3544 5560 Auloles
3571 5512 3708 5566 sive

2104 5569 2325 5628 Autoles
2354 5588 2386 5626 a
2406 5573 2621 5641 Lucano
2643 5569 3107 5641 lih.'tvvocantur
3132 5569 3416 5641 Autololes,
3460 5587 3520 5631 et
3558 5593 3707 5635 sunt

2103 5643 2284 5715 populi
2315 5639 2556 5715 Numidis
2601 5653 2663 5695 ac
2690 5640 2896 5715 Getulis
2926 5641 3158 5715 finitimi.
3205 5639 3496 5715 Grangseus
3522 5648 3602 5702 ait
3631 5667 3705 5706 se

2101 5711 2237 5784 apud
2269 5711 2599 5784 geographos
2629 5724 2736 5767 non
2766 5711 2955 5781 legism
2976 5713 3092 5784 quis
3127 5713 3219 5771 ille
3253 5711 3596 5788 siLfsopulus.
3635 5730 3710 5775 et.
