4052 6184
487 286 593 346 217

1525 298 1804 355 AURELII
1845 298 2208 358 PRUBENTII
2247 303 2570 362 CARMINA.

3639 300 3752 361 243

659 389 1033 486 Justitiamque
1053 416 1226 484 litant,
1249 423 1304 470 et
1325 413 1577 485 templum
1603 417 1835 485 pectoris
1847 426 2058 472 ornant.
2089 421 2137 479 Δ
2165 421 2270 477 855
2345 424 2409 477 Et
2436 432 2512 478 tot
2541 433 2665 479 sunt
2693 423 2808 495 ejus
2830 424 3077 492 divortla,
3101 438 3230 493 quor
3249 429 3567 493 templorum
3620 455 3629 464 -

658 507 936 563 Secretutn
965 509 1060 563 sed
1081 507 1281 576 grande
1319 508 1497 578 nequit
1519 509 1742 563 rationis
1789 518 1992 580 opertae

660 600 834 666 Quaeri
863 601 1037 666 aliter,
1071 614 1227 668 quam
1262 600 1306 654 si
1339 601 1539 668 sparsis
1573 601 1652 654 via
1683 602 2066 672 multiplicetur

663 691 1010 754 Tratnitibus.
1041 702 1094 745 et
1114 700 1368 746 centenos
1393 701 1527 747 terat
1557 693 1731 747 orbita
1751 693 1934 760 calles,

661 782 954 848 Quaesitum
985 781 1148 836 Deum
1178 783 1376 835 Variata
1409 781 1598 849 indage
1626 783 1903 837 latentem.

665 870 845 940 Longe
887 871 1031 926 aliud
1057 886 1239 926 verum
1279 879 1410 926 est:
1465 887 1586 926 nam
1635 870 1798 927 multa
1842 872 2066 942 ambago

1767 961 1993 1034 [viarum

485 781 590 837 845

664 1051 948 1106 Anfractus
988 1052 1183 1108 dubios
1216 1052 1407 1131 habet,
1453 1060 1508 1107 et
1546 1052 1850 1122 perplexius
1878 1060 2064 1111 errat:

662 1143 782 1196 Sola
823 1158 1008 1199 errore
1037 1152 1185 1199 caret
1212 1144 1441 1212 simplex
1472 1143 1575 1211 via,
1596 1143 1788 1199 nescia
1821 1142 1959 1198 llecti

665 1234 718 1287 lu
748 1235 1143 1302 diverticulum,
1173 1236 1328 1291 biviis
1359 1251 1456 1290 nec
1480 1235 1716 1304 pluribus
1737 1249 1952 1303 anceps.

661 1325 776 1380 Non
812 1334 989 1380 tamen
1024 1322 1251 1392 inlicior,
1282 1326 1476 1396 duplex
1499 1341 1779 1381 occurrere
1807 1325 1961 1382 nobis

663 1418 890 1486 Semper
919 1419 1040 1485 iter,
1071 1418 1298 1488 geminis
1327 1418 1570 1473 mortalia
1598 1419 1834 1488 partibus
1861 1420 1959 1487 ire,

657 1511 824 1581 838
851 1509 979 1564 Cum
1004 1498 1270 1575 dubitant,
1301 1525 1532 1581 quonam
1577 1509 1715 1566 ferat
1767 1511 2064 1582 ignorantia

1702 1600 1992 1675 [gressum.

663 1693 844 1748 Altera
871 1693 1126 1762 multiﬁda
1152 1701 1234 1750 est
1258 1711 1271 1748 :
1295 1702 1352 1752 at
1382 1694 1609 1763 simplex
1637 1693 1824 1764 altera,
1856 1704 1910 1749 et
1939 1709 2063 1751 una.

663 1782 777 1838 Una
803 1784 966 1858 Deum
999 1784 1258 1855 sequitur,
1295 1785 1448 1843 divos
1473 1785 1601 1846 colit
1626 1785 1792 1841 altera
1819 1786 2023 1854 plures,
2092 1779 2141 1850 Β

2352 514 2509 585 Signa
2530 555 2546 582 ,
2576 525 2709 586 quot
2735 517 2896 572 aeriis
2929 516 3155 572 volitant
3194 519 3578 587 phantasmata
3600 528 3757 571 mon-

3505 605 3677 677 [stris.

2236 761 2257 776 ,
2346 699 2453 778 Qut
2473 700 2571 755 hos
2597 699 2882 771 thyrsigeri
2914 699 3056 769 rapit
3083 698 3148 753 ad
3180 698 3434 769 Dionysia
3461 697 3674 765 Bacchi,

2349 789 2508 845 lllicit
2535 801 2625 845 aut
2650 791 2785 846 alios
2809 790 2875 845 ad
2902 789 3205 846 Saturnalia
3239 788 3394 854 lesta,

2351 881 2457 934 Aut
2483 880 2660 947 docet,
2692 880 2932 935 occultus
2956 894 3076 950 quae
3105 893 3256 934 sacra
3280 876 3543 946 Diespiter
3571 875 3755 936 infans
3818 923 3821 926 .

2347 967 2489 1024 Inter
2514 969 2734 1024 tinnitus
2759 969 2893 1025 solvi
2924 970 3026 1025 sibi
3057 977 3241 1038 poscat
3272 970 3498 1024 ahenos.

2348 1060 2572 1131 Jamque
2600 1061 2898 1130 lupercales
2926 1060 3137 1128 ferulas,
3167 1058 3402 1130 nudique
3429 1065 3683 1130 petuntur

2353 1153 2910 1223 Discursusjuvenum.
2930 1153 3242 1223 Megalesius
3265 1151 3389 1207 hinc
3409 1151 3598 1220 Spadn,
3614 1151 3753 1207 diris

2350 1250 2602 1299 Incensus
2625 1243 2795 1308 furiis,
2824 1258 2962 1298 casce
2991 1243 3056 1298 ad
3086 1257 3342 1310 responsa
3368 1249 3609 1297 vocatur.

2346 1334 2498 1402 Sunt,
2531 1336 2620 1403 qui
2647 1334 2937 1404 quadriviis
2965 1333 3300 1389 brevioribus
3329 1333 3406 1386 ire
3435 1331 3604 1402 parati

2347 1425 2512 1496 839
2536 1425 2670 1480 Vilia
2694 1425 2910 1481 Niliacis
2932 1433 3252 1481 venerantur
3276 1423 3516 1480 oluscula
3542 1425 3596 1478 in
3620 1421 3749 1478 hor-

3537 1514 3630 1587 [tis
3656 1529 3673 1568 :

2346 1605 2593 1674 Parrum,
2628 1612 2684 1660 et
2711 1618 2839 1676 cepe
2865 1603 2996 1661 deos
3024 1604 3300 1674 imponere
3323 1603 3553 1660 nubibus
3579 1602 3718 1668 ausi,

2347 1695 2613 1764 Alliaque,
2641 1701 2697 1750 et
2724 1694 2949 1763 Serapin
2974 1694 3099 1759 caeli
3123 1707 3285 1762 super
3311 1701 3453 1748 astra
3483 1693 3684 1750 locare.

2344 1784 2441 1839 lsis
2469 1784 2635 1853 enim,
2666 1791 2724 1842 et
2749 1782 2991 1856 Serapis,
3017 1792 3072 1840 et
3098 1782 3286 1856 grandi
3314 1782 3468 1840 simia
3495 1783 3688 1839 cauda.

2171 968 2277 1026 860

2169 1424 2276 1515 863

1770 1844 2057 1934 οὶοδδΕ
2097 1844 2435 1935 verentes.

554 1964 678 2019 842.
712 1964 924 2035 Nequit,
953 1983 1056 2022 non
1080 1968 1230 2032 valet,
1259 1967 1300 2023 1.

551 2035 679 2104 845.
712 2036 947 2104 sztrsis,
981 2038 1176 2096 divisis.
1210 2038 1251 2092 Ι.

701 2100 916 2181 indage,
940 2107 1347 2181 investigatione.
1379 2106 1657 2181 Utrumque
1684 2100 1843 2181 facit:
1870 2107 2058 2181 indago

481 2171 757 2249 indaginis.
788 2171 1047 2249 etvindago
1064 2171 1302 2248 indagis;
1332 2171 1746 2248 indagatione,'l.
1855 2247 1882 2249 η
1924 2195 1953 2249 ρ

550 2245 675 2318 846.
705 2246 906 2318 Longe,
945 2245 1112 2310 valde,
1141 2245 1232 2318 pro
1261 2251 1423 2303 uerius
1447 2245 1520 2302 est
1547 2263 1710 2316 quant
1737 2257 1790 2302 tu
1829 2247 1975 2314 dicis,
2011 2247 2052 2306 Ι.

547 2314 676 2367 847.
710 2314 1012 2383 Anfractus,
1041 2314 1306 2381 circuitus,
1331 2318 1371 2371 I.

548 2383 674 2506 850i
722 2385 934 2441 lnlicior
965 2427 980 2451 ,
1051 2402 1180 2458 nego
1211 2428 1227 2454 ,
1282 2388 1508 2456 inﬁteus,
1572 2395 1783 2460 negator
1843 2388 2058 2443 rationis

548 2468 626 2506 ne.
679 2493 692 2506 .

481 2467 626 2513 metu,
654 2467 692 2507 I.

550 2523 674 2594 85!.
706 2523 968 2590 Geminis,
994 2525 1048 2579 in
1072 2526 1258 2580 bonum
1279 2535 1324 2580 et
1352 2527 1563 2594 malum,
1596 2526 1639 2582 1.

551 2591 676 2664 85⁸2.
710 2595 983 2664 pubilam,
1011 2597 1110 2662 ipsi
1139 2596 1280 2664 mali,
1309 2596 1348 2650 Ι.

529 2662 672 2718 857.
705 2662 1030 2736 'l‘ltyrsigeri,
1057 2662 1284 2739 thyrsum
1308 2667 1546 2738 gerentis.
1563 2695 1635 2708 —-
1663 2666 1837 2738 Rapit,
1860 2668 1963 2739 via.
1989 2694 2053 2708 —

2157 1966 2435 2041 Dionysia,
2473 1967 2541 2041 gd
2578 1968 2802 2041 servitia,
2845 1966 3120 2037 sacriﬁcia,
3153 1967 3232 2023 uel
3257 1971 3421 2041 festa;
3447 1984 3569 2038 nam
3600 1969 3738 2027 Dio-

2159 2039 2336 2109 nysius
2362 2036 2722 2109 εξεβασοιιιιε.
2749 2037 2794 2109 |-_
2967 2036 2996 2109 ;
3257 2036 3285 2088 ’-

2228 2107 2354 2161 858.
2399 2105 2588 2169 Ἰιιὶοἱι,
2625 2105 2837 2162 seducit.
2862 2123 2935 2147 ι-
2962 2105 3283 2171 Saturnalia,
3317 2107 3552 2175 Saturni,
3586 2109 3631 2164 l.

2229 2175 2354 2232 859.
2405 2177 2687 2250 Diespiter,
2717 2177 2958 2250 luppiter
2997 2177 3110 2230 ideo
3143 2177 3435 2250 vocabatur,
3473 2179 3593 2250 quia
3623 2180 3740 2235 die-

2165 2263 2280 2317 rum
2307 2257 2450 2317 pater
2477 2247 2616 2316 apud
2633 2263 2721 2317 eos
2745 2245 3070 2317 credebatur;
3091 2257 3233 2317 pater
3257 2247 3379 2312 diei,
3408 2247 3450 2302 l.

2228 2315 2354 2387 861.
2387 2315 2725 2387 Lupercales,
2747 2319 2873 2387 festa
2899 2315 3219 2387 Paniquuat
3238 2317 3311 2370 ita
3327 2317 3734 2387 celebrabantur,

2161 2394 2217 2455 ut
2241 2385 2366 2439 nudi
2383 2385 2484 2452 per,
2498 2386 2693 2452 plateas
2723 2385 3059 2455 cucurrissent
3083 2385 3329 2455 homines,
3357 2386 3397 2440 1.
3580 2386 3584 2391 ’

2233 2455 2721 2533 862._hiegale§ius,
2745 2456 2979 2533 sacerdos
3007 2453 3185 2527 Opis'a
3212 2454 3416 2528 Megale
3442 2456 3658 2533 civitate,
3678 2458 3736 2533 in

2163 2542 2266 2597 qua
2293 2525 2553 2597 colebatur
2574 2525 2932 2597 Hercei/mitia,
2961 2525 3000 2579 l.
3053 2525 3061 2527 '
3300 2525 3321 2528 ‘
3449 2531 3452 2534 ·
3655 2543 3657 2545 ι

2235 2595 2358 2650 863.
2385 2595 2557 2662 Caeca,
2586 2594 2807 2662 occulta,
2831 2594 2872 2648 1.

2231 2666 2360 2722 868.
2390 2665 2522 2734 lsis,
2567 2681 2681 2735 qua:
2726 2675 2774 2720 et
2819 2663 3006 2722 Inachi
3054 2664 3181 2735 ﬁlia.
3216 2674 3283 2726 4-
3325 2665 3560 2736 Serapis,
3610 2667 3738 2722 deus

1811 2753 2364 2813 COMMENTARIUS.

478 2849 735 2903 dominum
773 2858 944 2905 sunta
974 2850 1173 2905 recenti
1203 2864 1382 2912 manu,
1410 2849 1676 2916 prioribus
1704 2850 1895 2917 erasis,
1920 2849 2047 2906 reli-

479 2934 600 2988 quae
625 2920 808 2974 eadem
839 2935 997 2973 manu
1028 2924 1222 2973 veteris
1252 2919 1473 2988 librarii.
1964 2925 1968 2930 '

547 2989 672 3058 841.
702 2996 1092 3058 Argumentum
1123 2987 1446 3058 Symmachi.

546 3056 917 3139 84d.l\’art..A,
947 3056 1235 3139 mendose,
1272 3056 1622 3139 obitaOcalles.
1673 3056 1810 3139 Εἰς..
1838 3056 2050 3139 jahn,

481 3126 837 3182 tramitibus'si
861 3129 1113 3181 centenos.
1143 3126 1391 3182 Heinsius
1423 3126 1476 3180 in
1505 3127 1667 3193 notis,
1698 3127 1983 3180 tramitibus
2005 3126 2051 3181 si

479 3197 698 3249 centenis
718 3198 950 3255 correxit
969 3213 997 3250 e
1014 3197 1124 3251 suis
1142 3196 1438 3266 palloribus
1460 3210 1553 3264 per
1574 3195 1856 3266 tramitibus
1869 3197 1914 3249 et
1936 3213 2052 3250 cen-

476 3267 605 3324 tenis
628 3281 646 3318 :
677 3277 804 3334 puto
846 3251 1110 3321 excidisse
1139 3251 1409 3330 mendum,
1452 3251 1515 3320 ac
1551 3251 1651 3324 leui
1690 3266 1742 3320 in
1771 3265 1884 3333 ejus
1911 3268 2053 3321 no‘tis
2077 3251 2123 3314 C

475 3336 675 3407 debere
696 3344 1008 3407 'rltnttl'rlsus
1035 3350 1078 3390 SI
1104 3351 1393 3401 cssrssos,
1419 3337 1704 3406 tramitibus
1725 3344 1772 3388 et
1799 3345 2050 3407 centenos.

475 3404 553 3458 Ita
596 3408 738 3460 enim
784 3406 951 3461 edidit
980 3407 1266 3461 tramitibus
1306 3415 1354 3460 et
1395 3404 1826 3475 centenos,'quod
1858 3404 2056 3462 habent

474 3475 566 3529 alti
591 3476 739 3538 edd..
768 3483 824 3530 et
849 3490 978 3531 mss.
1007 3492 1127 3532 cum
1159 3477 1328 3533 Jureti
1353 3475 1560 3531 codice.
1890 3475 1895 3481 ”

545 3545 671 3600 845.
703 3546 851 3612 liat.,
880 3547 1126 3613 latenter;
1153 3547 1275 3611 alii,
1307 3545 1561 3600 latentem.

546 3614 673 3670 846.
705 3617 911 3679 Heins.,
942 3615 1132 3672 Citam.
1160 3617 1318 3684 male,
1362 3619 1522 3670 inulta
1555 3616 1785 3686 ambage.
1819 3615 1930 3670 Hoc
1967 3616 2052 3682 ip-

473 3699 592 3742 Sutn
632 3686 906 3742 Prudentii
951 3697 1321 3756 argumentum
1352 3686 1610 3741 adversus
1638 3702 1732 3743 eos
1768 3687 2052 3743 haereticos

475 3760 778 3821 promoveri
831 3767 1005 3826 potest
1040 3757 1132 3828 qui
1167 3757 1683 3828 salutemaaternam
1727 3757 1782 3828 in
1803 3757 2053 3828 qualibet

473 3834 619 3898 secta
649 3842 769 3883 esse
795 3828 995 3892 iactant
1027 3826 1213 3898 {quod
1242 3826 1476 3898 egregie,
1508 3828 1590 3898 bis
1619 3826 1845 3898 laudatis
1877 3831 2050 3898 versi-

470 3891 591 3959 bus,
620 3911 711 3965 pra
731 3900 868 3954 Stitit
894 3891 1126 3956 Joannes
1157 3891 1469 3953 Hess'els'de
1489 3896 1679 3952 Ofﬁcio
1709 3896 1781 3964 pii
1820 3906 1875 3950 et
1893 3896 2050 3951 Chri-

472 3967 660 4038 stianae
679 3971 824 4038 pacis
839 3983 962 4024 vere
991 3971 1219 4034 amantis
1242 3967 1360 4036 viri,
1387 3975 1707 4036 exsurgente
1725 3974 1817 4021 aut
1837 3966 2051 4035 vigente

472 4035 691 4103 haeresi,
712 4055 830 4108 cap.
857 4041 946 4102 54.
1207 4044 1210 4045 ⁷

540 4108 667 4177 817.
700 4107 844 4172 liat.,
868 4109 1158 4177 anfractus;
1187 4121 1366 4177 supra,
1394 4107 1676 4177 anfractus.

540 4176 664 4230 848.
699 4179 773 4232 Ex
823 4173 1074 4232 Proverb.
1104 4197 1156 4243 χ,
1207 4173 1414 4241 91Ὠιιὶ
1452 4173 1680 4244 ambulat
1729 4175 2045 4245 simpliciter,

469 4249 698 4299 ambulat
721 4247 1051 4314 conﬁdenter.
1569 4312 1576 4314 ξ
1656 4313 1660 4314 ί
1843 4249 1848 4254 ’

537 4313 663 4385 849.
692 4312 931 4376 Potiores
963 4315 1262 4380 lleinsiani,
1301 4316 1354 4368 in
1393 4312 1750 4373 deverticulum
1782 4328 1800 4368 :
1827 4328 1932 4385 quo
1957 4329 2045 4370 re-

468 4384 628 4452 spicit
673 4387 825 4442 Alex.
850 4385 1288 4441 indeverticulum.
1497 4394 1503 4400 '
1641 4394 1643 4396 ’
1849 4384 1852 4385 ν
1881 4385 1884 4388 ’

538 4453 664 4525 850.
696 4457 873 4521 Egm.,
906 4457 1104 4512 Widm.
1151 4456 1216 4510 ad
1248 4470 1419 4522 oram,
1449 4454 1652 4524 inﬁteus
1679 4469 1699 4509 :
1729 4469 1795 4509 ex
1826 4469 1930 4525 quo
1956 4468 2047 4511 su-

466 4523 701 4595 spicatur
722 4526 981 4582 Weitzius
1011 4528 1235 4595 infiteor.
1360 4526 1366 4540 '

2225 2848 2351 2905 860.
2380 2849 2524 2916 Rat.,
2563 2849 2802 2915 tinnitos;
2829 2862 2935 2903 non
2965 2847 3120 2903 bene.
3157 2847 3433 2912 Minucius,
3467 2848 3732 2918 Coryban-

2151 2919 2540 2990 tumcymbalij,
2569 2934 2634 2972 ne
2659 2929 2804 2990 pater
2819 2919 2996 2972 audiat
3020 2918 3238 2990 vagitus,
3281 2919 3505 2990 tinnitus
3534 2921 3720 2990 editur.

2152 2988 2367 3059 Qvidiits
2397 3004 2446 3042 tv
2478 2988 2622 3044 Fast.
2640 3029 2655 3052 ,
2676 2988 2860 3059 Ardua
2878 2992 2990 3054 jam
3017 2989 3209 3040 dudum
3229 2999 3437 3059 resonat
3463 2989 3735 3059 tinnitibus

2149 3055 2265 3124 Ide,
2293 3058 2448 3129 Tutus
2474 3065 2528 3110 ut
2555 3049 2742 3129 infanti
2767 3049 2933 3127 vagiat
2955 3074 3039 3111 ore
3061 3071 3202 3129 puer.
3218 3057 3433 3129 Scilicet
3451 3049 3730 3129 Coryban-

2154 3135 2235 3182 tes
2261 3128 2542 3191 pulsabant
2571 3128 2764 3182 aeribus
2793 3126 2933 3192 aera,
2967 3136 3025 3180 ut
3047 3127 3124 3181 ait
3147 3126 3444 3182 Lucretius.

2226 3196 2351 3251 861.
2385 3199 2474 3251 Ha:
2500 3197 2683 3252 ferula:
2714 3198 3052 3265 lupercornm
3101 3205 3250 3252 erant
3291 3195 3512 3251 hircinaa
3537 3199 3727 3266 pelles,

2193 3281 2374 3320 uarum
2405 3268 2541 3323 ictus
2569 3278 2794 3321 catomus
2817 3267 3111 3329 dicebatur,
3141 3274 3199 3320 ut
3216 3266 3392 3330 colligi
3418 3267 3623 3322 videtur
3650 3286 3718 3324 ex

2189 3337 2425 3397 uvenalis
2453 3337 2748 3404 Scholiaste
2775 3337 2840 3390 ad
2872 3352 3009 3391 vers.
3046 3335 3166 3403 “2,
3207 3345 3307 3390 sat.
3345 3336 3380 3389 2
3405 3379 3420 3402 ,
3459 3336 3569 3390 Nec
3601 3356 3725 3400 pro-

2155 3405 2264 3459 dest
2284 3407 2409 3475 agili
2431 3407 2624 3474 palmas
2639 3409 2858 3477 prazbere
2886 3407 3111 3473 luperco.
3142 3407 3512 3477 Lupercortttng
3535 3410 3724 3462 iterum

2153 3477 2351 3537 mentio
2379 3477 2602 3531 recurrit
2639 3475 2698 3530 in
2730 3477 3012 3530 Laurentio
3042 3489 3187 3530 vers.
3235 3476 3361 3544 518,
3393 3488 3442 3531 el
3488 3475 3730 3534 Romano

2151 3561 2272 3600 vers
2303 3546 2423 3602 162.
2460 3547 2534 3601 De
2588 3561 2718 3602 voce
2743 3556 2967 3600 calamus
2989 3544 3110 3601 vide
3137 3553 3425 3600 comment.
3469 3545 3538 3599 ad
3576 3561 3726 3603 vers.

2151 3616 2254 3670 697
2279 3616 2330 3670 in
2367 3617 2628 3670 Romano.

2220 3685 2346 3756 862.
2380 3688 2522 3752 llat.,
2555 3685 2891 3755 magalesius;
2922 3684 3396 3756 alii,mmegalesius.
3439 3685 3573 3756 Nota
3619 3686 3724 3756 hy-

2151 3755 2390 3824 pallagen
2427 3758 2687 3810 discursus
2725 3756 2850 3808 nudi
2891 3769 2987 3825 pro
3030 3755 3291 3809 discursus
3340 3755 3596 3810 nudorum
3633 3755 3727 3829 ju-

2152 3839 2351 3878 venunt.

2221 3895 2346 3966 863.
2376 3895 2598 3950 Oracula
2630 3910 2869 3966 responsa
2897 3893 3230 3961 dicebantur,
3270 3903 3330 3948 ut
3364 3911 3614 3966 responsa
3651 3897 3725 3950 εἰς

2151 3965 2321 4035 byllaz,
2348 3981 2590 4034 responsa
2618 3965 2856 4035 deorum,
2994 4032 3003 4035 _
3072 3987 3079 3995 .

2221 4032 2503 4090 865.1iat.
2545 4033 2728 4087 scribit
2770 4032 3056 4086 holuscula.
3104 4033 3376 4088 Juvenalis
3409 4041 3512 4087 sat.
3543 4033 3633 4099 15,
3679 4033 3724 4087 0

2149 4114 2350 4174 sanctas
2369 4114 2562 4174 gentes,
2589 4101 2770 4174 quibus
2793 4104 2898 4156 haec
2919 4111 3196 4174 nascuntur
3215 4103 3268 4174 in
3290 4105 3449 4157 hortis
3469 4102 3719 4174 Numina.

2149 4171 2662 4238 lbidetn'luvenalis
2703 4171 2872 4241 plura
2933 4172 3000 4226 de
3058 4172 3281 4226 ridicula
3337 4173 3721 4241 superstititne

2148 4241 2541 4323 @gyptiorum,
2589 4241 2651 4296 'ut
2690 4239 2932 4323 Parrum,
2978 4251 3025 4295 et
3066 4245 3185 4323 cepe
3226 4246 3369 4323 nefas
3405 4239 3624 4313 uiolare,
3674 4253 3720 4296 et

2149 4311 2383 4382 frangere
2410 4322 2603 4367 morsu.
2713 4315 2718 4321 ’
2889 4316 2899 4324 ”
3274 4311 3344 4382 ’ξ
3423 4323 3428 4332 ’
3590 4311 3594 4330 τ

2218 4380 2343 4437 867.
2375 4381 2494 4438 vat.
2525 4383 2571 4438 A
2613 4390 2670 4438 et
2712 4383 2946 4454 potiores
2976 4381 3277 4446 lleinsiani,
3309 4380 3568 4450 Serapen,
3613 4397 3720 4454 non

2149 4451 2390 4522 Serapin.
2435 4451 2739 4507 Rat.'etiatn
2764 4453 3006 4522 Serapen,
3039 4460 3292 4518 quantum
3325 4461 3531 4520 poterat
3559 4453 3720 4507 vesti-

2146 4523 2252 4592 giis
2274 4521 2469 4578 veteris
2499 4523 2777 4590 scripture
2803 4521 2996 4592 conjici
3021 4537 3034 4574 :
3069 4536 3186 4574 nam
3215 4531 3490 4577 corrector
3509 4523 3719 4590 ineptus

538 4593 661 4675 85L
693 4595 996 4675 Lactantius
1019 4591 1107 4675 lib.
1143 4613 1226 4675 vi,
1253 4611 1382 4675 esp.
1403 4595 1436 4648 5
1460 4613 1472 4648 :
1501 4593 1679 4675 Omnis
1703 4610 1824 4675 ergo
1851 4593 1958 4648 hinc
1983 4595 2046 4649 de
2069 4607 2121 4668 ι)
2147 4591 2370 4671 abrasit,
2399 4601 2457 4675 _et
2485 4593 2562 4675 sic
2587 4607 2800 4675 versu‘m
2828 4591 3190 4675 concinnavit,
3217 4592 3472 4675 ulliaque,
3517 4609 3563 4645 et
3604 4593 3718 4646 ctin

465 4663 667 4738 duabug
691 4666 784 4738 uiis
806 4667 1080 4738 disputatio
1105 4668 1172 4721 ad
1189 4663 1538 4738 frugalitatem
1560 4681 1620 4719 ac
1651 4663 1909 4738 luxuriam
1931 4682 2045 4734 spe-

465 4742 587 4788 ctat.
634 4735 822 4790 Dicunt
844 4735 976 4805 enim
1003 4735 1238 4790 humanm
1279 4735 1394 4791 uita:
1423 4752 1626 4790 cursum
1666 4735 1707 4790 Y
1738 4736 1916 4792 littera
1941 4751 2047 4790 esse

467 4805 714 4870 similem,
765 4804 1282 4875 qued'unusquisque
1322 4807 1604 4871 hominum,
1657 4807 1772 4859 cum
1821 4806 2042 4873 primum

465 4875 816 4931 adolescentia:
855 4878 1006 4931 limen
1042 4879 1260 4943 attigerit
1301 4888 1348 4930 et
1395 4879 1448 4929 in
1491 4891 1608 4929 eum
1632 4875 1800 4932 locum
1826 4877 2037 4942 uerterit,

464 4955 632 5014 partes
663 4947 748 5026 ubi
775 4964 828 5026 se
857 4947 938 5000 via
980 4947 1128 5026 ﬁndit
1157 4948 1210 4999 in
1229 4945 2033 5026 ambas,Ilttereutinutabundus,

464 5031 524 5087 ac
550 5018 737 5070 nesciat
777 5019 828 5070 in
857 5032 1013 5087 quam
1039 5015 1093 5069 s'e
1124 5024 1318 5087 partem
1359 5017 1525 5082 potius
1571 5017 1798 5087 inclinet.
1835 5015 1907 5068 De
1940 5023 2039 5087 hoc

464 5085 612 5160 bivio
657 5084 879 5160 virtutis
912 5095 968 5142 et
1011 5086 1127 5140 vitii
1172 5084 1294 5141 vide
1322 5097 1609 5160 comment.
1653 5086 1720 5146 ad
1753 5099 1892 5140 vers.
1935 5085 2038 5142 789

467 5155 896 5226 llatnarligenitn.
1087 5225 1090 5226 ν
1366 5155 1372 5160 1
1719 5164 1722 5166 ’

539 5225 662 5280 855.
696 5224 842 5294 liat.,
873 5225 1151 5296 multi/idi;
1187 5239 1346 5292 supra
1373 5235 1535 5296 recte,
1565 5225 1840 5292 intuli/ida.
1866 5224 2038 5279 Weit-

464 5294 580 5365 aius
606 5311 728 5352 cum
758 5300 890 5365 suis,
919 5294 1032 5353 Gis.
1060 5297 1124 5352 ad
1143 5310 1320 5365 oram,
1351 5303 1405 5348 et
1441 5295 1687 5349 Heinsius
1717 5297 2039 5365 eumaltero

464 5363 634 5430 μου..
667 5371 827 5422 altera
852 5363 898 5422 et
929 5385 1085 5421 unum
1109 5364 1225 5420 Una
1258 5365 1420 5418 Deum
1449 5366 1587 5430 quod
1616 5364 1927 5417 concinnins‘
1958 5364 2037 5418 vi-

465 5436 622 5489 detur
665 5438 886 5492 lli-insio
927 5454 1085 5500 quam
1126 5438 1288 5488 altera
1333 5443 1379 5486 et
1417 5444 1545 5498 una,
1591 5433 1731 5503 quod
1760 5442 1934 5488 exstat
1983 5435 2037 5488 in

467 5504 732 5574 plerisque
761 5508 898 5562 aliis.
932 5508 1056 5562 Mihi
1100 5507 1267 5575 magis
1297 5504 1485 5575 placet~
1514 5514 1561 5556 et
1605 5512 1754 5575 una,'_
1775 5513 1834 5557 ut
1876 5518 2038 5559 versu

463 5588 577 5643 seq.
613 5573 806 5646 iterum
833 5578 1068 5632 occurrit
1097 5573 1220 5640 una,
1243 5573 1361 5646 qua:
1391 5573 1577 5646 eadem
1605 5573 1829 5646 simplex
1859 5581 1962 5628 est.

534 5645 657 5698 854.
711 5646 840 5700 lliuc
872 5649 1057 5715 liquet,
1090 5643 1424 5715 plures'dens
1455 5659 1485 5710 a
1528 5643 1849 5715 Symmacho
1891 5645 2029 5701 allir-

465 5716 619 5780 tnari,
643 5727 747 5776 non
779 5712 962 5784 unum,
995 5712 1280 5787 cui'plures
1303 5725 1523 5778 virtutes
1548 5712 1816 5774 obediaut.

2145 4668 2296 4730 super
2331 4672 2471 4716 astra
2509 4665 2676 4715 locare
2719 4661 2967 4730 Sarapin,
3013 4671 3067 4714 et
3118 4669 3236 4728 post
3285 4662 3425 4715 hunc
3468 4675 3716 4724 versum,

2145 4729 2350 4786 abrasis
2375 4731 2532 4786 etiam
2564 4731 2847 4800 prioribus,
2879 4729 2949 4783 Et
2977 4740 3174 4801 pastam
3203 4730 3424 4801 colubris
3453 4733 3570 4784 Ibin
3589 4747 3608 4785 :
3634 4746 3715 4783 re-

2144 4802 2298 4856 deunt
2341 4803 2429 4857 sed
2469 4799 2663 4856 eodem.
2715 4802 2914 4854 Deinde
2957 4799 3006 4853 in
3050 4802 3306 4868 margine,
3338 4799 3467 4863 Ista,
3500 4801 3716 4869 Serapis

2143 4873 2294 4938 enim,
2327 4882 2372 4925 et
2401 4872 2690 4942 praegrandi
2716 4873 2864 4942 simia
2891 4871 3077 4942 cauda.
3121 4871 3363 4942 planitia
3389 4871 3599 4925 volebat
3626 4885 3716 4942 se:

2142 4943 2368 4997 cundam
2397 4943 2449 4998 in
2472 4939 2682 5012 Serapis
2705 4939 2948 5012 produci.
2983 4939 3227 5012 Intellige
3251 4955 3461 4994 versum
3491 4941 3714 5012 margini

2141 5013 2375 5066 additum
2397 5011 2637 5068 connecti
2663 5011 2835 5065 versui
2861 5011 3177 5077 praecedenti
3196 5011 3295 5064 hoc
3315 5011 3719 5076 sensu,redeunt

2146 5084 2232 5136 sed
2253 5084 2426 5137 eodem
2447 5084 2563 5136 ista.
2597 5079 2850 5135 Martialis
2873 5080 3087 5148 quidem
3112 5079 3403 5148 secundam
3427 5080 3479 5134 in
3505 5080 3716 5147 Serapis

2145 5153 2416 5222 produxit,
2442 5153 2682 5206 eamdem
2711 5147 3170 5222 tamen’corripuit
3190 5147 3475 5203 Martianus
3496 5149 3714 5222 Capella

2145 5217 2238 5276 lib.
2271 5239 2327 5288 tt,
2359 5217 2427 5276 re
2453 5222 2690 5290 Serapim
2723 5219 2896 5290 Nilus,
2929 5217 3182 5290 Mentpltis
3207 5229 3474 5273 veneratur
3501 5219 3712 5273 Osirim.

2145 5291 2203 5345 In
2236 5293 2537 5346 nominibus
2562 5289 2817 5358 "propriis,
2846 5290 3140 5356 prtesertim
3168 5289 3426 5354 barbaris,
3457 5289 3712 5357 permissa

2145 5375 2227 5417 est
2259 5363 2370 5416 haec
2397 5361 2607 5415 licentia
2642 5359 2834 5426 poetis,
2869 5368 2922 5410 ut
2957 5371 3019 5410 ea
3049 5359 3285 5427 quolibet
3321 5359 3607 5413 intervallo
3637 5358 3715 5411 ef-

2146 5430 2340 5486 lerant.
2383 5427 2780 5485 Advertendutn
2811 5428 3036 5496 Serapin
3070 5427 3231 5482 fuisse
3258 5429 3507 5489 maritum
3536 5428 3712 5490 Isidis,

2144 5507 2194 5555 el
2227 5502 2325 5556 hoc
2353 5499 2526 5568 innuit
2551 5499 2746 5563 glossa,
2772 5497 2859 5552 ubi
2886 5497 3113 5554 fortasse
3143 5507 3264 5568 post
3283 5501 3495 5553 maritus
3515 5512 3712 5554 nomen

2135 5569 2288 5626 Isidis
2319 5569 2606 5632 intercidit.

2208 5641 2332 5695 868.
2366 5638 2482 5708 vn.
2515 5640 2556 5692 A
2585 5645 2853 5708 corrupte,
2888 5647 2932 5691 et
2959 5637 3300 5708 grandissimo
3326 5638 3510 5694 cauda.
3545 5636 3714 5691 Juve-

2139 5711 2273 5772 ualis
2306 5710 2410 5768 loc.
2437 5707 2551 5774 cit.,
2587 5706 2784 5778 Efﬁgies
2823 5706 2971 5762 sacri
2997 5708 3123 5763 nitet
3155 5725 3316 5776 aurea
3352 5709 3712 5782 cercopitheci.
