  <div class='ocr_page' id='page_1' title='image "/cluster/home/n/w/nwhite01/storage/ocr_20150623/60/hvd.32044054758677/138.png"; bbox 0 0 4052 6184; ppageno 0'>
   <div class='ocr_carea' id='block_1_1' title="bbox 306 207 420 265">
    <p class='ocr_par' dir='ltr' id='par_1_1' title="bbox 306 207 420 265">
     <span class='ocr_line' id='line_1_1' title="bbox 306 207 420 265; baseline -0.009 0"><span class='ocrx_word' id='word_1_1' title='bbox 306 207 420 265; x_wconf 63' lang='grc'><strong>240</strong></span> 
     </span>
    </p>
   </div>
   <div class='ocr_carea' id='block_1_2' title="bbox 305 411 1813 570">
    <p class='ocr_par' dir='ltr' id='par_1_2' title="bbox 305 411 1813 570">
     <span class='ocr_line' id='line_1_2' title="bbox 305 411 1813 570; baseline -0.001 -9"><span class='ocrx_word' id='word_1_2' title='bbox 305 502 416 562; x_wconf 84' lang='grc'>870</span> <span class='ocrx_word' id='word_1_3' title='bbox 484 503 592 559; x_wconf 84' lang='lat' dir='ltr'><strong>llos</strong></span> <span class='ocrx_word' id='word_1_4' title='bbox 622 511 700 567; x_wconf 91' lang='lat' dir='ltr'><strong>tu,</strong></span> <span class='ocrx_word' id='word_1_5' title='bbox 728 501 872 570; x_wconf 83' lang='lat' dir='ltr'><strong>Nile,</strong></span> <span class='ocrx_word' id='word_1_6' title='bbox 901 501 1052 566; x_wconf 87' lang='lat' dir='ltr'><strong>colis,</strong></span> <span class='ocrx_word' id='word_1_7' title='bbox 1080 502 1200 557; x_wconf 90' lang='lat' dir='ltr'><strong>illos</strong></span> <span class='ocrx_word' id='word_1_8' title='bbox 1227 511 1301 566; x_wconf 84' lang='lat' dir='ltr'><strong>tu,</strong></span> <span class='ocrx_word' id='word_1_9' title='bbox 1328 502 1524 567; x_wconf 87' lang='lat' dir='ltr'><strong>Tibris,</strong></span> <span class='ocrx_word' id='word_1_10' title='bbox 1552 411 1813 560; x_wconf 44' lang='lat' dir='ltr'><strong>adoratis.</strong></span> 
     </span>
    </p>
   </div>
   <div class='ocr_carea' id='block_1_3' title="bbox 488 594 1884 672">
    <p class='ocr_par' dir='ltr' id='par_1_3' title="bbox 488 594 1884 672">
     <span class='ocr_line' id='line_1_3' title="bbox 488 594 1884 672; baseline -0.003 -20"><span class='ocrx_word' id='word_1_11' title='bbox 488 596 600 652; x_wconf 90' lang='lat' dir='ltr'><strong>Una</strong></span> <span class='ocrx_word' id='word_1_12' title='bbox 614 595 928 672; x_wconf 80' lang='lat' dir='ltr'><strong>superstitio</strong></span> <span class='ocrx_word' id='word_1_13' title='bbox 943 603 1047 659; x_wconf 88' lang='lat' dir='ltr'><strong>est,</strong></span> <span class='ocrx_word' id='word_1_14' title='bbox 1061 595 1310 664; x_wconf 83' lang='lat' dir='ltr'><strong>quamvis</strong></span> <span class='ocrx_word' id='word_1_15' title='bbox 1326 610 1431 649; x_wconf 92' lang='lat' dir='ltr'><strong>non</strong></span> <span class='ocrx_word' id='word_1_16' title='bbox 1448 594 1700 657; x_wconf 84' lang='lat' dir='ltr'><strong>concolor</strong></span> <span class='ocrx_word' id='word_1_17' title='bbox 1712 609 1884 649; x_wconf 90' lang='lat' dir='ltr'><strong>error.</strong></span> 
     </span>
    </p>
   </div>
   <div class='ocr_carea' id='block_1_4' title="bbox 482 685 1889 765">
    <p class='ocr_par' dir='ltr' id='par_1_4' title="bbox 482 685 1889 765">
     <span class='ocr_line' id='line_1_4' title="bbox 482 685 1889 765; baseline 0 -23"><span class='ocrx_word' id='word_1_18' title='bbox 482 687 646 765; x_wconf 58' lang='lat'><strong>85,0</strong></span> <span class='ocrx_word' id='word_1_19' title='bbox 687 687 823 742; x_wconf 82' lang='lat' dir='ltr'><strong>liinc</strong></span> <span class='ocrx_word' id='word_1_20' title='bbox 852 688 954 742; x_wconf 89' lang='lat' dir='ltr'><strong>alia</strong></span> <span class='ocrx_word' id='word_1_21' title='bbox 983 687 1245 758; x_wconf 76' lang='lat' dir='ltr'><strong>exoritur,</strong></span> <span class='ocrx_word' id='word_1_22' title='bbox 1280 687 1578 744; x_wconf 94' lang='lat' dir='ltr'><strong>tenebrosis</strong></span> <span class='ocrx_word' id='word_1_23' title='bbox 1604 695 1742 743; x_wconf 86' lang='lat' dir='ltr'><strong>tecta</strong></span> <span class='ocrx_word' id='word_1_24' title='bbox 1777 685 1889 742; x_wconf 85' lang='lat' dir='ltr'><strong>fru-</strong></span> 
     </span>
    </p>
   </div>
   <div class='ocr_carea' id='block_1_5' title="bbox 1648 775 1813 849">
    <p class='ocr_par' dir='ltr' id='par_1_5' title="bbox 1648 775 1813 849">
     <span class='ocr_line' id='line_1_5' title="bbox 1648 775 1813 849; baseline 0.006 -18"><span class='ocrx_word' id='word_1_25' title='bbox 1648 775 1813 849; x_wconf 89' lang='lat' dir='ltr'><strong>[tetis,</strong></span> 
     </span>
    </p>
   </div>
   <div class='ocr_carea' id='block_1_6' title="bbox 493 867 1888 940">
    <p class='ocr_par' dir='ltr' id='par_1_6' title="bbox 493 867 1888 940">
     <span class='ocr_line' id='line_1_6' title="bbox 493 867 1888 940; baseline -0.001 -14"><span class='ocrx_word' id='word_1_26' title='bbox 493 869 694 927; x_wconf 88' lang='lat' dir='ltr'><strong>Semita</strong></span> <span class='ocrx_word' id='word_1_27' title='bbox 720 887 733 923; x_wconf 90' lang='lat'><strong>:</strong></span> <span class='ocrx_word' id='word_1_28' title='bbox 766 883 924 940; x_wconf 91' lang='lat' dir='ltr'><strong>quam</strong></span> <span class='ocrx_word' id='word_1_29' title='bbox 955 867 1210 939; x_wconf 87' lang='lat' dir='ltr'><strong>pecudes,</strong></span> <span class='ocrx_word' id='word_1_30' title='bbox 1242 877 1295 924; x_wconf 91' lang='lat' dir='ltr'><strong>et</strong></span> <span class='ocrx_word' id='word_1_31' title='bbox 1322 876 1464 924; x_wconf 93' lang='lat' dir='ltr'><strong>muta</strong></span> <span class='ocrx_word' id='word_1_32' title='bbox 1489 868 1736 923; x_wconf 82' lang='lat' dir='ltr'><strong>animalia</strong></span> <span class='ocrx_word' id='word_1_33' title='bbox 1769 882 1888 924; x_wconf 85' lang='lat' dir='ltr'><strong>car-</strong></span> 
     </span>
    </p>
   </div>
   <div class='ocr_carea' id='block_1_7' title="bbox 1635 957 1813 1030">
    <p class='ocr_par' dir='ltr' id='par_1_7' title="bbox 1635 957 1813 1030">
     <span class='ocr_line' id='line_1_7' title="bbox 1635 957 1813 1030; baseline 0.006 -18"><span class='ocrx_word' id='word_1_34' title='bbox 1635 957 1813 1030; x_wconf 90' lang='lat' dir='ltr'><strong>[punt,</strong></span> 
     </span>
    </p>
   </div>
   <div class='ocr_carea' id='block_1_8' title="bbox 486 1050 1760 1122">
    <p class='ocr_par' dir='ltr' id='par_1_8' title="bbox 486 1050 1760 1122">
     <span class='ocr_line' id='line_1_8' title="bbox 486 1050 1760 1122; baseline -0.001 -15"><span class='ocrx_word' id='word_1_35' title='bbox 486 1055 719 1122; x_wconf 70' lang='lat' dir='ltr'><strong>Quasque</strong></span> <span class='ocrx_word' id='word_1_36' title='bbox 746 1052 915 1107; x_wconf 88' lang='lat' dir='ltr'><strong>latent</strong></span> <span class='ocrx_word' id='word_1_37' title='bbox 941 1051 1131 1107; x_wconf 86' lang='lat' dir='ltr'><strong>silvis:</strong></span> <span class='ocrx_word' id='word_1_38' title='bbox 1164 1052 1404 1121; x_wconf 88' lang='lat' dir='ltr'><strong>operitur</strong></span> <span class='ocrx_word' id='word_1_39' title='bbox 1430 1050 1606 1106; x_wconf 89' lang='lat' dir='ltr'><strong>nescia</strong></span> <span class='ocrx_word' id='word_1_40' title='bbox 1639 1052 1760 1106; x_wconf 78' lang='lat' dir='ltr'><strong>coeli</strong></span> 
     </span>
    </p>
   </div>
   <div class='ocr_carea' id='block_1_9' title="bbox 491 1143 1857 1213">
    <p class='ocr_par' dir='ltr' id='par_1_9' title="bbox 491 1143 1857 1213">
     <span class='ocr_line' id='line_1_9' title="bbox 491 1143 1857 1213; baseline -0.001 -14"><span class='ocrx_word' id='word_1_41' title='bbox 491 1145 636 1200; x_wconf 85' lang='lat' dir='ltr'><strong>Mens</strong></span> <span class='ocrx_word' id='word_1_42' title='bbox 660 1143 961 1207; x_wconf 84' lang='lat' dir='ltr'><strong>hominum,</strong></span> <span class='ocrx_word' id='word_1_43' title='bbox 991 1157 1134 1198; x_wconf 65' lang='lat' dir='ltr'><strong>saevo</strong></span> <span class='ocrx_word' id='word_1_44' title='bbox 1160 1144 1350 1197; x_wconf 83' lang='lat' dir='ltr'><strong>vivens</strong></span> <span class='ocrx_word' id='word_1_45' title='bbox 1375 1143 1583 1212; x_wconf 89' lang='lat' dir='ltr'><strong>captiva</strong></span> <span class='ocrx_word' id='word_1_46' title='bbox 1612 1151 1857 1213; x_wconf 82' lang='lat' dir='ltr'><strong>tyranno.</strong></span> 
     </span>
    </p>
   </div>
   <div class='ocr_carea' id='block_1_10' title="bbox 488 1234 1885 1308">
    <p class='ocr_par' dir='ltr' id='par_1_10' title="bbox 488 1234 1885 1308">
     <span class='ocr_line' id='line_1_10' title="bbox 488 1234 1885 1308; baseline -0.001 -15"><span class='ocrx_word' id='word_1_47' title='bbox 488 1239 612 1294; x_wconf 73' lang='lat' dir='ltr'><strong>liae</strong></span> <span class='ocrx_word' id='word_1_48' title='bbox 640 1244 809 1308; x_wconf 82' lang='lat' dir='ltr'><strong>putat,</strong></span> <span class='ocrx_word' id='word_1_49' title='bbox 838 1250 958 1292; x_wconf 87' lang='lat' dir='ltr'><strong>esse</strong></span> <span class='ocrx_word' id='word_1_50' title='bbox 991 1235 1150 1291; x_wconf 90' lang='lat' dir='ltr'><strong>deum</strong></span> <span class='ocrx_word' id='word_1_51' title='bbox 1174 1234 1415 1290; x_wconf 93' lang='lat' dir='ltr'><strong>nullum:</strong></span> <span class='ocrx_word' id='word_1_52' title='bbox 1451 1249 1680 1305; x_wconf 88' lang='lat' dir='ltr'><strong>namque</strong></span> <span class='ocrx_word' id='word_1_53' title='bbox 1704 1235 1885 1291; x_wconf 79' lang='lat' dir='ltr'><strong>omnia</strong></span> 
     </span>
    </p>
   </div>
   <div class='ocr_carea' id='block_1_11' title="bbox 1653 1325 1812 1397">
    <p class='ocr_par' dir='ltr' id='par_1_11' title="bbox 1653 1325 1812 1397">
     <span class='ocr_line' id='line_1_11' title="bbox 1653 1325 1812 1397; baseline 0.013 -18"><span class='ocrx_word' id='word_1_54' title='bbox 1653 1325 1812 1397; x_wconf 85' lang='lat' dir='ltr'><strong>[verti</strong></span> 
     </span>
    </p>
   </div>
   <div class='ocr_carea' id='block_1_12' title="bbox 482 1411 1774 1485">
    <p class='ocr_par' dir='ltr' id='par_1_12' title="bbox 482 1411 1774 1485">
     <span class='ocr_line' id='line_1_12' title="bbox 482 1411 1774 1485; baseline -0.003 -12"><span class='ocrx_word' id='word_1_55' title='bbox 482 1418 725 1481; x_wconf 87' lang='lat' dir='ltr'><strong>Casibus,</strong></span> <span class='ocrx_word' id='word_1_56' title='bbox 754 1425 809 1473; x_wconf 87' lang='lat' dir='ltr'><strong>et</strong></span> <span class='ocrx_word' id='word_1_57' title='bbox 834 1416 980 1471; x_wconf 91' lang='lat' dir='ltr'><strong>nullo</strong></span> <span class='ocrx_word' id='word_1_58' title='bbox 1009 1415 1108 1471; x_wconf 89' lang='lat' dir='ltr'><strong>sub</strong></span> <span class='ocrx_word' id='word_1_59' title='bbox 1138 1411 1368 1485; x_wconf 67' lang='lat' dir='ltr'><strong>praeside</strong></span> <span class='ocrx_word' id='word_1_60' title='bbox 1398 1413 1556 1470; x_wconf 86' lang='lat' dir='ltr'><strong>saecla</strong></span> <span class='ocrx_word' id='word_1_61' title='bbox 1588 1418 1774 1471; x_wconf 90' lang='lat' dir='ltr'><strong>rotari.</strong></span> 
     </span>
    </p>
   </div>
   <div class='ocr_carea' id='block_1_13' title="bbox 483 1505 1882 1577">
    <p class='ocr_par' dir='ltr' id='par_1_13' title="bbox 483 1505 1882 1577">
     <span class='ocr_line' id='line_1_13' title="bbox 483 1505 1882 1577; baseline -0.001 -14"><span class='ocrx_word' id='word_1_62' title='bbox 483 1510 594 1563; x_wconf 83' lang='lat' dir='ltr'><strong>[loc</strong></span> <span class='ocrx_word' id='word_1_63' title='bbox 621 1508 722 1564; x_wconf 87' lang='lat' dir='ltr'><strong>iter</strong></span> <span class='ocrx_word' id='word_1_64' title='bbox 743 1507 1151 1577; x_wconf 82' lang='lat' dir='ltr'><strong>haudquaquam</strong></span> <span class='ocrx_word' id='word_1_65' title='bbox 1172 1520 1365 1576; x_wconf 79' lang='lat' dir='ltr'><strong>magno</strong></span> <span class='ocrx_word' id='word_1_66' title='bbox 1383 1505 1695 1561; x_wconf 88' lang='lat' dir='ltr'><strong>discrimine</strong></span> <span class='ocrx_word' id='word_1_67' title='bbox 1721 1506 1882 1562; x_wconf 89' lang='lat' dir='ltr'><strong>distat</strong></span> 
     </span>
    </p>
   </div>
   <div class='ocr_carea' id='block_1_14' title="bbox 486 1596 1876 1666">
    <p class='ocr_par' dir='ltr' id='par_1_14' title="bbox 486 1596 1876 1666">
     <span class='ocr_line' id='line_1_14' title="bbox 486 1596 1876 1666; baseline -0.001 -14"><span class='ocrx_word' id='word_1_68' title='bbox 486 1599 641 1653; x_wconf 83' lang='lat' dir='ltr'><strong>llisce</strong></span> <span class='ocrx_word' id='word_1_69' title='bbox 667 1598 791 1664; x_wconf 83' lang='lat' dir='ltr'><strong>viis,</strong></span> <span class='ocrx_word' id='word_1_70' title='bbox 822 1611 953 1665; x_wconf 87' lang='lat' dir='ltr'><strong>quas</strong></span> <span class='ocrx_word' id='word_1_71' title='bbox 975 1611 1072 1652; x_wconf 90' lang='lat' dir='ltr'><strong>vos</strong></span> <span class='ocrx_word' id='word_1_72' title='bbox 1103 1596 1293 1663; x_wconf 90' lang='lat' dir='ltr'><strong>teritis,</strong></span> <span class='ocrx_word' id='word_1_73' title='bbox 1319 1598 1409 1666; x_wconf 86' lang='lat' dir='ltr'><strong>qui</strong></span> <span class='ocrx_word' id='word_1_74' title='bbox 1438 1596 1653 1652; x_wconf 88' lang='lat' dir='ltr'><strong>numina</strong></span> <span class='ocrx_word' id='word_1_75' title='bbox 1687 1596 1876 1663; x_wconf 91' lang='lat' dir='ltr'><strong>multa,</strong></span> 
     </span>
    </p>
   </div>
   <div class='ocr_carea' id='block_1_15' title="bbox 304 1145 413 1201">
    <p class='ocr_par' dir='ltr' id='par_1_15' title="bbox 304 1145 413 1201">
     <span class='ocr_line' id='line_1_15' title="bbox 304 1145 413 1201; baseline -0.009 0"><span class='ocrx_word' id='word_1_76' title='bbox 304 1145 413 1201; x_wconf 72' lang='lat'><strong>875</strong></span> 
     </span>
    </p>
   </div>
   <div class='ocr_carea' id='block_1_16' title="bbox 308 1692 412 1747">
    <p class='ocr_par' dir='ltr' id='par_1_16' title="bbox 308 1692 412 1747">
     <span class='ocr_line' id='line_1_16' title="bbox 308 1692 412 1747; baseline -0.01 0"><span class='ocrx_word' id='word_1_77' title='bbox 308 1692 412 1747; x_wconf 81' lang='lat'><strong>889</strong></span> 
     </span>
    </p>
   </div>
   <div class='ocr_carea' id='block_1_17' title="bbox 482 1779 1878 1849">
    <p class='ocr_par' dir='ltr' id='par_1_17' title="bbox 482 1779 1878 1849">
     <span class='ocr_line' id='line_1_17' title="bbox 482 1779 1878 1849; baseline -0.001 -13"><span class='ocrx_word' id='word_1_78' title='bbox 482 1781 749 1849; x_wconf 84' lang='lat' dir='ltr'><strong>Simplicis</strong></span> <span class='ocrx_word' id='word_1_79' title='bbox 774 1796 902 1849; x_wconf 74' lang='lat' dir='ltr'><strong>ergo</strong></span> <span class='ocrx_word' id='word_1_80' title='bbox 927 1781 1028 1835; x_wconf 74' lang='lat' dir='ltr'><strong>vim</strong></span> <span class='ocrx_word' id='word_1_81' title='bbox 1053 1780 1158 1835; x_wconf 80' lang='lat' dir='ltr'><strong>dux</strong></span> <span class='ocrx_word' id='word_1_82' title='bbox 1182 1788 1264 1835; x_wconf 89' lang='lat' dir='ltr'><strong>est</strong></span> <span class='ocrx_word' id='word_1_83' title='bbox 1286 1779 1461 1837; x_wconf 90' lang='lat' dir='ltr'><strong>Deus:</strong></span> <span class='ocrx_word' id='word_1_84' title='bbox 1493 1780 1583 1834; x_wconf 92' lang='lat' dir='ltr'><strong>ille</strong></span> <span class='ocrx_word' id='word_1_85' title='bbox 1607 1794 1698 1847; x_wconf 88' lang='lat' dir='ltr'><strong>per</strong></span> <span class='ocrx_word' id='word_1_86' title='bbox 1720 1794 1878 1835; x_wconf 91' lang='lat' dir='ltr'><strong>unam</strong></span> 
     </span>
    </p>
   </div>
   <div class='ocr_carea' id='block_1_18' title="bbox 479 1870 1764 1941">
    <p class='ocr_par' dir='ltr' id='par_1_18' title="bbox 479 1870 1764 1941">
     <span class='ocr_line' id='line_1_18' title="bbox 479 1870 1764 1941; baseline -0.001 -15"><span class='ocrx_word' id='word_1_87' title='bbox 479 1872 563 1927; x_wconf 87' lang='lat' dir='ltr'><strong>Ire</strong></span> <span class='ocrx_word' id='word_1_88' title='bbox 586 1871 741 1941; x_wconf 86' lang='lat' dir='ltr'><strong>jubet</strong></span> <span class='ocrx_word' id='word_1_89' title='bbox 767 1871 992 1926; x_wconf 87' lang='lat' dir='ltr'><strong>mortale</strong></span> <span class='ocrx_word' id='word_1_90' title='bbox 1017 1884 1184 1941; x_wconf 84' lang='lat' dir='ltr'><strong>genus</strong></span> <span class='ocrx_word' id='word_1_91' title='bbox 1208 1887 1223 1924; x_wconf 91' lang='lat'><strong>:</strong></span> <span class='ocrx_word' id='word_1_92' title='bbox 1256 1884 1412 1941; x_wconf 88' lang='lat' dir='ltr'><strong>quam</strong></span> <span class='ocrx_word' id='word_1_93' title='bbox 1441 1870 1621 1940; x_wconf 80' lang='lat' dir='ltr'><strong>dirigit</strong></span> <span class='ocrx_word' id='word_1_94' title='bbox 1651 1870 1764 1939; x_wconf 87' lang='lat' dir='ltr'><strong>ipse</strong></span> 
     </span>
    </p>
   </div>
   <div class='ocr_carea' id='block_1_19' title="bbox 480 1963 1689 2034">
    <p class='ocr_par' dir='ltr' id='par_1_19' title="bbox 480 1963 1689 2034">
     <span class='ocr_line' id='line_1_19' title="bbox 480 1963 1689 2034; baseline -0.003 -13"><span class='ocrx_word' id='word_1_95' title='bbox 480 1964 774 2021; x_wconf 89' lang='lat' dir='ltr'><strong>Sublimem</strong></span> <span class='ocrx_word' id='word_1_96' title='bbox 802 1964 995 2020; x_wconf 79' lang='lat' dir='ltr'><strong>dextro</strong></span> <span class='ocrx_word' id='word_1_97' title='bbox 1022 1964 1167 2020; x_wconf 89' lang='lat' dir='ltr'><strong>celsa</strong></span> <span class='ocrx_word' id='word_1_98' title='bbox 1194 1963 1261 2019; x_wconf 92' lang='lat' dir='ltr'><strong>ad</strong></span> <span class='ocrx_word' id='word_1_99' title='bbox 1291 1964 1500 2034; x_wconf 79' lang='lat' dir='ltr'><strong>fastigia</strong></span> <span class='ocrx_word' id='word_1_100' title='bbox 1530 1964 1689 2021; x_wconf 88' lang='lat' dir='ltr'><strong>clivo.</strong></span> 
     </span>
    </p>
   </div>
   <div class='ocr_carea' id='block_1_20' title="bbox 1334 207 2418 277">
    <p class='ocr_par' dir='ltr' id='par_1_20' title="bbox 1334 207 2418 277">
     <span class='ocr_line' id='line_1_20' title="bbox 1334 207 2418 277; baseline 0.011 -13"><span class='ocrx_word' id='word_1_101' title='bbox 1334 207 1536 264; x_wconf 78' lang='lat' dir='ltr'><strong>LIBER</strong></span> <span class='ocrx_word' id='word_1_102' title='bbox 1575 208 1619 269; x_wconf 87' lang='grc'><strong>11</strong></span> <span class='ocrx_word' id='word_1_103' title='bbox 1655 209 1931 269; x_wconf 77' lang='lat' dir='ltr'><strong>CONTRA</strong></span> <span class='ocrx_word' id='word_1_104' title='bbox 1970 212 2418 277; x_wconf 67' lang='lat' dir='ltr'><strong>SYMMACHUM.</strong></span> 
     </span>
    </p>
   </div>
   <div class='ocr_carea' id='block_1_21' title="bbox 492 316 1972 387">
    <p class='ocr_par' dir='ltr' id='par_1_21' title="bbox 492 316 1972 387">
     <span class='ocr_line' id='line_1_21' title="bbox 492 316 1972 387; baseline 0.003 -14"><span class='ocrx_word' id='word_1_105' title='bbox 492 317 561 374; x_wconf 82' lang='lat' dir='ltr'><strong>Et</strong></span> <span class='ocrx_word' id='word_1_106' title='bbox 589 316 898 378; x_wconf 83' lang='lat' dir='ltr'><strong>crocodilus</strong></span> <span class='ocrx_word' id='word_1_107' title='bbox 926 317 1089 383; x_wconf 90' lang='lat' dir='ltr'><strong>idem,</strong></span> <span class='ocrx_word' id='word_1_108' title='bbox 1114 316 1252 384; x_wconf 88' lang='lat' dir='ltr'><strong>quod</strong></span> <span class='ocrx_word' id='word_1_109' title='bbox 1272 316 1433 384; x_wconf 85' lang='lat' dir='ltr'><strong>Juno,</strong></span> <span class='ocrx_word' id='word_1_110' title='bbox 1456 318 1720 386; x_wconf 85' lang='lat' dir='ltr'><strong>Laverna,</strong></span> <span class='ocrx_word' id='word_1_111' title='bbox 1746 320 1890 377; x_wconf 90' lang='lat' dir='ltr'><strong>Pria-</strong></span> <span class='ocrx_word' id='word_1_112' title='bbox 1916 324 1972 387; x_wconf 74' lang='grc' dir='ltr'>Α</span> 
     </span>
    </p>
   </div>
   <div class='ocr_carea' id='block_1_22' title="bbox 483 1673 1959 1763">
    <p class='ocr_par' dir='ltr' id='par_1_22' title="bbox 483 1673 1959 1763">
     <span class='ocr_line' id='line_1_22' title="bbox 483 1673 1959 1763; baseline -0.002 -17"><span class='ocrx_word' id='word_1_113' title='bbox 483 1691 551 1746; x_wconf 81' lang='lat' dir='ltr'><strong>Et</strong></span> <span class='ocrx_word' id='word_1_114' title='bbox 571 1700 841 1763; x_wconf 88' lang='lat' dir='ltr'><strong>portenta,</strong></span> <span class='ocrx_word' id='word_1_115' title='bbox 859 1689 1023 1744; x_wconf 89' lang='lat' dir='ltr'><strong>Deum</strong></span> <span class='ocrx_word' id='word_1_116' title='bbox 1045 1703 1334 1753; x_wconf 91' lang='lat' dir='ltr'><strong>summum,</strong></span> <span class='ocrx_word' id='word_1_117' title='bbox 1352 1702 1636 1743; x_wconf 87' lang='lat' dir='ltr'><strong>numerosa</strong></span> <span class='ocrx_word' id='word_1_118' title='bbox 1660 1688 1874 1758; x_wconf 86' lang='lat' dir='ltr'><strong>putatis.</strong></span> <span class='ocrx_word' id='word_1_119' title='bbox 1909 1673 1959 1735; x_wconf 84' lang='grc' dir='ltr'><strong>Β</strong></span> 
     </span>
    </p>
   </div>
   <div class='ocr_carea' id='block_1_23' title="bbox 3465 214 3567 274">
    <p class='ocr_par' dir='ltr' id='par_1_23' title="bbox 3465 214 3567 274">
     <span class='ocr_line' id='line_1_23' title="bbox 3465 214 3567 274; baseline -0.029 0"><span class='ocrx_word' id='word_1_120' title='bbox 3465 214 3567 274; x_wconf 73' lang='grc'><strong>250</strong></span> 
     </span>
    </p>
   </div>
   <div class='ocr_carea' id='block_1_24' title="bbox 2174 327 3504 399">
    <p class='ocr_par' dir='ltr' id='par_1_24' title="bbox 2174 327 3504 399">
     <span class='ocr_line' id='line_1_24' title="bbox 2174 327 3504 399; baseline 0.002 -19"><span class='ocrx_word' id='word_1_121' title='bbox 2174 327 2350 382; x_wconf 86' lang='lat' dir='ltr'><strong>Prima</strong></span> <span class='ocrx_word' id='word_1_122' title='bbox 2376 328 2480 383; x_wconf 71' lang='lat' dir='ltr'><strong>vite</strong></span> <span class='ocrx_word' id='word_1_123' title='bbox 2509 327 2674 385; x_wconf 84' lang='lat' dir='ltr'><strong>facies</strong></span> <span class='ocrx_word' id='word_1_124' title='bbox 2701 330 2919 399; x_wconf 85' lang='lat' dir='ltr'><strong>inculta,</strong></span> <span class='ocrx_word' id='word_1_125' title='bbox 2945 329 3285 395; x_wconf 78' lang='lat' dir='ltr'><strong>subhorrida,</strong></span> <span class='ocrx_word' id='word_1_126' title='bbox 3318 328 3504 393; x_wconf 86' lang='lat' dir='ltr'><strong>tristis,</strong></span> 
     </span>
    </p>
   </div>
   <div class='ocr_carea' id='block_1_25' title="bbox 1992 415 3532 491">
    <p class='ocr_par' dir='ltr' id='par_1_25' title="bbox 1992 415 3532 491">
     <span class='ocr_line' id='line_1_25' title="bbox 1992 415 3532 491; baseline 0.003 -20"><span class='ocrx_word' id='word_1_127' title='bbox 1992 415 2098 471; x_wconf 84' lang='lat'>885</span> <span class='ocrx_word' id='word_1_128' title='bbox 2170 417 2413 474; x_wconf 77' lang='lat' dir='ltr'><strong>Difficilis</strong></span> <span class='ocrx_word' id='word_1_129' title='bbox 2442 435 2457 473; x_wconf 91' lang='lat'><strong>:</strong></span> <span class='ocrx_word' id='word_1_130' title='bbox 2486 418 2579 474; x_wconf 89' lang='lat' dir='ltr'><strong>sed</strong></span> <span class='ocrx_word' id='word_1_131' title='bbox 2609 421 2715 475; x_wconf 87' lang='lat' dir='ltr'><strong>line</strong></span> <span class='ocrx_word' id='word_1_132' title='bbox 2744 423 2825 476; x_wconf 93' lang='lat' dir='ltr'><strong>sui</strong></span> <span class='ocrx_word' id='word_1_133' title='bbox 2855 421 3232 491; x_wconf 87' lang='lat' dir='ltr'><strong>pulcherrima,</strong></span> <span class='ocrx_word' id='word_1_134' title='bbox 3261 430 3316 475; x_wconf 92' lang='lat' dir='ltr'><strong>et</strong></span> <span class='ocrx_word' id='word_1_135' title='bbox 3340 421 3532 491; x_wconf 86' lang='lat' dir='ltr'><strong>amplis</strong></span> 
     </span>
    </p>
   </div>
   <div class='ocr_carea' id='block_1_26' title="bbox 2168 507 3446 580">
    <p class='ocr_par' dir='ltr' id='par_1_26' title="bbox 2168 507 3446 580">
     <span class='ocr_line' id='line_1_26' title="bbox 2168 507 3446 580; baseline 0.004 -19"><span class='ocrx_word' id='word_1_136' title='bbox 2168 507 2394 562; x_wconf 74' lang='lat' dir='ltr'><strong>Prmdita</strong></span> <span class='ocrx_word' id='word_1_137' title='bbox 2426 508 2648 577; x_wconf 85' lang='lat' dir='ltr'><strong>divitiis,</strong></span> <span class='ocrx_word' id='word_1_138' title='bbox 2676 520 2732 566; x_wconf 91' lang='lat' dir='ltr'><strong>et</strong></span> <span class='ocrx_word' id='word_1_139' title='bbox 2760 512 3035 566; x_wconf 74' lang='lat' dir='ltr'><strong>abundans</strong></span> <span class='ocrx_word' id='word_1_140' title='bbox 3063 512 3179 567; x_wconf 87' lang='lat' dir='ltr'><strong>luce</strong></span> <span class='ocrx_word' id='word_1_141' title='bbox 3206 511 3446 580; x_wconf 83' lang='lat' dir='ltr'><strong>perenni,</strong></span> 
     </span>
    </p>
   </div>
   <div class='ocr_carea' id='block_1_27' title="bbox 2166 599 3421 671">
    <p class='ocr_par' dir='ltr' id='par_1_27' title="bbox 2166 599 3421 671">
     <span class='ocr_line' id='line_1_27' title="bbox 2166 599 3421 671; baseline 0.004 -18"><span class='ocrx_word' id='word_1_142' title='bbox 2166 599 2233 653; x_wconf 85' lang='lat' dir='ltr'><strong>Et</strong></span> <span class='ocrx_word' id='word_1_143' title='bbox 2256 615 2377 668; x_wconf 64' lang='lat' dir='ltr'><strong>quae</strong></span> <span class='ocrx_word' id='word_1_144' title='bbox 2408 602 2708 669; x_wconf 62' lang='lat' dir='ltr'><strong>praeteritos</strong></span> <span class='ocrx_word' id='word_1_145' title='bbox 2741 603 2905 671; x_wconf 84' lang='lat' dir='ltr'><strong>possit</strong></span> <span class='ocrx_word' id='word_1_146' title='bbox 2937 616 3163 671; x_wconf 84' lang='lat' dir='ltr'><strong>pensare</strong></span> <span class='ocrx_word' id='word_1_147' title='bbox 3188 603 3421 658; x_wconf 87' lang='lat' dir='ltr'><strong>labores.</strong></span> 
     </span>
    </p>
   </div>
   <div class='ocr_carea' id='block_1_28' title="bbox 2170 688 3563 762">
    <p class='ocr_par' dir='ltr' id='par_1_28' title="bbox 2170 688 3563 762">
     <span class='ocr_line' id='line_1_28' title="bbox 2170 688 3563 762; baseline 0.005 -21"><span class='ocrx_word' id='word_1_148' title='bbox 2170 688 2448 758; x_wconf 79' lang='lat' dir='ltr'><strong>Multiplici</strong></span> <span class='ocrx_word' id='word_1_149' title='bbox 2479 691 2585 745; x_wconf 83' lang='lat' dir='ltr'><strong>dux</strong></span> <span class='ocrx_word' id='word_1_150' title='bbox 2611 692 2819 747; x_wconf 80' lang='lat' dir='ltr'><strong>daemon</strong></span> <span class='ocrx_word' id='word_1_151' title='bbox 2848 693 3020 759; x_wconf 82' lang='lat' dir='ltr'><strong>adest,</strong></span> <span class='ocrx_word' id='word_1_152' title='bbox 3049 694 3139 762; x_wconf 92' lang='lat' dir='ltr'><strong>qui</strong></span> <span class='ocrx_word' id='word_1_153' title='bbox 3175 702 3324 762; x_wconf 89' lang='lat' dir='ltr'><strong>parte</strong></span> <span class='ocrx_word' id='word_1_154' title='bbox 3348 694 3563 748; x_wconf 77' lang='lat' dir='ltr'><strong>sinistra</strong></span> 
     </span>
    </p>
   </div>
   <div class='ocr_carea' id='block_1_29' title="bbox 2165 781 3558 853">
    <p class='ocr_par' dir='ltr' id='par_1_29' title="bbox 2165 781 3558 853">
     <span class='ocr_line' id='line_1_29' title="bbox 2165 781 3558 853; baseline 0.004 -18"><span class='ocrx_word' id='word_1_155' title='bbox 2165 781 2483 837; x_wconf 86' lang='lat' dir='ltr'><strong>Centilidum</strong></span> <span class='ocrx_word' id='word_1_156' title='bbox 2508 784 2783 841; x_wconf 86' lang='lat' dir='ltr'><strong>confundit</strong></span> <span class='ocrx_word' id='word_1_157' title='bbox 2804 785 2924 849; x_wconf 88' lang='lat' dir='ltr'><strong>iter,</strong></span> <span class='ocrx_word' id='word_1_158' title='bbox 2940 786 3104 840; x_wconf 86' lang='lat' dir='ltr'><strong>trahit</strong></span> <span class='ocrx_word' id='word_1_159' title='bbox 3125 785 3246 841; x_wconf 89' lang='lat' dir='ltr'><strong>inde</strong></span> <span class='ocrx_word' id='word_1_160' title='bbox 3266 784 3558 853; x_wconf 81' lang='lat' dir='ltr'><strong>sophistas.</strong></span> 
     </span>
    </p>
   </div>
   <div class='ocr_carea' id='block_1_30' title="bbox 1988 870 3560 956">
    <p class='ocr_par' dir='ltr' id='par_1_30' title="bbox 1988 870 3560 956">
     <span class='ocr_line' id='line_1_30' title="bbox 1988 870 3560 956; baseline 0.001 -27"><span class='ocrx_word' id='word_1_161' title='bbox 1988 870 2094 956; x_wconf 66' lang='lat'>890</span> <span class='ocrx_word' id='word_1_162' title='bbox 2162 873 2325 945; x_wconf 62' lang='lat'><strong>85.1</strong></span> <span class='ocrx_word' id='word_1_163' title='bbox 2354 874 2633 944; x_wconf 84' lang='lat' dir='ltr'><strong>Barbatos,</strong></span> <span class='ocrx_word' id='word_1_164' title='bbox 2666 876 2831 931; x_wconf 86' lang='lat' dir='ltr'><strong>trahit</strong></span> <span class='ocrx_word' id='word_1_165' title='bbox 2859 876 2983 931; x_wconf 90' lang='lat' dir='ltr'><strong>hinc</strong></span> <span class='ocrx_word' id='word_1_166' title='bbox 3012 876 3223 947; x_wconf 91' lang='lat' dir='ltr'><strong>opibus,</strong></span> <span class='ocrx_word' id='word_1_167' title='bbox 3248 877 3330 931; x_wconf 86' lang='lat' dir='ltr'><strong>vel</strong></span> <span class='ocrx_word' id='word_1_168' title='bbox 3356 878 3560 932; x_wconf 88' lang='lat' dir='ltr'><strong>honore</strong></span> 
     </span>
    </p>
   </div>
   <div class='ocr_carea' id='block_1_31' title="bbox 3199 966 3488 1038">
    <p class='ocr_par' dir='ltr' id='par_1_31' title="bbox 3199 966 3488 1038">
     <span class='ocr_line' id='line_1_31' title="bbox 3199 966 3488 1038; baseline -0.003 -17"><span class='ocrx_word' id='word_1_169' title='bbox 3199 966 3488 1038; x_wconf 78' lang='lat' dir='ltr'><strong>[potentes,</strong></span> 
     </span>
    </p>
   </div>
   <div class='ocr_carea' id='block_1_32' title="bbox 2162 1053 3553 1125">
    <p class='ocr_par' dir='ltr' id='par_1_32' title="bbox 2162 1053 3553 1125">
     <span class='ocr_line' id='line_1_32' title="bbox 2162 1053 3553 1125; baseline 0.001 -17"><span class='ocrx_word' id='word_1_170' title='bbox 2162 1053 2319 1109; x_wconf 89' lang='lat' dir='ltr'><strong>lllicit</strong></span> <span class='ocrx_word' id='word_1_171' title='bbox 2346 1062 2401 1110; x_wconf 91' lang='lat' dir='ltr'><strong>et</strong></span> <span class='ocrx_word' id='word_1_172' title='bbox 2426 1054 2698 1110; x_wconf 91' lang='lat' dir='ltr'><strong>volucrum</strong></span> <span class='ocrx_word' id='word_1_173' title='bbox 2727 1054 2951 1125; x_wconf 79' lang='lat' dir='ltr'><strong>linguis,</strong></span> <span class='ocrx_word' id='word_1_174' title='bbox 2995 1064 3048 1110; x_wconf 93' lang='lat' dir='ltr'><strong>et</strong></span> <span class='ocrx_word' id='word_1_175' title='bbox 3077 1055 3354 1125; x_wconf 89' lang='lat' dir='ltr'><strong>haruspice</strong></span> <span class='ocrx_word' id='word_1_176' title='bbox 3386 1055 3553 1111; x_wconf 85' lang='lat' dir='ltr'><strong>fallit:</strong></span> 
     </span>
    </p>
   </div>
   <div class='ocr_carea' id='block_1_33' title="bbox 2156 1146 3377 1219">
    <p class='ocr_par' dir='ltr' id='par_1_33' title="bbox 2156 1146 3377 1219">
     <span class='ocr_line' id='line_1_33' title="bbox 2156 1146 3377 1219; baseline 0.002 -19"><span class='ocrx_word' id='word_1_177' title='bbox 2156 1146 2379 1216; x_wconf 89' lang='lat' dir='ltr'><strong>lnstigat</strong></span> <span class='ocrx_word' id='word_1_178' title='bbox 2403 1146 2713 1203; x_wconf 90' lang='lat' dir='ltr'><strong>bacchantis</strong></span> <span class='ocrx_word' id='word_1_179' title='bbox 2738 1162 2873 1202; x_wconf 90' lang='lat' dir='ltr'><strong>anus</strong></span> <span class='ocrx_word' id='word_1_180' title='bbox 2899 1147 3122 1219; x_wconf 82' lang='lat' dir='ltr'><strong>ambage</strong></span> <span class='ocrx_word' id='word_1_181' title='bbox 3148 1148 3377 1219; x_wconf 78' lang='lat' dir='ltr'><strong>sibyllze,</strong></span> 
     </span>
    </p>
   </div>
   <div class='ocr_carea' id='block_1_34' title="bbox 2157 1234 3466 1307">
    <p class='ocr_par' dir='ltr' id='par_1_34' title="bbox 2157 1234 3466 1307">
     <span class='ocr_line' id='line_1_34' title="bbox 2157 1234 3466 1307; baseline 0 -18"><span class='ocrx_word' id='word_1_182' title='bbox 2157 1234 2388 1291; x_wconf 81' lang='lat' dir='ltr'><strong>involvit</strong></span> <span class='ocrx_word' id='word_1_183' title='bbox 2416 1236 2666 1302; x_wconf 88' lang='lat' dir='ltr'><strong>mathesi,</strong></span> <span class='ocrx_word' id='word_1_184' title='bbox 2696 1238 2927 1306; x_wconf 79' lang='lat' dir='ltr'><strong>magicas</strong></span> <span class='ocrx_word' id='word_1_185' title='bbox 2959 1239 3186 1307; x_wconf 90' lang='lat' dir='ltr'><strong>impellit</strong></span> <span class='ocrx_word' id='word_1_186' title='bbox 3215 1238 3267 1293; x_wconf 94' lang='lat' dir='ltr'><strong>in</strong></span> <span class='ocrx_word' id='word_1_187' title='bbox 3300 1248 3466 1305; x_wconf 80' lang='lat' dir='ltr'><strong>artes,</strong></span> 
     </span>
    </p>
   </div>
   <div class='ocr_carea' id='block_1_35' title="bbox 2158 1328 3515 1398">
    <p class='ocr_par' dir='ltr' id='par_1_35' title="bbox 2158 1328 3515 1398">
     <span class='ocr_line' id='line_1_35' title="bbox 2158 1328 3515 1398; baseline 0.002 -15"><span class='ocrx_word' id='word_1_188' title='bbox 2158 1329 2351 1383; x_wconf 89' lang='lat' dir='ltr'><strong>Omine</strong></span> <span class='ocrx_word' id='word_1_189' title='bbox 2378 1328 2652 1397; x_wconf 88' lang='lat' dir='ltr'><strong>sollicitat,</strong></span> <span class='ocrx_word' id='word_1_190' title='bbox 2680 1329 2821 1398; x_wconf 88' lang='lat' dir='ltr'><strong>capit</strong></span> <span class='ocrx_word' id='word_1_191' title='bbox 2851 1345 3074 1398; x_wconf 79' lang='lat' dir='ltr'><strong>augure,</strong></span> <span class='ocrx_word' id='word_1_192' title='bbox 3105 1330 3315 1386; x_wconf 79' lang='lat' dir='ltr'><strong>territat</strong></span> <span class='ocrx_word' id='word_1_193' title='bbox 3344 1331 3515 1386; x_wconf 58' lang='lat' dir='ltr'><strong>extis.</strong></span> 
     </span>
    </p>
   </div>
   <div class='ocr_carea' id='block_1_36' title="bbox 1982 1418 3554 1490">
    <p class='ocr_par' dir='ltr' id='par_1_36' title="bbox 1982 1418 3554 1490">
     <span class='ocr_line' id='line_1_36' title="bbox 1982 1418 3554 1490; baseline -0.001 -13"><span class='ocrx_word' id='word_1_194' title='bbox 1982 1418 2089 1477; x_wconf 86' lang='lat'>895</span> <span class='ocrx_word' id='word_1_195' title='bbox 2158 1419 2367 1485; x_wconf 89' lang='lat' dir='ltr'><strong>Cernis,</strong></span> <span class='ocrx_word' id='word_1_196' title='bbox 2386 1430 2441 1473; x_wconf 92' lang='lat' dir='ltr'><strong>ut</strong></span> <span class='ocrx_word' id='word_1_197' title='bbox 2466 1434 2568 1474; x_wconf 88' lang='lat' dir='ltr'><strong>una</strong></span> <span class='ocrx_word' id='word_1_198' title='bbox 2587 1420 2666 1473; x_wconf 85' lang='lat' dir='ltr'><strong>via</strong></span> <span class='ocrx_word' id='word_1_199' title='bbox 2685 1430 2789 1485; x_wconf 91' lang='lat' dir='ltr'><strong>est,</strong></span> <span class='ocrx_word' id='word_1_200' title='bbox 2809 1421 2987 1474; x_wconf 90' lang='lat' dir='ltr'><strong>multis</strong></span> <span class='ocrx_word' id='word_1_201' title='bbox 3005 1420 3329 1476; x_wconf 80' lang='lat' dir='ltr'><strong>anfractibus</strong></span> <span class='ocrx_word' id='word_1_202' title='bbox 3347 1436 3554 1490; x_wconf 89' lang='lat' dir='ltr'><strong>errans,</strong></span> 
     </span>
    </p>
   </div>
   <div class='ocr_carea' id='block_1_37' title="bbox 2158 1509 3504 1580">
    <p class='ocr_par' dir='ltr' id='par_1_37' title="bbox 2158 1509 3504 1580">
     <span class='ocr_line' id='line_1_37' title="bbox 2158 1509 3504 1580; baseline 0.001 -16"><span class='ocrx_word' id='word_1_203' title='bbox 2158 1509 2341 1564; x_wconf 89' lang='lat' dir='ltr'><strong>Talem</strong></span> <span class='ocrx_word' id='word_1_204' title='bbox 2371 1524 2526 1579; x_wconf 85' lang='lat' dir='ltr'><strong>passa</strong></span> <span class='ocrx_word' id='word_1_205' title='bbox 2554 1510 2764 1575; x_wconf 89' lang='lat' dir='ltr'><strong>ducem,</strong></span> <span class='ocrx_word' id='word_1_206' title='bbox 2793 1512 2881 1580; x_wconf 88' lang='lat' dir='ltr'><strong>qui</strong></span> <span class='ocrx_word' id='word_1_207' title='bbox 2912 1526 3016 1565; x_wconf 94' lang='lat' dir='ltr'><strong>non</strong></span> <span class='ocrx_word' id='word_1_208' title='bbox 3044 1512 3182 1566; x_wconf 89' lang='lat' dir='ltr'><strong>sinat</strong></span> <span class='ocrx_word' id='word_1_209' title='bbox 3208 1512 3284 1566; x_wconf 90' lang='lat' dir='ltr'><strong>ire</strong></span> <span class='ocrx_word' id='word_1_210' title='bbox 3312 1511 3504 1566; x_wconf 90' lang='lat' dir='ltr'><strong>salutis</strong></span> 
     </span>
    </p>
   </div>
   <div class='ocr_carea' id='block_1_38' title="bbox 2163 1600 3553 1672">
    <p class='ocr_par' dir='ltr' id='par_1_38' title="bbox 2163 1600 3553 1672">
     <span class='ocr_line' id='line_1_38' title="bbox 2163 1600 3553 1672; baseline 0 -16"><span class='ocrx_word' id='word_1_211' title='bbox 2163 1600 2241 1656; x_wconf 88' lang='lat' dir='ltr'><strong>Ad</strong></span> <span class='ocrx_word' id='word_1_212' title='bbox 2271 1600 2570 1668; x_wconf 92' lang='lat' dir='ltr'><strong>dominum,</strong></span> <span class='ocrx_word' id='word_1_213' title='bbox 2602 1600 2695 1656; x_wconf 90' lang='lat' dir='ltr'><strong>sed</strong></span> <span class='ocrx_word' id='word_1_214' title='bbox 2725 1603 2910 1658; x_wconf 90' lang='lat' dir='ltr'><strong>mortis</strong></span> <span class='ocrx_word' id='word_1_215' title='bbox 2946 1603 3049 1657; x_wconf 88' lang='lat' dir='ltr'><strong>iter</strong></span> <span class='ocrx_word' id='word_1_216' title='bbox 3082 1618 3180 1672; x_wconf 88' lang='lat' dir='ltr'><strong>per</strong></span> <span class='ocrx_word' id='word_1_217' title='bbox 3213 1603 3362 1656; x_wconf 86' lang='lat' dir='ltr'><strong>devia</strong></span> <span class='ocrx_word' id='word_1_218' title='bbox 3400 1616 3553 1656; x_wconf 55' lang='lat' dir='ltr'><strong>mon.</strong></span> 
     </span>
    </p>
   </div>
   <div class='ocr_carea' id='block_1_39' title="bbox 3287 1694 3484 1765">
    <p class='ocr_par' dir='ltr' id='par_1_39' title="bbox 3287 1694 3484 1765">
     <span class='ocr_line' id='line_1_39' title="bbox 3287 1694 3484 1765; baseline -0.015 -18"><span class='ocrx_word' id='word_1_219' title='bbox 3287 1694 3442 1765; x_wconf 81' lang='lat' dir='ltr'><strong>[stret</strong></span> <span class='ocrx_word' id='word_1_220' title='bbox 3462 1694 3484 1744; x_wconf 83' lang='lat'><strong>?</strong></span> 
     </span>
    </p>
   </div>
   <div class='ocr_carea' id='block_1_40' title="bbox 2163 1782 3551 1853">
    <p class='ocr_par' dir='ltr' id='par_1_40' title="bbox 2163 1782 3551 1853">
     <span class='ocr_line' id='line_1_40' title="bbox 2163 1782 3551 1853; baseline 0.002 -18"><span class='ocrx_word' id='word_1_221' title='bbox 2163 1783 2353 1848; x_wconf 81' lang='lat' dir='ltr'><strong>Devia,</strong></span> <span class='ocrx_word' id='word_1_222' title='bbox 2382 1785 2521 1851; x_wconf 88' lang='lat' dir='ltr'><strong>picta</strong></span> <span class='ocrx_word' id='word_1_223' title='bbox 2553 1782 2708 1838; x_wconf 90' lang='lat' dir='ltr'><strong>bonis</strong></span> <span class='ocrx_word' id='word_1_224' title='bbox 2737 1782 3019 1851; x_wconf 88' lang='lat' dir='ltr'><strong>brevibus,</strong></span> <span class='ocrx_word' id='word_1_225' title='bbox 3051 1784 3145 1840; x_wconf 88' lang='lat' dir='ltr'><strong>sed</strong></span> <span class='ocrx_word' id='word_1_226' title='bbox 3174 1786 3280 1841; x_wconf 87' lang='lat' dir='ltr'><strong>line</strong></span> <span class='ocrx_word' id='word_1_227' title='bbox 3308 1786 3407 1839; x_wconf 85' lang='lat' dir='ltr'><strong>sub</strong></span> <span class='ocrx_word' id='word_1_228' title='bbox 3435 1786 3551 1853; x_wconf 92' lang='lat' dir='ltr'><strong>ipso</strong></span> 
     </span>
    </p>
   </div>
   <div class='ocr_carea' id='block_1_41' title="bbox 2160 1873 3550 1946">
    <p class='ocr_par' dir='ltr' id='par_1_41' title="bbox 2160 1873 3550 1946">
     <span class='ocr_line' id='line_1_41' title="bbox 2160 1873 3550 1946; baseline -0.002 -15"><span class='ocrx_word' id='word_1_229' title='bbox 2160 1874 2389 1943; x_wconf 87' lang='lat' dir='ltr'><strong>Tristia,</strong></span> <span class='ocrx_word' id='word_1_230' title='bbox 2431 1885 2485 1931; x_wconf 90' lang='lat' dir='ltr'><strong>et</strong></span> <span class='ocrx_word' id='word_1_231' title='bbox 2514 1874 2567 1931; x_wconf 89' lang='lat' dir='ltr'><strong>in</strong></span> <span class='ocrx_word' id='word_1_232' title='bbox 2595 1873 2823 1931; x_wconf 84' lang='lat' dir='ltr'><strong>subitam</strong></span> <span class='ocrx_word' id='word_1_233' title='bbox 2856 1890 3093 1946; x_wconf 59' lang='lat' dir='ltr'><strong>praeceps</strong></span> <span class='ocrx_word' id='word_1_234' title='bbox 3129 1875 3377 1932; x_wconf 75' lang='lat' dir='ltr'><strong>immer~a</strong></span> <span class='ocrx_word' id='word_1_235' title='bbox 3407 1875 3550 1929; x_wconf 88' lang='lat' dir='ltr'><strong>Cha-</strong></span> 
     </span>
    </p>
   </div>
   <div class='ocr_carea' id='block_1_42' title="bbox 3231 1964 3483 2037">
    <p class='ocr_par' dir='ltr' id='par_1_42' title="bbox 3231 1964 3483 2037">
     <span class='ocr_line' id='line_1_42' title="bbox 3231 1964 3483 2037; baseline 0.004 -18"><span class='ocrx_word' id='word_1_236' title='bbox 3231 1964 3483 2037; x_wconf 73' lang='lat' dir='ltr'><strong>[v&#39;ybditm</strong></span> 
     </span>
    </p>
   </div>
   <div class='ocr_carea' id='block_1_43' title="bbox 1600 2052 2262 2113">
    <p class='ocr_par' dir='ltr' id='par_1_43' title="bbox 1600 2052 2262 2113">
     <span class='ocr_line' id='line_1_43' title="bbox 1600 2052 2262 2113; baseline 0 -2"><span class='ocrx_word' id='word_1_237' title='bbox 1600 2052 1883 2112; x_wconf 68' lang='lat' dir='ltr'><strong>GLOSSA&#39;I</strong></span> <span class='ocrx_word' id='word_1_238' title='bbox 1920 2053 2262 2113; x_wconf 78' lang='lat' dir='ltr'><strong>VETERES.</strong></span> 
     </span>
    </p>
   </div>
   <div class='ocr_carea' id='block_1_44' title="bbox 308 2146 1873 2221">
    <p class='ocr_par' dir='ltr' id='par_1_44' title="bbox 308 2146 1873 2221">
     <span class='ocr_line' id='line_1_44' title="bbox 308 2146 1873 2221; baseline -0.002 -17"><span class='ocrx_word' id='word_1_239' title='bbox 308 2148 697 2221; x_wconf 54' lang='lat' dir='ltr'><strong>(Egyptiarum;</strong></span> <span class='ocrx_word' id='word_1_240' title='bbox 736 2148 965 2221; x_wconf 84' lang='lat' dir='ltr'><strong>maritus.</strong></span> <span class='ocrx_word' id='word_1_241' title='bbox 991 2176 1083 2221; x_wconf 28' lang='grc' dir='ltr'><strong>-Α</strong></span> <span class='ocrx_word' id='word_1_242' title='bbox 1102 2146 1301 2221; x_wconf 73' lang='lat' dir='ltr'><strong>Grandi</strong></span> <span class='ocrx_word' id='word_1_243' title='bbox 1332 2147 1497 2221; x_wconf 78' lang='lat' dir='ltr'><strong>cauda</strong></span> <span class='ocrx_word' id='word_1_244' title='bbox 1520 2187 1535 2211; x_wconf 94' lang='lat'><strong>,</strong></span> <span class='ocrx_word' id='word_1_245' title='bbox 1565 2148 1685 2221; x_wconf 75' lang='lat' dir='ltr'><strong>quia</strong></span> <span class='ocrx_word' id='word_1_246' title='bbox 1714 2164 1873 2216; x_wconf 87' lang='lat' dir='ltr'><strong>genus</strong></span> 
     </span>
    </p>
   </div>
   <div class='ocr_carea' id='block_1_45' title="bbox 306 2216 1877 2287">
    <p class='ocr_par' dir='ltr' id='par_1_45' title="bbox 306 2216 1877 2287">
     <span class='ocr_line' id='line_1_45' title="bbox 306 2216 1877 2287; baseline -0.003 -13"><span class='ocrx_word' id='word_1_247' title='bbox 306 2216 565 2275; x_wconf 76' lang='lat' dir='ltr'><strong>sitnion</strong></span> <span class='ocrx_word' id='word_1_248' title='bbox 592 2228 686 2284; x_wconf 85' lang='lat' dir='ltr'><strong>est,</strong></span> <span class='ocrx_word' id='word_1_249' title='bbox 715 2219 803 2287; x_wconf 86' lang='lat' dir='ltr'><strong>qui</strong></span> <span class='ocrx_word' id='word_1_250' title='bbox 829 2233 1041 2287; x_wconf 88' lang='lat' dir='ltr'><strong>magnas</strong></span> <span class='ocrx_word' id='word_1_251' title='bbox 1063 2216 1246 2271; x_wconf 81' lang='lat' dir='ltr'><strong>habent</strong></span> <span class='ocrx_word' id='word_1_252' title='bbox 1274 2218 1483 2280; x_wconf 87' lang='lat' dir='ltr'><strong>caudas,</strong></span> <span class='ocrx_word' id='word_1_253' title='bbox 1512 2227 1559 2269; x_wconf 90' lang='lat' dir='ltr'><strong>et</strong></span> <span class='ocrx_word' id='word_1_254' title='bbox 1585 2218 1685 2283; x_wconf 90' lang='lat' dir='ltr'><strong>ipsi</strong></span> <span class='ocrx_word' id='word_1_255' title='bbox 1708 2233 1877 2270; x_wconf 82' lang='lat' dir='ltr'><strong>cerco-</strong></span> 
     </span>
    </p>
   </div>
   <div class='ocr_carea' id='block_1_46' title="bbox 306 2287 1876 2359">
    <p class='ocr_par' dir='ltr' id='par_1_46' title="bbox 306 2287 1876 2359">
     <span class='ocr_line' id='line_1_46' title="bbox 306 2287 1876 2359; baseline -0.001 -17"><span class='ocrx_word' id='word_1_256' title='bbox 306 2290 487 2357; x_wconf 87' lang='lat' dir='ltr'><strong>pitheci</strong></span> <span class='ocrx_word' id='word_1_257' title='bbox 511 2289 778 2353; x_wconf 88' lang='lat' dir='ltr'><strong>dicuntur;</strong></span> <span class='ocrx_word' id='word_1_258' title='bbox 808 2297 857 2343; x_wconf 91' lang='lat' dir='ltr'><strong>et</strong></span> <span class='ocrx_word' id='word_1_259' title='bbox 878 2287 1024 2341; x_wconf 84' lang='lat' dir='ltr'><strong>aliud</strong></span> <span class='ocrx_word' id='word_1_260' title='bbox 1048 2303 1203 2359; x_wconf 78' lang='lat' dir='ltr'><strong>genus</strong></span> <span class='ocrx_word' id='word_1_261' title='bbox 1231 2287 1379 2355; x_wconf 80' lang='lat' dir='ltr'><strong>spina</strong></span> <span class='ocrx_word' id='word_1_262' title='bbox 1405 2287 1615 2359; x_wconf 75' lang='lat' dir='ltr'><strong>dicitur,</strong></span> <span class='ocrx_word' id='word_1_263' title='bbox 1644 2287 1783 2357; x_wconf 89' lang='lat' dir='ltr'><strong>quod</strong></span> <span class='ocrx_word' id='word_1_264' title='bbox 1802 2296 1876 2343; x_wconf 87' lang='lat' dir='ltr'><strong>est</strong></span> 
     </span>
    </p>
   </div>
   <div class='ocr_carea' id='block_1_47' title="bbox 304 2356 1575 2427">
    <p class='ocr_par' dir='ltr' id='par_1_47' title="bbox 304 2356 1575 2427">
     <span class='ocr_line' id='line_1_47' title="bbox 304 2356 1575 2427; baseline -0.002 -15"><span class='ocrx_word' id='word_1_265' title='bbox 304 2356 567 2423; x_wconf 70' lang='lat' dir='ltr'><strong>villosum;</strong></span> <span class='ocrx_word' id='word_1_266' title='bbox 596 2368 641 2412; x_wconf 89' lang='lat' dir='ltr'><strong>et</strong></span> <span class='ocrx_word' id='word_1_267' title='bbox 671 2360 873 2412; x_wconf 86' lang='lat' dir='ltr'><strong>tertium</strong></span> <span class='ocrx_word' id='word_1_268' title='bbox 900 2356 1063 2427; x_wconf 76' lang='lat' dir='ltr'><strong>genus</strong></span> <span class='ocrx_word' id='word_1_269' title='bbox 1085 2365 1156 2411; x_wconf 87' lang='lat' dir='ltr'><strong>est</strong></span> <span class='ocrx_word' id='word_1_270' title='bbox 1184 2361 1293 2427; x_wconf 71' lang='lat' dir='ltr'><strong>sine</strong></span> <span class='ocrx_word' id='word_1_271' title='bbox 1317 2356 1506 2425; x_wconf 89' lang='lat' dir='ltr'><strong>cauda,</strong></span> <span class='ocrx_word' id='word_1_272' title='bbox 1536 2357 1575 2410; x_wconf 93' lang='grc' dir='ltr'>Ι.</span> 
     </span>
    </p>
   </div>
   <div class='ocr_carea' id='block_1_48' title="bbox 370 2426 1876 2496">
    <p class='ocr_par' dir='ltr' id='par_1_48' title="bbox 370 2426 1876 2496">
     <span class='ocr_line' id='line_1_48' title="bbox 370 2426 1876 2496; baseline -0.002 -12"><span class='ocrx_word' id='word_1_273' title='bbox 370 2429 494 2484; x_wconf 81' lang='lat'>869.</span> <span class='ocrx_word' id='word_1_274' title='bbox 527 2428 855 2493; x_wconf 89' lang='lat' dir='ltr'><strong>Crocodilus,</strong></span> <span class='ocrx_word' id='word_1_275' title='bbox 885 2426 1165 2481; x_wconf 77' lang='lat' dir='ltr'><strong>monstrum</strong></span> <span class='ocrx_word' id='word_1_276' title='bbox 1196 2426 1430 2496; x_wconf 60' lang='lat' dir='ltr'><strong>Egypti.</strong></span> <span class='ocrx_word' id='word_1_277' title='bbox 1454 2455 1525 2466; x_wconf 91' lang='lat'><strong>—</strong></span> <span class='ocrx_word' id='word_1_278' title='bbox 1547 2428 1818 2493; x_wconf 86' lang='lat' dir='ltr'><strong>Laverna,</strong></span> <span class='ocrx_word' id='word_1_279' title='bbox 1842 2444 1876 2481; x_wconf 92' lang='lat' dir='ltr'><strong>a</strong></span> 
     </span>
    </p>
   </div>
   <div class='ocr_carea' id='block_1_49' title="bbox 304 2497 1427 2566">
    <p class='ocr_par' dir='ltr' id='par_1_49' title="bbox 304 2497 1427 2566">
     <span class='ocr_line' id='line_1_49' title="bbox 304 2497 1427 2566; baseline -0.001 -13"><span class='ocrx_word' id='word_1_280' title='bbox 304 2497 537 2554; x_wconf 74' lang='lat' dir='ltr'><strong>lavando.</strong></span> <span class='ocrx_word' id='word_1_281' title='bbox 558 2526 633 2539; x_wconf 95' lang='lat'><strong>—</strong></span> <span class='ocrx_word' id='word_1_282' title='bbox 658 2498 900 2566; x_wconf 84' lang='lat' dir='ltr'><strong>Priapus,</strong></span> <span class='ocrx_word' id='word_1_283' title='bbox 925 2499 1047 2551; x_wconf 87' lang='lat' dir='ltr'><strong>deus</strong></span> <span class='ocrx_word' id='word_1_284' title='bbox 1074 2498 1355 2561; x_wconf 85' lang='lat' dir='ltr'><strong>hortorum,</strong></span> <span class='ocrx_word' id='word_1_285' title='bbox 1387 2498 1427 2552; x_wconf 94' lang='grc' dir='ltr'>Ι.</span> 
     </span>
    </p>
   </div>
   <div class='ocr_carea' id='block_1_50' title="bbox 369 2564 1714 2638">
    <p class='ocr_par' dir='ltr' id='par_1_50' title="bbox 369 2564 1714 2638">
     <span class='ocr_line' id='line_1_50' title="bbox 369 2564 1714 2638; baseline 0.001 -18"><span class='ocrx_word' id='word_1_286' title='bbox 369 2570 495 2621; x_wconf 75' lang='lat'>872.</span> <span class='ocrx_word' id='word_1_287' title='bbox 529 2568 683 2635; x_wconf 83' lang='lat' dir='ltr'><strong>Hinc,</strong></span> <span class='ocrx_word' id='word_1_288' title='bbox 708 2564 820 2638; x_wconf 67' lang='lat' dir='ltr'><strong>poit</strong></span> <span class='ocrx_word' id='word_1_289' title='bbox 848 2566 976 2638; x_wconf 67' lang='lat' dir='ltr'><strong>hac.</strong></span> <span class='ocrx_word' id='word_1_290' title='bbox 1000 2594 1071 2605; x_wconf 89' lang='lat'><strong>-—</strong></span> <span class='ocrx_word' id='word_1_291' title='bbox 1092 2566 1344 2638; x_wconf 67' lang='lat' dir='ltr'><strong>lj‘rutetis,</strong></span> <span class='ocrx_word' id='word_1_292' title='bbox 1367 2565 1643 2635; x_wconf 88' lang='lat' dir='ltr'><strong>erroribus,</strong></span> <span class='ocrx_word' id='word_1_293' title='bbox 1671 2564 1714 2622; x_wconf 88' lang='grc' dir='ltr'>Ι.</span> 
     </span>
    </p>
   </div>
   <div class='ocr_carea' id='block_1_51' title="bbox 372 2636 1537 2705">
    <p class='ocr_par' dir='ltr' id='par_1_51' title="bbox 372 2636 1537 2705">
     <span class='ocr_line' id='line_1_51' title="bbox 372 2636 1537 2705; baseline -0.001 -12"><span class='ocrx_word' id='word_1_294' title='bbox 372 2640 499 2694; x_wconf 78' lang='grc'>875.</span> <span class='ocrx_word' id='word_1_295' title='bbox 532 2636 788 2705; x_wconf 83' lang='lat' dir='ltr'><strong>Carpunt,</strong></span> <span class='ocrx_word' id='word_1_296' title='bbox 818 2637 1079 2703; x_wconf 88' lang='lat' dir='ltr'><strong>incedunt,</strong></span> <span class='ocrx_word' id='word_1_297' title='bbox 1109 2636 1150 2692; x_wconf 88' lang='grc' dir='ltr'>Ι.</span> <span class='ocrx_word' id='word_1_298' title='bbox 1530 2642 1537 2649; x_wconf 87' lang='grc'><strong>’</strong></span> 
     </span>
    </p>
   </div>
   <div class='ocr_carea' id='block_1_52' title="bbox 372 2706 1033 2772">
    <p class='ocr_par' dir='ltr' id='par_1_52' title="bbox 372 2706 1033 2772">
     <span class='ocr_line' id='line_1_52' title="bbox 372 2706 1033 2772; baseline -0.003 -9"><span class='ocrx_word' id='word_1_299' title='bbox 372 2711 499 2763; x_wconf 74' lang='grc'><strong>874,</strong></span> <span class='ocrx_word' id='word_1_300' title='bbox 533 2706 688 2772; x_wconf 62' lang='lat' dir='ltr'><strong>Caeli,</strong></span> <span class='ocrx_word' id='word_1_301' title='bbox 714 2708 960 2771; x_wconf 77' lang='lat' dir='ltr'><strong>veritatis,</strong></span> <span class='ocrx_word' id='word_1_302' title='bbox 989 2706 1033 2761; x_wconf 90' lang='lat' dir='ltr'><strong>l.</strong></span> 
     </span>
    </p>
   </div>
   <div class='ocr_carea' id='block_1_53' title="bbox 371 2774 1148 2840">
    <p class='ocr_par' dir='ltr' id='par_1_53' title="bbox 371 2774 1148 2840">
     <span class='ocr_line' id='line_1_53' title="bbox 371 2774 1148 2840; baseline -0.004 -7"><span class='ocrx_word' id='word_1_303' title='bbox 371 2781 498 2833; x_wconf 78' lang='lat'>875.</span> <span class='ocrx_word' id='word_1_304' title='bbox 535 2778 710 2836; x_wconf 70' lang='lat' dir='ltr'><strong>Saevo.</strong></span> <span class='ocrx_word' id='word_1_305' title='bbox 735 2778 826 2830; x_wconf 88' lang='lat' dir='ltr'><strong>sub</strong></span> <span class='ocrx_word' id='word_1_306' title='bbox 851 2777 1077 2840; x_wconf 82' lang='lat' dir='ltr'><strong>diabolo,</strong></span> <span class='ocrx_word' id='word_1_307' title='bbox 1106 2774 1148 2830; x_wconf 85' lang='lat' dir='ltr'><strong>l.</strong></span> 
     </span>
    </p>
   </div>
   <div class='ocr_carea' id='block_1_54' title="bbox 372 2843 1289 2915">
    <p class='ocr_par' dir='ltr' id='par_1_54' title="bbox 372 2843 1289 2915">
     <span class='ocr_line' id='line_1_54' title="bbox 372 2843 1289 2915; baseline -0.003 -11"><span class='ocrx_word' id='word_1_308' title='bbox 372 2850 500 2904; x_wconf 84' lang='lat'>878.</span> <span class='ocrx_word' id='word_1_309' title='bbox 531 2848 873 2914; x_wconf 88' lang='lat' dir='ltr'><strong>Discrimine,</strong></span> <span class='ocrx_word' id='word_1_310' title='bbox 899 2846 1220 2915; x_wconf 80' lang='lat' dir='ltr'><strong>discretione,</strong></span> <span class='ocrx_word' id='word_1_311' title='bbox 1243 2843 1289 2901; x_wconf 87' lang='grc' dir='ltr'><strong>Ι.</strong></span> 
     </span>
    </p>
   </div>
   <div class='ocr_carea' id='block_1_55' title="bbox 2052 2145 2642 2211">
    <p class='ocr_par' dir='ltr' id='par_1_55' title="bbox 2052 2145 2642 2211">
     <span class='ocr_line' id='line_1_55' title="bbox 2052 2145 2642 2211; baseline -0.008 -8"><span class='ocrx_word' id='word_1_312' title='bbox 2052 2148 2177 2203; x_wconf 78' lang='grc'>881.</span> <span class='ocrx_word' id='word_1_313' title='bbox 2209 2146 2400 2211; x_wconf 88' lang='lat' dir='ltr'><strong>Unam,</strong></span> <span class='ocrx_word' id='word_1_314' title='bbox 2423 2147 2577 2211; x_wconf 83' lang='lat' dir='ltr'><strong>viam,</strong></span> <span class='ocrx_word' id='word_1_315' title='bbox 2602 2145 2642 2202; x_wconf 86' lang='grc' dir='ltr'><strong>Ι.</strong></span> 
     </span>
    </p>
   </div>
   <div class='ocr_carea' id='block_1_56' title="bbox 2051 2215 2693 2283">
    <p class='ocr_par' dir='ltr' id='par_1_56' title="bbox 2051 2215 2693 2283">
     <span class='ocr_line' id='line_1_56' title="bbox 2051 2215 2693 2283; baseline -0.002 -12"><span class='ocrx_word' id='word_1_316' title='bbox 2051 2218 2176 2272; x_wconf 78' lang='grc'>885.</span> <span class='ocrx_word' id='word_1_317' title='bbox 2206 2217 2383 2283; x_wconf 78' lang='lat' dir='ltr'><strong>Cliiio,</strong></span> <span class='ocrx_word' id='word_1_318' title='bbox 2405 2220 2631 2282; x_wconf 87' lang='lat' dir='ltr'><strong>veritate,</strong></span> <span class='ocrx_word' id='word_1_319' title='bbox 2651 2215 2693 2272; x_wconf 87' lang='grc'>1.</span> 
     </span>
    </p>
   </div>
   <div class='ocr_carea' id='block_1_57' title="bbox 2052 2286 3552 2358">
    <p class='ocr_par' dir='ltr' id='par_1_57' title="bbox 2052 2286 3552 2358">
     <span class='ocr_line' id='line_1_57' title="bbox 2052 2286 3552 2358; baseline 0.001 -16"><span class='ocrx_word' id='word_1_320' title='bbox 2052 2287 2180 2358; x_wconf 73' lang='lat' dir='ltr'>88L</span> <span class='ocrx_word' id='word_1_321' title='bbox 2211 2286 2409 2353; x_wconf 89' lang='lat' dir='ltr'><strong>Prima,</strong></span> <span class='ocrx_word' id='word_1_322' title='bbox 2432 2304 2542 2352; x_wconf 68' lang='lat' dir='ltr'><strong>qua:</strong></span> <span class='ocrx_word' id='word_1_323' title='bbox 2563 2288 2701 2358; x_wconf 76' lang='lat' dir='ltr'><strong>ducit</strong></span> <span class='ocrx_word' id='word_1_324' title='bbox 2722 2287 2791 2341; x_wconf 94' lang='lat' dir='ltr'><strong>ad</strong></span> <span class='ocrx_word' id='word_1_325' title='bbox 2816 2287 3060 2343; x_wconf 88' lang='lat' dir='ltr'><strong>vitam.—</strong></span> <span class='ocrx_word' id='word_1_326' title='bbox 3083 2286 3289 2354; x_wconf 81' lang='lat' dir='ltr'><strong>Facies,</strong></span> <span class='ocrx_word' id='word_1_327' title='bbox 3311 2286 3552 2358; x_wconf 81' lang='lat' dir='ltr'><strong>qualitas.</strong></span> 
     </span>
    </p>
   </div>
   <div class='ocr_carea' id='block_1_58' title="bbox 1977 2356 2726 2428">
    <p class='ocr_par' dir='ltr' id='par_1_58' title="bbox 1977 2356 2726 2428">
     <span class='ocr_line' id='line_1_58' title="bbox 1977 2356 2726 2428; baseline 0.003 -18"><span class='ocrx_word' id='word_1_328' title='bbox 1977 2385 2051 2403; x_wconf 67' lang='grc' dir='ltr'><strong><em>-ς</em></strong></span> <span class='ocrx_word' id='word_1_329' title='bbox 2071 2357 2282 2428; x_wconf 84' lang='lat' dir='ltr'><strong>Tristis,</strong></span> <span class='ocrx_word' id='word_1_330' title='bbox 2310 2359 2363 2413; x_wconf 89' lang='lat' dir='ltr'><strong>in</strong></span> <span class='ocrx_word' id='word_1_331' title='bbox 2392 2359 2654 2428; x_wconf 65' lang='lat' dir='ltr'><strong>praesenti,</strong></span> <span class='ocrx_word' id='word_1_332' title='bbox 2684 2356 2726 2412; x_wconf 91' lang='grc' dir='ltr'>Ι.</span> 
     </span>
    </p>
   </div>
   <div class='ocr_carea' id='block_1_59' title="bbox 2051 2426 2958 2495">
    <p class='ocr_par' dir='ltr' id='par_1_59' title="bbox 2051 2426 2958 2495">
     <span class='ocr_line' id='line_1_59' title="bbox 2051 2426 2958 2495; baseline -0.002 -14"><span class='ocrx_word' id='word_1_333' title='bbox 2051 2427 2176 2481; x_wconf 87' lang='grc'>887.</span> <span class='ocrx_word' id='word_1_334' title='bbox 2208 2426 2460 2493; x_wconf 85' lang='lat' dir='ltr'><strong>Pensare,</strong></span> <span class='ocrx_word' id='word_1_335' title='bbox 2485 2442 2888 2495; x_wconf 89' lang='lat' dir='ltr'><strong>recompensare,</strong></span> <span class='ocrx_word' id='word_1_336' title='bbox 2919 2426 2958 2480; x_wconf 92' lang='grc' dir='ltr'>Ι.</span> 
     </span>
    </p>
   </div>
   <div class='ocr_carea' id='block_1_60' title="bbox 2049 2495 3503 2563">
    <p class='ocr_par' dir='ltr' id='par_1_60' title="bbox 2049 2495 3503 2563">
     <span class='ocr_line' id='line_1_60' title="bbox 2049 2495 3503 2563; baseline 0.002 -13"><span class='ocrx_word' id='word_1_337' title='bbox 2049 2497 2176 2550; x_wconf 85' lang='grc'>888.</span> <span class='ocrx_word' id='word_1_338' title='bbox 2207 2496 2500 2563; x_wconf 83' lang='lat' dir='ltr'><strong>Multiplici,</strong></span> <span class='ocrx_word' id='word_1_339' title='bbox 2525 2498 2714 2550; x_wconf 85' lang='lat' dir='ltr'><strong>scilicet</strong></span> <span class='ocrx_word' id='word_1_340' title='bbox 2739 2498 2850 2560; x_wconf 67' lang='lat' dir='ltr'><strong>vias,</strong></span> <span class='ocrx_word' id='word_1_341' title='bbox 2874 2496 2938 2549; x_wconf 85' lang='lat' dir='ltr'><strong>de</strong></span> <span class='ocrx_word' id='word_1_342' title='bbox 2960 2497 3043 2549; x_wconf 87' lang='lat' dir='ltr'><strong>via</strong></span> <span class='ocrx_word' id='word_1_343' title='bbox 3068 2496 3273 2551; x_wconf 88' lang='lat' dir='ltr'><strong>sinistra</strong></span> <span class='ocrx_word' id='word_1_344' title='bbox 3296 2496 3440 2562; x_wconf 84' lang='lat' dir='ltr'><strong>dicit,</strong></span> <span class='ocrx_word' id='word_1_345' title='bbox 3461 2495 3503 2553; x_wconf 91' lang='lat' dir='ltr'><strong>I.</strong></span> 
     </span>
    </p>
   </div>
   <div class='ocr_carea' id='block_1_61' title="bbox 2054 2566 2762 2635">
    <p class='ocr_par' dir='ltr' id='par_1_61' title="bbox 2054 2566 2762 2635">
     <span class='ocr_line' id='line_1_61' title="bbox 2054 2566 2762 2635; baseline -0.001 -15"><span class='ocrx_word' id='word_1_346' title='bbox 2054 2566 2178 2621; x_wconf 87' lang='lat'>890.</span> <span class='ocrx_word' id='word_1_347' title='bbox 2214 2567 2491 2627; x_wconf 80' lang='lat' dir='ltr'><strong>Barbatos.</strong></span> <span class='ocrx_word' id='word_1_348' title='bbox 2521 2567 2695 2635; x_wconf 77' lang='lat' dir='ltr'><strong>fortes,</strong></span> <span class='ocrx_word' id='word_1_349' title='bbox 2723 2566 2762 2619; x_wconf 95' lang='lat' dir='ltr'><strong>l.</strong></span> 
     </span>
    </p>
   </div>
   <div class='ocr_carea' id='block_1_62' title="bbox 2054 2632 3035 2703">
    <p class='ocr_par' dir='ltr' id='par_1_62' title="bbox 2054 2632 3035 2703">
     <span class='ocr_line' id='line_1_62' title="bbox 2054 2632 3035 2703; baseline -0.001 -13"><span class='ocrx_word' id='word_1_350' title='bbox 2054 2635 2180 2690; x_wconf 90' lang='lat' dir='ltr'>89l.</span> <span class='ocrx_word' id='word_1_351' title='bbox 2214 2636 2384 2695; x_wconf 89' lang='lat' dir='ltr'><strong>lllicit.</strong></span> <span class='ocrx_word' id='word_1_352' title='bbox 2409 2632 2600 2688; x_wconf 78' lang='lat' dir='ltr'><strong>scilicet</strong></span> <span class='ocrx_word' id='word_1_353' title='bbox 2622 2635 2738 2689; x_wconf 88' lang='lat' dir='ltr'><strong>illos</strong></span> <span class='ocrx_word' id='word_1_354' title='bbox 2760 2634 2969 2703; x_wconf 84' lang='lat' dir='ltr'><strong>decipit,</strong></span> <span class='ocrx_word' id='word_1_355' title='bbox 2994 2632 3035 2689; x_wconf 88' lang='grc'>1.</span> 
     </span>
    </p>
   </div>
   <div class='ocr_carea' id='block_1_63' title="bbox 2053 2705 2803 2775">
    <p class='ocr_par' dir='ltr' id='par_1_63' title="bbox 2053 2705 2803 2775">
     <span class='ocr_line' id='line_1_63' title="bbox 2053 2705 2803 2775; baseline -0.001 -15"><span class='ocrx_word' id='word_1_356' title='bbox 2053 2705 2182 2775; x_wconf 31' lang='grc'>8.,2.</span> <span class='ocrx_word' id='word_1_357' title='bbox 2214 2706 2475 2775; x_wconf 78' lang='lat' dir='ltr'><strong>Ambage,</strong></span> <span class='ocrx_word' id='word_1_358' title='bbox 2499 2705 2738 2775; x_wconf 85' lang='lat' dir='ltr'><strong>circuitu,</strong></span> <span class='ocrx_word' id='word_1_359' title='bbox 2761 2705 2803 2759; x_wconf 94' lang='lat' dir='ltr'><strong>l.</strong></span> 
     </span>
    </p>
   </div>
   <div class='ocr_carea' id='block_1_64' title="bbox 2055 2772 3489 2843">
    <p class='ocr_par' dir='ltr' id='par_1_64' title="bbox 2055 2772 3489 2843">
     <span class='ocr_line' id='line_1_64' title="bbox 2055 2772 3489 2843; baseline 0.001 -14"><span class='ocrx_word' id='word_1_360' title='bbox 2055 2774 2182 2830; x_wconf 76' lang='lat'>895.</span> <span class='ocrx_word' id='word_1_361' title='bbox 2213 2772 2421 2841; x_wconf 77' lang='lat' dir='ltr'><strong>Talem,</strong></span> <span class='ocrx_word' id='word_1_362' title='bbox 2450 2776 2503 2828; x_wconf 90' lang='lat' dir='ltr'><strong>id</strong></span> <span class='ocrx_word' id='word_1_363' title='bbox 2530 2784 2601 2828; x_wconf 89' lang='lat' dir='ltr'><strong>est</strong></span> <span class='ocrx_word' id='word_1_364' title='bbox 2628 2774 2909 2838; x_wconf 79' lang='lat' dir='ltr'><strong>diabolum,</strong></span> <span class='ocrx_word' id='word_1_365' title='bbox 2938 2774 3015 2827; x_wconf 84' lang='lat' dir='ltr'><strong>vel</strong></span> <span class='ocrx_word' id='word_1_366' title='bbox 3040 2772 3425 2843; x_wconf 79' lang='lat' dir='ltr'><strong>Symmachum,</strong></span> <span class='ocrx_word' id='word_1_367' title='bbox 3450 2774 3489 2830; x_wconf 89' lang='lat' dir='ltr'><strong>l.</strong></span> 
     </span>
    </p>
   </div>
   <div class='ocr_carea' id='block_1_65' title="bbox 2054 2844 2965 2917">
    <p class='ocr_par' dir='ltr' id='par_1_65' title="bbox 2054 2844 2965 2917">
     <span class='ocr_line' id='line_1_65' title="bbox 2054 2844 2965 2917; baseline -0.002 -17"><span class='ocrx_word' id='word_1_368' title='bbox 2054 2844 2181 2900; x_wconf 88' lang='lat'>899.</span> <span class='ocrx_word' id='word_1_369' title='bbox 2213 2845 2559 2917; x_wconf 86' lang='lat' dir='ltr'><strong>Charybdim,</strong></span> <span class='ocrx_word' id='word_1_370' title='bbox 2586 2844 2897 2915; x_wconf 84' lang='lat' dir='ltr'><strong>voraginem,</strong></span> <span class='ocrx_word' id='word_1_371' title='bbox 2926 2844 2965 2898; x_wconf 88' lang='grc' dir='ltr'>Ι.</span> 
     </span>
    </p>
   </div>
   <div class='ocr_carea' id='block_1_66' title="bbox 1639 2935 2192 2995">
    <p class='ocr_par' dir='ltr' id='par_1_66' title="bbox 1639 2935 2192 2995">
     <span class='ocr_line' id='line_1_66' title="bbox 1639 2935 2192 2995; baseline 0 -2"><span class='ocrx_word' id='word_1_372' title='bbox 1639 2935 2192 2995; x_wconf 78' lang='lat' dir='ltr'><strong>COMMENTARIUS.</strong></span> 
     </span>
    </p>
   </div>
   <div class='ocr_carea' id='block_1_67' title="bbox 303 3028 3545 3102">
    <p class='ocr_par' dir='ltr' id='par_1_67' title="bbox 303 3028 3545 3102">
     <span class='ocr_line' id='line_1_67' title="bbox 303 3028 3545 3102; baseline -0 -15"><span class='ocrx_word' id='word_1_373' title='bbox 303 3033 378 3088; x_wconf 89' lang='lat' dir='ltr'><strong>De</strong></span> <span class='ocrx_word' id='word_1_374' title='bbox 395 3032 767 3102; x_wconf 85' lang='lat' dir='ltr'><strong>cercOpitheco</strong></span> <span class='ocrx_word' id='word_1_375' title='bbox 782 3031 1039 3087; x_wconf 85' lang='lat' dir='ltr'><strong>Martialis</strong></span> <span class='ocrx_word' id='word_1_376' title='bbox 1058 3030 1154 3086; x_wconf 92' lang='lat' dir='ltr'><strong>lib.</strong></span> <span class='ocrx_word' id='word_1_377' title='bbox 1168 3028 1590 3102; x_wconf 72' lang='lat' dir='ltr'><strong>stv,epigr.202</strong></span> <span class='ocrx_word' id='word_1_378' title='bbox 1608 3029 1872 3102; x_wconf 80' lang='lat' dir='ltr'><strong>:Callidus</strong></span> <span class='ocrx_word' id='word_1_379' title='bbox 1899 3030 1946 3093; x_wconf 90' lang='lat' dir='ltr'><strong>C</strong></span> <span class='ocrx_word' id='word_1_380' title='bbox 1999 3100 2009 3102; x_wconf 25' lang='grc' dir='ltr'><strong>Α</strong></span> <span class='ocrx_word' id='word_1_381' title='bbox 2046 3031 2170 3086; x_wconf 80' lang='grc'>885.</span> <span class='ocrx_word' id='word_1_382' title='bbox 2205 3031 2347 3097; x_wconf 78' lang='lat' dir='ltr'><strong>Altl.,</strong></span> <span class='ocrx_word' id='word_1_383' title='bbox 2368 3034 2574 3095; x_wconf 85' lang='lat' dir='ltr'><strong>celsam.</strong></span> <span class='ocrx_word' id='word_1_384' title='bbox 2596 3032 2772 3087; x_wconf 92' lang='lat' dir='ltr'><strong>minus</strong></span> <span class='ocrx_word' id='word_1_385' title='bbox 2788 3032 2956 3095; x_wconf 88' lang='lat' dir='ltr'><strong>bene;</strong></span> <span class='ocrx_word' id='word_1_386' title='bbox 2987 3045 3083 3086; x_wconf 91' lang='lat' dir='ltr'><strong>nec</strong></span> <span class='ocrx_word' id='word_1_387' title='bbox 3104 3031 3294 3087; x_wconf 91' lang='lat' dir='ltr'><strong>melius</strong></span> <span class='ocrx_word' id='word_1_388' title='bbox 3310 3032 3545 3092; x_wconf 84' lang='lat' dir='ltr'><strong>Teolins.</strong></span> 
     </span>
    </p>
   </div>
   <div class='ocr_carea' id='block_1_68' title="bbox 300 3100 1871 3173">
    <p class='ocr_par' dir='ltr' id='par_1_68' title="bbox 300 3100 1871 3173">
     <span class='ocr_line' id='line_1_68' title="bbox 300 3100 1871 3173; baseline -0.001 -17"><span class='ocrx_word' id='word_1_389' title='bbox 300 3104 510 3158; x_wconf 76' lang='lat' dir='ltr'><strong>entissas</strong></span> <span class='ocrx_word' id='word_1_390' title='bbox 536 3100 745 3157; x_wconf 84' lang='lat' dir='ltr'><strong>eludere</strong></span> <span class='ocrx_word' id='word_1_391' title='bbox 782 3103 959 3158; x_wconf 86' lang='lat' dir='ltr'><strong>simius</strong></span> <span class='ocrx_word' id='word_1_392' title='bbox 985 3102 1187 3168; x_wconf 86' lang='lat' dir='ltr'><strong>hastas,</strong></span> <span class='ocrx_word' id='word_1_393' title='bbox 1234 3100 1295 3157; x_wconf 88' lang='lat' dir='ltr'><strong>Si</strong></span> <span class='ocrx_word' id='word_1_394' title='bbox 1334 3101 1462 3155; x_wconf 86' lang='lat' dir='ltr'><strong>mihi</strong></span> <span class='ocrx_word' id='word_1_395' title='bbox 1502 3101 1669 3155; x_wconf 89' lang='lat' dir='ltr'><strong>cauda</strong></span> <span class='ocrx_word' id='word_1_396' title='bbox 1705 3102 1871 3173; x_wconf 80' lang='lat' dir='ltr'><strong>foret,</strong></span> 
     </span>
    </p>
   </div>
   <div class='ocr_carea' id='block_1_69' title="bbox 302 3174 865 3239">
    <p class='ocr_par' dir='ltr' id='par_1_69' title="bbox 302 3174 865 3239">
     <span class='ocr_line' id='line_1_69' title="bbox 302 3174 865 3239; baseline 0 -13"><span class='ocrx_word' id='word_1_397' title='bbox 302 3174 676 3239; x_wconf 78' lang='lat' dir='ltr'><strong>cercOpithecus</strong></span> <span class='ocrx_word' id='word_1_398' title='bbox 706 3189 865 3227; x_wconf 85' lang='lat' dir='ltr'><strong>erant.</strong></span> 
     </span>
    </p>
   </div>
   <div class='ocr_carea' id='block_1_70' title="bbox 308 3192 1873 3308">
    <p class='ocr_par' dir='ltr' id='par_1_70' title="bbox 308 3192 1873 3308">
     <span class='ocr_line' id='line_1_70' title="bbox 308 3192 1747 3297; baseline -0.001 -71"><span class='ocrx_word' id='word_1_399' title='bbox 308 3192 676 3297; x_wconf 60' lang='lat' dir='ltr'><strong>rercogrtnecus</strong></span> <span class='ocrx_word' id='word_1_400' title='bbox 706 3192 865 3253; x_wconf 67' lang='lat' dir='ltr'><strong>erant.</strong></span> <span class='ocrx_word' id='word_1_401' title='bbox 905 3240 918 3252; x_wconf 56' lang='grc'>.</span> <span class='ocrx_word' id='word_1_402' title='bbox 1190 3242 1202 3253; x_wconf 41' lang='grc' dir='ltr'>ι</span> <span class='ocrx_word' id='word_1_403' title='bbox 1737 3244 1747 3255; x_wconf 40' lang='grc'><strong>1</strong></span> 
     </span>
     <span class='ocr_line' id='line_1_71' title="bbox 369 3240 1873 3308; baseline -0.001 -10"><span class='ocrx_word' id='word_1_404' title='bbox 369 3245 434 3298; x_wconf 82' lang='lat' dir='ltr'><strong>8b</strong></span> <span class='ocrx_word' id='word_1_405' title='bbox 481 3286 497 3301; x_wconf 95' lang='lat'>.</span> <span class='ocrx_word' id='word_1_406' title='bbox 529 3244 729 3297; x_wconf 77' lang='lat' dir='ltr'><strong>Widm.</strong></span> <span class='ocrx_word' id='word_1_407' title='bbox 762 3242 946 3297; x_wconf 75' lang='lat' dir='ltr'><strong>scribit</strong></span> <span class='ocrx_word' id='word_1_408' title='bbox 972 3240 1327 3303; x_wconf 79' lang='lat' dir='ltr'><strong>crocodrtllus,</strong></span> <span class='ocrx_word' id='word_1_409' title='bbox 1358 3240 1511 3295; x_wconf 81' lang='lat' dir='ltr'><strong>Alex.</strong></span> <span class='ocrx_word' id='word_1_410' title='bbox 1541 3242 1873 3308; x_wconf 72' lang='lat' dir='ltr'><strong>crocodillus,</strong></span> 
     </span>
    </p>
   </div>
   <div class='ocr_carea' id='block_1_71' title="bbox 302 3310 1875 3377">
    <p class='ocr_par' dir='ltr' id='par_1_71' title="bbox 302 3310 1875 3377">
     <span class='ocr_line' id='line_1_72' title="bbox 302 3310 1875 3377; baseline 0.001 -11"><span class='ocrx_word' id='word_1_411' title='bbox 302 3313 411 3377; x_wconf 86' lang='lat' dir='ltr'><strong>alii,</strong></span> <span class='ocrx_word' id='word_1_412' title='bbox 439 3313 746 3369; x_wconf 86' lang='lat' dir='ltr'><strong>crocodilus.</strong></span> <span class='ocrx_word' id='word_1_413' title='bbox 786 3313 982 3376; x_wconf 82' lang='lat' dir='ltr'><strong>Oxon.,</strong></span> <span class='ocrx_word' id='word_1_414' title='bbox 1014 3310 1161 3366; x_wconf 86' lang='lat' dir='ltr'><strong>Idem</strong></span> <span class='ocrx_word' id='word_1_415' title='bbox 1188 3321 1281 3366; x_wconf 86' lang='lat' dir='ltr'><strong>est.</strong></span> <span class='ocrx_word' id='word_1_416' title='bbox 1314 3311 1523 3365; x_wconf 89' lang='lat' dir='ltr'><strong>Thuan.</strong></span> <span class='ocrx_word' id='word_1_417' title='bbox 1555 3320 1607 3364; x_wconf 89' lang='lat' dir='ltr'><strong>et</strong></span> <span class='ocrx_word' id='word_1_418' title='bbox 1636 3312 1729 3365; x_wconf 91' lang='lat' dir='ltr'><strong>alii</strong></span> <span class='ocrx_word' id='word_1_419' title='bbox 1764 3313 1875 3368; x_wconf 89' lang='lat' dir='ltr'><strong>fere</strong></span> 
     </span>
    </p>
   </div>
   <div class='ocr_carea' id='block_1_72' title="bbox 299 3380 1870 3449">
    <p class='ocr_par' dir='ltr' id='par_1_72' title="bbox 299 3380 1870 3449">
     <span class='ocr_line' id='line_1_73' title="bbox 299 3380 1870 3449; baseline 0.001 -14"><span class='ocrx_word' id='word_1_420' title='bbox 299 3398 487 3449; x_wconf 85' lang='lat' dir='ltr'><strong>omnes</strong></span> <span class='ocrx_word' id='word_1_421' title='bbox 517 3382 809 3446; x_wconf 76' lang='lat' dir='ltr'><strong>Heinsiani,</strong></span> <span class='ocrx_word' id='word_1_422' title='bbox 842 3381 1022 3444; x_wconf 80' lang='lat' dir='ltr'><strong>Alex.,</strong></span> <span class='ocrx_word' id='word_1_423' title='bbox 1053 3380 1182 3437; x_wconf 89' lang='lat' dir='ltr'><strong>Urb.</strong></span> <span class='ocrx_word' id='word_1_424' title='bbox 1204 3396 1325 3436; x_wconf 92' lang='lat' dir='ltr'><strong>cum</strong></span> <span class='ocrx_word' id='word_1_425' title='bbox 1350 3381 1509 3445; x_wconf 88' lang='lat' dir='ltr'><strong>Aldo,</strong></span> <span class='ocrx_word' id='word_1_426' title='bbox 1538 3380 1690 3445; x_wconf 87' lang='lat' dir='ltr'><strong>idem,</strong></span> <span class='ocrx_word' id='word_1_427' title='bbox 1716 3383 1870 3449; x_wconf 89' lang='lat' dir='ltr'><strong>quod.</strong></span> 
     </span>
    </p>
   </div>
   <div class='ocr_carea' id='block_1_73' title="bbox 301 3448 1876 3521">
    <p class='ocr_par' dir='ltr' id='par_1_73' title="bbox 301 3448 1876 3521">
     <span class='ocr_line' id='line_1_74' title="bbox 301 3448 1876 3521; baseline 0.001 -16"><span class='ocrx_word' id='word_1_428' title='bbox 301 3448 493 3521; x_wconf 72' lang='lat' dir='ltr'><strong>Weitz.</strong></span> <span class='ocrx_word' id='word_1_429' title='bbox 524 3454 644 3507; x_wconf 87' lang='lat' dir='ltr'><strong>cum</strong></span> <span class='ocrx_word' id='word_1_430' title='bbox 675 3453 805 3513; x_wconf 85' lang='lat' dir='ltr'><strong>suis,</strong></span> <span class='ocrx_word' id='word_1_431' title='bbox 837 3451 974 3515; x_wconf 86' lang='lat' dir='ltr'><strong>Gis.,</strong></span> <span class='ocrx_word' id='word_1_432' title='bbox 1009 3452 1149 3520; x_wconf 58' lang='lat' dir='ltr'><strong>Rau,</strong></span> <span class='ocrx_word' id='word_1_433' title='bbox 1182 3452 1236 3504; x_wconf 88' lang='lat' dir='ltr'><strong>id</strong></span> <span class='ocrx_word' id='word_1_434' title='bbox 1263 3459 1357 3521; x_wconf 86' lang='lat' dir='ltr'><strong>est,</strong></span> <span class='ocrx_word' id='word_1_435' title='bbox 1387 3451 1547 3521; x_wconf 87' lang='lat' dir='ltr'><strong>quod.</strong></span> <span class='ocrx_word' id='word_1_436' title='bbox 1575 3451 1697 3505; x_wconf 86' lang='lat' dir='ltr'><strong>Ald.</strong></span> <span class='ocrx_word' id='word_1_437' title='bbox 1724 3448 1876 3507; x_wconf 86' lang='lat' dir='ltr'><strong>men-</strong></span> 
     </span>
    </p>
   </div>
   <div class='ocr_carea' id='block_1_74' title="bbox 298 3520 1870 3592">
    <p class='ocr_par' dir='ltr' id='par_1_74' title="bbox 298 3520 1870 3592">
     <span class='ocr_line' id='line_1_75' title="bbox 298 3520 1870 3592; baseline 0.001 -18"><span class='ocrx_word' id='word_1_438' title='bbox 298 3522 459 3585; x_wconf 87' lang='lat' dir='ltr'><strong>dose,</strong></span> <span class='ocrx_word' id='word_1_439' title='bbox 514 3524 732 3577; x_wconf 83' lang='lat' dir='ltr'><strong>Lavena.</strong></span> <span class='ocrx_word' id='word_1_440' title='bbox 792 3522 1114 3592; x_wconf 77' lang='lat' dir='ltr'><strong>Beemanus,</strong></span> <span class='ocrx_word' id='word_1_441' title='bbox 1166 3520 1495 3592; x_wconf 32' lang='lat' dir='ltr'><strong>Manud.’ad</strong></span> <span class='ocrx_word' id='word_1_442' title='bbox 1538 3520 1870 3592; x_wconf 76' lang='lat' dir='ltr'><strong>ling._l.at.,</strong></span> 
     </span>
    </p>
   </div>
   <div class='ocr_carea' id='block_1_75' title="bbox 297 3590 1873 3661">
    <p class='ocr_par' dir='ltr' id='par_1_75' title="bbox 297 3590 1873 3661">
     <span class='ocr_line' id='line_1_76' title="bbox 297 3590 1873 3661; baseline 0.001 -16"><span class='ocrx_word' id='word_1_443' title='bbox 297 3595 479 3661; x_wconf 75' lang='lat' dir='ltr'><strong>nescio</strong></span> <span class='ocrx_word' id='word_1_444' title='bbox 511 3592 601 3649; x_wconf 89' lang='lat' dir='ltr'><strong>ubi</strong></span> <span class='ocrx_word' id='word_1_445' title='bbox 639 3592 837 3661; x_wconf 86' lang='lat' dir='ltr'><strong>invenit</strong></span> <span class='ocrx_word' id='word_1_446' title='bbox 862 3590 1119 3656; x_wconf 80' lang='lat' dir='ltr'><strong>Laurena,</strong></span> <span class='ocrx_word' id='word_1_447' title='bbox 1150 3591 1291 3657; x_wconf 90' lang='lat' dir='ltr'><strong>quod</strong></span> <span class='ocrx_word' id='word_1_448' title='bbox 1324 3604 1469 3661; x_wconf 87' lang='lat' dir='ltr'><strong>recte</strong></span> <span class='ocrx_word' id='word_1_449' title='bbox 1499 3590 1747 3647; x_wconf 89' lang='lat' dir='ltr'><strong>emendat</strong></span> <span class='ocrx_word' id='word_1_450' title='bbox 1778 3607 1873 3661; x_wconf 90' lang='lat' dir='ltr'><strong>per</strong></span> 
     </span>
    </p>
   </div>
   <div class='ocr_carea' id='block_1_76' title="bbox 300 3660 1569 3728">
    <p class='ocr_par' dir='ltr' id='par_1_76' title="bbox 300 3660 1569 3728">
     <span class='ocr_line' id='line_1_77' title="bbox 300 3660 1569 3728; baseline -0.002 -11"><span class='ocrx_word' id='word_1_451' title='bbox 300 3663 554 3724; x_wconf 74' lang='lat' dir='ltr'><strong>Laverna.</strong></span> <span class='ocrx_word' id='word_1_452' title='bbox 586 3677 679 3717; x_wconf 89' lang='lat' dir='ltr'><strong>seu</strong></span> <span class='ocrx_word' id='word_1_453' title='bbox 708 3660 961 3725; x_wconf 86' lang='lat' dir='ltr'><strong>Laberna,</strong></span> <span class='ocrx_word' id='word_1_454' title='bbox 992 3677 1109 3728; x_wconf 81' lang='lat' dir='ltr'><strong>qua:</strong></span> <span class='ocrx_word' id='word_1_455' title='bbox 1140 3671 1223 3715; x_wconf 91' lang='lat' dir='ltr'><strong>est</strong></span> <span class='ocrx_word' id='word_1_456' title='bbox 1247 3661 1345 3715; x_wconf 90' lang='lat' dir='ltr'><strong>dea</strong></span> <span class='ocrx_word' id='word_1_457' title='bbox 1372 3660 1569 3715; x_wconf 83' lang='lat' dir='ltr'><strong>furum.</strong></span> 
     </span>
    </p>
   </div>
   <div class='ocr_carea' id='block_1_77' title="bbox 366 3729 1870 3801">
    <p class='ocr_par' dir='ltr' id='par_1_77' title="bbox 366 3729 1870 3801">
     <span class='ocr_line' id='line_1_78' title="bbox 366 3729 1870 3801; baseline -0.003 -14"><span class='ocrx_word' id='word_1_458' title='bbox 366 3734 491 3788; x_wconf 82' lang='lat'>870.</span> <span class='ocrx_word' id='word_1_459' title='bbox 526 3733 673 3797; x_wconf 87' lang='lat' dir='ltr'><strong>Ald.,</strong></span> <span class='ocrx_word' id='word_1_460' title='bbox 696 3732 833 3798; x_wconf 85' lang='lat' dir='ltr'><strong>Gis.,</strong></span> <span class='ocrx_word' id='word_1_461' title='bbox 860 3730 973 3801; x_wconf 72' lang='lat' dir='ltr'><strong>Hos</strong></span> <span class='ocrx_word' id='word_1_462' title='bbox 1002 3740 1076 3794; x_wconf 91' lang='lat' dir='ltr'><strong>tu,</strong></span> <span class='ocrx_word' id='word_1_463' title='bbox 1108 3730 1249 3801; x_wconf 62' lang='lat' dir='ltr'><strong>Nile,</strong></span> <span class='ocrx_word' id='word_1_464' title='bbox 1279 3732 1398 3801; x_wconf 82' lang='lat' dir='ltr'><strong>deos</strong></span> <span class='ocrx_word' id='word_1_465' title='bbox 1426 3729 1573 3795; x_wconf 87' lang='lat' dir='ltr'><strong>colis,</strong></span> <span class='ocrx_word' id='word_1_466' title='bbox 1604 3738 1650 3783; x_wconf 86' lang='lat' dir='ltr'><strong>et</strong></span> <span class='ocrx_word' id='word_1_467' title='bbox 1680 3730 1870 3801; x_wconf 74' lang='grc' dir='ltr'>ιιι,Τὶ-</span> 
     </span>
    </p>
   </div>
   <div class='ocr_carea' id='block_1_78' title="bbox 296 3799 1871 3867">
    <p class='ocr_par' dir='ltr' id='par_1_78' title="bbox 296 3799 1871 3867">
     <span class='ocr_line' id='line_1_79' title="bbox 296 3799 1871 3867; baseline 0 -12"><span class='ocrx_word' id='word_1_468' title='bbox 296 3802 423 3867; x_wconf 86' lang='lat' dir='ltr'><strong>bris,</strong></span> <span class='ocrx_word' id='word_1_469' title='bbox 458 3806 664 3856; x_wconf 87' lang='lat' dir='ltr'><strong>adoras.</strong></span> <span class='ocrx_word' id='word_1_470' title='bbox 716 3802 862 3866; x_wconf 84' lang='lat' dir='ltr'><strong>Rat.,</strong></span> <span class='ocrx_word' id='word_1_471' title='bbox 901 3799 1009 3853; x_wconf 81' lang='lat' dir='ltr'><strong>llos</strong></span> <span class='ocrx_word' id='word_1_472' title='bbox 1054 3810 1128 3863; x_wconf 91' lang='lat' dir='ltr'><strong>tu,</strong></span> <span class='ocrx_word' id='word_1_473' title='bbox 1162 3799 1332 3866; x_wconf 87' lang='lat' dir='ltr'><strong>Tibri,</strong></span> <span class='ocrx_word' id='word_1_474' title='bbox 1372 3801 1529 3865; x_wconf 86' lang='lat' dir='ltr'><strong>colis;</strong></span> <span class='ocrx_word' id='word_1_475' title='bbox 1568 3801 1682 3853; x_wconf 88' lang='lat' dir='ltr'><strong>illos</strong></span> <span class='ocrx_word' id='word_1_476' title='bbox 1715 3800 1871 3855; x_wconf 81' lang='lat' dir='ltr'><strong>Nilus</strong></span> 
     </span>
    </p>
   </div>
   <div class='ocr_carea' id='block_1_79' title="bbox 294 3869 1870 3936">
    <p class='ocr_par' dir='ltr' id='par_1_79' title="bbox 294 3869 1870 3936">
     <span class='ocr_line' id='line_1_80' title="bbox 294 3869 1870 3936; baseline 0.001 -12"><span class='ocrx_word' id='word_1_477' title='bbox 294 3873 630 3927; x_wconf 77' lang='lat' dir='ltr'><strong>adorat.Sed</strong></span> <span class='ocrx_word' id='word_1_478' title='bbox 671 3871 786 3926; x_wconf 68' lang='lat' dir='ltr'><strong>haec</strong></span> <span class='ocrx_word' id='word_1_479' title='bbox 824 3872 983 3925; x_wconf 87' lang='lat' dir='ltr'><strong>verba</strong></span> <span class='ocrx_word' id='word_1_480' title='bbox 1017 3869 1179 3936; x_wconf 87' lang='lat' dir='ltr'><strong>Tibri,</strong></span> <span class='ocrx_word' id='word_1_481' title='bbox 1220 3872 1341 3924; x_wconf 90' lang='lat' dir='ltr'><strong>deos</strong></span> <span class='ocrx_word' id='word_1_482' title='bbox 1379 3872 1525 3933; x_wconf 87' lang='lat' dir='ltr'><strong>colis,</strong></span> <span class='ocrx_word' id='word_1_483' title='bbox 1568 3870 1683 3922; x_wconf 88' lang='lat' dir='ltr'><strong>illos</strong></span> <span class='ocrx_word' id='word_1_484' title='bbox 1716 3870 1870 3925; x_wconf 84' lang='lat' dir='ltr'><strong>Nilus</strong></span> 
     </span>
    </p>
   </div>
   <div class='ocr_carea' id='block_1_80' title="bbox 292 3937 1869 4007">
    <p class='ocr_par' dir='ltr' id='par_1_80' title="bbox 292 3937 1869 4007">
     <span class='ocr_line' id='line_1_81' title="bbox 292 3937 1869 4007; baseline 0.001 -14"><span class='ocrx_word' id='word_1_485' title='bbox 292 3954 418 4007; x_wconf 80' lang='lat' dir='ltr'><strong>sunt</strong></span> <span class='ocrx_word' id='word_1_486' title='bbox 448 3945 514 3996; x_wconf 89' lang='lat' dir='ltr'><strong>ah</strong></span> <span class='ocrx_word' id='word_1_487' title='bbox 543 3941 729 3995; x_wconf 84' lang='lat' dir='ltr'><strong>audaci</strong></span> <span class='ocrx_word' id='word_1_488' title='bbox 758 3949 1083 4004; x_wconf 86' lang='lat' dir='ltr'><strong>correctore,</strong></span> <span class='ocrx_word' id='word_1_489' title='bbox 1109 3941 1374 4007; x_wconf 89' lang='lat' dir='ltr'><strong>prioribus</strong></span> <span class='ocrx_word' id='word_1_490' title='bbox 1402 3939 1598 3994; x_wconf 85' lang='lat' dir='ltr'><strong>erasis:</strong></span> <span class='ocrx_word' id='word_1_491' title='bbox 1626 3937 1869 3995; x_wconf 88' lang='lat' dir='ltr'><strong>Gifauius</strong></span> 
     </span>
    </p>
   </div>
   <div class='ocr_carea' id='block_1_81' title="bbox 292 4009 1866 4079">
    <p class='ocr_par' dir='ltr' id='par_1_81' title="bbox 292 4009 1866 4079">
     <span class='ocr_line' id='line_1_82' title="bbox 292 4009 1866 4079; baseline -0.001 -15"><span class='ocrx_word' id='word_1_492' title='bbox 292 4021 443 4075; x_wconf 82' lang='lat' dir='ltr'><strong>recte</strong></span> <span class='ocrx_word' id='word_1_493' title='bbox 487 4028 553 4068; x_wconf 77' lang='lat' dir='ltr'><strong>ex</strong></span> <span class='ocrx_word' id='word_1_494' title='bbox 602 4020 713 4068; x_wconf 90' lang='lat' dir='ltr'><strong>vet.</strong></span> <span class='ocrx_word' id='word_1_495' title='bbox 746 4012 839 4065; x_wconf 90' lang='lat' dir='ltr'><strong>lib.</strong></span> <span class='ocrx_word' id='word_1_496' title='bbox 870 4010 997 4079; x_wconf 66' lang='lat' dir='ltr'><strong>legit</strong></span> <span class='ocrx_word' id='word_1_497' title='bbox 1028 4009 1137 4063; x_wconf 85' lang='lat' dir='ltr'><strong>llos</strong></span> <span class='ocrx_word' id='word_1_498' title='bbox 1176 4018 1250 4075; x_wconf 89' lang='lat' dir='ltr'><strong>tu,</strong></span> <span class='ocrx_word' id='word_1_499' title='bbox 1284 4010 1427 4073; x_wconf 85' lang='lat' dir='ltr'><strong>Nile,</strong></span> <span class='ocrx_word' id='word_1_500' title='bbox 1459 4010 1605 4074; x_wconf 85' lang='lat' dir='ltr'><strong>colis,</strong></span> <span class='ocrx_word' id='word_1_501' title='bbox 1636 4011 1752 4071; x_wconf 83' lang='lat' dir='ltr'><strong>illos</strong></span> <span class='ocrx_word' id='word_1_502' title='bbox 1790 4020 1866 4078; x_wconf 90' lang='lat' dir='ltr'><strong>tu,</strong></span> 
     </span>
    </p>
   </div>
   <div class='ocr_carea' id='block_1_82' title="bbox 292 4079 1866 4149">
    <p class='ocr_par' dir='ltr' id='par_1_82' title="bbox 292 4079 1866 4149">
     <span class='ocr_line' id='line_1_83' title="bbox 292 4079 1866 4149; baseline 0 -15"><span class='ocrx_word' id='word_1_503' title='bbox 292 4080 485 4147; x_wconf 73' lang='lat' dir='ltr'><strong>Tibris,</strong></span> <span class='ocrx_word' id='word_1_504' title='bbox 516 4082 746 4144; x_wconf 88' lang='lat' dir='ltr'><strong>udoras,‘</strong></span> <span class='ocrx_word' id='word_1_505' title='bbox 767 4080 905 4149; x_wconf 92' lang='lat' dir='ltr'><strong>quod</strong></span> <span class='ocrx_word' id='word_1_506' title='bbox 945 4079 1159 4133; x_wconf 83' lang='lat' dir='ltr'><strong>secutus</strong></span> <span class='ocrx_word' id='word_1_507' title='bbox 1200 4089 1282 4134; x_wconf 89' lang='lat' dir='ltr'><strong>est</strong></span> <span class='ocrx_word' id='word_1_508' title='bbox 1300 4080 1557 4134; x_wconf 86' lang='lat' dir='ltr'><strong>Weitzius</strong></span> <span class='ocrx_word' id='word_1_509' title='bbox 1586 4094 1705 4133; x_wconf 89' lang='lat' dir='ltr'><strong>cum</strong></span> <span class='ocrx_word' id='word_1_510' title='bbox 1730 4080 1866 4147; x_wconf 89' lang='lat' dir='ltr'><strong>suis,</strong></span> 
     </span>
    </p>
   </div>
   <div class='ocr_carea' id='block_1_83' title="bbox 291 4150 1868 4222">
    <p class='ocr_par' dir='ltr' id='par_1_83' title="bbox 291 4150 1868 4222">
     <span class='ocr_line' id='line_1_84' title="bbox 291 4150 1868 4222; baseline -0.001 -18"><span class='ocrx_word' id='word_1_511' title='bbox 291 4160 345 4222; x_wconf 83' lang='lat' dir='ltr'><strong>et</strong></span> <span class='ocrx_word' id='word_1_512' title='bbox 377 4152 649 4222; x_wconf 59' lang='lat' dir='ltr'><strong>adherant</strong></span> <span class='ocrx_word' id='word_1_513' title='bbox 679 4151 846 4204; x_wconf 89' lang='lat' dir='ltr'><strong>nostri</strong></span> <span class='ocrx_word' id='word_1_514' title='bbox 875 4160 930 4203; x_wconf 91' lang='lat' dir='ltr'><strong>et</strong></span> <span class='ocrx_word' id='word_1_515' title='bbox 957 4150 1247 4222; x_wconf 80' lang='lat' dir='ltr'><strong>Heinsiani.</strong></span> <span class='ocrx_word' id='word_1_516' title='bbox 1274 4150 1351 4222; x_wconf 60' lang='lat' dir='ltr'><strong>in</strong></span> <span class='ocrx_word' id='word_1_517' title='bbox 1384 4152 1509 4222; x_wconf 82' lang='lat' dir='ltr'><strong>colis</strong></span> <span class='ocrx_word' id='word_1_518' title='bbox 1536 4150 1717 4222; x_wconf 79' lang='lat' dir='ltr'><strong>ultima</strong></span> <span class='ocrx_word' id='word_1_519' title='bbox 1745 4165 1868 4222; x_wconf 85' lang='lat' dir='ltr'><strong>pro-</strong></span> 
     </span>
    </p>
   </div>
   <div class='ocr_carea' id='block_1_84' title="bbox 289 4219 1867 4291">
    <p class='ocr_par' dir='ltr' id='par_1_84' title="bbox 289 4219 1867 4291">
     <span class='ocr_line' id='line_1_85' title="bbox 289 4219 1867 4291; baseline 0.001 -18"><span class='ocrx_word' id='word_1_520' title='bbox 289 4219 503 4275; x_wconf 84' lang='lat' dir='ltr'><strong>ducitur</strong></span> <span class='ocrx_word' id='word_1_521' title='bbox 526 4222 732 4275; x_wconf 88' lang='lat' dir='ltr'><strong>ratione</strong></span> <span class='ocrx_word' id='word_1_522' title='bbox 752 4234 987 4286; x_wconf 62' lang='lat' dir='ltr'><strong>cassus-aa,</strong></span> <span class='ocrx_word' id='word_1_523' title='bbox 1008 4219 1145 4288; x_wconf 91' lang='lat' dir='ltr'><strong>quod</strong></span> <span class='ocrx_word' id='word_1_524' title='bbox 1164 4219 1424 4291; x_wconf 76' lang='lat' dir='ltr'><strong>familiare</strong></span> <span class='ocrx_word' id='word_1_525' title='bbox 1442 4219 1562 4275; x_wconf 85' lang='lat' dir='ltr'><strong>esse</strong></span> <span class='ocrx_word' id='word_1_526' title='bbox 1576 4219 1867 4291; x_wconf 83' lang='lat' dir='ltr'><strong>Prudentio</strong></span> 
     </span>
    </p>
   </div>
   <div class='ocr_carea' id='block_1_85' title="bbox 288 4290 1486 4357">
    <p class='ocr_par' dir='ltr' id='par_1_85' title="bbox 288 4290 1486 4357">
     <span class='ocr_line' id='line_1_86' title="bbox 288 4290 1486 4357; baseline 0 -12"><span class='ocrx_word' id='word_1_527' title='bbox 288 4304 438 4351; x_wconf 62' lang='lat' dir='ltr'><strong>saepe</strong></span> <span class='ocrx_word' id='word_1_528' title='bbox 463 4291 711 4357; x_wconf 82' lang='lat' dir='ltr'><strong>diximus.</strong></span> <span class='ocrx_word' id='word_1_529' title='bbox 1244 4290 1247 4291; x_wconf 54' lang='grc'><strong><em>⁷</em></strong></span> <span class='ocrx_word' id='word_1_530' title='bbox 1331 4323 1342 4331; x_wconf 89' lang='lat'><strong>-</strong></span> <span class='ocrx_word' id='word_1_531' title='bbox 1483 4290 1486 4294; x_wconf 81' lang='grc'><strong>’</strong></span> 
     </span>
    </p>
   </div>
   <div class='ocr_carea' id='block_1_86' title="bbox 359 4359 1859 4429">
    <p class='ocr_par' dir='ltr' id='par_1_86' title="bbox 359 4359 1859 4429">
     <span class='ocr_line' id='line_1_87' title="bbox 359 4359 1859 4429; baseline -0.001 -15"><span class='ocrx_word' id='word_1_532' title='bbox 359 4361 487 4414; x_wconf 80' lang='grc'>871.</span> <span class='ocrx_word' id='word_1_533' title='bbox 517 4361 733 4416; x_wconf 84' lang='lat' dir='ltr'><strong>Juretus</strong></span> <span class='ocrx_word' id='word_1_534' title='bbox 757 4368 957 4424; x_wconf 91' lang='lat' dir='ltr'><strong>monet,</strong></span> <span class='ocrx_word' id='word_1_535' title='bbox 1003 4370 1149 4415; x_wconf 89' lang='lat' dir='ltr'><strong>recte</strong></span> <span class='ocrx_word' id='word_1_536' title='bbox 1187 4376 1291 4413; x_wconf 85' lang='lat' dir='ltr'><strong>una</strong></span> <span class='ocrx_word' id='word_1_537' title='bbox 1328 4359 1616 4429; x_wconf 84' lang='lat' dir='ltr'><strong>superstitio</strong></span> <span class='ocrx_word' id='word_1_538' title='bbox 1644 4374 1764 4415; x_wconf 88' lang='lat' dir='ltr'><strong>esse</strong></span> <span class='ocrx_word' id='word_1_539' title='bbox 1809 4363 1859 4413; x_wconf 91' lang='lat' dir='ltr'><strong>in</strong></span> 
     </span>
    </p>
   </div>
   <div class='ocr_carea' id='block_1_87' title="bbox 288 4430 1860 4493">
    <p class='ocr_par' dir='ltr' id='par_1_87' title="bbox 288 4430 1860 4493">
     <span class='ocr_line' id='line_1_88' title="bbox 288 4430 1860 4493; baseline 0.001 -11"><span class='ocrx_word' id='word_1_540' title='bbox 288 4430 558 4493; x_wconf 84' lang='lat' dir='ltr'><strong>omnibus.</strong></span> <span class='ocrx_word' id='word_1_541' title='bbox 591 4445 697 4484; x_wconf 93' lang='lat' dir='ltr'><strong>non</strong></span> <span class='ocrx_word' id='word_1_542' title='bbox 735 4446 865 4484; x_wconf 86' lang='lat' dir='ltr'><strong>vana</strong></span> <span class='ocrx_word' id='word_1_543' title='bbox 902 4430 1211 4493; x_wconf 83' lang='lat' dir='ltr'><strong>superstitio,</strong></span> <span class='ocrx_word' id='word_1_544' title='bbox 1254 4440 1308 4483; x_wconf 91' lang='lat' dir='ltr'><strong>et</strong></span> <span class='ocrx_word' id='word_1_545' title='bbox 1348 4430 1534 4483; x_wconf 91' lang='lat' dir='ltr'><strong>eodem</strong></span> <span class='ocrx_word' id='word_1_546' title='bbox 1567 4431 1673 4484; x_wconf 80' lang='lat' dir='ltr'><strong>fere</strong></span> <span class='ocrx_word' id='word_1_547' title='bbox 1703 4430 1860 4484; x_wconf 92' lang='lat' dir='ltr'><strong>modo</strong></span> 
     </span>
    </p>
   </div>
   <div class='ocr_carea' id='block_1_88' title="bbox 289 4499 1861 4567">
    <p class='ocr_par' dir='ltr' id='par_1_88' title="bbox 289 4499 1861 4567">
     <span class='ocr_line' id='line_1_89' title="bbox 289 4499 1861 4567; baseline -0.001 -12"><span class='ocrx_word' id='word_1_548' title='bbox 289 4499 498 4555; x_wconf 89' lang='lat' dir='ltr'><strong>locutos</strong></span> <span class='ocrx_word' id='word_1_549' title='bbox 526 4499 816 4555; x_wconf 90' lang='lat' dir='ltr'><strong>llonorium</strong></span> <span class='ocrx_word' id='word_1_550' title='bbox 855 4509 905 4555; x_wconf 92' lang='lat' dir='ltr'><strong>et</strong></span> <span class='ocrx_word' id='word_1_551' title='bbox 939 4499 1297 4554; x_wconf 90' lang='lat' dir='ltr'><strong>Theodosium</strong></span> <span class='ocrx_word' id='word_1_552' title='bbox 1327 4500 1377 4553; x_wconf 93' lang='lat' dir='ltr'><strong>in</strong></span> <span class='ocrx_word' id='word_1_553' title='bbox 1407 4500 1522 4567; x_wconf 87' lang='lat' dir='ltr'><strong>lege</strong></span> <span class='ocrx_word' id='word_1_554' title='bbox 1552 4500 1619 4554; x_wconf 89' lang='lat'><strong>60</strong></span> <span class='ocrx_word' id='word_1_555' title='bbox 1644 4500 1710 4554; x_wconf 92' lang='lat' dir='ltr'><strong>de</strong></span> <span class='ocrx_word' id='word_1_556' title='bbox 1740 4500 1861 4553; x_wconf 76' lang='lat' dir='ltr'><strong>lla:-</strong></span> 
     </span>
    </p>
   </div>
   <div class='ocr_carea' id='block_1_89' title="bbox 291 4569 1859 4639">
    <p class='ocr_par' dir='ltr' id='par_1_89' title="bbox 291 4569 1859 4639">
     <span class='ocr_line' id='line_1_90' title="bbox 291 4569 1859 4639; baseline -0.001 -12"><span class='ocrx_word' id='word_1_557' title='bbox 291 4570 491 4635; x_wconf 80' lang='lat' dir='ltr'><strong>reticis,</strong></span> <span class='ocrx_word' id='word_1_558' title='bbox 514 4571 636 4625; x_wconf 92' lang='lat' dir='ltr'><strong>cod.</strong></span> <span class='ocrx_word' id='word_1_559' title='bbox 667 4570 870 4625; x_wconf 86' lang='lat' dir='ltr'><strong>Theod.</strong></span> <span class='ocrx_word' id='word_1_560' title='bbox 901 4569 994 4624; x_wconf 92' lang='lat' dir='ltr'><strong>lib.</strong></span> <span class='ocrx_word' id='word_1_561' title='bbox 1020 4585 1104 4623; x_wconf 67' lang='lat' dir='ltr'><strong>xv:</strong></span> <span class='ocrx_word' id='word_1_562' title='bbox 1127 4585 1138 4620; x_wconf 94' lang='lat'>:</span> <span class='ocrx_word' id='word_1_563' title='bbox 1174 4570 1404 4633; x_wconf 81' lang='lat' dir='ltr'><strong>Quarum</strong></span> <span class='ocrx_word' id='word_1_564' title='bbox 1432 4579 1592 4622; x_wconf 85' lang='lat' dir='ltr'><strong>sectas</strong></span> <span class='ocrx_word' id='word_1_565' title='bbox 1619 4572 1859 4639; x_wconf 75' lang='lat' dir='ltr'><strong>piissima:</strong></span> 
     </span>
    </p>
   </div>
   <div class='ocr_carea' id='block_1_90' title="bbox 294 4639 1861 4709">
    <p class='ocr_par' dir='ltr' id='par_1_90' title="bbox 294 4639 1861 4709">
     <span class='ocr_line' id='line_1_91' title="bbox 294 4639 1861 4709; baseline 0.001 -17"><span class='ocrx_word' id='word_1_566' title='bbox 294 4641 538 4694; x_wconf 87' lang='lat' dir='ltr'><strong>sanctioni</strong></span> <span class='ocrx_word' id='word_1_567' title='bbox 583 4639 736 4697; x_wconf 74' lang='lat' dir='ltr'><strong>twdet</strong></span> <span class='ocrx_word' id='word_1_568' title='bbox 784 4641 1019 4705; x_wconf 83' lang='lat' dir='ltr'><strong>inserere,</strong></span> <span class='ocrx_word' id='word_1_569' title='bbox 1065 4639 1243 4709; x_wconf 85' lang='lat' dir='ltr'><strong>quibus</strong></span> <span class='ocrx_word' id='word_1_570' title='bbox 1278 4639 1471 4693; x_wconf 90' lang='lat' dir='ltr'><strong>cunctis</strong></span> <span class='ocrx_word' id='word_1_571' title='bbox 1507 4640 1705 4694; x_wconf 86' lang='lat' dir='ltr'><strong>diversa</strong></span> <span class='ocrx_word' id='word_1_572' title='bbox 1744 4649 1861 4695; x_wconf 84' lang='lat' dir='ltr'><strong>sunt</strong></span> 
     </span>
    </p>
   </div>
   <div class='ocr_carea' id='block_1_91' title="bbox 294 4710 1029 4779">
    <p class='ocr_par' dir='ltr' id='par_1_91' title="bbox 294 4710 1029 4779">
     <span class='ocr_line' id='line_1_92' title="bbox 294 4710 1029 4779; baseline 0.001 -18"><span class='ocrx_word' id='word_1_573' title='bbox 294 4710 516 4775; x_wconf 79' lang='lat' dir='ltr'><strong>nomina,</strong></span> <span class='ocrx_word' id='word_1_574' title='bbox 547 4710 638 4763; x_wconf 86' lang='lat' dir='ltr'><strong>sed</strong></span> <span class='ocrx_word' id='word_1_575' title='bbox 668 4726 768 4779; x_wconf 86' lang='lat' dir='ltr'><strong>una</strong></span> <span class='ocrx_word' id='word_1_576' title='bbox 795 4710 1029 4779; x_wconf 79' lang='lat' dir='ltr'><strong>perfidia.</strong></span> 
     </span>
    </p>
   </div>
   <div class='ocr_carea' id='block_1_92' title="bbox 365 4777 1857 4847">
    <p class='ocr_par' dir='ltr' id='par_1_92' title="bbox 365 4777 1857 4847">
     <span class='ocr_line' id='line_1_93' title="bbox 365 4777 1857 4847; baseline 0.001 -14"><span class='ocrx_word' id='word_1_577' title='bbox 365 4779 484 4842; x_wconf 71' lang='grc'><strong>874,</strong></span> <span class='ocrx_word' id='word_1_578' title='bbox 532 4779 682 4844; x_wconf 84' lang='lat' dir='ltr'><strong>Ald.,</strong></span> <span class='ocrx_word' id='word_1_579' title='bbox 728 4777 909 4845; x_wconf 55' lang='lat' dir='ltr'><strong>FahrJ,</strong></span> <span class='ocrx_word' id='word_1_580' title='bbox 956 4779 1136 4843; x_wconf 77' lang='lat' dir='ltr'><strong>Alex.,</strong></span> <span class='ocrx_word' id='word_1_581' title='bbox 1182 4777 1329 4843; x_wconf 85' lang='lat' dir='ltr'><strong>Rat.,</strong></span> <span class='ocrx_word' id='word_1_582' title='bbox 1356 4778 1475 4832; x_wconf 90' lang='lat' dir='ltr'><strong>Vat.</strong></span> <span class='ocrx_word' id='word_1_583' title='bbox 1520 4782 1589 4841; x_wconf 81' lang='grc' dir='ltr'>Α,</span> <span class='ocrx_word' id='word_1_584' title='bbox 1634 4779 1857 4847; x_wconf 61' lang='lat' dir='ltr'><strong>Quaeque</strong></span> 
     </span>
    </p>
   </div>
   <div class='ocr_carea' id='block_1_93' title="bbox 292 4845 1854 4918">
    <p class='ocr_par' dir='ltr' id='par_1_93' title="bbox 292 4845 1854 4918">
     <span class='ocr_line' id='line_1_94' title="bbox 292 4845 1854 4918; baseline 0.003 -20"><span class='ocrx_word' id='word_1_585' title='bbox 292 4845 447 4918; x_wconf 66' lang='lat' dir='ltr'><strong>latent</strong></span> <span class='ocrx_word' id='word_1_586' title='bbox 486 4850 628 4903; x_wconf 82' lang='lat' dir='ltr'><strong>silvis</strong></span> <span class='ocrx_word' id='word_1_587' title='bbox 650 4866 669 4901; x_wconf 91' lang='lat'><strong><em>:</em></strong></span> <span class='ocrx_word' id='word_1_588' title='bbox 712 4850 937 4917; x_wconf 84' lang='lat' dir='ltr'><strong>operitur</strong></span> <span class='ocrx_word' id='word_1_589' title='bbox 964 4850 1130 4902; x_wconf 87' lang='lat' dir='ltr'><strong>nescia</strong></span> <span class='ocrx_word' id='word_1_590' title='bbox 1158 4850 1289 4902; x_wconf 77' lang='lat' dir='ltr'><strong>cteli.</strong></span> <span class='ocrx_word' id='word_1_591' title='bbox 1345 4849 1496 4918; x_wconf 88' lang='lat' dir='ltr'><strong>Urb.,</strong></span> <span class='ocrx_word' id='word_1_592' title='bbox 1526 4845 1666 4903; x_wconf 77' lang='lat' dir='ltr'><strong>latet.</strong></span> <span class='ocrx_word' id='word_1_593' title='bbox 1718 4845 1854 4918; x_wconf 83' lang='lat' dir='ltr'><strong>Gis.,</strong></span> 
     </span>
    </p>
   </div>
   <div class='ocr_carea' id='block_1_94' title="bbox 294 4913 1859 4988">
    <p class='ocr_par' dir='ltr' id='par_1_94' title="bbox 294 4913 1859 4988">
     <span class='ocr_line' id='line_1_95' title="bbox 294 4913 1859 4988; baseline 0.005 -21"><span class='ocrx_word' id='word_1_594' title='bbox 294 4913 481 4988; x_wconf 81' lang='lat' dir='ltr'><strong>Weitz.</strong></span> <span class='ocrx_word' id='word_1_595' title='bbox 511 4934 633 4979; x_wconf 86' lang='lat' dir='ltr'><strong>cum</strong></span> <span class='ocrx_word' id='word_1_596' title='bbox 664 4913 862 4974; x_wconf 84' lang='lat' dir='ltr'><strong>Widm.</strong></span> <span class='ocrx_word' id='word_1_597' title='bbox 912 4933 942 4972; x_wconf 92' lang='lat' dir='ltr'><strong>a</strong></span> <span class='ocrx_word' id='word_1_598' title='bbox 991 4920 1158 4985; x_wconf 93' lang='lat' dir='ltr'><strong>prima</strong></span> <span class='ocrx_word' id='word_1_599' title='bbox 1212 4933 1393 4984; x_wconf 92' lang='lat' dir='ltr'><strong>manu,</strong></span> <span class='ocrx_word' id='word_1_600' title='bbox 1427 4917 1651 4988; x_wconf 74' lang='lat' dir='ltr'><strong>Qua’que</strong></span> <span class='ocrx_word' id='word_1_601' title='bbox 1697 4913 1859 4975; x_wconf 65' lang='lat' dir='ltr'><strong>lateni</strong></span> 
     </span>
    </p>
   </div>
   <div class='ocr_carea' id='block_1_95' title="bbox 288 4987 1857 5056">
    <p class='ocr_par' dir='ltr' id='par_1_95' title="bbox 288 4987 1857 5056">
     <span class='ocr_line' id='line_1_96' title="bbox 288 4987 1857 5056; baseline 0.003 -16"><span class='ocrx_word' id='word_1_602' title='bbox 288 4987 431 5040; x_wconf 83' lang='lat' dir='ltr'><strong>silvis</strong></span> <span class='ocrx_word' id='word_1_603' title='bbox 458 4989 686 5056; x_wconf 88' lang='lat' dir='ltr'><strong>operitur</strong></span> <span class='ocrx_word' id='word_1_604' title='bbox 705 5005 723 5042; x_wconf 91' lang='lat'><em>:</em></span> <span class='ocrx_word' id='word_1_605' title='bbox 762 4988 931 5041; x_wconf 86' lang='lat' dir='ltr'><strong>nescia</strong></span> <span class='ocrx_word' id='word_1_606' title='bbox 959 4989 1093 5042; x_wconf 78' lang='lat' dir='ltr'><strong>cteli.</strong></span> <span class='ocrx_word' id='word_1_607' title='bbox 1146 4988 1395 5043; x_wconf 84' lang='lat' dir='ltr'><strong>Heinsius</strong></span> <span class='ocrx_word' id='word_1_608' title='bbox 1423 4987 1621 5042; x_wconf 84' lang='lat' dir='ltr'><strong>nullam</strong></span> <span class='ocrx_word' id='word_1_609' title='bbox 1652 4988 1857 5045; x_wconf 82' lang='lat' dir='ltr'><strong>discre-</strong></span> 
     </span>
    </p>
   </div>
   <div class='ocr_carea' id='block_1_96' title="bbox 290 5056 1858 5129">
    <p class='ocr_par' dir='ltr' id='par_1_96' title="bbox 290 5056 1858 5129">
     <span class='ocr_line' id='line_1_97' title="bbox 290 5056 1858 5129; baseline 0.004 -21"><span class='ocrx_word' id='word_1_610' title='bbox 290 5059 516 5129; x_wconf 81' lang='lat' dir='ltr'><strong>pantiam</strong></span> <span class='ocrx_word' id='word_1_611' title='bbox 544 5059 783 5127; x_wconf 87' lang='lat' dir='ltr'><strong>agnovit,</strong></span> <span class='ocrx_word' id='word_1_612' title='bbox 811 5056 1101 5129; x_wconf 80' lang='lat' dir='ltr'><strong>Giseliuum</strong></span> <span class='ocrx_word' id='word_1_613' title='bbox 1129 5066 1366 5129; x_wconf 67' lang='lat' dir='ltr'><strong>secutus.</strong></span> <span class='ocrx_word' id='word_1_614' title='bbox 1396 5057 1644 5114; x_wconf 83' lang='lat' dir='ltr'><strong>Fortasse</strong></span> <span class='ocrx_word' id='word_1_615' title='bbox 1674 5060 1858 5129; x_wconf 87' lang='lat' dir='ltr'><strong>legen-</strong></span> 
     </span>
    </p>
   </div>
   <div class='ocr_carea' id='block_1_97' title="bbox 288 5126 1858 5199">
    <p class='ocr_par' dir='ltr' id='par_1_97' title="bbox 288 5126 1858 5199">
     <span class='ocr_line' id='line_1_98' title="bbox 288 5126 1858 5199; baseline 0.004 -22"><span class='ocrx_word' id='word_1_616' title='bbox 288 5126 415 5199; x_wconf 78' lang='lat' dir='ltr'><strong>dum</strong></span> <span class='ocrx_word' id='word_1_617' title='bbox 442 5128 565 5191; x_wconf 88' lang='lat' dir='ltr'><strong>erit.</strong></span> <span class='ocrx_word' id='word_1_618' title='bbox 590 5126 653 5182; x_wconf 83' lang='lat' dir='ltr'><strong>et</strong></span> <span class='ocrx_word' id='word_1_619' title='bbox 674 5127 1107 5199; x_wconf 78' lang='lat' dir='ltr'><strong>distinguendum</strong></span> <span class='ocrx_word' id='word_1_620' title='bbox 1136 5128 1357 5199; x_wconf 73' lang='lat' dir='ltr'><strong>Quteque</strong></span> <span class='ocrx_word' id='word_1_621' title='bbox 1382 5129 1543 5199; x_wconf 85' lang='lat' dir='ltr'><strong>latens</strong></span> <span class='ocrx_word' id='word_1_622' title='bbox 1569 5130 1711 5182; x_wconf 87' lang='lat' dir='ltr'><strong>silvis</strong></span> <span class='ocrx_word' id='word_1_623' title='bbox 1728 5126 1858 5199; x_wconf 52' lang='lat' dir='ltr'><strong>&#39;opeo</strong></span> 
     </span>
    </p>
   </div>
   <div class='ocr_carea' id='block_1_98' title="bbox 286 5196 1859 5268">
    <p class='ocr_par' dir='ltr' id='par_1_98' title="bbox 286 5196 1859 5268">
     <span class='ocr_line' id='line_1_99' title="bbox 286 5196 1859 5268; baseline 0.005 -22"><span class='ocrx_word' id='word_1_624' title='bbox 286 5197 419 5268; x_wconf 67' lang='lat' dir='ltr'><strong>ritur</strong></span> <span class='ocrx_word' id='word_1_625' title='bbox 463 5200 632 5251; x_wconf 88' lang='lat' dir='ltr'><strong>nescia</strong></span> <span class='ocrx_word' id='word_1_626' title='bbox 676 5196 810 5253; x_wconf 72' lang='lat' dir='ltr'><strong>cmli.</strong></span> <span class='ocrx_word' id='word_1_627' title='bbox 881 5197 1132 5253; x_wconf 76' lang='lat' dir='ltr'><strong>Heinsius</strong></span> <span class='ocrx_word' id='word_1_628' title='bbox 1187 5198 1555 5252; x_wconf 85' lang='lat' dir='ltr'><strong>admirationis</strong></span> <span class='ocrx_word' id='word_1_629' title='bbox 1603 5196 1859 5268; x_wconf 80' lang='lat' dir='ltr'><strong>punctum</strong></span> 
     </span>
    </p>
   </div>
   <div class='ocr_carea' id='block_1_99' title="bbox 288 5262 1862 5338">
    <p class='ocr_par' dir='ltr' id='par_1_99' title="bbox 288 5262 1862 5338">
     <span class='ocr_line' id='line_1_100' title="bbox 288 5262 1862 5338; baseline 0.001 -16"><span class='ocrx_word' id='word_1_630' title='bbox 288 5262 481 5337; x_wconf 70' lang='lat' dir='ltr'><strong>adjecit</strong></span> <span class='ocrx_word' id='word_1_631' title='bbox 507 5269 676 5322; x_wconf 90' lang='lat' dir='ltr'><strong>verbo</strong></span> <span class='ocrx_word' id='word_1_632' title='bbox 709 5278 924 5337; x_wconf 83' lang='lat' dir='ltr'><strong>tyranno</strong></span> <span class='ocrx_word' id='word_1_633' title='bbox 954 5284 1109 5323; x_wconf 86' lang='lat' dir='ltr'><strong>versu</strong></span> <span class='ocrx_word' id='word_1_634' title='bbox 1140 5282 1253 5337; x_wconf 91' lang='lat' dir='ltr'><strong>seq.</strong></span> <span class='ocrx_word' id='word_1_635' title='bbox 1285 5268 1501 5338; x_wconf 74' lang='lat' dir='ltr'><strong>Scilicet</strong></span> <span class='ocrx_word' id='word_1_636' title='bbox 1535 5262 1755 5338; x_wconf 62' lang='lat' dir='ltr'><strong>Quaque</strong></span> <span class='ocrx_word' id='word_1_637' title='bbox 1783 5271 1862 5323; x_wconf 87' lang='lat' dir='ltr'><strong>la-</strong></span> 
     </span>
    </p>
   </div>
   <div class='ocr_carea' id='block_1_100' title="bbox 287 5336 1857 5411">
    <p class='ocr_par' dir='ltr' id='par_1_100' title="bbox 287 5336 1857 5411">
     <span class='ocr_line' id='line_1_101' title="bbox 287 5336 1857 5411; baseline 0.003 -23"><span class='ocrx_word' id='word_1_638' title='bbox 287 5336 404 5411; x_wconf 78' lang='lat' dir='ltr'><strong>tens</strong></span> <span class='ocrx_word' id='word_1_639' title='bbox 426 5338 558 5391; x_wconf 77' lang='lat' dir='ltr'><strong>silvis</strong></span> <span class='ocrx_word' id='word_1_640' title='bbox 587 5336 817 5405; x_wconf 83' lang='lat' dir='ltr'><strong>aperitur</strong></span> <span class='ocrx_word' id='word_1_641' title='bbox 839 5353 858 5392; x_wconf 91' lang='lat'><strong><em>:</em></strong></span> <span class='ocrx_word' id='word_1_642' title='bbox 902 5338 1072 5411; x_wconf 81' lang='lat' dir='ltr'><strong>nescia</strong></span> <span class='ocrx_word' id='word_1_643' title='bbox 1100 5336 1389 5392; x_wconf 73' lang='lat' dir='ltr'><strong>cwliblens</strong></span> <span class='ocrx_word' id='word_1_644' title='bbox 1415 5336 1699 5406; x_wconf 75' lang='lat' dir='ltr'><strong>hominum,</strong></span> <span class='ocrx_word' id='word_1_645' title='bbox 1728 5356 1857 5395; x_wconf 67' lang='grc' dir='ltr'><strong>ια’υο</strong></span> 
     </span>
    </p>
   </div>
   <div class='ocr_carea' id='block_1_101' title="bbox 287 5408 960 5476">
    <p class='ocr_par' dir='ltr' id='par_1_101' title="bbox 287 5408 960 5476">
     <span class='ocr_line' id='line_1_102' title="bbox 287 5408 960 5476; baseline 0.006 -19"><span class='ocrx_word' id='word_1_646' title='bbox 287 5408 451 5459; x_wconf 70' lang='lat' dir='ltr'><strong>vivens</strong></span> <span class='ocrx_word' id='word_1_647' title='bbox 476 5410 672 5476; x_wconf 84' lang='lat' dir='ltr'><strong>captiva</strong></span> <span class='ocrx_word' id='word_1_648' title='bbox 699 5421 915 5476; x_wconf 82' lang='lat' dir='ltr'><strong>tyranno</strong></span> <span class='ocrx_word' id='word_1_649' title='bbox 939 5408 960 5461; x_wconf 87' lang='lat'><strong>.&#39;</strong></span> 
     </span>
    </p>
   </div>
   <div class='ocr_carea' id='block_1_102' title="bbox 368 5477 1857 5541">
    <p class='ocr_par' dir='ltr' id='par_1_102' title="bbox 368 5477 1857 5541">
     <span class='ocr_line' id='line_1_103' title="bbox 368 5477 1857 5541; baseline 0.005 -13"><span class='ocrx_word' id='word_1_650' title='bbox 368 5477 481 5531; x_wconf 83' lang='lat'>880.</span> <span class='ocrx_word' id='word_1_651' title='bbox 517 5477 796 5541; x_wconf 86' lang='lat' dir='ltr'><strong>Portenta,</strong></span> <span class='ocrx_word' id='word_1_652' title='bbox 841 5487 899 5532; x_wconf 91' lang='lat' dir='ltr'><strong>ut</strong></span> <span class='ocrx_word' id='word_1_653' title='bbox 938 5478 1067 5533; x_wconf 89' lang='lat' dir='ltr'><strong>alibi</strong></span> <span class='ocrx_word' id='word_1_654' title='bbox 1101 5491 1323 5532; x_wconf 86' lang='lat' dir='ltr'><strong>monstra</strong></span> <span class='ocrx_word' id='word_1_655' title='bbox 1350 5480 1520 5534; x_wconf 86' lang='lat' dir='ltr'><strong>deum.</strong></span> <span class='ocrx_word' id='word_1_656' title='bbox 1571 5480 1667 5534; x_wconf 84' lang='lat' dir='ltr'><strong>llic</strong></span> <span class='ocrx_word' id='word_1_657' title='bbox 1696 5481 1857 5536; x_wconf 80' lang='lat' dir='ltr'><strong>etiam</strong></span> 
     </span>
    </p>
   </div>
   <div class='ocr_carea' id='block_1_103' title="bbox 292 5542 1855 5621">
    <p class='ocr_par' dir='ltr' id='par_1_103' title="bbox 292 5542 1855 5621">
     <span class='ocr_line' id='line_1_104' title="bbox 292 5542 1855 5621; baseline 0.006 -25"><span class='ocrx_word' id='word_1_658' title='bbox 292 5542 857 5621; x_wconf 46' lang='lat' dir='ltr'><strong>gradi-ntiusnumina</strong></span> <span class='ocrx_word' id='word_1_659' title='bbox 885 5548 1084 5621; x_wconf 73' lang='lat' dir='ltr'><strong>multa,</strong></span> <span class='ocrx_word' id='word_1_660' title='bbox 1099 5550 1291 5621; x_wconf 76' lang='lat' dir='ltr'><strong>quibus</strong></span> <span class='ocrx_word' id='word_1_661' title='bbox 1317 5550 1513 5607; x_wconf 88' lang='lat' dir='ltr'><strong>inesset</strong></span> <span class='ocrx_word' id='word_1_662' title='bbox 1542 5565 1747 5621; x_wconf 84' lang='lat' dir='ltr'><strong>summa</strong></span> <span class='ocrx_word' id='word_1_663' title='bbox 1775 5551 1855 5606; x_wconf 87' lang='lat' dir='ltr'><strong>di-</strong></span> 
     </span>
    </p>
   </div>
   <div class='ocr_carea' id='block_1_104' title="bbox 292 5615 1412 5693">
    <p class='ocr_par' dir='ltr' id='par_1_104' title="bbox 292 5615 1412 5693">
     <span class='ocr_line' id='line_1_105' title="bbox 292 5615 1412 5693; baseline 0.003 -22"><span class='ocrx_word' id='word_1_664' title='bbox 292 5615 506 5691; x_wconf 72' lang='lat' dir='ltr'><strong>vinitas,</strong></span> <span class='ocrx_word' id='word_1_665' title='bbox 530 5618 597 5675; x_wconf 86' lang='lat' dir='ltr'><strong>ab</strong></span> <span class='ocrx_word' id='word_1_666' title='bbox 623 5616 1088 5693; x_wconf 56' lang='lat' dir='ltr'><strong>ethnicis&#39;aguosci</strong></span> <span class='ocrx_word' id='word_1_667' title='bbox 1113 5615 1412 5676; x_wconf 78' lang='lat' dir='ltr'><strong>confirmat.</strong></span> 
     </span>
    </p>
   </div>
   <div class='ocr_carea' id='block_1_105' title="bbox 1889 4398 1939 4460">
    <p class='ocr_par' dir='ltr' id='par_1_105' title="bbox 1889 4398 1939 4460">
     <span class='ocr_line' id='line_1_106' title="bbox 1889 4398 1939 4460; baseline 0 0"><span class='ocrx_word' id='word_1_668' title='bbox 1889 4398 1939 4460; x_wconf 89' lang='lat' dir='ltr'><strong>D</strong></span> 
     </span>
    </p>
   </div>
   <div class='ocr_carea' id='block_1_106' title="bbox 1983 3100 3556 3174">
    <p class='ocr_par' dir='ltr' id='par_1_106' title="bbox 1983 3100 3556 3174">
     <span class='ocr_line' id='line_1_107' title="bbox 1983 3100 3556 3174; baseline 0.004 -18"><span class='ocrx_word' id='word_1_669' title='bbox 1983 3100 2212 3174; x_wconf 84' lang='lat' dir='ltr'><strong>Sublime</strong></span> <span class='ocrx_word' id='word_1_670' title='bbox 2231 3102 2411 3158; x_wconf 73' lang='lat' dir='ltr'><strong>dextro</strong></span> <span class='ocrx_word' id='word_1_671' title='bbox 2433 3105 2617 3158; x_wconf 87' lang='lat' dir='ltr'><strong>celsam</strong></span> <span class='ocrx_word' id='word_1_672' title='bbox 2637 3105 2703 3157; x_wconf 91' lang='lat' dir='ltr'><strong>ad</strong></span> <span class='ocrx_word' id='word_1_673' title='bbox 2724 3104 2929 3174; x_wconf 81' lang='lat' dir='ltr'><strong>fastigia</strong></span> <span class='ocrx_word' id='word_1_674' title='bbox 2952 3103 3100 3156; x_wconf 84' lang='lat' dir='ltr'><strong>clivo.</strong></span> <span class='ocrx_word' id='word_1_675' title='bbox 3130 3103 3267 3172; x_wconf 85' lang='lat' dir='ltr'><strong>Lege</strong></span> <span class='ocrx_word' id='word_1_676' title='bbox 3287 3104 3556 3161; x_wconf 80' lang='lat' dir='ltr'><strong>sublimem</strong></span> 
     </span>
    </p>
   </div>
   <div class='ocr_carea' id='block_1_107' title="bbox 1979 3173 3551 3310">
    <p class='ocr_par' dir='ltr' id='par_1_107' title="bbox 1979 3173 3551 3310">
     <span class='ocr_line' id='line_1_108' title="bbox 1979 3173 3551 3310; baseline 0 -14"><span class='ocrx_word' id='word_1_677' title='bbox 1979 3179 2035 3227; x_wconf 51' lang='lat' dir='ltr'><strong>et</strong></span> <span class='ocrx_word' id='word_1_678' title='bbox 2048 3173 2355 3307; x_wconf 44' lang='grc' dir='ltr'><strong>ἕὲξῗλιιίη</strong></span> <span class='ocrx_word' id='word_1_679' title='bbox 2382 3242 2563 3308; x_wconf 84' lang='lat' dir='ltr'><strong>Fabr.,</strong></span> <span class='ocrx_word' id='word_1_680' title='bbox 2587 3242 2861 3310; x_wconf 88' lang='lat' dir='ltr'><strong>multiplici</strong></span> <span class='ocrx_word' id='word_1_681' title='bbox 2883 3243 3081 3295; x_wconf 81' lang='lat' dir='ltr'><strong>dtemon</strong></span> <span class='ocrx_word' id='word_1_682' title='bbox 3103 3240 3193 3294; x_wconf 90' lang='lat' dir='ltr'><strong>sed</strong></span> <span class='ocrx_word' id='word_1_683' title='bbox 3215 3246 3375 3295; x_wconf 83' lang='lat' dir='ltr'><strong>adest.</strong></span> <span class='ocrx_word' id='word_1_684' title='bbox 3406 3242 3519 3297; x_wconf 84' lang='lat' dir='ltr'><strong>Gis.</strong></span> <span class='ocrx_word' id='word_1_685' title='bbox 3537 3284 3551 3305; x_wconf 89' lang='lat'><strong>.</strong></span> 
     </span>
    </p>
   </div>
   <div class='ocr_carea' id='block_1_108' title="bbox 1977 3311 3552 3380">
    <p class='ocr_par' dir='ltr' id='par_1_108' title="bbox 1977 3311 3552 3380">
     <span class='ocr_line' id='line_1_109' title="bbox 1977 3311 3552 3380; baseline 0.004 -18"><span class='ocrx_word' id='word_1_686' title='bbox 1977 3312 2278 3380; x_wconf 87' lang='lat' dir='ltr'><strong>multiplicis</strong></span> <span class='ocrx_word' id='word_1_687' title='bbox 2301 3320 2407 3365; x_wconf 81' lang='lat' dir='ltr'><strong>dua:</strong></span> <span class='ocrx_word' id='word_1_688' title='bbox 2430 3314 2629 3367; x_wconf 72' lang='lat' dir='ltr'><strong>da’mon</strong></span> <span class='ocrx_word' id='word_1_689' title='bbox 2654 3325 2703 3367; x_wconf 91' lang='lat' dir='ltr'><strong>at</strong></span> <span class='ocrx_word' id='word_1_690' title='bbox 2727 3321 2822 3367; x_wconf 90' lang='lat' dir='ltr'><strong>est.</strong></span> <span class='ocrx_word' id='word_1_691' title='bbox 2854 3313 3000 3374; x_wconf 82' lang='lat' dir='ltr'><strong>Rat.,</strong></span> <span class='ocrx_word' id='word_1_692' title='bbox 3029 3311 3327 3379; x_wconf 76' lang='lat' dir='ltr'><strong>Mnltiplicis</strong></span> <span class='ocrx_word' id='word_1_693' title='bbox 3353 3313 3552 3369; x_wconf 62' lang='lat' dir='ltr'><strong>daemon</strong></span> 
     </span>
    </p>
   </div>
   <div class='ocr_carea' id='block_1_109' title="bbox 1980 3382 3549 3448">
    <p class='ocr_par' dir='ltr' id='par_1_109' title="bbox 1980 3382 3549 3448">
     <span class='ocr_line' id='line_1_110' title="bbox 1980 3382 3549 3448; baseline -0.001 -15"><span class='ocrx_word' id='word_1_694' title='bbox 1980 3382 2088 3435; x_wconf 76' lang='lat' dir='ltr'><strong>durs</strong></span> <span class='ocrx_word' id='word_1_695' title='bbox 2112 3392 2214 3448; x_wconf 87' lang='lat' dir='ltr'><strong>est;</strong></span> <span class='ocrx_word' id='word_1_696' title='bbox 2244 3382 2338 3435; x_wconf 90' lang='lat' dir='ltr'><strong>sed</strong></span> <span class='ocrx_word' id='word_1_697' title='bbox 2370 3384 2465 3436; x_wconf 88' lang='lat' dir='ltr'><strong>tria</strong></span> <span class='ocrx_word' id='word_1_698' title='bbox 2495 3383 2653 3436; x_wconf 80' lang='lat' dir='ltr'><strong>verba</strong></span> <span class='ocrx_word' id='word_1_699' title='bbox 2684 3385 2881 3436; x_wconf 77' lang='lat' dir='ltr'><strong>dtemon</strong></span> <span class='ocrx_word' id='word_1_700' title='bbox 2910 3384 3016 3433; x_wconf 80' lang='lat' dir='ltr'><strong>dna:</strong></span> <span class='ocrx_word' id='word_1_701' title='bbox 3043 3390 3115 3434; x_wconf 86' lang='lat' dir='ltr'><strong>est</strong></span> <span class='ocrx_word' id='word_1_702' title='bbox 3143 3390 3265 3435; x_wconf 91' lang='lat' dir='ltr'><strong>sunt</strong></span> <span class='ocrx_word' id='word_1_703' title='bbox 3293 3382 3549 3448; x_wconf 87' lang='lat' dir='ltr'><strong>ahauda-</strong></span> 
     </span>
    </p>
   </div>
   <div class='ocr_carea' id='block_1_110' title="bbox 1977 3447 3541 3520">
    <p class='ocr_par' dir='ltr' id='par_1_110' title="bbox 1977 3447 3541 3520">
     <span class='ocr_line' id='line_1_111' title="bbox 1977 3447 3541 3520; baseline 0.001 -15"><span class='ocrx_word' id='word_1_704' title='bbox 1977 3447 2200 3506; x_wconf 88' lang='lat' dir='ltr'><strong>cissimo</strong></span> <span class='ocrx_word' id='word_1_705' title='bbox 2218 3461 2540 3516; x_wconf 82' lang='lat' dir='ltr'><strong>correctore,</strong></span> <span class='ocrx_word' id='word_1_706' title='bbox 2566 3453 2830 3520; x_wconf 90' lang='lat' dir='ltr'><strong>prioribus</strong></span> <span class='ocrx_word' id='word_1_707' title='bbox 2850 3454 3040 3506; x_wconf 83' lang='lat' dir='ltr'><strong>erasis.</strong></span> <span class='ocrx_word' id='word_1_708' title='bbox 3074 3451 3301 3512; x_wconf 87' lang='lat' dir='ltr'><strong>Widm..</strong></span> <span class='ocrx_word' id='word_1_709' title='bbox 3326 3447 3541 3515; x_wconf 84' lang='lat' dir='ltr'><strong>Weitz..</strong></span> 
     </span>
    </p>
   </div>
   <div class='ocr_carea' id='block_1_111' title="bbox 1934 3520 3545 3589">
    <p class='ocr_par' dir='ltr' id='par_1_111' title="bbox 1934 3520 3545 3589">
     <span class='ocr_line' id='line_1_112' title="bbox 1934 3520 3545 3589; baseline 0.004 -18"><span class='ocrx_word' id='word_1_710' title='bbox 1934 3570 1943 3577; x_wconf 81' lang='grc'><strong>,</strong></span> <span class='ocrx_word' id='word_1_711' title='bbox 1976 3520 2274 3589; x_wconf 83' lang='lat' dir='ltr'><strong>multiplicis</strong></span> <span class='ocrx_word' id='word_1_712' title='bbox 2305 3523 2414 3574; x_wconf 81' lang='lat' dir='ltr'><strong>dua:</strong></span> <span class='ocrx_word' id='word_1_713' title='bbox 2443 3523 2649 3589; x_wconf 68' lang='lat' dir='ltr'><strong>damon</strong></span> <span class='ocrx_word' id='word_1_714' title='bbox 2671 3524 2833 3576; x_wconf 86' lang='lat' dir='ltr'><strong>adest.</strong></span> <span class='ocrx_word' id='word_1_715' title='bbox 2867 3520 3005 3585; x_wconf 83' lang='lat' dir='ltr'><strong>PaL,</strong></span> <span class='ocrx_word' id='word_1_716' title='bbox 3037 3522 3246 3576; x_wconf 90' lang='lat' dir='ltr'><strong>codices</strong></span> <span class='ocrx_word' id='word_1_717' title='bbox 3275 3520 3466 3589; x_wconf 81' lang='lat' dir='ltr'><strong>Jureti,</strong></span> <span class='ocrx_word' id='word_1_718' title='bbox 3493 3532 3545 3583; x_wconf 84' lang='grc' dir='ltr'><strong>ει</strong></span> 
     </span>
    </p>
   </div>
   <div class='ocr_carea' id='block_1_112' title="bbox 1975 3585 3545 3659">
    <p class='ocr_par' dir='ltr' id='par_1_112' title="bbox 1975 3585 3545 3659">
     <span class='ocr_line' id='line_1_113' title="bbox 1975 3585 3545 3659; baseline 0.001 -14"><span class='ocrx_word' id='word_1_719' title='bbox 1975 3588 2169 3645; x_wconf 81' lang='lat' dir='ltr'><strong>Gilanii</strong></span> <span class='ocrx_word' id='word_1_720' title='bbox 2189 3591 2576 3656; x_wconf 70' lang='lat' dir='ltr'><strong>\‘0fb0Vt-ZSTIS,</strong></span> <span class='ocrx_word' id='word_1_721' title='bbox 2598 3585 2776 3646; x_wconf 74' lang='lat' dir='ltr'><strong>lfeins.</strong></span> <span class='ocrx_word' id='word_1_722' title='bbox 2798 3606 2919 3646; x_wconf 89' lang='lat' dir='ltr'><strong>cum</strong></span> <span class='ocrx_word' id='word_1_723' title='bbox 2942 3591 3118 3658; x_wconf 87' lang='lat' dir='ltr'><strong>priore</strong></span> <span class='ocrx_word' id='word_1_724' title='bbox 3148 3590 3315 3655; x_wconf 81' lang='lat' dir='ltr'><strong>Rott.,</strong></span> <span class='ocrx_word' id='word_1_725' title='bbox 3346 3585 3545 3659; x_wconf 64' lang='lat' dir='ltr'><strong>0min,</strong></span> 
     </span>
    </p>
   </div>
   <div class='ocr_carea' id='block_1_113' title="bbox 1976 3660 3545 3727">
    <p class='ocr_par' dir='ltr' id='par_1_113' title="bbox 1976 3660 3545 3727">
     <span class='ocr_line' id='line_1_114' title="bbox 1976 3660 3545 3727; baseline 0.004 -16"><span class='ocrx_word' id='word_1_726' title='bbox 1976 3660 2246 3727; x_wconf 87' lang='lat' dir='ltr'><strong>multiplici</strong></span> <span class='ocrx_word' id='word_1_727' title='bbox 2272 3662 2379 3714; x_wconf 81' lang='lat' dir='ltr'><strong>dua:</strong></span> <span class='ocrx_word' id='word_1_728' title='bbox 2403 3661 2601 3714; x_wconf 73' lang='lat' dir='ltr'><strong>daemon</strong></span> <span class='ocrx_word' id='word_1_729' title='bbox 2625 3663 2785 3715; x_wconf 88' lang='lat' dir='ltr'><strong>adest.</strong></span> <span class='ocrx_word' id='word_1_730' title='bbox 2830 3660 3106 3725; x_wconf 85' lang='lat' dir='ltr'><strong>Weitzius,</strong></span> <span class='ocrx_word' id='word_1_731' title='bbox 3146 3661 3545 3726; x_wconf 83' lang='lat' dir='ltr'><strong>Egmondanum</strong></span> 
     </span>
    </p>
   </div>
   <div class='ocr_carea' id='block_1_114' title="bbox 1976 3729 3544 3799">
    <p class='ocr_par' dir='ltr' id='par_1_114' title="bbox 1976 3729 3544 3799">
     <span class='ocr_line' id='line_1_115' title="bbox 1976 3729 3544 3799; baseline 0.004 -18"><span class='ocrx_word' id='word_1_732' title='bbox 1976 3729 2172 3797; x_wconf 88' lang='lat' dir='ltr'><strong>allegat</strong></span> <span class='ocrx_word' id='word_1_733' title='bbox 2202 3745 2298 3797; x_wconf 92' lang='lat' dir='ltr'><strong>pro</strong></span> <span class='ocrx_word' id='word_1_734' title='bbox 2326 3730 2641 3799; x_wconf 88' lang='lat' dir='ltr'><strong>multiplicis,</strong></span> <span class='ocrx_word' id='word_1_735' title='bbox 2678 3731 2925 3783; x_wconf 83' lang='lat' dir='ltr'><strong>Heinsius</strong></span> <span class='ocrx_word' id='word_1_736' title='bbox 2952 3746 3047 3797; x_wconf 88' lang='lat' dir='ltr'><strong>pro</strong></span> <span class='ocrx_word' id='word_1_737' title='bbox 3073 3731 3360 3799; x_wconf 86' lang='lat' dir='ltr'><strong>multiplici.</strong></span> <span class='ocrx_word' id='word_1_738' title='bbox 3410 3730 3544 3787; x_wconf 89' lang='lat' dir='ltr'><strong>Cum</strong></span> 
     </span>
    </p>
   </div>
   <div class='ocr_carea' id='block_1_115' title="bbox 1974 3798 3544 3863">
    <p class='ocr_par' dir='ltr' id='par_1_115' title="bbox 1974 3798 3544 3863">
     <span class='ocr_line' id='line_1_116' title="bbox 1974 3798 3544 3863; baseline 0.003 -12"><span class='ocrx_word' id='word_1_739' title='bbox 1974 3799 2193 3854; x_wconf 89' lang='lat' dir='ltr'><strong>lleinsio</strong></span> <span class='ocrx_word' id='word_1_740' title='bbox 2218 3799 2416 3855; x_wconf 82' lang='lat' dir='ltr'><strong>faciunt</strong></span> <span class='ocrx_word' id='word_1_741' title='bbox 2444 3798 2596 3853; x_wconf 78' lang='lat' dir='ltr'><strong>Alex.</strong></span> <span class='ocrx_word' id='word_1_742' title='bbox 2630 3808 2684 3854; x_wconf 90' lang='lat' dir='ltr'><strong>et</strong></span> <span class='ocrx_word' id='word_1_743' title='bbox 2710 3799 2865 3863; x_wconf 91' lang='lat' dir='ltr'><strong>Urb.,</strong></span> <span class='ocrx_word' id='word_1_744' title='bbox 2898 3798 2991 3852; x_wconf 88' lang='lat' dir='ltr'><strong>sed</strong></span> <span class='ocrx_word' id='word_1_745' title='bbox 3024 3801 3076 3851; x_wconf 86' lang='lat' dir='ltr'><strong>in</strong></span> <span class='ocrx_word' id='word_1_746' title='bbox 3107 3798 3260 3852; x_wconf 70' lang='lat' dir='ltr'><strong>Ales.</strong></span> <span class='ocrx_word' id='word_1_747' title='bbox 3292 3801 3544 3855; x_wconf 89' lang='lat' dir='ltr'><strong>scribitur</strong></span> 
     </span>
    </p>
   </div>
   <div class='ocr_carea' id='block_1_116' title="bbox 1974 3868 3543 3936">
    <p class='ocr_par' dir='ltr' id='par_1_116' title="bbox 1974 3868 3543 3936">
     <span class='ocr_line' id='line_1_117' title="bbox 1974 3868 3543 3936; baseline 0.003 -15"><span class='ocrx_word' id='word_1_748' title='bbox 1974 3868 2178 3936; x_wconf 74' lang='lat' dir='ltr'><strong>damon,</strong></span> <span class='ocrx_word' id='word_1_749' title='bbox 2206 3885 2309 3924; x_wconf 91' lang='lat' dir='ltr'><strong>non</strong></span> <span class='ocrx_word' id='word_1_750' title='bbox 2339 3871 2556 3925; x_wconf 65' lang='lat' dir='ltr'><strong>damon.</strong></span> <span class='ocrx_word' id='word_1_751' title='bbox 2589 3869 2701 3924; x_wconf 85' lang='lat' dir='ltr'><strong>Dici</strong></span> <span class='ocrx_word' id='word_1_752' title='bbox 2730 3880 2904 3923; x_wconf 87' lang='lat' dir='ltr'><strong>autem</strong></span> <span class='ocrx_word' id='word_1_753' title='bbox 2936 3878 3110 3935; x_wconf 87' lang='lat' dir='ltr'><strong>potest</strong></span> <span class='ocrx_word' id='word_1_754' title='bbox 3152 3868 3260 3920; x_wconf 78' lang='lat' dir='ltr'><strong>dus;</strong></span> <span class='ocrx_word' id='word_1_755' title='bbox 3285 3870 3461 3933; x_wconf 79' lang='lat' dir='ltr'><strong>alicui,</strong></span> <span class='ocrx_word' id='word_1_756' title='bbox 3490 3881 3543 3925; x_wconf 86' lang='lat' dir='ltr'><strong>et</strong></span> 
     </span>
    </p>
   </div>
   <div class='ocr_carea' id='block_1_117' title="bbox 1971 3938 3537 4006">
    <p class='ocr_par' dir='ltr' id='par_1_117' title="bbox 1971 3938 3537 4006">
     <span class='ocr_line' id='line_1_118' title="bbox 1971 3938 3537 4006; baseline 0.001 -15"><span class='ocrx_word' id='word_1_757' title='bbox 1971 3939 2340 4006; x_wconf 77' lang='lat' dir='ltr'><strong>alicujus.Altl.</strong></span> <span class='ocrx_word' id='word_1_758' title='bbox 2359 3949 2413 3995; x_wconf 89' lang='lat' dir='ltr'><strong>et</strong></span> <span class='ocrx_word' id='word_1_759' title='bbox 2425 3939 2778 4004; x_wconf 86' lang='lat' dir='ltr'><strong>Fabr.,morte</strong></span> <span class='ocrx_word' id='word_1_760' title='bbox 2790 3939 3013 3998; x_wconf 88' lang='lat' dir='ltr'><strong>sinister;</strong></span> <span class='ocrx_word' id='word_1_761' title='bbox 3027 3938 3137 4000; x_wconf 90' lang='lat' dir='ltr'><strong>alii,</strong></span> <span class='ocrx_word' id='word_1_762' title='bbox 3155 3946 3298 3999; x_wconf 87' lang='lat' dir='ltr'><strong>parte</strong></span> <span class='ocrx_word' id='word_1_763' title='bbox 3308 3940 3537 3993; x_wconf 84' lang='lat' dir='ltr'><strong>sinistra.</strong></span> 
     </span>
    </p>
   </div>
   <div class='ocr_carea' id='block_1_118' title="bbox 2044 4006 3541 4074">
    <p class='ocr_par' dir='ltr' id='par_1_118' title="bbox 2044 4006 3541 4074">
     <span class='ocr_line' id='line_1_119' title="bbox 2044 4006 3541 4074; baseline -0.001 -10"><span class='ocrx_word' id='word_1_764' title='bbox 2044 4010 2167 4064; x_wconf 84' lang='lat'>890.</span> <span class='ocrx_word' id='word_1_765' title='bbox 2199 4010 2473 4065; x_wconf 81' lang='lat' dir='ltr'><strong>Juvenalis</strong></span> <span class='ocrx_word' id='word_1_766' title='bbox 2503 4019 2604 4064; x_wconf 87' lang='lat' dir='ltr'><strong>sat.</strong></span> <span class='ocrx_word' id='word_1_767' title='bbox 2632 4011 2719 4074; x_wconf 74' lang='grc'><strong>14,</strong></span> <span class='ocrx_word' id='word_1_768' title='bbox 2749 4024 2888 4064; x_wconf 85' lang='lat' dir='ltr'><strong>vers.</strong></span> <span class='ocrx_word' id='word_1_769' title='bbox 2918 4008 3003 4068; x_wconf 75' lang='lat' dir='ltr'><strong>l2.</strong></span> <span class='ocrx_word' id='word_1_770' title='bbox 3033 4006 3277 4061; x_wconf 86' lang='lat' dir='ltr'><strong>Barbatos</strong></span> <span class='ocrx_word' id='word_1_771' title='bbox 3304 4007 3421 4060; x_wconf 88' lang='lat' dir='ltr'><strong>licet</strong></span> <span class='ocrx_word' id='word_1_772' title='bbox 3451 4012 3541 4062; x_wconf 84' lang='lat' dir='ltr'><strong>ad-</strong></span> 
     </span>
    </p>
   </div>
   <div class='ocr_carea' id='block_1_119' title="bbox 1970 4076 3493 4151">
    <p class='ocr_par' dir='ltr' id='par_1_119' title="bbox 1970 4076 3493 4151">
     <span class='ocr_line' id='line_1_120' title="bbox 1970 4076 3493 4151; baseline 0.001 -21"><span class='ocrx_word' id='word_1_773' title='bbox 1970 4094 2167 4151; x_wconf 74' lang='lat' dir='ltr'><strong>moveas</strong></span> <span class='ocrx_word' id='word_1_774' title='bbox 2196 4080 2336 4151; x_wconf 87' lang='lat' dir='ltr'><strong>mille</strong></span> <span class='ocrx_word' id='word_1_775' title='bbox 2360 4081 2479 4134; x_wconf 89' lang='lat' dir='ltr'><strong>inde</strong></span> <span class='ocrx_word' id='word_1_776' title='bbox 2502 4081 2792 4151; x_wconf 87' lang='lat' dir='ltr'><strong>magistros.</strong></span> <span class='ocrx_word' id='word_1_777' title='bbox 2820 4078 2942 4133; x_wconf 91' lang='lat' dir='ltr'><strong>Vat.</strong></span> <span class='ocrx_word' id='word_1_778' title='bbox 2966 4081 3031 4144; x_wconf 89' lang='lat' dir='ltr'><strong>A,</strong></span> <span class='ocrx_word' id='word_1_779' title='bbox 3058 4077 3215 4151; x_wconf 79' lang='lat' dir='ltr'><strong>male,</strong></span> <span class='ocrx_word' id='word_1_780' title='bbox 3240 4076 3493 4151; x_wconf 77' lang='lat' dir='ltr'><strong>barbatus.</strong></span> 
     </span>
    </p>
   </div>
   <div class='ocr_carea' id='block_1_120' title="bbox 2040 4148 3541 4210">
    <p class='ocr_par' dir='ltr' id='par_1_120' title="bbox 2040 4148 3541 4210">
     <span class='ocr_line' id='line_1_121' title="bbox 2040 4148 3541 4210; baseline -0.002 -7"><span class='ocrx_word' id='word_1_781' title='bbox 2040 4148 2166 4205; x_wconf 80' lang='grc'>891.</span> <span class='ocrx_word' id='word_1_782' title='bbox 2199 4150 2441 4205; x_wconf 85' lang='lat' dir='ltr'><strong>Gifanius</strong></span> <span class='ocrx_word' id='word_1_783' title='bbox 2469 4148 2635 4206; x_wconf 77' lang='lat' dir='ltr'><strong>verbo</strong></span> <span class='ocrx_word' id='word_1_784' title='bbox 2674 4150 2827 4204; x_wconf 73' lang='lat' dir='ltr'><strong>Msne</strong></span> <span class='ocrx_word' id='word_1_785' title='bbox 2868 4164 2931 4203; x_wconf 80' lang='lat' dir='ltr'><strong>ex</strong></span> <span class='ocrx_word' id='word_1_786' title='bbox 2964 4156 3075 4203; x_wconf 83' lang='lat' dir='ltr'><strong>vet.</strong></span> <span class='ocrx_word' id='word_1_787' title='bbox 3110 4148 3200 4200; x_wconf 89' lang='lat' dir='ltr'><strong>lib.</strong></span> <span class='ocrx_word' id='word_1_788' title='bbox 3232 4148 3435 4210; x_wconf 78' lang='lat' dir='ltr'><strong>Optimo</strong></span> <span class='ocrx_word' id='word_1_789' title='bbox 3462 4149 3541 4201; x_wconf 85' lang='lat' dir='ltr'><strong>in-</strong></span> 
     </span>
    </p>
   </div>
   <div class='ocr_carea' id='block_1_121' title="bbox 1970 4217 3541 4290">
    <p class='ocr_par' dir='ltr' id='par_1_121' title="bbox 1970 4217 3541 4290">
     <span class='ocr_line' id='line_1_122' title="bbox 1970 4217 3541 4290; baseline 0.003 -20"><span class='ocrx_word' id='word_1_790' title='bbox 1970 4218 2130 4290; x_wconf 77' lang='lat' dir='ltr'><strong>licitat</strong></span> <span class='ocrx_word' id='word_1_791' title='bbox 2154 4223 2417 4275; x_wconf 84' lang='lat' dir='ltr'><strong>volucrum</strong></span> <span class='ocrx_word' id='word_1_792' title='bbox 2440 4221 2649 4290; x_wconf 89' lang='lat' dir='ltr'><strong>linguis.</strong></span> <span class='ocrx_word' id='word_1_793' title='bbox 2678 4221 2793 4275; x_wconf 85' lang='lat' dir='ltr'><strong>Non</strong></span> <span class='ocrx_word' id='word_1_794' title='bbox 2820 4218 3073 4288; x_wconf 83' lang='lat' dir='ltr'><strong>approbat</strong></span> <span class='ocrx_word' id='word_1_795' title='bbox 3100 4217 3395 4279; x_wconf 71' lang='lat' dir='ltr'><strong>Mziriettus,</strong></span> <span class='ocrx_word' id='word_1_796' title='bbox 3417 4220 3541 4287; x_wconf 80' lang='lat' dir='ltr'><strong>quia</strong></span> 
     </span>
    </p>
   </div>
   <div class='ocr_carea' id='block_1_122' title="bbox 1974 4289 3542 4359">
    <p class='ocr_par' dir='ltr' id='par_1_122' title="bbox 1974 4289 3542 4359">
     <span class='ocr_line' id='line_1_123' title="bbox 1974 4289 3542 4359; baseline 0 -17"><span class='ocrx_word' id='word_1_797' title='bbox 1974 4289 2292 4359; x_wconf 77' lang='lat' dir='ltr'><strong>l‘rndentius</strong></span> <span class='ocrx_word' id='word_1_798' title='bbox 2322 4289 2570 4359; x_wconf 88' lang='lat' dir='ltr'><strong>intelligit</strong></span> <span class='ocrx_word' id='word_1_799' title='bbox 2595 4300 2782 4345; x_wconf 89' lang='lat' dir='ltr'><strong>cantus</strong></span> <span class='ocrx_word' id='word_1_800' title='bbox 2811 4292 3014 4349; x_wconf 89' lang='lat' dir='ltr'><strong>avium,</strong></span> <span class='ocrx_word' id='word_1_801' title='bbox 3045 4290 3158 4340; x_wconf 88' lang='lat' dir='ltr'><strong>sive</strong></span> <span class='ocrx_word' id='word_1_802' title='bbox 3184 4289 3460 4359; x_wconf 83' lang='lat' dir='ltr'><strong>augurium</strong></span> <span class='ocrx_word' id='word_1_803' title='bbox 3488 4292 3542 4343; x_wconf 84' lang='lat' dir='ltr'><strong>et</strong></span> 
     </span>
    </p>
   </div>
   <div class='ocr_carea' id='block_1_123' title="bbox 1972 4357 3541 4429">
    <p class='ocr_par' dir='ltr' id='par_1_123' title="bbox 1972 4357 3541 4429">
     <span class='ocr_line' id='line_1_124' title="bbox 1972 4357 3541 4429; baseline 0.003 -20"><span class='ocrx_word' id='word_1_804' title='bbox 1972 4357 2381 4429; x_wconf 89' lang='lat' dir='ltr'><strong>haruspicinam,</strong></span> <span class='ocrx_word' id='word_1_805' title='bbox 2419 4357 2610 4429; x_wconf 73' lang='lat' dir='ltr'><strong>quibus</strong></span> <span class='ocrx_word' id='word_1_806' title='bbox 2647 4360 2796 4414; x_wconf 89' lang='lat' dir='ltr'><strong>multi</strong></span> <span class='ocrx_word' id='word_1_807' title='bbox 2823 4359 3244 4429; x_wconf 86' lang='lat' dir='ltr'><strong>decipiebantur.</strong></span> <span class='ocrx_word' id='word_1_808' title='bbox 3293 4358 3541 4414; x_wconf 89' lang='lat' dir='ltr'><strong>lleinsius</strong></span> 
     </span>
    </p>
   </div>
   <div class='ocr_carea' id='block_1_124' title="bbox 1973 4428 3539 4497">
    <p class='ocr_par' dir='ltr' id='par_1_124' title="bbox 1973 4428 3539 4497">
     <span class='ocr_line' id='line_1_125' title="bbox 1973 4428 3539 4497; baseline 0.001 -16"><span class='ocrx_word' id='word_1_809' title='bbox 1973 4442 2101 4482; x_wconf 89' lang='lat' dir='ltr'><strong>vero</strong></span> <span class='ocrx_word' id='word_1_810' title='bbox 2129 4428 2372 4485; x_wconf 84' lang='lat' dir='ltr'><strong>eamdem</strong></span> <span class='ocrx_word' id='word_1_811' title='bbox 2406 4428 2687 4485; x_wconf 86' lang='lat' dir='ltr'><strong>lectionem</strong></span> <span class='ocrx_word' id='word_1_812' title='bbox 2716 4430 2921 4497; x_wconf 87' lang='lat' dir='ltr'><strong>rejicit.</strong></span> <span class='ocrx_word' id='word_1_813' title='bbox 2962 4428 3083 4495; x_wconf 88' lang='lat' dir='ltr'><strong>quia</strong></span> <span class='ocrx_word' id='word_1_814' title='bbox 3110 4428 3312 4481; x_wconf 82' lang='lat' dir='ltr'><strong>illicitat</strong></span> <span class='ocrx_word' id='word_1_815' title='bbox 3354 4443 3539 4496; x_wconf 86' lang='lat' dir='ltr'><strong>parum</strong></span> 
     </span>
    </p>
   </div>
   <div class='ocr_carea' id='block_1_125' title="bbox 1971 4498 3539 4555">
    <p class='ocr_par' dir='ltr' id='par_1_125' title="bbox 1971 4498 3539 4555">
     <span class='ocr_line' id='line_1_126' title="bbox 1971 4498 3539 4555; baseline 0.003 -5"><span class='ocrx_word' id='word_1_816' title='bbox 1971 4498 2210 4554; x_wconf 84' lang='lat' dir='ltr'><strong>Latinum</strong></span> <span class='ocrx_word' id='word_1_817' title='bbox 2240 4509 2353 4555; x_wconf 86' lang='lat' dir='ltr'><strong>est:</strong></span> <span class='ocrx_word' id='word_1_818' title='bbox 2377 4499 2657 4555; x_wconf 86' lang='lat' dir='ltr'><strong>dicendum</strong></span> <span class='ocrx_word' id='word_1_819' title='bbox 2688 4502 2829 4554; x_wconf 88' lang='lat' dir='ltr'><strong>enim</strong></span> <span class='ocrx_word' id='word_1_820' title='bbox 2858 4509 2995 4552; x_wconf 88' lang='lat' dir='ltr'><strong>esset</strong></span> <span class='ocrx_word' id='word_1_821' title='bbox 3020 4498 3233 4551; x_wconf 88' lang='lat' dir='ltr'><strong>illectat.</strong></span> <span class='ocrx_word' id='word_1_822' title='bbox 3265 4498 3539 4554; x_wconf 88' lang='lat' dir='ltr'><strong>Mariettus</strong></span> 
     </span>
    </p>
   </div>
   <div class='ocr_carea' id='block_1_126' title="bbox 1970 4568 3538 4637">
    <p class='ocr_par' dir='ltr' id='par_1_126' title="bbox 1970 4568 3538 4637">
     <span class='ocr_line' id='line_1_127' title="bbox 1970 4568 3538 4637; baseline 0.001 -16"><span class='ocrx_word' id='word_1_823' title='bbox 1970 4569 2194 4624; x_wconf 88' lang='lat' dir='ltr'><strong>fortasse</strong></span> <span class='ocrx_word' id='word_1_824' title='bbox 2238 4570 2323 4623; x_wconf 88' lang='lat' dir='ltr'><strong>illa</strong></span> <span class='ocrx_word' id='word_1_825' title='bbox 2366 4585 2460 4624; x_wconf 90' lang='lat' dir='ltr'><strong>sua</strong></span> <span class='ocrx_word' id='word_1_826' title='bbox 2502 4570 2710 4623; x_wconf 89' lang='lat' dir='ltr'><strong>ratione</strong></span> <span class='ocrx_word' id='word_1_827' title='bbox 2740 4568 3015 4624; x_wconf 66' lang='lat' dir='ltr'><strong>refellebat</strong></span> <span class='ocrx_word' id='word_1_828' title='bbox 3054 4568 3357 4637; x_wconf 87' lang='lat' dir='ltr'><strong>haruspide,</strong></span> <span class='ocrx_word' id='word_1_829' title='bbox 3397 4570 3538 4637; x_wconf 85' lang='lat' dir='ltr'><strong>quod</strong></span> 
     </span>
    </p>
   </div>
   <div class='ocr_carea' id='block_1_127' title="bbox 1970 4636 3540 4706">
    <p class='ocr_par' dir='ltr' id='par_1_127' title="bbox 1970 4636 3540 4706">
     <span class='ocr_line' id='line_1_128' title="bbox 1970 4636 3540 4706; baseline 0.001 -15"><span class='ocrx_word' id='word_1_830' title='bbox 1970 4637 2096 4706; x_wconf 89' lang='lat' dir='ltr'><strong>legit</strong></span> <span class='ocrx_word' id='word_1_831' title='bbox 2122 4641 2173 4693; x_wconf 91' lang='lat' dir='ltr'><strong>in</strong></span> <span class='ocrx_word' id='word_1_832' title='bbox 2199 4639 2427 4702; x_wconf 86' lang='lat' dir='ltr'><strong>Gifanio,</strong></span> <span class='ocrx_word' id='word_1_833' title='bbox 2452 4656 2514 4694; x_wconf 89' lang='lat' dir='ltr'><strong>ac</strong></span> <span class='ocrx_word' id='word_1_834' title='bbox 2536 4654 2721 4693; x_wconf 87' lang='lat' dir='ltr'><strong>revera</strong></span> <span class='ocrx_word' id='word_1_835' title='bbox 2752 4640 2803 4693; x_wconf 92' lang='lat' dir='ltr'><strong>in</strong></span> <span class='ocrx_word' id='word_1_836' title='bbox 2828 4652 2892 4691; x_wconf 84' lang='lat' dir='ltr'><strong>eo</strong></span> <span class='ocrx_word' id='word_1_837' title='bbox 2913 4646 3104 4691; x_wconf 75' lang='lat' dir='ltr'><strong>exstat.</strong></span> <span class='ocrx_word' id='word_1_838' title='bbox 3134 4636 3240 4693; x_wconf 87' lang='lat' dir='ltr'><strong>Sed</strong></span> <span class='ocrx_word' id='word_1_839' title='bbox 3262 4636 3540 4695; x_wconf 27' lang='lat' dir='ltr'><strong>harus’vide</strong></span> 
     </span>
    </p>
   </div>
   <div class='ocr_carea' id='block_1_128' title="bbox 1968 4709 2952 4779">
    <p class='ocr_par' dir='ltr' id='par_1_128' title="bbox 1968 4709 2952 4779">
     <span class='ocr_line' id='line_1_129' title="bbox 1968 4709 2952 4779; baseline -0.002 -18"><span class='ocrx_word' id='word_1_840' title='bbox 1968 4718 2095 4779; x_wconf 86' lang='lat' dir='ltr'><strong>puto</strong></span> <span class='ocrx_word' id='word_1_841' title='bbox 2122 4712 2517 4779; x_wconf 87' lang='lat' dir='ltr'><strong>essemendum</strong></span> <span class='ocrx_word' id='word_1_842' title='bbox 2547 4724 2641 4779; x_wconf 88' lang='lat' dir='ltr'><strong>pro</strong></span> <span class='ocrx_word' id='word_1_843' title='bbox 2667 4709 2952 4779; x_wconf 83' lang='lat' dir='ltr'><strong>haruspice.</strong></span> 
     </span>
    </p>
   </div>
   <div class='ocr_carea' id='block_1_129' title="bbox 2038 4777 3535 4848">
    <p class='ocr_par' dir='ltr' id='par_1_129' title="bbox 2038 4777 3535 4848">
     <span class='ocr_line' id='line_1_130' title="bbox 2038 4777 3535 4848; baseline 0 -16"><span class='ocrx_word' id='word_1_844' title='bbox 2038 4777 2160 4833; x_wconf 70' lang='lat'>892.</span> <span class='ocrx_word' id='word_1_845' title='bbox 2194 4778 2383 4833; x_wconf 85' lang='lat' dir='ltr'><strong>Weitz.</strong></span> <span class='ocrx_word' id='word_1_846' title='bbox 2412 4795 2532 4834; x_wconf 90' lang='lat' dir='ltr'><strong>cum</strong></span> <span class='ocrx_word' id='word_1_847' title='bbox 2556 4778 2756 4833; x_wconf 91' lang='lat' dir='ltr'><strong>Widm.</strong></span> <span class='ocrx_word' id='word_1_848' title='bbox 2785 4777 3220 4848; x_wconf 9' lang='lat' dir='ltr'><strong>aprimarmanu,</strong></span> <span class='ocrx_word' id='word_1_849' title='bbox 3244 4777 3535 4833; x_wconf 83' lang='lat' dir='ltr'><strong>bacchatus.</strong></span> 
     </span>
    </p>
   </div>
   <div class='ocr_carea' id='block_1_130' title="bbox 1964 4847 3085 4917">
    <p class='ocr_par' dir='ltr' id='par_1_130' title="bbox 1964 4847 3085 4917">
     <span class='ocr_line' id='line_1_131' title="bbox 1964 4847 3085 4917; baseline -0.004 -14"><span class='ocrx_word' id='word_1_850' title='bbox 1964 4848 2091 4911; x_wconf 81' lang='lat' dir='ltr'><strong>Alii,</strong></span> <span class='ocrx_word' id='word_1_851' title='bbox 2118 4849 2424 4903; x_wconf 87' lang='lat' dir='ltr'><strong>bacchantis.</strong></span> <span class='ocrx_word' id='word_1_852' title='bbox 2459 4849 2575 4903; x_wconf 86' lang='lat' dir='ltr'><strong>Vat.</strong></span> <span class='ocrx_word' id='word_1_853' title='bbox 2602 4851 2669 4914; x_wconf 86' lang='lat' dir='ltr'><strong>A,</strong></span> <span class='ocrx_word' id='word_1_854' title='bbox 2696 4847 2852 4915; x_wconf 84' lang='lat' dir='ltr'><strong>male,</strong></span> <span class='ocrx_word' id='word_1_855' title='bbox 2880 4847 3085 4917; x_wconf 83' lang='lat' dir='ltr'><strong>sibylla.</strong></span> 
     </span>
    </p>
   </div>
   <div class='ocr_carea' id='block_1_131' title="bbox 2034 4917 3534 4987">
    <p class='ocr_par' dir='ltr' id='par_1_131' title="bbox 2034 4917 3534 4987">
     <span class='ocr_line' id='line_1_132' title="bbox 2034 4917 3534 4987; baseline -0.002 -14"><span class='ocrx_word' id='word_1_856' title='bbox 2034 4920 2156 4974; x_wconf 80' lang='lat'>893.</span> <span class='ocrx_word' id='word_1_857' title='bbox 2195 4920 2336 4985; x_wconf 76' lang='lat' dir='ltr'><strong>Altl.,</strong></span> <span class='ocrx_word' id='word_1_858' title='bbox 2370 4920 2491 4973; x_wconf 83' lang='lat' dir='ltr'><strong>Rat.</strong></span> <span class='ocrx_word' id='word_1_859' title='bbox 2519 4922 2585 4973; x_wconf 81' lang='lat' dir='ltr'><strong>ab</strong></span> <span class='ocrx_word' id='word_1_860' title='bbox 2617 4920 2802 4987; x_wconf 84' lang='lat' dir='ltr'><strong>ignaro</strong></span> <span class='ocrx_word' id='word_1_861' title='bbox 2845 4923 3188 4987; x_wconf 84' lang='lat' dir='ltr'><strong>correctore,</strong></span> <span class='ocrx_word' id='word_1_862' title='bbox 3229 4917 3316 4983; x_wconf 87' lang='lat' dir='ltr'><strong>qui</strong></span> <span class='ocrx_word' id='word_1_863' title='bbox 3358 4917 3534 4987; x_wconf 87' lang='lat' dir='ltr'><strong>priora</strong></span> 
     </span>
    </p>
   </div>
   <div class='ocr_carea' id='block_1_132' title="bbox 1965 4985 3537 5064">
    <p class='ocr_par' dir='ltr' id='par_1_132' title="bbox 1965 4985 3537 5064">
     <span class='ocr_line' id='line_1_133' title="bbox 1965 4985 3537 5064; baseline -0.001 -22"><span class='ocrx_word' id='word_1_864' title='bbox 1965 4989 2147 5064; x_wconf 80' lang='lat' dir='ltr'><strong>erasit,</strong></span> <span class='ocrx_word' id='word_1_865' title='bbox 2180 4988 2373 5064; x_wconf 67' lang='lat' dir='ltr'><strong>lj&#39;abr.,_</strong></span> <span class='ocrx_word' id='word_1_866' title='bbox 2394 4999 2525 5043; x_wconf 88' lang='lat' dir='ltr'><strong>vett.</strong></span> <span class='ocrx_word' id='word_1_867' title='bbox 2547 4985 2834 5064; x_wconf 44' lang='lat' dir='ltr'><strong>edd—.apud</strong></span> <span class='ocrx_word' id='word_1_868' title='bbox 2864 4988 3024 5064; x_wconf 76' lang='lat' dir='ltr'><strong>Gall.,</strong></span> <span class='ocrx_word' id='word_1_869' title='bbox 3058 4985 3123 5037; x_wconf 81' lang='lat' dir='ltr'><strong>in</strong></span> <span class='ocrx_word' id='word_1_870' title='bbox 3154 4985 3374 5064; x_wconf 57' lang='lat' dir='ltr'><strong>magicas</strong></span> <span class='ocrx_word' id='word_1_871' title='bbox 3400 4997 3537 5064; x_wconf 76' lang='lat' dir='ltr'><strong>artes</strong></span> 
     </span>
    </p>
   </div>
   <div class='ocr_carea' id='block_1_133' title="bbox 1970 5053 3532 5125">
    <p class='ocr_par' dir='ltr' id='par_1_133' title="bbox 1970 5053 3532 5125">
     <span class='ocr_line' id='line_1_134' title="bbox 1970 5053 3532 5125; baseline -0.002 -13"><span class='ocrx_word' id='word_1_872' title='bbox 1970 5058 2157 5123; x_wconf 87' lang='lat' dir='ltr'><strong>trahit,</strong></span> <span class='ocrx_word' id='word_1_873' title='bbox 2188 5053 2494 5125; x_wconf 82' lang='lat' dir='ltr'><strong>involvitque</strong></span> <span class='ocrx_word' id='word_1_874' title='bbox 2521 5053 2753 5114; x_wconf 73' lang='lat' dir='ltr'><strong>mathesi.</strong></span> <span class='ocrx_word' id='word_1_875' title='bbox 2807 5060 2878 5113; x_wconf 91' lang='lat' dir='ltr'><strong>Ita</strong></span> <span class='ocrx_word' id='word_1_876' title='bbox 2914 5058 3107 5111; x_wconf 89' lang='lat' dir='ltr'><strong>factum</strong></span> <span class='ocrx_word' id='word_1_877' title='bbox 3135 5053 3202 5107; x_wconf 90' lang='lat' dir='ltr'><strong>ab</strong></span> <span class='ocrx_word' id='word_1_878' title='bbox 3232 5054 3296 5108; x_wconf 90' lang='lat' dir='ltr'><strong>iis</strong></span> <span class='ocrx_word' id='word_1_879' title='bbox 3326 5058 3411 5123; x_wconf 89' lang='lat' dir='ltr'><strong>qui</strong></span> <span class='ocrx_word' id='word_1_880' title='bbox 3444 5071 3532 5110; x_wconf 88' lang='lat' dir='ltr'><strong>se-</strong></span> 
     </span>
    </p>
   </div>
   <div class='ocr_carea' id='block_1_134' title="bbox 1964 5130 3535 5195">
    <p class='ocr_par' dir='ltr' id='par_1_134' title="bbox 1964 5130 3535 5195">
     <span class='ocr_line' id='line_1_135' title="bbox 1964 5130 3535 5195; baseline -0.001 -12"><span class='ocrx_word' id='word_1_881' title='bbox 1964 5130 2193 5183; x_wconf 92' lang='lat' dir='ltr'><strong>cundam</strong></span> <span class='ocrx_word' id='word_1_882' title='bbox 2224 5130 2277 5183; x_wconf 91' lang='lat' dir='ltr'><strong>in</strong></span> <span class='ocrx_word' id='word_1_883' title='bbox 2300 5131 2514 5184; x_wconf 84' lang='lat' dir='ltr'><strong>mathesi</strong></span> <span class='ocrx_word' id='word_1_884' title='bbox 2539 5130 2756 5195; x_wconf 89' lang='lat' dir='ltr'><strong>produci</strong></span> <span class='ocrx_word' id='word_1_885' title='bbox 2782 5130 3044 5194; x_wconf 72' lang='lat' dir='ltr'><strong>sciebant,</strong></span> <span class='ocrx_word' id='word_1_886' title='bbox 3073 5134 3127 5179; x_wconf 91' lang='lat' dir='ltr'><strong>et</strong></span> <span class='ocrx_word' id='word_1_887' title='bbox 3150 5131 3382 5180; x_wconf 89' lang='lat' dir='ltr'><strong>veterem</strong></span> <span class='ocrx_word' id='word_1_888' title='bbox 3409 5141 3535 5181; x_wconf 87' lang='lat' dir='ltr'><strong>cou-</strong></span> 
     </span>
    </p>
   </div>
   <div class='ocr_carea' id='block_1_135' title="bbox 1963 5200 3002 5267">
    <p class='ocr_par' dir='ltr' id='par_1_135' title="bbox 1963 5200 3002 5267">
     <span class='ocr_line' id='line_1_136' title="bbox 1963 5200 3002 5267; baseline -0.003 -14"><span class='ocrx_word' id='word_1_889' title='bbox 1963 5200 2297 5253; x_wconf 89' lang='lat' dir='ltr'><strong>suetudinem</strong></span> <span class='ocrx_word' id='word_1_890' title='bbox 2323 5201 2643 5254; x_wconf 89' lang='lat' dir='ltr'><strong>contrariam</strong></span> <span class='ocrx_word' id='word_1_891' title='bbox 2673 5201 3002 5267; x_wconf 81' lang='lat' dir='ltr'><strong>ignorabant.</strong></span> 
     </span>
    </p>
   </div>
   <div class='ocr_carea' id='block_1_136' title="bbox 2034 5269 3531 5337">
    <p class='ocr_par' dir='ltr' id='par_1_136' title="bbox 2034 5269 3531 5337">
     <span class='ocr_line' id='line_1_137' title="bbox 2034 5269 3531 5337; baseline -0.003 -14"><span class='ocrx_word' id='word_1_892' title='bbox 2034 5269 2160 5324; x_wconf 86' lang='lat'>897.</span> <span class='ocrx_word' id='word_1_893' title='bbox 2196 5269 2341 5337; x_wconf 83' lang='lat' dir='ltr'><strong>Ald.,</strong></span> <span class='ocrx_word' id='word_1_894' title='bbox 2393 5272 2574 5333; x_wconf 79' lang='lat' dir='ltr'><strong>Alex.,</strong></span> <span class='ocrx_word' id='word_1_895' title='bbox 2624 5269 2776 5336; x_wconf 75' lang='lat' dir='ltr'><strong>Urb.,</strong></span> <span class='ocrx_word' id='word_1_896' title='bbox 2821 5270 3001 5331; x_wconf 81' lang='lat' dir='ltr'><strong>Fabr.,</strong></span> <span class='ocrx_word' id='word_1_897' title='bbox 3050 5271 3224 5337; x_wconf 73' lang='lat' dir='ltr'><strong>Egm.,</strong></span> <span class='ocrx_word' id='word_1_898' title='bbox 3268 5274 3531 5319; x_wconf 88' lang='lat' dir='ltr'><strong>monstrat.</strong></span> 
     </span>
    </p>
   </div>
   <div class='ocr_carea' id='block_1_137' title="bbox 1966 5338 3284 5406">
    <p class='ocr_par' dir='ltr' id='par_1_137' title="bbox 1966 5338 3284 5406">
     <span class='ocr_line' id='line_1_138' title="bbox 1966 5338 3284 5406; baseline -0.005 -13"><span class='ocrx_word' id='word_1_899' title='bbox 1966 5339 2080 5393; x_wconf 91' lang='lat' dir='ltr'><strong>Vat.</strong></span> <span class='ocrx_word' id='word_1_900' title='bbox 2113 5340 2177 5401; x_wconf 89' lang='lat' dir='ltr'><strong>A,</strong></span> <span class='ocrx_word' id='word_1_901' title='bbox 2212 5342 2353 5406; x_wconf 77' lang='lat' dir='ltr'><strong>Hat.,</strong></span> <span class='ocrx_word' id='word_1_902' title='bbox 2378 5338 2595 5401; x_wconf 82' lang='lat' dir='ltr'><strong>Weitz.,</strong></span> <span class='ocrx_word' id='word_1_903' title='bbox 2623 5340 2759 5403; x_wconf 87' lang='lat' dir='ltr'><strong>Gis.,</strong></span> <span class='ocrx_word' id='word_1_904' title='bbox 2792 5338 2997 5402; x_wconf 71' lang='lat' dir='ltr'><strong>Ilt-ins.,</strong></span> <span class='ocrx_word' id='word_1_905' title='bbox 3026 5344 3284 5406; x_wconf 78' lang='lat' dir='ltr'><strong>monstret.</strong></span> 
     </span>
    </p>
   </div>
   <div class='ocr_carea' id='block_1_138' title="bbox 2032 5405 3531 5475">
    <p class='ocr_par' dir='ltr' id='par_1_138' title="bbox 2032 5405 3531 5475">
     <span class='ocr_line' id='line_1_139' title="bbox 2032 5405 3531 5475; baseline -0.006 -10"><span class='ocrx_word' id='word_1_906' title='bbox 2032 5409 2154 5465; x_wconf 85' lang='lat'>899.</span> <span class='ocrx_word' id='word_1_907' title='bbox 2190 5409 2310 5463; x_wconf 90' lang='lat' dir='ltr'><strong>Vat.</strong></span> <span class='ocrx_word' id='word_1_908' title='bbox 2335 5412 2399 5475; x_wconf 89' lang='lat' dir='ltr'><strong>A,</strong></span> <span class='ocrx_word' id='word_1_909' title='bbox 2427 5412 2629 5463; x_wconf 88' lang='lat' dir='ltr'><strong>tristitia</strong></span> <span class='ocrx_word' id='word_1_910' title='bbox 2658 5420 2704 5462; x_wconf 88' lang='lat' dir='ltr'><strong>et</strong></span> <span class='ocrx_word' id='word_1_911' title='bbox 2733 5408 2897 5461; x_wconf 89' lang='lat' dir='ltr'><strong>subita</strong></span> <span class='ocrx_word' id='word_1_912' title='bbox 2920 5422 3163 5474; x_wconf 69' lang='lat' dir='ltr'><strong>prarceps.</strong></span> <span class='ocrx_word' id='word_1_913' title='bbox 3196 5405 3326 5461; x_wconf 87' lang='lat' dir='ltr'><strong>Urb.</strong></span> <span class='ocrx_word' id='word_1_914' title='bbox 3352 5405 3531 5469; x_wconf 82' lang='lat' dir='ltr'><strong>tristis,</strong></span> 
     </span>
    </p>
   </div>
   <div class='ocr_carea' id='block_1_139' title="bbox 1959 5475 3532 5547">
    <p class='ocr_par' dir='ltr' id='par_1_139' title="bbox 1959 5475 3532 5547">
     <span class='ocr_line' id='line_1_140' title="bbox 1959 5475 3532 5547; baseline -0.004 -14"><span class='ocrx_word' id='word_1_915' title='bbox 1959 5492 2008 5533; x_wconf 84' lang='lat' dir='ltr'><strong>et</strong></span> <span class='ocrx_word' id='word_1_916' title='bbox 2048 5482 2101 5531; x_wconf 88' lang='lat' dir='ltr'><strong>in</strong></span> <span class='ocrx_word' id='word_1_917' title='bbox 2140 5479 2391 5543; x_wconf 89' lang='lat' dir='ltr'><strong>subitam,</strong></span> <span class='ocrx_word' id='word_1_918' title='bbox 2437 5479 2575 5547; x_wconf 87' lang='lat' dir='ltr'><strong>quod</strong></span> <span class='ocrx_word' id='word_1_919' title='bbox 2618 5494 2722 5531; x_wconf 91' lang='lat' dir='ltr'><strong>non</strong></span> <span class='ocrx_word' id='word_1_920' title='bbox 2753 5476 3014 5547; x_wconf 82' lang='lat' dir='ltr'><strong>displicet.</strong></span> <span class='ocrx_word' id='word_1_921' title='bbox 3068 5477 3167 5531; x_wconf 83' lang='lat' dir='ltr'><strong>Alii</strong></span> <span class='ocrx_word' id='word_1_922' title='bbox 3197 5475 3532 5544; x_wconf 79' lang='lat' dir='ltr'><strong>Charybdim,</strong></span> 
     </span>
    </p>
   </div>
   <div class='ocr_carea' id='block_1_140' title="bbox 1959 5545 3534 5620">
    <p class='ocr_par' dir='ltr' id='par_1_140' title="bbox 1959 5545 3534 5620">
     <span class='ocr_line' id='line_1_141' title="bbox 1959 5545 3534 5620; baseline -0.003 -18"><span class='ocrx_word' id='word_1_923' title='bbox 1959 5550 2045 5602; x_wconf 90' lang='lat' dir='ltr'><strong>alii</strong></span> <span class='ocrx_word' id='word_1_924' title='bbox 2074 5548 2392 5620; x_wconf 70' lang='lat' dir='ltr'><strong>Charybdem</strong></span> <span class='ocrx_word' id='word_1_925' title='bbox 2419 5545 2679 5620; x_wconf 54' lang='lat' dir='ltr'><strong>scribunt.</strong></span> <span class='ocrx_word' id='word_1_926' title='bbox 2729 5545 3005 5620; x_wconf 78' lang='lat' dir='ltr'><strong>Sententia</strong></span> <span class='ocrx_word' id='word_1_927' title='bbox 3034 5547 3312 5620; x_wconf 81' lang='lat' dir='ltr'><strong>desuInpta</strong></span> <span class='ocrx_word' id='word_1_928' title='bbox 3352 5553 3433 5602; x_wconf 89' lang='lat' dir='ltr'><strong>est</strong></span> <span class='ocrx_word' id='word_1_929' title='bbox 3469 5561 3534 5601; x_wconf 78' lang='lat' dir='ltr'><strong>ex</strong></span> 
     </span>
    </p>
   </div>
   <div class='ocr_carea' id='block_1_141' title="bbox 1962 5616 2971 5685">
    <p class='ocr_par' dir='ltr' id='par_1_141' title="bbox 1962 5616 2971 5685">
     <span class='ocr_line' id='line_1_142' title="bbox 1962 5616 2971 5685; baseline 0.002 -10"><span class='ocrx_word' id='word_1_930' title='bbox 1962 5620 2149 5676; x_wconf 88' lang='lat' dir='ltr'><strong>Matth.</strong></span> <span class='ocrx_word' id='word_1_931' title='bbox 2178 5616 2267 5685; x_wconf 81' lang='lat' dir='ltr'><strong>vit,</strong></span> <span class='ocrx_word' id='word_1_932' title='bbox 2301 5619 2455 5674; x_wconf 73' lang='lat' dir='ltr'><strong>Luca</strong></span> <span class='ocrx_word' id='word_1_933' title='bbox 2482 5632 2591 5685; x_wconf 81' lang='lat' dir='ltr'><strong>xui,</strong></span> <span class='ocrx_word' id='word_1_934' title='bbox 2621 5616 2832 5673; x_wconf 85' lang='lat' dir='ltr'><strong>Eccles.</strong></span> <span class='ocrx_word' id='word_1_935' title='bbox 2860 5632 2971 5684; x_wconf 67' lang='lat' dir='ltr'><strong>ut.</strong></span> 
     </span>
    </p>
   </div>
  </div>
