  <div class='ocr_page' id='page_1' title='image "/cluster/home/n/w/nwhite01/storage/ocr_20150623/60/hvd.32044054758677/144.png"; bbox 0 0 4052 6184; ppageno 0'>
   <div class='ocr_carea' id='block_1_1' title="bbox 249 290 354 354">
    <p class='ocr_par' dir='ltr' id='par_1_1' title="bbox 249 290 354 354">
     <span class='ocr_line' id='line_1_1' title="bbox 249 290 354 354; baseline -0.019 -2"><span class='ocrx_word' id='word_1_1' title='bbox 249 290 354 354; x_wconf 65' lang='lat'><strong>361</strong></span> 
     </span>
    </p>
   </div>
   <div class='ocr_carea' id='block_1_2' title="bbox 1489 492 1770 568">
    <p class='ocr_par' dir='ltr' id='par_1_2' title="bbox 1489 492 1770 568">
     <span class='ocr_line' id='line_1_2' title="bbox 1489 492 1770 568; baseline 0.007 -20"><span class='ocrx_word' id='word_1_2' title='bbox 1489 492 1596 568; x_wconf 85' lang='lat' dir='ltr'><strong>[rat</strong></span> <span class='ocrx_word' id='word_1_3' title='bbox 1619 509 1770 551; x_wconf 89' lang='lat' dir='ltr'><strong>error</strong></span> 
     </span>
    </p>
   </div>
   <div class='ocr_carea' id='block_1_3' title="bbox 437 581 1551 654">
    <p class='ocr_par' dir='ltr' id='par_1_3' title="bbox 437 581 1551 654">
     <span class='ocr_line' id='line_1_3' title="bbox 437 581 1551 654; baseline -0.004 -10"><span class='ocrx_word' id='word_1_4' title='bbox 437 582 714 649; x_wconf 74' lang='lat' dir='ltr'><strong>Fasclolis,</strong></span> <span class='ocrx_word' id='word_1_5' title='bbox 738 581 820 637; x_wconf 85' lang='lat' dir='ltr'><strong>vel</strong></span> <span class='ocrx_word' id='word_1_6' title='bbox 847 581 1058 653; x_wconf 70' lang='lat' dir='ltr'><strong>gallinae</strong></span> <span class='ocrx_word' id='word_1_7' title='bbox 1079 583 1329 652; x_wconf 84' lang='lat' dir='ltr'><strong>pulmone</strong></span> <span class='ocrx_word' id='word_1_8' title='bbox 1357 583 1551 654; x_wconf 86' lang='lat' dir='ltr'><strong>rigare,</strong></span> 
     </span>
    </p>
   </div>
   <div class='ocr_carea' id='block_1_4' title="bbox 436 672 1737 743">
    <p class='ocr_par' dir='ltr' id='par_1_4' title="bbox 436 672 1737 743">
     <span class='ocr_line' id='line_1_4' title="bbox 436 672 1737 743; baseline -0.003 -9"><span class='ocrx_word' id='word_1_9' title='bbox 436 673 742 743; x_wconf 75' lang='lat' dir='ltr'><strong>Frangitur,</strong></span> <span class='ocrx_word' id='word_1_10' title='bbox 768 681 822 727; x_wconf 92' lang='lat' dir='ltr'><strong>et</strong></span> <span class='ocrx_word' id='word_1_11' title='bbox 847 672 1006 727; x_wconf 82' lang='lat' dir='ltr'><strong>nullis</strong></span> <span class='ocrx_word' id='word_1_12' title='bbox 1035 673 1266 727; x_wconf 90' lang='lat' dir='ltr'><strong>violatur</strong></span> <span class='ocrx_word' id='word_1_13' title='bbox 1293 675 1553 731; x_wconf 85' lang='lat' dir='ltr'><strong>terminus</strong></span> <span class='ocrx_word' id='word_1_14' title='bbox 1579 675 1737 742; x_wconf 78' lang='lat' dir='ltr'><strong>extis,</strong></span> 
     </span>
    </p>
   </div>
   <div class='ocr_carea' id='block_1_5' title="bbox 439 762 1629 835">
    <p class='ocr_par' dir='ltr' id='par_1_5' title="bbox 439 762 1629 835">
     <span class='ocr_line' id='line_1_5' title="bbox 439 762 1629 835; baseline 0 -15"><span class='ocrx_word' id='word_1_15' title='bbox 439 766 526 835; x_wconf 85' lang='lat' dir='ltr'><strong>Et,</strong></span> <span class='ocrx_word' id='word_1_16' title='bbox 556 780 677 835; x_wconf 69' lang='lat' dir='ltr'><strong>quae</strong></span> <span class='ocrx_word' id='word_1_17' title='bbox 707 763 967 818; x_wconf 89' lang='lat' dir='ltr'><strong>fumiﬁcas</strong></span> <span class='ocrx_word' id='word_1_18' title='bbox 994 763 1155 820; x_wconf 87' lang='lat' dir='ltr'><strong>arbor</strong></span> <span class='ocrx_word' id='word_1_19' title='bbox 1177 762 1358 818; x_wconf 86' lang='lat' dir='ltr'><strong>vittata</strong></span> <span class='ocrx_word' id='word_1_20' title='bbox 1385 764 1629 820; x_wconf 81' lang='lat' dir='ltr'><strong>lucernas</strong></span> 
     </span>
    </p>
   </div>
   <div class='ocr_carea' id='block_1_6' title="bbox 261 853 1836 927">
    <p class='ocr_par' dir='ltr' id='par_1_6' title="bbox 261 853 1836 927">
     <span class='ocr_line' id='line_1_6' title="bbox 261 853 1836 927; baseline -0.002 -13"><span class='ocrx_word' id='word_1_21' title='bbox 261 856 404 920; x_wconf 81' lang='grc'><strong>1010</strong></span> <span class='ocrx_word' id='word_1_22' title='bbox 437 854 604 927; x_wconf 65' lang='lat'><strong>854</strong></span> <span class='ocrx_word' id='word_1_23' title='bbox 629 853 920 919; x_wconf 80' lang='lat' dir='ltr'><strong>Servabst,</strong></span> <span class='ocrx_word' id='word_1_24' title='bbox 954 853 1098 908; x_wconf 85' lang='lat' dir='ltr'><strong>cadit</strong></span> <span class='ocrx_word' id='word_1_25' title='bbox 1142 853 1320 908; x_wconf 89' lang='lat' dir='ltr'><strong>ultrici</strong></span> <span class='ocrx_word' id='word_1_26' title='bbox 1348 855 1558 910; x_wconf 83' lang='lat' dir='ltr'><strong>succisa</strong></span> <span class='ocrx_word' id='word_1_27' title='bbox 1597 856 1836 926; x_wconf 91' lang='lat' dir='ltr'><strong>bipenni.</strong></span> 
     </span>
    </p>
   </div>
   <div class='ocr_carea' id='block_1_7' title="bbox 442 943 1839 1018">
    <p class='ocr_par' dir='ltr' id='par_1_7' title="bbox 442 943 1839 1018">
     <span class='ocr_line' id='line_1_7' title="bbox 442 943 1839 1018; baseline -0.001 -15"><span class='ocrx_word' id='word_1_28' title='bbox 442 947 550 1006; x_wconf 80' lang='lat' dir='ltr'><strong>Nec</strong></span> <span class='ocrx_word' id='word_1_29' title='bbox 573 956 749 1003; x_wconf 83' lang='lat' dir='ltr'><strong>tamen</strong></span> <span class='ocrx_word' id='word_1_30' title='bbox 779 943 980 1000; x_wconf 88' lang='lat' dir='ltr'><strong>idcirco</strong></span> <span class='ocrx_word' id='word_1_31' title='bbox 1004 944 1179 998; x_wconf 85' lang='lat' dir='ltr'><strong>minor</strong></span> <span class='ocrx_word' id='word_1_32' title='bbox 1209 953 1295 1000; x_wconf 86' lang='lat' dir='ltr'><strong>est</strong></span> <span class='ocrx_word' id='word_1_33' title='bbox 1319 955 1410 1000; x_wconf 86' lang='lat' dir='ltr'><strong>aut</strong></span> <span class='ocrx_word' id='word_1_34' title='bbox 1437 948 1639 1002; x_wconf 86' lang='lat' dir='ltr'><strong>fructus</strong></span> <span class='ocrx_word' id='word_1_35' title='bbox 1659 947 1839 1018; x_wconf 85' lang='lat' dir='ltr'><strong>agelli,</strong></span> 
     </span>
    </p>
   </div>
   <div class='ocr_carea' id='block_1_8' title="bbox 445 1033 1607 1103">
    <p class='ocr_par' dir='ltr' id='par_1_8' title="bbox 445 1033 1607 1103">
     <span class='ocr_line' id='line_1_8' title="bbox 445 1033 1607 1103; baseline -0.002 -11"><span class='ocrx_word' id='word_1_36' title='bbox 445 1038 552 1095; x_wconf 77' lang='lat' dir='ltr'><strong>Aut</strong></span> <span class='ocrx_word' id='word_1_37' title='bbox 574 1033 912 1103; x_wconf 76' lang='lat' dir='ltr'><strong>tempestatis</strong></span> <span class='ocrx_word' id='word_1_38' title='bbox 937 1033 1215 1088; x_wconf 81' lang='lat' dir='ltr'><strong>clementia</strong></span> <span class='ocrx_word' id='word_1_39' title='bbox 1237 1035 1356 1090; x_wconf 73' lang='lat' dir='ltr'><strong>laeta</strong></span> <span class='ocrx_word' id='word_1_40' title='bbox 1383 1049 1607 1101; x_wconf 73' lang='lat' dir='ltr'><strong>serente,</strong></span> 
     </span>
    </p>
   </div>
   <div class='ocr_carea' id='block_1_9' title="bbox 445 1123 1840 1194">
    <p class='ocr_par' dir='ltr' id='par_1_9' title="bbox 445 1123 1840 1194">
     <span class='ocr_line' id='line_1_9' title="bbox 445 1123 1840 1194; baseline 0.001 -14"><span class='ocrx_word' id='word_1_41' title='bbox 445 1126 734 1194; x_wconf 79' lang='lat' dir='ltr'><strong>Temperet</strong></span> <span class='ocrx_word' id='word_1_42' title='bbox 757 1131 850 1180; x_wconf 89' lang='lat' dir='ltr'><strong>aut</strong></span> <span class='ocrx_word' id='word_1_43' title='bbox 879 1123 1088 1193; x_wconf 85' lang='lat' dir='ltr'><strong>pluvius</strong></span> <span class='ocrx_word' id='word_1_44' title='bbox 1116 1123 1204 1190; x_wconf 85' lang='lat' dir='ltr'><strong>qui</strong></span> <span class='ocrx_word' id='word_1_45' title='bbox 1225 1123 1366 1178; x_wconf 89' lang='lat' dir='ltr'><strong>culta</strong></span> <span class='ocrx_word' id='word_1_46' title='bbox 1395 1125 1604 1180; x_wconf 83' lang='lat' dir='ltr'><strong>novalia</strong></span> <span class='ocrx_word' id='word_1_47' title='bbox 1631 1135 1840 1181; x_wconf 82' lang='lat' dir='ltr'><strong>ventus.</strong></span> 
     </span>
    </p>
   </div>
   <div class='ocr_carea' id='block_1_10' title="bbox 446 1214 1843 1286">
    <p class='ocr_par' dir='ltr' id='par_1_10' title="bbox 446 1214 1843 1286">
     <span class='ocr_line' id='line_1_10' title="bbox 446 1214 1843 1286; baseline -0.001 -12"><span class='ocrx_word' id='word_1_48' title='bbox 446 1217 550 1274; x_wconf 86' lang='lat' dir='ltr'><strong>Sed</strong></span> <span class='ocrx_word' id='word_1_49' title='bbox 572 1231 673 1276; x_wconf 80' lang='lat' dir='ltr'><strong>nec</strong></span> <span class='ocrx_word' id='word_1_50' title='bbox 691 1229 886 1286; x_wconf 83' lang='lat' dir='ltr'><strong>magno</strong></span> <span class='ocrx_word' id='word_1_51' title='bbox 901 1229 1036 1286; x_wconf 91' lang='lat' dir='ltr'><strong>opus</strong></span> <span class='ocrx_word' id='word_1_52' title='bbox 1055 1223 1138 1270; x_wconf 81' lang='lat' dir='ltr'><strong>est</strong></span> <span class='ocrx_word' id='word_1_53' title='bbox 1153 1214 1291 1284; x_wconf 85' lang='lat' dir='ltr'><strong>frugi</strong></span> <span class='ocrx_word' id='word_1_54' title='bbox 1311 1216 1634 1283; x_wconf 79' lang='lat' dir='ltr'><strong>viventibus,</strong></span> <span class='ocrx_word' id='word_1_55' title='bbox 1652 1226 1843 1272; x_wconf 90' lang='lat' dir='ltr'><strong>etcum</strong></span> 
     </span>
    </p>
   </div>
   <div class='ocr_carea' id='block_1_11' title="bbox 267 1307 1846 1388">
    <p class='ocr_par' dir='ltr' id='par_1_11' title="bbox 267 1307 1846 1388">
     <span class='ocr_line' id='line_1_11' title="bbox 267 1307 1846 1388; baseline -0.001 -22"><span class='ocrx_word' id='word_1_56' title='bbox 267 1308 412 1366; x_wconf 82' lang='grc'><strong>1015</strong></span> <span class='ocrx_word' id='word_1_57' title='bbox 445 1308 676 1369; x_wconf 70' lang='lat' dir='ltr'><strong>Maxima</strong></span> <span class='ocrx_word' id='word_1_58' title='bbox 699 1307 1040 1378; x_wconf 90' lang='lat' dir='ltr'><strong>proveniunt,</strong></span> <span class='ocrx_word' id='word_1_59' title='bbox 1062 1321 1170 1363; x_wconf 88' lang='lat' dir='ltr'><strong>non</strong></span> <span class='ocrx_word' id='word_1_60' title='bbox 1191 1307 1370 1378; x_wconf 91' lang='lat' dir='ltr'><strong>amplo</strong></span> <span class='ocrx_word' id='word_1_61' title='bbox 1391 1307 1444 1363; x_wconf 91' lang='lat' dir='ltr'><strong>in</strong></span> <span class='ocrx_word' id='word_1_62' title='bbox 1466 1308 1846 1388; x_wconf 11' lang='lat' dir='ltr'><strong>gaudia‘censu</strong></span> 
     </span>
    </p>
   </div>
   <div class='ocr_carea' id='block_1_12' title="bbox 1330 281 2401 346">
    <p class='ocr_par' dir='ltr' id='par_1_12' title="bbox 1330 281 2401 346">
     <span class='ocr_line' id='line_1_12' title="bbox 1330 281 2401 346; baseline 0 -5"><span class='ocrx_word' id='word_1_63' title='bbox 1330 281 1532 342; x_wconf 77' lang='lat' dir='ltr'><strong>LIBER</strong></span> <span class='ocrx_word' id='word_1_64' title='bbox 1569 284 1612 341; x_wconf 85' lang='lat' dir='ltr'><strong>ll</strong></span> <span class='ocrx_word' id='word_1_65' title='bbox 1647 285 1920 344; x_wconf 79' lang='lat' dir='ltr'><strong>CthTRA</strong></span> <span class='ocrx_word' id='word_1_66' title='bbox 1953 285 2401 346; x_wconf 71' lang='lat' dir='ltr'><strong>SYMMACHUM.</strong></span> 
     </span>
    </p>
   </div>
   <div class='ocr_carea' id='block_1_13' title="bbox 438 400 1914 477">
    <p class='ocr_par' dir='ltr' id='par_1_13' title="bbox 438 400 1914 477">
     <span class='ocr_line' id='line_1_13' title="bbox 438 400 1914 477; baseline 0.004 -20"><span class='ocrx_word' id='word_1_67' title='bbox 438 402 602 476; x_wconf 69' lang='lat'><strong>853</strong></span> <span class='ocrx_word' id='word_1_68' title='bbox 627 400 684 458; x_wconf 79' lang='lat' dir='ltr'><strong>Si</strong></span> <span class='ocrx_word' id='word_1_69' title='bbox 713 400 862 459; x_wconf 80' lang='lat' dir='ltr'><strong>stetit</strong></span> <span class='ocrx_word' id='word_1_70' title='bbox 889 401 1169 474; x_wconf 84' lang='lat' dir='ltr'><strong>antiquus,</strong></span> <span class='ocrx_word' id='word_1_71' title='bbox 1215 414 1374 471; x_wconf 84' lang='lat' dir='ltr'><strong>quem</strong></span> <span class='ocrx_word' id='word_1_72' title='bbox 1395 402 1616 477; x_wconf 82' lang='lat' dir='ltr'><strong>cingere</strong></span> <span class='ocrx_word' id='word_1_73' title='bbox 1649 419 1840 462; x_wconf 41' lang='lat' dir='ltr'><strong>suevee</strong></span> <span class='ocrx_word' id='word_1_74' title='bbox 1864 411 1914 469; x_wconf 78' lang='grc' dir='ltr'>Α</span> 
     </span>
    </p>
   </div>
   <div class='ocr_carea' id='block_1_14' title="bbox 3407 286 3510 344">
    <p class='ocr_par' dir='ltr' id='par_1_14' title="bbox 3407 286 3510 344">
     <span class='ocr_line' id='line_1_14' title="bbox 3407 286 3510 344; baseline 0 -3"><span class='ocrx_word' id='word_1_75' title='bbox 3407 286 3510 344; x_wconf 76' lang='lat'><strong>9.62</strong></span> 
     </span>
    </p>
   </div>
   <div class='ocr_carea' id='block_1_15' title="bbox 2108 402 3512 474">
    <p class='ocr_par' dir='ltr' id='par_1_15' title="bbox 2108 402 3512 474">
     <span class='ocr_line' id='line_1_15' title="bbox 2108 402 3512 474; baseline -0.005 -14"><span class='ocrx_word' id='word_1_76' title='bbox 2108 404 2570 474; x_wconf 57' lang='lat' dir='ltr'><strong>Solvimurﬁnque</strong></span> <span class='ocrx_word' id='word_1_77' title='bbox 2582 403 2788 459; x_wconf 85' lang='lat' dir='ltr'><strong>lucrum</strong></span> <span class='ocrx_word' id='word_1_78' title='bbox 2801 402 2977 459; x_wconf 89' lang='lat' dir='ltr'><strong>studio</strong></span> <span class='ocrx_word' id='word_1_79' title='bbox 2992 403 3318 460; x_wconf 74' lang='lat' dir='ltr'><strong>exsultamus</strong></span> <span class='ocrx_word' id='word_1_80' title='bbox 3331 419 3512 461; x_wconf 81' lang='lat' dir='ltr'><strong>avaro.</strong></span> 
     </span>
    </p>
   </div>
   <div class='ocr_carea' id='block_1_16' title="bbox 2123 493 3516 566">
    <p class='ocr_par' dir='ltr' id='par_1_16' title="bbox 2123 493 3516 566">
     <span class='ocr_line' id='line_1_16' title="bbox 2123 493 3516 566; baseline -0.002 -17"><span class='ocrx_word' id='word_1_81' title='bbox 2123 495 2253 550; x_wconf 87' lang='lat' dir='ltr'><strong>Nam</strong></span> <span class='ocrx_word' id='word_1_82' title='bbox 2276 495 2466 566; x_wconf 89' lang='lat' dir='ltr'><strong>quibus</strong></span> <span class='ocrx_word' id='word_1_83' title='bbox 2489 505 2748 550; x_wconf 75' lang='lat' dir='ltr'><strong>tuternum</strong></span> <span class='ocrx_word' id='word_1_84' title='bbox 2771 509 2895 564; x_wconf 83' lang='lat' dir='ltr'><strong>spes</strong></span> <span class='ocrx_word' id='word_1_85' title='bbox 2918 495 3236 549; x_wconf 79' lang='lat' dir='ltr'><strong>informatur</strong></span> <span class='ocrx_word' id='word_1_86' title='bbox 3257 493 3516 560; x_wconf 72' lang='lat' dir='ltr'><strong>inmvum,</strong></span> 
     </span>
    </p>
   </div>
   <div class='ocr_carea' id='block_1_17' title="bbox 2120 585 3520 659">
    <p class='ocr_par' dir='ltr' id='par_1_17' title="bbox 2120 585 3520 659">
     <span class='ocr_line' id='line_1_17' title="bbox 2120 585 3520 659; baseline -0.001 -17"><span class='ocrx_word' id='word_1_87' title='bbox 2120 588 2289 642; x_wconf 80' lang='lat' dir='ltr'><strong>Omne</strong></span> <span class='ocrx_word' id='word_1_88' title='bbox 2320 587 2515 640; x_wconf 89' lang='lat' dir='ltr'><strong>bonum</strong></span> <span class='ocrx_word' id='word_1_89' title='bbox 2547 593 2705 641; x_wconf 87' lang='lat' dir='ltr'><strong>tenue</strong></span> <span class='ocrx_word' id='word_1_90' title='bbox 2747 595 2860 652; x_wconf 86' lang='lat' dir='ltr'><strong>est,</strong></span> <span class='ocrx_word' id='word_1_91' title='bbox 2892 586 3031 659; x_wconf 86' lang='lat' dir='ltr'><strong>quod</strong></span> <span class='ocrx_word' id='word_1_92' title='bbox 3059 599 3296 654; x_wconf 75' lang='lat' dir='ltr'><strong>pra-scus</strong></span> <span class='ocrx_word' id='word_1_93' title='bbox 3327 585 3520 655; x_wconf 83' lang='lat' dir='ltr'><strong>ingerit</strong></span> 
     </span>
    </p>
   </div>
   <div class='ocr_carea' id='block_1_18' title="bbox 3274 677 3444 738">
    <p class='ocr_par' dir='ltr' id='par_1_18' title="bbox 3274 677 3444 738">
     <span class='ocr_line' id='line_1_18' title="bbox 3274 677 3444 738; baseline 0.006 -9"><span class='ocrx_word' id='word_1_94' title='bbox 3274 677 3444 738; x_wconf 83' lang='lat' dir='ltr'><strong>[:ctas.</strong></span> 
     </span>
    </p>
   </div>
   <div class='ocr_carea' id='block_1_19' title="bbox 2119 767 3350 838">
    <p class='ocr_par' dir='ltr' id='par_1_19' title="bbox 2119 767 3350 838">
     <span class='ocr_line' id='line_1_19' title="bbox 2119 767 3350 838; baseline -0.001 -14"><span class='ocrx_word' id='word_1_95' title='bbox 2119 767 2164 824; x_wconf 92' lang='grc'><strong>0</strong></span> <span class='ocrx_word' id='word_1_96' title='bbox 2194 768 2318 824; x_wconf 81' lang='lat' dir='ltr'><strong>felix</strong></span> <span class='ocrx_word' id='word_1_97' title='bbox 2341 768 2561 823; x_wconf 89' lang='lat' dir='ltr'><strong>nimium</strong></span> <span class='ocrx_word' id='word_1_98' title='bbox 2593 767 2824 838; x_wconf 87' lang='lat' dir='ltr'><strong>sapiens,</strong></span> <span class='ocrx_word' id='word_1_99' title='bbox 2849 776 2903 823; x_wconf 91' lang='lat' dir='ltr'><strong>et</strong></span> <span class='ocrx_word' id='word_1_100' title='bbox 2927 769 3158 822; x_wconf 90' lang='lat' dir='ltr'><strong>rusticus</strong></span> <span class='ocrx_word' id='word_1_101' title='bbox 3185 767 3350 833; x_wconf 85' lang='lat' dir='ltr'><strong>idem,</strong></span> 
     </span>
    </p>
   </div>
   <div class='ocr_carea' id='block_1_20' title="bbox 1948 855 3519 928">
    <p class='ocr_par' dir='ltr' id='par_1_20' title="bbox 1948 855 3519 928">
     <span class='ocr_line' id='line_1_20' title="bbox 1948 855 3519 928; baseline 0 -16"><span class='ocrx_word' id='word_1_102' title='bbox 1948 855 2087 912; x_wconf 73' lang='lat'><strong>1020</strong></span> <span class='ocrx_word' id='word_1_103' title='bbox 2124 857 2222 925; x_wconf 83' lang='lat' dir='ltr'><strong>Qui</strong></span> <span class='ocrx_word' id='word_1_104' title='bbox 2243 867 2414 912; x_wconf 87' lang='lat' dir='ltr'><strong>terras</strong></span> <span class='ocrx_word' id='word_1_105' title='bbox 2425 859 2766 928; x_wconf 86' lang='lat' dir='ltr'><strong>animumque</strong></span> <span class='ocrx_word' id='word_1_106' title='bbox 2783 857 2985 922; x_wconf 88' lang='lat' dir='ltr'><strong>colens,</strong></span> <span class='ocrx_word' id='word_1_107' title='bbox 3005 858 3261 928; x_wconf 83' lang='lat' dir='ltr'><strong>impendit</strong></span> <span class='ocrx_word' id='word_1_108' title='bbox 3280 857 3519 926; x_wconf 85' lang='lat' dir='ltr'><strong>utrisque</strong></span> 
     </span>
    </p>
   </div>
   <div class='ocr_carea' id='block_1_21' title="bbox 2119 948 3519 1021">
    <p class='ocr_par' dir='ltr' id='par_1_21' title="bbox 2119 948 3519 1021">
     <span class='ocr_line' id='line_1_21' title="bbox 2119 948 3519 1021; baseline -0.001 -18"><span class='ocrx_word' id='word_1_109' title='bbox 2119 950 2309 1003; x_wconf 88' lang='lat' dir='ltr'><strong>Curam</strong></span> <span class='ocrx_word' id='word_1_110' title='bbox 2343 949 2648 1021; x_wconf 83' lang='lat' dir='ltr'><strong>pervigilem</strong></span> <span class='ocrx_word' id='word_1_111' title='bbox 2680 964 2695 1002; x_wconf 88' lang='lat'>:</span> <span class='ocrx_word' id='word_1_112' title='bbox 2722 949 2925 1016; x_wconf 78' lang='lat' dir='ltr'><strong>quales,</strong></span> <span class='ocrx_word' id='word_1_113' title='bbox 2956 963 3088 1018; x_wconf 87' lang='lat' dir='ltr'><strong>quos</strong></span> <span class='ocrx_word' id='word_1_114' title='bbox 3119 948 3303 1004; x_wconf 80' lang='lat' dir='ltr'><strong>imbuit</strong></span> <span class='ocrx_word' id='word_1_115' title='bbox 3332 960 3519 1003; x_wconf 85' lang='lat' dir='ltr'><strong>auctor</strong></span> 
     </span>
    </p>
   </div>
   <div class='ocr_carea' id='block_1_22' title="bbox 2117 1037 3516 1114">
    <p class='ocr_par' dir='ltr' id='par_1_22' title="bbox 2117 1037 3516 1114">
     <span class='ocr_line' id='line_1_22' title="bbox 2117 1037 3516 1114; baseline -0.001 -19"><span class='ocrx_word' id='word_1_116' title='bbox 2117 1042 2280 1114; x_wconf 80' lang='lat'><strong>855</strong></span> <span class='ocrx_word' id='word_1_117' title='bbox 2308 1040 2573 1105; x_wconf 78' lang='lat' dir='ltr'><strong>Christus,</strong></span> <span class='ocrx_word' id='word_1_118' title='bbox 2605 1048 2658 1095; x_wconf 93' lang='lat' dir='ltr'><strong>et</strong></span> <span class='ocrx_word' id='word_1_119' title='bbox 2687 1039 2972 1111; x_wconf 84' lang='lat' dir='ltr'><strong>assumptis</strong></span> <span class='ocrx_word' id='word_1_120' title='bbox 3001 1037 3142 1094; x_wconf 80' lang='lat' dir='ltr'><strong>dedit</strong></span> <span class='ocrx_word' id='word_1_121' title='bbox 3175 1038 3288 1095; x_wconf 74' lang='lat' dir='ltr'><strong>lucc</strong></span> <span class='ocrx_word' id='word_1_122' title='bbox 3315 1051 3516 1106; x_wconf 79' lang='lat' dir='ltr'><strong>praece-</strong></span> 
     </span>
    </p>
   </div>
   <div class='ocr_carea' id='block_1_23' title="bbox 3079 1127 3445 1199">
    <p class='ocr_par' dir='ltr' id='par_1_23' title="bbox 3079 1127 3445 1199">
     <span class='ocr_line' id='line_1_23' title="bbox 3079 1127 3445 1199; baseline 0 -21"><span class='ocrx_word' id='word_1_123' title='bbox 3079 1127 3190 1199; x_wconf 85' lang='lat' dir='ltr'><strong>[pla</strong></span> <span class='ocrx_word' id='word_1_124' title='bbox 3219 1127 3445 1180; x_wconf 90' lang='lat' dir='ltr'><strong>colonis.</strong></span> 
     </span>
    </p>
   </div>
   <div class='ocr_carea' id='block_1_24' title="bbox 2121 1218 3418 1283">
    <p class='ocr_par' dir='ltr' id='par_1_24' title="bbox 2121 1218 3418 1283">
     <span class='ocr_line' id='line_1_24' title="bbox 2121 1218 3418 1283; baseline -0.004 -7"><span class='ocrx_word' id='word_1_125' title='bbox 2121 1220 2338 1276; x_wconf 84' lang='lat' dir='ltr'><strong>Semina</strong></span> <span class='ocrx_word' id='word_1_126' title='bbox 2361 1235 2481 1278; x_wconf 90' lang='lat' dir='ltr'><strong>cum</strong></span> <span class='ocrx_word' id='word_1_127' title='bbox 2514 1220 2677 1275; x_wconf 83' lang='lat' dir='ltr'><strong>sulcis</strong></span> <span class='ocrx_word' id='word_1_128' title='bbox 2709 1218 3059 1283; x_wconf 84' lang='lat' dir='ltr'><strong>committitis,</strong></span> <span class='ocrx_word' id='word_1_129' title='bbox 3086 1232 3211 1272; x_wconf 84' lang='lat' dir='ltr'><strong>arva</strong></span> <span class='ocrx_word' id='word_1_130' title='bbox 3235 1225 3418 1274; x_wconf 75' lang='lat' dir='ltr'><strong>cavete</strong></span> 
     </span>
    </p>
   </div>
   <div class='ocr_carea' id='block_1_25' title="bbox 2126 1309 3283 1388">
    <p class='ocr_par' dir='ltr' id='par_1_25' title="bbox 2126 1309 3283 1388">
     <span class='ocr_line' id='line_1_25' title="bbox 2126 1309 3283 1388; baseline 0 -20"><span class='ocrx_word' id='word_1_131' title='bbox 2126 1314 2262 1369; x_wconf 90' lang='lat' dir='ltr'><strong>Dura</strong></span> <span class='ocrx_word' id='word_1_132' title='bbox 2293 1313 2592 1388; x_wconf 83' lang='lat' dir='ltr'><strong>lapillorum</strong></span> <span class='ocrx_word' id='word_1_133' title='bbox 2625 1315 2815 1381; x_wconf 88' lang='lat' dir='ltr'><strong>macie,</strong></span> <span class='ocrx_word' id='word_1_134' title='bbox 2849 1327 2914 1368; x_wconf 85' lang='lat' dir='ltr'><strong>ne</strong></span> <span class='ocrx_word' id='word_1_135' title='bbox 2941 1309 3149 1371; x_wconf 86' lang='lat' dir='ltr'><strong>decidat</strong></span> <span class='ocrx_word' id='word_1_136' title='bbox 3176 1310 3283 1368; x_wconf 88' lang='lat' dir='ltr'><strong>illic</strong></span> 
     </span>
    </p>
   </div>
   <div class='ocr_carea' id='block_1_26' title="bbox 1605 1439 2268 1506">
    <p class='ocr_par' dir='ltr' id='par_1_26' title="bbox 1605 1439 2268 1506">
     <span class='ocr_line' id='line_1_26' title="bbox 1605 1439 2268 1506; baseline 0 -6"><span class='ocrx_word' id='word_1_137' title='bbox 1605 1439 1887 1500; x_wconf 65' lang='lat' dir='ltr'><strong>GLOSSIE</strong></span> <span class='ocrx_word' id='word_1_138' title='bbox 1928 1444 2268 1506; x_wconf 75' lang='lat' dir='ltr'><strong>VETERES.</strong></span> 
     </span>
    </p>
   </div>
   <div class='ocr_carea' id='block_1_27' title="bbox 339 1549 1112 1624">
    <p class='ocr_par' dir='ltr' id='par_1_27' title="bbox 339 1549 1112 1624">
     <span class='ocr_line' id='line_1_27' title="bbox 339 1549 1112 1624; baseline -0.012 -12"><span class='ocrx_word' id='word_1_139' title='bbox 339 1555 504 1612; x_wconf 84' lang='lat'><strong>1007.</strong></span> <span class='ocrx_word' id='word_1_140' title='bbox 527 1553 742 1624; x_wconf 81' lang='lat' dir='ltr'><strong>Rigare,</strong></span> <span class='ocrx_word' id='word_1_141' title='bbox 770 1550 996 1624; x_wconf 83' lang='lat' dir='ltr'><strong>placare,</strong></span> <span class='ocrx_word' id='word_1_142' title='bbox 1020 1549 1062 1608; x_wconf 92' lang='lat' dir='ltr'><strong>l.</strong></span> <span class='ocrx_word' id='word_1_143' title='bbox 1107 1557 1112 1561; x_wconf 87' lang='lat'><strong><em>&#39;</em></strong></span> 
     </span>
    </p>
   </div>
   <div class='ocr_carea' id='block_1_28' title="bbox 338 1619 1839 1690">
    <p class='ocr_par' dir='ltr' id='par_1_28' title="bbox 338 1619 1839 1690">
     <span class='ocr_line' id='line_1_28' title="bbox 338 1619 1839 1690; baseline -0.003 -10"><span class='ocrx_word' id='word_1_144' title='bbox 338 1625 504 1680; x_wconf 83' lang='lat'><strong>1008.</strong></span> <span class='ocrx_word' id='word_1_145' title='bbox 523 1619 830 1687; x_wconf 65' lang='lat' dir='ltr'><strong>Terminus,</strong></span> <span class='ocrx_word' id='word_1_146' title='bbox 859 1622 1018 1674; x_wconf 85' lang='lat' dir='ltr'><strong>limes.</strong></span> <span class='ocrx_word' id='word_1_147' title='bbox 1045 1648 1116 1662; x_wconf 86' lang='lat'><strong>-——</strong></span> <span class='ocrx_word' id='word_1_148' title='bbox 1137 1619 1308 1685; x_wconf 77' lang='lat' dir='ltr'><strong>Extis,</strong></span> <span class='ocrx_word' id='word_1_149' title='bbox 1332 1619 1385 1673; x_wconf 86' lang='lat' dir='ltr'><strong>in</strong></span> <span class='ocrx_word' id='word_1_150' title='bbox 1407 1619 1768 1690; x_wconf 69' lang='lat' dir='ltr'><strong>sacrificando,</strong></span> <span class='ocrx_word' id='word_1_151' title='bbox 1797 1621 1839 1676; x_wconf 93' lang='grc'><strong>1.</strong></span> 
     </span>
    </p>
   </div>
   <div class='ocr_carea' id='block_1_29' title="bbox 342 1690 1136 1762">
    <p class='ocr_par' dir='ltr' id='par_1_29' title="bbox 342 1690 1136 1762">
     <span class='ocr_line' id='line_1_29' title="bbox 342 1690 1136 1762; baseline -0.009 -10"><span class='ocrx_word' id='word_1_152' title='bbox 342 1695 502 1752; x_wconf 78' lang='lat'><strong>1010.</strong></span> <span class='ocrx_word' id='word_1_153' title='bbox 527 1694 774 1762; x_wconf 82' lang='lat' dir='ltr'><strong>Bipenni,</strong></span> <span class='ocrx_word' id='word_1_154' title='bbox 806 1691 1066 1756; x_wconf 83' lang='lat' dir='ltr'><strong>delatura,</strong></span> <span class='ocrx_word' id='word_1_155' title='bbox 1095 1690 1136 1746; x_wconf 88' lang='lat' dir='ltr'><strong>l.</strong></span> 
     </span>
    </p>
   </div>
   <div class='ocr_carea' id='block_1_30' title="bbox 343 1759 1772 1831">
    <p class='ocr_par' dir='ltr' id='par_1_30' title="bbox 343 1759 1772 1831">
     <span class='ocr_line' id='line_1_30' title="bbox 343 1759 1772 1831; baseline -0.003 -11"><span class='ocrx_word' id='word_1_156' title='bbox 343 1765 504 1825; x_wconf 76' lang='lat'><strong>1012.</strong></span> <span class='ocrx_word' id='word_1_157' title='bbox 527 1759 905 1831; x_wconf 77' lang='lat' dir='ltr'><strong>Tempestatis,</strong></span> <span class='ocrx_word' id='word_1_158' title='bbox 929 1776 1089 1817; x_wconf 73' lang='lat' dir='ltr'><strong>aui-te.</strong></span> <span class='ocrx_word' id='word_1_159' title='bbox 1123 1789 1194 1802; x_wconf 85' lang='lat'><strong>--</strong></span> <span class='ocrx_word' id='word_1_160' title='bbox 1213 1759 1451 1831; x_wconf 69' lang='lat' dir='ltr'><strong>serente,</strong></span> <span class='ocrx_word' id='word_1_161' title='bbox 1477 1775 1640 1831; x_wconf 72' lang='lat' dir='ltr'><strong>parte.</strong></span> <span class='ocrx_word' id='word_1_162' title='bbox 1671 1760 1772 1815; x_wconf 87' lang='lat' dir='ltr'><strong>lso.</strong></span> 
     </span>
    </p>
   </div>
   <div class='ocr_carea' id='block_1_31' title="bbox 343 1829 1849 1906">
    <p class='ocr_par' dir='ltr' id='par_1_31' title="bbox 343 1829 1849 1906">
     <span class='ocr_line' id='line_1_31' title="bbox 343 1829 1849 1906; baseline -0.004 -16"><span class='ocrx_word' id='word_1_163' title='bbox 343 1836 507 1895; x_wconf 75' lang='grc'><strong>1011.</strong></span> <span class='ocrx_word' id='word_1_164' title='bbox 529 1829 721 1906; x_wconf 71' lang='lat' dir='ltr'><strong>Magno</strong></span> <span class='ocrx_word' id='word_1_165' title='bbox 744 1871 761 1897; x_wconf 90' lang='lat'><strong>.</strong></span> <span class='ocrx_word' id='word_1_166' title='bbox 807 1831 1066 1900; x_wconf 83' lang='lat' dir='ltr'><strong>alimento,</strong></span> <span class='ocrx_word' id='word_1_167' title='bbox 1089 1845 1164 1890; x_wconf 86' lang='lat' dir='ltr'><strong>re.</strong></span> <span class='ocrx_word' id='word_1_168' title='bbox 1185 1859 1256 1874; x_wconf 83' lang='lat'><strong>--</strong></span> <span class='ocrx_word' id='word_1_169' title='bbox 1277 1829 1436 1900; x_wconf 85' lang='lat' dir='ltr'><strong>Frugi</strong></span> <span class='ocrx_word' id='word_1_170' title='bbox 1460 1870 1477 1897; x_wconf 90' lang='lat'><strong>,</strong></span> <span class='ocrx_word' id='word_1_171' title='bbox 1517 1830 1849 1898; x_wconf 73' lang='lat' dir='ltr'><strong>abstinenter,</strong></span> 
     </span>
    </p>
   </div>
   <div class='ocr_carea' id='block_1_32' title="bbox 1948 1556 2288 1626">
    <p class='ocr_par' dir='ltr' id='par_1_32' title="bbox 1948 1556 2288 1626">
     <span class='ocr_line' id='line_1_32' title="bbox 1948 1556 2288 1626; baseline 0.009 -17"><span class='ocrx_word' id='word_1_172' title='bbox 1948 1556 2027 1610; x_wconf 87' lang='lat' dir='ltr'><strong>vel</strong></span> <span class='ocrx_word' id='word_1_173' title='bbox 2051 1575 2220 1626; x_wconf 87' lang='lat' dir='ltr'><strong>parce,</strong></span> <span class='ocrx_word' id='word_1_174' title='bbox 2249 1559 2288 1612; x_wconf 92' lang='grc' dir='ltr'><strong>ῐ.</strong></span> 
     </span>
    </p>
   </div>
   <div class='ocr_carea' id='block_1_33' title="bbox 2025 1629 3167 1699">
    <p class='ocr_par' dir='ltr' id='par_1_33' title="bbox 2025 1629 3167 1699">
     <span class='ocr_line' id='line_1_33' title="bbox 2025 1629 3167 1699; baseline 0.001 -16"><span class='ocrx_word' id='word_1_175' title='bbox 2025 1629 2180 1699; x_wconf 76' lang='grc'><strong>1020.</strong></span> <span class='ocrx_word' id='word_1_176' title='bbox 2210 1630 2476 1699; x_wconf 84' lang='lat' dir='ltr'><strong>Utrisque,</strong></span> <span class='ocrx_word' id='word_1_177' title='bbox 2501 1631 2712 1684; x_wconf 84' lang='lat' dir='ltr'><strong>terrenis</strong></span> <span class='ocrx_word' id='word_1_178' title='bbox 2729 1639 2778 1684; x_wconf 87' lang='lat' dir='ltr'><strong>et</strong></span> <span class='ocrx_word' id='word_1_179' title='bbox 2804 1630 3101 1695; x_wconf 73' lang='lat' dir='ltr'><strong>caelestibus,</strong></span> <span class='ocrx_word' id='word_1_180' title='bbox 3125 1630 3167 1684; x_wconf 91' lang='lat' dir='ltr'><strong>l.</strong></span> 
     </span>
    </p>
   </div>
   <div class='ocr_carea' id='block_1_34' title="bbox 2027 1697 3468 1772">
    <p class='ocr_par' dir='ltr' id='par_1_34' title="bbox 2027 1697 3468 1772">
     <span class='ocr_line' id='line_1_34' title="bbox 2027 1697 3468 1772; baseline 0.003 -20"><span class='ocrx_word' id='word_1_181' title='bbox 2027 1697 2181 1772; x_wconf 57' lang='lat'><strong>102:}.</strong></span> <span class='ocrx_word' id='word_1_182' title='bbox 2215 1697 2531 1772; x_wconf 48' lang='lat' dir='ltr'><strong>assumptis.</strong></span> <span class='ocrx_word' id='word_1_183' title='bbox 2559 1700 2749 1772; x_wconf 77' lang='lat' dir='ltr'><strong>elecis.</strong></span> <span class='ocrx_word' id='word_1_184' title='bbox 2780 1730 2849 1741; x_wconf 90' lang='lat'><strong>——</strong></span> <span class='ocrx_word' id='word_1_185' title='bbox 2867 1699 3108 1767; x_wconf 82' lang='lat' dir='ltr'><strong>Colonis,</strong></span> <span class='ocrx_word' id='word_1_186' title='bbox 3133 1701 3399 1772; x_wconf 83' lang='lat' dir='ltr'><strong>apostolis,</strong></span> <span class='ocrx_word' id='word_1_187' title='bbox 3427 1701 3468 1756; x_wconf 94' lang='lat' dir='ltr'><strong>l.</strong></span> 
     </span>
    </p>
   </div>
   <div class='ocr_carea' id='block_1_35' title="bbox 2029 1768 2714 1838">
    <p class='ocr_par' dir='ltr' id='par_1_35' title="bbox 2029 1768 2714 1838">
     <span class='ocr_line' id='line_1_35' title="bbox 2029 1768 2714 1838; baseline 0.003 -16"><span class='ocrx_word' id='word_1_188' title='bbox 2029 1768 2184 1825; x_wconf 72' lang='lat'><strong>1025.</strong></span> <span class='ocrx_word' id='word_1_189' title='bbox 2217 1769 2432 1838; x_wconf 83' lang='lat' dir='ltr'><strong>Cavete,</strong></span> <span class='ocrx_word' id='word_1_190' title='bbox 2468 1771 2641 1835; x_wconf 78' lang='lat' dir='ltr'><strong>vitate,</strong></span> <span class='ocrx_word' id='word_1_191' title='bbox 2677 1770 2714 1824; x_wconf 94' lang='grc' dir='ltr'><strong>Ι.</strong></span> 
     </span>
    </p>
   </div>
   <div class='ocr_carea' id='block_1_36' title="bbox 1629 1938 2186 1996">
    <p class='ocr_par' dir='ltr' id='par_1_36' title="bbox 1629 1938 2186 1996">
     <span class='ocr_line' id='line_1_36' title="bbox 1629 1938 2186 1996; baseline -0.002 0"><span class='ocrx_word' id='word_1_192' title='bbox 1629 1938 2186 1996; x_wconf 72' lang='lat' dir='ltr'><strong>COMMENTARIUS.</strong></span> 
     </span>
    </p>
   </div>
   <div class='ocr_carea' id='block_1_37' title="bbox 277 2018 3524 2124">
    <p class='ocr_par' dir='ltr' id='par_1_37' title="bbox 277 2018 3524 2124">
     <span class='ocr_line' id='line_1_37' title="bbox 277 2018 3524 2124; baseline -0.002 -11"><span class='ocrx_word' id='word_1_193' title='bbox 277 2071 342 2114; x_wconf 83' lang='lat' dir='ltr'><strong>ac</strong></span> <span class='ocrx_word' id='word_1_194' title='bbox 371 2056 602 2124; x_wconf 78' lang='lat' dir='ltr'><strong>fortasse</strong></span> <span class='ocrx_word' id='word_1_195' title='bbox 637 2059 762 2106; x_wconf 89' lang='lat' dir='ltr'><strong>sunt</strong></span> <span class='ocrx_word' id='word_1_196' title='bbox 794 2050 902 2124; x_wconf 88' lang='lat' dir='ltr'><strong>_illi_</strong></span> <span class='ocrx_word' id='word_1_197' title='bbox 925 2049 1026 2124; x_wconf 81' lang='lat' dir='ltr'><strong>ipsi</strong></span> <span class='ocrx_word' id='word_1_198' title='bbox 1057 2048 1233 2124; x_wconf 81' lang='lat' dir='ltr'><strong>acervi</strong></span> <span class='ocrx_word' id='word_1_199' title='bbox 1252 2048 1332 2124; x_wconf 92' lang='lat' dir='ltr'><strong>_de</strong></span> <span class='ocrx_word' id='word_1_200' title='bbox 1361 2048 1550 2118; x_wconf 87' lang='lat' dir='ltr'><strong>quibus</strong></span> <span class='ocrx_word' id='word_1_201' title='bbox 1588 2051 1846 2124; x_wconf 86' lang='lat' dir='ltr'><strong>_P_roverb.</strong></span> <span class='ocrx_word' id='word_1_202' title='bbox 1880 2056 1928 2117; x_wconf 86' lang='lat' dir='ltr'><strong>B</strong></span> <span class='ocrx_word' id='word_1_203' title='bbox 1957 2052 2044 2106; x_wconf 89' lang='lat' dir='ltr'><strong>illa</strong></span> <span class='ocrx_word' id='word_1_204' title='bbox 2073 2060 2156 2106; x_wconf 83' lang='lat' dir='ltr'><strong>est</strong></span> <span class='ocrx_word' id='word_1_205' title='bbox 2187 2064 2414 2124; x_wconf 73' lang='lat' dir='ltr'><strong>quercus</strong></span> <span class='ocrx_word' id='word_1_206' title='bbox 2443 2066 2470 2105; x_wconf 87' lang='lat' dir='ltr'><strong>a</strong></span> <span class='ocrx_word' id='word_1_207' title='bbox 2495 2051 2710 2124; x_wconf 83' lang='lat' dir='ltr'><strong>Lucano</strong></span> <span class='ocrx_word' id='word_1_208' title='bbox 2736 2018 3025 2121; x_wconf 84' lang='lat' dir='ltr'><strong>descripta,</strong></span> <span class='ocrx_word' id='word_1_209' title='bbox 3045 2063 3097 2110; x_wconf 92' lang='lat' dir='ltr'><strong>et</strong></span> <span class='ocrx_word' id='word_1_210' title='bbox 3122 2055 3206 2113; x_wconf 90' lang='lat' dir='ltr'><strong>cui</strong></span> <span class='ocrx_word' id='word_1_211' title='bbox 3241 2055 3524 2124; x_wconf 59' lang='lat' dir='ltr'><strong>Pompeius</strong></span> 
     </span>
    </p>
   </div>
   <div class='ocr_carea' id='block_1_38' title="bbox 277 2119 1845 2194">
    <p class='ocr_par' dir='ltr' id='par_1_38' title="bbox 277 2119 1845 2194">
     <span class='ocr_line' id='line_1_38' title="bbox 277 2119 1845 2194; baseline -0.008 -12"><span class='ocrx_word' id='word_1_212' title='bbox 277 2143 425 2194; x_wconf 78' lang='lat' dir='ltr'><strong>xxvi,</strong></span> <span class='ocrx_word' id='word_1_213' title='bbox 448 2126 516 2180; x_wconf 90' lang='lat'><strong>8:</strong></span> <span class='ocrx_word' id='word_1_214' title='bbox 545 2123 690 2194; x_wconf 80' lang='lat' dir='ltr'><strong>Sicut</strong></span> <span class='ocrx_word' id='word_1_215' title='bbox 718 2121 981 2194; x_wconf 81' lang='lat' dir='ltr'><strong>qui_mit_ti_t</strong></span> <span class='ocrx_word' id='word_1_216' title='bbox 1003 2119 1298 2194; x_wconf 84' lang='lat' dir='ltr'><strong>lapidem_i_n</strong></span> <span class='ocrx_word' id='word_1_217' title='bbox 1323 2135 1556 2194; x_wconf 77' lang='lat' dir='ltr'><strong>acervum</strong></span> <span class='ocrx_word' id='word_1_218' title='bbox 1579 2119 1845 2194; x_wconf 75' lang='lat' dir='ltr'><strong>Mercurii,</strong></span> 
     </span>
    </p>
   </div>
   <div class='ocr_carea' id='block_1_39' title="bbox 277 2188 1848 2262">
    <p class='ocr_par' dir='ltr' id='par_1_39' title="bbox 277 2188 1848 2262">
     <span class='ocr_line' id='line_1_39' title="bbox 277 2188 1848 2262; baseline -0.004 -10"><span class='ocrx_word' id='word_1_219' title='bbox 277 2199 350 2252; x_wconf 88' lang='lat' dir='ltr'><strong>ita</strong></span> <span class='ocrx_word' id='word_1_220' title='bbox 371 2188 458 2259; x_wconf 81' lang='lat' dir='ltr'><strong>qui</strong></span> <span class='ocrx_word' id='word_1_221' title='bbox 480 2194 656 2248; x_wconf 82' lang='lat' dir='ltr'><strong>tribuit</strong></span> <span class='ocrx_word' id='word_1_222' title='bbox 675 2188 929 2262; x_wconf 78' lang='lat' dir='ltr'><strong>insipienti</strong></span> <span class='ocrx_word' id='word_1_223' title='bbox 947 2188 1210 2262; x_wconf 79' lang='lat' dir='ltr'><strong>honorem.</strong></span> <span class='ocrx_word' id='word_1_224' title='bbox 1225 2188 1545 2262; x_wconf 83' lang='lat' dir='ltr'><strong>Nonnullam</strong></span> <span class='ocrx_word' id='word_1_225' title='bbox 1565 2192 1848 2262; x_wconf 77' lang='lat' dir='ltr'><strong>vestigium</strong></span> 
     </span>
    </p>
   </div>
   <div class='ocr_carea' id='block_1_40' title="bbox 281 2259 1846 2335">
    <p class='ocr_par' dir='ltr' id='par_1_40' title="bbox 281 2259 1846 2335">
     <span class='ocr_line' id='line_1_40' title="bbox 281 2259 1846 2335; baseline -0.004 -13"><span class='ocrx_word' id='word_1_226' title='bbox 281 2268 442 2335; x_wconf 85' lang='lat' dir='ltr'><strong>hujus</strong></span> <span class='ocrx_word' id='word_1_227' title='bbox 479 2261 871 2335; x_wconf 83' lang='lat' dir='ltr'><strong>superstitionis</strong></span> <span class='ocrx_word' id='word_1_228' title='bbox 901 2260 1119 2335; x_wconf 75' lang='lat' dir='ltr'><strong>memini</strong></span> <span class='ocrx_word' id='word_1_229' title='bbox 1166 2259 1544 2335; x_wconf 79' lang='lat' dir='ltr'><strong>me_videre__in</strong></span> <span class='ocrx_word' id='word_1_230' title='bbox 1576 2259 1846 2335; x_wconf 78' lang='lat' dir='ltr'><strong>Hispania.</strong></span> 
     </span>
    </p>
   </div>
   <div class='ocr_carea' id='block_1_41' title="bbox 280 2328 1845 2396">
    <p class='ocr_par' dir='ltr' id='par_1_41' title="bbox 280 2328 1845 2396">
     <span class='ocr_line' id='line_1_41' title="bbox 280 2328 1845 2396; baseline -0.004 -6"><span class='ocrx_word' id='word_1_231' title='bbox 280 2328 495 2390; x_wconf 71' lang='lat' dir='ltr'><strong>Variam</strong></span> <span class='ocrx_word' id='word_1_232' title='bbox 522 2328 688 2388; x_wconf 80' lang='lat' dir='ltr'><strong>fuisse</strong></span> <span class='ocrx_word' id='word_1_233' title='bbox 726 2328 1162 2386; x_wconf 87' lang='lat' dir='ltr'><strong>consuetudinem</strong></span> <span class='ocrx_word' id='word_1_234' title='bbox 1195 2329 1499 2384; x_wconf 89' lang='lat' dir='ltr'><strong>celebrandi</strong></span> <span class='ocrx_word' id='word_1_235' title='bbox 1526 2328 1845 2396; x_wconf 75' lang='lat' dir='ltr'><strong>terminalis,</strong></span> 
     </span>
    </p>
   </div>
   <div class='ocr_carea' id='block_1_42' title="bbox 278 2398 1851 2471">
    <p class='ocr_par' dir='ltr' id='par_1_42' title="bbox 278 2398 1851 2471">
     <span class='ocr_line' id='line_1_42' title="bbox 278 2398 1851 2471; baseline -0.004 -11"><span class='ocrx_word' id='word_1_236' title='bbox 278 2407 364 2462; x_wconf 74' lang='lat' dir='ltr'><strong>vel</strong></span> <span class='ocrx_word' id='word_1_237' title='bbox 392 2420 460 2460; x_wconf 80' lang='lat' dir='ltr'><strong>ex</strong></span> <span class='ocrx_word' id='word_1_238' title='bbox 491 2405 607 2471; x_wconf 89' lang='lat' dir='ltr'><strong>ipso</strong></span> <span class='ocrx_word' id='word_1_239' title='bbox 642 2401 819 2457; x_wconf 91' lang='lat' dir='ltr'><strong>Siculo</strong></span> <span class='ocrx_word' id='word_1_240' title='bbox 841 2401 1030 2455; x_wconf 80' lang='lat' dir='ltr'><strong>Flacco</strong></span> <span class='ocrx_word' id='word_1_241' title='bbox 1054 2407 1196 2468; x_wconf 87' lang='lat' dir='ltr'><strong>patet</strong></span> <span class='ocrx_word' id='word_1_242' title='bbox 1221 2416 1234 2451; x_wconf 91' lang='lat'>:</span> <span class='ocrx_word' id='word_1_243' title='bbox 1263 2398 1428 2453; x_wconf 80' lang='lat' dir='ltr'><strong>Favos</strong></span> <span class='ocrx_word' id='word_1_244' title='bbox 1454 2415 1672 2468; x_wconf 87' lang='lat' dir='ltr'><strong>quoque,</strong></span> <span class='ocrx_word' id='word_1_245' title='bbox 1707 2409 1750 2454; x_wconf 91' lang='lat' dir='ltr'><strong>et</strong></span> <span class='ocrx_word' id='word_1_246' title='bbox 1776 2403 1851 2454; x_wconf 86' lang='lat' dir='ltr'><strong>vi-</strong></span> 
     </span>
    </p>
   </div>
   <div class='ocr_carea' id='block_1_43' title="bbox 279 2471 1852 2542">
    <p class='ocr_par' dir='ltr' id='par_1_43' title="bbox 279 2471 1852 2542">
     <span class='ocr_line' id='line_1_43' title="bbox 279 2471 1852 2542; baseline -0.005 -12"><span class='ocrx_word' id='word_1_247' title='bbox 279 2493 429 2542; x_wconf 72' lang='lat' dir='ltr'><strong>uum,</strong></span> <span class='ocrx_word' id='word_1_248' title='bbox 451 2475 681 2542; x_wconf 87' lang='lat' dir='ltr'><strong>aliaque,</strong></span> <span class='ocrx_word' id='word_1_249' title='bbox 706 2471 886 2542; x_wconf 81' lang='lat' dir='ltr'><strong>quibus</strong></span> <span class='ocrx_word' id='word_1_250' title='bbox 922 2478 1029 2542; x_wconf 80' lang='lat' dir='ltr'><strong>erat</strong></span> <span class='ocrx_word' id='word_1_251' title='bbox 1064 2471 1372 2542; x_wconf 67' lang='lat' dir='ltr'><strong>consuetudo</strong></span> <span class='ocrx_word' id='word_1_252' title='bbox 1400 2471 1625 2542; x_wconf 79' lang='lat' dir='ltr'><strong>terminis</strong></span> <span class='ocrx_word' id='word_1_253' title='bbox 1650 2487 1852 2542; x_wconf 81' lang='lat' dir='ltr'><strong>sacrum</strong></span> 
     </span>
    </p>
   </div>
   <div class='ocr_carea' id='block_1_44' title="bbox 277 2538 1850 2613">
    <p class='ocr_par' dir='ltr' id='par_1_44' title="bbox 277 2538 1850 2613">
     <span class='ocr_line' id='line_1_44' title="bbox 277 2538 1850 2613; baseline -0.004 -13"><span class='ocrx_word' id='word_1_254' title='bbox 277 2538 437 2613; x_wconf 68' lang='lat' dir='ltr'><strong>ﬁeri,</strong></span> <span class='ocrx_word' id='word_1_255' title='bbox 480 2546 535 2598; x_wconf 78' lang='lat' dir='ltr'><strong>in</strong></span> <span class='ocrx_word' id='word_1_256' title='bbox 569 2538 729 2613; x_wconf 26' lang='lat' dir='ltr'><strong>&#39;[ossaf</strong></span> <span class='ocrx_word' id='word_1_257' title='bbox 756 2539 1078 2613; x_wconf 75' lang='lat' dir='ltr'><strong>adjiciebant.</strong></span> <span class='ocrx_word' id='word_1_258' title='bbox 1118 2538 1276 2613; x_wconf 71' lang='lat' dir='ltr'><strong>Solus</strong></span> <span class='ocrx_word' id='word_1_259' title='bbox 1314 2538 1666 2613; x_wconf 76' lang='lat' dir='ltr'><strong>Prudentius,</strong></span> <span class='ocrx_word' id='word_1_260' title='bbox 1709 2540 1850 2613; x_wconf 85' lang='lat' dir='ltr'><strong>q_uod</strong></span> 
     </span>
    </p>
   </div>
   <div class='ocr_carea' id='block_1_45' title="bbox 278 2608 1854 2678">
    <p class='ocr_par' dir='ltr' id='par_1_45' title="bbox 278 2608 1854 2678">
     <span class='ocr_line' id='line_1_45' title="bbox 278 2608 1854 2678; baseline -0.004 -8"><span class='ocrx_word' id='word_1_261' title='bbox 278 2608 473 2678; x_wconf 72' lang='lat' dir='ltr'><strong>sciam,</strong></span> <span class='ocrx_word' id='word_1_262' title='bbox 511 2608 754 2666; x_wconf 77' lang='lat' dir='ltr'><strong>meminit</strong></span> <span class='ocrx_word' id='word_1_263' title='bbox 778 2608 1046 2678; x_wconf 82' lang='lat' dir='ltr'><strong>pulmonis</strong></span> <span class='ocrx_word' id='word_1_264' title='bbox 1067 2609 1298 2676; x_wconf 67' lang='lat' dir='ltr'><strong>gallinae,</strong></span> <span class='ocrx_word' id='word_1_265' title='bbox 1323 2622 1429 2678; x_wconf 93' lang='lat' dir='ltr'><strong>quo</strong></span> <span class='ocrx_word' id='word_1_266' title='bbox 1454 2608 1705 2664; x_wconf 84' lang='lat' dir='ltr'><strong>videlicet</strong></span> <span class='ocrx_word' id='word_1_267' title='bbox 1721 2608 1854 2664; x_wconf 86' lang='lat' dir='ltr'><strong>Ter-</strong></span> 
     </span>
    </p>
   </div>
   <div class='ocr_carea' id='block_1_46' title="bbox 278 2678 1853 2751">
    <p class='ocr_par' dir='ltr' id='par_1_46' title="bbox 278 2678 1853 2751">
     <span class='ocr_line' id='line_1_46' title="bbox 278 2678 1853 2751; baseline -0.005 -11"><span class='ocrx_word' id='word_1_268' title='bbox 278 2687 461 2740; x_wconf 87' lang='lat' dir='ltr'><strong>minus</strong></span> <span class='ocrx_word' id='word_1_269' title='bbox 489 2683 784 2751; x_wconf 85' lang='lat' dir='ltr'><strong>rigabatur,</strong></span> <span class='ocrx_word' id='word_1_270' title='bbox 812 2678 922 2751; x_wconf 77' lang='lat' dir='ltr'><strong>sive</strong></span> <span class='ocrx_word' id='word_1_271' title='bbox 953 2678 1249 2751; x_wconf 77' lang='lat' dir='ltr'><strong>angebatur</strong></span> <span class='ocrx_word' id='word_1_272' title='bbox 1270 2692 1453 2751; x_wconf 69' lang='lat' dir='ltr'><strong>;_ti:i_m</strong></span> <span class='ocrx_word' id='word_1_273' title='bbox 1501 2679 1698 2750; x_wconf 85' lang='lat' dir='ltr'><strong>rigare,</strong></span> <span class='ocrx_word' id='word_1_274' title='bbox 1729 2692 1853 2751; x_wconf 68' lang='lat' dir='ltr'><strong>non</strong></span> 
     </span>
    </p>
   </div>
   <div class='ocr_carea' id='block_1_47' title="bbox 278 2747 1854 2824">
    <p class='ocr_par' dir='ltr' id='par_1_47' title="bbox 278 2747 1854 2824">
     <span class='ocr_line' id='line_1_47' title="bbox 278 2747 1854 2824; baseline -0.003 -16"><span class='ocrx_word' id='word_1_275' title='bbox 278 2769 465 2824; x_wconf 83' lang='lat' dir='ltr'><strong>rogare</strong></span> <span class='ocrx_word' id='word_1_276' title='bbox 487 2747 684 2806; x_wconf 62' lang='lat' dir='ltr'><strong>ce&#39;nseo</strong></span> <span class='ocrx_word' id='word_1_277' title='bbox 706 2747 986 2824; x_wconf 82' lang='lat' dir='ltr'><strong>legendum</strong></span> <span class='ocrx_word' id='word_1_278' title='bbox 1017 2763 1158 2802; x_wconf 88' lang='lat' dir='ltr'><strong>vers.</strong></span> <span class='ocrx_word' id='word_1_279' title='bbox 1183 2748 1351 2824; x_wconf 69' lang='lat'><strong>1007.</strong></span> <span class='ocrx_word' id='word_1_280' title='bbox 1373 2747 1678 2824; x_wconf 67' lang='lat' dir='ltr'><strong>Terminus,</strong></span> <span class='ocrx_word' id='word_1_281' title='bbox 1695 2748 1854 2824; x_wconf 81' lang='lat' dir='ltr'><strong>alios-</strong></span> 
     </span>
    </p>
   </div>
   <div class='ocr_carea' id='block_1_48' title="bbox 279 2817 1854 2895">
    <p class='ocr_par' dir='ltr' id='par_1_48' title="bbox 279 2817 1854 2895">
     <span class='ocr_line' id='line_1_48' title="bbox 279 2817 1854 2895; baseline -0.003 -17"><span class='ocrx_word' id='word_1_282' title='bbox 279 2817 386 2895; x_wconf 71' lang='lat' dir='ltr'><strong>que</strong></span> <span class='ocrx_word' id='word_1_283' title='bbox 414 2836 602 2876; x_wconf 83' lang='lat' dir='ltr'><strong>omnes</strong></span> <span class='ocrx_word' id='word_1_284' title='bbox 623 2817 858 2874; x_wconf 75' lang='lat' dir='ltr'><strong>veterum</strong></span> <span class='ocrx_word' id='word_1_285' title='bbox 889 2818 1039 2882; x_wconf 88' lang='lat' dir='ltr'><strong>deos,</strong></span> <span class='ocrx_word' id='word_1_286' title='bbox 1055 2817 1226 2895; x_wconf 88' lang='lat' dir='ltr'><strong>__sertis</strong></span> <span class='ocrx_word' id='word_1_287' title='bbox 1251 2827 1305 2873; x_wconf 90' lang='lat' dir='ltr'><strong>et</strong></span> <span class='ocrx_word' id='word_1_288' title='bbox 1328 2819 1542 2895; x_wconf 79' lang='lat' dir='ltr'><strong>coronis</strong></span> <span class='ocrx_word' id='word_1_289' title='bbox 1564 2817 1726 2873; x_wconf 82' lang='lat' dir='ltr'><strong>fuisse</strong></span> <span class='ocrx_word' id='word_1_290' title='bbox 1745 2819 1854 2895; x_wconf 29' lang='lat' dir='ltr'><strong>Ade-</strong></span> 
     </span>
    </p>
   </div>
   <div class='ocr_carea' id='block_1_49' title="bbox 279 2887 1856 2958">
    <p class='ocr_par' dir='ltr' id='par_1_49' title="bbox 279 2887 1856 2958">
     <span class='ocr_line' id='line_1_49' title="bbox 279 2887 1856 2958; baseline -0.003 -10"><span class='ocrx_word' id='word_1_291' title='bbox 279 2887 520 2958; x_wconf 62' lang='lat' dir='ltr'><strong>c&#39;oratos,</strong></span> <span class='ocrx_word' id='word_1_292' title='bbox 548 2906 633 2945; x_wconf 87' lang='lat' dir='ltr'><strong>res</strong></span> <span class='ocrx_word' id='word_1_293' title='bbox 661 2897 786 2944; x_wconf 88' lang='lat' dir='ltr'><strong>nota</strong></span> <span class='ocrx_word' id='word_1_294' title='bbox 814 2897 896 2942; x_wconf 90' lang='lat' dir='ltr'><strong>est</strong></span> <span class='ocrx_word' id='word_1_295' title='bbox 912 2887 1202 2958; x_wconf 80' lang='lat' dir='ltr'><strong>_omnibns;</strong></span> <span class='ocrx_word' id='word_1_296' title='bbox 1241 2902 1346 2956; x_wconf 92' lang='lat' dir='ltr'><strong>quo</strong></span> <span class='ocrx_word' id='word_1_297' title='bbox 1372 2887 1598 2942; x_wconf 87' lang='lat' dir='ltr'><strong>fortasse</strong></span> <span class='ocrx_word' id='word_1_298' title='bbox 1627 2888 1856 2956; x_wconf 90' lang='lat' dir='ltr'><strong>pertinet</strong></span> 
     </span>
    </p>
   </div>
   <div class='ocr_carea' id='block_1_50' title="bbox 281 2955 1857 3026">
    <p class='ocr_par' dir='ltr' id='par_1_50' title="bbox 281 2955 1857 3026">
     <span class='ocr_line' id='line_1_50' title="bbox 281 2955 1857 3026; baseline -0.004 -7"><span class='ocrx_word' id='word_1_299' title='bbox 281 2963 414 3020; x_wconf 85' lang='lat' dir='ltr'><strong>illud</strong></span> <span class='ocrx_word' id='word_1_300' title='bbox 436 2955 667 3018; x_wconf 73' lang='lat' dir='ltr'><strong>Lucretii</strong></span> <span class='ocrx_word' id='word_1_301' title='bbox 691 2959 785 3012; x_wconf 73' lang='lat' dir='ltr'><strong>lib.</strong></span> <span class='ocrx_word' id='word_1_302' title='bbox 808 2974 874 3011; x_wconf 90' lang='lat' dir='ltr'><strong>v:</strong></span> <span class='ocrx_word' id='word_1_303' title='bbox 901 2955 1022 3011; x_wconf 80' lang='lat' dir='ltr'><strong>Non</strong></span> <span class='ocrx_word' id='word_1_304' title='bbox 1055 2958 1220 3022; x_wconf 84' lang='lat' dir='ltr'><strong>pietas</strong></span> <span class='ocrx_word' id='word_1_305' title='bbox 1247 2955 1353 3010; x_wconf 78' lang='lat' dir='ltr'><strong>ulla</strong></span> <span class='ocrx_word' id='word_1_306' title='bbox 1381 2967 1453 3011; x_wconf 81' lang='lat' dir='ltr'><strong>est</strong></span> <span class='ocrx_word' id='word_1_307' title='bbox 1478 2955 1696 3012; x_wconf 81' lang='lat' dir='ltr'><strong>velatum</strong></span> <span class='ocrx_word' id='word_1_308' title='bbox 1720 2973 1857 3026; x_wconf 78' lang='lat' dir='ltr'><strong>swpe</strong></span> 
     </span>
    </p>
   </div>
   <div class='ocr_carea' id='block_1_51' title="bbox 280 3026 1853 3096">
    <p class='ocr_par' dir='ltr' id='par_1_51' title="bbox 280 3026 1853 3096">
     <span class='ocr_line' id='line_1_51' title="bbox 280 3026 1853 3096; baseline -0.004 -7"><span class='ocrx_word' id='word_1_309' title='bbox 280 3028 442 3088; x_wconf 72' lang='lat' dir='ltr'><strong>sideri</strong></span> <span class='ocrx_word' id='word_1_310' title='bbox 462 3030 663 3088; x_wconf 82' lang='lat' dir='ltr'><strong>Vertier</strong></span> <span class='ocrx_word' id='word_1_311' title='bbox 683 3029 753 3084; x_wconf 87' lang='lat' dir='ltr'><strong>ad</strong></span> <span class='ocrx_word' id='word_1_312' title='bbox 779 3027 1017 3094; x_wconf 82' lang='lat' dir='ltr'><strong>lapidem.</strong></span> <span class='ocrx_word' id='word_1_313' title='bbox 1040 3026 1238 3084; x_wconf 86' lang='lat' dir='ltr'><strong>Confer</strong></span> <span class='ocrx_word' id='word_1_314' title='bbox 1258 3026 1614 3096; x_wconf 78' lang='lat' dir='ltr'><strong>l’aschalium,</strong></span> <span class='ocrx_word' id='word_1_315' title='bbox 1656 3029 1724 3084; x_wconf 88' lang='lat' dir='ltr'><strong>de</strong></span> <span class='ocrx_word' id='word_1_316' title='bbox 1750 3027 1853 3084; x_wconf 87' lang='lat' dir='ltr'><strong>Co-</strong></span> 
     </span>
    </p>
   </div>
   <div class='ocr_carea' id='block_1_52' title="bbox 281 3096 1865 3163">
    <p class='ocr_par' dir='ltr' id='par_1_52' title="bbox 281 3096 1865 3163">
     <span class='ocr_line' id='line_1_52' title="bbox 281 3096 1865 3163; baseline -0.021 -2"><span class='ocrx_word' id='word_1_317' title='bbox 281 3103 432 3160; x_wconf 73' lang='lat' dir='ltr'><strong>r0nis</strong></span> <span class='ocrx_word' id='word_1_318' title='bbox 461 3101 556 3156; x_wconf 91' lang='lat' dir='ltr'><strong>lib.</strong></span> <span class='ocrx_word' id='word_1_319' title='bbox 571 3115 649 3163; x_wconf 83' lang='lat' dir='ltr'><strong>tv,</strong></span> <span class='ocrx_word' id='word_1_320' title='bbox 664 3113 782 3161; x_wconf 89' lang='lat' dir='ltr'><strong>cap.</strong></span> <span class='ocrx_word' id='word_1_321' title='bbox 801 3096 854 3150; x_wconf 73' lang='grc'><strong>4.</strong></span> <span class='ocrx_word' id='word_1_322' title='bbox 1861 3125 1865 3128; x_wconf 83' lang='grc'><strong>.</strong></span> 
     </span>
    </p>
   </div>
   <div class='ocr_carea' id='block_1_53' title="bbox 349 3166 1858 3240">
    <p class='ocr_par' dir='ltr' id='par_1_53' title="bbox 349 3166 1858 3240">
     <span class='ocr_line' id='line_1_53' title="bbox 349 3166 1858 3240; baseline -0.003 -12"><span class='ocrx_word' id='word_1_323' title='bbox 349 3170 684 3240; x_wconf 14' lang='lat' dir='ltr'><strong>1007.7Ald.,</strong></span> <span class='ocrx_word' id='word_1_324' title='bbox 717 3168 902 3240; x_wconf 58' lang='lat' dir='ltr'><strong>Alcm,</strong></span> <span class='ocrx_word' id='word_1_325' title='bbox 926 3166 1303 3240; x_wconf 63' lang='lat' dir='ltr'><strong>Tlguan.,0x.,</strong></span> <span class='ocrx_word' id='word_1_326' title='bbox 1330 3168 1597 3240; x_wconf 76' lang='lat' dir='ltr'><strong>fasceolis;</strong></span> <span class='ocrx_word' id='word_1_327' title='bbox 1633 3167 1744 3234; x_wconf 88' lang='lat' dir='ltr'><strong>alii,</strong></span> <span class='ocrx_word' id='word_1_328' title='bbox 1777 3170 1858 3240; x_wconf 82' lang='lat' dir='ltr'><strong>fa-</strong></span> 
     </span>
    </p>
   </div>
   <div class='ocr_carea' id='block_1_54' title="bbox 285 3236 1854 3309">
    <p class='ocr_par' dir='ltr' id='par_1_54' title="bbox 285 3236 1854 3309">
     <span class='ocr_line' id='line_1_54' title="bbox 285 3236 1854 3309; baseline -0.004 -11"><span class='ocrx_word' id='word_1_329' title='bbox 285 3243 479 3298; x_wconf 69' lang='lat' dir='ltr'><strong>sciolis.</strong></span> <span class='ocrx_word' id='word_1_330' title='bbox 504 3239 768 3306; x_wconf 82' lang='lat' dir='ltr'><strong>Gifauius,</strong></span> <span class='ocrx_word' id='word_1_331' title='bbox 796 3238 959 3293; x_wconf 87' lang='lat' dir='ltr'><strong>verbo</strong></span> <span class='ocrx_word' id='word_1_332' title='bbox 988 3236 1168 3309; x_wconf 68' lang='lat' dir='ltr'><strong>Laris,</strong></span> <span class='ocrx_word' id='word_1_333' title='bbox 1191 3236 1340 3309; x_wconf 76' lang='lat' dir='ltr'><strong>putat</strong></span> <span class='ocrx_word' id='word_1_334' title='bbox 1368 3238 1647 3309; x_wconf 85' lang='lat' dir='ltr'><strong>legendum</strong></span> <span class='ocrx_word' id='word_1_335' title='bbox 1668 3236 1854 3309; x_wconf 77' lang='lat' dir='ltr'><strong>rigare,</strong></span> 
     </span>
    </p>
   </div>
   <div class='ocr_carea' id='block_1_55' title="bbox 284 3307 1859 3376">
    <p class='ocr_par' dir='ltr' id='par_1_55' title="bbox 284 3307 1859 3376">
     <span class='ocr_line' id='line_1_55' title="bbox 284 3307 1859 3376; baseline -0.003 -10"><span class='ocrx_word' id='word_1_336' title='bbox 284 3325 339 3367; x_wconf 85' lang='lat' dir='ltr'><strong>ct</strong></span> <span class='ocrx_word' id='word_1_337' title='bbox 357 3313 578 3370; x_wconf 77' lang='lat' dir='ltr'><strong>Juretus</strong></span> <span class='ocrx_word' id='word_1_338' title='bbox 607 3309 837 3367; x_wconf 76' lang='lat' dir='ltr'><strong>affirmat</strong></span> <span class='ocrx_word' id='word_1_339' title='bbox 863 3307 1148 3365; x_wconf 86' lang='lat' dir='ltr'><strong>nonnullos</strong></span> <span class='ocrx_word' id='word_1_340' title='bbox 1175 3307 1410 3376; x_wconf 85' lang='lat' dir='ltr'><strong>proﬁteri</strong></span> <span class='ocrx_word' id='word_1_341' title='bbox 1436 3308 1488 3361; x_wconf 92' lang='lat' dir='ltr'><strong>in</strong></span> <span class='ocrx_word' id='word_1_342' title='bbox 1517 3309 1629 3363; x_wconf 89' lang='lat' dir='ltr'><strong>suis</strong></span> <span class='ocrx_word' id='word_1_343' title='bbox 1661 3307 1859 3364; x_wconf 77' lang='lat' dir='ltr'><strong>veteri-</strong></span> 
     </span>
    </p>
   </div>
   <div class='ocr_carea' id='block_1_56' title="bbox 1953 2121 3522 2192">
    <p class='ocr_par' dir='ltr' id='par_1_56' title="bbox 1953 2121 3522 2192">
     <span class='ocr_line' id='line_1_56' title="bbox 1953 2121 3522 2192; baseline 0.002 -15"><span class='ocrx_word' id='word_1_344' title='bbox 1953 2127 2291 2192; x_wconf 77' lang='lat' dir='ltr'><strong>colnparatur</strong></span> <span class='ocrx_word' id='word_1_345' title='bbox 2317 2121 2406 2174; x_wconf 89' lang='lat' dir='ltr'><strong>lib.</strong></span> <span class='ocrx_word' id='word_1_346' title='bbox 2447 2137 2461 2174; x_wconf 81' lang='grc' dir='ltr'><strong>ι</strong></span> <span class='ocrx_word' id='word_1_347' title='bbox 2487 2140 2498 2174; x_wconf 79' lang='lat'><strong>2</strong></span> <span class='ocrx_word' id='word_1_348' title='bbox 2527 2123 2846 2192; x_wconf 76' lang='lat' dir='ltr'><strong>Stat&#39;magni</strong></span> <span class='ocrx_word' id='word_1_349' title='bbox 2868 2125 3088 2178; x_wconf 82' lang='lat' dir='ltr'><strong>nominis</strong></span> <span class='ocrx_word' id='word_1_350' title='bbox 3111 2127 3307 2179; x_wconf 87' lang='lat' dir='ltr'><strong>umbra.</strong></span> <span class='ocrx_word' id='word_1_351' title='bbox 3341 2121 3522 2190; x_wconf 75' lang='lat' dir='ltr'><strong>Qualis</strong></span> 
     </span>
    </p>
   </div>
   <div class='ocr_carea' id='block_1_57' title="bbox 1953 2191 3524 2265">
    <p class='ocr_par' dir='ltr' id='par_1_57' title="bbox 1953 2191 3524 2265">
     <span class='ocr_line' id='line_1_57' title="bbox 1953 2191 3524 2265; baseline 0.004 -20"><span class='ocrx_word' id='word_1_352' title='bbox 1953 2191 2200 2265; x_wconf 79' lang='lat' dir='ltr'><strong>frugifero</strong></span> <span class='ocrx_word' id='word_1_353' title='bbox 2224 2207 2437 2260; x_wconf 83' lang='lat' dir='ltr'><strong>quercus</strong></span> <span class='ocrx_word' id='word_1_354' title='bbox 2476 2192 2703 2265; x_wconf 66' lang='lat' dir='ltr'><strong>sublimis</strong></span> <span class='ocrx_word' id='word_1_355' title='bbox 2731 2191 2783 2248; x_wconf 82' lang='lat' dir='ltr'><strong>in</strong></span> <span class='ocrx_word' id='word_1_356' title='bbox 2810 2209 2935 2265; x_wconf 82' lang='lat' dir='ltr'><strong>agro</strong></span> <span class='ocrx_word' id='word_1_357' title='bbox 2973 2193 3198 2248; x_wconf 72' lang='lat' dir='ltr'><strong>Exuvias</strong></span> <span class='ocrx_word' id='word_1_358' title='bbox 3227 2205 3410 2251; x_wconf 77' lang='lat' dir='ltr'><strong>veteres</strong></span> <span class='ocrx_word' id='word_1_359' title='bbox 3435 2214 3524 2265; x_wconf 86' lang='lat' dir='ltr'><strong>po-</strong></span> 
     </span>
    </p>
   </div>
   <div class='ocr_carea' id='block_1_58' title="bbox 1951 2262 3526 2333">
    <p class='ocr_par' dir='ltr' id='par_1_58' title="bbox 1951 2262 3526 2333">
     <span class='ocr_line' id='line_1_58' title="bbox 1951 2262 3526 2333; baseline 0.003 -19"><span class='ocrx_word' id='word_1_360' title='bbox 1951 2262 2084 2333; x_wconf 80' lang='lat' dir='ltr'><strong>puli,</strong></span> <span class='ocrx_word' id='word_1_361' title='bbox 2104 2271 2404 2333; x_wconf 70' lang='lat' dir='ltr'><strong>sacrataque</strong></span> <span class='ocrx_word' id='word_1_362' title='bbox 2432 2271 2634 2333; x_wconf 70' lang='lat' dir='ltr'><strong>gestans</strong></span> <span class='ocrx_word' id='word_1_363' title='bbox 2662 2262 2809 2315; x_wconf 84' lang='lat' dir='ltr'><strong>Dona</strong></span> <span class='ocrx_word' id='word_1_364' title='bbox 2832 2263 3018 2318; x_wconf 82' lang='lat' dir='ltr'><strong>ducunt</strong></span> <span class='ocrx_word' id='word_1_365' title='bbox 3049 2280 3068 2316; x_wconf 83' lang='lat'><strong>.&#39;</strong></span> <span class='ocrx_word' id='word_1_366' title='bbox 3092 2280 3183 2318; x_wconf 85' lang='lat' dir='ltr'><strong>nec</strong></span> <span class='ocrx_word' id='word_1_367' title='bbox 3197 2266 3308 2333; x_wconf 85' lang='lat' dir='ltr'><strong>jam</strong></span> <span class='ocrx_word' id='word_1_368' title='bbox 3344 2262 3526 2320; x_wconf 80' lang='lat' dir='ltr'><strong>validis</strong></span> 
     </span>
    </p>
   </div>
   <div class='ocr_carea' id='block_1_59' title="bbox 1949 2331 3526 2406">
    <p class='ocr_par' dir='ltr' id='par_1_59' title="bbox 1949 2331 3526 2406">
     <span class='ocr_line' id='line_1_59' title="bbox 1949 2331 3526 2406; baseline 0.001 -21"><span class='ocrx_word' id='word_1_369' title='bbox 1949 2331 2204 2385; x_wconf 78' lang='lat' dir='ltr'><strong>radicibus</strong></span> <span class='ocrx_word' id='word_1_370' title='bbox 2228 2331 2446 2406; x_wconf 50' lang='lat' dir='ltr'><strong>berans,</strong></span> <span class='ocrx_word' id='word_1_371' title='bbox 2485 2331 2718 2406; x_wconf 66' lang='lat' dir='ltr'><strong>Pondere</strong></span> <span class='ocrx_word' id='word_1_372' title='bbox 2741 2333 2848 2398; x_wconf 72' lang='lat' dir='ltr'><strong>ﬁxa</strong></span> <span class='ocrx_word' id='word_1_373' title='bbox 2872 2349 2966 2388; x_wconf 88' lang='lat' dir='ltr'><strong>suo</strong></span> <span class='ocrx_word' id='word_1_374' title='bbox 2994 2341 3075 2406; x_wconf 86' lang='lat' dir='ltr'><strong>est</strong></span> <span class='ocrx_word' id='word_1_375' title='bbox 3099 2351 3118 2388; x_wconf 88' lang='lat'><strong><em>:</em></strong></span> <span class='ocrx_word' id='word_1_376' title='bbox 3153 2331 3415 2406; x_wconf 77' lang='lat' dir='ltr'><strong>nudosque</strong></span> <span class='ocrx_word' id='word_1_377' title='bbox 3440 2352 3526 2401; x_wconf 86' lang='lat' dir='ltr'><strong>per</strong></span> 
     </span>
    </p>
   </div>
   <div class='ocr_carea' id='block_1_60' title="bbox 1952 2398 3527 2474">
    <p class='ocr_par' dir='ltr' id='par_1_60' title="bbox 1952 2398 3527 2474">
     <span class='ocr_line' id='line_1_60' title="bbox 1952 2398 3527 2474; baseline 0.003 -20"><span class='ocrx_word' id='word_1_378' title='bbox 1952 2417 2072 2474; x_wconf 88' lang='lat' dir='ltr'><strong>aera</strong></span> <span class='ocrx_word' id='word_1_379' title='bbox 2100 2416 2281 2474; x_wconf 74' lang='lat' dir='ltr'><strong>ramos</strong></span> <span class='ocrx_word' id='word_1_380' title='bbox 2300 2398 2583 2474; x_wconf 58' lang='lat' dir='ltr'><strong>Effundens</strong></span> <span class='ocrx_word' id='word_1_381' title='bbox 2603 2443 2618 2469; x_wconf 93' lang='lat'><strong>,</strong></span> <span class='ocrx_word' id='word_1_382' title='bbox 2660 2412 2837 2474; x_wconf 83' lang='lat' dir='ltr'><strong>trunco</strong></span> <span class='ocrx_word' id='word_1_383' title='bbox 2857 2443 2873 2467; x_wconf 92' lang='lat'><strong>,</strong></span> <span class='ocrx_word' id='word_1_384' title='bbox 2918 2420 3019 2458; x_wconf 89' lang='lat' dir='ltr'><strong>non</strong></span> <span class='ocrx_word' id='word_1_385' title='bbox 3051 2398 3316 2474; x_wconf 79' lang='lat' dir='ltr'><strong>frondibus</strong></span> <span class='ocrx_word' id='word_1_386' title='bbox 3330 2398 3355 2470; x_wconf 73' lang='grc'><strong>⁷,</strong></span> <span class='ocrx_word' id='word_1_387' title='bbox 3383 2398 3527 2474; x_wconf 70' lang='lat' dir='ltr'><strong>efficit</strong></span> 
     </span>
    </p>
   </div>
   <div class='ocr_carea' id='block_1_61' title="bbox 1951 2468 3530 2540">
    <p class='ocr_par' dir='ltr' id='par_1_61' title="bbox 1951 2468 3530 2540">
     <span class='ocr_line' id='line_1_61' title="bbox 1951 2468 3530 2540; baseline 0.003 -17"><span class='ocrx_word' id='word_1_388' title='bbox 1951 2473 2184 2524; x_wconf 83' lang='lat' dir='ltr'><strong>umbram</strong></span> <span class='ocrx_word' id='word_1_389' title='bbox 2207 2471 2312 2540; x_wconf 10' lang='lat' dir='ltr'><strong><em>:rAt</em></strong></span> <span class='ocrx_word' id='word_1_390' title='bbox 2331 2473 2556 2536; x_wconf 79' lang='lat' dir='ltr'><strong>quamvis</strong></span> <span class='ocrx_word' id='word_1_391' title='bbox 2588 2473 2754 2540; x_wconf 86' lang='lat' dir='ltr'><strong>primo</strong></span> <span class='ocrx_word' id='word_1_392' title='bbox 2775 2483 2913 2526; x_wconf 89' lang='lat' dir='ltr'><strong>nutet</strong></span> <span class='ocrx_word' id='word_1_393' title='bbox 2935 2468 3116 2527; x_wconf 79' lang='lat' dir='ltr'><strong>casura</strong></span> <span class='ocrx_word' id='word_1_394' title='bbox 3139 2468 3228 2527; x_wconf 84' lang='lat' dir='ltr'><strong>sub</strong></span> <span class='ocrx_word' id='word_1_395' title='bbox 3246 2468 3530 2539; x_wconf 65' lang='lat' dir='ltr'><strong>Euro,&quot;T0t</strong></span> 
     </span>
    </p>
   </div>
   <div class='ocr_carea' id='block_1_62' title="bbox 1954 2539 3529 2607">
    <p class='ocr_par' dir='ltr' id='par_1_62' title="bbox 1954 2539 3529 2607">
     <span class='ocr_line' id='line_1_62' title="bbox 1954 2539 3529 2607; baseline 0.004 -15"><span class='ocrx_word' id='word_1_396' title='bbox 1954 2543 2144 2594; x_wconf 83' lang='lat' dir='ltr'><strong>circum</strong></span> <span class='ocrx_word' id='word_1_397' title='bbox 2168 2539 2308 2594; x_wconf 68' lang='lat' dir='ltr'><strong>silum</strong></span> <span class='ocrx_word' id='word_1_398' title='bbox 2339 2539 2487 2606; x_wconf 84' lang='lat' dir='ltr'><strong>ﬁrmo</strong></span> <span class='ocrx_word' id='word_1_399' title='bbox 2516 2556 2569 2593; x_wconf 85' lang='lat' dir='ltr'><strong>se</strong></span> <span class='ocrx_word' id='word_1_400' title='bbox 2590 2539 2770 2597; x_wconf 85' lang='lat' dir='ltr'><strong>robore</strong></span> <span class='ocrx_word' id='word_1_401' title='bbox 2799 2543 3000 2607; x_wconf 84' lang='lat' dir='ltr'><strong>tollant,</strong></span> <span class='ocrx_word' id='word_1_402' title='bbox 3044 2542 3171 2597; x_wconf 86' lang='lat' dir='ltr'><strong>Sola</strong></span> <span class='ocrx_word' id='word_1_403' title='bbox 3197 2554 3364 2597; x_wconf 86' lang='lat' dir='ltr'><strong>tamen</strong></span> <span class='ocrx_word' id='word_1_404' title='bbox 3404 2547 3529 2598; x_wconf 84' lang='lat' dir='ltr'><strong>coli-</strong></span> 
     </span>
    </p>
   </div>
   <div class='ocr_carea' id='block_1_63' title="bbox 1954 2608 3528 2676">
    <p class='ocr_par' dir='ltr' id='par_1_63' title="bbox 1954 2608 3528 2676">
     <span class='ocr_line' id='line_1_63' title="bbox 1954 2608 3528 2676; baseline 0.006 -15"><span class='ocrx_word' id='word_1_405' title='bbox 1954 2608 2309 2675; x_wconf 83' lang='lat' dir='ltr'><strong>tur.Virgi|ius</strong></span> <span class='ocrx_word' id='word_1_406' title='bbox 2328 2625 2400 2662; x_wconf 87' lang='lat' dir='ltr'><strong>vu</strong></span> <span class='ocrx_word' id='word_1_407' title='bbox 2426 2627 2438 2661; x_wconf 93' lang='lat'><strong>:</strong></span> <span class='ocrx_word' id='word_1_408' title='bbox 2465 2608 2662 2663; x_wconf 87' lang='lat' dir='ltr'><strong>Laurus</strong></span> <span class='ocrx_word' id='word_1_409' title='bbox 2686 2619 2862 2667; x_wconf 89' lang='lat' dir='ltr'><strong>erat...</strong></span> <span class='ocrx_word' id='word_1_410' title='bbox 2892 2611 3054 2666; x_wconf 87' lang='lat' dir='ltr'><strong>Sacra</strong></span> <span class='ocrx_word' id='word_1_411' title='bbox 3075 2628 3292 2676; x_wconf 87' lang='lat' dir='ltr'><strong>comam,</strong></span> <span class='ocrx_word' id='word_1_412' title='bbox 3316 2613 3528 2669; x_wconf 84' lang='lat' dir='ltr'><strong>multos-</strong></span> 
     </span>
    </p>
   </div>
   <div class='ocr_carea' id='block_1_64' title="bbox 1952 2679 3529 2750">
    <p class='ocr_par' dir='ltr' id='par_1_64' title="bbox 1952 2679 3529 2750">
     <span class='ocr_line' id='line_1_64' title="bbox 1952 2679 3529 2750; baseline 0.004 -20"><span class='ocrx_word' id='word_1_413' title='bbox 1952 2695 2048 2750; x_wconf 84' lang='lat' dir='ltr'><strong>que</strong></span> <span class='ocrx_word' id='word_1_414' title='bbox 2072 2687 2204 2750; x_wconf 86' lang='lat' dir='ltr'><strong>metu</strong></span> <span class='ocrx_word' id='word_1_415' title='bbox 2231 2687 2428 2732; x_wconf 87' lang='lat' dir='ltr'><strong>servata</strong></span> <span class='ocrx_word' id='word_1_416' title='bbox 2453 2695 2541 2750; x_wconf 84' lang='lat' dir='ltr'><strong>per</strong></span> <span class='ocrx_word' id='word_1_417' title='bbox 2562 2695 2742 2750; x_wconf 85' lang='lat' dir='ltr'><strong>annos.</strong></span> <span class='ocrx_word' id='word_1_418' title='bbox 2764 2679 2846 2750; x_wconf 60' lang='lat' dir='ltr'><strong>Ad</strong></span> <span class='ocrx_word' id='word_1_419' title='bbox 2873 2681 3529 2750; x_wconf 66' lang='lat' dir='ltr'><strong>consuirtudinemappem</strong></span> 
     </span>
    </p>
   </div>
   <div class='ocr_carea' id='block_1_65' title="bbox 1954 2748 3527 2819">
    <p class='ocr_par' dir='ltr' id='par_1_65' title="bbox 1954 2748 3527 2819">
     <span class='ocr_line' id='line_1_65' title="bbox 1954 2748 3527 2819; baseline 0.002 -16"><span class='ocrx_word' id='word_1_420' title='bbox 1954 2749 2111 2819; x_wconf 87' lang='lat' dir='ltr'><strong>dendi</strong></span> <span class='ocrx_word' id='word_1_421' title='bbox 2134 2752 2375 2819; x_wconf 81' lang='lat' dir='ltr'><strong>lucernas</strong></span> <span class='ocrx_word' id='word_1_422' title='bbox 2395 2748 2676 2803; x_wconf 82' lang='lat' dir='ltr'><strong>arboribus</strong></span> <span class='ocrx_word' id='word_1_423' title='bbox 2693 2749 2880 2804; x_wconf 84' lang='lat' dir='ltr'><strong>referri</strong></span> <span class='ocrx_word' id='word_1_424' title='bbox 2905 2751 3346 2816; x_wconf 65' lang='lat' dir='ltr'><strong>potestllartialis</strong></span> <span class='ocrx_word' id='word_1_425' title='bbox 3366 2748 3455 2806; x_wconf 85' lang='lat' dir='ltr'><strong>lib.</strong></span> <span class='ocrx_word' id='word_1_426' title='bbox 3474 2770 3527 2819; x_wconf 83' lang='lat' dir='ltr'><strong>x,</strong></span> 
     </span>
    </p>
   </div>
   <div class='ocr_carea' id='block_1_66' title="bbox 1955 2817 3528 2888">
    <p class='ocr_par' dir='ltr' id='par_1_66' title="bbox 1955 2817 3528 2888">
     <span class='ocr_line' id='line_1_66' title="bbox 1955 2817 3528 2888; baseline 0.001 -15"><span class='ocrx_word' id='word_1_427' title='bbox 1955 2818 2124 2888; x_wconf 83' lang='lat' dir='ltr'><strong>epigr.</strong></span> <span class='ocrx_word' id='word_1_428' title='bbox 2153 2817 2189 2888; x_wconf 13' lang='lat'><strong>76</strong></span> <span class='ocrx_word' id='word_1_429' title='bbox 2214 2836 2239 2888; x_wconf 91' lang='lat'><strong>:_</strong></span> <span class='ocrx_word' id='word_1_430' title='bbox 2260 2817 2477 2883; x_wconf 83' lang='lat' dir='ltr'><strong>Quando</strong></span> <span class='ocrx_word' id='word_1_431' title='bbox 2506 2819 2598 2870; x_wconf 87' lang='lat' dir='ltr'><strong>erit</strong></span> <span class='ocrx_word' id='word_1_432' title='bbox 2628 2819 2717 2871; x_wconf 91' lang='lat' dir='ltr'><strong>ille</strong></span> <span class='ocrx_word' id='word_1_433' title='bbox 2737 2820 2842 2872; x_wconf 88' lang='lat' dir='ltr'><strong>dies</strong></span> <span class='ocrx_word' id='word_1_434' title='bbox 2876 2835 2973 2886; x_wconf 90' lang='lat' dir='ltr'><strong>quo</strong></span> <span class='ocrx_word' id='word_1_435' title='bbox 3001 2835 3238 2887; x_wconf 87' lang='lat' dir='ltr'><strong>campus,</strong></span> <span class='ocrx_word' id='word_1_436' title='bbox 3279 2831 3326 2874; x_wconf 85' lang='lat' dir='ltr'><strong>et</strong></span> <span class='ocrx_word' id='word_1_437' title='bbox 3355 2817 3528 2888; x_wconf 83' lang='lat' dir='ltr'><strong>arbor,</strong></span> 
     </span>
    </p>
   </div>
   <div class='ocr_carea' id='block_1_67' title="bbox 1955 2885 3530 2958">
    <p class='ocr_par' dir='ltr' id='par_1_67' title="bbox 1955 2885 3530 2958">
     <span class='ocr_line' id='line_1_67' title="bbox 1955 2885 3530 2958; baseline 0.003 -16"><span class='ocrx_word' id='word_1_438' title='bbox 1955 2885 2003 2942; x_wconf 80' lang='lat' dir='ltr'><strong>ei</strong></span> <span class='ocrx_word' id='word_1_439' title='bbox 2025 2885 2187 2942; x_wconf 82' lang='lat' dir='ltr'><strong>onmis</strong></span> <span class='ocrx_word' id='word_1_440' title='bbox 2211 2885 2418 2958; x_wconf 77' lang='lat' dir='ltr'><strong>Lucebit</strong></span> <span class='ocrx_word' id='word_1_441' title='bbox 2447 2888 2571 2942; x_wconf 85' lang='lat' dir='ltr'><strong>latia</strong></span> <span class='ocrx_word' id='word_1_442' title='bbox 2595 2889 2734 2941; x_wconf 81' lang='lat' dir='ltr'><strong>culta</strong></span> <span class='ocrx_word' id='word_1_443' title='bbox 2759 2889 2977 2958; x_wconf 86' lang='lat' dir='ltr'><strong>fenestra</strong></span> <span class='ocrx_word' id='word_1_444' title='bbox 2999 2885 3128 2942; x_wconf 80' lang='lat' dir='ltr'><strong>nuru</strong></span> <span class='ocrx_word' id='word_1_445' title='bbox 3143 2891 3168 2943; x_wconf 87' lang='lat'><strong><em>?</em></strong></span> <span class='ocrx_word' id='word_1_446' title='bbox 3205 2890 3247 2946; x_wconf 85' lang='grc' dir='ltr'>Τ</span> <span class='ocrx_word' id='word_1_447' title='bbox 3250 2890 3414 2948; x_wconf 63' lang='lat' dir='ltr'><strong>aenias</strong></span> <span class='ocrx_word' id='word_1_448' title='bbox 3437 2885 3530 2948; x_wconf 78' lang='lat' dir='ltr'><strong>seu</strong></span> 
     </span>
    </p>
   </div>
   <div class='ocr_carea' id='block_1_68' title="bbox 1958 2957 3532 3025">
    <p class='ocr_par' dir='ltr' id='par_1_68' title="bbox 1958 2957 3532 3025">
     <span class='ocr_line' id='line_1_68' title="bbox 1958 2957 3532 3025; baseline 0.002 -14"><span class='ocrx_word' id='word_1_449' title='bbox 1958 2959 2117 3012; x_wconf 77' lang='lat' dir='ltr'><strong>vittas</strong></span> <span class='ocrx_word' id='word_1_450' title='bbox 2165 2957 2388 3016; x_wconf 83' lang='lat' dir='ltr'><strong>arboris.</strong></span> <span class='ocrx_word' id='word_1_451' title='bbox 2423 2973 2555 3025; x_wconf 88' lang='lat' dir='ltr'><strong>quas</strong></span> <span class='ocrx_word' id='word_1_452' title='bbox 2580 2957 2883 3012; x_wconf 82' lang='lat' dir='ltr'><strong>discoloram</strong></span> <span class='ocrx_word' id='word_1_453' title='bbox 2927 2960 3096 3016; x_wconf 86' lang='lat' dir='ltr'><strong>lanam</strong></span> <span class='ocrx_word' id='word_1_454' title='bbox 3117 2965 3272 3016; x_wconf 80' lang='lat' dir='ltr'><strong>vocat</strong></span> <span class='ocrx_word' id='word_1_455' title='bbox 3295 2961 3532 3018; x_wconf 72' lang='lat' dir='ltr'><strong>Pruden-</strong></span> 
     </span>
    </p>
   </div>
   <div class='ocr_carea' id='block_1_69' title="bbox 1959 3028 3532 3097">
    <p class='ocr_par' dir='ltr' id='par_1_69' title="bbox 1959 3028 3532 3097">
     <span class='ocr_line' id='line_1_69' title="bbox 1959 3028 3532 3097; baseline 0.001 -14"><span class='ocrx_word' id='word_1_456' title='bbox 1959 3029 2065 3083; x_wconf 89' lang='lat' dir='ltr'><strong>tius</strong></span> <span class='ocrx_word' id='word_1_457' title='bbox 2111 3029 2231 3097; x_wconf 75' lang='lat' dir='ltr'><strong>loc.</strong></span> <span class='ocrx_word' id='word_1_458' title='bbox 2263 3029 2355 3084; x_wconf 86' lang='lat' dir='ltr'><strong>cit.</strong></span> <span class='ocrx_word' id='word_1_459' title='bbox 2401 3028 2646 3089; x_wconf 81' lang='lat' dir='ltr'><strong>Remaui,</strong></span> <span class='ocrx_word' id='word_1_460' title='bbox 2683 3028 2934 3097; x_wconf 77' lang='lat' dir='ltr'><strong>exprimit</strong></span> <span class='ocrx_word' id='word_1_461' title='bbox 2964 3029 3163 3084; x_wconf 81' lang='lat' dir='ltr'><strong>Statius</strong></span> <span class='ocrx_word' id='word_1_462' title='bbox 3198 3029 3292 3084; x_wconf 90' lang='lat' dir='ltr'><strong>lib.</strong></span> <span class='ocrx_word' id='word_1_463' title='bbox 3323 3046 3359 3088; x_wconf 90' lang='lat' dir='ltr'><strong>tt</strong></span> <span class='ocrx_word' id='word_1_464' title='bbox 3388 3031 3532 3086; x_wconf 87' lang='lat' dir='ltr'><strong>The-</strong></span> 
     </span>
    </p>
   </div>
   <div class='ocr_carea' id='block_1_70' title="bbox 1959 3096 3534 3168">
    <p class='ocr_par' dir='ltr' id='par_1_70' title="bbox 1959 3096 3534 3168">
     <span class='ocr_line' id='line_1_70' title="bbox 1959 3096 3534 3168; baseline 0.003 -18"><span class='ocrx_word' id='word_1_465' title='bbox 1959 3097 2102 3151; x_wconf 87' lang='lat' dir='ltr'><strong>baid.</strong></span> <span class='ocrx_word' id='word_1_466' title='bbox 2127 3113 2144 3151; x_wconf 89' lang='lat'><strong>:</strong></span> <span class='ocrx_word' id='word_1_467' title='bbox 2171 3096 2243 3149; x_wconf 83' lang='lat' dir='ltr'><strong>Ab</strong></span> <span class='ocrx_word' id='word_1_468' title='bbox 2270 3097 2448 3152; x_wconf 87' lang='lat' dir='ltr'><strong>arbore</strong></span> <span class='ocrx_word' id='word_1_469' title='bbox 2467 3109 2606 3152; x_wconf 85' lang='lat' dir='ltr'><strong>casta</strong></span> <span class='ocrx_word' id='word_1_470' title='bbox 2629 3096 2844 3152; x_wconf 82' lang='lat' dir='ltr'><strong>Necteut</strong></span> <span class='ocrx_word' id='word_1_471' title='bbox 2869 3115 3152 3168; x_wconf 85' lang='lat' dir='ltr'><strong>purpureas</strong></span> <span class='ocrx_word' id='word_1_472' title='bbox 3181 3100 3323 3154; x_wconf 83' lang='lat' dir='ltr'><strong>niveo</strong></span> <span class='ocrx_word' id='word_1_473' title='bbox 3352 3101 3534 3154; x_wconf 85' lang='lat' dir='ltr'><strong>discri-</strong></span> 
     </span>
    </p>
   </div>
   <div class='ocr_carea' id='block_1_71' title="bbox 1959 3167 3534 3236">
    <p class='ocr_par' dir='ltr' id='par_1_71' title="bbox 1959 3167 3534 3236">
     <span class='ocr_line' id='line_1_71' title="bbox 1959 3167 3534 3236; baseline 0.003 -16"><span class='ocrx_word' id='word_1_474' title='bbox 1959 3168 2092 3221; x_wconf 88' lang='lat' dir='ltr'><strong>mine</strong></span> <span class='ocrx_word' id='word_1_475' title='bbox 2128 3168 2296 3220; x_wconf 82' lang='lat' dir='ltr'><strong>vittas.</strong></span> <span class='ocrx_word' id='word_1_476' title='bbox 2344 3167 2612 3222; x_wconf 78' lang='lat' dir='ltr'><strong>Arnobius</strong></span> <span class='ocrx_word' id='word_1_477' title='bbox 2639 3168 2732 3222; x_wconf 91' lang='lat' dir='ltr'><strong>lib.</strong></span> <span class='ocrx_word' id='word_1_478' title='bbox 2769 3183 2800 3222; x_wconf 87' lang='lat' dir='ltr'><strong>v</strong></span> <span class='ocrx_word' id='word_1_479' title='bbox 2841 3183 2856 3222; x_wconf 89' lang='lat'><strong>:</strong></span> <span class='ocrx_word' id='word_1_480' title='bbox 2910 3168 3047 3236; x_wconf 82' lang='lat' dir='ltr'><strong>Quid</strong></span> <span class='ocrx_word' id='word_1_481' title='bbox 3085 3171 3272 3234; x_wconf 83' lang='lat' dir='ltr'><strong>compti</strong></span> <span class='ocrx_word' id='word_1_482' title='bbox 3300 3172 3534 3224; x_wconf 87' lang='lat' dir='ltr'><strong>violaceis</strong></span> 
     </span>
    </p>
   </div>
   <div class='ocr_carea' id='block_1_72' title="bbox 1961 3237 3532 3304">
    <p class='ocr_par' dir='ltr' id='par_1_72' title="bbox 1961 3237 3532 3304">
     <span class='ocr_line' id='line_1_72' title="bbox 1961 3237 3532 3304; baseline 0.001 -14"><span class='ocrx_word' id='word_1_483' title='bbox 1961 3238 2199 3304; x_wconf 86' lang='lat' dir='ltr'><strong>coronis,</strong></span> <span class='ocrx_word' id='word_1_484' title='bbox 2247 3247 2294 3293; x_wconf 89' lang='lat' dir='ltr'><strong>et</strong></span> <span class='ocrx_word' id='word_1_485' title='bbox 2336 3237 2798 3292; x_wconf 77' lang='lat' dir='ltr'><strong>redimiti&#39;arboris</strong></span> <span class='ocrx_word' id='word_1_486' title='bbox 2825 3239 3049 3292; x_wconf 84' lang='lat' dir='ltr'><strong>ramuli?</strong></span> <span class='ocrx_word' id='word_1_487' title='bbox 3092 3240 3144 3292; x_wconf 91' lang='lat' dir='ltr'><strong>lu</strong></span> <span class='ocrx_word' id='word_1_488' title='bbox 3176 3239 3295 3295; x_wconf 89' lang='lat' dir='ltr'><strong>cod.</strong></span> <span class='ocrx_word' id='word_1_489' title='bbox 3325 3240 3532 3296; x_wconf 88' lang='lat' dir='ltr'><strong>Theod.</strong></span> 
     </span>
    </p>
   </div>
   <div class='ocr_carea' id='block_1_73' title="bbox 1966 3306 3552 3377">
    <p class='ocr_par' dir='ltr' id='par_1_73' title="bbox 1966 3306 3552 3377">
     <span class='ocr_line' id='line_1_73' title="bbox 1966 3306 3552 3377; baseline 0.005 -18"><span class='ocrx_word' id='word_1_490' title='bbox 1966 3307 2047 3360; x_wconf 92' lang='lat' dir='ltr'><strong>tit.</strong></span> <span class='ocrx_word' id='word_1_491' title='bbox 2083 3306 2152 3362; x_wconf 87' lang='lat' dir='ltr'><strong>de</strong></span> <span class='ocrx_word' id='word_1_492' title='bbox 2194 3308 2440 3377; x_wconf 80' lang='lat' dir='ltr'><strong>Pagauis,</strong></span> <span class='ocrx_word' id='word_1_493' title='bbox 2471 3307 2573 3377; x_wconf 82' lang='lat' dir='ltr'><strong>leg.</strong></span> <span class='ocrx_word' id='word_1_494' title='bbox 2617 3308 2707 3372; x_wconf 72' lang='lat'><strong>12,</strong></span> <span class='ocrx_word' id='word_1_495' title='bbox 2747 3307 2998 3362; x_wconf 83' lang='lat' dir='ltr'><strong>Redimita</strong></span> <span class='ocrx_word' id='word_1_496' title='bbox 3033 3309 3168 3361; x_wconf 81' lang='lat' dir='ltr'><strong>vittis</strong></span> <span class='ocrx_word' id='word_1_497' title='bbox 3205 3311 3403 3377; x_wconf 83' lang='lat' dir='ltr'><strong>arbore,</strong></span> <span class='ocrx_word' id='word_1_498' title='bbox 3446 3311 3552 3367; x_wconf 74' lang='lat' dir='ltr'><strong>ubi.</strong></span> 
     </span>
    </p>
   </div>
   <div class='ocr_carea' id='block_1_74' title="bbox 285 3376 3536 3471">
    <p class='ocr_par' dir='ltr' id='par_1_74' title="bbox 285 3376 3536 3471">
     <span class='ocr_line' id='line_1_74' title="bbox 285 3376 3536 3471; baseline -0.001 -34"><span class='ocrx_word' id='word_1_499' title='bbox 285 3384 388 3438; x_wconf 89' lang='lat' dir='ltr'><strong>bus</strong></span> <span class='ocrx_word' id='word_1_500' title='bbox 405 3379 747 3471; x_wconf 53' lang='lat' dir='ltr'><strong>membranis</strong></span> <span class='ocrx_word' id='word_1_501' title='bbox 776 3376 1413 3471; x_wconf 46' lang='lat' dir='ltr'><strong>legi.rigalre.VVeitz.c0t&#39;n</strong></span> <span class='ocrx_word' id='word_1_502' title='bbox 1441 3377 1706 3471; x_wconf 70' lang='lat' dir='ltr'><strong>plerisque</strong></span> <span class='ocrx_word' id='word_1_503' title='bbox 1725 3381 1855 3445; x_wconf 82' lang='lat' dir='ltr'><strong>suis,</strong></span> <span class='ocrx_word' id='word_1_504' title='bbox 1886 3406 1933 3471; x_wconf 68' lang='grc' dir='ltr'>ρ</span> <span class='ocrx_word' id='word_1_505' title='bbox 1964 3379 2157 3446; x_wconf 88' lang='lat' dir='ltr'><strong>probat</strong></span> <span class='ocrx_word' id='word_1_506' title='bbox 2185 3376 2544 3436; x_wconf 78' lang='lat' dir='ltr'><strong>Gotholrcdus</strong></span> <span class='ocrx_word' id='word_1_507' title='bbox 2567 3418 2583 3446; x_wconf 88' lang='lat'><strong>,</strong></span> <span class='ocrx_word' id='word_1_508' title='bbox 2633 3377 2932 3452; x_wconf 71' lang='lat' dir='ltr'><strong>huiusmodi</strong></span> <span class='ocrx_word' id='word_1_509' title='bbox 2980 3376 3419 3448; x_wconf 85' lang='lat' dir='ltr'><strong>superstitionem</strong></span> <span class='ocrx_word' id='word_1_510' title='bbox 3442 3379 3536 3438; x_wconf 84' lang='lat' dir='ltr'><strong>diu</strong></span> 
     </span>
    </p>
   </div>
   <div class='ocr_carea' id='block_1_75' title="bbox 286 3447 1859 3518">
    <p class='ocr_par' dir='ltr' id='par_1_75' title="bbox 286 3447 1859 3518">
     <span class='ocr_line' id='line_1_75' title="bbox 286 3447 1859 3518; baseline -0.004 -10"><span class='ocrx_word' id='word_1_511' title='bbox 286 3461 346 3508; x_wconf 87' lang='lat' dir='ltr'><strong>ut</strong></span> <span class='ocrx_word' id='word_1_512' title='bbox 368 3451 607 3514; x_wconf 83' lang='lat' dir='ltr'><strong>videtur,</strong></span> <span class='ocrx_word' id='word_1_513' title='bbox 629 3449 816 3518; x_wconf 80' lang='lat' dir='ltr'><strong>rigare.</strong></span> <span class='ocrx_word' id='word_1_514' title='bbox 841 3447 894 3501; x_wconf 89' lang='lat' dir='ltr'><strong>ld</strong></span> <span class='ocrx_word' id='word_1_515' title='bbox 919 3447 1315 3518; x_wconf 26' lang='lat' dir='ltr'><strong>mihi‘apprime</strong></span> <span class='ocrx_word' id='word_1_516' title='bbox 1343 3449 1531 3515; x_wconf 86' lang='lat' dir='ltr'><strong>placet,</strong></span> <span class='ocrx_word' id='word_1_517' title='bbox 1555 3457 1608 3502; x_wconf 90' lang='lat' dir='ltr'><strong>et</strong></span> <span class='ocrx_word' id='word_1_518' title='bbox 1638 3462 1859 3517; x_wconf 85' lang='lat' dir='ltr'><strong>respon-</strong></span> 
     </span>
    </p>
   </div>
   <div class='ocr_carea' id='block_1_76' title="bbox 285 3515 1858 3587">
    <p class='ocr_par' dir='ltr' id='par_1_76' title="bbox 285 3515 1858 3587">
     <span class='ocr_line' id='line_1_76' title="bbox 285 3515 1858 3587; baseline -0.001 -13"><span class='ocrx_word' id='word_1_519' title='bbox 285 3523 381 3576; x_wconf 82' lang='lat' dir='ltr'><strong>det</strong></span> <span class='ocrx_word' id='word_1_520' title='bbox 405 3535 594 3575; x_wconf 83' lang='lat' dir='ltr'><strong>versus</strong></span> <span class='ocrx_word' id='word_1_521' title='bbox 624 3515 854 3587; x_wconf 70' lang='lat' dir='ltr'><strong>sequens</strong></span> <span class='ocrx_word' id='word_1_522' title='bbox 890 3526 937 3570; x_wconf 85' lang='lat' dir='ltr'><strong>et</strong></span> <span class='ocrx_word' id='word_1_523' title='bbox 981 3515 1135 3569; x_wconf 86' lang='lat' dir='ltr'><strong>nullis</strong></span> <span class='ocrx_word' id='word_1_524' title='bbox 1175 3516 1392 3587; x_wconf 78' lang='lat' dir='ltr'><strong>violatur</strong></span> <span class='ocrx_word' id='word_1_525' title='bbox 1417 3518 1678 3587; x_wconf 70' lang='lat' dir='ltr'><strong>terminus</strong></span> <span class='ocrx_word' id='word_1_526' title='bbox 1708 3515 1858 3585; x_wconf 57' lang='lat' dir='ltr'><strong>eatis,</strong></span> 
     </span>
    </p>
   </div>
   <div class='ocr_carea' id='block_1_77' title="bbox 285 3585 1861 3656">
    <p class='ocr_par' dir='ltr' id='par_1_77' title="bbox 285 3585 1861 3656">
     <span class='ocr_line' id='line_1_77' title="bbox 285 3585 1861 3656; baseline -0.003 -9"><span class='ocrx_word' id='word_1_527' title='bbox 285 3592 392 3646; x_wconf 81' lang='lat' dir='ltr'><strong>hoc</strong></span> <span class='ocrx_word' id='word_1_528' title='bbox 421 3598 530 3655; x_wconf 89' lang='lat' dir='ltr'><strong>est,</strong></span> <span class='ocrx_word' id='word_1_529' title='bbox 562 3585 725 3643; x_wconf 74' lang='lat' dir='ltr'><strong>nullis</strong></span> <span class='ocrx_word' id='word_1_530' title='bbox 768 3587 982 3656; x_wconf 87' lang='lat' dir='ltr'><strong>ungitur</strong></span> <span class='ocrx_word' id='word_1_531' title='bbox 1009 3587 1175 3652; x_wconf 79' lang='lat' dir='ltr'><strong>extis,</strong></span> <span class='ocrx_word' id='word_1_532' title='bbox 1216 3586 1357 3656; x_wconf 81' lang='lat' dir='ltr'><strong>quod</strong></span> <span class='ocrx_word' id='word_1_533' title='bbox 1383 3585 1450 3640; x_wconf 84' lang='lat' dir='ltr'><strong>ab</strong></span> <span class='ocrx_word' id='word_1_534' title='bbox 1488 3587 1719 3642; x_wconf 88' lang='lat' dir='ltr'><strong>ethnicis</strong></span> <span class='ocrx_word' id='word_1_535' title='bbox 1747 3589 1861 3644; x_wconf 88' lang='lat' dir='ltr'><strong>ﬁeri</strong></span> 
     </span>
    </p>
   </div>
   <div class='ocr_carea' id='block_1_78' title="bbox 288 3655 1864 3729">
    <p class='ocr_par' dir='ltr' id='par_1_78' title="bbox 288 3655 1864 3729">
     <span class='ocr_line' id='line_1_78' title="bbox 288 3655 1864 3729; baseline -0.003 -12"><span class='ocrx_word' id='word_1_536' title='bbox 288 3662 529 3724; x_wconf 77' lang='lat' dir='ltr'><strong>solebat,</strong></span> <span class='ocrx_word' id='word_1_537' title='bbox 558 3667 711 3729; x_wconf 78' lang='lat' dir='ltr'><strong>utex</strong></span> <span class='ocrx_word' id='word_1_538' title='bbox 726 3655 905 3729; x_wconf 82' lang='lat' dir='ltr'><strong>Siculo</strong></span> <span class='ocrx_word' id='word_1_539' title='bbox 918 3656 1108 3729; x_wconf 75' lang='lat' dir='ltr'><strong>Flacco</strong></span> <span class='ocrx_word' id='word_1_540' title='bbox 1135 3664 1189 3711; x_wconf 92' lang='lat' dir='ltr'><strong>et</strong></span> <span class='ocrx_word' id='word_1_541' title='bbox 1209 3655 1438 3729; x_wconf 61' lang='lat' dir='ltr'><strong>Minucio</strong></span> <span class='ocrx_word' id='word_1_542' title='bbox 1467 3668 1710 3721; x_wconf 88' lang='lat' dir='ltr'><strong>constat;</strong></span> <span class='ocrx_word' id='word_1_543' title='bbox 1751 3659 1864 3729; x_wconf 88' lang='lat' dir='ltr'><strong>qui-</strong></span> 
     </span>
    </p>
   </div>
   <div class='ocr_carea' id='block_1_79' title="bbox 285 3725 1865 3796">
    <p class='ocr_par' dir='ltr' id='par_1_79' title="bbox 285 3725 1865 3796">
     <span class='ocr_line' id='line_1_79' title="bbox 285 3725 1865 3796; baseline -0.004 -10"><span class='ocrx_word' id='word_1_544' title='bbox 285 3731 392 3786; x_wconf 86' lang='lat' dir='ltr'><strong>bus</strong></span> <span class='ocrx_word' id='word_1_545' title='bbox 439 3729 580 3784; x_wconf 83' lang='lat' dir='ltr'><strong>adde</strong></span> <span class='ocrx_word' id='word_1_546' title='bbox 612 3727 904 3780; x_wconf 83' lang='lat' dir='ltr'><strong>Arnobiutn</strong></span> <span class='ocrx_word' id='word_1_547' title='bbox 951 3725 1096 3780; x_wconf 88' lang='lat' dir='ltr'><strong>lib.t</strong></span> <span class='ocrx_word' id='word_1_548' title='bbox 1137 3742 1152 3779; x_wconf 89' lang='lat'><strong>:</strong></span> <span class='ocrx_word' id='word_1_549' title='bbox 1196 3725 1464 3796; x_wconf 83' lang='lat' dir='ltr'><strong>Siquando</strong></span> <span class='ocrx_word' id='word_1_550' title='bbox 1505 3725 1865 3796; x_wconf 74' lang='lat' dir='ltr'><strong>conspexerant</strong></span> 
     </span>
    </p>
   </div>
   <div class='ocr_carea' id='block_1_80' title="bbox 284 3795 1851 3866">
    <p class='ocr_par' dir='ltr' id='par_1_80' title="bbox 284 3795 1851 3866">
     <span class='ocr_line' id='line_1_80' title="bbox 284 3795 1851 3866; baseline 0 -13"><span class='ocrx_word' id='word_1_551' title='bbox 284 3800 599 3858; x_wconf 68' lang='lat' dir='ltr'><strong>lubricum</strong></span> <span class='ocrx_word' id='word_1_552' title='bbox 625 3796 878 3866; x_wconf 74' lang='lat' dir='ltr'><strong>lapidem,</strong></span> <span class='ocrx_word' id='word_1_553' title='bbox 907 3801 954 3866; x_wconf 81' lang='lat' dir='ltr'><strong>et</strong></span> <span class='ocrx_word' id='word_1_554' title='bbox 997 3811 1060 3866; x_wconf 77' lang='lat' dir='ltr'><strong>es:</strong></span> <span class='ocrx_word' id='word_1_555' title='bbox 1095 3795 1214 3848; x_wconf 84' lang='lat' dir='ltr'><strong>olivi</strong></span> <span class='ocrx_word' id='word_1_556' title='bbox 1253 3795 1473 3866; x_wconf 85' lang='lat' dir='ltr'><strong>unguine</strong></span> <span class='ocrx_word' id='word_1_557' title='bbox 1510 3795 1851 3854; x_wconf 81' lang='lat' dir='ltr'><strong>sordidatum.</strong></span> 
     </span>
    </p>
   </div>
   <div class='ocr_carea' id='block_1_81' title="bbox 285 3865 1865 3938">
    <p class='ocr_par' dir='ltr' id='par_1_81' title="bbox 285 3865 1865 3938">
     <span class='ocr_line' id='line_1_81' title="bbox 285 3865 1865 3938; baseline -0.001 -16"><span class='ocrx_word' id='word_1_558' title='bbox 285 3870 562 3938; x_wconf 77' lang='lat' dir='ltr'><strong>Apuleius</strong></span> <span class='ocrx_word' id='word_1_559' title='bbox 588 3867 682 3924; x_wconf 86' lang='lat' dir='ltr'><strong>lib.</strong></span> <span class='ocrx_word' id='word_1_560' title='bbox 712 3880 730 3920; x_wconf 81' lang='grc' dir='ltr'><strong><em>ι</em></strong></span> <span class='ocrx_word' id='word_1_561' title='bbox 757 3865 966 3938; x_wconf 75' lang='lat' dir='ltr'><strong>Florid:</strong></span> <span class='ocrx_word' id='word_1_562' title='bbox 988 3865 1168 3934; x_wconf 79' lang='lat' dir='ltr'><strong>Neque</strong></span> <span class='ocrx_word' id='word_1_563' title='bbox 1205 3865 1549 3938; x_wconf 15' lang='lat' dir='ltr'><strong>enimrjustius</strong></span> <span class='ocrx_word' id='word_1_564' title='bbox 1568 3868 1865 3938; x_wconf 80' lang='lat' dir='ltr'><strong>religiosam</strong></span> 
     </span>
    </p>
   </div>
   <div class='ocr_carea' id='block_1_82' title="bbox 287 3935 1870 4005">
    <p class='ocr_par' dir='ltr' id='par_1_82' title="bbox 287 3935 1870 4005">
     <span class='ocr_line' id='line_1_82' title="bbox 287 3935 1870 4005; baseline -0.004 -10"><span class='ocrx_word' id='word_1_565' title='bbox 287 3935 493 4000; x_wconf 67' lang='lat' dir='ltr'><strong>moram</strong></span> <span class='ocrx_word' id='word_1_566' title='bbox 517 3938 701 3992; x_wconf 84' lang='lat' dir='ltr'><strong>viatori</strong></span> <span class='ocrx_word' id='word_1_567' title='bbox 727 3935 967 4004; x_wconf 81' lang='lat' dir='ltr'><strong>objecerit</strong></span> <span class='ocrx_word' id='word_1_568' title='bbox 995 3945 1083 3988; x_wconf 86' lang='lat' dir='ltr'><strong>aut</strong></span> <span class='ocrx_word' id='word_1_569' title='bbox 1123 3950 1214 3987; x_wconf 86' lang='lat' dir='ltr'><strong>ara</strong></span> <span class='ocrx_word' id='word_1_570' title='bbox 1235 3936 1445 4005; x_wconf 83' lang='lat' dir='ltr'><strong>floribus</strong></span> <span class='ocrx_word' id='word_1_571' title='bbox 1467 3935 1699 3989; x_wconf 82' lang='lat' dir='ltr'><strong>redimita</strong></span> <span class='ocrx_word' id='word_1_572' title='bbox 1725 3979 1739 3999; x_wconf 91' lang='lat'><strong>,</strong></span> <span class='ocrx_word' id='word_1_573' title='bbox 1781 3945 1870 3989; x_wconf 88' lang='lat' dir='ltr'><strong>aut</strong></span> 
     </span>
    </p>
   </div>
   <div class='ocr_carea' id='block_1_83' title="bbox 283 4006 1870 4079">
    <p class='ocr_par' dir='ltr' id='par_1_83' title="bbox 283 4006 1870 4079">
     <span class='ocr_line' id='line_1_83' title="bbox 283 4006 1870 4079; baseline 0.001 -21"><span class='ocrx_word' id='word_1_574' title='bbox 283 4009 544 4079; x_wconf 42' lang='lat' dir='ltr'><strong>“una</strong></span> <span class='ocrx_word' id='word_1_575' title='bbox 581 4006 846 4079; x_wconf 70' lang='lat' dir='ltr'><strong>frondibus</strong></span> <span class='ocrx_word' id='word_1_576' title='bbox 884 4006 1208 4079; x_wconf 78' lang='lat' dir='ltr'><strong>inumbrata,</strong></span> <span class='ocrx_word' id='word_1_577' title='bbox 1246 4015 1334 4058; x_wconf 87' lang='lat' dir='ltr'><strong>aut</strong></span> <span class='ocrx_word' id='word_1_578' title='bbox 1381 4021 1599 4079; x_wconf 80' lang='lat' dir='ltr'><strong>quercus</strong></span> <span class='ocrx_word' id='word_1_579' title='bbox 1634 4008 1870 4079; x_wconf 79' lang='lat' dir='ltr'><strong>cornibus</strong></span> 
     </span>
    </p>
   </div>
   <div class='ocr_carea' id='block_1_84' title="bbox 285 4074 1871 4146">
    <p class='ocr_par' dir='ltr' id='par_1_84' title="bbox 285 4074 1871 4146">
     <span class='ocr_line' id='line_1_84' title="bbox 285 4074 1871 4146; baseline -0.003 -14"><span class='ocrx_word' id='word_1_580' title='bbox 285 4074 532 4142; x_wconf 56' lang='lat' dir='ltr'><strong>onerata,</strong></span> <span class='ocrx_word' id='word_1_581' title='bbox 561 4074 652 4129; x_wconf 83' lang='lat' dir='ltr'><strong>aut</strong></span> <span class='ocrx_word' id='word_1_582' title='bbox 683 4077 827 4146; x_wconf 78' lang='lat' dir='ltr'><strong>fagus</strong></span> <span class='ocrx_word' id='word_1_583' title='bbox 857 4075 1072 4141; x_wconf 88' lang='lat' dir='ltr'><strong>pellibus</strong></span> <span class='ocrx_word' id='word_1_584' title='bbox 1098 4074 1492 4146; x_wconf 50' lang='lat' dir='ltr'><strong>coronatafvel</strong></span> <span class='ocrx_word' id='word_1_585' title='bbox 1531 4076 1683 4146; x_wconf 82' lang='lat' dir='ltr'><strong>etiam</strong></span> <span class='ocrx_word' id='word_1_586' title='bbox 1723 4074 1871 4130; x_wconf 85' lang='lat' dir='ltr'><strong>colli-</strong></span> 
     </span>
    </p>
   </div>
   <div class='ocr_carea' id='block_1_85' title="bbox 285 4144 1872 4216">
    <p class='ocr_par' dir='ltr' id='par_1_85' title="bbox 285 4144 1872 4216">
     <span class='ocr_line' id='line_1_85' title="bbox 285 4144 1872 4216; baseline -0.005 -8"><span class='ocrx_word' id='word_1_587' title='bbox 285 4149 444 4208; x_wconf 61' lang='grc' dir='ltr'><strong>σάω</strong></span> <span class='ocrx_word' id='word_1_588' title='bbox 471 4144 1087 4216; x_wconf 39' lang='lat' dir='ltr'><strong>sepimine—consecratus,</strong></span> <span class='ocrx_word' id='word_1_589' title='bbox 1127 4144 1202 4216; x_wconf 80' lang='lat' dir='ltr'><strong>vel</strong></span> <span class='ocrx_word' id='word_1_590' title='bbox 1226 4153 1434 4199; x_wconf 84' lang='lat' dir='ltr'><strong>truncus</strong></span> <span class='ocrx_word' id='word_1_591' title='bbox 1473 4144 1730 4199; x_wconf 85' lang='lat' dir='ltr'><strong>dolamine</strong></span> <span class='ocrx_word' id='word_1_592' title='bbox 1767 4147 1872 4216; x_wconf 75' lang='lat' dir='ltr'><strong>eﬂi-</strong></span> 
     </span>
    </p>
   </div>
   <div class='ocr_carea' id='block_1_86' title="bbox 284 4213 1874 4288">
    <p class='ocr_par' dir='ltr' id='par_1_86' title="bbox 284 4213 1874 4288">
     <span class='ocr_line' id='line_1_86' title="bbox 284 4213 1874 4288; baseline -0.002 -16"><span class='ocrx_word' id='word_1_593' title='bbox 284 4220 468 4288; x_wconf 79' lang='lat' dir='ltr'><strong>giattts</strong></span> <span class='ocrx_word' id='word_1_594' title='bbox 490 4257 505 4281; x_wconf 84' lang='lat'><strong>.</strong></span> <span class='ocrx_word' id='word_1_595' title='bbox 534 4213 616 4288; x_wconf 68' lang='lat' dir='ltr'><strong>vel</strong></span> <span class='ocrx_word' id='word_1_596' title='bbox 656 4231 833 4288; x_wconf 69' lang='lat' dir='ltr'><strong>cespes</strong></span> <span class='ocrx_word' id='word_1_597' title='bbox 854 4215 1091 4269; x_wconf 77' lang='lat' dir='ltr'><strong>libamine</strong></span> <span class='ocrx_word' id='word_1_598' title='bbox 1130 4215 1423 4288; x_wconf 73' lang='lat' dir='ltr'><strong>[mmigth</strong></span> <span class='ocrx_word' id='word_1_599' title='bbox 1443 4255 1458 4278; x_wconf 91' lang='lat'><strong>,</strong></span> <span class='ocrx_word' id='word_1_600' title='bbox 1498 4216 1580 4288; x_wconf 77' lang='lat' dir='ltr'><strong>vel</strong></span> <span class='ocrx_word' id='word_1_601' title='bbox 1605 4216 1738 4285; x_wconf 86' lang='lat' dir='ltr'><strong>lapis</strong></span> <span class='ocrx_word' id='word_1_602' title='bbox 1777 4213 1874 4288; x_wconf 76' lang='lat' dir='ltr'><strong>un-</strong></span> 
     </span>
    </p>
   </div>
   <div class='ocr_carea' id='block_1_87' title="bbox 286 4283 1874 4360">
    <p class='ocr_par' dir='ltr' id='par_1_87' title="bbox 286 4283 1874 4360">
     <span class='ocr_line' id='line_1_87' title="bbox 286 4283 1874 4360; baseline -0.009 -17"><span class='ocrx_word' id='word_1_603' title='bbox 286 4283 455 4360; x_wconf 59' lang='lat' dir='ltr'><strong>&#39;gstine</strong></span> <span class='ocrx_word' id='word_1_604' title='bbox 478 4283 758 4360; x_wconf 72' lang='lat' dir='ltr'><strong>delibutus.</strong></span> <span class='ocrx_word' id='word_1_605' title='bbox 790 4283 902 4360; x_wconf 75' lang='lat' dir='ltr'><strong>Non</strong></span> <span class='ocrx_word' id='word_1_606' title='bbox 935 4297 1063 4340; x_wconf 85' lang='lat' dir='ltr'><strong>vero</strong></span> <span class='ocrx_word' id='word_1_607' title='bbox 1089 4283 1588 4360; x_wconf 73' lang='lat' dir='ltr'><strong>assentior_&#39;1‘eolio,</strong></span> <span class='ocrx_word' id='word_1_608' title='bbox 1630 4283 1719 4355; x_wconf 87' lang='lat' dir='ltr'><strong>qui</strong></span> <span class='ocrx_word' id='word_1_609' title='bbox 1749 4287 1874 4342; x_wconf 73' lang='lat' dir='ltr'><strong>exi-</strong></span> 
     </span>
    </p>
   </div>
   <div class='ocr_carea' id='block_1_88' title="bbox 287 4353 1874 4427">
    <p class='ocr_par' dir='ltr' id='par_1_88' title="bbox 287 4353 1874 4427">
     <span class='ocr_line' id='line_1_88' title="bbox 287 4353 1874 4427; baseline -0.001 -15"><span class='ocrx_word' id='word_1_610' title='bbox 287 4353 508 4421; x_wconf 65' lang='lat' dir='ltr'><strong>Etimat,</strong></span> <span class='ocrx_word' id='word_1_611' title='bbox 523 4357 735 4427; x_wconf 74' lang='lat' dir='ltr'><strong>gallina:</strong></span> <span class='ocrx_word' id='word_1_612' title='bbox 757 4356 996 4427; x_wconf 75' lang='lat' dir='ltr'><strong>pulmone</strong></span> <span class='ocrx_word' id='word_1_613' title='bbox 1021 4369 1205 4425; x_wconf 81' lang='lat' dir='ltr'><strong>rogare</strong></span> <span class='ocrx_word' id='word_1_614' title='bbox 1224 4353 1543 4427; x_wconf 73' lang='lat' dir='ltr'><strong>signiﬁcare</strong></span> <span class='ocrx_word' id='word_1_615' title='bbox 1563 4353 1874 4410; x_wconf 83' lang='lat' dir='ltr'><strong>consuetum</strong></span> 
     </span>
    </p>
   </div>
   <div class='ocr_carea' id='block_1_89' title="bbox 290 4424 1878 4496">
    <p class='ocr_par' dir='ltr' id='par_1_89' title="bbox 290 4424 1878 4496">
     <span class='ocr_line' id='line_1_89' title="bbox 290 4424 1878 4496; baseline -0.001 -14"><span class='ocrx_word' id='word_1_616' title='bbox 290 4424 542 4496; x_wconf 73' lang='lat' dir='ltr'><strong>auspicia</strong></span> <span class='ocrx_word' id='word_1_617' title='bbox 569 4425 817 4492; x_wconf 81' lang='lat' dir='ltr'><strong>captandi</strong></span> <span class='ocrx_word' id='word_1_618' title='bbox 848 4427 1006 4496; x_wconf 74' lang='lat' dir='ltr'><strong>ritum</strong></span> <span class='ocrx_word' id='word_1_619' title='bbox 1038 4424 1131 4496; x_wconf 85' lang='lat' dir='ltr'><strong>per</strong></span> <span class='ocrx_word' id='word_1_620' title='bbox 1149 4424 1330 4496; x_wconf 83' lang='lat' dir='ltr'><strong>avium</strong></span> <span class='ocrx_word' id='word_1_621' title='bbox 1359 4433 1411 4477; x_wconf 85' lang='lat' dir='ltr'><strong>et</strong></span> <span class='ocrx_word' id='word_1_622' title='bbox 1437 4439 1683 4494; x_wconf 85' lang='lat' dir='ltr'><strong>pecorum</strong></span> <span class='ocrx_word' id='word_1_623' title='bbox 1713 4427 1878 4480; x_wconf 83' lang='lat' dir='ltr'><strong>visce-</strong></span> 
     </span>
    </p>
   </div>
   <div class='ocr_carea' id='block_1_90' title="bbox 292 4494 1878 4565">
    <p class='ocr_par' dir='ltr' id='par_1_90' title="bbox 292 4494 1878 4565">
     <span class='ocr_line' id='line_1_90' title="bbox 292 4494 1878 4565; baseline -0.004 -9"><span class='ocrx_word' id='word_1_624' title='bbox 292 4494 423 4556; x_wconf 73' lang='grc' dir='ltr'><strong>1⁵1ιηὶ</strong></span> <span class='ocrx_word' id='word_1_625' title='bbox 465 4496 877 4565; x_wconf 67' lang='lat' dir='ltr'><strong>inapeetiouem.</strong></span> <span class='ocrx_word' id='word_1_626' title='bbox 920 4494 1265 4565; x_wconf 72' lang='lat' dir='ltr'><strong>Victitnarum</strong></span> <span class='ocrx_word' id='word_1_627' title='bbox 1296 4495 1546 4549; x_wconf 77' lang='lat' dir='ltr'><strong>intesﬁna</strong></span> <span class='ocrx_word' id='word_1_628' title='bbox 1578 4497 1628 4548; x_wconf 90' lang='lat' dir='ltr'><strong>in</strong></span> <span class='ocrx_word' id='word_1_629' title='bbox 1673 4496 1878 4550; x_wconf 82' lang='lat' dir='ltr'><strong>sacriﬁ-</strong></span> 
     </span>
    </p>
   </div>
   <div class='ocr_carea' id='block_1_91' title="bbox 291 4564 1881 4633">
    <p class='ocr_par' dir='ltr' id='par_1_91' title="bbox 291 4564 1881 4633">
     <span class='ocr_line' id='line_1_91' title="bbox 291 4564 1881 4633; baseline -0.001 -12"><span class='ocrx_word' id='word_1_630' title='bbox 291 4568 448 4622; x_wconf 82' lang='lat' dir='ltr'><strong>cium</strong></span> <span class='ocrx_word' id='word_1_631' title='bbox 472 4564 807 4622; x_wconf 39' lang='lat' dir='ltr'><strong>ab’ethnicis</strong></span> <span class='ocrx_word' id='word_1_632' title='bbox 831 4564 1012 4621; x_wconf 86' lang='lat' dir='ltr'><strong>offerri</strong></span> <span class='ocrx_word' id='word_1_633' title='bbox 1051 4566 1394 4619; x_wconf 83' lang='lat' dir='ltr'><strong>consuevisse</strong></span> <span class='ocrx_word' id='word_1_634' title='bbox 1437 4565 1770 4633; x_wconf 80' lang='lat' dir='ltr'><strong>exploratum</strong></span> <span class='ocrx_word' id='word_1_635' title='bbox 1799 4575 1881 4620; x_wconf 89' lang='lat' dir='ltr'><strong>cst</strong></span> 
     </span>
    </p>
   </div>
   <div class='ocr_carea' id='block_1_92' title="bbox 295 4634 1882 4703">
    <p class='ocr_par' dir='ltr' id='par_1_92' title="bbox 295 4634 1882 4703">
     <span class='ocr_line' id='line_1_92' title="bbox 295 4634 1882 4703; baseline -0.001 -12"><span class='ocrx_word' id='word_1_636' title='bbox 295 4636 523 4696; x_wconf 66' lang='lat' dir='ltr'><strong>Persius</strong></span> <span class='ocrx_word' id='word_1_637' title='bbox 547 4645 652 4692; x_wconf 78' lang='lat' dir='ltr'><strong>sat.</strong></span> <span class='ocrx_word' id='word_1_638' title='bbox 676 4636 712 4692; x_wconf 73' lang='grc'><strong>2</strong></span> <span class='ocrx_word' id='word_1_639' title='bbox 739 4651 752 4690; x_wconf 87' lang='lat'><strong>:</strong></span> <span class='ocrx_word' id='word_1_640' title='bbox 790 4635 891 4690; x_wconf 84' lang='lat' dir='ltr'><strong>Aut</strong></span> <span class='ocrx_word' id='word_1_641' title='bbox 914 4634 1156 4703; x_wconf 79' lang='lat' dir='ltr'><strong>quidnam</strong></span> <span class='ocrx_word' id='word_1_642' title='bbox 1187 4645 1275 4697; x_wconf 85' lang='lat' dir='ltr'><strong>est,</strong></span> <span class='ocrx_word' id='word_1_643' title='bbox 1301 4651 1400 4702; x_wconf 85' lang='lat' dir='ltr'><strong>qua</strong></span> <span class='ocrx_word' id='word_1_644' title='bbox 1427 4644 1480 4688; x_wconf 88' lang='lat' dir='ltr'><strong>tu</strong></span> <span class='ocrx_word' id='word_1_645' title='bbox 1508 4638 1734 4690; x_wconf 75' lang='lat' dir='ltr'><strong>mercede</strong></span> <span class='ocrx_word' id='word_1_646' title='bbox 1760 4639 1882 4690; x_wconf 91' lang='lat' dir='ltr'><strong>deo-</strong></span> 
     </span>
    </p>
   </div>
   <div class='ocr_carea' id='block_1_93' title="bbox 298 4704 1780 4772">
    <p class='ocr_par' dir='ltr' id='par_1_93' title="bbox 298 4704 1780 4772">
     <span class='ocr_line' id='line_1_93' title="bbox 298 4704 1780 4772; baseline 0.001 -14"><span class='ocrx_word' id='word_1_647' title='bbox 298 4722 425 4762; x_wconf 75' lang='lat' dir='ltr'><strong>rum</strong></span> <span class='ocrx_word' id='word_1_648' title='bbox 456 4705 656 4764; x_wconf 64' lang='lat' dir='ltr'><strong>timeris</strong></span> <span class='ocrx_word' id='word_1_649' title='bbox 687 4704 986 4760; x_wconf 77' lang='lat' dir='ltr'><strong>auriculas?</strong></span> <span class='ocrx_word' id='word_1_650' title='bbox 1011 4704 1249 4772; x_wconf 84' lang='lat' dir='ltr'><strong>pulmone</strong></span> <span class='ocrx_word' id='word_1_651' title='bbox 1273 4715 1317 4756; x_wconf 87' lang='lat' dir='ltr'><strong>et</strong></span> <span class='ocrx_word' id='word_1_652' title='bbox 1344 4706 1554 4758; x_wconf 83' lang='lat' dir='ltr'><strong>lactibus</strong></span> <span class='ocrx_word' id='word_1_653' title='bbox 1581 4707 1780 4760; x_wconf 85' lang='lat' dir='ltr'><strong>unctis?</strong></span> 
     </span>
    </p>
   </div>
   <div class='ocr_carea' id='block_1_94' title="bbox 1963 3461 2352 3516">
    <p class='ocr_par' dir='ltr' id='par_1_94' title="bbox 1963 3461 2352 3516">
     <span class='ocr_line' id='line_1_94' title="bbox 1963 3461 2352 3516; baseline 0.01 -19"><span class='ocrx_word' id='word_1_654' title='bbox 1963 3461 2352 3516; x_wconf 81' lang='lat' dir='ltr'><strong>perseverasse.</strong></span> 
     </span>
    </p>
   </div>
   <div class='ocr_carea' id='block_1_95' title="bbox 2034 3515 3148 3586">
    <p class='ocr_par' dir='ltr' id='par_1_95' title="bbox 2034 3515 3148 3586">
     <span class='ocr_line' id='line_1_95' title="bbox 2034 3515 3148 3586; baseline 0.001 -15"><span class='ocrx_word' id='word_1_655' title='bbox 2034 3516 2194 3572; x_wconf 88' lang='lat' dir='ltr'><strong>10l0.</strong></span> <span class='ocrx_word' id='word_1_656' title='bbox 2219 3515 2712 3578; x_wconf 86' lang='lat' dir='ltr'><strong>Widm.,servebat:</strong></span> <span class='ocrx_word' id='word_1_657' title='bbox 2749 3518 2869 3586; x_wconf 82' lang='lat' dir='ltr'><strong>lege</strong></span> <span class='ocrx_word' id='word_1_658' title='bbox 2898 3516 3148 3572; x_wconf 77' lang='lat' dir='ltr'><strong>servabat.</strong></span> 
     </span>
    </p>
   </div>
   <div class='ocr_carea' id='block_1_96' title="bbox 2036 3586 3536 3657">
    <p class='ocr_par' dir='ltr' id='par_1_96' title="bbox 2036 3586 3536 3657">
     <span class='ocr_line' id='line_1_96' title="bbox 2036 3586 3536 3657; baseline -0.002 -17"><span class='ocrx_word' id='word_1_659' title='bbox 2036 3587 2202 3657; x_wconf 79' lang='lat'><strong>1015.</strong></span> <span class='ocrx_word' id='word_1_660' title='bbox 2218 3586 2587 3657; x_wconf 76' lang='lat' dir='ltr'><strong>Ald.,Weitz..</strong></span> <span class='ocrx_word' id='word_1_661' title='bbox 2605 3587 2744 3652; x_wconf 86' lang='lat' dir='ltr'><strong>Gis.,</strong></span> <span class='ocrx_word' id='word_1_662' title='bbox 2762 3597 3022 3655; x_wconf 83' lang='lat' dir='ltr'><strong>temperat.</strong></span> <span class='ocrx_word' id='word_1_663' title='bbox 3041 3586 3310 3657; x_wconf 84' lang='lat' dir='ltr'><strong>Heinsiani</strong></span> <span class='ocrx_word' id='word_1_664' title='bbox 3333 3588 3536 3657; x_wconf 74' lang='lat' dir='ltr'><strong>scripti,</strong></span> 
     </span>
    </p>
   </div>
   <div class='ocr_carea' id='block_1_97' title="bbox 1967 3655 3538 3726">
    <p class='ocr_par' dir='ltr' id='par_1_97' title="bbox 1967 3655 3538 3726">
     <span class='ocr_line' id='line_1_97' title="bbox 1967 3655 3538 3726; baseline 0.001 -16"><span class='ocrx_word' id='word_1_665' title='bbox 1967 3655 2114 3722; x_wconf 65' lang='lat' dir='ltr'><strong>Rau,</strong></span> <span class='ocrx_word' id='word_1_666' title='bbox 2145 3656 2327 3726; x_wconf 77' lang='lat' dir='ltr'><strong>Alex.,</strong></span> <span class='ocrx_word' id='word_1_667' title='bbox 2355 3655 2484 3726; x_wconf 77' lang='lat' dir='ltr'><strong>Urb.</strong></span> <span class='ocrx_word' id='word_1_668' title='bbox 2518 3667 2570 3710; x_wconf 85' lang='lat' dir='ltr'><strong>et</strong></span> <span class='ocrx_word' id='word_1_669' title='bbox 2591 3657 2704 3721; x_wconf 84' lang='lat' dir='ltr'><strong>alii,</strong></span> <span class='ocrx_word' id='word_1_670' title='bbox 2731 3667 2986 3726; x_wconf 84' lang='lat' dir='ltr'><strong>temperet.</strong></span> <span class='ocrx_word' id='word_1_671' title='bbox 3013 3656 3162 3726; x_wconf 70' lang='grc' dir='ltr'><strong>Διά..</strong></span> <span class='ocrx_word' id='word_1_672' title='bbox 3191 3657 3399 3721; x_wconf 58' lang='lat' dir='ltr'><strong>licius.</strong></span> <span class='ocrx_word' id='word_1_673' title='bbox 3420 3655 3538 3713; x_wconf 75' lang='lat' dir='ltr'><strong>Gis.</strong></span> 
     </span>
    </p>
   </div>
   <div class='ocr_carea' id='block_1_98' title="bbox 1967 3724 3541 3793">
    <p class='ocr_par' dir='ltr' id='par_1_98' title="bbox 1967 3724 3541 3793">
     <span class='ocr_line' id='line_1_98' title="bbox 1967 3724 3541 3793; baseline 0.003 -14"><span class='ocrx_word' id='word_1_674' title='bbox 1967 3726 2022 3779; x_wconf 88' lang='lat' dir='ltr'><strong>in</strong></span> <span class='ocrx_word' id='word_1_675' title='bbox 2073 3735 2253 3791; x_wconf 81' lang='lat' dir='ltr'><strong>textu,</strong></span> <span class='ocrx_word' id='word_1_676' title='bbox 2305 3724 2482 3785; x_wconf 57' lang='lat' dir='ltr'><strong>Alcm,</strong></span> <span class='ocrx_word' id='word_1_677' title='bbox 2522 3726 2664 3793; x_wconf 80' lang='lat' dir='ltr'><strong>nat.,</strong></span> <span class='ocrx_word' id='word_1_678' title='bbox 2708 3724 2890 3788; x_wconf 60' lang='lat' dir='ltr'><strong>Fabia,</strong></span> <span class='ocrx_word' id='word_1_679' title='bbox 2940 3736 3028 3779; x_wconf 90' lang='lat' dir='ltr'><strong>aut</strong></span> <span class='ocrx_word' id='word_1_680' title='bbox 3081 3724 3300 3793; x_wconf 84' lang='lat' dir='ltr'><strong>pluvius,</strong></span> <span class='ocrx_word' id='word_1_681' title='bbox 3340 3729 3541 3784; x_wconf 87' lang='lat' dir='ltr'><strong>rectius</strong></span> 
     </span>
    </p>
   </div>
   <div class='ocr_carea' id='block_1_99' title="bbox 1968 3792 3109 3868">
    <p class='ocr_par' dir='ltr' id='par_1_99' title="bbox 1968 3792 3109 3868">
     <span class='ocr_line' id='line_1_99' title="bbox 1968 3792 3109 3868; baseline -0.001 -19"><span class='ocrx_word' id='word_1_682' title='bbox 1968 3811 2132 3868; x_wconf 81' lang='lat' dir='ltr'><strong>quam</strong></span> <span class='ocrx_word' id='word_1_683' title='bbox 2157 3795 2452 3868; x_wconf 71' lang='lat' dir='ltr'><strong>au_t_p_luviis</strong></span> <span class='ocrx_word' id='word_1_684' title='bbox 2475 3792 2692 3868; x_wconf 83' lang='lat' dir='ltr'><strong>Weitz.._</strong></span> <span class='ocrx_word' id='word_1_685' title='bbox 2704 3795 2815 3868; x_wconf 78' lang='lat' dir='ltr'><strong>Cis.</strong></span> <span class='ocrx_word' id='word_1_686' title='bbox 2845 3795 2920 3868; x_wconf 73' lang='lat' dir='ltr'><strong>ad</strong></span> <span class='ocrx_word' id='word_1_687' title='bbox 2942 3792 3109 3858; x_wconf 81' lang='lat' dir='ltr'><strong>oram,</strong></span> 
     </span>
    </p>
   </div>
   <div class='ocr_carea' id='block_1_100' title="bbox 1969 3937 2261 3990">
    <p class='ocr_par' dir='ltr' id='par_1_100' title="bbox 1969 3937 2261 3990">
     <span class='ocr_line' id='line_1_100' title="bbox 1969 3937 2261 3990; baseline -0.01 0"><span class='ocrx_word' id='word_1_688' title='bbox 1969 3937 2261 3990; x_wconf 74' lang='lat' dir='ltr'><strong>viventibus.</strong></span> 
     </span>
    </p>
   </div>
   <div class='ocr_carea' id='block_1_101' title="bbox 2044 4002 3544 4072">
    <p class='ocr_par' dir='ltr' id='par_1_101' title="bbox 2044 4002 3544 4072">
     <span class='ocr_line' id='line_1_101' title="bbox 2044 4002 3544 4072; baseline 0 -12"><span class='ocrx_word' id='word_1_689' title='bbox 2044 4006 2201 4060; x_wconf 78' lang='grc'><strong>1015.</strong></span> <span class='ocrx_word' id='word_1_690' title='bbox 2227 4005 2525 4061; x_wconf 88' lang='lat' dir='ltr'><strong>Gronovius</strong></span> <span class='ocrx_word' id='word_1_691' title='bbox 2555 4017 2673 4072; x_wconf 84' lang='lat' dir='ltr'><strong>cap.</strong></span> <span class='ocrx_word' id='word_1_692' title='bbox 2706 4003 2740 4057; x_wconf 84' lang='lat'><strong>5</strong></span> <span class='ocrx_word' id='word_1_693' title='bbox 2768 4002 3048 4070; x_wconf 78' lang='lat' dir='ltr'><strong>Observat.</strong></span> <span class='ocrx_word' id='word_1_694' title='bbox 3081 4003 3274 4058; x_wconf 89' lang='lat' dir='ltr'><strong>eccles.</strong></span> <span class='ocrx_word' id='word_1_695' title='bbox 3315 4002 3544 4070; x_wconf 84' lang='lat' dir='ltr'><strong>conjecit</strong></span> 
     </span>
    </p>
   </div>
   <div class='ocr_carea' id='block_1_102' title="bbox 1973 4073 3545 4143">
    <p class='ocr_par' dir='ltr' id='par_1_102' title="bbox 1973 4073 3545 4143">
     <span class='ocr_line' id='line_1_102' title="bbox 1973 4073 3545 4143; baseline -0.003 -12"><span class='ocrx_word' id='word_1_696' title='bbox 1973 4092 2126 4131; x_wconf 87' lang='lat' dir='ltr'><strong>censu</strong></span> <span class='ocrx_word' id='word_1_697' title='bbox 2154 4089 2250 4143; x_wconf 92' lang='lat' dir='ltr'><strong>pro</strong></span> <span class='ocrx_word' id='word_1_698' title='bbox 2279 4091 2430 4129; x_wconf 83' lang='lat' dir='ltr'><strong>sensu</strong></span> <span class='ocrx_word' id='word_1_699' title='bbox 2476 4090 2497 4129; x_wconf 87' lang='lat'><strong><em>:</em></strong></span> <span class='ocrx_word' id='word_1_700' title='bbox 2534 4089 2689 4142; x_wconf 87' lang='lat' dir='ltr'><strong>quam</strong></span> <span class='ocrx_word' id='word_1_701' title='bbox 2718 4075 3080 4142; x_wconf 84' lang='lat' dir='ltr'><strong>conjecturam</strong></span> <span class='ocrx_word' id='word_1_702' title='bbox 3107 4073 3240 4128; x_wconf 87' lang='lat' dir='ltr'><strong>satis</strong></span> <span class='ocrx_word' id='word_1_703' title='bbox 3263 4074 3545 4128; x_wconf 87' lang='lat' dir='ltr'><strong>conﬁrmat</strong></span> 
     </span>
    </p>
   </div>
   <div class='ocr_carea' id='block_1_103' title="bbox 1973 4143 3544 4214">
    <p class='ocr_par' dir='ltr' id='par_1_103' title="bbox 1973 4143 3544 4214">
     <span class='ocr_line' id='line_1_103' title="bbox 1973 4143 3544 4214; baseline -0.003 -12"><span class='ocrx_word' id='word_1_704' title='bbox 1973 4153 2216 4202; x_wconf 89' lang='lat' dir='ltr'><strong>correcto</strong></span> <span class='ocrx_word' id='word_1_705' title='bbox 2259 4146 2362 4200; x_wconf 89' lang='lat' dir='ltr'><strong>alio</strong></span> <span class='ocrx_word' id='word_1_706' title='bbox 2415 4145 2532 4202; x_wconf 88' lang='lat' dir='ltr'><strong>loco</strong></span> <span class='ocrx_word' id='word_1_707' title='bbox 2563 4144 2620 4200; x_wconf 91' lang='lat' dir='ltr'><strong>S.</strong></span> <span class='ocrx_word' id='word_1_708' title='bbox 2653 4143 2908 4214; x_wconf 86' lang='lat' dir='ltr'><strong>Cypriani</strong></span> <span class='ocrx_word' id='word_1_709' title='bbox 2957 4158 3034 4214; x_wconf 9' lang='lat' dir='ltr'><strong>ex,</strong></span> <span class='ocrx_word' id='word_1_710' title='bbox 3077 4144 3170 4214; x_wconf 75' lang='lat' dir='ltr'><strong>lib.</strong></span> <span class='ocrx_word' id='word_1_711' title='bbox 3225 4143 3293 4214; x_wconf 85' lang='lat' dir='ltr'><strong>de</strong></span> <span class='ocrx_word' id='word_1_712' title='bbox 3328 4143 3544 4214; x_wconf 86' lang='lat' dir='ltr'><strong>discipl.</strong></span> 
     </span>
    </p>
   </div>
   <div class='ocr_carea' id='block_1_104' title="bbox 1973 4212 3549 4284">
    <p class='ocr_par' dir='ltr' id='par_1_104' title="bbox 1973 4212 3549 4284">
     <span class='ocr_line' id='line_1_104' title="bbox 1973 4212 3549 4284; baseline -0.001 -14"><span class='ocrx_word' id='word_1_713' title='bbox 1973 4216 2242 4270; x_wconf 86' lang='lat' dir='ltr'><strong>Cauchius</strong></span> <span class='ocrx_word' id='word_1_714' title='bbox 2265 4215 2424 4270; x_wconf 81' lang='lat' dir='ltr'><strong>etiam</strong></span> <span class='ocrx_word' id='word_1_715' title='bbox 2450 4213 2679 4268; x_wconf 89' lang='lat' dir='ltr'><strong>malebat</strong></span> <span class='ocrx_word' id='word_1_716' title='bbox 2702 4212 2876 4282; x_wconf 73' lang='lat' dir='ltr'><strong>censu,</strong></span> <span class='ocrx_word' id='word_1_717' title='bbox 2901 4213 3041 4284; x_wconf 88' lang='lat' dir='ltr'><strong>quod</strong></span> <span class='ocrx_word' id='word_1_718' title='bbox 3068 4215 3120 4268; x_wconf 90' lang='lat' dir='ltr'><strong>in</strong></span> <span class='ocrx_word' id='word_1_719' title='bbox 3145 4213 3338 4269; x_wconf 88' lang='lat' dir='ltr'><strong>Boher.</strong></span> <span class='ocrx_word' id='word_1_720' title='bbox 3371 4212 3549 4280; x_wconf 80' lang='lat' dir='ltr'><strong>priore</strong></span> 
     </span>
    </p>
   </div>
   <div class='ocr_carea' id='block_1_105' title="bbox 1975 4284 3548 4352">
    <p class='ocr_par' dir='ltr' id='par_1_105' title="bbox 1975 4284 3548 4352">
     <span class='ocr_line' id='line_1_105' title="bbox 1975 4284 3548 4352; baseline -0.001 -12"><span class='ocrx_word' id='word_1_721' title='bbox 1975 4295 2245 4352; x_wconf 88' lang='lat' dir='ltr'><strong>repertum</strong></span> <span class='ocrx_word' id='word_1_722' title='bbox 2287 4285 2514 4352; x_wconf 88' lang='lat' dir='ltr'><strong>arripuit</strong></span> <span class='ocrx_word' id='word_1_723' title='bbox 2545 4284 2797 4339; x_wconf 85' lang='lat' dir='ltr'><strong>Heinsius</strong></span> <span class='ocrx_word' id='word_1_724' title='bbox 2827 4326 2840 4350; x_wconf 94' lang='lat'><strong>,</strong></span> <span class='ocrx_word' id='word_1_725' title='bbox 2873 4294 2926 4338; x_wconf 88' lang='lat' dir='ltr'><strong>et</strong></span> <span class='ocrx_word' id='word_1_726' title='bbox 2953 4299 3074 4338; x_wconf 91' lang='lat' dir='ltr'><strong>cum</strong></span> <span class='ocrx_word' id='word_1_727' title='bbox 3107 4298 3171 4338; x_wconf 88' lang='lat' dir='ltr'><strong>eo</strong></span> <span class='ocrx_word' id='word_1_728' title='bbox 3201 4284 3548 4339; x_wconf 89' lang='lat' dir='ltr'><strong>recentiores.</strong></span> 
     </span>
    </p>
   </div>
   <div class='ocr_carea' id='block_1_106' title="bbox 1977 4354 3550 4412">
    <p class='ocr_par' dir='ltr' id='par_1_106' title="bbox 1977 4354 3550 4412">
     <span class='ocr_line' id='line_1_106' title="bbox 1977 4354 3550 4412; baseline -0.004 -1"><span class='ocrx_word' id='word_1_729' title='bbox 1977 4355 2287 4411; x_wconf 77' lang='lat' dir='ltr'><strong>Gallandius</strong></span> <span class='ocrx_word' id='word_1_730' title='bbox 2336 4355 2484 4411; x_wconf 80' lang='lat' dir='ltr'><strong>addit</strong></span> <span class='ocrx_word' id='word_1_731' title='bbox 2527 4354 2582 4412; x_wconf 92' lang='lat' dir='ltr'><strong>in</strong></span> <span class='ocrx_word' id='word_1_732' title='bbox 2632 4363 2762 4410; x_wconf 89' lang='lat' dir='ltr'><strong>vett.</strong></span> <span class='ocrx_word' id='word_1_733' title='bbox 2809 4354 2932 4408; x_wconf 92' lang='lat' dir='ltr'><strong>edd.</strong></span> <span class='ocrx_word' id='word_1_734' title='bbox 2965 4354 3222 4408; x_wconf 89' lang='lat' dir='ltr'><strong>mendose</strong></span> <span class='ocrx_word' id='word_1_735' title='bbox 3251 4367 3368 4410; x_wconf 76' lang='lat' dir='ltr'><strong>esse</strong></span> <span class='ocrx_word' id='word_1_736' title='bbox 3396 4369 3550 4410; x_wconf 84' lang='lat' dir='ltr'><strong>sensu</strong></span> 
     </span>
    </p>
   </div>
   <div class='ocr_carea' id='block_1_107' title="bbox 1979 4423 3552 4495">
    <p class='ocr_par' dir='ltr' id='par_1_107' title="bbox 1979 4423 3552 4495">
     <span class='ocr_line' id='line_1_107' title="bbox 1979 4423 3552 4495; baseline -0.002 -16"><span class='ocrx_word' id='word_1_737' title='bbox 1979 4440 2076 4495; x_wconf 89' lang='lat' dir='ltr'><strong>pro</strong></span> <span class='ocrx_word' id='word_1_738' title='bbox 2104 4441 2278 4479; x_wconf 83' lang='lat' dir='ltr'><strong>censu.</strong></span> <span class='ocrx_word' id='word_1_739' title='bbox 2320 4423 2446 4482; x_wconf 75' lang='lat' dir='ltr'><strong>Mihi</strong></span> <span class='ocrx_word' id='word_1_740' title='bbox 2477 4438 2581 4495; x_wconf 88' lang='lat' dir='ltr'><strong>non</strong></span> <span class='ocrx_word' id='word_1_741' title='bbox 2605 4424 2848 4495; x_wconf 78' lang='lat' dir='ltr'><strong>displicet</strong></span> <span class='ocrx_word' id='word_1_742' title='bbox 2876 4424 3034 4495; x_wconf 82' lang='lat' dir='ltr'><strong>lectio</strong></span> <span class='ocrx_word' id='word_1_743' title='bbox 3063 4423 3221 4478; x_wconf 88' lang='lat' dir='ltr'><strong>codd.</strong></span> <span class='ocrx_word' id='word_1_744' title='bbox 3268 4438 3418 4478; x_wconf 84' lang='lat' dir='ltr'><strong>sensu</strong></span> <span class='ocrx_word' id='word_1_745' title='bbox 3431 4439 3464 4495; x_wconf 87' lang='lat'><strong><em>_:</em></strong></span> <span class='ocrx_word' id='word_1_746' title='bbox 3493 4433 3552 4480; x_wconf 91' lang='lat' dir='ltr'><strong>ut</strong></span> 
     </span>
    </p>
   </div>
   <div class='ocr_carea' id='block_1_108' title="bbox 1980 4491 3553 4566">
    <p class='ocr_par' dir='ltr' id='par_1_108' title="bbox 1980 4491 3553 4566">
     <span class='ocr_line' id='line_1_108' title="bbox 1980 4491 3553 4566; baseline -0.003 -16"><span class='ocrx_word' id='word_1_747' title='bbox 1980 4491 2122 4550; x_wconf 80' lang='lat' dir='ltr'><strong>enim</strong></span> <span class='ocrx_word' id='word_1_748' title='bbox 2151 4511 2290 4552; x_wconf 87' lang='lat' dir='ltr'><strong>vers.</strong></span> <span class='ocrx_word' id='word_1_749' title='bbox 2321 4508 2441 4566; x_wconf 86' lang='lat' dir='ltr'><strong>seq.</strong></span> <span class='ocrx_word' id='word_1_750' title='bbox 2465 4494 2539 4550; x_wconf 87' lang='lat' dir='ltr'><strong>ait</strong></span> <span class='ocrx_word' id='word_1_751' title='bbox 2578 4502 2756 4566; x_wconf 83' lang='lat' dir='ltr'><strong>poeta,</strong></span> <span class='ocrx_word' id='word_1_752' title='bbox 2789 4492 3123 4566; x_wconf 72' lang='lat' dir='ltr'><strong>Christianos</strong></span> <span class='ocrx_word' id='word_1_753' title='bbox 3149 4509 3250 4548; x_wconf 75' lang='lat' dir='ltr'><strong>non</strong></span> <span class='ocrx_word' id='word_1_754' title='bbox 3295 4491 3553 4566; x_wconf 73' lang='lat' dir='ltr'><strong>exsultare</strong></span> 
     </span>
    </p>
   </div>
   <div class='ocr_carea' id='block_1_109' title="bbox 1982 4561 3554 4628">
    <p class='ocr_par' dir='ltr' id='par_1_109' title="bbox 1982 4561 3554 4628">
     <span class='ocr_line' id='line_1_109' title="bbox 1982 4561 3554 4628; baseline -0.001 -10"><span class='ocrx_word' id='word_1_755' title='bbox 1982 4566 2150 4619; x_wconf 86' lang='lat' dir='ltr'><strong>studio</strong></span> <span class='ocrx_word' id='word_1_756' title='bbox 2171 4581 2322 4620; x_wconf 81' lang='lat' dir='ltr'><strong>avaro</strong></span> <span class='ocrx_word' id='word_1_757' title='bbox 2352 4561 2410 4617; x_wconf 64' lang='lat' dir='ltr'><strong>in&#39;</strong></span> <span class='ocrx_word' id='word_1_758' title='bbox 2425 4561 2644 4628; x_wconf 77' lang='lat' dir='ltr'><strong>lucrum,</strong></span> <span class='ocrx_word' id='word_1_759' title='bbox 2672 4565 2741 4616; x_wconf 88' lang='lat' dir='ltr'><strong>ita</strong></span> <span class='ocrx_word' id='word_1_760' title='bbox 2765 4577 2907 4621; x_wconf 88' lang='lat' dir='ltr'><strong>nunc</strong></span> <span class='ocrx_word' id='word_1_761' title='bbox 2926 4562 3155 4618; x_wconf 88' lang='lat' dir='ltr'><strong>afﬁrmat</strong></span> <span class='ocrx_word' id='word_1_762' title='bbox 3182 4579 3276 4620; x_wconf 89' lang='lat' dir='ltr'><strong>eos</strong></span> <span class='ocrx_word' id='word_1_763' title='bbox 3302 4578 3404 4618; x_wconf 87' lang='lat' dir='ltr'><strong>non</strong></span> <span class='ocrx_word' id='word_1_764' title='bbox 3425 4561 3554 4616; x_wconf 81' lang='lat' dir='ltr'><strong>solvi</strong></span> 
     </span>
    </p>
   </div>
   <div class='ocr_carea' id='block_1_110' title="bbox 1984 4632 3555 4707">
    <p class='ocr_par' dir='ltr' id='par_1_110' title="bbox 1984 4632 3555 4707">
     <span class='ocr_line' id='line_1_110' title="bbox 1984 4632 3555 4707; baseline -0.001 -18"><span class='ocrx_word' id='word_1_765' title='bbox 1984 4639 2155 4707; x_wconf 82' lang='lat' dir='ltr'><strong>amplo</strong></span> <span class='ocrx_word' id='word_1_766' title='bbox 2185 4651 2334 4707; x_wconf 83' lang='lat' dir='ltr'><strong>sensu</strong></span> <span class='ocrx_word' id='word_1_767' title='bbox 2375 4635 2426 4687; x_wconf 90' lang='lat' dir='ltr'><strong>in</strong></span> <span class='ocrx_word' id='word_1_768' title='bbox 2454 4633 2664 4707; x_wconf 82' lang='lat' dir='ltr'><strong>gaudia.</strong></span> <span class='ocrx_word' id='word_1_769' title='bbox 2691 4632 2804 4690; x_wconf 88' lang='lat' dir='ltr'><strong>Non</strong></span> <span class='ocrx_word' id='word_1_770' title='bbox 2833 4642 3010 4688; x_wconf 89' lang='lat' dir='ltr'><strong>tamen</strong></span> <span class='ocrx_word' id='word_1_771' title='bbox 3040 4633 3410 4707; x_wconf 80' lang='lat' dir='ltr'><strong>dissimulabo,</strong></span> <span class='ocrx_word' id='word_1_772' title='bbox 3441 4633 3555 4707; x_wconf 74' lang='lat' dir='ltr'><strong>epi-</strong></span> 
     </span>
    </p>
   </div>
   <div class='ocr_carea' id='block_1_111' title="bbox 1989 4702 3482 4772">
    <p class='ocr_par' dir='ltr' id='par_1_111' title="bbox 1989 4702 3482 4772">
     <span class='ocr_line' id='line_1_111' title="bbox 1989 4702 3482 4772; baseline -0.002 -12"><span class='ocrx_word' id='word_1_773' title='bbox 1989 4702 2172 4760; x_wconf 76' lang='lat' dir='ltr'><strong>theton</strong></span> <span class='ocrx_word' id='word_1_774' title='bbox 2198 4706 2368 4772; x_wconf 77' lang='lat' dir='ltr'><strong>amplo</strong></span> <span class='ocrx_word' id='word_1_775' title='bbox 2400 4702 2566 4772; x_wconf 79' lang='lat' dir='ltr'><strong>magis</strong></span> <span class='ocrx_word' id='word_1_776' title='bbox 2591 4717 2884 4771; x_wconf 82' lang='lat' dir='ltr'><strong>congruere</strong></span> <span class='ocrx_word' id='word_1_777' title='bbox 2910 4703 3083 4759; x_wconf 85' lang='lat' dir='ltr'><strong>censui</strong></span> <span class='ocrx_word' id='word_1_778' title='bbox 3109 4717 3267 4770; x_wconf 87' lang='lat' dir='ltr'><strong>quam</strong></span> <span class='ocrx_word' id='word_1_779' title='bbox 3290 4702 3482 4757; x_wconf 81' lang='lat' dir='ltr'><strong>sensui.</strong></span> 
     </span>
    </p>
   </div>
   <div class='ocr_carea' id='block_1_112' title="bbox 2290 3863 3542 3934">
    <p class='ocr_par' dir='ltr' id='par_1_112' title="bbox 2290 3863 3542 3934">
     <span class='ocr_line' id='line_1_112' title="bbox 2290 3863 3542 3934; baseline 0.003 -16"><span class='ocrx_word' id='word_1_780' title='bbox 2290 3863 2442 3930; x_wconf 85' lang='lat' dir='ltr'><strong>idm.,</strong></span> <span class='ocrx_word' id='word_1_781' title='bbox 2477 3864 2818 3930; x_wconf 84' lang='lat' dir='ltr'><strong>venientibus;</strong></span> <span class='ocrx_word' id='word_1_782' title='bbox 2856 3865 2923 3918; x_wconf 90' lang='lat' dir='ltr'><strong>ad</strong></span> <span class='ocrx_word' id='word_1_783' title='bbox 2954 3879 3104 3920; x_wconf 89' lang='lat' dir='ltr'><strong>oram</strong></span> <span class='ocrx_word' id='word_1_784' title='bbox 3137 3873 3285 3922; x_wconf 84' lang='lat' dir='ltr'><strong>recte</strong></span> <span class='ocrx_word' id='word_1_785' title='bbox 3312 3867 3542 3934; x_wconf 89' lang='lat' dir='ltr'><strong>positum</strong></span> 
     </span>
    </p>
   </div>
   <div class='ocr_carea' id='block_1_113' title="bbox 376 4771 3554 4844">
    <p class='ocr_par' dir='ltr' id='par_1_113' title="bbox 376 4771 3554 4844">
     <span class='ocr_line' id='line_1_113' title="bbox 376 4771 3554 4844; baseline -0.002 -14"><span class='ocrx_word' id='word_1_786' title='bbox 376 4775 539 4831; x_wconf 85' lang='grc'><strong>1009.</strong></span> <span class='ocrx_word' id='word_1_787' title='bbox 566 4774 802 4844; x_wconf 82' lang='lat' dir='ltr'><strong>Lipsius,</strong></span> <span class='ocrx_word' id='word_1_788' title='bbox 819 4773 911 4830; x_wconf 79' lang='lat' dir='ltr'><strong>lib.</strong></span> <span class='ocrx_word' id='word_1_789' title='bbox 935 4790 950 4829; x_wconf 82' lang='grc' dir='ltr'><strong>ι</strong></span> <span class='ocrx_word' id='word_1_790' title='bbox 971 4771 1440 4842; x_wconf 75' lang='lat' dir='ltr'><strong>Elect.,cap.3,ex</strong></span> <span class='ocrx_word' id='word_1_791' title='bbox 1470 4775 1570 4829; x_wconf 92' lang='lat' dir='ltr'><strong>hoc</strong></span> <span class='ocrx_word' id='word_1_792' title='bbox 1599 4777 1716 4830; x_wconf 93' lang='lat' dir='ltr'><strong>loco</strong></span> <span class='ocrx_word' id='word_1_793' title='bbox 1739 4783 1886 4830; x_wconf 82' lang='lat' dir='ltr'><strong>notat</strong></span> <span class='ocrx_word' id='word_1_794' title='bbox 1911 4771 1962 4831; x_wconf 84' lang='grc' dir='ltr'><strong>Ι)</strong></span> <span class='ocrx_word' id='word_1_795' title='bbox 2061 4776 2217 4830; x_wconf 73' lang='grc'><strong>1021.</strong></span> <span class='ocrx_word' id='word_1_796' title='bbox 2247 4771 2514 4844; x_wconf 78' lang='lat' dir='ltr'><strong>Giselinus</strong></span> <span class='ocrx_word' id='word_1_797' title='bbox 2541 4773 2821 4844; x_wconf 76' lang='lat' dir='ltr'><strong>enallagen</strong></span> <span class='ocrx_word' id='word_1_798' title='bbox 2847 4772 3052 4844; x_wconf 79' lang='lat' dir='ltr'><strong>numeri</strong></span> <span class='ocrx_word' id='word_1_799' title='bbox 3081 4773 3321 4842; x_wconf 83' lang='lat' dir='ltr'><strong>agnoscit</strong></span> <span class='ocrx_word' id='word_1_800' title='bbox 3346 4773 3397 4828; x_wconf 90' lang='lat' dir='ltr'><strong>in</strong></span> <span class='ocrx_word' id='word_1_801' title='bbox 3423 4787 3554 4844; x_wconf 79' lang='lat' dir='ltr'><strong>qua-</strong></span> 
     </span>
    </p>
   </div>
   <div class='ocr_carea' id='block_1_114' title="bbox 296 4844 1884 4914">
    <p class='ocr_par' dir='ltr' id='par_1_114' title="bbox 296 4844 1884 4914">
     <span class='ocr_line' id='line_1_114' title="bbox 296 4844 1884 4914; baseline 0.001 -17"><span class='ocrx_word' id='word_1_802' title='bbox 296 4844 594 4914; x_wconf 73' lang='lat' dir='ltr'><strong>arboribus</strong></span> <span class='ocrx_word' id='word_1_803' title='bbox 621 4845 791 4903; x_wconf 69' lang='lat' dir='ltr'><strong>sacris</strong></span> <span class='ocrx_word' id='word_1_804' title='bbox 820 4853 1028 4899; x_wconf 80' lang='lat' dir='ltr'><strong>veteres</strong></span> <span class='ocrx_word' id='word_1_805' title='bbox 1071 4845 1391 4912; x_wconf 88' lang='lat' dir='ltr'><strong>appendisse</strong></span> <span class='ocrx_word' id='word_1_806' title='bbox 1419 4845 1661 4900; x_wconf 84' lang='lat' dir='ltr'><strong>lucernas</strong></span> <span class='ocrx_word' id='word_1_807' title='bbox 1703 4863 1716 4897; x_wconf 88' lang='lat'>:</span> <span class='ocrx_word' id='word_1_808' title='bbox 1761 4848 1884 4914; x_wconf 86' lang='lat' dir='ltr'><strong>quia</strong></span> 
     </span>
    </p>
   </div>
   <div class='ocr_carea' id='block_1_115' title="bbox 294 4913 1887 4984">
    <p class='ocr_par' dir='ltr' id='par_1_115' title="bbox 294 4913 1887 4984">
     <span class='ocr_line' id='line_1_115' title="bbox 294 4913 1887 4984; baseline 0 -16"><span class='ocrx_word' id='word_1_809' title='bbox 294 4913 522 4974; x_wconf 76' lang='lat' dir='ltr'><strong>scilicet</strong></span> <span class='ocrx_word' id='word_1_810' title='bbox 549 4927 639 4976; x_wconf 82' lang='lat' dir='ltr'><strong>res</strong></span> <span class='ocrx_word' id='word_1_811' title='bbox 666 4927 819 4973; x_wconf 76' lang='lat' dir='ltr'><strong>sacra</strong></span> <span class='ocrx_word' id='word_1_812' title='bbox 844 4923 960 4970; x_wconf 88' lang='lat' dir='ltr'><strong>erat</strong></span> <span class='ocrx_word' id='word_1_813' title='bbox 986 4915 1225 4980; x_wconf 82' lang='lat' dir='ltr'><strong>lucerna,</strong></span> <span class='ocrx_word' id='word_1_814' title='bbox 1250 4914 1490 4984; x_wconf 79' lang='lat' dir='ltr'><strong>adeoque</strong></span> <span class='ocrx_word' id='word_1_815' title='bbox 1519 4913 1799 4969; x_wconf 86' lang='lat' dir='ltr'><strong>sacriﬁculi</strong></span> <span class='ocrx_word' id='word_1_816' title='bbox 1833 4923 1887 4969; x_wconf 89' lang='lat' dir='ltr'><strong>et</strong></span> 
     </span>
    </p>
   </div>
   <div class='ocr_carea' id='block_1_116' title="bbox 293 4984 1884 5052">
    <p class='ocr_par' dir='ltr' id='par_1_116' title="bbox 293 4984 1884 5052">
     <span class='ocr_line' id='line_1_116' title="bbox 293 4984 1884 5052; baseline -0.003 -10"><span class='ocrx_word' id='word_1_817' title='bbox 293 4995 468 5044; x_wconf 73' lang='lat' dir='ltr'><strong>vates</strong></span> <span class='ocrx_word' id='word_1_818' title='bbox 514 4984 790 5044; x_wconf 73' lang='lat' dir='ltr'><strong>lucernam</strong></span> <span class='ocrx_word' id='word_1_819' title='bbox 839 4995 894 5038; x_wconf 86' lang='lat' dir='ltr'><strong>et</strong></span> <span class='ocrx_word' id='word_1_820' title='bbox 941 4985 1149 5038; x_wconf 88' lang='lat' dir='ltr'><strong>laurum</strong></span> <span class='ocrx_word' id='word_1_821' title='bbox 1195 4984 1550 5052; x_wconf 73' lang='lat' dir='ltr'><strong>prtefercbant</strong></span> <span class='ocrx_word' id='word_1_822' title='bbox 1576 5001 1641 5040; x_wconf 84' lang='lat' dir='ltr'><strong>ex</strong></span> <span class='ocrx_word' id='word_1_823' title='bbox 1683 4986 1884 5040; x_wconf 87' lang='lat' dir='ltr'><strong>Seneca</strong></span> 
     </span>
    </p>
   </div>
   <div class='ocr_carea' id='block_1_117' title="bbox 293 5053 1888 5122">
    <p class='ocr_par' dir='ltr' id='par_1_117' title="bbox 293 5053 1888 5122">
     <span class='ocr_line' id='line_1_117' title="bbox 293 5053 1888 5122; baseline 0.001 -16"><span class='ocrx_word' id='word_1_824' title='bbox 293 5055 376 5108; x_wconf 78' lang='lat' dir='ltr'><strong>de</strong></span> <span class='ocrx_word' id='word_1_825' title='bbox 391 5053 514 5111; x_wconf 74' lang='lat' dir='ltr'><strong>Vita</strong></span> <span class='ocrx_word' id='word_1_826' title='bbox 537 5053 690 5112; x_wconf 76' lang='lat' dir='ltr'><strong>beata</strong></span> <span class='ocrx_word' id='word_1_827' title='bbox 720 5053 945 5122; x_wconf 60' lang='grc' dir='ltr'><strong>θῆλυ.</strong></span> <span class='ocrx_word' id='word_1_828' title='bbox 969 5055 1209 5108; x_wconf 84' lang='lat' dir='ltr'><strong>Arborem</strong></span> <span class='ocrx_word' id='word_1_829' title='bbox 1233 5055 1462 5107; x_wconf 83' lang='lat' dir='ltr'><strong>vittatam</strong></span> <span class='ocrx_word' id='word_1_830' title='bbox 1489 5057 1619 5108; x_wconf 91' lang='lat' dir='ltr'><strong>dicit</strong></span> <span class='ocrx_word' id='word_1_831' title='bbox 1651 5055 1888 5112; x_wconf 83' lang='lat' dir='ltr'><strong>Pruden-</strong></span> 
     </span>
    </p>
   </div>
   <div class='ocr_carea' id='block_1_118' title="bbox 296 5123 1887 5193">
    <p class='ocr_par' dir='ltr' id='par_1_118' title="bbox 296 5123 1887 5193">
     <span class='ocr_line' id='line_1_118' title="bbox 296 5123 1887 5193; baseline 0.001 -14"><span class='ocrx_word' id='word_1_832' title='bbox 296 5123 450 5180; x_wconf 74' lang='lat' dir='ltr'><strong>tius.</strong></span> <span class='ocrx_word' id='word_1_833' title='bbox 471 5125 615 5193; x_wconf 80' lang='lat' dir='ltr'><strong>quia,</strong></span> <span class='ocrx_word' id='word_1_834' title='bbox 661 5132 718 5178; x_wconf 88' lang='lat' dir='ltr'><strong>ut</strong></span> <span class='ocrx_word' id='word_1_835' title='bbox 746 5123 904 5192; x_wconf 85' lang='lat' dir='ltr'><strong>paulo</strong></span> <span class='ocrx_word' id='word_1_836' title='bbox 925 5133 1050 5179; x_wconf 81' lang='lat' dir='ltr'><strong>ante</strong></span> <span class='ocrx_word' id='word_1_837' title='bbox 1079 5124 1326 5190; x_wconf 88' lang='lat' dir='ltr'><strong>vidimus,</strong></span> <span class='ocrx_word' id='word_1_838' title='bbox 1355 5124 1577 5179; x_wconf 84' lang='lat' dir='ltr'><strong>arbores</strong></span> <span class='ocrx_word' id='word_1_839' title='bbox 1606 5126 1768 5180; x_wconf 89' lang='lat' dir='ltr'><strong>etiam</strong></span> <span class='ocrx_word' id='word_1_840' title='bbox 1799 5140 1887 5180; x_wconf 85' lang='lat' dir='ltr'><strong>co-</strong></span> 
     </span>
    </p>
   </div>
   <div class='ocr_carea' id='block_1_119' title="bbox 294 5193 1889 5262">
    <p class='ocr_par' dir='ltr' id='par_1_119' title="bbox 294 5193 1889 5262">
     <span class='ocr_line' id='line_1_119' title="bbox 294 5193 1889 5262; baseline 0.001 -14"><span class='ocrx_word' id='word_1_841' title='bbox 294 5193 649 5252; x_wconf 77' lang='lat' dir='ltr'><strong>ronabantur</strong></span> <span class='ocrx_word' id='word_1_842' title='bbox 673 5211 687 5248; x_wconf 91' lang='lat'><strong>:</strong></span> <span class='ocrx_word' id='word_1_843' title='bbox 711 5194 780 5249; x_wconf 87' lang='lat' dir='ltr'><strong>de</strong></span> <span class='ocrx_word' id='word_1_844' title='bbox 809 5208 914 5262; x_wconf 90' lang='lat' dir='ltr'><strong>quo</strong></span> <span class='ocrx_word' id='word_1_845' title='bbox 942 5194 1108 5249; x_wconf 88' lang='lat' dir='ltr'><strong>videri</strong></span> <span class='ocrx_word' id='word_1_846' title='bbox 1134 5203 1356 5262; x_wconf 89' lang='lat' dir='ltr'><strong>possunt</strong></span> <span class='ocrx_word' id='word_1_847' title='bbox 1385 5195 1616 5262; x_wconf 89' lang='lat' dir='ltr'><strong>hymnus</strong></span> <span class='ocrx_word' id='word_1_848' title='bbox 1647 5195 1713 5249; x_wconf 85' lang='lat'><strong>10</strong></span> <span class='ocrx_word' id='word_1_849' title='bbox 1744 5196 1889 5249; x_wconf 85' lang='lat' dir='ltr'><strong>Peri-</strong></span> 
     </span>
    </p>
   </div>
   <div class='ocr_carea' id='block_1_120' title="bbox 293 5263 1888 5334">
    <p class='ocr_par' dir='ltr' id='par_1_120' title="bbox 293 5263 1888 5334">
     <span class='ocr_line' id='line_1_120' title="bbox 293 5263 1888 5334; baseline -0.001 -15"><span class='ocrx_word' id='word_1_850' title='bbox 293 5265 521 5334; x_wconf 70' lang='lat' dir='ltr'><strong>steph.,</strong></span> <span class='ocrx_word' id='word_1_851' title='bbox 551 5279 696 5334; x_wconf 81' lang='lat' dir='ltr'><strong>vers.</strong></span> <span class='ocrx_word' id='word_1_852' title='bbox 741 5263 864 5329; x_wconf 74' lang='lat'><strong>502,</strong></span> <span class='ocrx_word' id='word_1_853' title='bbox 887 5273 942 5319; x_wconf 90' lang='lat' dir='ltr'><strong>et</strong></span> <span class='ocrx_word' id='word_1_854' title='bbox 971 5279 1089 5334; x_wconf 72' lang='lat' dir='ltr'><strong>qua:</strong></span> <span class='ocrx_word' id='word_1_855' title='bbox 1128 5263 1730 5334; x_wconf 58' lang='lat' dir='ltr'><strong>notatt’t’inltelmannus</strong></span> <span class='ocrx_word' id='word_1_856' title='bbox 1755 5273 1888 5321; x_wconf 90' lang='lat' dir='ltr'><strong>tom.</strong></span> 
     </span>
    </p>
   </div>
   <div class='ocr_carea' id='block_1_121' title="bbox 1988 4840 3552 4914">
    <p class='ocr_par' dir='ltr' id='par_1_121' title="bbox 1988 4840 3552 4914">
     <span class='ocr_line' id='line_1_121' title="bbox 1988 4840 3552 4914; baseline -0.005 -14"><span class='ocrx_word' id='word_1_857' title='bbox 1988 4847 2083 4910; x_wconf 85' lang='lat' dir='ltr'><strong>les,</strong></span> <span class='ocrx_word' id='word_1_858' title='bbox 2119 4861 2272 4914; x_wconf 86' lang='lat' dir='ltr'><strong>quos,</strong></span> <span class='ocrx_word' id='word_1_859' title='bbox 2304 4853 2358 4914; x_wconf 88' lang='lat' dir='ltr'><strong>ut</strong></span> <span class='ocrx_word' id='word_1_860' title='bbox 2393 4843 2443 4898; x_wconf 91' lang='lat' dir='ltr'><strong>in</strong></span> <span class='ocrx_word' id='word_1_861' title='bbox 2476 4844 2566 4914; x_wconf 88' lang='lat' dir='ltr'><strong>illo</strong></span> <span class='ocrx_word' id='word_1_862' title='bbox 2589 4840 2826 4898; x_wconf 84' lang='lat' dir='ltr'><strong>Terentii</strong></span> <span class='ocrx_word' id='word_1_863' title='bbox 2857 4843 3070 4899; x_wconf 88' lang='lat' dir='ltr'><strong>Phorm.</strong></span> <span class='ocrx_word' id='word_1_864' title='bbox 3110 4840 3215 4899; x_wconf 77' lang='lat' dir='ltr'><strong>act.</strong></span> <span class='ocrx_word' id='word_1_865' title='bbox 3249 4860 3302 4914; x_wconf 82' lang='lat' dir='ltr'><strong>v,</strong></span> <span class='ocrx_word' id='word_1_866' title='bbox 3335 4856 3410 4898; x_wconf 87' lang='lat' dir='ltr'><strong>sc.</strong></span> <span class='ocrx_word' id='word_1_867' title='bbox 3445 4840 3504 4896; x_wconf 89' lang='grc'><strong>11</strong></span> <span class='ocrx_word' id='word_1_868' title='bbox 3538 4852 3552 4892; x_wconf 93' lang='lat'>:</span> 
     </span>
    </p>
   </div>
   <div class='ocr_carea' id='block_1_122' title="bbox 1991 4913 3551 4980">
    <p class='ocr_par' dir='ltr' id='par_1_122' title="bbox 1991 4913 3551 4980">
     <span class='ocr_line' id='line_1_122' title="bbox 1991 4913 3551 4980; baseline -0.004 -13"><span class='ocrx_word' id='word_1_869' title='bbox 1991 4917 2087 4980; x_wconf 84' lang='lat' dir='ltr'><strong>Qui</strong></span> <span class='ocrx_word' id='word_1_870' title='bbox 2115 4916 2236 4966; x_wconf 87' lang='lat' dir='ltr'><strong>mihi</strong></span> <span class='ocrx_word' id='word_1_871' title='bbox 2260 4953 2276 4979; x_wconf 94' lang='lat'><strong>,</strong></span> <span class='ocrx_word' id='word_1_872' title='bbox 2303 4913 2387 4967; x_wconf 88' lang='lat' dir='ltr'><strong>ubi</strong></span> <span class='ocrx_word' id='word_1_873' title='bbox 2415 4913 2483 4966; x_wconf 86' lang='lat' dir='ltr'><strong>ad</strong></span> <span class='ocrx_word' id='word_1_874' title='bbox 2508 4928 2690 4966; x_wconf 74' lang='lat' dir='ltr'><strong>uxores</strong></span> <span class='ocrx_word' id='word_1_875' title='bbox 2725 4921 2927 4967; x_wconf 86' lang='lat' dir='ltr'><strong>ventum</strong></span> <span class='ocrx_word' id='word_1_876' title='bbox 2968 4921 3070 4978; x_wconf 86' lang='lat' dir='ltr'><strong>est,</strong></span> <span class='ocrx_word' id='word_1_877' title='bbox 3100 4923 3206 4965; x_wconf 88' lang='lat' dir='ltr'><strong>tum</strong></span> <span class='ocrx_word' id='word_1_878' title='bbox 3244 4913 3373 4980; x_wconf 77' lang='lat' dir='ltr'><strong>ﬁunt</strong></span> <span class='ocrx_word' id='word_1_879' title='bbox 3394 4925 3551 4966; x_wconf 82' lang='lat' dir='ltr'><strong>senes.</strong></span> 
     </span>
    </p>
   </div>
   <div class='ocr_carea' id='block_1_123' title="bbox 1991 4981 3411 5040">
    <p class='ocr_par' dir='ltr' id='par_1_123' title="bbox 1991 4981 3411 5040">
     <span class='ocr_line' id='line_1_123' title="bbox 1991 4981 3411 5040; baseline -0.004 0"><span class='ocrx_word' id='word_1_880' title='bbox 1991 4985 2249 5040; x_wconf 84' lang='lat' dir='ltr'><strong>Parabola</strong></span> <span class='ocrx_word' id='word_1_881' title='bbox 2274 4982 2470 5038; x_wconf 89' lang='lat' dir='ltr'><strong>Christi</strong></span> <span class='ocrx_word' id='word_1_882' title='bbox 2501 4983 2588 5037; x_wconf 90' lang='lat' dir='ltr'><strong>hic</strong></span> <span class='ocrx_word' id='word_1_883' title='bbox 2619 4981 2846 5039; x_wconf 88' lang='lat' dir='ltr'><strong>indicata</strong></span> <span class='ocrx_word' id='word_1_884' title='bbox 2879 4991 3053 5038; x_wconf 77' lang='lat' dir='ltr'><strong>exstat</strong></span> <span class='ocrx_word' id='word_1_885' title='bbox 3078 4983 3263 5038; x_wconf 77' lang='lat' dir='ltr'><strong>Matth.</strong></span> <span class='ocrx_word' id='word_1_886' title='bbox 3295 4997 3411 5035; x_wconf 70' lang='lat' dir='ltr'><strong>aut.</strong></span> 
     </span>
    </p>
   </div>
   <div class='ocr_carea' id='block_1_124' title="bbox 2059 5050 3557 5122">
    <p class='ocr_par' dir='ltr' id='par_1_124' title="bbox 2059 5050 3557 5122">
     <span class='ocr_line' id='line_1_124' title="bbox 2059 5050 3557 5122; baseline -0.006 -12"><span class='ocrx_word' id='word_1_887' title='bbox 2059 5055 2218 5110; x_wconf 71' lang='lat'><strong>109.5.</strong></span> <span class='ocrx_word' id='word_1_888' title='bbox 2269 5053 2560 5122; x_wconf 60' lang='lat' dir='ltr'><strong>Virgilium</strong></span> <span class='ocrx_word' id='word_1_889' title='bbox 2607 5051 2799 5122; x_wconf 82' lang='lat' dir='ltr'><strong>Georg.</strong></span> <span class='ocrx_word' id='word_1_890' title='bbox 2843 5068 2986 5110; x_wconf 80' lang='lat' dir='ltr'><strong>vers.</strong></span> <span class='ocrx_word' id='word_1_891' title='bbox 3019 5050 3366 5109; x_wconf 66' lang='lat' dir='ltr'><strong>223:1)ebita</strong></span> <span class='ocrx_word' id='word_1_892' title='bbox 3404 5061 3557 5118; x_wconf 87' lang='lat' dir='ltr'><strong>quant</strong></span> 
     </span>
    </p>
   </div>
   <div class='ocr_carea' id='block_1_125' title="bbox 1989 5123 2692 5189">
    <p class='ocr_par' dir='ltr' id='par_1_125' title="bbox 1989 5123 2692 5189">
     <span class='ocr_line' id='line_1_125' title="bbox 1989 5123 2692 5189; baseline -0.003 -9"><span class='ocrx_word' id='word_1_893' title='bbox 1989 5126 2145 5189; x_wconf 87' lang='lat' dir='ltr'><strong>sulcis</strong></span> <span class='ocrx_word' id='word_1_894' title='bbox 2173 5125 2460 5177; x_wconf 87' lang='lat' dir='ltr'><strong>committas</strong></span> <span class='ocrx_word' id='word_1_895' title='bbox 2479 5123 2692 5178; x_wconf 82' lang='lat' dir='ltr'><strong>semina.</strong></span> 
     </span>
    </p>
   </div>
   <div class='ocr_carea' id='block_1_126' title="bbox 2064 5186 3555 5259">
    <p class='ocr_par' dir='ltr' id='par_1_126' title="bbox 2064 5186 3555 5259">
     <span class='ocr_line' id='line_1_126' title="bbox 2064 5186 3555 5259; baseline -0.006 -10"><span class='ocrx_word' id='word_1_896' title='bbox 2064 5193 2440 5249; x_wconf 67' lang='lat' dir='ltr'><strong>1026.-Weitz.</strong></span> <span class='ocrx_word' id='word_1_897' title='bbox 2473 5208 2592 5248; x_wconf 91' lang='lat' dir='ltr'><strong>cum</strong></span> <span class='ocrx_word' id='word_1_898' title='bbox 2634 5192 2752 5250; x_wconf 82' lang='lat' dir='ltr'><strong>Vat.</strong></span> <span class='ocrx_word' id='word_1_899' title='bbox 2783 5193 2848 5259; x_wconf 77' lang='grc' dir='ltr'><strong>Α,</strong></span> <span class='ocrx_word' id='word_1_900' title='bbox 2899 5191 3074 5258; x_wconf 79' lang='lat' dir='ltr'><strong>Egm.,</strong></span> <span class='ocrx_word' id='word_1_901' title='bbox 3126 5188 3321 5259; x_wconf 9' lang='lat' dir='ltr'><strong>Fabr..r</strong></span> <span class='ocrx_word' id='word_1_902' title='bbox 3354 5186 3555 5259; x_wconf 69' lang='lat' dir='ltr'><strong>Witlm.</strong></span> 
     </span>
    </p>
   </div>
   <div class='ocr_carea' id='block_1_127' title="bbox 1991 5257 3559 5334">
    <p class='ocr_par' dir='ltr' id='par_1_127' title="bbox 1991 5257 3559 5334">
     <span class='ocr_line' id='line_1_127' title="bbox 1991 5257 3559 5334; baseline -0.007 -16"><span class='ocrx_word' id='word_1_903' title='bbox 1991 5279 2149 5334; x_wconf 89' lang='lat' dir='ltr'><strong>supra</strong></span> <span class='ocrx_word' id='word_1_904' title='bbox 2185 5263 2314 5315; x_wconf 86' lang='lat' dir='ltr'><strong>dura</strong></span> <span class='ocrx_word' id='word_1_905' title='bbox 2341 5262 2634 5332; x_wconf 85' lang='lat' dir='ltr'><strong>lapillorum</strong></span> <span class='ocrx_word' id='word_1_906' title='bbox 2663 5264 2791 5331; x_wconf 87' lang='lat' dir='ltr'><strong>acie,</strong></span> <span class='ocrx_word' id='word_1_907' title='bbox 2835 5257 3200 5334; x_wconf 19' lang='lat' dir='ltr'><strong>Vmiuusbeuc.</strong></span> <span class='ocrx_word' id='word_1_908' title='bbox 3244 5258 3345 5334; x_wconf 85' lang='lat' dir='ltr'><strong>A__lii</strong></span> <span class='ocrx_word' id='word_1_909' title='bbox 3377 5257 3559 5323; x_wconf 84' lang='lat' dir='ltr'><strong>macie,</strong></span> 
     </span>
    </p>
   </div>
   <div class='ocr_carea' id='block_1_128' title="bbox 297 5329 3562 5403">
    <p class='ocr_par' dir='ltr' id='par_1_128' title="bbox 297 5329 3562 5403">
     <span class='ocr_line' id='line_1_128' title="bbox 297 5329 3562 5403; baseline -0.002 -15"><span class='ocrx_word' id='word_1_910' title='bbox 297 5335 316 5388; x_wconf 92' lang='lat' dir='ltr'><strong>l</strong></span> <span class='ocrx_word' id='word_1_911' title='bbox 355 5329 569 5392; x_wconf 70' lang='lat' dir='ltr'><strong>laudati</strong></span> <span class='ocrx_word' id='word_1_912' title='bbox 608 5334 810 5402; x_wconf 85' lang='lat' dir='ltr'><strong>operis,</strong></span> <span class='ocrx_word' id='word_1_913' title='bbox 851 5348 969 5402; x_wconf 87' lang='lat' dir='ltr'><strong>pag.</strong></span> <span class='ocrx_word' id='word_1_914' title='bbox 987 5329 1097 5398; x_wconf 56' lang='lat'><strong>&#39;57,</strong></span> <span class='ocrx_word' id='word_1_915' title='bbox 1131 5350 1198 5390; x_wconf 79' lang='lat' dir='ltr'><strong>ex</strong></span> <span class='ocrx_word' id='word_1_916' title='bbox 1242 5333 1562 5389; x_wconf 85' lang='lat' dir='ltr'><strong>Philostrato</strong></span> <span class='ocrx_word' id='word_1_917' title='bbox 1589 5377 1603 5401; x_wconf 93' lang='lat'><strong>,</strong></span> <span class='ocrx_word' id='word_1_918' title='bbox 1643 5335 1811 5390; x_wconf 88' lang='lat' dir='ltr'><strong>Statio</strong></span> <span class='ocrx_word' id='word_1_919' title='bbox 1841 5343 1894 5388; x_wconf 90' lang='lat' dir='ltr'><strong>et</strong></span> <span class='ocrx_word' id='word_1_920' title='bbox 1995 5329 2154 5388; x_wconf 78' lang='lat' dir='ltr'><strong>etiam</strong></span> <span class='ocrx_word' id='word_1_921' title='bbox 2185 5334 2372 5396; x_wconf 82' lang='lat' dir='ltr'><strong>Aldus,</strong></span> <span class='ocrx_word' id='word_1_922' title='bbox 2396 5329 2569 5401; x_wconf 79' lang='lat' dir='ltr'><strong>quem</strong></span> <span class='ocrx_word' id='word_1_923' title='bbox 2613 5329 2890 5403; x_wconf 75' lang='lat' dir='ltr'><strong>perperam</strong></span> <span class='ocrx_word' id='word_1_924' title='bbox 2930 5330 3187 5386; x_wconf 83' lang='lat' dir='ltr'><strong>Weilzius</strong></span> <span class='ocrx_word' id='word_1_925' title='bbox 3225 5329 3418 5403; x_wconf 80' lang='lat' dir='ltr'><strong>allegat</strong></span> <span class='ocrx_word' id='word_1_926' title='bbox 3464 5340 3562 5390; x_wconf 81' lang='lat' dir='ltr'><strong>pro</strong></span> 
     </span>
    </p>
   </div>
   <div class='ocr_carea' id='block_1_129' title="bbox 294 5403 1890 5472">
    <p class='ocr_par' dir='ltr' id='par_1_129' title="bbox 294 5403 1890 5472">
     <span class='ocr_line' id='line_1_129' title="bbox 294 5403 1890 5472; baseline -0.003 -11"><span class='ocrx_word' id='word_1_927' title='bbox 294 5403 570 5472; x_wconf 62' lang='lat' dir='ltr'><strong>Eliano,</strong></span> <span class='ocrx_word' id='word_1_928' title='bbox 606 5405 696 5459; x_wconf 86' lang='lat' dir='ltr'><strong>ubi</strong></span> <span class='ocrx_word' id='word_1_929' title='bbox 743 5414 896 5458; x_wconf 87' lang='lat' dir='ltr'><strong>vetus</strong></span> <span class='ocrx_word' id='word_1_930' title='bbox 940 5414 1340 5460; x_wconf 87' lang='lat' dir='ltr'><strong>monumentum</strong></span> <span class='ocrx_word' id='word_1_931' title='bbox 1383 5406 1622 5460; x_wconf 77' lang='lat' dir='ltr'><strong>existens</strong></span> <span class='ocrx_word' id='word_1_932' title='bbox 1671 5405 1720 5458; x_wconf 92' lang='lat' dir='ltr'><strong>in</strong></span> <span class='ocrx_word' id='word_1_933' title='bbox 1761 5403 1890 5458; x_wconf 88' lang='lat' dir='ltr'><strong>villa</strong></span> 
     </span>
    </p>
   </div>
   <div class='ocr_carea' id='block_1_130' title="bbox 293 5474 1890 5540">
    <p class='ocr_par' dir='ltr' id='par_1_130' title="bbox 293 5474 1890 5540">
     <span class='ocr_line' id='line_1_130' title="bbox 293 5474 1890 5540; baseline -0.001 -10"><span class='ocrx_word' id='word_1_934' title='bbox 293 5478 564 5534; x_wconf 70' lang='lat' dir='ltr'><strong>Romana</strong></span> <span class='ocrx_word' id='word_1_935' title='bbox 590 5474 1052 5530; x_wconf 62' lang='lat' dir='ltr'><strong>excellentissima:</strong></span> <span class='ocrx_word' id='word_1_936' title='bbox 1074 5476 1265 5529; x_wconf 85' lang='lat' dir='ltr'><strong>domus</strong></span> <span class='ocrx_word' id='word_1_937' title='bbox 1283 5475 1539 5540; x_wconf 63' lang='lat' dir='ltr'><strong>Albaniae,</strong></span> <span class='ocrx_word' id='word_1_938' title='bbox 1563 5483 1617 5530; x_wconf 90' lang='lat' dir='ltr'><strong>et</strong></span> <span class='ocrx_word' id='word_1_939' title='bbox 1645 5474 1890 5528; x_wconf 88' lang='lat' dir='ltr'><strong>arborem</strong></span> 
     </span>
    </p>
   </div>
   <div class='ocr_carea' id='block_1_131' title="bbox 293 5544 1890 5613">
    <p class='ocr_par' dir='ltr' id='par_1_131' title="bbox 293 5544 1890 5613">
     <span class='ocr_line' id='line_1_131' title="bbox 293 5544 1890 5613; baseline -0.001 -14"><span class='ocrx_word' id='word_1_940' title='bbox 293 5546 503 5605; x_wconf 67' lang='lat' dir='ltr'><strong>taeniis</strong></span> <span class='ocrx_word' id='word_1_941' title='bbox 529 5554 802 5610; x_wconf 84' lang='lat' dir='ltr'><strong>ornatam,</strong></span> <span class='ocrx_word' id='word_1_942' title='bbox 842 5559 962 5613; x_wconf 76' lang='lat' dir='ltr'><strong>qua:</strong></span> <span class='ocrx_word' id='word_1_943' title='bbox 987 5544 1040 5598; x_wconf 91' lang='lat' dir='ltr'><strong>in</strong></span> <span class='ocrx_word' id='word_1_944' title='bbox 1069 5560 1135 5599; x_wconf 90' lang='lat' dir='ltr'><strong>eo</strong></span> <span class='ocrx_word' id='word_1_945' title='bbox 1178 5555 1608 5610; x_wconf 65' lang='lat' dir='ltr'><strong>repraesentetur,</strong></span> <span class='ocrx_word' id='word_1_946' title='bbox 1640 5545 1890 5613; x_wconf 83' lang='lat' dir='ltr'><strong>explicat.</strong></span> 
     </span>
    </p>
   </div>
   <div class='ocr_carea' id='block_1_132' title="bbox 1994 5398 3563 5472">
    <p class='ocr_par' dir='ltr' id='par_1_132' title="bbox 1994 5398 3563 5472">
     <span class='ocr_line' id='line_1_132' title="bbox 1994 5398 3563 5472; baseline -0.006 -15"><span class='ocrx_word' id='word_1_947' title='bbox 1994 5405 2150 5457; x_wconf 81' lang='lat' dir='ltr'><strong>aciem</strong></span> <span class='ocrx_word' id='word_1_948' title='bbox 2189 5419 2206 5456; x_wconf 87' lang='lat'><strong><em>:</em></strong></span> <span class='ocrx_word' id='word_1_949' title='bbox 2245 5417 2367 5458; x_wconf 88' lang='lat' dir='ltr'><strong>nam</strong></span> <span class='ocrx_word' id='word_1_950' title='bbox 2413 5398 2487 5468; x_wconf 76' lang='lat' dir='ltr'><strong>id,</strong></span> <span class='ocrx_word' id='word_1_951' title='bbox 2537 5398 2678 5472; x_wconf 83' lang='lat' dir='ltr'><strong>quod</strong></span> <span class='ocrx_word' id='word_1_952' title='bbox 2711 5398 3244 5472; x_wconf 6' lang='lat' dir='ltr'><strong>&#39;priniumpposuerat,</strong></span> <span class='ocrx_word' id='word_1_953' title='bbox 3295 5398 3346 5452; x_wconf 93' lang='lat' dir='ltr'><strong>in</strong></span> <span class='ocrx_word' id='word_1_954' title='bbox 3375 5411 3563 5472; x_wconf 79' lang='lat' dir='ltr'><strong>emen-</strong></span> 
     </span>
    </p>
   </div>
   <div class='ocr_carea' id='block_1_133' title="bbox 1997 5466 3560 5533">
    <p class='ocr_par' dir='ltr' id='par_1_133' title="bbox 1997 5466 3560 5533">
     <span class='ocr_line' id='line_1_133' title="bbox 1997 5466 3560 5533; baseline -0.004 -7"><span class='ocrx_word' id='word_1_955' title='bbox 1997 5474 2131 5527; x_wconf 74' lang='lat' dir='ltr'><strong>&#39;latis</strong></span> <span class='ocrx_word' id='word_1_956' title='bbox 2159 5474 2378 5527; x_wconf 76' lang='lat' dir='ltr'><strong>mutavit</strong></span> <span class='ocrx_word' id='word_1_957' title='bbox 2403 5473 2454 5526; x_wconf 94' lang='lat' dir='ltr'><strong>iu</strong></span> <span class='ocrx_word' id='word_1_958' title='bbox 2473 5466 2663 5526; x_wconf 21' lang='lat' dir='ltr'><strong>Vma&#39;cie.</strong></span> <span class='ocrx_word' id='word_1_959' title='bbox 2690 5466 2806 5526; x_wconf 60' lang='lat' dir='ltr'><strong>lt&#39;at.</strong></span> <span class='ocrx_word' id='word_1_960' title='bbox 2842 5470 3026 5526; x_wconf 86' lang='lat' dir='ltr'><strong>scribit</strong></span> <span class='ocrx_word' id='word_1_961' title='bbox 3055 5468 3254 5533; x_wconf 78' lang='lat' dir='ltr'><strong>macite,</strong></span> <span class='ocrx_word' id='word_1_962' title='bbox 3285 5466 3560 5521; x_wconf 89' lang='lat' dir='ltr'><strong>mendose.</strong></span> 
     </span>
    </p>
   </div>
   <div class='ocr_carea' id='block_1_134' title="bbox 1999 5538 3564 5610">
    <p class='ocr_par' dir='ltr' id='par_1_134' title="bbox 1999 5538 3564 5610">
     <span class='ocr_line' id='line_1_134' title="bbox 1999 5538 3564 5610; baseline -0.001 -16"><span class='ocrx_word' id='word_1_963' title='bbox 1999 5542 2189 5597; x_wconf 77' lang='lat' dir='ltr'><strong>Macies</strong></span> <span class='ocrx_word' id='word_1_964' title='bbox 2211 5543 2502 5609; x_wconf 76' lang='lat' dir='ltr'><strong>lapillorum</strong></span> <span class='ocrx_word' id='word_1_965' title='bbox 2524 5552 2604 5596; x_wconf 88' lang='lat' dir='ltr'><strong>est</strong></span> <span class='ocrx_word' id='word_1_966' title='bbox 2624 5543 2796 5610; x_wconf 85' lang='lat' dir='ltr'><strong>glarea</strong></span> <span class='ocrx_word' id='word_1_967' title='bbox 2817 5541 3137 5610; x_wconf 36' lang='grc' dir='ltr'><strong>ιερικὶενίιυιιε</strong></span> <span class='ocrx_word' id='word_1_968' title='bbox 3165 5538 3397 5610; x_wconf 86' lang='lat' dir='ltr'><strong>occurrit</strong></span> <span class='ocrx_word' id='word_1_969' title='bbox 3413 5551 3564 5610; x_wconf 84' lang='lat' dir='ltr'><strong>_v_e_rs.</strong></span> 
     </span>
    </p>
   </div>
   <div class='ocr_carea' id='block_1_135' title="bbox 295 5605 3565 5685">
    <p class='ocr_par' dir='ltr' id='par_1_135' title="bbox 295 5605 3565 5685">
     <span class='ocr_line' id='line_1_135' title="bbox 295 5605 3565 5685; baseline -0.002 -15"><span class='ocrx_word' id='word_1_970' title='bbox 295 5615 589 5685; x_wconf 76' lang='lat' dir='ltr'><strong>Existimo</strong></span> <span class='ocrx_word' id='word_1_971' title='bbox 617 5616 670 5670; x_wconf 92' lang='lat' dir='ltr'><strong>in</strong></span> <span class='ocrx_word' id='word_1_972' title='bbox 700 5605 925 5684; x_wconf 76' lang='lat' dir='ltr'><strong>singulis</strong></span> <span class='ocrx_word' id='word_1_973' title='bbox 953 5616 1095 5685; x_wconf 87' lang='lat' dir='ltr'><strong>agris</strong></span> <span class='ocrx_word' id='word_1_974' title='bbox 1123 5605 1289 5669; x_wconf 65' lang='lat' dir='ltr'><strong>fuisse</strong></span> <span class='ocrx_word' id='word_1_975' title='bbox 1315 5615 1545 5685; x_wconf 88' lang='lat' dir='ltr'><strong>aliquam</strong></span> <span class='ocrx_word' id='word_1_976' title='bbox 1575 5605 1810 5668; x_wconf 39' lang='lat' dir='ltr'><strong>vetantem</strong></span> <span class='ocrx_word' id='word_1_977' title='bbox 1842 5621 1896 5668; x_wconf 93' lang='lat' dir='ltr'><strong>et</strong></span> <span class='ocrx_word' id='word_1_978' title='bbox 2001 5612 2156 5685; x_wconf 66' lang='lat'><strong>1045,</strong></span> <span class='ocrx_word' id='word_1_979' title='bbox 2209 5605 2327 5685; x_wconf 68' lang='lat' dir='ltr'><strong>vat.</strong></span> <span class='ocrx_word' id='word_1_980' title='bbox 2371 5612 2439 5684; x_wconf 86' lang='lat' dir='ltr'><strong>A,</strong></span> <span class='ocrx_word' id='word_1_981' title='bbox 2490 5605 2693 5680; x_wconf 76' lang='lat' dir='ltr'><strong>decidit,</strong></span> <span class='ocrx_word' id='word_1_982' title='bbox 2744 5609 3110 5673; x_wconf 66' lang='lat' dir='ltr'><strong>corrigendum</strong></span> <span class='ocrx_word' id='word_1_983' title='bbox 3144 5609 3360 5664; x_wconf 80' lang='lat' dir='ltr'><strong>decidat.</strong></span> <span class='ocrx_word' id='word_1_984' title='bbox 3413 5605 3565 5674; x_wconf 63' lang='lat' dir='ltr'><strong>Urb.,</strong></span> 
     </span>
    </p>
   </div>
   <div class='ocr_carea' id='block_1_136' title="bbox 292 5683 2335 5778">
    <p class='ocr_par' dir='ltr' id='par_1_136' title="bbox 292 5683 2335 5778">
     <span class='ocr_line' id='line_1_136' title="bbox 292 5683 2335 5778; baseline -0.001 -36"><span class='ocrx_word' id='word_1_985' title='bbox 292 5684 596 5756; x_wconf 74' lang='lat' dir='ltr'><strong>insignem</strong></span> <span class='ocrx_word' id='word_1_986' title='bbox 623 5683 890 5756; x_wconf 75' lang='lat' dir='ltr'><strong>arborem,</strong></span> <span class='ocrx_word' id='word_1_987' title='bbox 907 5683 1064 5778; x_wconf 55' lang='lat' dir='ltr'><strong>quam</strong></span> <span class='ocrx_word' id='word_1_988' title='bbox 1091 5683 1426 5758; x_wconf 78' lang='lat' dir='ltr'><strong>possessores</strong></span> <span class='ocrx_word' id='word_1_989' title='bbox 1449 5684 1896 5756; x_wconf 82' lang='lat' dir='ltr'><strong>colerent,qualis</strong></span> <span class='ocrx_word' id='word_1_990' title='bbox 2000 5699 2088 5738; x_wconf 69' lang='lat' dir='ltr'><strong>nec</strong></span> <span class='ocrx_word' id='word_1_991' title='bbox 2115 5683 2335 5739; x_wconf 87' lang='lat' dir='ltr'><strong>decidat.</strong></span> 
     </span>
    </p>
   </div>
  </div>
