4052 6184
472 403 753 470 Sanguinis
779 403 924 458 notis
953 405 1138 458 eadem
1167 404 1362 473 scripta
1393 409 1548 458 terris
1583 405 1820 460 tradidit.

543 496 714 552 Pollct
781 497 882 552 hoc
933 497 1056 552 felix
1111 513 1206 568 per
1259 499 1446 554 orbem
1515 507 1656 553 terra
1727 499 1877 554 lbera

1460 590 1481 662 [
1501 599 1804 644 stemmate.

469 678 730 750 872llic
747 679 896 734 locus
909 678 1101 748 dignus
1114 679 1358 734 tenendis
1369 679 1582 734 ossibus
1595 679 1874 744 visusDeo,

387 755 390 758 ’
470 769 566 837 Qui
595 770 872 826 beatorum
917 770 1141 840 pudicus
1165 780 1310 826 esset
1335 770 1534 839 hospes
1564 785 1871 838 corporum.

545 862 639 918 llic
651 862 890 918 calentes
905 863 1082 919 hausit
1097 863 1267 918 undas
1278 861 1424 919 caede
1438 863 1634 919 tinctus
1653 863 1874 932 duplici.

289 679 322 733 5

1475 197 2036 254 l‘ElilS'l'lil‘llANON
2079 200 2116 250 ll
2131 199 2162 252 Υ
2177 199 2286 254 ΜΝ.
2331 201 2367 256 l.

470 313 628 382 871
643 309 964 380 Aureisqtta:
983 309 1222 366 Christus
1238 311 1344 364 illic
1365 312 1641 367 adnotavit
1663 314 1874 381 litteris,
1915 322 1956 378 Λ

3468 211 3566 270 €78

2167 316 2330 370 Illitas
2353 331 2544 372 cruore
2570 326 2754 374 sancto
2783 337 2923 376 nunc
2952 339 3143 380 arenas
3171 327 3354 381 Incohe

2171 407 2628 480 Conl'rcquetitant
2641 399 3148 484 obscerantcs‘voce,
3161 420 3562 484 votis,muucre.

1991 501 2056 555 10
2243 503 2430 556 Exteri
2450 519 2546 558 nec
2570 521 2676 560 non
2699 517 2753 574 et
2768 509 2912 563 orbis
2937 509 3039 564 huc
3067 512 3290 568 colonus
3319 513 3559 568 advenit:

2167 593 2322 646 Fama
2339 609 2458 647 nam
2480 604 2549 650 tet
2565 611 2652 651 ras
2667 597 2718 652 in
2735 613 2922 654 omnes
2939 605 3267 667 percncitrt-it
3281 604 3556 672 proditrix,
3591 595 3604 608 ’

2162 684 2255 738 llic
2268 695 2516 751 patronos
2529 703 2648 745 esse
2660 691 2999 761 nmndi,quos
3013 704 3291 763 precantes
3305 696 3559 762 ambiant,

2155 777 2318 848 873
2395 779 2560 836 Nemo
2607 796 2766 851 puras
2797 782 2886 840 hic
2923 785 3160 855 rogando
3192 786 3384 842 frustra
3431 804 3560 845 con-

3009 877 3026 949 [
3051 878 3218 949 gessit
3256 895 3440 950 preces
3472 897 3487 934 :

1589 956 1876 1014 σιοδειε
1917 959 2253 1018 VETERES.

365 1051 520 1106 Vers.
552 1054 604 1107 3.
635 1052 808 1115 Notis,
839 1051 1240 1116 citaracteribus,
1267 1049 1372 1104 lso.

358 1123 416 1176 .i.
447 1122 634 1184 Polfct.
663 1123 913 1194 splendet.
941 1153 1024 1194 -ί
1043 1123 1214 1188 lbera,
1241 1120 1289 1174 11
1298 1122 1550 1190 ἰδραηὲσα,
1579 1121 1620 1176 Ι.

359 1195 416 1248 8.
448 1195 672 1260 Arenas,
690 1193 696 1194 “
713 1197 971 1262 sepulcra,
1016 1193 1054 1248 Ι.

2173 1057 2354 1134 ltlxteri
2387 1059 2551 1134 orbis,
2576 1061 2770 1134 aliena:
2796 1064 3087 1134 provinciaz,
3127 1065 3166 1118 1.

1999 1135 2002 1138 ‘
2054 1123 2138 1179 12.
2166 1127 2438 1194 Ambiant,
2478 1123 2852 1196 desiderant,'l.

2051 1196 2134 1249 15.
2166 1199 2468 1270 Congessit,
2501 1203 2796 1271 cumulavit,
2831 1205 2930 1259 lso.

1627 1279 2176 1343 COMMENTARIUS.

285 1381 488 1435 in'not.
517 1379 583 1434 ad
615 1380 830 1434 Missale
879 1377 1148 1432 mozarab.
1201 1376 1450 1442 advertit,
1497 1375 1628 1430 Acta
1677 1376 1866 1430 horum

289 1461 584 1520 martyrum
611 1451 999 1517 antiquissima.
1025 1463 1144 1514 qua:
1173 1447 1301 1520 olim
1314 1447 1387 1520 _i_n
1433 1445 1684 1520 llispanii|
1725 1446 1866 1520 lege-

289 1516 508 1583 bantur,
557 1516 776 1574 omnino
801 1523 1104 1574 consentire
1134 1532 1252 1571 cum
1285 1516 1480 1571 MlSSItll
1533 1519 1866 1572 mozaraliico

1973 1375 2166 1454 librum
2199 1381 2642 1454 Peristephanmn.
2689 1397 2738 1442 et
2769 1389 2948 1444 statim
2981 1393 3142 1454 canit,
3177 1393 3270 1448 hoc
3297 1405 3557 1452 stemmate

1975 1449 2177 1528 mum
2203 1449 2409 1528 mna!“-
2451 1456 2678 1511 n’cmm-
2711 1460 2809 1525 Qui
2841 1460 3026 1515 Crater:
3054 1449 3207 1528 sciat.
3249 1449 3467 1521 stemma
3492 1449 3550 1523 et

1973 1519 2242 1600 step/tune:
2271 1523 2456 1600 eadem
2483 1541 2601 1600 esse
2631 1519 2838 1600 origine
2869 1539 2922 1584 et
2949 1519 3356 1600 sig-tilicaiiono,
3387 1519 3548 1592 facile

285 1606 340 1672 et
365 1591 564 1672 hymno
592 1589 885 1672 Prodentii.
912 1592 1194 1672 Atlantem
1241 1587 1436 1672 fuerint
1472 1587 1863 1672 Calagurritani
1900 1587 1942 1646 Β
1973 1591 2132 1644 norit.
2178 1593 2404 1672 lict-ictis
2451 1587 2916 1672 altissiodorensis
2952 1587 3108 1656 verba
3161 1587 3547 1672 ιιιῇιίξίπ-θιιξι-ιξ

289 1661 340 1711 hi
372 1657 478 1714 duo
509 1671 790 1730 martyres,
814 1661 986 1714 dicam
1022 1660 1074 1712 in
1109 1660 1212 1711 line
1245 1657 1447 1730 hymni.
1477 1657 1696 1730 Nanrin
1741 1658 1870 1730 lem-

289 1741 433 1785 mate
487 1728 874 1796 Calagurrhani
923 1738 1187 1799 martyres
1227 1729 1498 1799 dicuntur,
1547 1728 1668 1796 quia
1719 1729 1870 1780 Cala-

287 1801 435 1864 aorti
468 1802 606 1870 passi
639 1811 796 1865 sunt;
831 1815 927 1853 nec
957 1796 1166 1870 constat
1209 1814 1238 1852 a
1289 1796 1562 1870 Prudentii
1584 1813 1768 1870 imanu
1801 1799 1870 1870 ita

287 1865 570 1937 scriptum.
600 1871 662 1926 lli
696 1886 882 1924 Vt‘l’StlS
909 1872 960 1924 in
989 1865 1172 1923 codic’e
1201 1869 1428 1923 Marietti
1461 1869 1618 1932 terni,
1644 1879 1699 1922 et
1736 1869 1868 1922 tet-ni

285 1941 688 2010 d35tinguuntur
718 1955 812 2008 per
839 1943 1178 1995 characteres
1207 1939 1614 2010 majttscu'oset
1655 1939 1868 1994 rubros.

287 2011 454 2064 Aldus
472 2009 620 2065 hanc
645 2012 1050 2065 distinctionem
1111 2009 1364 2079 neglexit.
1403 2009 1506 2064 Alii
1539 2009 1608 2062 ita
1631 2010 1870 2076 singulos

285 2095 476 2135 versus
501 2081 772 2135 dividunt.
806 2083 1013 2150 Scripta
1031 2091 1148 2134 sunt
1177 2082 1302 2134 coelo
1329 2080 1551 2150 duorum
1577 2079 1868 2149 Martyrum

283 2151 552 2208 uocabula.
593 2153 862 2207 (iiselinus
907 2148 960 2204 in
1008 2159 1296 2205 Comment.
1353 2148 1418 2203 ad
1471 2148 1730 2220 hymnum
1767 2152 1870 2204 Ca-

285 2225 450 2276 them.
491 2225 640 2276 Omni
693 2224 818 2276 liora
865 2221 965 2277 hos
994 2234 1180 2276 versus
1207 2222 1426 2273 omnino
1481 2235 1580 2289 per
1620 2220 1868 2290 integros

285 2294 591 2348 trochaicos
641 2293 952 2348 scribendos
998 2307 1119 2347 esse
1166 2291 1461 2352 contendit,
1504 2299 1558 2346 et
1605 2289 1866 2345 Jacohum

284 2363 558 2432 Meyerum
599 2363 800 2428 laudat,
830 2363 971 2430 quod
1001 2363 1396 2432 elegantissime
1431 2361 1576 2414 illum
1609 2362 1864 2432 hymnum

281 2441 338 2486 et
371 2431 510 2488 hunc
540 2433 768 2499 primum
796 2431 1219 2501 Peristephanmn
1252 2441 1450 2486 mutata
1475 2431 1726 2487 carminis
1758 2432 1866 2486 for-

283 2519 370 2555 ma
408 2507 717 2568 restituerit,
753 2519 872 2558 cum
901 2515 1057 2558 antea
1081 2511 1262 2559 essent
1306 2503 1438 2558 secti
1469 2503 1522 2556 in
1555 2503 1866 2558 Alcmanios

278 2583 336 2626 et
370 2573 692 2644 Euripidios.
721 2575 926 2629 lievera
974 2575 1278 2628 Alcmanins
1312 2584 1366 2628 et
1395 2573 1695 2644 Euripidius
1727 2573 1866 2644 inte-

277 2659 438 2710 grum
473 2643 685 2701 versum
715 2655 1082 2699 tetrametrnm
1107 2647 1475 2698 catalecticum
1501 2643 1723 2696 faciunt.
1755 2643 1862 2699 Ve-

279 2728 402 2768 rum
431 2731 538 2772 non
582 2718 754 2771 solum
796 2717 848 2769 itt
878 2715 1059 2770 multis
1089 2715 1358 2768 veteribus
1387 2714 1737 2778 membranis,
1769 2715 1860 2768 sed

279 2790 446 2856 etiam
475 2791 526 2841 in
555 2787 713 2842 editis
735 2795 860 2841 ante
881 2787 1148 2856 Meyernm
1173 2787 1262 2838 inti
1283 2785 1362 2854 gri
1390 2784 1640 2856 trochaiei
1671 2784 1858 2856 horum

279 2855 602 2940 hymnorum
623 2856 878 2940 descripti
894 2855 1264 2938 reperiuntur.
1286 2856 1509 2942 'lnitium
1540 2855 1696 2942 hujus
1717 2855 1862 2942 hym—

278 2923 333 2978 ni
371 2927 746 2982 venustissime
799 2923 1021 2994 petitum
1077 2936 1158 2980 est
1187 2941 1251 2979 ex
1285 2925 1439 2980 Lucae
1467 2941 1521 2992 χ,
1553 2925 1660 2979 ‘20:
1717 2923 1861 2980 Gau-

276 2995 394 3070 tlett-
414 3009 608 3066 autem,
633 2999 768 3070 quod
796 2999 1002 3070 nomina
1028 2999 1438 3070 _vc_strayscripta
1468 2996 1658 3070 suntin
1700 2997 1858 3052 cretis.

276 3065 464 3137 Neque
484 3065 656 3124 semel
677 3069 991 3123 Prudentius
1009 3068 1077 3122 de
1095 3067 1196 3120 hoc
1219 3065 1361 3121 libro
1378 3068 1498 3120 vitze
1527 3067 1734 3122 locutus
1756 3078 1857 3122 est.

276 3138 416 3192 Caelo
445 3156 544 3206 pro
584 3141 636 3194 in
667 3139 790 3193 ccelo
820 3138 1068 3193 Paulinus
1094 3137 1212 3191 Nat.
1245 3138 1331 3192 ll.

346 3209 400 3262 2.
435 3210 614 3275 Egm.,
637 3211 922 3279 aureisque,
967 3209 1144 3264 minus
1171 3207 1328 3262 bene.

347 3281 400 3334 3.
431 3282 573 3342 Gis.,
603 3282 738 3334 notis
765 3275 965 3334 et'idem
987 3296 1006 3334 :
1037 3278 1364 3334 Bollandiani
1391 3277 1553 3332 etiam
1587 3277 1654 3330 ita
1675 3275 1857 3332 edide-

274 3361 433 3417 runt;
468 3355 651 3406 ne~cio
671 3366 740 3404 an
769 3367 832 3404 ex
859 3353 969 3406 suis
990 3351 1174 3413 codd.,
1204 3365 1270 3402 an
1295 3348 1415 3418 quia
1441 3350 1508 3401 ita
1543 3351 1593 3400 itt
1617 3347 1860 3402 Gisel.no

275 3421 616 3476 invenerunt.
663 3421 932 3476 Giselinus
975 3431 1148 3474 metro
1195 3421 1476 3474 consulere
1527 3419 1858 3474 Voluittsed

273 3492 462 3558 Seripli
485 3492 684 3546 habent
713 3495 912 3556 eadem,
961 3491 1160 3546 ethoc
1205 3499 1320 3544 erat
1359 3501 1482 3542 tunc
1526 3492 1859 3544 consuetudo

273 3571 330 3612 ut
358 3563 406 3615 in
437 3562 748 3618 accusativo
774 3573 822 3616 et
857 3561 1185 3615 nominativo
1203 3560 1396 3630 plurali
1427 3567 1660 3629 utraque,
1683 3560 1859 3614 eadem

271 3633 510 3686 secunda
543 3633 947 3701 produceretur.
993 3633 1162 3686 Etiam
1207 3631 1259 3685 in
1313 3630 1577 3684 breviario
1618 3646 1860 3684 mozara-

273 3702 393 3756 bico
421 3704 615 3772 legitur
640 3707 834 3757 eadem.
880 3704 1065 3759 Exstat
1093 3711 1270 3756 autem
1304 3703 1390 3755 hic
1419 3701 1648 3770 hymnus
1675 3703 1749 3772 fin
1792 3716 1858 3755 eo

273 3771 540 3828 ltrcviario
567 3773 633 3827 ad
673 3775 811 3828 diem
843 3774 876 3827 5
899 3773 1093 3835 Martii,
1125 3787 1188 3826 ex
1219 3787 1324 3840 quo
1367 3772 1620 3826 lcetiones
1654 3771 1858 3826 discre-

270 3855 462 3912 pantes
503 3845 794 3898 adnotabo.
855 3844 1170 3907 Becmanus,
1222 3843 1274 3896 in
1324 3841 1736 3896 Manudnctione
1789 3842 1853 3895 ad

271 3913 398 3978 iung.
431 3915 575 3980 Lat.,
602 3929 720 3983 cap.
755 3915 840 3980 il,
869 3913 1123 3976 al’tirmat,
1165 3916 1217 3967 in
1266 3913 1364 3966 hoc
1395 3913 1612 3980 hymno.
1644 3921 1700 3965 ut.
1733 3921 1858 3967 tunc

271 3987 424 4051 vulgo
442 3987 872 4054 imprimehatur,
894 3985 1077 4050 vicies,
1102 3997 1188 4037 aut
1212 3983 1369 4047 ultra,
1387 3983 1706 4036 sententiam
1725 3997 1856 4052 pett-

191 4087 198 4094 -
269 4056 418 4120 dere,
447 4064 502 4110 et
527 4053 820 4124 implexam
851 4069 990 4120 esse,
1023 4057 1163 4123 quod
1201 4053 1572 4124 distinctiones
1597 4067 1690 4121 per
1709 4067 1858 4107 cum-

270 4141 350 4176 ma
363 4137 434 4190 ta,
465 4123 622 4189 cola,
640 4135 832 4193 puncta
851 4127 932 4180 vel
952 4127 1352 4188 omitterentur,
1383 4123 1467 4178 vel
1491 4139 1596 4177 non
1615 4139 1715 4193 suo
1736 4125 1854 4178 loco

271 4195 582 4262 [ig-rentur.
617 4191 828 4249 Initium
870 4195 1111 4264 ejusdem
1145 4193 1329 4264 hymni
1363 4210 1429 4248 ex
1461 4209 1560 4246 ius.
1613 4191 1856 4249 Palatino

267 4267 934 4320 eoendavitctdistinxit.
967 4265 1118 4320 Hunc
1145 4273 1324 4319 autem
1359 4279 1568 4318 versum
1602 4264 1672 4316 ita
1695 4264 1850 4334 legit,

268 4333 552 4406 Sanguinis
581 4339 716 4390 notis
743 4353 799 4389 ea
825 4336 960 4389 idem
1003 4336 1194 4406 scripta
1243 4335 1388 4387 terris
1427 4336 1658 4389 tradidit.
1691 4333 1854 4406 Recte

265 4409 401 4470 quod
426 4405 624 4460 attinet
647 4408 710 4460 ad
739 4416 998 4472 metrum;
1031 4405 1124 4461 sed
1145 4449 1159 4474 ,
1192 4413 1252 4461 ut
1297 4416 1445 4471 puto,
1491 4420 1596 4458 non
1641 4419 1706 4458 ex
1751 4405 1856 4460 tido

267 4485 504 4547 retur-um
537 4491 671 4529 mss.
719 4475 996 4543 Weitzius,
1055 4479 1143 4547 qui
1195 4475 1436 4530 eodicem
1486 4475 1626 4547 hunc
1679 4475 1854 4547 ipsum

267 4545 588 4611 Palatinum,
623 4556 682 4600 ut
701 4561 800 4614 ego
825 4545 1084 4611 arbitror,
1111 4547 1482 4609 consuluerat,
1513 4545 1651 4599 hanc
1678 4545 1856 4600 varie-

267 4623 422 4669 tatem
455 4633 562 4670 non
587 4617 867 4671 indicavit.
899 4617 953 4670 lu
980 4617 1106 4672 Urb.
1152 4617 1330 4685 reperi
1384 4617 1516 4669 notis
1543 4631 1742 4670 eorum.
1787 4615 1854 4672 Ut

265 4696 436 4739 autem
453 4687 504 4740 in
522 4687 662 4741 ctelo
676 4689 853 4741 aureis
872 4688 1062 4742 litteris
1077 4703 1144 4742 no
1155 4690 1296 4741 mina
1315 4685 1566 4740 adnotata
1581 4687 1713 4741 dicit
1731 4688 1856 4740 Pru-

268 4756 500 4822 deutius,
527 4759 598 4811 ita
623 4757 813 4812 eadem
840 4759 892 4812 in
927 4759 1081 4812 terris
1106 4761 1302 4826 scripta
1325 4757 1397 4810 ait
1417 4757 1556 4812 notis
1581 4759 1852 4826 sanguinis

270 4841 361 4898 per
381 4831 698 4898 martyrium
727 4829 848 4883 tusi.
876 4829 1012 4883 Sttnt
1035 4829 1177 4882 enim
1203 4837 1344 4882 notae
1367 4831 1514 4881 velut
1535 4827 1850 4896 compendia

267 4896 584 4970 litterarutit,
619 4907 672 4952 ut
699 4899 766 4951 ad
793 4901 1043 4970 hymnum
1075 4899 1132 4953 S.
1159 4898 1400 4970 Cassiani
1443 4899 1851 4970 explicabimus.

339 4967 391 5020 4.
423 4968 534 5022 lloc
567 4973 686 5023 loco
714 4967 847 5023 terra
875 4968 1028 5022 lbera
1057 4985 1150 5036 pro
1185 4969 1407 5036 regione
1453 4969 1708 5036 peculiari
1759 4968 1853 5022 lli-

263 5038 466 5104 spanite
513 5037 688 5092 Iberia
734 5041 896 5104 dicta,
952 5041 1333 5108 congruentius
1380 5040 1643 5108 acciptnr
1692 5055 1848 5107 quam

263 5123 365 5173 pro
387 5119 488 5163 tota
519 5110 792 5178 Hispania.
822 5111 1090 5178 Barthius,
1124 5112 1213 5165 lib.
1245 5125 1313 5163 χι.
1356 5109 1614 5178 Advers.,
1645 5123 1763 5178 cap.
1795 5111 1849 5176 7,

261 5189 412 5231 notat
435 5191 646 5233 stemma
673 5181 1024 5248 scriptoribus
1068 5181 1171 5236 arvi
1215 5180 1460 5234 cadentis
1485 5193 1606 5233 esse
1635 5195 1732 5248 pro
1757 5195 1852 5234 co-

262 5263 398 5301 rnua
429 5266 441 5300 :
469 5266 571 5317 qua
596 5265 731 5304 voce
756 5252 1028 5305 Ennodius
1052 5253 1126 5305 uti
1159 5252 1375 5316 amavit,
1398 5250 1491 5304 sed
1513 5265 1542 5302 a
1563 5251 1850 5304 Sirtnondo

259 5327 322 5370 et
352 5319 584 5389 Schouo,
609 5323 698 5391 qui
733 5323 976 5377 Ennodio
995 5322 1236 5376 vindices
1258 5337 1366 5375 uno
1383 5321 1680 5388 eodemque
1706 5334 1849 5374 anno

260 5391 624 5461 contigerunt,
648 5402 916 5446 stemmata
945 5392 997 5445 in
1021 5392 1278 5445 schemata
1299 5401 1500 5446 mutata
1527 5399 1680 5444 Sunt:
1706 5391 1846 5461 quod

259 5457 480 5532 Barthio
509 5461 780 5530 displicet,
809 5465 930 5532 quia
967 5473 1252 5517 stemmata
1277 5477 1374 5530 pro
1397 5457 1736 5516 ornamentis
1761 5478 1846 5532 see

259 5531 418 5601 quior
441 5541 570 5586 aetas
593 5533 738 5586 mille
759 5531 892 5588 locis
924 5532 1080 5588 dixit.
1110 5533 1224 5601 Ego
1249 5541 1377 5600 puto
1407 5532 1754 5586 Prudentium
1779 5531 1844 5586 ad

229 5599 664 5682 iusserit-tionem
697 5604 862 5672 ipsam
894 5605 976 5658 sui
1033 5603 1150 5658 libri
1169 5599 1488 5674 'rCSpexisse
1517 5621 1527 5654 :
1571 5602 1846 5672 inscripst

1976 1663 2240 1741 expressit
2269 1665 2360 1718 lib.
2382 1681 2443 1741 _tt,
2470 1665 2708 1741 Virginea
2729 1671 2881 1741 plane
2895 1673 3014 1740 poll.
3033 1673 3102 1725 bit
3125 1663 3382 1730 strnlntate
3403 1676 3548 1739 felix.

1977 1727 2079 1806 Pro
2102 1745 2296 1806 corona
2323 1727 2485 1789 etiam
2509 1727 2988 1806 videtur'accip'ere
3015 1727 3275 1799 Paulinus
3293 1727 3546 1800 ille—illiillo

1973 1799 2156 1886 celsi‘:
2188 1802 2254 1886 At
2271 1821 2396 1872 quos
2426 1809 2609 1861 ccclein
2638 1799 3042 1886 pietasepererit
3073 1823 3194 1867 actu
3233 1799 3550 1886 Purticipata

1973 1881 2144 1948 gerent
2176 1884 2441 1948 sternutata
2480 1894 2600 1948 rege
2627 1880 2741 1948 deo.
2775 1880 2906 1936 Vide
2935 1881 3242 1938 Comment.
3291 1887 3358 1940 ad
3405 1880 3546 1942 vers.

1973 1941 2060 2003 81,
2082 1941 2272 2012 liymn.
2300 1946 2354 1999 7.
2377 1941 2620 2002 Cathein.
2655 1947 2893 2004 Gilanius
2918 1954 3081 2006 verbo
3111 1955 3356 2010 nectent:
3387 1941 3550 2010 mira;

1973 2018 2060 2088 tur
2081 2011 2184 2088 hoc
2208 2016 2428 2088 verbum
2451 2019 2540 2071 vix
2571 2018 2728 2072 hodie
2748 2031 2928 2075 notum
2947 2037 3088 2088 esse,
3110 2025 3248 2088 quod
3275 2027 3548 2084 antiquio-

1975 2079 2122 2164 ribus
2151 2083 2458 2164 hominibus
2493 2097 2599 2142 tam
2633 2090 2728 2144 luit
2755 2091 3034 2162 tamtum,
3067 2079 3164 2162 ipa
3187 2096 3348 2150 etiam
3381 2079 3548 2152 Cice-

1971 2157 2087 2204 roni
2099 2195 2112 2216 ,
2145 2169 2242 2220 pro
2263 2157 2447 2210 valere.
2837 2211 2840 2213 .

2043 2223 2092 2274 7.
2124 2223 2278 2292 Egm.
2324 2228 2518 2300 vitiose
2548 2229 2820 2300 hit-alentes
2862 2245 2959 2300 pro
3000 2231 3084 2286 hic
3111 2233 3352 2290 calentes.
3387 2235 3544 2292 Brcv.

1971 2291 2107 2345 Moz.
2139 2291 2389 2364 corrupte
2421 2297 2600 2352 haurit
2626 2302 2792 2354 undas
2821 2291 2970 2355 erudit
2993 2304 3122 2357 ictu.

2039 2365 2092 2436 8.
2130 2364 2247 2436 Vat.
2285 2370 2324 2421 Α
2358 2369 2513 2430 male,
2548 2387 2736 2424 arente.
2768 2371 3075 2436 Gretzerns,
3107 2373 3176 2428 de
3203 2373 3354 2430 Sacr.
3390 2375 3547 2429 Pere-

1967 2435 2107 2501 grin.
2135 2435 2226 2490 lib.
2261 2453 2298 2504 t,
2327 2452 2444 2503 Cap.
2475 2440 2562 2500 ts.
2595 2442 2806 2509 egregie
2845 2441 2942 2496 hos
2971 2458 3156 2498 versus
3179 2448 3242 2497 ait
3272 2459 3426 2500 suum
3457 2461 3546 2499 ar-

1965 2515 2279 2580 gumentum
2339 2511 2796 2575 comprobandum
2853 2514 3115 2580 producit.
3179 2516 3438 2571 Baronins
3493 2521 3544 2571 in

1969 2583 2191 2645 utattyr.
2238 2576 2391 2630 Rom.
2426 2581 2490 2631 ad
2520 2583 2659 2634 diem
2688 2581 2722 2633 ὅ
2752 2576 2926 2636 Martii
2965 2585 3181 2638 eosdem
3215 2599 3402 2639 versus
3432 2587 3544 2639 Ian--

1965 2642 2055 2697 dat
2086 2642 2152 2698 ad
2183 2646 2326 2714 pium
2357 2647 2588 2702 ﬁdelium
2633 2651 2833 2704 cultum
2865 2652 3278 2707 ostendendum.
3309 2655 3538 2710 Peveru-

1969 2717 2392 2793 t‘ttsprndentv-r
2441 2720 2718 2793 observat;
2737 2733 2934 2787 quanta
2985 2723 3329 2778 vent-ratione
3384 2727 3544 2793 primi

1963 2783 2248 2862 Christiani
2281 2790 2593 2862 sanguinem
2632 2783 3080 2862 rSSfmartyrum
3111 2783 3396 2861 prosecuti
3429 2796 3543 2848 fue-

1963 2855 2091 2934 rint,
2107 2855 2552 2934 quandoquidem
2577 2861 2758 2934 i_llt'tas_
2787 2855 3176 2934 cruofearenas
3203 2865 3543 2934 confrequem

1963 2927 2175 2979 taverint
2210 2926 2543 2983 obsecrantes.
2578 2931 2831 2984 Posthinc
2879 2933 3020 2986 notis
3065 2949 3196 2987 mss.
3239 2926 3541 2989 doctissimi

1967 2993 2200 3073 hominis
2222 3001 2582 3073 commodum,
2615 3001 2834 3073 suisque
2858 3004 2910 3055 in
2933 3003 3063 3056 locis
3086 3013 3224 3068 utar,
3256 3020 3390 3073 quas
3411 3021 3438 3057 a
3465 3008 3538 3061 cl.

1963 3068 2198 3120 Antonio
2229 3069 2417 3144 Polop_
2417 3071 2668 3144 singulari
2715 3068 2891 3126 studio
2918 3087 2982 3127 ac
3021 3068 3295 3144 diligentia
3336 3076 3541 3131 descri-

1963 3145 2102 3212 pta_s_,
2137 3147 2296 3212 atque
2317 3155 2352 3212 e
2372 3140 2620 3212 Ferratia
2649 3145 2839 3212 missas
2862 3157 3028 3212 pones
3077 3140 3162 3199 tn'e
3205 3145 3397 3200 habeo.

2035 3209 2120 3261 10.
2153 3207 2308 3264 Brev.
2339 3211 2498 3276 Moz.,
2527 3211 2684 3266 Eaner
2704 3211 2786 3266 hic
2816 3207 2907 3266 nec
2933 3230 3033 3268 non
3072 3223 3116 3270 et
3146 3216 3282 3270 urbis
3313 3227 3366 3270 ut
3401 3219 3540 3272 colo-

1963 3293 2080 3342 nus,
2108 3280 2247 3347 quod
2277 3281 2474 3350 indiget
2499 3283 2856 3338 eorrectiooe.
2905 3284 3176 3338 Notaudns
3201 3296 3279 3340 est
3314 3302 3539 3342 concur-

1963 3359 2056 3401 sus
2081 3363 2186 3423 non
2215 3352 2386 3423 solum
2417 3352 2796 3421 l-lispanortnn,
2831 3356 2920 3408 sed
2967 3356 3014 3409 al
3040 3371 3190 3410 arum
3221 3358 3383 3411 etiam
3411 3373 3538 3423 gen-

1965 3424 2093 3496 t.ttm
2116 3420 2188 3496 ad
2221 3421 2475 3496 sepulcra
2504 3420 2836 3496 martyrum.
2887 3425 3012 3496 llos;
3035 3425 3264 3492 iuianus,
3294 3428 3362 3482 de
3391 3420 3535 3496 Orig.

1963 3487 2084 3540 fest.
2109 3487 2309 3564 Christ;
2331 3507 2465 3564 pag.
2497 3493 2562 3547 12
2583 3503 2636 3548 et
2663 3487 2747 3557 i3,
2773 3509 2935 3564 agens
2983 3495 3050 3550 de
3099 3487 3372 3552 memoriis
3401 3487 3540 3552 mar-

1965 3566 2162 3638 tyrum,
2195 3560 2367 3638 innuit
2389 3563 2562 3638 solum
2597 3573 2718 3630 post
2743 3560 3184 3638 SfAugustinnm
3234 3570 3539 3638 peregrina-

1964 3631 2134 3704 tiones
2159 3629 2225 3682 ad
2256 3632 2498 3704 sepulcra
2545 3629 2838 3704 martyrum
2881 3629 3144 3700 originem
3197 3629 3489 3704 sumpsisse
3520 3654 3538 3695 :

1961 3695 2236 3774 quodnon
2265 3701 2438 3755 solum
2461 3695 2740 3774 Prudeniii
2765 3695 3114 3774 carminibus,
3160 3709 3253 3762 sed
3294 3695 3537 3763 innume-

1961 3768 2034 3822 ris
2065 3769 2222 3840 etiam
2255 3772 2532 3840 Augustini
2565 3773 2692 3828 locis
2721 3774 3008 3828 refellitur.

2035 3839 2120 3912 ll.
2173 3839 2356 3902 Fttbt'.,
2409 3840 2544 3896 Gis..
2576 3843 2721 3906 Ald.,
2773 3844 2927 3899 Brcv.
2973 3845 3130 3910 Μαι,
3185 3849 3534 3912 pra'cncurrit.

1961 3907 2228 3980 Plerique,
2251 3915 2412 3967 etiam
2447 3913 2798 3979 Bollandiani,
2845 3907 3456 3980 percucurrithifanins
3485 3923 3534 3972 in

1963 3979 2073 4053 Ptin
2097 3979 2216 4053 legit
2245 3997 2309 4036 ex
2332 3993 2442 4038 vet.
2476 3983 2570 4038 lib.
2609 3979 2950 4053 percucurrit,
3007 3995 3061 4038 et
3103 3983 3333 4037 affirmat
3381 4001 3536 4039 voca-

1964 4048 2084 4104 bula
2107 4052 2339 4124 articulo
2365 4069 2452 4124 per
2479 4048 2660 4123 juncta
2683 4055 2822 4122 apud
2854 4048 3062 4109 veteres
3094 4054 3257 4110 fuisse
3285 4054 3534 4122 plurima,

1961 4135 2086 4194 quze
2107 4119 2265 4178 hodie
2315 4119 2396 4178 vel
2429 4119 2613 4194 in'prre
2639 4119 2732 4178 vel
2755 4126 2908 4180 aliter
2937 4133 3062 4178 sunt
3087 4119 3443 4188 commutata;
3479 4119 3536 4180 nt

1963 4191 2206 4264 perdurat
2227 4203 2424 4248 teneras
2447 4191 2514 4247 in'
2529 4194 2970 4264 Psychomachia.
3001 4195 3268 4264 Petavius,
3287 4204 3420 4249 tom.
3447 4196 3533 4258 lV,

1962 4260 2052 4316 l.b.
2089 4277 2196 4328 xrv,
2227 4279 2345 4333 cap.
2381 4264 2468 4326 ll,
2495 4279 2560 4318 ex
2589 4260 2689 4318 hoc
2719 4264 2948 4332 aliisque
2979 4263 3110 4319 locis
3141 4264 3411 4320 Prudentii
3443 4267 3535 4321 ob-

1959 4340 2158 4404 servat,
2184 4348 2306 4387 eum
2337 4335 2388 4388 in
2422 4335 2706 4403 triumphis
2727 4345 3018 4404 martyrum
3047 4335 3276 4404 eleganti
3298 4337 3536 4394 carmine

1959 4401 2330 4475 describendis
2359 4406 2557 4474 saepius
2583 4401 2893 4460 earumdem
2925 4401 3251 4475 reliquisset
3266 4407 3534 4474 sepulcra,

1959 4484 2024 4544 ac
2053 4479 2160 4526 tam
2192 4473 2276 4528 his
2296 4473 2497 4529 cultum
2536 4483 2592 4529 et
2633 4479 2890 4530 honorem
2923 4473 3180 4529 tributum
3211 4473 3369 4544 quam
3399 4475 3536 4532 indi-

1956 4540 2078 4594 dem
2109 4558 2336 4614 repensa
2377 4545 2635 4600 benetieia
2683 4558 3130 4602 commemorare.
3162 4540 3348 4600 Patres
3392 4547 3536 4604 Lati-

1957 4627 2056 4664 nos
2083 4613 2404 4683 (incensqu
2429 4615 2827 4669 consentientes
2852 4615 3066 4670 adducit
3097 4617 3364 4672 Petavius.

2029 4683 2114 4736 l2.
2149 4685 2306 4739 Brev.
2363 4685 2522 4750 Moz.,
2578 4687 2822 4739 ambiunt.
2855 4687 3138 4750 Ccilarius,
3187 4703 3294 4741 non
3350 4687 3535 4742 infelix

1993 4759 2356 4820 rannnaticus,
2399 4756 2645 4810 ltocloco
2705 4755 3009 4826 theologum
3068 4756 3354 4811 infeliciter
3404 4757 3533 4826 agit.

1999 4839 2234 4878 ATRONOS
2263 4841 2444 4880 unum.
2479 4826 2544 4878 At
2567 4827 2668 4890 hic,
2701 4827 2892 4895 inquit,
2926 4843 3057 4880 unus
3079 4837 3152 4881 est
3178 4827 3430 4880 Christus.
3459 4827 3535 4882 Ne

1954 4902 2104 4966 sutor
2133 4897 2270 4966 ultra
2302 4896 2589 4964 crepidini.
2629 4897 2765 4950 Pace
2811 4913 2918 4951 non
2969 4899 3142 4950 solum
3197 4897 3532 4966 grammatici

1955 4963 2288 5031 heterodosi,
2320 4963 2504 5020 verum
2532 4967 2690 5020 etiam
2709 4969 2946 5022 omnium
2971 4963 3336 5028 theologorum
3359 4966 3532 5019 refor-

1956 5043 2220 5090 matorom
2250 5037 2406 5092 liceat
2430 5037 2740 5103 Prudentia,
2769 5037 2925 5092 liceat
2951 5037 3104 5090 nobis
3139 5037 3237 5092 SS.
3269 5045 3534 5104 martyres

1953 5113 2195 5176 patronos
2211 5108 2389 5161 mundi
2401 5108 2581 5162 dicere
2601 5123 2661 5161 ea
2678 5110 2854 5176 phrasi
2876 5123 2936 5162 ac
2960 5107 3529 5176 signitieatione,quam

1946 5175 2058 5241 jam
2089 5184 2246 5232 relate
2272 5178 2542 5232 l’rudentii
2575 5175 2709 5232 tanta
2753 5175 3092 5247 proilitrix’in
3123 5185 3532 5247 omnes__terras

1954 5259 2275 5313 percurrens
2293 5251 2644 5313 annnntiavit,
2675 5245 2776 5301 me
2793 5258 3028 5315 patronos
3053 5261 3156 5298 esse
3185 5245 3382 5311 mundi,
3405 5261 3531 5314 quos

1951 5328 2216 5384 precantes
2231 5320 2476 5374 ambiant.
2509 5323 2564 5374 ὃ.
2593 5319 2915 5387 Augustinus
2942 5315 3244 5387 nonrsemel
3271 5323 3531 5387 martyres

1952 5397 2220 5460 patronos,
2251 5401 2305 5444 et
2335 5400 2628 5460 martyrum
2672 5385 3010 5457 patrocinium
3037 5386 3191 5451 dixit,
3234 5385 3530 5455 praesertim

1953 5461 2004 5514 in
2039 5459 2133 5514 lib.
2163 5461 2230 5512 tle
2255 5461 2392 5514 Cura
2440 5459 2534 5526 pro
2573 5460 2820 5526 mortuis.

2024 5531 2112 5583 t5.
2145 5530 2406 5583 Cellarins
2429 5524 2524 5592 ait,
2547 5530 2786 5583 ultimam
2809 5525 2861 5580 in
2887 5525 3080 5592 frustra
3111 5524 3532 5582 insolente-reor-

1953 5609 2156 5670 rcptatn
2195 5615 2336 5656 esse.
2376 5600 2596 5654 Dubium
2631 5599 2758 5652 tnihi
2793 5613 2898 5650 non
2951 5607 3054 5664 est,
3109 5597 3232 5668 quin
3264 5597 3448 5656 ultima
3477 5597 3530 5656 in
