4052 6184
260 223 370 283 285

1543 426 1729 465 manus
1750 429 1762 464 :

347 543 367 558 κ
433 515 644 572 Veritas
673 513 877 569 crimen
909 517 1160 580 putatur:
1185 521 1285 561 vox
1309 505 1479 560 tl.lelis
1503 505 1772 572 plectitur.

504 605 655 660 Tune
698 611 754 659 et
799 616 929 658 ense
979 614 1117 655 cassa
1156 598 1323 652 virtus
1374 596 1526 650 triste
1570 591 1835 661 percussit

1535 681 1555 755 [
1569 683 1764 749 solum,

259 789 327 847 50
437 787 506 842 Et
526 784 671 856 rogis
696 784 900 853 ingesta
926 777 1155 842 maestis,
1202 791 1297 832 ore
1322 775 1562 830 flammas
1591 773 1830 828 sorbuit:

431 878 595 934 Dulce
617 875 917 942 tuncjustis
933 869 1182 936 cremari,
1204 868 1358 923 dulce
1381 866 1581 922 ferrum
1604 865 1830 935 perpeti.

505 970 604 1025 llic
667 967 893 1023 duorum
974 977 1100 1019 cara
1170 961 1392 1016 fratrum
1457 957 1836 1012 concalescunt

1473 1047 1494 1118 [
1512 1054 1723 1116 pectora
1737 1089 1754 1114 ,

437 1150 566 1207 Fida
596 1163 731 1220 quos
757 1161 855 1217 per
873 1158 1032 1200 omne
1059 1139 1534 1211 tempusjunxerat
1552 1135 1831 1190 sodalitas.

433 1242 592 1300 Stant
619 1239 787 1310 parati
815 1237 956 1293 ferre
977 1231 1235 1306 quidquid
1265 1244 1383 1286 sors
1405 1228 1611 1282 tulisset
1629 1225 1839 1281 ultima:

1389 211 1394 214 ’
1435 214 2008 274 I‘ERISTFPHANON.
2053 211 2264 270 IIYMN.
2313 211 2351 266 1.

434 333 602 407 879
623 331 884 388 Barbarus
909 330 1080 386 lorum
1112 343 1206 399 per
1233 342 1389 382 omne
1429 335 1598 380 tortor
1623 336 1836 381 exercet
1864 332 1910 387 Α
1942 326 2010 380 55

3417 211 3482 265 9.5
3489 213 3520 262 6

2189 324 2299 380 Seu
2332 321 2468 377 foret
2492 320 2775 390 praebenda
2801 322 2978 378 cervix
3003 321 3068 377 ad
3107 321 3392 390 bipennem
3423 339 3520 390 pn-

3185 409 3433 481 [blicam,

2117 501 2410 558 Verberum
2442 509 2568 572 post
2609 501 2717 556 vim
2761 511 3100 572 crepantum,
3144 509 3266 572 post
3289 508 3518 554 catastas

3215 589 3444 662 [igneas,

2109 683 2423 756 δεθείη
2449 683 2630 756 pardis
2665 684 2999 742 oll‘erendum
3033 693 3244 756 pectus,
3285 693 3379 738 aut
3408 684 3519 738 leo-

3213 772 3246 846 ~[
3267 776 3443 829 nibus.

2175 867 2352 922 Nosne
2365 867 2579 922 Christo
2593 867 2856 936 procreati
2871 881 3186 921 mammona:
3197 864 3514 929 dicabimur,

2116 956 2184 1012 Et
2214 957 2308 1012 Dei
2336 957 2559 1011 formam
2587 966 2837 1026 gerentes
2859 957 3155 1012 serviemus
3184 955 3418 1010 szeculot

1936 1048 2006 1105 60
2112 1047 2263 1102 Absit
2285 1057 2339 1100 ιιι
2367 1047 2603 1103 ctelestis
2631 1047 2768 1117 ignis
2789 1062 2848 1102 se
2872 1047 3104 1102 tenebris
3129 1047 3382 1106 misceat;

2181 1137 2262 1192 Sit
2304 1138 2434 1194 satis
2481 1135 2624 1208 quod
2650 1148 2806 1207 capta
2852 1138 3026 1207 primo
3066 1137 3172 1190 vita
3214 1135 3314 1190 sub
3337 1133 3516 1189 chiro-

3189 1226 3444 1298 [grapho,

1551 1335 1837 1395 GLOSSIE
1876 1336 2215 1397 VETERES.

325 1469 417 1523 ιε.
449 1463 722 1524 Pleetitur,
753 1458 986 1529 punitur,
1028 1453 1417 1519 condemnatur,
1448 1450 1553 1507 lso.

323 1539 416 1594 50.
448 1536 678 1602 Ingesta,
710 1526 858 1602 facie,
893 1526 931 1580 1.

325 1593 416 1662 51.
449 1593 636 1663 Dulce.
663 1593 829 1654 dulcis
855 1614 936 1650 res
967 1595 1088 1665 fuit,
1119 1593 1160 1648 Ι.

327 1659 418 1732 33.
447 1659 734 1735 Sodalitas,
765 1659 977 1722 sodales
991 1659 1253 1735 dicuntur,
1278 1661 1426 1734 quasi
1456 1661 1610 1717 sintul
1637 1659 1832 1726 edales,

259 1748 309 1801 id
329 1762 423 1814 est,
445 1743 600 1799 simul
616 1733 960 1804 coniectantes,
984 1738 1024 1803 l,
1058 1735 1177 1790 Vat.
1199 1733 1269 1790 A.

2010 1452 2101 1528 56.
2135 1453 2400 1528 Catastas,
2424 1471 2582 1525 genus
2608 1457 2864 1528 tormenti,
2904 1456 2960 1509 id
2992 1465 3064 1528 est
3087 1457 3202 1528 lecti
3226 1456 3379 1526 ferrei
3404 1457 3514 1528 quin

1937 1521 2039 1597 bus
2052 1525 2277 1597 impositi
2304 1521 2572 1595 martyres,
2599 1527 2728 1597 ignis
2751 1527 3150 1594 supponebatur,
3182 1527 3220 1579 Ι.

2009 1594 2100 1649 58.
2133 1594 2466 1660 Mammonze,
2495 1594 2735 1663 dann'oni,
2762 1597 2840 1650 vel
2867 1597 3054 1651 diuitiis
3080 1595 3369 1661 mundanis,
3401 1595 3445 1652 l.

2007 1664 2098 1718 60.
2125 1663 2376 1720 leestis
2401 1667 2556 1733 ignis,
2578 1668 2773 1724 anima.
2805 1666 2843 1720 Ι.

2005 1735 2095 1790 61.
2124 1734 2513 1806 Chirographo,
2545 1737 2797 1792 manualis
2823 1736 3150 1806 conscriptio,
3177 1734 3223 1794 l.

1602 1863 2158 1923 COMMENTARIUS.

261 1990 431 2047 Vlderi
461 1988 624 2044 etiam
647 1989 869 2055 possunt
891 1980 1100 2036 vincula
1123 1979 1181 2036 S.
1199 1978 1365 2047 Petri,
1385 1993 1506 2047 qum
1524 1979 1577 2055 in
1599 1981 1821 2055 ecclesia
1856 1987 1902 2046 Β
1929 1994 2106 2055 ginate
2131 1984 2193 2038 ed
2203 1984 2339 2038 itiori
2363 1985 2538 2054 inquo
2568 1999 2727 2053 rogus
2751 1984 3154 2048 accenderetur,
3181 2000 3277 2054 per
3301 1995 3514 2052 tropum

264 2063 414 2131 hujus
446 2052 676 2131 nominis
705 2053 956 2131 religiose
989 2057 1352 2131 asservantttr,
1383 2059 1436 2104 et
1464 2053 1590 2131 a__cl.
1615 2052 1826 2131 cancel-

261 2120 408 2188 lierio
459 2130 514 2182 in
563 2141 662 2181 suo
706 2120 915 2178 erudito
943 2136 1106 2190 opere
1133 2120 1200 2174 de
1225 2120 1455 2174 Carcere
1483 2120 1820 2184 Mamertino,

261 2200 494 2269 ejusdem
516 2193 920 2272 eminentissimi
943 2190 1225 2272 cardinalis
1249 2191 1453 2272 Bprgire
1478 2205 1604 2244 cura
1630 2193 1830 2272 pariter

261 2262 543 2333 delineata,
575 2267 667 2320 teri
706 2264 867 2319 incisa
901 2262 1259 2333 proferuntur,
1292 2262 1344 2313 in
1383 2275 1608 2333 quorum
1653 2271 1831 2333 extre-

261 2343 442 2396 mitate
473 2331 671 2398 boiam,
696 2339 810 2389 sive
837 2332 1092 2387 circulum
1119 2331 1350 2386 ferreum
1374 2331 1657 2385 observare
1681 2332 1824 2386 licet.

261 2411 335 2466 Ad
367 2409 629 2477 majorem
660 2405 968 2477 cruciatum
1014 2403 1072 2477 ἰιι⁸
1110 2409 1260 2477 parte
1289 2400 1832 2477 iuterna_circuli_in-

263 2471 471 2537 tet-doni
496 2476 743 2531 acumina
773 2474 945 2528 ferrea
972 2471 1303 2534 eminebant,
1353 2479 1410 2523 ut
1443 2471 1578 2523 colla
1609 2478 1702 2524 aut
1730 2471 1831 2524 int-

263 2560 403 2606 mota
433 2552 839 2616 permanerent,
880 2551 1001 2616 aut,
1041 2542 1086 2616 si
1117 2540 1478 2616 ﬂecterentur,
1521 2539 1573 2616 in
1600 2543 1830 2616 _actt'eus

263 2610 634 2688 impingercnt,
659 2623 954 2688 utapparet
977 2613 1028 2665 in
1055 2612 1349 2688 boia_quam
1373 2625 1469 2688 nos
1491 2610 1826 2688 exhibemus.

262 2680 503 2746 De'boiis
532 2680 696 2756 agunt
721 2680 997 2756 Gallonius
1028 2697 1146 2751 cap.
1171 2682 1224 2756 '.‘5_2
1269 2681 1586 2756 Sagittarius
1623 2695 1742 2750 cap.
1769 2680 1828 2748 2,

262 2761 350 2816 ubi
383 2760 452 2814 de
477 2750 637 2812 variis
663 2755 996 2808 vinculorum
1027 2750 1310 2821 generibus
1337 2750 1630 2804 disserunt.

330 2831 422 2884 47.
456 2828 676 2891 Weitz.,
705 2824 972 2889 barbarus,
995 2819 1083 2890 qui
1111 2821 1282 2891 solum
1315 2823 1555 2890 agnovit,
1596 2819 1830 2891 iuV'ulg.

263 2911 310 2956 et
332 2899 536 2956 Wtdm.
570 2889 729 2966 supra
758 2909 876 2966 esse
893 2889 1150 2966 barbaras.
1181 2889 1427 2966 Plerique
1452 2890 1834 2966 tamcn_legunt

262 2973 524 3025 barbaras.
576 2960 876 3022 Notandum
907 2973 988 3017 est
1015 2977 1080 3016 ex
1107 2962 1254 3015 Actis
1281 2971 1594 3031 martyrum,
1630 2960 1684 3013 in
1716 2960 1831 3014 loro

263 3039 563 3110 hujusmodi
618 3035 957 3110 carniﬁcinas
1003 3031 1241 3087 exerceri
1287 3029 1520 3110 solitam.
1562 3029 1830 3084 Interdum

262 3101 435 3165 au'tetu
470 3109 838 3163 liebantextra
866 3105 1074 3167 urbem,
1119 3110 1174 3156 et
1200 3101 1476 3155 carnilices
1509 3101 1652 3168 ipSltS
1683 3110 1830 3154 extra

264 3183 444 3236 urbem
464 3179 731 3232 habitasse
756 3174 941 3244 probat
958 3171 1348 3244 Kirchtuannus
1358 3171 1426 3225 de
1441 3169 1632 3244 Funer.
1651 3171 1802 3244 Bom.
1815 3209 1830 3234 ,

264 3265 372 3320 cap.
387 3252 479 3316 24,
497 3251 622 3304 libr.
637 3263 693 3312 ιι,
715 3241 866 3316 cujus
888 3243 1289 3299 consuetudinis
1313 3241 1625 3295 nonnullum
1650 3242 1833 3294 Boium

264 3331 426 3375 exuat
457 3321 760 3388 ve~tigium.
824 3343 829 3348 -

329 3392 420 3446 i9.
451 3390 569 3446 Gis.
599 3379 666 3442 ad
695 3401 843 3440 oram
875 3383 1089 3454 perculit
1126 3379 1316 3454 solum.
1365 3379 1508 3436 Ense
1540 3389 1830 3453 martyrem

262 3475 456 3515 ca‘sutn
479 3459 734 3528 exprimit
762 3452 940 3528 tabula
969 3454 1061 3528 21,
1089 3455 1167 3508 lit.
1200 3452 1262 3506 D.

328 3532 418 3587 50.
450 3519 704 3584 Diversos
746 3526 933 3580 modos
961 3519 1153 3594 quibus
1193 3531 1457 3593 martyres
1504 3519 1613 3592 igni
1655 3521 1835 3577 trade-

261 3601 474 3662 bantur,
503 3598 627 3653 vide
650 3598 702 3652 in
733 3598 838 3650 tab.
871 3597 934 3650 i6
963 3605 1016 3648 et
1047 3597 1132 3650 Π.

327 3673 420 3730 5i.
461 3660 519 3725 lu
548 3669 756 3723 Thuan.
789 3676 843 3720 et
873 3667 1064 3719 Bober.
1093 3663 1289 3732 priore,
1335 3660 1709 3728 vetustissimis
1737 3676 1834 3717 co-

259 3744 488 3809 dicibus,
543 3739 695 3806 iussit
743 3750 839 3805 pro
869 3737 1049 3809 justis.
1096 3732 1598 3809 Conjicitdleinsius
1628 3733 1721 3809 jus
1749 3734 1826 3797 ﬁt.

258 3814 442 3869 Melior
470 3801 556 3868 est
579 3801 840 3878 scriptura
862 3801 1188 3878 pervulgata.
1210 3801 1395 3878 pulce
1417 3804 1704 3878 tuncjustis
1727 3818 1837 3855 cre-

259 3885 431 3948 mari;
484 3882 620 3938 etin
650 3872 1019 3934 lleinsii'uotis
1065 3873 1343 3944 legendum
1388 3881 1471 3927 est
1515 3872 1664 3925 dulce
1692 3882 1835 3939 tunc,

262 3969 368 4007 non
398 3952 549 4008 dulce
575 3967 730 4004 nunc.

327 4025 420 4080 52.
453 4022 599 4086 Ald.,
630 4020 808 4084 Fabr.,
841 4015 1060 4080 Weitz.,
1094 4009 1444 4086 Bollandiani,
1477 4011 1832 4086 convalescunt

262 4108 361 4161 pro
385 4080 759 4153 concalescunt,
783 4080 920 4161 quod
951 4089 1120 4161 inagis
1147 4092 1229 4161 est
1253 4080 1690 4161 Prudentianutn.
1741 4080 1837 4135 Gi-

263 4153 442 4217 lanius
471 4177 500 4216 a
526 4161 760 4214 Weitzio
789 4166 844 4212 et
872 4153 1086 4210 Heinsio
1115 4156 1310 4208 citatur
1332 4167 1430 4222 pro
1460 4153 1834 4206 convalescunt.

263 4233 381 4285 V'at.
415 4235 483 4298 Α,
509 4232 655 4295 Rau,
688 4243 904 4298 corpora
929 4225 1073 4296 quod
1102 4223 1295 4279 alicubi
1324 4223 1527 4277 invenit
1559 4222 1836 4277 Weitzius.

262 4300 457 4356 Retine
482 4311 706 4367 pectora.

328 4373 422 4427 55.
459 4364 638 4441 Prag.,
662 4370 890 4441 cinxerat
911 4364 1181 4441 sodalitas.

332 4444 428 4497 55.
459 4433 711 4508 Bipénuis
740 4446 822 4491 est
849 4437 1074 4508 securis,
1101 4437 1178 4508 ita
1204 4434 1344 4489 dicta
1369 4449 1398 4488 a
1423 4433 1629 4508 duabus
1661 4433 1839 4502 pinnis

260 4528 356 4568 seu
403 4504 614 4580 pennis,
667 4509 770 4562 hoc
811 4517 905 4580 est
942 4505 1191 4580 fastigiis,
1231 4521 1348 4573 qttre
1395 4504 1645 4580 utrinque
1685 4515 1837 4580 acuta

259 4575 441 4638 erant.
471 4581 757 4634 Peveratus
777 4592 842 4632 ex
875 4577 1102 4631 BarOnio
1128 4575 1194 4628 ad
1223 4584 1447 4644 martyr.
1473 4575 1626 4628 liout.
1655 4591 1705 4634 rx
1733 4575 1836 4628 cal.

263 4653 467 4720 Aprilis
493 4649 701 4720 dubitat
734 4661 905 4720 anueo
930 4656 1180 4720 tempore
1208 4649 1412 4720 securis
1442 4645 1495 4720 in
1525 4660 1621 4698 usu
1656 4645 1834 4704 tuerit.

1930 2053 2036 2109 dici
2069 2069 2228 2121 posse
2255 2053 2474 2108 catastas
2499 2058 2691 2126 igneas,
2725 2055 2932 2126 scilicet
2963 2057 3131 2108 multo
3159 2056 3281 2123 igne
3302 2059 3513 2112 radian-

1933 2133 2035 2178 tes.
2060 2126 2304 2180 Advertit
2329 2124 2677 2179 nihilominus
2701 2125 2840 2190 apud
2870 2124 3074 2180 Isonem
3103 2135 3159 2181 et
3186 2135 3339 2180 vetus
3363 2128 3507 2182 aliud

1930 2194 2248 2264 glossarium
2280 2204 2536 2250 eatastam
2566 2210 2684 2250 esse
2712 2195 2906 2249 lectum
2941 2195 3194 2250 ferrc‘um.
3241 2197 3512 2252 Giselinus

1932 2265 2127 2336 ligneas
2152 2265 2351 2335 reperit
2384 2268 2433 2320 in
2458 2266 2547 2321 ed.
2581 2266 2856 2336 Daverntr.;
2880 2266 2999 2336 sed,
3023 2278 3076 2336 ut
3100 2266 3213 2336 ipse
3237 2266 3514 2332 observat,

1931 2333 2052 2388 cum
2080 2335 2130 2388 in
2164 2333 2363 2405 hymno
2395 2338 2451 2392 S.
2481 2335 2746 2390 Laurentii
2776 2349 2918 2390 vers.
2953 2333 3078 2400 599,
3102 2333 3276 2391 crates
3310 2336 3508 2400 ferrea,

1931 2419 2053 2473 qua:
2079 2405 2185 2473 jam
2211 2406 2371 2476 ignita
2401 2417 2537 2471 erat,
2570 2415 2765 2460 catasta
2796 2405 2829 2460 d
2854 2416 3025 2472 catur,
3062 2407 3194 2461 nihil
3224 2416 3306 2461 est
3335 2423 3514 2461 causa:

1931 2477 2280 2547 quamobrem
2311 2477 2485 2544 igneus
2529 2485 2762 2531 mutetur
2809 2477 2859 2530 in
2909 2477 3124 2547 ligneas.
3183 2477 3332 2545 Apud
3363 2477 3526 2532 Chri-.

1933 2545 2134 2599 stiauos
2163 2546 2456 2614 scriptores
2487 2561 2632 2612 saepe
2661 2555 2862 2599 catasta
2887 2545 3152 2615 significat
3182 2547 3354 2600 locum
3379 2550 3513 2600 emi-

1933 2617 2229 2684 nentiorem
2261 2616 2346 2669 ubi
2375 2617 2441 2670 de
2464 2618 2573 2669 reis
2598 2617 2909 2669 sumebatur
2941 2616 3284 2684 supplicium.
3321 2616 3514 2671 Putant

1934 2683 2098 2805 ﬁliani
2123 2684 2246 2739 inde
2271 2685 2470 2739 dictum
2501 2685 2747 2755 Hispanis
2777 2683 3080 2750 cadahalso,
3126 2693 3181 2740 ct
3210 2686 3352 2739 Italis
3374 2697 3515 2772 cata-

1957 2771 1986 2805 a
2012 2771 2088 2805 co.
3352 2768 3355 2770 ·

1933 2758 2088 2824 falco.
3285 2823 3292 2824 ί
3352 2768 3355 2770 ·
3411 2759 3426 2772 '

2005 2825 2094 2880 57.
2130 2825 2375 2894 Vulgaris
2407 2833 2523 2880 erat
2564 2825 2837 2888 gentilium
2873 2825 3226 2878 acclamatio:
3261 2823 3514 2879 Christia-

1934 2911 2026 2949 nos
2052 2895 2120 2948 ad
2162 2895 2382 2958 leonem,
2439 2904 2494 2948 ttt
2537 2895 2915 2966 Tertullianus,
2962 2894 3290 2966 Cyprianus,
3340 2896 3510 2966 etalii

1936 2966 2197 3020 referunt.
2239 2965 2630 3032 Nonnunquam
2657 2983 2670 3018 :
2704 2963 3021 3020 Christianus
3043 2966 3110 3017 ad
3134 2965 3340 3021 bestias.
3391 2965 3514 3019 Ilie-

1933 3050 2191 3104 ronymus
2221 3047 2503 3103 utrumque
2531 3036 2803 3104 conjungit
2845 3034 2938 3088 lib.
2969 3049 3038 3088 vn
3065 3035 3117 3088 in
3156 3036 3367 3100 Isaiam,
3393 3050 3512 3100 cap.

1937 3107 2024 3159 18.
2063 3106 2136 3159 De
2172 3105 2372 3175 pardis,
2398 3120 2623 3174 quorum
2657 3105 2878 3160 laniatui
2918 3109 3324 3170 exponebantur
3357 3105 3515 3159 Citri-

1934 3176 2119 3240 stiani,
2174 3177 2419 3230 meminit
2458 3176 2722 3230 Eusebius
2770 3176 2864 3229 lib.
2903 3189 2919 3228 ι
2962 3175 3124 3240 llist.,
3171 3191 3289 3243 cap.
3338 3177 3423 3229 16.
3457 3177 3511 3230 lu

1936 3246 2193 3316 martyrio
2227 3245 2283 3302 S.
2317 3246 2506 3316 lgnatii
2550 3260 2645 3316 pro
2677 3245 2922 3301 leonibus
2960 3245 3202 3300 nonnulli
3233 3246 3515 3315 leopardos

1938 3324 2259 3371 memorant.

2006 3386 2096 3442 58.
2133 3386 2209 3441 Ex
2241 3386 2426 3459 big-Illi.
2457 3401 2528 3459 vl,
2554 3385 2624 3459 24
2660 3406 2673 3441 :
2718 3386 2837 3442 Non
2881 3385 3106 3459 potestis
3123 3382 3226 3438 Deo
3251 3385 3439 3459 servire
3466 3397 3515 3440 et

1935 3473 2254 3512 mammonae.
2289 3457 2535 3511 Barthius
2567 3457 2657 3510 lib.
2695 3475 2777 3522 Lv,
2802 3455 2923 3526 cap.
2950 3455 3003 3519 4,
3032 3457 3279 3522 AdVCI'S.,
3305 3459 3380 3510 ait
3409 3457 3517 3510 Iso-

1936 3541 2058 3598 nem
2074 3543 2180 3598 non
2197 3527 2444 3582 debuisse
2469 3528 2773 3598 disjungere
2795 3529 3019 3595 diabolo,
3044 3527 3122 3580 vel
3145 3527 3336 3580 divitiis
3359 3544 3513 3580 mun-

1934 3596 2101 3665 danis.
2135 3596 2397 3650 Mammon
2428 3598 2570 3651 enim
2595 3596 2700 3651 non
2739 3600 2894 3652 aliter
2920 3598 3121 3651 idolum
3152 3606 3235 3651 est
3264 3613 3424 3665 opum
3459 3606 3514 3650 et

1934 3664 2261 3728 divitiarum,
2317 3681 2472 3734 quam
2526 3667 2651 3720 belli
2699 3669 2857 3722 Mars.
2906 3668 3054 3721 Alius
3083 3664 3348 3732 glossstor
3373 3667 3514 3735 apud

1935 3735 2182 3791 eumdem
2215 3735 2486 3789 Bartltinm
2516 3737 2771 3805 exponit,
2808 3753 3179 3790 mammoneam
3214 3736 3389 3803 ﬁdem,
3421 3753 3507 3805 pe-

1938 3807 2215 3867 cuniosam,
2246 3805 2561 3868 stecularem,
2594 3823 2820 3859 avaram.
2863 3808 3018 3860 Plura
3049 3807 3119 3858 ibi
3156 3805 3424 3869 Barthius,
3463 3815 3518 3861 et

1937 3889 2054 3942 cap.
2093 3889 2206 3943 seq.
2236 3874 2303 3929 de
2332 3889 2632 3930 mammona
2666 3891 2764 3942 pro
2806 3875 3073 3938 daemone,
3126 3889 3223 3940 pro
3269 3877 3516 3936 avaritia,

1939 3960 2037 4011 pro
2070 3944 2297 3999 divitiis.
2365 3944 2597 4011 Scripsit
2634 3955 2810 4000 autem
2850 3947 2991 3999 hunc
3029 3945 3240 3997 verénm
3275 3962 3290 3997 :
3345 3945 3517 3998 Nosne

1938 4015 2424 4095 Christoprocreati
2452 4017 2720 4070 serviemus
2762 4015 3100 4070 mammonte?
3144 4024 3290 4083 puto,
3333 4029 3518 4068 errore

1939 4100 2233 4139 memoriae.

2009 4156 2097 4210 59.
2149 4156 2419 4229 Cauchius
2458 4154 2688 4229 malebat
2723 4155 2994 4212 serviemus
3034 4155 3195 4209 idolo.
3246 4151 3389 4207 Nihil
3433 4162 3516 4214 est

1942 4240 2196 4288 necesse,
2225 4227 2299 4280 ait
2329 4226 2599 4280 Heinsius.
2872 4265 2874 4270 .

2019 4295 2110 4349 60.
2140 4296 2306 4350 Aldus
2344 4306 2489 4351 recte
2523 4297 2761 4351 ediderat
2807 4295 2936 4348 absit
2977 4302 3052 4349 ut.
3109 4293 3224 4348 Non
3282 4294 3524 4359 intelligo

1945 4365 2074 4435 quid
2118 4366 2221 4420 sibi
2257 4367 2503 4431 voluerit,
2543 4382 2684 4432 cttm,
2737 4372 2999 4420 renuente
3043 4377 3234 4427 metro,
3286 4366 3523 4419 correxit

1946 4436 2078 4488 absit
2119 4452 2200 4489 ne.
2250 4436 2423 4491 Probe
2463 4436 2766 4490 emendavit
2792 4436 2922 4506 ignis
2951 4449 3044 4501 pro
3073 4435 3199 4506 igni.
3247 4435 3522 4506 Sententia

1943 4507 2110 4574 petita
2155 4515 2239 4561 est
2271 4522 2334 4562 ex
2384 4508 2425 4560 ll
2457 4507 2582 4561 Cor.
2617 4521 2698 4569 vi,
2741 4507 2809 4560 14
2841 4523 2855 4560 :
2888 4505 3018 4571 Quae
3061 4505 3274 4560 serietas
3310 4505 3413 4560 luci
3455 4507 3522 4558 ad

1945 4578 2176 4630 tenebras
2197 4578 2222 4630 7

2015 4646 2101 4699 6i.
2137 4646 2190 4698 In
2214 4644 2348 4698 Aldo
2375 4660 2527 4699 error
2551 4662 2708 4712 capra
2733 4660 2828 4714 pro
2849 4654 3017 4713 capta.
3061 4645 3301 4700 Nebriss.
3346 4645 3522 4712 suspi-

265 4714 466 4775 Verum
495 4719 594 4772 etsi
622 4717 878 4771 credibile
898 4719 967 4769 sit
994 4716 1246 4782 majorem
1269 4715 1692 4770 Christianorum
1720 4729 1841 4781 ρπ-
1871 4723 1918 4782 ι)
1945 4725 2095 4770 catur
2119 4726 2298 4781 empta.
2328 4714 2751 4784 Chirographnm
2787 4731 2906 4771 esse
2946 4717 3178 4770 militare
3226 4729 3522 4768 sacramen-

265 4802 376 4844 tvm
405 4790 579 4859 gladio
611 4790 786 4853 potius
806 4801 964 4859 quam
995 4786 1169 4859 securi
1216 4786 1390 4859 luisse
1423 4799 1754 4859 percussam,
1782 4793 1839 4836 ut

266 4854 437 4929 nuper
483 4875 546 4913 ex
577 4854 836 4913 Gallonio
861 4857 1108 4929 aiebam,
1139 4854 1486 4929 dubitandum
1513 4855 1731 4929 minime
1760 4863 1843 4929 est

265 4924 392 4998 quin
426 4929 710 4998 aliquando
738 4927 909 4981 securi
938 4924 1060 4981 czesi
1093 4925 1312 4998 iuerint,
1367 4935 1429 4978 ut
1475 4924 1556 4998 vel
1604 4940 1692 4998 ex_
1720 4925 1841 4998 solo

264 4994 557 5055 lt‘rudenti'o
580 4999 995 5062 demonstratur,
1020 5006 1072 5049 et
1106 4994 1343 5059 pluribus
1361 4995 1642 5047 coulirmat
1660 4995 1840 5062 Sagit-

263 5073 443 5124 tarius
468 5084 585 5135 cap.
619 5070 649 5120 7
682 5069 750 5120 de
772 5067 1006 5120 Cruciat.
1040 5067 1241 5118 Savaro
1267 5064 1332 5116 ad
1363 5063 1665 5135 Sidonium,
1717 5078 1839 5132 pag.

263 5142 360 5202 88,
399 5134 542 5192 hanc,
568 5138 784 5208 phrasin
806 5145 982 5208 notat,
1013 5136 1234 5208 praebere
1261 5134 1495 5194 cervices.
1540 5149 1604 5186 ex
1636 5135 1840 5208 Apolli-

264 5211 385 5264 nari
415 5219 469 5261 et
494 5203 780 5261 ex'Adoue
801 5206 1100 5260 Trevirunsi
1129 5221 1144 5256 :
1180 5203 1261 5256 Ita
1303 5212 1358 5254 ut
1404 5213 1580 5270 sponte
1625 5205 1843 5258 cervices

263 5295 391 5332 suas
421 5277 676 5330 securibus
701 5277 904 5329 darent.
954 5275 1211 5343 Martyres
1241 5274 1380 5326 ultro
1411 5272 1705 5340 praebuisse
1730 5287 1852 5327 cer-

266 5350 428 5400 vices
447 5348 679 5400 earnilici
706 5344 1281 5410 Socandasrsexcentis
1305 5343 1564 5411 exemplis
1586 5345 1637 5396 in
1665 5359 1854 5396 eorum

263 5418 410 5472 actis
442 5425 494 5470 et
521 5415 912 5485 martyrologiis
937 5423 1170 5468 constat.

345 5486 446 5540 56.
476 5486 592 5539 Vat.
619 5481 685 5548 A',
709 5481 1016 5554 crepantem,
1067 5485 1244 5537 minus
1283 5481 1439 5537 bene.
1485 5482 1730 5554 Nebrissa
1757 5497 1852 5550 pro

265 5562 453 5625 igneas
493 5557 808 5624 conjiciebat
856 5555 1095 5625 ligneas;
1167 5568 1336 5625 neque
1381 5555 1493 5625 lucc
1533 5553 1851 5625 conjectura

265 5623 601 5694 Sagittario,
634 5641 754 5695 cap.
808 5623 904 5690 10,7
942 5624 1256 5693 displicebat
1283 5640 1294 5676 :
1327 5623 1416 5692 qui
1447 5623 1614 5688 addit,
1664 5623 1732 5678 de
1757 5639 1847 5694 pe-

1949 4793 2080 4846 tum,
2114 4786 2304 4839 inutile
2335 4787 2404 4838 sit
2435 4799 2672 4840 monere.
2727 4787 2800 4839 Ex
2834 4787 3120 4841 Ambrosio
3160 4786 3384 4840 Morales
3430 4787 3522 4837 Pr-

1951 4865 2168 4909 veratus
2199 4857 2402 4908 notavit
2439 4855 2724 4909 ecclesiam
2772 4856 3082 4911 Toletanam
3121 4857 3357 4910 CtnliCem
3399 4870 3520 4923 per-

1952 4935 2216 4979 vetustum
2239 4924 2446 4996 habere
2474 4927 2714 4996 quovita
2747 4937 3037 4996 martyrqu
3059 4929 3407 4996 continetu_r,_
3432 4924 3520 4976 ubi

1953 4996 2111 5048 virba
2143 4995 2211 5068 ab
2239 4994 2461 5061 Eulogio
2491 4997 2556 5048 de
2586 4995 2668 5049 his
2713 4993 3037 5068 martyribus
3067 4996 3305 5068 adducta
3327 4993 3522 5046 haben-

1952 5073 2058 5125 tur,
2100 5064 2303 5135 scilicet
2345 5073 2594 5134 tauquam
2643 5064 2910 5135 prolatu‘a
2954 5067 3242 5120 Celedonio
3270 5065 3517 5118 Hemetev

1951 5136 2088 5207 rium
2121 5133 2395 5207 hortante.
2422 5133 2580 5207 Addit
2610 5133 2930 5207 magnOpore
2955 5151 3071 5190 esse
3091 5135 3524 5207 animadverten-

1953 5205 2078 5257 tlum
2103 5220 2258 5272 quam
2291 5219 2352 5258 ea
2383 5205 2610 5260 historia
2635 5203 2974 5272 sit'antiqua,
3006 5221 3122 5272 qua:
3150 5215 3388 5270 tempore
3419 5203 3524 5256 Eu-

1954 5275 2077 5342 logii
2107 5275 2266 5327 [ιιιιι-ἰι
2290 5277 2612 5341 conscripta.
2637 5276 2826 5331 Verum
2852 5277 3072 5342 Eulogio
3090 5276 3245 5342 longe
3257 5273 3524 5342 antiquior

1954 5357 2036 5398 est
2061 5343 2395 5398 l’rttdentius.
2431 5345 2683 5411 Eulogius
2711 5347 2801 5400 lib.
2831 5363 2844 5399 ι
2870 5346 3085 5399 Memor.
3129 5352 3287 5396 mart.
3323 5343 3395 5396 ita
3432 5343 3524 5395 ha-

1957 5415 2080 5469 bet:
2115 5415 2202 5468 Sic
2232 5415 2468 5467 nimirum
2500 5411 2630 5469 beati
2658 5428 2904 5486 martyres
2954 5413 3358 5486 Ilitiuetcriusct
3383 5411 3525 5465 Cele-

1955 5486 2157 5547 tlonius,
2204 5501 2319 5536 cum
2363 5486 2564 5539 tradere
2602 5503 2691 5551 pro
2725 5483 2936 5538 Domino
2979 5484 3174 5534 animas
3207 5483 3520 5547 anhelarent,

1958 5556 2049 5606 tuli
2077 5555 2420 5624 κεδρὼυὶοιιη
2450 5555 2517 5606 ad
2541 5556 2824 5624 passionem
2859 5561 3079 5624 astantes
3110 5553 3313 5606 hortatu
3340 5554 3522 5624 impel-

1958 5625 2070 5679 lunt
2111 5641 2128 5678 :
2178 5623 2349 5679 πει-ἰαί
2396 5623 2580 5693 ubique
2630 5625 2819 5677 hostem
2867 5623 3137 5679 missilibus
3177 5624 3282 5679 suis
3333 5623 3522 5677 uibrata
