4052 6184
432 227 540 285 9.87

1680 425 1962 498 [Caesarie

618 524 856 596 Tempus
876 531 962 580 est
981 522 1096 579 Deo
1120 518 1346 592 rependi
1370 515 1630 590 quidquid
1652 526 1738 573 est
1760 516 2036 587 proprium

1805 606 1828 681 [
1847 608 1963 663 Dei.

675 707 1057 776 Ite,signorum
1073 702 1521 775 magistri:etvos,
1538 697 1759 765 tribuni,
1774 697 2039 754 absistite.

449 800 519 858 65
627 787 839 854 Aureos
858 795 1066 851 auferte
1092 802 1332 865 torques,
1365 792 1668 849 sauciorum
1698 791 1952 861 praemia:

627 888 779 946 Clara
802 905 900 945 nos
922 888 1047 943 binc
1067 888 1381 959 angelorum
1399 887 1508 955 iam
1530 872 1726 940 voéant
1742 883 2031 954 stipendia.

697 979 948 1034 Christus
981 979 1091 1034 illic
1114 977 1413 1033 candidatis
1434 974 1685 1046 prtesidct
1700 975 2043 1040 cohortibus,

629 1076 698 1131 Et
710 1074 907 1130 throno
924 1087 1157 1144 regnans
1175 1071 1245 1127 ab
1261 1071 1393 1137 alto,
1409 1067 1866 1124 damnatinfames
1879 1068 2037 1133 deos,

636 1167 868 1237 Vosque,
883 1165 973 1235 qui
986 1164 1209 1220 ridenda
1220 1162 1373 1218 vobis
1389 1170 1629 1216 monstra
1647 1160 1800 1215 divos
1814 1158 2036 1229 fingitis.

1761 1287 2055 1346 σωθείη
2092 1242 2433 1363 versatas.

525 1411 618 1469 64.
642 1411 889 1478 Tribuni,
920 1427 1078 1481 super
1106 1409 1268 1464 mille.
1299 1440 1371 1451 —
1399 1408 1678 1477 Absistite,
1707 1410 1970 1481 discedite,
2004 1407 2045 1463 Ι.

530 1483 621 1538 65.
650 1483 913 1553 Torques,
944 1481 1184 1553 circulos.
1210 1511 1279 1521 ——
1317 1482 1635 1536 Sauciornm
1653 1520 1670 1545 ,
1700 1480 2044 1547 inﬁrmorum.

457 1582 526 1597 -—
554 1552 799 1617 Praemia,
824 1569 938 1621 qua:
960 1562 1096 1617 sunt,
1130 1552 1168 1606 l.

530 1624 621 1681 68.
651 1620 904 1690 Infantes,
938 1623 1045 1677 sine
1073 1627 1205 1676 bona
1235 1624 1390 1687 'anta,
1423 1620 1752 1691 ingloriosos,
1787 1620 1829 1675 l.

1556 214 1840 280 AURELlI
1875 208 2250 273 pauonum
2284 188 2608 268 causam.

612 344 776 418 εει
823 315 1070 397 Debitum
1117 335 1378 409 persolvit
1432 349 1593 392 omne
1637 333 1822 389 functa
1874 331 2033 388 rebus
2060 329 2206 396 A70

3622 204 3731 260 238

2386 326 2512 383 Haec
2534 327 2814 397 loquentes
2845 324 3146 380 obruuntur
3188 323 3336 381 mille
3369 323 3546 395 pinnis
3587 340 3730 379 mar-

3453 417 3476 489 [
3487 426 3656 489 tyres,

2319 512 2557 569 Nexibus
2577 524 2768 567 manus
2793 518 3049 579 utrasque
3073 509 3247 564 ﬂexus
3276 508 3502 564 involvit
3528 511 3693 575 rigor,
3767 496 3784 578 ξ

2326 606 2391 661 Et
2412 605 2636 676 chalybs
2656 603 2838 658 attrita
2860 602 2995 657 colla
3018 601 3271 670 gravibus
3299 600 3468 655 ambit
3490 600 3733 654 circulis.

2393 699 2558 769 882
2582 696 2627 751 0
2657 694 2938 751 vetustatis
2960 693 3174 748 silentis
3196 692 3437 747 obsoleta
3466 691 3703 746 oblivio!

2327 789 2639 844 Invidentur
2662 788 2761 842 ista
2785 787 2963 850 nobis,
2987 786 3125 839 fama
3147 795 3201 839 et
3218 785 3333 855 ipsa
3355 783 3743 852 exstinguitur.‘

2148 881 2218 937 75
2324 880 2610 937 Cltartulas
2622 879 2964 949 blasphemus
2977 877 3106 931 olim
3123 893 3246 931 nam
3260 876 3478 931 satelles
3489 874 3710 931 abstulit
3727 909 3745 935 ,

2396 970 2474 1027 Ne
2502 967 2778 1025 tenacibus
2806 966 3005 1023 libellis
3031 967 3242 1022 erudita
3271 964 3467 1020 saecula

2322 1062 2609 1128 Ordinem,
2651 1069 2902 1129 tempus,
2945 1058 3274 1128 modumque
3313 1054 3577 1127 passionis
3611 1067 3737 1122 pro-

3459 1145 3664 1219 [ditum

2231 1410 2320 1464 7i.
2349 1409 2534 1479 Rigor,
2566 1408 2782 1479 duritia,
2804 1406 2847 1463 1.
2945 1468 2950 1473 ,

2226 1483 2316 1536 72.
2345 1475 2619 1550 Chalybs,
2636 1480 2862 1550 ferrum,
2890 1479 3101 1550 chalybs
3127 1478 3305 1534 Grasse
3331 1477 3555 1545 sideret,
3587 1475 3631 1533 Ι.

2227 1553 2317 1608 75.
2348 1551 2620 1616 Obsoleta,
2654 1552 2955 1617 inveterata,
2984 1551 3025 1606 l.

1813 1748 2381 1809 COMMENTARIUS.

461 1869 735 1945 confessio,
766 1877 813 1923 et
845 1869 1108 1945 latentem.
1137 1866 1261 1945 ﬁdei
1293 1865 1554 1945 inimicum
1586 1864 1874 1945 ubicunth
1896 1865 2049 1945 fuerit
2083 1865 2128 1925 Β
2156 1860 2528 1945 s‘ttisscrliptis.
2555 1858 3449 1945 confer-prmfat._Psyclu)machiae
3481 1878 3624 1945 vers.
3649 1866 3742 1937 33,

463 1936 800 2010 inquiramus.
845 1938 1315 1993 liminentissimus
1366 1936 1807 2010 arcltiepiscopus
1832 1936 2049 2010 Toleta_-_

464 2005 566 2068 nus
612 2012 804 2066 Franc.
845 2010 1155 2064 Lorenzana
1200 2010 1256 2062 in
1293 2005 1615 2076 pereruditis
1657 2007 1799 2061 notis
1847 2016 1978 2061 tom.
2011 2005 2054 2060 II

464 2085 565 2140 SS.
590 2083 809 2138 Patrum
839 2080 1223 2135 Toletauorum
1267 2080 1366 2140 ait,
1412 2077 1464 2131 in
1510 2076 1659 2132 Actis
1696 2086 1989 2147 martyrum
2022 2092 2053 2147 a

466 2156 677 2210 Joanne
721 2151 945 2207 Tamaio
984 2149 1199 2206 Salazar
1244 2150 1477 2217 primum
1516 2148 1711 2214 editis,
1763 2146 1946 2217 postea
1989 2146 2056 2201 ab

467 2221 950 2292 Antuerpieusibus
994 2220 1060 2274 ad
1100 2218 1551 2292 diem_§__blat_-_tii,
1592 2232 1657 2292 ac
1685 2228 1960 2292 postremo
1988 2218 2058 2292 a_b

469 2287 820 2351 Etnmanuele
844 2292 1003 2346 liisco
1024 2298 1152 2344 tom.
1178 2288 1416 2343 XXXIII.
1446 2287 1596 2357 Hisp.
1614 2287 2054 2357 Sacr.,Append.

374 2377 383 2384 '
469 2367 527 2430 2,
551 2363 743 2428 videri,
769 2377 889 2417 esse
915 2361 1075 2416 verba
1108 2361 1265 2413 υιιίιιι.
1287 2374 1320 2413 c
1341 2356 1554 2414 duobus
1578 2358 1923 2430 martyribus,
1959 2356 2059 2411 Fe-

470 2428 570 2490 riat
601 2434 785 2503 ubique
803 2431 1000 2485 hostem
1026 2430 1441 2503 niissTlibus_sttis
1469 2430 1663 2503 vibrata
1687 2428 1961 2503 confessio,
2003 2435 2059 2482 et

472 2508 623 2577 iusta
650 2498 937 2557 nonnullos
967 2516 1096 2577 mss.
1124 2501 1289 2577 codd.
1321 2500 1647 2565 llcmeterii,
1689 2498 1900 2568 reliqua
1932 2512 2061 2552 vero

472 2572 721 2641 alterius,
759 2587 952 2641 nempe
976 2572 1276 2641 Celt'tlonii.
1320 2640 1343 2641 ﬂ
1493 2624 1497 2628 .

543 2646 634 2701 ϐξ.
666 2638 846 2699 blattlt.
879 2638 1012 2706 sui,
1036 2639 1102 2712 21
1130 2657 1150 2712 εν
1183 2640 1396 2712 lleddite
1416 2655 1538 2710 ergo
1557 2654 1672 2712 qua:
1697 2647 1813 2694 sunt
1830 2638 2059 2703 Caesaris

474 2715 688 2781 Ctesari,
712 2724 760 2769 et
785 2711 1154 2783 qua’rsuntiDei
1174 2711 1308 2783 Deo,

548 2786 638 2841 65.
672 2779 991 2839 Ilat.'etdun
1016 2782 1289 2836 Heiusiani
1307 2791 1493 2837 contra
1517 2781 1686 2850 legem
1709 2780 1891 2847 metri,
1915 2779 2067 2847 quid-

476 2856 602 2926 quid
626 2855 892 2926 praprium
916 2862 990 2908 est
1018 2850 1132 2926 Dei.
1168 2851 1286 2926 Vat.
1308 2853 1369 2916 Β,
1386 2850 2064 2926 Weitz.,§auel_t.,_VVidm.

478 2921 507 2981 ti
535 2921 918 2995 priina'mantt,
974 2923 1233 2995 quidquid
1277 2932 1352 2978 est
1398 2939 1552 2976 suum
1579 2921 1714 2987 =Dei.
1763 2922 1871 2977 Alii
1905 2923 2064 2988 bene,

480 2992 729 3068 quidquid
758 3004 829 3049 est
852 2994 1113 3068 prapriunt
1139 2992 1259 3068 [ξεί.

553 3061 645 3121 64⁷.
674 3067 830 3120 Brev.
860 3061 994 3119 Mos.
1024 3063 1301 3130 mendose,
1326 3063 1580 3118 adsistite.
1602 3061 1961 3127 Bollantliaui,
1984 3078 2069 3114 as-

482 3138 663 3191 sistite.
697 3135 896 3205 Scripti
929 3133 1403 3205 Heinsiani,AId.,
1428 3133 1740 3205 Weitziani,
1790 3134 2070 3205 nostri,_et

2155 1934 2347 1987 Attrita
2375 1933 2502 1986 boiis
2533 1933 2670 1985 colla
2708 1931 2837 1986 liber
2863 1933 3047 2002 erigit.
3082 1931 3136 1986 ltt
3168 1932 3328 1986 Brev.
3356 1934 3493 1988 Mos.
3523 1934 3639 1991 bare
3661 1931 3747 1995 est

2156 2003 2545 2073 discrepantia,
2565 2003 2699 2056 colla
2725 2004 2920 2055 duriter
2944 2001 3100 2056 ambit
3128 2017 3224 2070 pro
3250 2005 3509 2073 gravibus.

2230 2074 2317 2128 73.
2349 2072 2619 2127 Arnobius
2644 2073 2736 2126 lib.
2772 2088 2846 2137 tv,
2879 2087 3046 2142 prape
3072 2072 3262 2127 linetni
3298 2075 3449 2138 Quod
3471 2078 3516 2128 si
3540 2076 3750 2132 haberet

2156 2160 2245 2218 nos
2274 2144 2446 2218 aliqua
2466 2144 2640 2197 vestris
2666 2159 2760 2214 pro
2781 2143 3448 2218 religionibusindigna'ia,
3470 2146 3562 2199 has
3576 2150 3750 2218 potius

2160 2215 2377 2284 litteras,
2414 2216 2506 2268 hos
2536 2213 2751 2284 adurere
2778 2213 3019 2268 debuistis
3058 2214 3179 2267 olim
3218 2215 3395 2281 libros,
3427 2216 3550 2270 istos
3568 2213 3749 2272 demo-

2161 2283 2251 2338 liri
2288 2321 2306 2340 .
2348 2320 2365 2338 .
2410 2324 2425 2338 .
2467 2323 2500 2355 .7
2527 2283 2669 2338 Nam
2694 2294 2886 2355 nostra
2927 2284 3132 2352 quidem
3172 2286 3359 2355 scripta
3407 2294 3498 2339 Cur
3545 2290 3767 2355 ignibus-

2161 2366 2441 2410 merucrtnt
2467 2354 2702 2409 damnari
2724 2356 2748 2409 ?
2776 2369 2868 2409 cur
2889 2347 3239 2407 conuenticula
3265 2347 3443 2410 dirui?
3488 2347 3752 2414 Ettsebitts

2162 2423 2261 2480 lib.
2291 2439 2409 2490 vut,
2449 2439 2571 2491 cap.
2592 2425 2629 2477 2
2658 2424 2904 2479 meminit
2939 2424 3100 2479 edicti
3129 2441 3236 2493 quo
3260 2424 3619 2481 Diocletianus
3656 2444 3752 2481 sa-

2161 2509 2283 2550 cros
2310 2493 2632 2551 Christiana:
2655 2495 2932 2564 religionis
2960 2497 3175 2550 codices
3201 2498 3454 2561 cremari,
3497 2507 3553 2553 et
3575 2501 3754 2554 eccle-

2163 2566 2273 2621 sias
2322 2566 2386 2620 ad
2424 2567 2598 2621 solum
2650 2580 2818 2634 usque
2867 2566 3005 2621 dirui
3046 2567 3229 2636 jussit.
3286 2567 3626 2635 Ejuscemodi
3668 2570 3754 2624 rei

2167 2638 2371 2709 mentio
2396 2646 2572 2709 exstat
2597 2636 2736 2706 apud
2764 2636 3036 2709 Optatum.
3068 2637 3127 2692 S.
3157 2638 3538 2709 Augustinum,
3565 2652 3620 2695 et
3643 2641 3760 2709 plu-

2168 2706 2301 2761 rima
2335 2710 2467 2761 Acta
2494 2706 2593 2762 SS.
2622 2716 2937 2777 martyrum.
2972 2706 3023 2760 Id
3052 2721 3195 2761 anno
3214 2708 3323 2763 505
3340 2709 3555 2764 circiter
3584 2706 3760 2764 conti-

2169 2779 2264 2847 git.
2297 2777 2356 2832 S.
2388 2777 2763 2847 Hieronymus,
2793 2777 2886 2831 lib.
2911 2790 2968 2831 ll.
2999 2778 3305 2833 Comment.
3340 2781 3390 2832 in
3414 2779 3754 2843 Zachariam,

2168 2863 2289 2915 cap.
2316 2847 2372 2913 8,
2418 2847 2544 2901 Hau:
2588 2849 2946 2918 persecutionis
2976 2858 3200 2916 tempore
3225 2850 3278 2902 in
3307 2848 3535 2905 Ecclesia
3561 2851 3760 2906 Christi

2170 2921 2372 2989 expleta
2399 2920 2776 2984 conspeximus,
2820 2920 3025 2986 quando
3056 2919 3111 2971 in
3141 2929 3335 2972 tantam
3364 2921 3555 2975 rabiem
3587 2938 3762 2987 perse-

2171 3002 2404 3042 cutorum
2442 2990 2622 3058 feritas
2661 2990 2878 3042 excitata
2907 2998 3003 3052 est,
3021 3001 3091 3043 .ut
3118 2991 3268 3043 etiam
3297 2992 3639 3046 conciliabula
3663 3009 3763 3046 no-

2170 3068 2277 3130 stra
2289 3061 2622 3130 destruerent,
2647 3060 2843 3130 dit-inus
2862 3060 3018 3113 libros
3040 3060 3242 3130 ignibus
3272 3062 3547 3115 traderent.
3577 3063 3763 3117 Atlisis

2178 3129 2521 3202 Ruinartium
2551 3128 2756 3202 praefat.
2792 3129 3003 3202 inAct.
3034 3128 3261 3202 martyr.
3306 3132 3380 3186 De
3402 3133 3502 3186 hac
3524 3148 3760 3187 consue-

483 3224 595 3298 tu;
619 3200 2064 3298 ‘i‘,i‘i“l‘}'f.9£'.‘§§‘.‘.€£t_§f3f1m1ffb‘!‘i.£’.i!3‘3!l‘i."l§!i‘
2096 3237 2142 3298 c
2175 3200 3460 3298 £29335:aeut‘srs":‘ﬁ.32’19‘3:.si‘15‘!'32.°£i8"3?
3487 3206 3628 3298 πρε-εξ
3654 3204 3766 3258 “0°

488 3288 623 3341 tum,
647 3278 759 3331 sive
786 3276 1055 3345 praefectis
1081 3275 1371 3342 legionum,
1397 3289 1505 3329 non
1528 3273 1597 3328 de
1620 3273 1852 3329 tribunis
1871 3272 2067 3344 plebis.

484 3349 684 3404 Canter
709 3349 941 3417 glossam
970 3346 1163 3417 lsonis.

556 3420 647 3475 65.
696 3413 861 3473 Aldus
901 3416 1144 3472 ediderat
1199 3431 1382 3470 aureos
1424 3418 1623 3486 auferte
1673 3424 1958 3486 torquem;
2012 3413 2066 3468 in

487 3488 788 3545 emendatis
813 3503 953 3542 novo
983 3501 1171 3542 errore
1190 3487 1367 3556 posuit
1394 3503 1576 3541 aureos
1605 3487 1812 3556 auferre
1846 3495 2069 3556 torques.

491 3563 610 3615 \‘at.
640 3563 705 3624 A,
728 3559 929 3625 a/ferle,
954 3568 1098 3629 recte
1116 3555 1457 3613 emendatum
1481 3572 1663 3627 supra,
1678 3555 1904 3629 auferte.
1929 3555 2073 3610 Idem

488 3632 611 3685 Vat.
641 3632 710 3697 A,
736 3645 957 3694 aureas;
1004 3628 1121 3694 alii,
1166 3644 1371 3684 aureos.
1406 3629 1559 3683 Brev.
1592 3629 1728 3683 Mos.
1771 3642 2074 3697 perperam,

490 3718 676 3756 aureos
701 3698 903 3766 olferte.
936 3699 1187 3769 Vegetius
1211 3699 1304 3754 lib.
1333 3714 1546 3770 tt,cap.
1581 3701 1635 3765 7,
1679 3698 1949 3767 Torquarii
1979 3700 2078 3751 du-

492 3773 686 3844 plares,
718 3771 965 3844 torquarii
986 3769 1280 3844 simplares,
1307 3769 1716 3844 quibustorques
1739 3786 1928 3844 aureus
1953 3770 2077 3822 soli-

492 3840 575 3898 da:
607 3840 817 3897 virtutis
845 3842 1113 3910 prtemium
1148 3843 1266 3912 fuit.
1312 3841 1647 3898 Stewechlns
1688 3842 1744 3895 in
1772 3840 2075 3912 comment.

493 3917 592 3981 ait,
634 3909 927 3968 auxiliares
970 3909 1171 3967 milites
1205 3915 1385 3968 aureis
1419 3915 1698 3982 torquibus
1746 3926 1777 3964 a
1820 3909 2080 3964 Romanis

493 3980 746 4049 donatos,
788 3992 841 4038 at
868 3984 1013 4039 cives
1035 3997 1142 4037 non
1175 3984 1277 4037 nisi
1310 3980 1597 4050 argento-is.
1661 3980 1746 4034 Iso
1787 3981 2080 4050 sauciorum

494 4056 730 4124 explicat
754 4055 1082 4123 inﬁrmorum
1108 4067 1128 4106 :
1168 4049 1673 4120 melius’intelliges
1712 4064 1810 4105 eos
1856 4049 2078 4104 indicari

495 4127 585 4196 qui
615 4127 833 4196 vulnera
860 4124 1009 4196 bello
1026 4131 1372 4196 acceperunt.
1702 4182 1725 4196 Α,

567 4196 660 4250 66.
696 4195 849 4249 Brev.
890 4193 1027 4246 Mos.
1073 4192 1232 4257 male,
1268 4197 1412 4246 clara
1437 4206 1535 4245 vos:
1563 4190 1864 4260 angelorum
1900 4198 2083 4243 nocant

496 4265 772 4321 stipendia.

565 4283 1006 4388 ῗὸειιῖαυέκοτείιιιε
1051 4337 1345 4402 martyrum
1389 4330 1711 4402 candidatus
1777 4330 1971 4385 dicitur
2028 4333 2083 4385 In

503 4405 706 4463 ltvmno
733 4402 806 4457 Te
834 4402 996 4457 Deum
1022 4401 1317 4459 laudamus.
1355 4401 1490 4458 Vide
1514 4403 1814 4458 Comment.
1846 4403 1912 4456 ad
1939 4416 2082 4460 vers.

501 4464 603 4530 157
633 4476 817 4545 bymn.
839 4476 874 4530 5
896 4474 1055 4532 Cath.

2178 3285 2364 3323 manus
2394 3285 2498 3323 non
2522 3271 2652 3324 satis
2684 3271 2823 3325 inter
2850 3287 2908 3325 se
2933 3271 3259 3326 conveniunt
3299 3271 3541 3338 Tacitus,
3570 3283 3628 3328 et
3661 3288 3767 3328 au-

2175 3352 2296 3395 etnr
2330 3339 2840 3395 Controversfarum
2888 3348 2945 3395 et
2972 3342 3345 3397 Suasoriarum
3400 3345 3502 3397 sub
3545 3345 3770 3399 nomine

2178 3412 2399 3482 Seneca:
2430 3411 2624 3465 Patris.
2675 3412 2772 3466 Hic
2801 3412 2853 3466 in
2888 3411 3149 3480 prommio
3186 3413 3278 3467 lib.
3300 3431 3353 3477 v,
3386 3415 3769 3482 Controvers.,

2177 3483 2245 3536 de
2274 3481 2511 3536 Labieno
2537 3482 2867 3554 loqttens_ait
2896 3500 2911 3539 :
2941 3482 3008 3536 In
3049 3483 3184 3535 hunc
3227 3485 3446 3550 primum
3468 3481 3763 3554 excogitata

2178 3562 2251 3607 est
2301 3568 2429 3607 nova
2477 3569 2645 3620 poma.
2701 3551 2958 3618 Effectum
2996 3565 3070 3606 est
3106 3554 3244 3623 enim
3282 3571 3372 3623 per
3404 3551 3660 3621 inimicos,
3711 3565 3771 3608 ut

2182 3640 2355 3678 omnes
2378 3626 2493 3695 ejus
2521 3623 2637 3677 libri
2660 3623 3090 3695 incenderentur.
3131 3622 3237 3695 Res
3276 3641 3407 3679 nova
3450 3637 3497 3679 et
3541 3626 3768 3691 insueta,

2179 3692 2430 3764 supplicia
2460 3697 2523 3748 de
2552 3694 2730 3748 studiis
2756 3695 2909 3747 sumi.
2947 3692 3093 3748 Bono
3120 3694 3322 3749 hercule
3352 3695 3554 3763 publica
3581 3698 3681 3749 ista
3713 3698 3771 3750 in

2156 3778 2354 3835 ‘ptenas
2416 3764 2675 3835 ingeniosa
2738 3764 3017 3819 crudelitas
3074 3775 3188 3832 post
3226 3764 3515 3821 Ciceronem
3562 3767 3775 3822 inventa

2181 3833 2253 3889 est
2281 3875 2295 3889 .
2329 3875 2343 3889 .
2375 3873 2391 3891 .
2421 3875 2436 3889 .
2474 3833 2609 3908 Ejus
2634 3836 2722 3908 qui
2761 3835 2895 3908 hanc
2927 3835 2982 3908 in
3003 3839 3195 3908 scripta
3225 3835 3435 3895 Labieni
3464 3839 3773 3891 sententiam

2181 3908 2215 3959 α
2235 3916 2400 3970 :rerat,
2424 3905 2598 3979 postea
2616 3906 2823 3979 viventis
2851 3905 3041 3972 scripta
3062 3907 3494 3979 combustasunt;
3517 3911 3634 3979 jam
3662 3925 3775 3963 non

2185 3979 2319 4056 male
2340 3978 2593 4056 esemplo,
2615 3977 2738 4056 quia
2761 3992 2855 4056 sua
2895 4014 2919 4056 ._
2948 4013 2970 4056 .
3077 4015 3090 4032 .
3113 4015 3149 4056 __.
3194 4015 3210 4030 .
3248 3976 3413 4056 Cassii
3443 3976 3640 4056 seueri,
3675 3979 3776 4056 ho-

2183 4048 2335 4128 minis
2364 4045 3070 4128 Labienojunc-tis-si‘mibelle
3090 4047 3227 4128 tlicta
3257 4064 3337 4102 res
3364 4046 3776 4128 ferebaturalllo

2184 4126 2407 4187 tempore
2435 4132 2535 4180 quo
2574 4115 2687 4169 libri
2720 4115 2935 4169 Labieni
2972 4132 3035 4169 ea:
3079 4115 3518 4171 senatusconsulto
3548 4121 3779 4172 ureban-

2184 4186 2308 4258 tur.“
2339 4186 2387 4240 Ν
2397 4202 2495 4239 unc
2520 4201 2620 4251 me,
2650 4188 2834 4258 inquit,
2866 4187 3029 4258 vivum
3050 4189 3131 4240 uri
3159 4197 3377 4256 oportet,
3399 4190 3486 4258 qui
3517 4189 3633 4243 illos
3661 4190 3780 4242 edi-

2186 4257 2309 4311 dici.
2333 4258 2470 4312 Audi
2500 4272 2640 4310 nunc
2660 4256 2902 4312 Tacitum
2949 4257 3038 4311 lib.
3080 4272 3152 4311 tv.
3184 4256 3420 4320 Annal,
3446 4274 3567 4325 cap.
3595 4262 3650 4323 5,
3681 4261 3780 4315 ubi

2186 4342 2403 4381 causam
2430 4327 2496 4380 de
2518 4326 2816 4381 Annalibus
2841 4326 3003 4381 Cordi
3040 4325 3297 4383 Cremutii
3328 4330 3380 4382 in
3411 4339 3598 4384 senatu
3627 4345 3781 4383 anno

2192 4399 2354 4453 Urbis
2396 4398 2517 4461 778,
2550 4398 2772 4464 'imperii
2803 4398 3003 4452 Tiberii
3030 4400 3118 4462 ill,
3150 4399 3218 4452 ita
3245 4402 3466 4459 ext-onit
3492 4417 3506 4451 :
3537 4398 3783 4454 Cornelio

2188 4468 2363 4533 Cosso,
2388 4469 2565 4521 Asinio
2594 4468 2821 4539 Agrippa
2840 4484 2997 4528 τοδε..
3021 4468 3305 4522 Cremutius
3320 4468 3520 4523 Cordus
3540 4472 3783 4539 postula-

571 4539 849 4617 69.'Bre_v.
879 4546 1014 4617 bloz.
1038 4560 1146 4600 non
1173 4545 1333 4613 male,
1363 4544 1591 4617 Quteque
1628 4542 1915 4600 deicienda
1937 4543 2085 4596 nobis
2122 4616 2133 4617 ί
2191 4548 2274 4596 tur
2298 4553 2458 4617 nouo;
2488 4555 2550 4617 ac
2582 4547 2703 4617 tunc
2732 4539 3151 4617 primumpudito
3167 4541 3415 4617 friatt'tte.
3451 4542 3589 4617 quod
3626 4542 3789 4596 editis

502 4626 731 4686 monstra
755 4615 898 4668 divos
920 4616 1133 4686 ﬁngitis.

2118 4616 2166 4674 ι)
2190 4609 2483 4674 annalibus,
2508 4609 2816 4677 laudatoque
2845 4608 2924 4662 Μ.
2948 4608 3133 4673 Bruta,
3158 4610 3219 4665 ϐ.
3250 4610 3349 4665 Cas
3377 4608 3486 4664 ium
3517 4611 3787 4666 Romano-

577 4686 665 4739 71.
701 4685 862 4755 Rigor
876 4676 1205 4812 gro'duritie
1229 4687 1468 4756 ponitur,
1519 4696 1581 4741 ut
1622 4686 1763 4756 rigor
1789 4684 1918 4755 ferri
1943 4681 2085 4752 apud
2190 4696 2303 4732 rum
2328 4678 2561 4732 ultimum
2590 4676 2800 4733 dixisset
2830 4715 2846 4731 .
2891 4719 2905 4733 .
2950 4720 2965 4735 .
3008 4718 3024 4734 .
3067 4717 3084 4734 .
3126 4679 3411 4735 Cremutus
3434 4682 3787 4751 relinquenda!

577 4757 790 4812 milium
825 4771 842 4810 ι
925 4771 1098 4812 θοι-α..
1139 4758 1278 4812 riaor
1320 4758 1435 4811 auri
1478 4757 1618 4812 apud
1664 4758 1990 4812 Lucretium.
2034 4755 2085 4809 in
2142 4756 2155 4767 '
2189 4751 2306 4803 vitte
2337 4761 2523 4812 certus,
2571 4750 2625 4803 in
2660 4750 2794 4804 hunc
2820 4751 3028 4803 modum
3059 4766 3269 4805 exorsus
3295 4761 3370 4805 est
3396 4768 3416 4805 :
3454 4750 3617 4806 Verba
3644 4769 3787 4812 mea.

506 4756 790 4824 Virgilium
825 4771 842 4810 ι
876 4755 1098 4827 Georg.,
1139 4755 1278 4826 rigtir
1320 4758 1435 4811 auri
1478 4757 1618 4822 apud
1664 4755 1990 4827 Lucretium,
2034 4755 2085 4809 in

505 4828 663 4895 cujus
692 4827 871 4881 indice
894 4827 1016 4882 vide
1032 4826 1223 4882 notata
1246 4843 1274 4881 a
1299 4826 1513 4883 Gifanio
1530 4828 1582 4882 in
1608 4844 1762 4884 alcon
1782 4826 1920 4881 auri.
1949 4826 2089 4881 Pau-

513 4900 655 4954 linus
684 4898 856 4952 Natali
885 4899 939 4965 4,
971 4898 1087 4952 Stat
1109 4898 1340 4952 manibus
1370 4900 1603 4969 colloque
1626 4898 1856 4968 chalybs.

587 4969 676 5023 72.
703 4969 825 5023 Ald.
851 4978 997 5024 recte
1021 4969 1372 5039 impresserat
1395 4969 1623 5034 circulis,
1652 4969 1793 5038 quod
1815 4982 1922 5022 non
1934 4974 2090 5039 recte

508 5041 735 5095 mutavit
776 5041 829 5094 itt
877 5039 1057 5109 cyclis.
1103 5037 1247 5093 ‘Vide
1282 5054 1405 5106 quae
1455 5037 1682 5093 disserui
1732 5041 1784 5094 in
1834 5038 1996 5109 notis
2020 5037 2090 5092 ad

510 5110 867 5182 llymnodiam
896 5107 1236 5182 I‘lispauicam
1261 5110 1354 5164 die
1382 5109 1416 5164 5
1443 5110 1615 5164 Martii
1652 5112 1718 5164 de
1757 5113 1861 5166 hoc
1897 5107 2089 5182 eodem

507 5180 692 5248 versu,
724 5190 780 5236 et
801 5180 1067 5249 intelliges
1093 5190 1280 5235 contra
1316 5183 1469 5233 metri
1493 5183 1757 5236 rationem
1786 5195 1904 5236 esse
1926 5180 2095 5249 gravis

508 5253 664 5305 ambit
706 5251 938 5317 circulis,
991 5258 1051 5305 ut
1098 5251 1266 5304 edidit
1301 5249 1563 5304 Weitzius
1605 5266 1725 5305 cum
1767 5249 2000 5305 llailsbr.
2045 5258 2098 5303 ct

2142 4756 2155 4767 '
2189 4751 2306 4803 vita?
2337 4761 2523 4815 certus,
2571 4750 2625 4803 in
2660 4750 2794 4804 hunc
2820 4751 3028 4803 modum
3059 4766 3269 4805 exorsus
3295 4761 3370 4805 est
3396 4768 3416 4805 :
3454 4750 3617 4806 Verba
3644 4769 3787 4820 mea,

2189 4830 2357 4889 patres
2377 4821 2674 4892 conscripti,
2718 4830 3027 4892 arguuntur,
3063 4823 3205 4892 adeo
3231 4823 3486 4891 factorum
3514 4823 3792 4886 inuocem,

2189 4907 2304 4946 sum
2346 4931 2361 4946 .
2404 4930 2430 4964 ,ν
2467 4930 2483 4945 .
2526 4931 2540 4945 .
2579 4890 2795 4945 Antonii
2834 4890 3086 4964 epistolte,
3130 4890 3277 4944 Bruti
3314 4895 3602 4964 conciones,
3647 4896 3795 4964 falsa

2190 4964 2394 5033 quidem
2415 4963 2788 5033 indugustum,
2815 4961 2907 5033 sed
2928 4964 3144 5033 multum
3165 4978 3279 5015 cum
3299 4962 3577 5018 acerbitate
3597 4961 3796 5020 habent

2194 5031 2422 5087 carmini
2457 5032 2697 5086 Bibaculi
2726 5041 2773 5085 et
2800 5031 2992 5087 Catulli
3031 5035 3218 5099 referta
3258 5036 3578 5089 contumeliis
3608 5035 3791 5088 (Stesa-

2199 5120 2315 5159 rum
2363 5104 2534 5176 (forte
2563 5102 2806 5173 Ca’saris)
2846 5105 3106 5176 lequntur,
3144 5105 3234 5157 sed
3270 5106 3377 5176 ipse
3414 5105 3560 5159 divus
3586 5104 3796 5170 Julius,

2199 5177 2309 5245 ipse.
2327 5176 2473 5227 divus
2503 5174 2765 5245 Augustus
2788 5184 2834 5226 et
2857 5174 3018 5245 tulere
3037 5175 3157 5237 ista,
3184 5185 3231 5227 et
3256 5174 3525 5245 reliquere.
3556 5177 3672 5231 Alia
3694 5177 3798 5230 ad-

2203 5195 2218 5229 Ι
2254 5195 2309 5231 se
2327 5195 2473 5227 atvtts
2503 5195 2765 5245 ﬂugustus
2788 5195 2833 5226 ct
2857 5195 3018 5227 tutere
3037 5195 3157 5237 ma,
3184 5195 3230 5227 et
3256 5195 3525 5245 rettqttere.
3556 5195 3672 5231 Alta
3694 5195 3797 5230 aa-

2203 5195 2281 5302 (rit
2306 5246 2544 5307 Tacitus,
2578 5262 2609 5299 e
2630 5245 2823 5312 quibus
2848 5244 3072 5311 colligas
3101 5258 3227 5298 tunc
3263 5250 3491 5314 primum
3522 5247 3693 5301 libros
3721 5261 3797 5300 ex

509 5320 711 5376 Widm.
739 5322 849 5376 Nec
880 5313 1074 5376 melius
1098 5321 1222 5375 Vat.
1245 5322 1312 5386 Ο,
1330 5322 1495 5389 gravis
1517 5322 1672 5374 ambit
1697 5322 1944 5375 circulus.
1965 5320 2101 5373 Male
2206 5315 2671 5389 senatusconsulto
2690 5313 2996 5389 combttstOs
3017 5314 3202 5389 fuisse.
3224 5313 3481 5385 Equidem
3496 5316 3672 5389 magis
3687 5316 3801 5369 Ta-

510 5392 673 5446 ctiam
701 5392 823 5448 Vat.
846 5391 909 5456 P,
937 5393 1118 5446 circuit
1144 5407 1249 5461 pro
1269 5390 1494 5444 circulis.
1510 5390 1840 5461 Weitzmpm
1867 5390 2101 5444 llailsbr.

511 5463 698 5534 scribit
718 5466 926 5534 calyps;
966 5465 1121 5518 Alex.
1145 5459 1208 5517 iet
1240 5461 1463 5527 Widm.,
1508 5462 1692 5534 colitis.
1719 5459 1987 5534 Gruterus
2010 5474 2102 5534 vo-

513 5532 659 5585 lebat
702 5528 888 5598 artiia,
945 5535 1088 5603 quod
1144 5542 1362 5589 secutus
1408 5531 1819 5603 estWeitzitts.
1869 5528 2103 5603 I'iailsltr.

509 5602 693 5656 ntrita.
737 5604 937 5657 Widm.
963 5600 1046 5656 ἐει
1084 5619 1269 5667 orant,
1313 5604 1454 5658 Vatt.
1494 5602 1573 5668 A,
1614 5603 1692 5669 Β,
1736 5602 1919 5671 Prag.,
1959 5600 2103 5669 Ῐιίὶιο,

511 5671 757 5737 astricta;
787 5673 876 5729 alii
909 5677 1089 5728 attrita
1109 5714 1125 5741 ,
1164 5674 1306 5744 quod
1338 5676 1494 5732 unice
1521 5676 1715 5744 probat
1745 5674 1993 5731 Ileinsius
2033 5685 2103 5727 ex

2207 5391 2319 5442 cito
2333 5386 2598 5440 assentior
2615 5399 2631 5450 ;
2647 5384 2842 5439 nodum
2861 5385 3087 5439 fortasse
3098 5385 3203 5439 alio
3218 5384 3461 5454 tempore
3475 5384 3796 5441 dissolvam.

2281 5458 2371 5512 77.
2405 5458 2513 5509 llos
2540 5456 2640 5511 SS.
2673 5465 2937 5524 martyres
2965 5457 3162 5509 saecqu
3184 5472 3233 5509 tv
3261 5460 3498 5521 ineunte,
3518 5468 3610 5511 aut
3630 5457 3800 5525 paulo

2211 5536 2337 5582 ante
2358 5526 2673 5596 martyrium
2695 5525 3124 5596 subiisse,gtnulti
3152 5528 3480 5583 recentiores
3499 5530 3798 5590 afﬁrmant,

2213 5597 2316 5654 Sed
2350 5594 2540 5650 melius
2570 5604 2653 5648 est
2677 5608 2800 5648 cum
2831 5594 3125 5650 Prudentio
3171 5608 3226 5652 et
3271 5608 3494 5653 auctore
3533 5602 3798 5652 Actorum

2216 5668 2355 5738 apud
2385 5665 2785 5733 Bollandianos,
2816 5666 2970 5722 lateri
2998 5675 3209 5738 tempus
3238 5670 3501 5738 passionis
3529 5668 3796 5736 ignorari.
