4052 6184
263 250 360 304 297

614 363 957 421 Laurentium
985 362 1198 418 ﬂentem
1223 362 1406 420 videns

619 454 804 511 Crucis
831 456 933 510 sub
957 455 1073 524 ipso
1096 455 1300 524 stipite:

265 545 330 600 25
574 547 780 602 Desiste
807 547 1046 602 discessu
1076 533 1197 601 meo

615 638 778 709 892
817 637 1026 691 Fletutn
1045 635 1292 692 dolenter
1313 635 1533 693 fundere
1560 655 1575 693 :

614 728 886 793 Praecedo,
910 728 1096 800 frater;
1118 736 1174 782 tu
1195 743 1405 799 quoque

611 817 737 874 Post
759 819 861 873 hoc
884 833 1126 888 sequeris
1152 819 1405 876 triduum.

543 912 789 966 Extrema
814 926 917 966 vox
945 911 1181 981 episcopi

267 1002 331 1059 30
616 1001 1024 1056 Pra-nuntiatrix
1049 1003 1233 1072 glorize

619 1091 759 1146 Nihil
789 1091 978 1147 fefellit
999 1110 1012 1146 :
1040 1109 1161 1149 nam
1190 1095 1306 1151 dies

615 1182 873 1238 Praedicta
905 1184 1132 1251 palmam
1172 1187 1434 1254 praestitit.

547 1275 660 1340 Qua
689 1290 840 1342 voce,
865 1278 1076 1345 quantis
1100 1276 1344 1333 laudibus

611 1366 906 1421 Celebraho
935 1367 1122 1422 mortis
1148 1367 1388 1424 ordinem
1414 1369 1438 1421 ?

271 1454 334 1509 '55
618 1456 734 1522 Quo
763 1457 1064 1525 passionem
1087 1457 1322 1513 carmine

1419 251 1982 314 PERISTEPHANON
2021 259 2230 316 HYMN.
2277 261 2336 316 ll.

1854 377 1907 432 Δ

2285 373 2448 442 Digne
2476 384 2725 433 retexens
2749 380 3068 438 concinam?

2216 464 2314 519 llic
2334 467 2534 534 primus
2559 482 2592 523 e
2615 471 2974 538 septemviris,

2287 555 2388 622 Qui
2409 566 2554 611 stant
2577 557 2644 612 sd
2672 573 2818 614 aram
2849 565 3095 632 proxuui,

2288 645 2470 700 Levita
2499 645 2739 701 sublimis
2765 651 2958 716 gradu,

1935 729 2004 801 49
2280 734 2346 788 Et
2371 740 2580 790 caeteris
2604 741 2959 806 praestantior,

2173 823 2436 880 Claustris
2457 841 2730 884 sacrorum
2761 844 3008 899 praeerat,

2245 915 2407 985 893
2437 916 2679 974 Caelestis
2706 933 2956 976 arcanum
2982 925 3171 984 domus

2247 1004 2392 1060 Fidis
2415 1007 2719 1075 gubernans
2745 1010 3006 1078 clavibus.

2251 1094 2522 1166 Votasque
2541 1097 2860 1168 dispensans
2883 1117 3031 1174 opes.

1937 1182 2009 1240 45
2186 1185 2374 1244 Versat
2404 1190 2599 1244 l'amem
2627 1193 2870 1260 pecuniae

2253 1277 2544 1335 Praal‘ectus
2573 1281 2698 1337 Urbi
2726 1284 2907 1352 regiae,

2256 1367 2499 1424 Minister
2528 1370 2700 1426 insani
2729 1372 2900 1440 ducis,

2260 1460 2489 1517 Exactor
2515 1462 2651 1528 auri,
2683 1472 2740 1519 et
2764 1467 3052 1536 sanguinis.

1552 1551 1837 1608 GLOSSIE
1880 1551 2215 1610 VETERES.

332 1675 419 1730 52.
452 1676 711 1740 Palmam,
733 1692 991 1742 coronam,
1023 1679 1064 1733 Ι.

330 1746 416 1800 39.
445 1747 648 1820 Levita,
674 1748 818 1800 levita
832 1748 1203 1820 interpretatur
1223 1762 1529 1820 assumptus,
1558 1754 1688 1806 sicut
1713 1754 1824 1808 diav

275 1831 420 1869 conus
448 1817 694 1870 minister.
717 1846 786 1855 —
821 1815 1019 1880 Gradu.
1047 1819 1102 1872 in
1129 1815 1428 1883 ministerio,
1453 1821 1494 1874 Ι.

332 1886 421 1961 ῥῷ.
451 1885 1070 1961 Praestantior,nobilior,
1096 1889 1375 1961 sublimior,
1395 1892 1514 1959 quia
1543 1901 1766 1961 prestat,
1785 1893 1824 1946 l.

332 1954 417 2010 Η.
451 1954 740 2026 Votasque,
769 1956 984 2024 oblatas,
1015 1958 1142 2012 Mar.
1175 1954 1416 2025 Devotas,
1438 1954 1662 2027 votivas,
1691 1954 1833 2017 obla-

1858 1688 1908 1748 B
1934 1696 2030 1740 tas.
2065 1688 2102 1740 l.

1934 1755 2339 1890 δὶάιέἓαζῗιιῗιιι,
2363 1758 2636 1830 cogitabat.
2667 1790 2736 1801 —-
2765 1761 3002 1831 Famem,
3036 1770 3384 1840 cupiditatem,
3416 1785 3499 1833 de-

2007 1895 2097 1952 48.
2128 1898 2375 1963 Exactor,
2415 1899 2674 1967 quaesitor,
2703 1901 2742 1956 l.

1594 2095 2152 2154 COMMENTARIUS.

275 2233 560 2303 Cyprianus
588 2230 746 2299 epist.
775 2229 864 2303 82,
995 2228 1089 2303 80,
1111 2229 1164 2280 in
1203 2239 1482 2303 cremeterto
1508 2229 1830 2303 animaduer-

273 2299 375 2356 sum
401 2303 494 2364 ait,
527 2315 633 2353 non
664 2313 790 2368 vero
809 2300 978 2368 gladio
1007 2299 1444 2364 animadversum,
1496 2313 1550 2354 ut
1579 2302 1727 2354 multi
1752 2302 1832 2367 ja-

274 2379 433 2434 ctant,
481 2365 789 2440 quanquam
811 2365 983 2439 'gladii
1023 2369 1302 2440 me‘utiqin
1336 2369 1724 2440 martyrologiis
1751 2365 1829 2435 lit,

275 2441 354 2493 ubi
385 2453 531 2492 mors
558 2438 617 2492 S.
643 2438 794 2507 Xysti
820 2438 1188 2502 annuntiatur.
1213 2438 1487 2493 Pamelius‘
1519 2441 1570 2493 in
1603 2441 1741 2494 notis
1763 2441 1832 2495 ad

273 2509 515 2578 Cypriau.
551 2507 822 2561 Prudentii
865 2507 1012 2578 hunc,
1033 2507 1204 2560 locum
1231 2509 1446 2576 exponit
1481 2508 1549 2563 de
1592 2525 1750 2564 cruce
1778 2510 1830 2563 in

274 2577 464 2647 genere
514 2592 613 2647 pro
643 2579 829 2645 quovis
876 2577 1130 2642 cruciatu,
1159 2586 1250 2630 aut
1296 2578 1579 2644 cujuslibet
1623 2581 1833 2646 generis

271 2648 545 2716 supplicio,
577 2655 633 2701 et
661 2649 731 2700 ita
775 2647 984 2712 quidem
1033 2648 1262 2715 explicat
1298 2649 1476 2715 glossa
1524 2647 1829 2716 Pragensis.

272 2718 550 2788 Maricltus
591 2719 725 2770 hanc
764 2717 931 2788 ipsam
968 2718 1454 2788 interpretationem
1495 2719 1844 2788 comprobat,

272 2791 382 2854 quia
412 2786 735 2840 Prudentius
757 2788 809 2839 in
833 2787 1029 2855 hymno
1050 2786 1107 2840 S.
1139 2786 1398 2840 Vincentii
1426 2795 1582 2841 vocat
1607 2786 1831 2842 Vincené

271 2860 391 2910 tium
421 2857 682 2925 collegam
729 2859 956 2922 propria:
997 2857 1171 2910 crucis
1193 2855 1409 2922 Christi,
1461 2873 1580 2910 cum
1621 2869 1830 2913 constet

272 2926 604 2982 Vincentium
650 2941 754 2979 non
801 2927 963 2980 luisse
1001 2927 1143 2979 cruci
1202 2927 1439 2980 allixum.
1467 2927 1628 2981 Favet
1669 2928 1828 2982 etiam

273 3011 451 3050 versus
471 2994 654 3068 2§47in
679 2997 866 3068 eodem
891 2997 1086 3068 hymno
1118 2994 1398 3068 Vincentii,
1431 2995 1608 3050 Crucis
1636 2999 1827 3068 peritus

1932 2229 2170 2285 diaconis
2198 2229 2576 2285 cardinalibus.
2606 2231 2788 2286 Ullicia
2820 2234 2976 2301 primi
3014 2235 3223 2292 diaconi
3257 2242 3369 2298 sive
3406 2261 3499 2300 ar-

1931 2300 2228 2372 ειξίάίειεοηί
2275 2301 2486 2372 egregie
2533 2315 2562 2354 a
2610 2301 2899 2359 Prudentio
2945 2307 3344 2367 describuntur.
3394 2317 3500 2372 Alii

1935 2370 2100 2426 edunt
2129 2379 2319 2436 septem
2340 2371 2483 2422 uiris.
2793 2436 2795 2439 ι

2003 2441 2094 2496 59.
2128 2440 2250 2516 Ald.
2273 2439 2551 2516 distinguit
2580 2439 2754 2516 Lepita
2779 2443 3008 2498 sublimis
3028 2447 3195 2516 gradu
3216 2447 3284 2502 Et
3309 2456 3504 2508 caeteris

1934 2510 2276 2585 prastantior.
2303 2509 2502 2562 Dicitur
2525 2511 2754 2585 sublimis
2799 2516 2982 2580 gradu.
3002 2509 3124 2581 quia
3156 2519 3358 2585 primus
3381 2533 3500 2578 erat

1936 2578 1993 2633 et
2020 2579 2228 2633 caeteris
2275 2578 2630 2646 praestantior,
2660 2588 2715 2633 et
2745 2578 2986 2645 tortaSSe,
3017 2578 3398 2644 dum'diaconi
3433 2595 3501 2646 ad
3541 2611 3549 2618 ·

1936 2663 2082 2702 aram
2113 2645 2337 2716 proximi
2361 2647 2627 2712 astabant,
2655 2648 2856 2714 primus
2902 2652 3156 2708 diaconus
3199 2645 3500 2715 sublimiori

1936 2715 2126 2798 gradu’
2151 2715 2438 2798 eminebat.
2474 2716 2723 2798 _|sidorus
2771 2718 2863 2772 lib.
2906 2723 3037 2774 nde
3083 2723 3287 2798 Eccles.
3321 2728 3499 2798 Ollic.,

1933 2784 2051 2852 Cap.
2081 2788 2114 2841 8
2147 2805 2159 2840 :
2197 2785 2276 2840 Ea;
2299 2784 2414 2860 hinc
2456 2789 2570 2857 jam
2619 2789 2941 2860 decreverunt
2988 2793 3224 2860 apostoli,
3274 2797 3350 2848 vel
3385 2784 3500 2852 sue:

1935 2872 2154 2910 cessares
2183 2856 2528 2931 apostolorum
2560 2873 2650 2924 per
2683 2874 2852 2911 omnes
2887 2856 3135 2916 Ecclésias
3165 2856 3356 2931 septem
3389 2870 3500 2921 dia-

1933 2943 2106 2990 conos,
2132 2928 2218 2994 qut'
2237 2925 2522 2979 sublimiori
2542 2934 2708 2996 gradu
2738 2931 2930 2982 ueteris
2951 2933 3169 2996 proximi
3195 2925 3326 2987 circa
3357 2955 3501 2992 arant

1933 2997 2143 3056 Christi.
2169 2997 2315 3066 quasi
2344 2996 2592 3048 columna:
2616 2999 2793 3049 altaris
2814 3000 3127 3054 assisterent.

270 3069 476 3134 artifex.
500 3067 800 3137 Gallonius,
821 3065 885 3118 de
907 3064 1254 3137 Cruciat.SS.
1289 3079 1506 3137 martyr.
1541 3064 1660 3135 pag.
1686 3069 1754 3122 65
1783 3078 1834 3122 et
1860 3073 1905 3135 α
2005 3066 2095 3137 41.
2126 3064 2400 3120 Thesauro
2446 3066 2705 3137 ecclesiae,
2743 3069 2827 3121 ubi
2856 3083 3004 3124 sacra
3053 3072 3287 3137 supellex
3325 3090 3502 3131 asser-

272 3139 332 3191 66
354 3138 543 3204 probat
565 3136 844 3203 equulenm
867 3147 920 3189 et
941 3136 1039 3189 alia
1058 3137 1331 3203 torquendi
1351 3136 1696 3190 instrumenta
1718 3154 1833 3190 cru-

274 3223 346 3260 ces
366 3207 501 3261 olim
551 3207 713 3260 luisse
756 3207 1036 3274 appellata.
1070 3205 1356 3267 Caeterum,
1380 3208 1479 3259 etsi
1511 3207 1831 3274 interpretes

272 3277 538 3331 communi
587 3291 852 3329 consensu
882 3275 1095 3328 tradant
1119 3276 1287 3328 solum
1322 3275 1663 3330 Prudentium
1707 3293 1832 3330 nar-

273 3361 412 3416 rasse
447 3346 672 3415 Xystum
703 3343 864 3398 fuisse
892 3345 1231 3416 cruciﬁxum,
1269 3354 1443 3398 tamen
1468 3348 1518 3398 in
1546 3347 1832 3416 llymnario

273 3415 395 3470 Ven.
426 3414 703 3469 Tltomasii
749 3423 921 3469 exstat
960 3414 1188 3484 hymnus
1219 3416 1269 3467 in
1314 3417 1568 3470 honorem
1594 3414 1656 3471 S.
1691 3418 1828 3470 Lau-

272 3486 421 3554 rentii
451 3487 567 3538 sine
595 3486 830 3540 auctoris
875 3489 1088 3554 nomine
1117 3485 1202 3538 ubi
1243 3485 1355 3537 haec
1399 3486 1554 3554 lego:
1588 3486 1834 3554 Pontifex

274 3553 459 3624 Xystus
482 3556 680 3607 monuit
706 3558 991 3607 ministrum
1017 3551 1182 3607 Fixus
1210 3555 1261 3606 in
1301 3555 1437 3624 ligno
1456 3551 1646 3620 crucis,
1673 3551 1834 3609 Exse-

272 3629 431 3691 queris
468 3624 551 3677 Me
576 3626 697 3677 cito.
715 3625 897 3678 Exstat
927 3627 977 3678 in
1006 3624 1190 3695 eodem
1219 3624 1504 3692 llytnnario
1525 3626 1660 3679 alius
1684 3626 1829 3695 hym-

271 3709 363 3748 nus
384 3697 438 3748 in
467 3700 722 3748 honorem
738 3697 793 3747 S.
812 3694 1074 3747 Laurentii
1104 3694 1202 3746 sub
1227 3697 1280 3748 ὃ.
1301 3696 1562 3747 Ambrosii
1595 3694 1828 3750 nomine.

272 3773 319 3816 et
358 3766 498 3818 alius
524 3779 592 3817 ex
623 3767 724 3816 hoc
755 3763 1021 3817 Prudentii
1070 3762 1269 3833 hymno
1296 3765 1590 3817 conlectus.
1623 3765 1832 3818 Bollan-

270 3835 409 3888 diani
443 3850 548 3887 non
590 3834 787 3887 audent
832 3833 1146 3887 temeritatis
1191 3843 1368 3887 notam
1401 3836 1447 3887 ei
1480 3835 1711 3899 inurere,
1744 3835 1831 3902 qui

271 3905 489 3957 verbum
519 3902 770 3972 Cypriani
813 3903 1217 3956 animadversum
1256 3917 1378 3956 cum
1419 3903 1704 3956 Prudentin
1733 3905 1830 3958 de-

270 3977 518 4028 terminet
543 3974 608 4026 ad
638 3982 858 4026 mortem
887 3974 1078 4026 crucis.

331 4045 426 4098 ‘25.
449 4045 611 4097 [tecte
628 4045 831 4096 notavit
851 4041 1099 4094 Barthius
1117 4041 1210 4096 lib.
1231 4057 1312 4094 xm
1336 4040 1714 4110 Advers.,cap.
1743 4044 1828 4106 ll.

269 4114 546 4165 discessum
593 4123 648 4167 et
699 4113 1008 4165 discederea
1052 4113 1317 4166 veteribus
1367 4111 1684 4165 Cbl'lSlialllS
1739 4127 1833 4180 pro

268 4191 444 4237 morte
472 4193 524 4236 et
553 4181 690 4236 mori
731 4182 996 4250 usurpari,
1032 4197 1099 4234 ex
1142 4181 1429 4236 Prudentio
1473 4191 1526 4235 et
1555 4180 1828 4236 Cassiano.

267 4250 320 4304 ln
349 4253 590 4306 editione
613 4250 821 4305 Weitzii
864 4252 931 4305 ad
978 4254 1116 4304 hunc
1159 4267 1367 4305 versum
1413 4261 1534 4304 nota
1567 4251 1679 4305 huic
1727 4252 1831 4305 Ne-

182 4322 189 4327 ’
268 4321 460 4374 brissze
490 4321 775 4388 apponitur
805 4335 1041 4375 DISCESSU
1087 4335 1211 4382 sttao,
1244 4337 1345 4388 quo
1370 4337 1400 4371 a
1427 4331 1474 4373 te
1501 4322 1714 4373 divellor
1744 4337 1832 4388 per

268 4402 504 4444 mortem.
531 4393 643 4457 Qua
672 4406 789 4443 voce
815 4399 960 4460 poeta
985 4392 1104 4443 dicit
1124 4409 1176 4443 se
1199 4393 1439 4459 imparem
1455 4392 1522 4441 ad
1546 4393 1830 4443 describen-

267 4439 391 4511 ἀᾶέιέ
401 4439 518 4512 ut.
535 4439 799 4528 gaias.
815 4439 1293 4524 Γιῆάῖεῆἆήὶξοὶιιᾶ
1319 4439 1438 4513 iis;
1460 4439 1515 4510 "si
1523 4439 1572 4512 bi
1586 4439 1598 4441 “
1611 4439 1833 4514 anno
1863 4439 1911 4495 υ

270 4529 525 4598 Disjunge
572 4530 689 4582 haec
743 4532 926 4597 verba,
955 4541 1010 4583 et
1037 4532 1102 4581 ad
1134 4546 1273 4583 vers.
1314 4530 1383 4582 55
1432 4528 1586 4583 dili'er
1628 4541 1832 4593 notam,

269 4614 364 4661 ous
394 4614 551 4665 vocs,
586 4598 749 4652 Poeta
776 4599 921 4664 dicit,
947 4611 1051 4654 etc.
1083 4599 1154 4652 Ita
1181 4599 1320 4653 enim
1361 4600 1413 4652 in
1454 4599 1689 4653 editione
1719 4600 1834 4654 liis-

269 4684 401 4735 pana
428 4671 511 4722 lia.-
540 4678 681 4722 nota:
700 4669 1092 4737 disjunguntur.

332 4738 428 4792 26.
457 4738 737 4804 Weitxius,
765 4741 954 4807 ﬂetus;
982 4740 1091 4797 alii,
1124 4738 1313 4804 fletum.

333 4809 429 4879 ὃς).
460 4809 653 4879 Hymn.
680 4824 800 4862 ven.
834 4807 1051 4872 'l‘bom.,
1079 4807 1479 4879 pronuttcialt‘jx.

331 4877 427 4931 δὲ.
461 4875 576 4932 vat.
627 4881 670 4931 A
716 4893 1018 4946 perperam,
1045 4879 1355 4947 prcedictam.
1386 4875 1829 4947 Thuran._palam,

269 4959 601 5016 repugnante
651 4944 840 5000 metro.
886 4944 1280 5011 Put.,'Nouts.,
1310 4946 1553 5014 pratulit,
1602 4944 1706 5000 hoc
1751 4956 1835 5000 est

265 5032 374 5085 pra:
404 5037 469 5071 se
498 5021 640 5079 tulit,
665 5025 723 5069 ut
750 5017 994 5070 Heinsius
1022 5017 1269 5084 explicat.

336 5088 427 5140 54.
471 5087 806 5151 Parrhasius,
848 5082 1105 5151 celbrabo,
1122 5085 1304 5140 nescio
1325 5098 1393 5136 an
1421 5084 1684 5152 consulto,
1702 5082 1834 5137 nihil

262 5172 407 5210 enim
439 5159 496 5210 in
537 5157 635 5209 hoc
663 5171 822 5209 versu
869 5160 1125 5224 correxit,
1155 5163 1216 5209 ut
1243 5153 1369 5209 fecit
1412 5153 1467 5208 in
1493 5153 1635 5208 aliis.
1679 5153 1835 5209 Μοιτί

262 5227 348 5279 lex
377 5226 644 5280 celebrabo
668 5225 917 5278 admittit.

329 5297 426 5349 37.
468 5297 779 5349 Parrhasius
803 5293 1139 5348 scribitbene
1164 5293 1836 5364 srptemuiris.Sozomenus

259 5366 350 5418 tib.
382 5381 490 5431 vn,
518 5381 633 5433 cap.
667 5366 732 5418 l9
759 5383 772 5418 :
800 5364 950 5432 {apud
978 5365 1234 5417 Romanos
1271 5364 1475 5415 diaconi
1518 5380 1621 5416 non
1659 5364 1831 5432 plures

257 5446 377 5489 sunt
411 5438 661 5488 hactenus
698 5451 848 5503 quam
876 5445 1064 5502 septem
1090 5435 1254 5487 instar
1276 5448 1447 5487 eorum
1474 5434 1561 5498 qui
1587 5433 1650 5485 ab
1700 5447 1830 5500 apo-

257 5506 411 5559 stolis
436 5505 662 5575 primum
684 5504 1074 5575 ordinaliisunt.
1097 5503 1246 5573 Apud
1267 5504 1396 5556 alios
1422 5517 1535 5555 vero
1563 5503 1833 5575 haudqua-

259 5572 448 5640 quam’
478 5577 713 5641 deﬁnitus
759 5583 831 5626 est
873 5572 1206 5626 diaconorum
1256 5586 1512 5626 numerus.
1562 5573 1748 5626 Adhuc
1781 5572 1834 5628 in

262 5643 521 5699 Ecclesia
565 5646 800 5697 ttomana
841 5643 982 5696 idem
1027 5658 1276 5698 numerus
1313 5651 1520 5698 constat
1551 5644 1602 5697 in
1629 5652 1836 5708 septem

561 5739 830 5798 Ps'rson.
876 5727 1009 5794 LX.

1935 3136 2179 3200 vabatur,
2213 3144 2436 3204 praeerat
2477 3134 2680 3202 primus
2708 3137 2983 3192 diaconus.
3019 3139 3071 3194 ln
3117 3134 3175 3196 S.
3219 3142 3503 3201 Laurentio

1935 3207 1986 3282 i_d
2014 3203 2307 3282 agnoscunt
2336 3203 3042 3282 ambrosius,_Augustinus,
3072 3211 3348 3276 Maximus,
3367 3215 3498 3282 Leu,

1937 3277 2128 3331 Petrus
2146 3274 2527 3340 Chrysologus.
2557 3274 2630 3327 De
2652 3274 2991 3330 diaconorum
3024 3274 3370 3336 cartlinalium
3389 3274 3501 3339 ori;

1934 3347 2062 3423 giae
2085 3343 2654 3423 vide_Pa_nviuium_in
2704 3344 2861 3413 libro,
2916 3347 3004 3416 qui
3048 3360 3130 3404 est
3175 3352 3241 3403 de
3285 3353 3498 3423 Septem

1936 3415 2094 3470 Urbis
2124 3414 2384 3478 ecclesiis,
2411 3428 2528 3482 cap.
2567 3415 2620 3468 5.

2004 3479 2504 3538 44.Chamillardus
2551 3486 2625 3537 ait
2673 3483 2722 3536 id
2763 3498 2882 3538 esse
2918 3479 2982 3537 ei
3025 3489 3287 3543 sententia
3314 3506 3500 3550 eorum

1937 3553 2137 3608 dictum
2167 3554 2256 3621 qui
2285 3553 2548 3605 allirmant
2576 3563 2784 3609 veteres
2809 3554 3138 3611 Christianos
3169 3561 3327 3613 etiam
3365 3578 3500 3619 con-

1931 3624 2141 3696 jugatos
2164 3629 2523 3696 paupertatem
2553 3626 2778 3696 vovisse.
2803 3625 2942 3696 Opes
2964 3627 3030 3680 de
3056 3628 3243 3696 quibus
3270 3631 3504 3686 Pruden-

1936 3695 2039 3745 tius
2068 3699 2383 3744 erantcerte
2404 3691 2596 3744 oblata:
2629 3707 2658 3744 a
2695 3693 3024 3748 Christianis.
3066 3691 3257 3752 Verum
3296 3702 3503 3757 etiamsi

1935 3760 2236 3834 credamus,
2270 3775 2365 3834 per
2395 3769 2572 3813 votum
2605 3766 2928 3834 paupertatis
2949 3763 3110 3819 fuisse
3129 3768 3352 3834 oblatas,
3379 3788 3505 3826 non-

1934 3833 2058 3885 dum
2079 3833 2441 3909 consequitur,
2469 3844 2656 3883 omnes
2683 3829 3014 3886 Christianos
3045 3836 3206 3890 etiam
3247 3829 3502 3909 con'juga-

1936 3913 2019 3956 tos
2051 3901 2257 3955 vovisse
2289 3909 2675 3966 paupertatem.

2003 3971 2093 4024 45.
2119 3968 2302 4022 Fames
2325 3970 2570 4037 pecuniis,
2612 3978 2670 4023 ut
2709 3969 2848 4036 apud
2877 3969 3150 4038 Virgilium
3191 3973 3317 4026 Auri
3356 3993 3500 4030 sacra

1934 4039 2116 4109 fames,
2148 4041 2598 4109 etitnogxﬁurum,
2628 4042 2762 4106 quod
2791 4041 3027 4091 ardenter
3050 4043 3186 4095 sitis.

2004 4106 2265 4173 46.Ald.,
2308 4106 2526 4172 Weitz.,
2571 4109 2840 4162 Heinsiani
2889 4109 3061 4162 minus
3100 4111 3323 4177 antiqui,
3356 4114 3498 4170 Vati.

1934 4179 1996 4244 P,
2026 4182 2091 4245 Ω,
2116 4178 2244 4233 Urb.
2270 4187 2335 4248 et,
2351 4177 2466 4245 alii,
2494 4177 2664 4248 Urbis.
2713 4180 2824 4232 Duo
2846 4180 3164 4248 vetustiores
3207 4181 3497 4248 Heinsiani,

1934 4252 2110 4317 Alex.,
2137 4248 2274 4314 Gis.,
2301 4247 2486 4311 Fabr.,
2519 4247 2704 4317 Parrh.
2732 4259 2787 4302 et
2827 4247 2916 4301 alii
2951 4246 3096 4301 Urbi.
3131 4249 3206 4304 De
3238 4246 3502 4317 praefectis

1939 4315 2104 4373 Urbis
2123 4319 2287 4372 videri
2321 4327 2539 4385 possunt
2571 4315 2910 4372 Coutelorius
2943 4326 2997 4370 et
3024 4315 3316 4375 (iorsinius.
3348 4324 3503 4378 Anno

1934 4389 2059 4453 258,
2087 4402 2192 4457 quo
2218 4389 2281 4458 B.
2301 4387 2621 4458 Laurentius
2649 4387 2883 4458 martyrii
2911 4388 3132 4458 palmam
3156 4389 3382 4455 adeptus
3401 4407 3502 4458 est,

1939 4455 2217 4523 praalectus
2241 4457 2365 4512 Urbi
2391 4457 2582 4510 dicitur
2609 4457 2770 4510 luisse
2790 4455 3086 4510 Cornelius
3112 4457 3380 4516 Secularis
3403 4455 3504 4519 sub

1936 4528 2583 4601 Valerianojmperatore.
2609 4525 2770 4601 Error
2791 4525 3035 4601 chronici
3067 4527 3373 4596 Eusebiani,
3399 4550 3506 4601 quo

1937 4599 2194 4668 asseritur
2221 4597 2570 4668 Laurentium
2606 4596 2704 4648 sub
2733 4595 2895 4668 Decio
2935 4596 3259 4668 imperatore
3291 4595 3505 4668 passum

1937 4669 2132 4721 multos
2152 4666 2381 4738 decepit.
2404 4665 2573 4719 Simul
2594 4680 2714 4718 cum
2754 4666 3002 4738 przelecto
3028 4666 3183 4722 Urbis
3214 4665 3505 4738 imperato-

1937 4752 2051 4790 rem
2092 4737 2343 4805 martyrio
2373 4745 2686 4805 prasentem
2730 4735 2988 4800 adfuisse,
3034 4738 3154 4792 sine
3176 4735 3383 4795 idoneis
3421 4755 3500 4797 te-

1936 4806 2106 4860 stibus
2135 4804 2578 4874 lguatiusComus
2603 4804 2901 4874 afﬁrmavit.

2005 4871 2290 4947 48.ﬂl_dus
2321 4873 2564 4947 ediderat
2613 4873 2832 4926 Exactor
2884 4871 3085 4947 [tauriet
3119 4878 3404 4947 sanguinis,
3451 4880 3505 4934 in

1937 4945 2234 5000 emendatis
2258 4944 2491 5014 correxit
2520 4941 2742 4996 Exactor
2783 4944 2920 5007 auri,
2969 4955 3016 4996 et
3065 4941 3348 5014 sanguinis.
3393 4941 3503 5002 Ne-

1940 5016 2226 5082 brissensis
2252 5013 2639 5066 correctionem
2669 5029 2772 5066 non
2802 5014 2953 5077 vidit,
2978 5025 3031 5066 et
3061 5013 3271 5068 censuit
3319 5018 3504 5082 legen-

1939 5086 2064 5136 dum
2119 5081 2342 5154 Exactor
2378 5081 2871 5154 haustisanguinis.
2922 5084 3104 5154 Neque
3131 5083 3402 5138 Giselinus
3433 5087 3506 5140 ad

1940 5154 2059 5210 Aldi
2088 5153 2470 5208 correctionem
2514 5152 2805 5208 advertisse
2848 5152 3076 5214 videtur,
3118 5167 3242 5208 nam
3273 5166 3337 5205 ex
3370 5169 3503 5210 mss.

1939 5223 2276 5279 emendatum
2335 5222 2506 5275 locum
2537 5223 2770 5277 exhibet.
2811 5223 3116 5290 Parrhasius
3160 5234 3369 5290 quoque
3393 5222 3506 5289 jam

1939 5293 2178 5348 ediderat
2199 5291 2333 5359 auri,
2357 5301 2404 5345 et
2428 5292 2706 5360 sanguinis.
2738 5290 2795 5344 ln
2826 5289 3088 5360 nonnullis
3110 5289 3238 5345 vett.
3268 5291 3390 5345 edd.
3421 5293 3509 5348 le-

1939 5364 2083 5436 gitur
2120 5361 2342 5416 Exaetor
2387 5358 2558 5413 haurit
2584 5361 2864 5436 sanguinis.
2929 5358 3274 5436 llochmunus
3303 5360 3507 5436 eisdem

1936 5428 2115 5486 uerbis
2143 5445 2456 5500 expressum
2502 5428 2704 5484 exactor
2727 5428 2841 5481 auri
2869 5428 3151 5500 reperitur_
3177 5429 3228 5482 in
3271 5430 3507 5500 antiquis

1938 5495 2392 5570 inscriptionibus,
2438 5512 2492 5570 ut
2540 5499 2678 5568 apud
2719 5495 3268 5570 illuraturiuttt_class.
3298 5498 3353 5566 9,
3385 5495 3504 5570 pag.

1941 5566 2119 5634 1029,⁷
2139 5587 2283 5624 num.
2315 5571 2348 5624 8
2384 5587 2399 5623 :
2433 5566 2656 5621 Exrrctor
2678 5566 2792 5618 auri
2817 5573 2864 5638 et
2892 5566 3093 5638 argenti
3115 5568 3272 5638 (tium
3304 5566 3511 5638 ρνόυεῆ.

1940 5645 2151 5694 ciarum.
2182 5640 2329 5695 Unde
2342 5647 2560 5708 apparet
2591 5649 2811 5690 acumen
2828 5634 3097 5690 l’rudentii
3130 5634 3351 5693 Exactor
3368 5643 3505 5709 auri,

3024 5723 3096 5783 10
