2026 3092
153 174 199 201 εοι
740 175 1023 203 PElllSTEl'llANON
1045 175 1147 202 llYlil-N.
1169 176 1200 203 ll.

239 231 307 258 Tom
320 238 423 258 summa
438 238 500 258 cura
515 236 556 258 est
572 230 707 265 fratribus,

278 276 311 303 Ut
324 283 414 303 sermo
424 282 537 304 testatur
549 277 656 309 loquax,

154 322 184 348 75
272 321 374 349 Oﬂerre
387 322 476 350 fundis
490 323 604 350 venditis

275 368 463 395 Sestertiorum
475 368 568 395 millia.
616 380 618 383 -

239 412 351 439 Addicto
365 420 473 440 avorum
487 413 586 447 prauiia

275 458 356 493 897
372 457 462 486 Ftndis
478 458 529 486 sub
542 460 708 487 auctionibus

275 504 420 532 Successor
432 506 552 533 exhaeres
563 506 655 541 gemit,

152 550 185 578 80
275 551 381 579 Sanctis
393 559 475 586 egens
488 554 652 586 parentibus.

237 597 301 625 Hac
314 598 471 625 occuluntur
485 599 582 625 abditis

274 643 452 671 Ecclesiarum
468 645 494 671 in
510 645 622 680 angulis,

273 691 306 718 Et
320 698 422 718 summa
437 692 521 726 pietas
534 693 652 719 creditur

272 736 376 764 Nudare
390 737 480 764 dulces
495 738 603 764 liberos.

150 781 182 809 85
236 781 369 816 Deprome
379 783 532 815 thesauros,
548 784 625 809 malis

274 827 416 855 Suadendo
430 836 495 862 quos
512 829 652 863 prtestigiis

1732 182 1780 208 3!)!

1120 233 1298 267 Exaggeratos
1312 234 1429 269 obtines,

1121 279 1246 313 Nigrante
1261 288 1327 314 quos
1341 282 1443 309 claudis
1457 289 1547 316 specu.

1084 331 1140 357 Hoc
1156 331 1239 364 poscit
1252 338 1316 359 usus
1326 332 1457 366 publicus,

994 379 1028 406 90
1119 379 1175 407 Hoc
1189 379 1279 412 ﬁscus,
1293 380 1345 408 hoc
1358 381 1492 414 aerarium,

1117 429 1152 456 Ut
1165 429 1252 456 dedita
1271 430 1410 463 stipendiis

1115 480 1213 507 Ducem
1227 471 1305 514 juvet'
1320 480 1441 514 pecunia.

1077 529 1121 556 Sic
1134 530 1229 564 dogma
1244 534 1362 556 vestrum
1376 535 1427 563 est,
1445 529 1540 557 audio:

1118 579 1202 608 Suum
1218 579 1365 614 quibusque
1382 580 1497 607 reddito.

992 629 1026 657 95
1116 631 1155 658 En
1170 630 1261 658 Catsar
1273 631 1393 665 agnoscit
1407 638 1483 657 suum

1113 681 1196 716 898
1210 680 1345 708 Nomisma
1362 680 1477 709 nummis
1491 681 1613 708 ἱηὼιιιιη.

1081 731 1155 764 Quod
1170 732 1283 759 Caesaris
1297 732 1361 765 scis,
1376 732 1474 759 Cmsari

1114 783 1151 809 Da
1169 792 1174 808 :
1192 790 1287 817 nempe
1299 783 1399 817 justum
1419 784 1533 816 postulo.

1114 832 1144 858 Ni
1160 829 1249 863 fallor,
1266 832 1334 858 haud
1350 832 1429 859 ullam
1446 838 1505 859 tuus

809 876 952 904 GLOSS/E
971 877 1140 905 VETERES.

181 919 226 946 73.
240 919 319 952 Tum,
332 921 443 953 insuper.
459 935 493 940 —
506 920 651 953 Fratribus,
670 922 745 952 nobis,
761 921 811 948 lso.

180 954 227 981 75.
243 954 354 990 Fundis.
368 955 577 989 possessionibus,
590 957 668 990 agris,
686 958 705 983 Ι.

180 990 226 1016 76.
242 989 443 1023 Sestertiorum,
464 989 617 1017 talentorum
635 999 644 1017 :
665 992 808 1018 sestertium
829 992 937 1025 auinque

148 1025 261 1057 sextarii,
272 1025 300 1051 id
314 1031 349 1051 est
364 1026 413 1052 duo
428 1026 543 1057 strupuli
563 1032 586 1053 et
608 1028 691 1054 sentis,
708 1027 727 1052 l.
744 1027 895 1059 Seslertius,
912 1032 939 1054 ut

148 1059 249 1091 quidam
259 1060 341 1091 aiunt,
353 1062 464 1095 quinque
473 1065 577 1087 ualeres
591 1063 664 1094 valet,
681 1067 758 1088 sititer
769 1067 851 1088 autem
865 1062 882 1088 Ξ
895 1063 936 1088 di~

148 1095 289 1132 dragmasi.
314 1096 448 1130 didragma
471 1102 555 1122 autem
582 1097 600 1122 2
623 1098 753 1132 dragmas,
779 1105 828 1124 una
855 1102 938 1124 autem

148 1129 254 1164 dragma
269 1131 285 1158 5
300 1129 417 1157 denarios
432 1131 504 1164 facit,
520 1132 584 1158 Mar.

180 1165 227 1202 77.
243 1165 366 1202 Addicto.
382 1165 523 1202 assignato,
539 1166 566 1192 id
581 1171 615 1193 est
626 1167 657 1193 ab
671 1167 723 1193 ovis
735 1167 837 1197 addicta
857 1168 938 1194 litare-

148 1199 231 1231 dibus,
244 1200 283 1226 vel
298 1199 551 1235 deputata—tradita,
569 1202 617 1231 lso,

180 1235 227 1262 78.
244 1235 334 1262 Ftedis
347 1257 354 1268 ,
375 1237 465 1270 quibus
480 1237 547 1262 vobis
561 1237 626 1269 [avde
639 1237 936 1271 augetis.—Auctioni—

147 1268 207 1303 bus,
224 1268 417 1303 venditionibus,
434 1271 453 1298 Ι.

181 1306 227 1331 79.
244 1305 381 1337 Exbreres,
397 1314 486 1332 carens
500 1307 656 1339 Iireretlitate,
674 1307 694 1334 l.

179 1339 227 1368 80.
244 1340 359 1374 Sanctis,
374 1341 477 1373 ironice,
496 1341 514 1367 Ι.

954 924 977 953 Β
1026 924 1069 949 8|.
1087 923 1261 953 tlccultttttur.
1274 924 1473 954 absronduntnr,
1492 925 1660 953 orca/tantur.
1674 925 1692 951 l.

1025 958 1242 990 86.'Pr;rstigiis,
1262 959 1410 990 maleﬁciis,
1430 960 1559 988 doctrinis.
1577 961 1703 995 prmaligia
1734 961 1771 985 di.

989 999 1083 1020 runtur
1093 1002 1108 1019 a
1119 995 1328 1034 prtestriu'gettdo,
1338 1001 1367 1033 eo
1377 995 1444 1034 quod
1458 1001 1626 1034 Prll’nlﬂlltfﬂ-lll
1640 998 1774 1034 hominm,

990 1034 1014 1054 et
1029 1029 1203 1063 constringant
1220 1030 1306 1054 timere
1317 1029 1368 1054 suis
1382 1029 1645 1060 demens/rationibus,
1661 1030 1678 1056 Ι·.

1025 1064 1069 1090 87.
1086 1063 1275 1098 Exaggeratos,
1289 1063 1473 1094 accautulutos.
1491 1064 1509 1090 I.

1026 1098 1070 1125 89.
1087 1098 1175 1125 Poscit
1189 1099 1295 1132 indiget,
1310 1099 1328 1124 Ι.

1026 1134 1070 1160 90.
1087 1134 1179 1160 Fiscus
1190 1156 1197 1166 ,
1212 1134 1327 1160 sttrculus
1342 1134 1366 1159 in
1381 1142 1431 1167 quo
1452 1133 1551 1169 publica
1565 1134 1673 1168 pecunia
1693 1139 1778 1169 porta-

991 1170 1075 1205 batur.
1084 1169 1271 1205 T/Erarium,
1283 1168 1503 1205 gazophylacium,
1520 1168 1538 1195 I.
1578 1198 1593 1205 ν,

1026 1204 1071 1231 91.
1087 1204 1190 1233 Dedita,
1207 1204 1310 1230 tradita.
1323 1219 1357 1223 —
1368 1204 1523 1237 Stipendiis,
1537 1204 1654 1239 publicis,
1670 1205 1689 1232 Ι.

1026 1239 1070 1265 94.
1087 1240 1179 1271 Suum,
1196 1240 1339 1273 proprium,
1355 1240 1373 1264 I.

1026 1273 1070 1300 96.
1088 1274 1234 1305 Nomisma,
1250 1273 1393 1307 imaginem,
1412 1274 1431 1299 Ι.

1027 1309 1071 1336 98.
1087 1308 1199 1342 Nempe,
1213 1309 1314 1342 quippe,
1331 1308 1349 1333 Ι.

820 1387 1103 1415 COMMENTARIUS.

179 1442 227 1470 73.
244 1441 374 1469 Weitzius
399 1442 565 1476 ineptissime
581 1442 664 1469 e-lidt
686 1442 752 1468 Tum
779 1451 878 1469 summa
900 1448 936 1469 est

146 1485 206 1504 cura
236 1478 370 1512 fratribus,
398 1485 457 1504 cum
486 1478 617 1504 notaverit
643 1477 669 1504 iu
694 1479 777 1512 Bong.
795 1486 855 1505 esse
872 1478 936 1504 Tant

145 1521 246 1539 summa
270 1520 331 1539 cura
350 1517 386 1538 est
410 1512 542 1547 fratribus.
554 1513 623 1547 qttod
645 1518 671 1539 ct
686 1518 799 1540 metrum
813 1513 898 1547 poscit
910 1518 937 1540 et

145 1548 187 1574 alii
202 1548 313 1575 habent.
327 1547 392 1574 Nam
408 1548 490 1574 Aldus
503 1548 552 1574 etsi
568 1548 679 1575 ediderit
703 1547 768 1574 Tum
786 1556 884 1574 summa
899 1554 936 1574 est

146 1590 220 1613 cura,
237 1582 262 1608 id
272 1583 298 1609 in
312 1582 460 1609 emendatis
472 1583 600 1609 correxit.
610 1582 759 1609 Notandum
768 1583 830 1610 olim
839 1584 936 1617 passitu

145 1625 240 1644 omnes
248 1617 414 1644 Christianos
426 1622 533 1647 vocatos
545 1617 626 1644 fuisse
635 1618 737 1652 fratres,
748 1619 860 1645 utetiam
873 1625 937 1645 esa-

146 1653 197 1679 rris
213 1653 323 1679 Litteris
334 1657 449 1680 constat.
461 1652 529 1679 llinc
543 1646 657 1687 gentiles
668 1646 934 1680 ttosti-isilludebant.
949 1646 972 1676 C

146 1687 291 1715 Minucius:
303 1688 340 1714 Ac
356 1696 383 1714 se
393 1688 534 1721 promiscue
547 1688 676 1722 appellant
688 1688 779 1722 fratres
791 1693 813 1714 et
823 1696 934 1715 sorores.

145 1722 422 1750 Animadvertendum
429 1730 503 1749 sacra
516 1722 573 1749 haec
583 1723 689 1750 nomina
702 1723 846 1757 gentilibus
855 1724 936 1750 fuisse

145 1758 217 1785 inter
232 1758 330 1784 lasciva
347 1762 375 1785 et
393 1760 540 1784 amatoria:
558 1757 607 1784 hoc
623 1765 687 1792 ergo
710 1766 757 1790 per
775 1758 935 1786 calumniam

146 1793 260 1821 innuero
274 1793 401 1819 volebant
411 1793 525 1825 gentiles
536 1793 604 1827 apud
618 1793 772 1820 Minucium.

179 1830 226 1856 75.
239 1828 278 1854 Ex
293 1829 378 1862 prima
399 1828 526 1855 Ecclesia:
547 1828 686 1861 disciplina
702 1828 762 1855 Act.
788 1833 874 1861 apost.
897 1836 934 1861 ιν,

144 1862 189 1894 54.
201 1864 253 1891 55:
271 1862 401 1897 Quotquot
412 1864 478 1890 enim
493 1871 646 1896 possessores
657 1871 775 1897 agrorum
788 1868 833 1889 aut
847 1865 936 1890 domo-

144 1907 202 1924 rum
212 1899 432 1928 erantmendentes
443 1898 580 1932 a/ferebant
591 1899 672 1932 pretia
680 1906 765 1924 eorum
775 1906 832 1933 qua:
843 1899 935 1925 vende-

144 1934 215 1965 bant,
231 1938 254 1960 et
272 1933 397 1967 ponebant
419 1938 478 1960 ante
492 1935 567 1967 pedes
585 1933 764 1967 apos'tolorum.
781 1933 830 1966 Qui
844 1940 935 1959 nostro

144 1976 203 1995 aevo
214 1968 332 2002 antiquae
341 1968 466 1995 Ecclesiae
478 1974 660 2002 paupertatem
671 1968 747 2002 vulgo
756 1968 891 2001 jactant,si
902 1971 935 1995 ait

143 2003 216 2030 hanc
232 2003 452 2030 consuetudinem
489 2008 692 2034 revocarentur,
718 2004 805 2037 potius
830 2009 936 2030 nostros

143 2046 237 2066 mores
249 2038 398 2070 laudarettt,
408 2038 502 2070 quibus
513 2038 703 2065 ecclesiasticis
726 2038 854 2065 nllltlSII‘lS
882 2047 935 2065 nou

144 2079 199 2100 tam
217 2080 285 2100 nova
306 2073 376 2100 dona
391 2073 548 2104 offeruntur,
564 2081 643 2108 qttam
657 2078 745 2100 vetera
770 2074 933 2100 auferuntur.

182 2109 229 2135 76.
244 2108 390 2136 Sestertius
413 2109 564 2141 appellatus
589 2108 638 2135 fuit
657 2108 731 2142 quasi
744 2108 934 2141 semistertius,

144 2144 210 2178 quia
233 2143 337 2170 valebat
355 2150 430 2170 asses
445 2145 499 2170 tres
511 2144 620 2176 dempto
641 2144 764 2170 semisse.
776 2143 935 2171 Sestertium

142 2184 244 2206 neutro
253 2186 353 2213 genere
366 2178 471 2205 valebat
489 2178 561 2205 mille
573 2179 731 2213 sestertios.
742 2178 778 2213 iln
800 2179 936 2205 veteribus

142 2214 224 2241 libris
238 2212 284 2248 pro
294 2214 424 2240 sestertius
439 2213 562 2240 scribitur
578 2213 648 2245 HS.,
666 2214 706 2240 vel
718 2212 795 2245 118.,
808 2214 867 2247 quia
877 2214 935 2241 dua:

142 2249 254 2276 lineola:
266 2255 340 2276 asses
354 2249 432 2276 binos
443 2253 545 2280 notant,
559 2248 588 2275 S.
601 2256 664 2275 vero
672 2248 936 2276 seniissem.Vossius

141 2285 169 2312 in
187 2284 374 2319 Etymologico
383 2283 419 2310 ait
429 2283 579 2310 sestertium
591 2291 689 2318 genere
702 2284 769 2310 virili
785 2291 845 2310 esse
859 2292 936 2311 num-

142 2328 220 2346 mum
249 2323 405 2353 argenteum
441 2323 555 2352 quatuor
582 2319 701 2350 assium,
733 2319 790 2346 sive
814 2324 933 2353 quartam

141 2360 250 2387 partem
263 2353 377 2385 denarii,
396 2353 441 2387 qui
457 2353 591 2380 sexdecim
615 2353 720 2381 valebat
740 2353 855 2382 assibus.
870 2354 936 2381 Pru-

140 2389 254 2416 dentius
266 2389 382 2423 speciem
396 2396 445 2422 pro
459 2396 557 2423 genere
568 2390 650 2422 ponit.

179 2424 228 2450 77.
245 2424 306 2451 llat.
327 2423 398 2450 male
411 2431 426 2449 a
442 2424 526 2456 prima
547 2431 638 2457 manu,
652 2423 741 2449 addita
758 2431 806 2457 pro
821 2424 933 2451 addicta.

141 2459 197 2486 Pro
213 2459 313 2485 vendita
328 2458 397 2492 apud
423 2458 628 2492 iurisconsultus
648 2458 751 2484 addicta
771 2464 934 2491 usurpatur:

139 2499 287 2528 exstatque
302 2494 395 2520 titulus
411 2493 438 2520 in
454 2493 485 2519 D.
506 2493 540 2519 de
554 2493 579 2519 in
601 2493 669 2528 diem
697 2494 865 2524 Addictione,
890 2494 934 2521 ubi

140 2527 260 2555 Paulus:
275 2528 308 2555 In
322 2529 391 2554 diem
410 2528 523 2554 addictio
539 2529 573 2554 ita
588 2529 634 2561 ﬁt:
648 2527 697 2554 Ille
717 2529 813 2562 fundus
835 2534 936 2560 centum

138 2569 196 2591 esto
214 2563 258 2590 tibi
271 2568 383 2597 emptus,
398 2563 447 2589 nisi
456 2563 479 2590 si
498 2563 554 2595 quis
573 2563 640 2589 intra
660 2563 777 2589 calendas
795 2563 935 2590 Januarias

137 2599 276 2634 proximas
286 2598 417 2634 meliorem
433 2598 718 2634 conditionemfecerit,
739 2606 789 2633 quo
808 2607 849 2625 res
862 2600 936 2634 aido-

137 2632 216 2660 'mino
228 2634 308 2660 abeat.
321 2633 449 2659 Weitzius
458 2641 491 2659 ex
506 2632 645 2666 Rudoipbo
656 2633 768 2659 Forner.
781 2633 826 2660 lib.
841 2642 857 2661 v
870 2633 935 2661 Rer.

135 2668 264 2703 (|IlOIid.,
278 2676 338 2702 cap.
351 2668 397 2700 25,
409 2668 533 2695 observat
553 2668 619 2701 juris
633 2672 757 2695 auctores
776 2676 829 2695 non
859 2669 936 2696 facile

137 2704 355 2738 permittendum
371 2703 525 2735 crcdidige,
542 2708 571 2730 ut
593 2703 652 2737 quis
670 2703 800 2738 majorum
815 2703 934 2736 praediis,

135 2739 258 2770 laribus,
271 2739 400 2772 sepulcris
412 2745 505 2764 carere
524 2743 673 2772 cogeretur.
690 2737 756 2764 lude
771 2739 870 2772 prwdia
889 2747 936 2772 pa-

135 2780 233 2805 terna,
248 2773 285 2799 vel
301 2773 370 2799 auita
380 2773 524 2799 abalienare
536 2774 619 2799 minus
634 2774 777 2805 honestum,
797 2777 936 2808 contraque

133 2809 270 2835 distracta
279 2815 429 2840 recuperare
449 2808 576 2834 laudabile
596 2815 693 2841 semper
710 2808 826 2834 habitum
843 2814 888 2835 est.
906 2808 934 2835 ld

134 2849 239 2871 tamen
252 2843 285 2870 ita
301 2848 342 2870 est
354 2842 550 2877 accipiendum,
563 2847 591 2869 ut
603 2844 715 2870 honesta
731 2844 878 2877 prtesertim
893 2851 934 2870 re-

133 2877 255 2911 ligionis
266 2885 345 2905 causa
360 2878 554 2905 interveniente
570 2877 701 2905 laudabile
716 2878 749 2906 sit
769 2878 932 2908 abalienare.

988 1443 1058 1477 quod
1069 1443 1138 1469 nulla
1149 1443 1207 1473 leae
1220 1442 1297 1469 debet
1315 1442 1433 1473 retineri,
1449 1447 1494 1468 aut
1508 1443 1539 1468 ad
1557 1450 1677 1477 posteros
1689 1451 1774 1473 trans-

990 1478 1068 1504 mitti.
1085 1478 1223 1505 Calumnia
1249 1484 1312 1504 vero
1339 1482 1389 1508 est.
1413 1477 1482 1511 quod
1501 1484 1624 1511 parentes
1635 1479 1779 1509 Christiani

988 1512 1088 1539 liberos
1101 1513 1274 1540 exhaaredare
1284 1512 1482 1548 consueverint,
1491 1518 1517 1539 ut
1525 1513 1617 1547 objicit
1629 1515 1776 1548 prietectus.

1024 1548 1068 1576 78.
1086 1548 1113 1574 lit
1128 1548 1215 1582 glossa
1237 1556 1288 1574 non
1305 1548 1369 1574 satis
1385 1547 1467 1581 liquet
1490 1555 1524 1575 an
1538 1547 1638 1583 quibus,
1654 1558 1686 1577 an
1706 1551 1778 1579 aliud

990 1582 1041 1609 leui
1056 1584 1162 1609 debeat.

1034 1583 1041 1609 i
1056 1584 1162 1610 debeat.

1000 1590 1191 1650 egdoﬁiiiiiht,
1207 1617 1297 1651 Prag.,
1313 1617 1374 1643 satis
1390 1625 1397 1643 :
1414 1617 1472 1652 lege
1495 1619 1598 1645 sumtis.
1614 1619 1717 1648 lronice
1739 1622 1777 1648 lo-

989 1654 1078 1687 quitur
1093 1653 1244 1687 prmiectus,
1260 1658 1287 1681 et
1301 1657 1328 1678 ut
1342 1653 1499 1688 vocabulum
1515 1653 1727 1682 Christianorum
1740 1657 1775 1688 ip-

988 1686 1185 1725 sisexprobret
1199 1697 1204 1714 :
1221 1688 1378 1725 natn_sancti
1432 1688 1599 1725 dicebantur.
1612 1696 1639 1716 ut
1655 1690 1737 1725 liquet
1751 1686 1776 1718 iit

988 1724 1109 1757 epistolis
1120 1723 1149 1751 S.
1163 1723 1237 1750 Pauli
1250 1732 1257 1750 :
1273 1723 1378 1757 Dilectis
1393 1722 1451 1755 Dei,
1466 1724 1561 1750 voca/is
1573 1726 1677 1752 sanctis.

1023 1758 1068 1786 86.
1084 1759 1210 1786 Scribuut
1225 1755 1374 1793 prwstrigiis
1388 1757 1525 1792 Weitzitts,
1541 1758 1652 1792 Witimq
1666 1759 1777 1793 Parrba-

987 1793 1052 1825 sius,
1071 1793 1142 1826 Put.,
1158 1798 1185 1820 et
1200 1794 1319 1819 nonnulli
1332 1793 1386 1819 alii.
1402 1793 1466 1819 Vide
1486 1793 1637 1821 Comment.
1659 1795 1692 1821 ad
1708 1803 1777 1823 vers.

989 1828 1143 1865 MO‘bymn.
1155 1828 1171 1854 4
1183 1827 1259 1854 Catii.
1274 1828 1299 1854 lu
1314 1828 1491 1865 prwstringet'e
1504 1834 1544 1865 est
1557 1830 1636 1856 etiam
1656 1831 1776 1865 qumdant

987 1863 1121 1891 scribendi
1136 1865 1248 1890 varietas
1262 1872 1267 1888 :
1285 1871 1345 1889 nam
1369 1863 1449 1896 aliqui
1465 1864 1568 1890 malunt
1582 1872 1693 1892 exarare
1713 1874 1773 1899 ρνίε.

986 1899 1125 1931 stinguere.

1022 1933 1067 1959 87.
1086 1934 1143 1959 Vat.
1160 1934 1192 1965 Α,
1206 1932 1404 1967 exaggerandos,
1417 1932 1504 1958 minus
1517 1933 1596 1960 bene.

1022 1968 1066 1995 90.
1082 1968 1205 1996 Nebrissa
1220 1973 1292 1995 recte
1308 1968 1341 1994 ita
1357 1967 1503 2002 distinguit,
1520 1972 1549 1994 ut
1563 1968 1640 1995 ﬁscus
1653 1969 1688 1995 sit
1701 1970 1775 2003 prin-

987 2003 1055 2036 cipis
1071 2005 1194 2030 azrarium
1210 2003 1373 2036 reipublicas.

1023 2039 1067 2066 91.
1084 2039 1281 2071 Heinsiuscum
1296 2038 1366 2069 Pun,
1389 2041 1416 2063 ut
1437 2037 1529 2069 didita,
1551 2038 1685 2072 quomodo
1707 2039 1775 2064 (ἰηιι-

986 2074 1076 2100 cbium
1092 2074 1240 2101 restituisse
1256 2072 1381 2099 iuunebat
1395 2073 1559 2100 Torrentius.
1580 2073 1691 2100 Sclletlat
1709 2073 1776 2100 Catt-

987 2108 1038 2135 cltii
1054 2114 1081 2136 et
1100 2109 1267 2140 Parrhasius,
1282 2108 1376 2134 debita.
1391 2108 1454 2140 Alii,
1470 2108 1566 2134 dedita.
1580 2108 1637 2135 Vat.
1654 2108 1686 2142 ρ.
1701 2117 1776 2136 meu-

987 2145 1063 2176 dose,
1077 2144 1219 2177 suspeudiis
1233 2151 1281 2177 pro
1294 2142 1434 2177 stipendiis.

1023 2180 1038 2205 tl
1045 2179 1067 2206 ι.
1085 2179 1198 2205 Hailsbr.
1216 2186 1294 2212 supra
1302 2197 1307 2207 .
1318 2178 1425 2204 reddite.

1023 2213 1066 2241 96.
1083 2214 1143 2241 Ald.
1160 2213 1271 2244 \Veitz.,
1290 2212 1385 2246 aliique
1413 2212 1475 2239 edd.
1496 2217 1521 2238 et
1542 2219 1606 2239 mss.
1623 2218 1776 2241 constanter

988 2250 1111 2275 nomisma
1123 2268 1131 2280 ,
1148 2249 1196 2275 nisi
1219 2248 1288 2282 quod
1304 2248 1330 2273 in
1346 2247 1423 2274 Alex.
1450 2247 1574 2274 scribitur
1589 2249 1715 2274 nuntisma
1726 2271 1732 2282 ,
1751 2251 1776 2276 in

988 2284 1106 2311 editione
1121 2283 1253 2310 Parrbasui
1274 2283 1437 2315 nuvitmisma,
1450 2282 1475 2308 in
1493 2282 1550 2308 Vat.
1564 2283 1586 2315 Q
1600 2282 1705 2310 videtur
1717 2292 1775 2311 esse

988 2319 1147 2349 nomniisma,
1161 2319 1186 2345 in
1204 2317 1338 2344 nonnullis
1354 2317 1428 2351 Vulg.
1450 2318 1589 2345 numisma.
1604 2318 1727 2345 Heinsius
1740 2321 1777 2347 ait

988 2362 1038 2380 non
1065 2362 1125 2381 eSsc
1148 2353 1309 2380 audiendum
1324 2351 1493 2383 ‘.Vowerum,
1519 2354 1562 2386 qui
1584 2353 1616 2379 ad
1632 2353 1776 2381 Minucium

986 2389 1131 2423 castigabat
1147 2388 1269 2422 /Enigma
1283 2387 1390 2423 nummis
1406 2387 1524 2423 inditum,
1540 2388 1588 2414 etsi
1604 2389 1774 2423 consentien-

987 2428 1039 2450 tem
1053 2421 1174 2450 babuerit
1184 2421 1312 2450 Joannem
1328 2421 1475 2450 Gerardum
1488 2422 1620 2449 Vossium.
1634 2422 1775 2450 Wowerus

1005 2458 1093 2485 utdel"
1110 2459 1174 2484 dicit
1190 2457 1303 2484 fortasse
1326 2457 1424 2483 rectius
1439 2464 1498 2484 esse
1513 2459 1629 2493 (vuig/ma.
1649 2458 1701 2485 Sed
1715 2458 1776 2493 (ad~

1007 2495 1035 2526 it)
1049 2493 1158 2529 νόμισμα
1168 2497 1192 2519 et
1208 2493 1333 2529 χάραγμα
1346 2497 1368 2518 et
1379 2500 1510 2529 nummum
1526 2498 1604 2529 nutat.
1620 2492 1659 2519 De
1673 2494 1776 2529 nomis-

987 2533 1058 2555 mate
1074 2527 1134 2554 vide
1155 2527 1401 2561 supra'cotumeut.
1425 2527 1458 2553 ad
1483 2535 1554 2554 vers.
1571 2528 1615 2560 50,
1629 2534 1656 2555 et
1669 2527 1776 2555 Glossa-

987 2563 1055 2590 rium
1069 2562 1206 2597 Ducangii.

1023 2598 1068 2625 97.
1085 2596 1176 2624 Matth.
1192 2604 1256 2628 xxu,
1273 2597 1317 2628 19,
1339 2602 1366 2624 et
1387 2604 1461 2631 seqq.
1474 2605 1480 2622 :
1495 2596 1625 2623 Ostendile
1647 2596 1711 2623 nti/ii
1726 2606 1777 2624 mt-

988 2634 1077 2659 misma
1092 2641 1189 2659 census.
1206 2633 1237 2659 At
1256 2632 1294 2659 illi
1309 2632 1455 2658 obtulerunt
1478 2632 1502 2658 ei
1524 2631 1667 2658 denarium.
1688 2631 1722 2658 Et
1741 2633 1776 2659 ait

989 2668 1041 2694 illis
1055 2667 1131 2695 Iesus
1145 2675 1156 2703 ζ
1170 2668 1251 2703 Cujus
1269 2671 1305 2703 est
1318 2667 1402 2702 imago
1413 2667 1467 2703 [nec
1483 2671 1507 2692 et
1519 2667 1718 2703 superscriptio?
1732 2667 1775 2694 Di.

988 2709 1047 2729 cunt
1071 2703 1094 2729 ei
1111 2711 1120 2729 :
1139 2701 1258 2730 Ca'sa'ris.
1283 2702 1354 2728 Tum:
1371 2701 1411 2728 ait
1429 2701 1502 2737 illis;
1520 2701 1628 2737 Reddite
1643 2709 1702 2737 ergo
1722 2706 1777 2737 quia

988 2743 1047 2764 sunt
1062 2738 1170 2765 Caesaris
1181 2738 1286 2771 Cwsari,
1302 2743 1325 2771 et
1338 2744 1395 2770 qua:
1408 2739 1467 2761 sunt
1483 2734 1530 2762 Dei
1544 2734 1608 2762 Deo.
1671 2734 1680 2737 ⁷
1727 2734 1732 2737 ’
1759 2734 1762 2739 ’

1024 2773 1069 2800 98.
1082 2773 1219 2804 Parrhas.,
1233 2772 1282 2799 Da.
1300 2770 1399 2804 Nempe
1406 2772 1504 2804 justum
1518 2771 1640 2804 postulo?

1022 2808 1067 2835 99.
1085 2807 1216 2840 llailsbr.,
1234 2812 1293 2839 aut,
1318 2813 1349 2831 ex
1365 2804 1541 2840 quorumdam
1563 2811 1683 2833 veterum
1711 2808 1774 2834 scri-

986 2842 1065 2869 bendi
1089 2843 1193 2869 ratione
1203 2862 1210 2874 ,
1225 2849 1273 2874 pro
1293 2840 1362 2866 haud
1384 2839 1424 2868 vel
1438 2840 1510 2874 Itaut,
1525 2846 1553 2869 ut
1572 2841 1665 2872 scribit
1681 2841 1774 2870 Wcitz.

987 2877 1140 2905 ltuinartius
1153 2876 1236 2904 edidit
1249 2880 1303 2903 aut.
