4052 6184
645 416 761 483 Quo
785 415 974 485 fungar
994 414 1269 472 efﬁcacius

644 508 1017 565 Promissionis
1046 524 1287 576 munere,

578 600 711 656 Dum
744 608 851 654 tota
879 600 1123 669 digestim
1156 600 1286 654 mihi

434 692 537 747 150
643 691 841 746 Christi
873 692 1114 759 supellex
1145 691 1433 746 scribitur:

646 780 777 835 Nam
806 780 1113 835 calculanda
1144 782 1410 849 primitus,

638 872 798 941 θοι
821 870 955 924 Tum
986 870 1315 925 subnotanda
1337 881 1416 926 est
1443 860 1725 928 summula.

573 964 752 1019 Laatus
783 963 1030 1017 tumescit
1051 962 1243 1030 gaudio

644 1052 955 1118 Praefectus,
986 1068 1051 1109 ac
1079 1068 1173 1123 spe
1201 1054 1425 1110 devorat

396 1144 502 1200 155
645 1144 873 1210 Aurum,
895 1144 1038 1198 velut
1053 1144 1163 1214 jam
1184 1145 1455 1200 conditum

643 1234 793 1289 Domi
814 1244 1073 1302 maneret,
1102 1236 1357 1305 gestiens.

575 1324 829 1393 Pepigsre
861 1332 1067 1393 tempus
1097 1323 1256 1378 tridui
1280 1341 1295 1379 :

645 1414 912 1469 Laudatus
940 1414 1061 1469 inde
1086 1414 1383 1469 absolvitur

640 1506 978 1571 Laurentius,
1007 1520 1236 1574 sponsor
1262 1506 1377 1571 sui,

646 1596 709 1649 Et
736 1611 964 1665 sponsor
993 1597 1221 1666 ingentis
1245 1598 1400 1651 lucri.

573 1684 766 1740 Tribus
791 1700 884 1755 per
907 1685 1103 1741 Urbem
1126 1685 1343 1741 cursitat

640 1778 837 1833 Diebus
862 1795 875 1832 :
908 1779 1117 1833 inﬁrma
1138 1779 1345 1849 agmina
1364 1820 1379 1841 .

645 1868 948 1937 Omnesque
977 1869 1067 1938 qui
1092 1877 1317 1936 poscunt
1344 1869 1535 1937 stipem
1552 1909 1567 1933 ,

641 1957 853 2028 Cogens
950 1974 1113 2014 unum
1137 1968 1191 2015 et
1210 1973 1559 2033 congregans.

395 1595 496 1650 140

1568 298 2129 356 PERISTEPIIANON
2170 300 2378 357 HYMN.
2420 301 2484 357 ll.
2532 342 2533 345 η

2000 421 2049 477 Δ
2082 417 2182 470 145

1997 1774 2045 1833 Β
2076 1782 2177 1838 160

2077 873 2180 927 150

2075 1324 2177 1380 155

3544 296 3654 357 505

2258 418 2370 471 Illic
2401 416 2640 486 utrisque
2661 414 2937 472 obtutibus

2327 509 2494 565 Orbes
2516 518 2731 565 cavatos
2759 510 3050 580 praeferens

2325 600 2520 656 Baculo
2547 603 2768 670 regebat
2793 603 2991 671 praevio

2329 693 2527 747 Errore
2558 704 2831 748 nutantem
2857 694 3101 764 gradum.

2260 784 2319 838 Et
2348 786 2568 839 claudus
2598 785 2824 841 infracto
2847 802 3018 856 genu,

2321 876 2483 945 902
2511 876 2600 931 Vel
2624 892 2779 931 crure
2808 886 2994 930 trunco
3020 878 3279 945 semipes,

2323 965 2607 1021 Hreviorve
2636 966 2813 1034 planta
2838 981 2902 1021 ex
2929 968 3095 1020 altera
3117 1007 3132 1029 ,

2325 1053 2577 1110 Gressum
2610 1057 2853 1112 trahebat
2876 1058 3154 1128 imparem.

2250 1143 2345 1198 Est
2368 1144 2627 1200 ulcerosis
2646 1147 2863 1201 artubus

2316 1234 2418 1301 Qui
2441 1235 2559 1291 tabe
2584 1247 2830 1305 corrupta
2857 1237 3019 1302 ﬂuat;

2321 1326 2416 1380 Est
2440 1328 2588 1395 cujus
2618 1342 2776 1383 arens
2804 1328 3021 1383 dextera

2319 1416 2522 1471 Nervos
2544 1420 2596 1472 in
2621 1419 2796 1472 ulnam
2826 1419 3125 1475 contrahat.

2248 1506 2405 1561 Tales
2435 1508 2622 1577 plateis
2652 1509 2900 1564 omnibus

2319 1598 2583 1669 Exquirit,
2612 1596 2852 1656 as'suetos
2878 1602 2945 1654 ali

2323 1692 2575 1748 Ecclesiae
2598 1694 2780 1748 matris
2804 1708 2940 1762 penu
2958 1733 2973 1758 ,

2316 1783 2461 1850 Quos
2488 1785 2600 1853 ipse
2627 1800 2844 1854 promus
2874 1794 3113 1839 noverat.

2251 1873 2515 1929 Recenset
2540 1875 2662 1929 exin
2693 1874 2933 1944 singulos
2948 1916 2963 1940 ,

2323 1965 2486 2035 903
2510 1964 2760 2020 Scrihens
2789 1964 2987 2019 viritim
3021 1964 3232 2018 nomina
3251 2004 3266 2030 ,

1687 2051 1969 2109 GLOSSIE
2010 2055 2348 2114 VETERES.

468 2142 591 2196 127.
624 2144 853 2214 Fungar,
883 2154 1105 2197 utar.—
1126 2142 1426 2208 Eflicacius,
1454 2141 1735 2212 operosius,
1761 2144 1963 2210 melius,

390 2216 691 2282 perfectius.
722 2214 759 2266 Ι.

465 2283 592 2337 128.
619 2284 855 2346 Munere,
884 2285 1063 2352 oﬂicio,
1088 2284 1126 2337 1.

462 2354 590 2473 1ξ9.
621 2352 894 2423 Digestim,
928 2354 1221 2420 ordinatim,
1250 2352 1619 2417 ordinabiliter,
1650 2353 1970 2409 rationabili-

389 2432 486 2483 ter,
526 2432 564 2476 I.

466 2493 590 2546 I38.
620 2490 894 2561 Supellex,
921 2493 1222 2557 substantia,
1255 2492 1537 2556 thesaurus,
1571 2491 1609 2545 Ι.

466 2561 593 2615 151.
623 2562 968 2628 Calculanda,
995 2564 1326 2627 numeranda,
1353 2563 1659 2624 ordinanda,
1691 2562 1730 2615 1.

467 2629 590 2685 152.
613 2632 887 2687 Summula
906 2673 922 2697 ,
961 2649 1218 2687 numerus.
1266 2632 1592 2701 Stipendium
1613 2631 1800 2686 dicitur
1828 2647 1967 2686 sum-

389 2700 540 2753 mula
563 2717 595 2754 a
621 2703 886 2769 sumendo,
914 2701 951 2755 I.

464 2770 584 2825 156.
619 2770 885 2838 Gestiens,
914 2772 1165 2841 gaudens,
1205 2772 1485 2839 exsultans,
1511 2771 1615 2825 lso.

472 2841 600 2897 159.
629 2842 887 2909 Sponsor,
912 2844 1210 2964 promissor,
1243 2842 1284 2896 l.

472 2911 593 2964 145.
626 2912 853 2964 Stinem.
882 2927 908 2964 e
931 2927 1273 2964 eemosunam.

468 2911 593 2965 115.
626 2912 853 2980 Stipem,
882 2910 1273 2981 eleemosynam.
1302 2910 1341 2964 I.

467 2981 595 3037 144.
617 2982 852 3052 Cogeus,
876 2981 1143 3051 colligens,
1172 2981 1214 3036 1.

2143 2148 2268 2217 145.
2299 2148 2433 2211 Illic,
2463 2148 2652 2201 scilicet
2678 2146 3195 2217 fuit.—Oblutibus,
3227 2145 3431 2208 visibus,
3460 2144 3498 2197 I.

2145 2216 2268 2270 146.
2292 2217 2481 2283 Orhes,
2503 2218 2644 2271 orbes
2669 2213 2846 2271 dicunt
2864 2218 3073 2287 vestigia
3092 2217 3271 2281 aratri,
3292 2216 3380 2269 sed
3408 2229 3507 2268 non
3528 2213 3633 2277 hic,

2074 2302 2193 2339 nam
2219 2288 2408 2340 scilicet
2433 2296 2550 2340 sunt
2571 2290 2735 2340 cavati
2756 2286 2913 2351 oculi,
2940 2287 2979 2340 1.

2146 2355 2552 2481 33?.llnl'racto,
2580 2357 2726 2411 valde
2756 2359 2918 2428 fracto
2940 2374 2958 2411 :
2987 2363 3148 2427 genua
3176 2355 3388 2457 habens,
3427 2358 3511 2410 sed
3543 2368 3635 2412 nol

2074 2426 2256 2494 utitur,
2282 2428 2322 2481 1.

2147 2496 2271 2567 150.
2301 2497 2533 2558 Trunco.
2562 2513 2801 2567 syncope,
2822 2496 2865 2567 l.

2148 2566 2272 2619 155.
2305 2566 2420 2629 Est,
2450 2567 2637 2619 scilicet
2667 2566 2794 2631 illic,
2819 2566 2919 2620 lso.

2150 2634 2270 2688 154.
2301 2636 2466 2702 Tabe,
2494 2651 2525 2687 a
2546 2636 2678 2700 tabe,
2710 2635 2814 2688 lso.

2149 2705 2268 2760 155.
2302 2706 2497 2767 Areus,
2525 2705 2692 2767 arida,
2722 2704 2823 2757 lso.

2151 2774 2272 2828 159.
2306 2774 2473 2839 Ρρηυ,
2504 2774 2708 2837 wrario,
2739 2772 2971 2837 cellario,
3004 2773 3042 2826 Ι.

2150 2844 2270 2896 161.
2308 2844 2463 2907 Exin,
2494 2860 2632 2908 mox,
2661 2844 2863 2906 deinde,
2887 2842 3039 2908 unde,
3067 2842 3271 2908 exinde,
3295 2841 3337 2895 l.

2150 2914 2273 2967 162.
2306 2914 2534 2978 Viritim,
2566 2912 2885 2983 singillatim,
2924 2929 3021 2983 per
3055 2912 3304 2983 singulos,
3344 2911 3632 2980 ordinatim,

2078 2983 2426 3052 singulariter,
2459 3000 2547 3052 per
2567 2982 2794 3054 singulos
2820 2982 2974 3048 viros,
3003 2982 3039 3036 1.

1725 3070 2286 3131 COMMENTARIUS.

464 3185 590 3240 150.
619 3186 674 3239 In
718 3184 955 3240 editione
993 3182 1225 3257 secunda
1262 3180 1477 3257 Cellarii
1503 3188 1569 3257 _et
1615 3180 1666 3235 in
1696 3180 1970 3257 Parmensi
1999 3184 2045 3246 C
2075 3186 2357 3242 clvsiarum
2408 3203 2546 3257 penu
2594 3200 2853 3256 pauperes
2900 3185 3219 3257 alerentur;
3245 3200 3365 3254 qua!
3416 3186 3638 3242 maxime

392 3258 649 3311 scribitur
672 3256 954 3324 suppellex,
976 3254 1116 3324 quod
1142 3269 1248 3307 non
1278 3254 1473 3324 patitur
1502 3251 1586 3306 lex
1615 3252 1892 3324 carminis.

467 3327 592 3379 151.
623 3321 970 3387 Parrhasius,
997 3321 1133 3377 Nunt
1174 3321 1531 3376 calculandam
1568 3322 1821 3390 primitus.
1855 3322 1974 3375 Cal-

395 3395 572 3449 culare
605 3396 844 3449 occurrit
872 3394 1009 3458 apud
1054 3393 1327 3449 Sidonium
1354 3402 1409 3446 et
1435 3391 1568 3445 alios
1597 3405 1701 3445 non
1730 3402 1968 3458 veteres;

394 3467 680 3518 calculator
704 3465 841 3533 apud
873 3462 1192 3529 Martialem,
1224 3462 1501 3531 Ulpiauum
1529 3470 1584 3516 et
1626 3468 1755 3516 vett.
1788 3463 1973 3517 inscri-

396 3538 630 3605 ptiones.

474 3604 597 3659 152.
629 3603 730 3658 Alii
761 3604 957 3659 habent
989 3611 1117 3670 tum,
1147 3601 1237 3656 alii
1260 3611 1399 3655 tunc.

472 3675 596 3728 154.
627 3675 770 3738 Ald.,
804 3674 955 3737 Man,
990 3673 1135 3736 Rat.,
1168 3673 1376 3735 Ambr.,
1406 3679 1459 3725 et
1494 3671 1585 3725 alii
1616 3670 1972 3740 antiquissimi

396 3743 695 3808 Heinsiani,
746 3742 1080 3805 Parrhasius,
1128 3741 1266 3809 Gis.,
1315 3757 1456 3809 spem
1500 3742 1727 3795 decorat.
1778 3740 1970 3796 Weitz.

396 3829 523 3883 cum
549 3813 659 3866 Pal.
690 3813 923 3883 restituit
962 3829 1049 3883 spe
1070 3811 1303 3883 devorat,
1331 3811 1608 3883 ut_legitur
1635 3810 1712 3883 in_
1733 3809 1872 3863 Vatt.
1909 3819 1969 3875 Α,

399 3883 462 3948 Β,
494 3882 675 3948 Alcm,
700 3881 870 3947 Rott.,
895 3890 950 3938 et
964 3880 1358 3950 coniectaverat
1378 3880 1665 3934 Cauchius.
1686 3880 1974 3950 Pcveratns

397 3954 562 4005 etiam
594 3952 795 4021 legerat
815 3968 905 4021 spe
937 3949 1160 4016 devorat,
1192 3965 1253 4004 ac
1281 3950 1510 4021 similem
1543 3950 1869 4017 phrasim‘ex
1889 3949 1975 4003 Ci-

398 4035 598 4075 cerone
625 4020 720 4089 pro
743 4020 931 4076 Flacco
950 4022 1269 4090 allegaverat
1291 4038 1302 4072 :
1325 4020 1577 4090 Amissum
1601 4021 1826 4090 enimest
1850 4034 1976 4089 prae-

395 4099 476 4144 ter
513 4088 671 4160 spem,
701 4094 837 4159 quod
863 4101 969 4144 erat
995 4088 1084 4161 spe
1117 4092 1429 4161 devoratum.
1472 4088 1692 4143 Veteres
1718 4089 1974 4158 legebant

397 4172 450 4215 et
474 4159 868 4227 distinguebant
891 4178 953 4214 ac
972 4159 1114 4229 spem
1137 4164 1362 4221 devorat,
1385 4159 1602 4223 Aurum,
1630 4168 1734 4213 etc.

474 4231 599 4285 156.
622 4230 872 4285 Fortasse
895 4226 1009 4297 pra!
1022 4231 1189 4284 oculis
1218 4229 1596 4297 habuitlocum
1626 4226 1897 4284 Ciceronis
1919 4226 1972 4280 in

396 4298 648 4355 Pisonem
674 4318 688 4353 :
724 4296 980 4353 Nummus
1008 4301 1197 4353 interea
1224 4299 1371 4364 mihi,
1396 4296 1588 4365 (ἔωσαν,
1616 4299 1851 4364 neglectis
1871 4300 1973 4364 [er-

395 4368 531 4422 culis
558 4369 971 4437 triumphalibus,
996 4370 1133 4422 domi
1158 4378 1347 4437 manet,
1380 4379 1425 4421 et
1456 4367 1695 4421 manebit.

470 4438 589 4494 158.
625 4436 774 4503 Rat.,
801 4438 1085 4504 Laudatur,
1115 4439 1233 4492 inde
1258 4436 1552 4491 absolvitur.

470 4509 592 4564 141.
616 4509 848 4563 Hailsbr.
871 4510 1067 4576 inepte,
1092 4525 1182 4577 per
1200 4508 1387 4561 orbem.

472 4578 595 4634 145.
620 4578 871 4633 Nonnulli
894 4580 1134 4633 scribunt
1162 4578 1438 4644 omnisque.

1994 4545 2051 4607 D

2076 3257 2238 3325 viguit
2260 3257 2313 3311 in
2340 3256 2572 3312 Ecclesia
2592 3258 2828 3311 Romana
2849 3259 3083 3310 omnium
3104 3256 3455 3311 Ecclesiarum
3476 3266 3643 3311 matre

2074 3342 2137 3379 ac
2166 3329 2449 3394 magistra,
2494 3328 2734 3396 quamvis
2768 3327 2971 3395 quaevis
3000 3326 3231 3380 Ecclesia
3264 3334 3433 3379 mater
3458 3340 3643 3396 eorum

2074 3397 2165 3465 qui
2195 3397 2248 3451 in
2270 3411 2332 3451 ea
2369 3395 2664 3451 educantur
2702 3405 2847 3451 recte
2873 3398 3030 3451 etiam
3067 3396 3293 3451 dicatur.
3325 3397 3461 3450 Ante
3506 3395 3643 3450 fores

2075 3467 2316 3522 ecclesiae
2340 3481 2603 3536 pauperes
2624 3467 3006 3529 consistebant,
3035 3475 3093 3519 ut
3117 3467 3482 3535 eleemosynas
3506 3466 3644 3520 acci-

2075 3545 2281 3605 perent.
2317 3536 2445 3591 Vide
2474 3552 2615 3591 vers.
2644 3537 2766 3590 178.

2148 3605 2269 3659 160.
2294 3606 2491 3659 Omnes
2512 3613 2640 3659 vett.
2669 3605 2816 3670 edd.,
2841 3608 2999 3659 etiam
3024 3604 3358 3667 Parrhasius,
3371 3603 3641 3660 ediderant

2073 3675 2180 3745 ipse
2205 3677 2419 3745 primus.
2467 3675 2711 3729 Heinsius
2735 3691 2799 3729 ex
2828 3674 2948 3729 Put.
2985 3675 3214 3729 restituit
3249 3674 3643 3745 promus,_quod

2074 3742 2127 3799 in
2158 3743 2350 3798 Bober.
2381 3752 2684 3812 pervetusto
2711 3745 3084 3797 conﬁrmatum
3112 3742 3329 3807 reperit.
3351 3742 3565 3796 Teolius
3588 3744 3639 3796 in

2074 3828 2181 3869 uno
2215 3812 2329 3867 Vat.
2363 3813 2564 3867 invenit
2606 3828 2830 3880 promus,
2864 3812 2953 3881 qui
2985 3813 3209 3881 fortasse
3235 3821 3316 3865 est
3341 3812 3519 3871 Alex..
3553 3812 3640 3865 ubi

2076 3883 2128 3937 id
2175 3882 2388 3937 videtur
2411 3897 2531 3938 esse
2569 3897 2666 3952 pro
2708 3882 2819 3935 div.
2852 3880 2972 3952 lect.
3006 3880 3086 3952 In
3110 3881 3226 3952 Vat.
3260 3880 3298 3933 Ρ
3323 3890 3403 3933 est
3430 3881 3639 3952 primos.

2075 3952 2417 4007 Recentiores
2453 3950 2639 4006 omnes
2683 3952 2800 4007 sine
2848 3951 2951 4005 ulla
2999 3950 3327 4003 dubitatione
3381 3950 3643 4017 arripiunt

2075 4037 2301 4091 promus.
2342 4021 2411 4076 Et
2449 4035 2579 4076 sane
2614 4037 2821 4089 promus
2848 4021 3232 4091 convenienter
3263 4017 3480 4091 dicitur,
3520 4020 3640 4081 quia

2074 4086 2362 4163 praecessit
2370 4107 2548 4163 penu,
2590 4086 2646 4147 et
2667 4091 2876 4163 diaconi
2913 4103 3065 4163 arcte
3085 4086 3326 4163 ecclesia:
3353 4096 3638 4163 prater-aut,

2074 4154 2133 4215 iit
2159 4170 2307 4216 notat
2345 4154 2610 4215 Heinsius.
2651 4160 2803 4216 Addo
2840 4175 2905 4215 es
2935 4159 2993 4213 S.
3037 4158 3255 4213 Paulino
3289 4154 3447 4227 epist.
3480 4157 3547 4209 l2
3572 4154 3638 4210 ad

2072 4231 2325 4287 Severum
2365 4231 2763 4301 inscriptionem
2798 4244 2829 4283 a
2871 4231 3054 4301 dextra
3087 4227 3285 4298 apsidis
3309 4225 3461 4301 {llic
3500 4228 3638 4301 locus

2071 4309 2170 4366 est,
2205 4302 2490 4355 veneranda
2532 4295 2689 4369 penus
2729 4316 2826 4368 qua
2867 4295 3136 4363 conditur,
3163 4307 3209 4369 et
3246 4313 3346 4366 qua
3376 4295 3641 4369 fromﬁur

2073 4369 2209 4441 alma
2236 4371 2370 4424 sacri
2396 4365 2585 4441 pompa
2612 4365 2895 4425 ministerii.
2924 4369 3102 4441 Itaque
3131 4365 3331 4436 primus
3359 4365 3636 4441 diaconus,

2111 4440 2161 4494 ui
2193 4435 2406 4510 penum'
2423 4435 2542 4510 ﬁdis
2573 4441 2878 4510 gubernabat
2910 4435 3152 4503 clavibus,
3186 4444 3242 4510 ut
3274 4444 3395 4490 ante
3431 4435 3641 4510 dicebat

2111 4456 2161 4494 Ill
2193 4454 2384 4510 penum
2423 4454 2542 4509 ραις
2573 4454 2878 4510 gubernabat
2910 4454 3152 4503 Ctavtous,
3186 4454 3242 4489 υι
3274 4454 3395 4490 ante
3431 4454 3640 4490 UICCDaI

2073 4454 2393 4565 grudentius
2440 4508 2586 4579 (nam
2616 4509 2866 4579 caelestis
2903 4522 3152 4561 arcanum
3179 4506 3488 4579 domusest
3525 4507 3640 4559 haec

2075 4582 2261 4649 penus)
2292 4594 2395 4649 non
2424 4576 2686 4649 immerito
2709 4594 2931 4649 promus,
2960 4586 3020 4649 et
3040 4592 3244 4644 promus
3267 4576 3457 4629 candus
3483 4590 3641 4629 voca-

616 4649 763 4729 ψ..
788 4648 1118 4729 Parrhasius,
1140 4640 1347 4727 Gisaad
1371 4658 1543 4709 oram,
1559 4640 1756 4729 Weilz.
1782 4644 1967 4713 scripti
2072 4640 2613 4729 bitur-[Nihilominus
2635 4640 2970 4729 nonpenitus
2990 4640 3183 4729 damno
3206 4659 3540 4729 communem
3563 4652 3638 4729 tot

396 4715 669 4787 [leinsiani
709 4726 763 4773 et
804 4718 992 4781 nostri,
1035 4716 1228 4787 Cogens
1260 4716 1314 4767 in
1353 4731 1533 4787 unum,
1560 4726 1608 4767 et
1637 4730 1967 4785 congregans.

398 4785 588 4854 Falir.,
618 4788 733 4844 Cis.
756 4788 810 4842 in
831 4785 1120 4850 contextu,
1137 4785 1329 4856 Cogens
1346 4786 1399 4837 in
1427 4799 1586 4856 unum
1609 4797 1898 4856 congregat.

469 4853 593 4911 H9.
624 4856 958 4923 Parrhasius,
980 4866 1055 4912 est
1085 4853 1303 4910 claudus
1326 4868 1423 4924 pro
1450 4864 1517 4908 et.
1544 4853 1665 4908 Vat.
1697 4853 1970 4924 B,gradu;

393 4938 577 4991 supra,
610 4943 761 4996 genu.

2071 4720 2311 4774 codicum
2354 4718 2633 4773 lectionem
2677 4713 2903 4787 prunus,
2932 4731 3050 4787 quae
3097 4718 3254 4769 etiam
3300 4714 3542 4787 exgstabat
3582 4713 3635 4765 in

2072 4788 2438 4858 antiquissimo
2463 4785 3157 4858 codicellollandianorum
3198 4785 3377 4858 saeculi
3417 4798 3505 4836 VIII
3546 4790 3637 4834 aut

2072 4872 2146 4912 ιι.
2178 4855 2361 4931 Potest
2387 4857 2530 4931 enim
2558 4856 2785 4925 intelligi
2811 4855 3155 4931 Laurentium
3184 4855 3395 4931 novisse
3436 4865 3635 4931 panpe-

2070 4942 2180 4994 res,
2211 4927 2334 4997 quia
2372 4927 2574 4995 primus
2600 4935 2717 4981 erat
2737 4919 2782 4980 ’θ
2822 4926 3155 4997 septemviris
3173 4939 3275 4997 seu
3305 4919 3631 4997 diaconibus,

469 4990 800 5062 l50.'Mar.,
848 5006 1055 5051 truncus
1099 4995 1333 5065 semipes,
1380 5005 1539 5062 supra
1587 5001 1783 5047 trunco.
1820 4992 1967 5061 Rat.,
2071 5004 2131 5051 ut
2160 4990 2299 5051 vers.
2343 4990 2413 5052 5⁵1
2442 5010 2749 5065 expressum
2780 4990 2898 5064 eSt,
2921 5004 2977 5049 et
3003 4994 3067 5048 ad
3109 4993 3331 5065 primum
3356 4990 3634 5065 diaconum

392 5068 880 5136 truncusLsemipes.

470 5135 595 5189 151.
617 5135 739 5190 Tria
762 5131 1069 5191 claudorum
1097 5148 1291 5203 genera
1320 5131 1591 5195 describit,
1623 5131 1785 5201 fracto
1813 5147 1964 5200 genu,

394 5214 576 5274 trunco
591 5221 760 5271 crure,
796 5208 1014 5259 breviore
1039 5205 1215 5274 planta
1233 5203 1413 5274 altera.

469 5273 589 5328 156.
622 5276 794 5341 Βοιι..
815 5277 867 5328 in
891 5271 1049 5328 unum
1071 5274 1355 5327 contrahat.
1380 5273 1555 5341 Egm.,
1579 5272 1633 5326 in
1652 5271 1827 5324 ulnam
1846 5286 1970 5323 con-

392 5342 571 5396 trahit.
608 5345 743 5399 Ulna
768 5354 853 5399 est
878 5360 940 5398 os
968 5343 1192 5399 brachii.

2070 5080 2198 5119 cura
2223 5055 2525 5133 pauperum'
2542 5066 2838 5134 spectabat,
2868 5055 2927 5120 ut
2955 5055 3190 5137 e_x__v_e'rs.
3226 5060 3296 5112 44
3334 5066 3509 5137 patet,_
3533 5055 3635 5110 Vo-

2070 5126 2247 5206 tasquc
2291 5126 2590 5206 dispensans
2634 5152 2775 5205 apes,
2822 5126 2876 5188 et
2918 5133 3182 5206 colligitur
3228 5144 3291 5184 ex
3336 5126 3535 5206 ‘concil.
3584 5139 3636 5178 tv

2068 5195 2248 5277 Carth.
2271 5195 2390 5258 can'.
2415 5205 2514 5259 17:
2543 5203 2608 5258 Ut
2630 5195 2894 5277 episcopus
2914 5195 3323 5277 gubernationem
3344 5195 3632 5277 viduarum,

2070 5275 2401 5344 pupillorum,
2433 5290 2493 5327 ac
2520 5264 3021 5344 peregrinorum'non
3042 5284 3131 5336 per
3159 5284 3209 5318 se
3228 5264 3525 5344 ipsum,_sed
3548 5278 3636 5329 per

2068 5332 2572 5413 archipresby'tcrum,
2591 5332 2675 5397 αιῖι
2696 5358 2783 5413 per
2804 5332 3379 5413 archidiaconus-agat.
3415 5332 3468 5412 ln
3493 5347 3637 5386 com-

467 5414 594 5469 158.
641 5414 837 5469 Weitz.
887 5414 1072 5468 scribit
1114 5423 1337 5470 asuetos.
1381 5411 1500 5479 quia
1550 5409 1620 5463 ita
1664 5409 1861 5483 invenit
1909 5407 1961 5483 in_
2069 5402 2232 5468 mcm'.
2270 5402 3158 5483 Ezechiel.cap.l8,llieronyinus
3185 5402 3293 5483 aiti
3328 5402 3428 5483 Qui
3452 5415 3636 5483 animus

386 5478 597 5536 Widm.
650 5486 804 5552 Saepe
841 5484 947 5538 dixi
989 5483 1376 5552 ineptismmum
1401 5475 1540 5553 'esse
1579 5495 1656 5553 est,
1691 5479 1843 5553 unius
1882 5479 1964 5532 vel
2066 5485 2218 5553 fuerit
2245 5475 2755 5553 ministrorum,_quia
2780 5495 2866 5546 per
2883 5475 3085 5543 singula
3107 5475 3441 5553 concionatur
3466 5475 3520 5522 in
3545 5486 3637 5553 po-

390 5557 613 5610 alterius
660 5542 861 5609 codicis
906 5542 1093 5607 errore
1139 5561 1342 5606 certam
1392 5549 1659 5604 scribendi
1706 5551 1963 5603 rationem
2066 5542 2237 5621 pulos,
2269 5562 2367 5605 eta
2397 5542 2656 5621 poutiﬁcis'
2672 5542 2825 5600 latere
2853 5560 2951 5599 non
2970 5542 3182 5612 recedit,
3204 5542 3445 5612 injuriam
3470 5548 3635 5611 putat,

382 5642 589 5751 “1'35.
622 5694 925 5749 Laudabilis
959 5692 1082 5747 olim
1114 5691 1229 5745 hac
1257 5698 1372 5745 erat
1401 5686 1748 5751 consuetudo,
1795 5694 1852 5739 ut
1878 5700 1964 5739 oc-

2066 5620 2109 5676 si
2135 5622 2390 5691 presbyter
2411 5620 2683 5674 ordinetur.
