4052 6184
344 245 445 300 3H7

582 362 764 430 Longo
793 368 848 416 et
874 359 1079 418 locatos
1107 361 1298 418 ordine

590 457 781 509 Astare
811 468 905 522 pro
930 453 1127 523 templo
1144 453 1319 521 jubet.

349 544 448 598 165
523 543 873 613 Prtescriptus
893 553 946 598 et
970 543 1081 612 jam
1109 542 1337 598 ﬂuxerat

588 633 710 687 Dies
733 650 744 684 :
772 632 984 687 furebat
1013 631 1222 686 fervido

582 725 753 779 iudex
785 739 978 780 avarus
1001 726 1191 794 spiritu
1208 764 1224 788 ,

589 813 854 869 Promissa
883 814 1020 870 solvi
1050 814 1368 882 efﬂagitans.

515 907 650 960 Tum
679 915 881 977 martyr
907 923 921 959 :
944 907 1182 962 Assistas
1211 906 1401 970 velim,

587 996 752 1066 905.
773 995 1073 1063 Coramque
1100 996 1372 1065 dispostas
1399 1011 1530 1068 opes

588 1085 799 1155 Mirere,
831 1100 966 1154 quas
996 1095 1182 1142 noster
1213 1087 1356 1142 Deus

588 1176 858 1241 Praedives
881 1178 934 1232 in
964 1177 1168 1232 sanctis
1196 1176 1378 1233 habet.

522 1267 737 1322 Videbis
766 1268 956 1338 ingens
979 1270 1178 1326 atrium

589 1358 817 1427 Fulgere
843 1359 988 1414 vasis
1014 1362 1216 1427 aureis,

588 1449 655 1504 Et
683 1465 778 1519 per
799 1460 1041 1519 patentes
1069 1453 1308 1522 porticus

592 1541 836 1598 Structos
860 1543 1074 1597 talentis
1104 1544 1346 1600 ordines.

516 1635 559 1688 lt
587 1635 696 1700 ille,
733 1649 831 1688 nec
853 1635 1015 1703 pudet
1042 1637 1217 1706 sequi.

587 1726 816 1780 Ventum
848 1726 915 1780 ad
939 1738 1204 1783 sacratam
1221 1729 1440 1798 januam
1465 1748 1480 1784 :

591 1816 815 1873 Stabant
843 1827 1070 1876 caterva:
1099 1835 1419 1893 pauperum,
1523 1812 1535 1824 ’

347 994 446 1045 ΙἾΙ

343 1451 444 1504 1T5

1426 248 1699 306 AURELII
1741 251 2105 312 PRUDENTH
2141 256 2465 316 CARMINA.

1947 375 1994 432 Λ
2029 373 2127 428 180

2028 1278 2132 1334 190

1952 1735 1998 1800 Β
2026 1731 2128 1788 195

2273 375 2473 432 Inculta
2505 379 2618 432 visu
2647 379 2916 434 examina.

2201 465 2405 536 Fragor
2431 480 2708 539 rogantum
2733 473 2974 526 tollitur:

2271 556 2562 614 Prmfectus
2591 560 3098 630 horrescit-stupens

2269 645 2574 704 Conversus
2601 651 2654 704 in
2687 651 3031 708 Laurentium
3049 696 3064 714 ,

2272 739 2556 810 Oculisque
2587 742 2809 796 turbatis
2841 745 3039 798 minax.

2029 825 2133 882 185
2203 827 2399 884 Contra
2422 831 2539 886 ille:
2567 832 2702 900 Quid
2731 833 3004 898 frendens,
3031 837 3137 900 ait,

2274 918 2576 974 Minitaris?
2603 933 2693 976 aut
2721 923 2848 992 quid
2874 924 3154 994 displicet?

2272 1007 2407 1062 Num
2432 1011 2646 1064 sordida
2669 1012 2802 1081 ha-c,
2827 1023 2918 1066 aut
2938 1014 3096 1068 vilia?

2269 1099 2405 1153 Num
2434 1100 2740 1169 despuenda
2767 1103 3081 1160 existimas?

2203 1188 2364 1260 905
2387 1191 2775 1261 Aurum,.quod
2803 1194 3053 1250 ardenter
3088 1195 3224 1260 sitis,

2272 1280 2479 1335 Eti‘ossa
2505 1283 2728 1351 gignunt
2751 1285 2971 1356 rudera;

2275 1371 2341 1424 Et
2366 1370 2434 1425 de
2459 1372 2690 1426 metallis
2718 1375 2974 1443 squalidis

2278 1459 2512 1517 Poenalis
2537 1463 2750 1518 excudit
2781 1465 2948 1519 labor.

2205 1551 2440 1607 Torrens
2467 1554 2551 1608 vel
2574 1557 2745 1610 amnis
2776 1557 3002 1611 turbidis

2271 1643 2504 1698 Volvens
2532 1647 2708 1701 arenis
2745 1647 3000 1716 implicat,

2271 1733 2422 1800 Quod
2451 1735 2797 1790 terrulentum
2824 1745 2886 1791 ac
2907 1721 3179 1793 sordidum

2277 1823 2532 1879 Flammis
2559 1839 2777 1882 necesse
2797 1835 2881 1882 est
2907 1827 3150 1898 decoqui.

1648 1949 1932 2007 GLOSS/E
1971 1951 2310 2010 VETERES.

415 2075 539 2148 161.
569 2075 674 2148 Pro
700 2079 918 2148 templo,
947 2095 1141 2143 coram,
1172 2077 1211 2132 Ι.

415 2145 536 2199 165.
572 2145 942 2221 l’raascriptus,
968 2168 1000 2203 a
1023 2151 1223 2221 judice,
1247 2149 1538 2219 deputatus.
1562 2179 1628 2190 -
1648 2150 1921 2214 Fluxerat,

343 2216 560 2277 ferta-rat,
598 2221 866 2282 prwteriit,
895 2220 937 2272 1.

417 2287 536 2356 168.
577 2286 906 2355 Efflagitans,
941 2288 1222 2356 postulans.
1259 2290 1298 2343 1.

417 2355 536 2426 169.
569 2357 700 2412 Τιισι
725 2355 950 2426 martyr,
983 2363 1158 2410 ait.—-
1179 2357 1433 2424 Assistas,
1463 2369 1537 2425 ut,
1573 2361 1609 2414 Ι.

419 2424 542 2496 170.
576 2424 893 2495 Coramque,
923 2431 1128 2496 palam,
1151 2429 1190 2481 l.

416 2495 540 2548 175.
567 2496 834 2562 Potentes,
867 2500 1082 2562 amplas,
1117 2495 1155 2550 i.

419 2563 542 2617 176.
573 2568 836 2629 Structus,
869 2572 1176 2634 cunmlatos,
1207 2569 1339 2624 Mar.

419 2633 542 2688 181.
577 2635 796 2704 Fragor,
829 2639 1041 2701 clamor,
1074 2641 1111 2691 I.

2104 2085 2227 2159 18?}.
2261 2086 2316 2159 in
2342 2085 2713 2159 Laurentium,
2744 2097 2922 2141 contra
2945 2088 3294 2159 Laurentium,
3324 2092 3363 2147 Ι.

2105 2155 2229 2210 188.
2263 2156 2598 2226 Despuenda,
2623 2161 3002 2226 contemnenda,
3032 2159 3071 2215 Ι.

2105 2226 2228 2279 189.
2264 2225 2412 2291 Sitis,
2445 2225 2724 2288 desideras,
2751 2226 2789 2280 1.

2104 2297 2227 2350 190.
2261 2295 2496 2361 Rudera,
2545 2297 2740 2362 arizzi,
2779 2298 2857 2351 vel
2897 2307 3136 2353 stercora.
3178 2301 3384 2357 Radere
3432 2305 3608 2357 dicunt

2035 2367 2309 2417 maceriam
2335 2367 2518 2430 ruinae,
2548 2366 2587 2420 Ι.

2109 2435 2234 2558 1192'.
2266 2435 2516 2502 Pazualis,
2545 2439 2726 2490 durus.
2773 2453 2846 2479 α-
2892 2437 3151 2505 Excudit,
3180 2441 3428 2511 fabricat,
3457 2460 3609 2498 exco-

2109 2522 2162 2558 l.
2221 2546 2233 2558 .

2032 2507 2162 2574 quit,
2193 2507 2233 2558 1.

2108 2576 2230 2630 194.
2264 2578 2477 2642 Arenis,
2508 2577 2637 2630 sicut
2667 2575 2910 2632 Pactolus
2926 2587 2972 2632 et
2992 2580 3104 2645 alii,
3129 2580 3169 2635 Ι.

1694 2731 2252 2788 COMMENTARIUS.

415 2873 538 2929 165.
589 2873 806 2928 Teolius
847 2871 1106 2940 lgnatiunt
1157 2868 1384 2924 Comum
1434 2872 1727 2938 impugnat,
1782 2871 1924 2940 quod

344 2944 692 2996 aliirmaverit
735 2940 1078 2994 Prudentium
1103 2941 1153 2993 in
1174 2940 1254 2994 his
1275 2955 1455 2994 rerum
1480 2940 1743 3008 adjunctis
1767 2955 1925 2993 enar-

344 3013 526 3066 randis
553 3012 710 3080 paulo
736 3010 890 3064 aliter
915 3023 977 3062 ac
1007 3009 1058 3080 in
1087 3009 1232 3062 Aetis
1247 3010 1580 3080 referuntur,
1603 3019 1694 3063 aut
1719 3011 1924 3077 poetica

345 3078 567 3147 licentia
597 3081 843 3141 abusum,
889 3091 994 3131 aut‘
1017 3078 1174 3147 longe
1211 3079 1277 3132 ab
1308 3079 1450 3133 Urbe
1482 3080 1619 3132 binis
1661 3088 1922 3134 remotum

347 3144 570 3217 Alpibus
620 3165 753 3213 rem,
804 3149 878 3202 uti
923 3144 1135 3212 accidit,
1183 3162 1285 3201 non
1327 3150 1458 3202 bene
1502 3150 1777 3204 didicisse.
1812 3152 1924 3205 Etsi

347 3233 523 3275 autem
543 3220 930 3287 descriptiones
951 3219 1172 3288 poeticae
1191 3219 1510 3274 amoeniores
1532 3219 1925 3274 narrationibus

2032 2871 2270 2935 spositas,
2303 2869 2442 2938 quod
2471 2883 2501 2922 a
2541 2878 2710 2924 metro
2736 2870 2952 2924 minime
2974 2869 3258 2938 respuitur.
3295 2871 3604 2930 Parrhasius

2032 2939 2200 2993 edidit
2227 2940 2523 3013 dispositas,
2549 2941 2599 2993 in
2630 2939 3091 3013 emendationibus
3115 2942 3418 3010 subrogavit
3438 2944 3607 3013 dispo-

2032 3009 2509 3086 stas._guo_d_aures
2538 3011 2713 3086 magis
2731 3013 2978 3076 probant.
3055 3078 3069 3086 _
3093 3069 3136 3086 ι.

2109 3079 2232 3132 172.
2260 3079 2436 3134 Utitur
2461 3078 2782 3135 Laurentius
2809 3095 2939 3135 voce
2967 3078 3212 3148 ambigua
3248 3082 3460 3145 sanctis,
3503 3100 3606 3149 qua

2034 3147 2254 3217 intelligi
2295 3160 2513 3217 possent
2553 3152 2784 3203 sacraria
2825 3160 2878 3203 et
2906 3147 3190 3205 secretaria
3221 3153 3482 3210 ecclosiae.
3513 3147 3610 3207 seu

2033 3233 2177 3282 arca,
2203 3219 2284 3274 vel
2314 3219 2472 3290 etiam
2503 3221 2672 3284 ipsum
2698 3221 2971 3285 templum,
2994 3228 3048 3274 et
3067 3221 3602 3290 simulsignilicantut

348 3292 616 3346 historicis
654 3276 776 3360 esse
809 3276 1277 3360 debeanthtamen
1315 3290 1359 3344 si
1399 3301 1500 3360 qua
1533 3290 1601 3360 sit
1633 3289 1696 3360 in
1725 3305 1782 3344 re
1810 3289 1922 3357 ipsa
1954 3276 2001 3339 C
2033 3276 2291 3356 pauperes
2326 3276 2618 3343 CbriSti'ani
2647 3307 2663 3346 :
2696 3276 2838 3360 nam.
2881 3276 3207 3346 ut'eonstitit
3245 3276 3320 3344 ad“
3343 3305 3481 3346 vers.
3515 3294 3607 3360 80,

346 3363 607 3425 varietas,
641 3359 773 3428 tides
802 3360 978 3428 ponus
1007 3358 1305 3412 adhibenda
1332 3365 1418 3411 est
1448 3359 1739 3414 Prudentia
1766 3374 1928 3428 quam

348 3431 492 3486 Actis
521 3431 822 3500 anonymis.
869 3430 999 3483 Nam
1035 3429 1174 3496 quod
1217 3429 1290 3481 ait
1321 3428 1537 3492 Cornus,
1581 3430 1928 3484 Prudentium

348 3502 490 3556 hunc
515 3501 766 3570 hymnum
797 3500 990 3554 fecisse
1010 3501 1282 3570 juvenem,
1306 3505 1361 3552 et
1387 3509 1671 3566 antequam
1704 3500 1928 3554 Romam

347 3568 605 3642 venisset,
630 3580 683 3624 et
707 3581 859 3642 poeta
879 3569 1152 3642 palatinos
1184 3568 1374 3623 fuisset
1402 3571 1756 3642 renuntiatus,
1777 3586 1931 3642 nugae

348 3639 432 3696 ita:
458 3652 579 3695 sunt
601 3643 716 3694 sine
742 3640 846 3694 ullo
875 3640 1067 3693 idoneo
1097 3648 1314 3693 auctore
1343 3641 1580 3706 prolatae.

421 3713 546 3767 164.
578 3711 726 3764 Nunc
751 3713 825 3763 ait
845 3725 937 3769 pro
963 3710 1171 3777 templo,
1203 3719 1387 3776 postea
1422 3723 1562 3764 vers.
1598 3711 1720 3772 173.
1753 3712 1930 3777 ingens

347 3783 568 3845 atrium;
619 3796 762 3834 vers.
798 3781 919 3842 175,
971 3797 1060 3847 per
1086 3788 1309 3849 patentes
1347 3781 1604 3850 porticus,-
1631 3795 1773 3835 vers.
1806 3782 1926 3846 178,

347 3852 827 3922 sacratamjanuam
855 3866 874 3905 :
895 3858 1015 3918 qua:
1037 3851 1211 3922 omnia
1238 3849 1469 3922 probant
1501 3849 1684 3922 Roma;
1710 3850 1928 3905 domum

345 3927 575 3983 amplam
607 3919 769 3976 fuisse
799 3923 850 3975 in
880 3937 1037 3990 quam
1065 3919 1354 3974 Christiani
1389 3929 1546 3974 aetate
1572 3921 1630 3973 S.
1662 3920 1929 3976 Laurentii

346 3993 768 4055 conveniebant;
811 4002 866 4046 et
901 4003 1020 4054 qum
1053 3998 1179 4044 tunc
1204 3991 1392 4043 saltem
1422 4002 1449 4041 a
1490 3991 1742 4056 praelecto
1773 3991 1930 4046 Urbis

346 4064 506 4117 fuerit
527 4064 759 4132 cognita.
791 4059 1102 4125 Huiusmodi
1133 4059 1277 4114 mdes
1303 4073 1470 4132 sacrae
1499 4075 1527 4112 a
1562 4060 1749 4132 primis
1775 4060 1932 4114 Chri-

345 4133 530 4187 stianis
566 4129 668 4186 non
720 4133 1125 4201 appellabantur
1167 4130 1432 4199 templum,
1479 4129 1619 4196 quod
1670 4131 1792 4201 hinc,
1827 4137 1929 4183 vos

347 4205 527 4270 nescio
566 4203 691 4270 quid
732 4200 1152 4254 consecrationis
1194 4214 1408 4268 pagante
1442 4201 1723 4270 indicaret.
1769 4200 1842 4252 De
1869 4214 1930 4254 re

347 4265 502 4340 plfne
541 4265 768 4324 constat.
821 4272 900 4324 Ad
943 4287 957 4322 ι
995 4265 1522 4340 sa'cnlum'pertinet
1561 4269 1701 4338 quod
1746 4280 1931 4324 auctor

349 4338 715 4410 its-cognition.
750 4340 802 4392 in
835 4343 927 4392 lin.
955 4339 1121 4394 refert
1147 4357 1164 4410 :7
1191 4338 1527 4410 Theophilus.
1554 4340 1642 4408 qui
1664 4349 1771 4392 erat
1801 4355 1931 4392 cun-

347 4413 439 4464 ctis
468 4409 750 4477 potentibus
777 4411 832 4462 in
855 4412 1056 4464 civitate
1085 4409 1370 4471 sublimior,
1395 4411 1575 4461 domus
1601 4425 1709 4463 sua:
1746 4411 1928 4480 ingen-

347 4489 446 4534 tem
477 4480 739 4535 basilicam
765 4481 991 4534 ecclesia:
1030 4480 1230 4534 nomine
1267 4480 1596 4533 consecravit.
1645 4480 1928 4544 Eusebius,

348 4551 438 4625 |_i_b.
469 4565 582 4625 vnt,
601 4551 804 4625 Acap._1_,
830 4550 1460 4625 narrathristianorum
1485 4563 1767 4625 numerum
1790 4552 1930 4625 inter

2035 3369 2337 3413 sanctorum
2386 3361 2674 3428 appellatio
2709 3358 3022 3414 Christianis
3059 3361 3306 3414 omnibus
3342 3358 3609 3416 tribuetis;

2036 3439 2122 3482 tur
2145 3445 2160 3483 :
2190 3430 2436 3483 Sanctum
2469 3445 2563 3496 pro
2591 3431 2785 3499 templo
2809 3445 2919 3499 non
2950 3440 3032 3484 est
3059 3446 3158 3483 vox
3182 3431 3352 3484 solum
3379 3431 3441 3484 ad
3468 3433 3609 3485 Lati.

2035 3499 2259 3554 nitatem
2285 3498 2712 3571 inscriptionum
2735 3498 3034 3565 referenda,
3074 3501 3210 3567 quod
3247 3504 3480 3555 nonnulli
3513 3518 3609 3571 pu-

2034 3569 2499 3641 taruntLPersius
2541 3585 2639 3640 pro
2685 3571 2882 3638 templo
2924 3573 3098 3636 posuit
3132 3581 3363 3633 sanctum
3405 3569 3606 3641 satis,

2032 3652 2172 3710 vers.
2201 3638 2308 3710 69“:
2336 3638 2522 3710 Dicite,
2542 3638 2890 3710 pontiﬁces,in
2911 3649 3088 3694 sancto
3114 3641 3234 3710 quid
3256 3641 3378 3710 facit
3401 3638 3602 3697 aurum.

2105 3709 2230 3765 181.
2257 3707 2487 3764 Hailsbr.
2510 3750 2524 3773 ,
2542 3707 2749 3778 fragor,
2781 3723 2940 3778 supra
2967 3707 3183 3764 clamor.

2109 3778 2230 3834 185.
2264 3780 2446 3843 Prag.,
2473 3795 2741 3834 conversus
2767 3780 2856 3833 ad.

2105 3848 2228 3903 ist.
2263 3849 2318 3902 In
2360 3835 2517 3917 Μάνη
2564 3851 2703 3904 Vatt.
2743 3851 2811 3916 A,
2871 3850 2933 3916 Β,
2976 3849 3098 3904 Rat.
3137 3835 3474 3906 desiderattir
3515 3865 3607 3918 que

2033 3927 2154 3986 post
2188 3919 2370 3973 oculis.

2106 3990 2230 4061 185.
2263 3990 2452 4061 Marsa
2481 3989 2648 4056 prima
2674 4003 2855 4061 manu,
2885 3985 3110 4052 Wldm..
3137 3991 3259 4056 quid
3291 3992 3488 4061 furens.

2106 4059 2230 4114 186.
2265 4059 2580 4115 Parrhasius
2620 4060 2923 4115 emendavit
2969 4061 3180 4115 minaris
3202 4078 3222 4114 .°
3252 4059 3346 4117 sed
3388 4063 3604 4131 probum

2033 4139 2113 4184 est
2138 4132 2410 4183 minitaris.

2108 4201 2231 4271 18.8.
2263 4200 2332 4271 Pa
2342 4200 2591 4271 rrhasius
2605 4200 2792 4255 scribit
2811 4201 3113 4271 dispuenda.

2106 4270 2227 4324 189.
2261 4269 2338 4325 De
2367 4270 2453 4324 siti
2485 4270 2595 4324 auri
2621 4271 2739 4324 vide
2763 4269 2902 4326 vers.
2927 4273 3016 4326 45.

2107 4339 2229 4395 190.
2264 4341 2411 4395 Siclt.
2443 4351 2683 4394 stercora.
2741 4342 2930 4395 iietine
2957 4341 3164 4405 rudera,
3194 4338 3374 4396 Codex
3420 4342 3605 4395 Ambr.

2035 4409 2229 4464 scribit
2267 4410 2488 4476 o/fossa,
2517 4407 2658 4480 quod
2707 4409 2962 4466 damnare
2989 4427 3093 4464 non
3131 4411 3292 4466 audet
3322 4411 3604 4474 lleinsim;

2035 4495 2156 4534 nam
2185 4481 2240 4534 in
2271 4481 2574 4534 veterrimis
2607 4479 2836 4534 Maronis
2882 4481 3276 4549 exemplaribus
3315 4491 3608 4536 occurrunt

2035 4550 2282 4619 o/fugere,
2306 4549 2574 4621 o/fulgere,
2601 4549 2782 4617 o/fore,
2806 4550 2996 4621 obvolvi
3019 4552 3144 4612 aris,
3169 4561 3222 4604 et
3243 4553 3454 4606 similia.
3476 4551 3607 4604 Vide

351 4620 612 4703 Valeriani
636 4621 1034 4711 etlgiocletiani
1066 4621 1488 4701 persecutionem
1511 4619 1927 4711 atleo‘erevisse,
1957 4650 2012 4711 Β
2035 4621 2333 4703 Comment.
2355 4619 2455 4711 lati
2474 4623 2809 4711 versuum:
2829 4620 3279 4711 Psy.chon.iaclii:e.
3307 4623 3390 4711 11ηι
3427 4622 3606 4687 glossa

345 4697 402 4743 ut
427 4692 606 4771 priscis
627 4691 867 4771 adificiis
880 4694 994 4771 ja_m
1016 4707 1120 4771 non
1147 4691 1388 4771 contenti,
1416 4691 1470 4744 in
1489 4690 1707 4761 singulis
1729 4691 1932 4771 urbibus
1957 4690 2010 4711 ν
2033 4691 2194 4744 ανίκὶ
2219 4691 2534 4771 vocabul-nm
2565 4690 2810 4771 cst-quod
2859 4690 3031 4745 selum
3066 4691 3274 4746 Isonem
3306 4691 3466 4747 habet
3508 4707 3607 4744 au-

343 4763 594 4825 spatiosas
642 4765 704 4814 ab
751 4762 879 4830 ipsis
927 4761 1272 4829 fundamentis
1316 4769 1627 4815 exstruerem
1674 4763 1931 4816 ecclesias.

343 4832 569 4898 Optatos
592 4833 927 4887 Milevitanus
951 4830 1042 4883 lib.
1070 4841 1086 4881 ι
1112 4833 1333 4883 testatur
1357 4840 1479 4883 ante
1501 4833 1930 4898 persecutionem

347 4903 663 4956 Diocletiani
713 4902 962 4955 basilicas
1009 4901 1187 4967 plures
1239 4901 1402 4953 fuisse
1447 4915 1566 4968 qua:
1614 4899 1932 4956 Christianis

343 4973 533 5026 ablata:
563 4983 707 5037 sunt,
742 4981 922 5040 postea
953 4970 1247 5040 restitutae.
1270 4968 1344 5023 De
1383 4970 1625 5023 ccclesiis
1655 4971 1708 5024 in
1748 4973 1932 5024 ultima

349 5039 1123 5098 persecutione’Diocletianea
1173 5039 1289 5090 solo
1337 5040 1559 5102 multatis
1609 5041 1806 5106 passim
1858 5041 1936 5095 lo-

343 5122 580 5180 thuntur
600 5113 886 5174 Arnobius,
905 5111 1233 5181 Lactantius,
1252 5108 1932 5181 Eusebius,“ierunymus,

347 5177 695 5252 Augustinus,
723 5184 1117 5252 Theodoretus,
1151 5177 1354 5252 Gilda_s,
1386 5187 1441 5230 et
1465 5179 1574 5252 alii.

419 5247 540 5308 1'65.
575 5255 688 5308 Gis.
715 5270 773 5307 en
786 5256 905 5321 jam
927 5265 947 5304 :
972 5249 1027 5307 in
1053 5254 1220 5319 prima
1247 5247 1360 5312 ed.,
1383 5257 1429 5300 et
1453 5250 1591 5317 jam,
1621 5249 1763 5319 quod
1804 5250 1932 5306 reli-

385 5323 437 5378 ui
467 5325 682 5378 habent.

345 5337 437 5392 qut
468 5337 682 5378 habent.

419 5394 541 5450 166.
567 5395 712 5459 Ald.,
745 5395 890 5454 Put.,
919 5388 1119 5450 Oxon.,
1150 5389 1374 5459 [ewidus
1397 5387 1572 5459 Judea:
1599 5403 1754 5442 avaro
1777 5405 1795 5442 :
1819 5388 1934 5456 ple-

349 5464 522 5533 rique,
564 5457 727 5519 ctiam
757 5463 1025 5521 Heinsius.
1069 5471 1122 5515 et
1150 5457 1500 5526 Parrhasius,
1530 5457 1725 5526 fervido
1762 5460 1935 5513 Iudex

341 5549 545 5589 manu.

420 5606 542 5657 170.
568 5603 714 5663 ΑΜ..
753 5601 927 5666 Sich.,
968 5603 1124 5662 Man,
1156 5609 1208 5654 et
1245 5597 1486 5653 nonnulli
1531 5597 1616 5649 alii
1649 5614 1767 5660 eum
1797 5597 1934 5662 Gis.,

353 5671 572 5733 Μία..
604 5673 878 5734 dispostas.
914 5671 1292 5740 Castigatiorcs
1322 5669 1616 5734 Heinsiani,
1647 5671 1832 5735 Alcs.,
1858 5673 1938 5722 di.

2036 4773 2239 4816 ctorem
2265 4760 2404 4826 apud
2435 4760 2783 4829 Ducanginm.

2108 4829 2232 4886 192.
2275 4829 2406 4883 Mar.
2447 4845 2477 4884 a
2507 4832 2676 4898 prima
2708 4844 2899 4895 manu,
2930 4829 3109 4900 Prag.,
3148 4830 3317 4893 Rott.,
3357 4830 3603 4884 excludit.

2038 4901 2154 4956 Vox
2203 4900 2416 4967 poenalis
2445 4901 2670 4964 Paulini,
2721 4901 2989 4968 Prosperi,
3021 4901 3244 4965 Sedulii,
3279 4903 3417 4954 Aviti
3447 4911 3500 4954 et
3529 4903 3608 4953 si-

2035 4973 2241 5026 milium
2269 4980 2368 5026 cst.
2401 4970 2765 5024 Tertullianus
2795 4973 2951 5022 etiam
2983 4970 3050 5024 de
3077 4973 3260 5026 eadem
3297 4987 3356 5025 re
3385 4986 3503 5038 cap.
3535 4973 3606 5023 27

2038 5043 2298 5110 Apolog.:
2330 5040 2513 5112 Itaque
2540 5057 2654 5113 cum
2684 5042 2788 5113 rice
2809 5041 3158 5094 rebellantium
3197 5047 3564 5113 ergastulorum
3588 5082 3604 5104 ,

2038 5113 2140 5164 sive
2169 5111 2450 5177 carcerum,
2479 5112 2556 5164 vel
2584 5111 2934 5172 metallorum,
2969 5114 3044 5164 vel
3070 5113 3163 5165 hoc
3189 5111 3344 5180 genus
3393 5113 3607 5180 pinnula

2040 5182 2290 5233 servitutis
2313 5189 2587 5253 erumpunt
2623 5183 2862 5253 adversus
2892 5197 3001 5253 nos.
3037 5181 3110 5236 De
3138 5198 3245 5251 quo
3273 5197 3466 5253 genere
3495 5196 3605 5250 ντες

2040 5265 2125 5303 nae
2154 5260 2314 5316 agunt
2337 5251 2614 5305 Gallonius
2634 5261 2688 5305 et
2713 5251 3046 5311 Sagittarius.

2115 5320 2236 5374 195.
2281 5320 2423 5385 llat.',
2461 5323 2648 5386 Bona"
2672 5321 2893 5383 Widtu.,
2929 5332 2974 5373 et
3001 5321 3163 5373 onmis
3194 5337 3288 5389 pro
3315 5323 3390 5375 vel
3419 5322 3603 5375 amnis.

2045 5388 2160 5441 Vat.
2197 5393 2261 5454 Α,
2289 5391 2460 5454 Eam.,
2493 5391 2783 5444 llailsbr.'a
2817 5394 2979 5458 prima
3012 5388 3461 5453 tn:mn,’turbidus.

2113 5459 2234 5515 195.
2271 5459 2378 5514 Ilac
2405 5476 2535 5531 voce
2575 5461 2878 5516 terrulentus
2902 5475 3029 5513 usus
3070 5463 3227 5515 etiam
3269 5475 3346 5516 est
3376 5463 3426 5515 in
3453 5459 3601 5531 prati.

2045 5527 2305 5589 Hamart.,
2335 5545 2473 5584 vers.
2497 5529 2547 5583 5.

2119 5600 2236 5654 196.
2263 5599 2520 5653 Weitzius
2563 5600 2749 5656 scribit
2797 5601 3044 5670 dequoqut'
3089 5615 3206 5655 cum
3247 5601 3471 5656 lloilsbr.
3505 5598 3602 5654 Alii

2045 5680 2211 5735 recte,
2244 5671 2470 5735 decoqui.
