  <div class='ocr_page' id='page_1' title='image "/cluster/home/n/w/nwhite01/storage/ocr_20150623/60/hvd.32044054758677/168.png"; bbox 0 0 4052 6184; ppageno 0'>
   <div class='ocr_carea' id='block_1_1' title="bbox 285 322 381 380">
    <p class='ocr_par' dir='ltr' id='par_1_1' title="bbox 285 322 381 380">
     <span class='ocr_line' id='line_1_1' title="bbox 285 322 381 380; baseline 0.042 -3"><span class='ocrx_word' id='word_1_1' title='bbox 285 322 381 380; x_wconf 78' lang='lat'><strong>509</strong></span> 
     </span>
    </p>
   </div>
   <div class='ocr_carea' id='block_1_2' title="bbox 529 531 1250 602">
    <p class='ocr_par' dir='ltr' id='par_1_2' title="bbox 529 531 1250 602">
     <span class='ocr_line' id='line_1_2' title="bbox 529 531 1250 602; baseline 0.004 -20"><span class='ocrx_word' id='word_1_2' title='bbox 529 531 768 584; x_wconf 81' lang='lat' dir='ltr'><strong>Violatur</strong></span> <span class='ocrx_word' id='word_1_3' title='bbox 792 545 924 584; x_wconf 91' lang='lat' dir='ltr'><strong>auro</strong></span> <span class='ocrx_word' id='word_1_4' title='bbox 955 531 1250 602; x_wconf 76' lang='lat' dir='ltr'><strong>integritas,</strong></span> 
     </span>
    </p>
   </div>
   <div class='ocr_carea' id='block_1_3' title="bbox 535 619 1240 688">
    <p class='ocr_par' dir='ltr' id='par_1_3' title="bbox 535 619 1240 688">
     <span class='ocr_line' id='line_1_3' title="bbox 535 619 1240 688; baseline 0.006 -16"><span class='ocrx_word' id='word_1_5' title='bbox 535 619 640 675; x_wconf 77' lang='lat' dir='ltr'><strong>Pax</strong></span> <span class='ocrx_word' id='word_1_6' title='bbox 666 621 882 685; x_wconf 90' lang='lat' dir='ltr'><strong>occidit,</strong></span> <span class='ocrx_word' id='word_1_7' title='bbox 911 621 1041 676; x_wconf 80' lang='lat' dir='ltr'><strong>ﬁdes</strong></span> <span class='ocrx_word' id='word_1_8' title='bbox 1072 623 1240 688; x_wconf 88' lang='lat' dir='ltr'><strong>perit,</strong></span> 
     </span>
    </p>
   </div>
   <div class='ocr_carea' id='block_1_4' title="bbox 527 712 1281 782">
    <p class='ocr_par' dir='ltr' id='par_1_4' title="bbox 527 712 1281 782">
     <span class='ocr_line' id='line_1_4' title="bbox 527 712 1281 782; baseline 0.001 -16"><span class='ocrx_word' id='word_1_9' title='bbox 527 713 694 782; x_wconf 83' lang='lat' dir='ltr'><strong>Leges</strong></span> <span class='ocrx_word' id='word_1_10' title='bbox 718 721 772 766; x_wconf 93' lang='lat' dir='ltr'><strong>et</strong></span> <span class='ocrx_word' id='word_1_11' title='bbox 791 713 920 782; x_wconf 62' lang='lat' dir='ltr'><strong>ipsa!</strong></span> <span class='ocrx_word' id='word_1_12' title='bbox 943 712 1281 768; x_wconf 88' lang='lat' dir='ltr'><strong>intercidunt.</strong></span> 
     </span>
    </p>
   </div>
   <div class='ocr_carea' id='block_1_5' title="bbox 449 805 1163 874">
    <p class='ocr_par' dir='ltr' id='par_1_5' title="bbox 449 805 1163 874">
     <span class='ocr_line' id='line_1_5' title="bbox 449 805 1163 874; baseline 0 -16"><span class='ocrx_word' id='word_1_13' title='bbox 449 805 586 871; x_wconf 82' lang='lat' dir='ltr'><strong>Quid</strong></span> <span class='ocrx_word' id='word_1_14' title='bbox 618 815 672 858; x_wconf 93' lang='lat' dir='ltr'><strong>tu</strong></span> <span class='ocrx_word' id='word_1_15' title='bbox 695 819 958 859; x_wconf 86' lang='lat' dir='ltr'><strong>venenum</strong></span> <span class='ocrx_word' id='word_1_16' title='bbox 979 805 1163 874; x_wconf 71' lang='lat' dir='ltr'><strong>gloria:</strong></span> 
     </span>
    </p>
   </div>
   <div class='ocr_carea' id='block_1_6' title="bbox 530 895 1254 964">
    <p class='ocr_par' dir='ltr' id='par_1_6' title="bbox 530 895 1254 964">
     <span class='ocr_line' id='line_1_6' title="bbox 530 895 1254 964; baseline -0.004 -14"><span class='ocrx_word' id='word_1_17' title='bbox 530 896 752 950; x_wconf 75' lang='lat' dir='ltr'><strong>Extollis</strong></span> <span class='ocrx_word' id='word_1_18' title='bbox 780 904 834 951; x_wconf 90' lang='lat' dir='ltr'><strong>et</strong></span> <span class='ocrx_word' id='word_1_19' title='bbox 863 895 1034 964; x_wconf 83' lang='lat' dir='ltr'><strong>magni</strong></span> <span class='ocrx_word' id='word_1_20' title='bbox 1059 895 1254 964; x_wconf 80' lang='lat' dir='ltr'><strong>putas?</strong></span> 
     </span>
    </p>
   </div>
   <div class='ocr_carea' id='block_1_7' title="bbox 533 987 1253 1054">
    <p class='ocr_par' dir='ltr' id='par_1_7' title="bbox 533 987 1253 1054">
     <span class='ocr_line' id='line_1_7' title="bbox 533 987 1253 1054; baseline -0.007 -10"><span class='ocrx_word' id='word_1_21' title='bbox 533 989 589 1044; x_wconf 88' lang='lat' dir='ltr'><strong>Si</strong></span> <span class='ocrx_word' id='word_1_22' title='bbox 621 989 816 1054; x_wconf 66' lang='lat' dir='ltr'><strong>quieris</strong></span> <span class='ocrx_word' id='word_1_23' title='bbox 844 1003 1032 1040; x_wconf 85' lang='lat' dir='ltr'><strong>aurum</strong></span> <span class='ocrx_word' id='word_1_24' title='bbox 1057 987 1253 1052; x_wconf 90' lang='lat' dir='ltr'><strong>verius,</strong></span> 
     </span>
    </p>
   </div>
   <div class='ocr_carea' id='block_1_8' title="bbox 526 1077 1575 1151">
    <p class='ocr_par' dir='ltr' id='par_1_8' title="bbox 526 1077 1575 1151">
     <span class='ocr_line' id='line_1_8' title="bbox 526 1077 1575 1151; baseline 0 -19"><span class='ocrx_word' id='word_1_25' title='bbox 526 1081 690 1151; x_wconf 76' lang='lat'><strong>906</strong></span> <span class='ocrx_word' id='word_1_26' title='bbox 717 1079 830 1132; x_wconf 79' lang='lat' dir='ltr'><strong>Lux</strong></span> <span class='ocrx_word' id='word_1_27' title='bbox 860 1087 960 1142; x_wconf 85' lang='lat' dir='ltr'><strong>est,</strong></span> <span class='ocrx_word' id='word_1_28' title='bbox 993 1089 1048 1132; x_wconf 90' lang='lat' dir='ltr'><strong>et</strong></span> <span class='ocrx_word' id='word_1_29' title='bbox 1075 1077 1362 1132; x_wconf 87' lang='lat' dir='ltr'><strong>humanum</strong></span> <span class='ocrx_word' id='word_1_30' title='bbox 1391 1093 1575 1148; x_wconf 85' lang='lat' dir='ltr'><strong>genus.</strong></span> 
     </span>
    </p>
   </div>
   <div class='ocr_carea' id='block_1_9' title="bbox 285 1172 1160 1232">
    <p class='ocr_par' dir='ltr' id='par_1_9' title="bbox 285 1172 1160 1232">
     <span class='ocr_line' id='line_1_9' title="bbox 285 1172 1160 1232; baseline -0.009 -1"><span class='ocrx_word' id='word_1_31' title='bbox 285 1179 383 1232; x_wconf 80' lang='grc'><strong>205</strong></span> <span class='ocrx_word' id='word_1_32' title='bbox 457 1173 522 1230; x_wconf 85' lang='lat' dir='ltr'><strong>Hi</strong></span> <span class='ocrx_word' id='word_1_33' title='bbox 545 1182 666 1227; x_wconf 88' lang='lat' dir='ltr'><strong>sunt</strong></span> <span class='ocrx_word' id='word_1_34' title='bbox 693 1172 890 1226; x_wconf 81' lang='lat' dir='ltr'><strong>alumni</strong></span> <span class='ocrx_word' id='word_1_35' title='bbox 923 1172 1160 1232; x_wconf 85' lang='lat' dir='ltr'><strong>luminis.</strong></span> 
     </span>
    </p>
   </div>
   <div class='ocr_carea' id='block_1_10' title="bbox 524 1260 1295 1331">
    <p class='ocr_par' dir='ltr' id='par_1_10' title="bbox 524 1260 1295 1331">
     <span class='ocr_line' id='line_1_10' title="bbox 524 1260 1295 1331; baseline 0.001 -14"><span class='ocrx_word' id='word_1_36' title='bbox 524 1267 665 1330; x_wconf 80' lang='lat' dir='ltr'><strong>Quos</strong></span> <span class='ocrx_word' id='word_1_37' title='bbox 694 1277 886 1331; x_wconf 90' lang='lat' dir='ltr'><strong>corpus</strong></span> <span class='ocrx_word' id='word_1_38' title='bbox 909 1269 1080 1316; x_wconf 87' lang='lat' dir='ltr'><strong>arctat</strong></span> <span class='ocrx_word' id='word_1_39' title='bbox 1099 1260 1295 1330; x_wconf 88' lang='lat' dir='ltr'><strong>debile,</strong></span> 
     </span>
    </p>
   </div>
   <div class='ocr_carea' id='block_1_11' title="bbox 525 1354 1253 1424">
    <p class='ocr_par' dir='ltr' id='par_1_11' title="bbox 525 1354 1253 1424">
     <span class='ocr_line' id='line_1_11' title="bbox 525 1354 1253 1424; baseline -0.001 -15"><span class='ocrx_word' id='word_1_40' title='bbox 525 1355 602 1410; x_wconf 83' lang='lat' dir='ltr'><strong>Ne</strong></span> <span class='ocrx_word' id='word_1_41' title='bbox 629 1370 720 1424; x_wconf 88' lang='lat' dir='ltr'><strong>per</strong></span> <span class='ocrx_word' id='word_1_42' title='bbox 739 1354 964 1409; x_wconf 83' lang='lat' dir='ltr'><strong>salutem</strong></span> <span class='ocrx_word' id='word_1_43' title='bbox 989 1355 1253 1408; x_wconf 82' lang='lat' dir='ltr'><strong>viseerum</strong></span> 
     </span>
    </p>
   </div>
   <div class='ocr_carea' id='block_1_12' title="bbox 525 1445 1246 1512">
    <p class='ocr_par' dir='ltr' id='par_1_12' title="bbox 525 1445 1246 1512">
     <span class='ocr_line' id='line_1_12' title="bbox 525 1445 1246 1512; baseline -0.004 -13"><span class='ocrx_word' id='word_1_44' title='bbox 525 1446 672 1500; x_wconf 76' lang='lat' dir='ltr'><strong>Mens</strong></span> <span class='ocrx_word' id='word_1_45' title='bbox 701 1445 988 1499; x_wconf 81' lang='lat' dir='ltr'><strong>insolescat</strong></span> <span class='ocrx_word' id='word_1_46' title='bbox 1019 1445 1246 1512; x_wconf 83' lang='lat' dir='ltr'><strong>turgida.</strong></span> 
     </span>
    </p>
   </div>
   <div class='ocr_carea' id='block_1_13' title="bbox 453 1514 1334 1604">
    <p class='ocr_par' dir='ltr' id='par_1_13' title="bbox 453 1514 1334 1604">
     <span class='ocr_line' id='line_1_13' title="bbox 453 1514 1334 1604; baseline -0.005 -13"><span class='ocrx_word' id='word_1_47' title='bbox 453 1534 584 1591; x_wconf 87' lang='lat' dir='ltr'><strong>Cum</strong></span> <span class='ocrx_word' id='word_1_48' title='bbox 611 1514 848 1590; x_wconf 74' lang='lat' dir='ltr'><strong>membra</strong></span> <span class='ocrx_word' id='word_1_49' title='bbox 873 1533 1091 1588; x_wconf 89' lang='lat' dir='ltr'><strong>morbus</strong></span> <span class='ocrx_word' id='word_1_50' title='bbox 1115 1534 1334 1604; x_wconf 86' lang='lat' dir='ltr'><strong>disjicit,</strong></span> 
     </span>
    </p>
   </div>
   <div class='ocr_carea' id='block_1_14' title="bbox 525 1627 1244 1696">
    <p class='ocr_par' dir='ltr' id='par_1_14' title="bbox 525 1627 1244 1696">
     <span class='ocr_line' id='line_1_14' title="bbox 525 1627 1244 1696; baseline -0.006 -14"><span class='ocrx_word' id='word_1_51' title='bbox 525 1629 746 1682; x_wconf 62' lang='lat' dir='ltr'><strong>Animus</strong></span> <span class='ocrx_word' id='word_1_52' title='bbox 769 1627 912 1696; x_wconf 88' lang='lat' dir='ltr'><strong>viget</strong></span> <span class='ocrx_word' id='word_1_53' title='bbox 935 1627 1206 1682; x_wconf 90' lang='lat' dir='ltr'><strong>robustior</strong></span> <span class='ocrx_word' id='word_1_54' title='bbox 1233 1644 1244 1678; x_wconf 90' lang='lat'>:</span> 
     </span>
    </p>
   </div>
   <div class='ocr_carea' id='block_1_15' title="bbox 533 1717 1292 1775">
    <p class='ocr_par' dir='ltr' id='par_1_15' title="bbox 533 1717 1292 1775">
     <span class='ocr_line' id='line_1_15' title="bbox 533 1717 1292 1775; baseline 0.001 -3"><span class='ocrx_word' id='word_1_55' title='bbox 533 1719 782 1774; x_wconf 78' lang='lat' dir='ltr'><strong>Membris</strong></span> <span class='ocrx_word' id='word_1_56' title='bbox 799 1719 1032 1775; x_wconf 80' lang='lat' dir='ltr'><strong>vicissim</strong></span> <span class='ocrx_word' id='word_1_57' title='bbox 1063 1717 1292 1774; x_wconf 84' lang='lat' dir='ltr'><strong>fortibus</strong></span> 
     </span>
    </p>
   </div>
   <div class='ocr_carea' id='block_1_16' title="bbox 529 1811 1214 1866">
    <p class='ocr_par' dir='ltr' id='par_1_16' title="bbox 529 1811 1214 1866">
     <span class='ocr_line' id='line_1_16' title="bbox 529 1811 1214 1866; baseline -0.001 -2"><span class='ocrx_word' id='word_1_58' title='bbox 529 1811 620 1865; x_wconf 71' lang='lat' dir='ltr'><strong>Vis</strong></span> <span class='ocrx_word' id='word_1_59' title='bbox 648 1812 913 1866; x_wconf 84' lang='lat' dir='ltr'><strong>sauciatur</strong></span> <span class='ocrx_word' id='word_1_60' title='bbox 940 1825 1214 1866; x_wconf 87' lang='lat' dir='ltr'><strong>sensuum.</strong></span> 
     </span>
    </p>
   </div>
   <div class='ocr_carea' id='block_1_17' title="bbox 453 1887 1354 1973">
    <p class='ocr_par' dir='ltr' id='par_1_17' title="bbox 453 1887 1354 1973">
     <span class='ocr_line' id='line_1_17' title="bbox 453 1887 1354 1973; baseline 0 -16"><span class='ocrx_word' id='word_1_61' title='bbox 453 1887 584 1957; x_wconf 74' lang='lat' dir='ltr'><strong>Nam</strong></span> <span class='ocrx_word' id='word_1_62' title='bbox 611 1902 822 1973; x_wconf 82' lang='lat' dir='ltr'><strong>sanguis</strong></span> <span class='ocrx_word' id='word_1_63' title='bbox 853 1902 906 1956; x_wconf 88' lang='lat' dir='ltr'><strong>in</strong></span> <span class='ocrx_word' id='word_1_64' title='bbox 933 1903 1144 1968; x_wconf 85' lang='lat' dir='ltr'><strong>culpam</strong></span> <span class='ocrx_word' id='word_1_65' title='bbox 1173 1903 1354 1957; x_wconf 84' lang='lat' dir='ltr'><strong>calens</strong></span> 
     </span>
    </p>
   </div>
   <div class='ocr_carea' id='block_1_18' title="bbox 533 1994 1247 2058">
    <p class='ocr_par' dir='ltr' id='par_1_18' title="bbox 533 1994 1247 2058">
     <span class='ocr_line' id='line_1_18' title="bbox 533 1994 1247 2058; baseline -0.001 -12"><span class='ocrx_word' id='word_1_66' title='bbox 533 1995 704 2048; x_wconf 77' lang='lat' dir='ltr'><strong>Minus</strong></span> <span class='ocrx_word' id='word_1_67' title='bbox 732 1995 996 2048; x_wconf 85' lang='lat' dir='ltr'><strong>ministrat</strong></span> <span class='ocrx_word' id='word_1_68' title='bbox 1027 1994 1216 2046; x_wconf 89' lang='lat' dir='ltr'><strong>virium</strong></span> <span class='ocrx_word' id='word_1_69' title='bbox 1231 2035 1247 2058; x_wconf 94' lang='lat'><strong>,</strong></span> 
     </span>
    </p>
   </div>
   <div class='ocr_carea' id='block_1_19' title="bbox 520 2083 1356 2156">
    <p class='ocr_par' dir='ltr' id='par_1_19' title="bbox 520 2083 1356 2156">
     <span class='ocr_line' id='line_1_19' title="bbox 520 2083 1356 2156; baseline -0.005 -15"><span class='ocrx_word' id='word_1_70' title='bbox 520 2086 682 2156; x_wconf 78' lang='lat'><strong>907</strong></span> <span class='ocrx_word' id='word_1_71' title='bbox 709 2084 763 2140; x_wconf 90' lang='lat' dir='ltr'><strong>Si</strong></span> <span class='ocrx_word' id='word_1_72' title='bbox 788 2084 968 2140; x_wconf 85' lang='lat' dir='ltr'><strong>lervor</strong></span> <span class='ocrx_word' id='word_1_73' title='bbox 993 2083 1180 2140; x_wconf 73' lang='lat' dir='ltr'><strong>effetus</strong></span> <span class='ocrx_word' id='word_1_74' title='bbox 1201 2085 1356 2138; x_wconf 88' lang='lat' dir='ltr'><strong>malis</strong></span> 
     </span>
    </p>
   </div>
   <div class='ocr_carea' id='block_1_20' title="bbox 285 715 380 767">
    <p class='ocr_par' dir='ltr' id='par_1_20' title="bbox 285 715 380 767">
     <span class='ocr_line' id='line_1_20' title="bbox 285 715 380 767; baseline -0.011 0"><span class='ocrx_word' id='word_1_75' title='bbox 285 715 380 767; x_wconf 78' lang='lat'><strong>200</strong></span> 
     </span>
    </p>
   </div>
   <div class='ocr_carea' id='block_1_21' title="bbox 287 1627 380 1682">
    <p class='ocr_par' dir='ltr' id='par_1_21' title="bbox 287 1627 380 1682">
     <span class='ocr_line' id='line_1_21' title="bbox 287 1627 380 1682; baseline 0.032 -6"><span class='ocrx_word' id='word_1_76' title='bbox 287 1627 380 1682; x_wconf 75' lang='grc'><strong>910</strong></span> 
     </span>
    </p>
   </div>
   <div class='ocr_carea' id='block_1_22' title="bbox 287 2087 378 2142">
    <p class='ocr_par' dir='ltr' id='par_1_22' title="bbox 287 2087 378 2142">
     <span class='ocr_line' id='line_1_22' title="bbox 287 2087 378 2142; baseline 0 -1"><span class='ocrx_word' id='word_1_77' title='bbox 287 2087 378 2142; x_wconf 77' lang='grc'><strong>215</strong></span> 
     </span>
    </p>
   </div>
   <div class='ocr_carea' id='block_1_23' title="bbox 351 2269 1384 2336">
    <p class='ocr_par' dir='ltr' id='par_1_23' title="bbox 351 2269 1384 2336">
     <span class='ocr_line' id='line_1_23' title="bbox 351 2269 1384 2336; baseline -0.001 -11"><span class='ocrx_word' id='word_1_78' title='bbox 351 2277 472 2328; x_wconf 65' lang='lat'><strong>{97.</strong></span> <span class='ocrx_word' id='word_1_79' title='bbox 501 2272 702 2336; x_wconf 84' lang='lat' dir='ltr'><strong>Pudor,</strong></span> <span class='ocrx_word' id='word_1_80' title='bbox 731 2273 956 2336; x_wconf 73' lang='lat' dir='ltr'><strong>castitas,</strong></span> <span class='ocrx_word' id='word_1_81' title='bbox 989 2271 1312 2334; x_wconf 70' lang='lat' dir='ltr'><strong>verecundia,</strong></span> <span class='ocrx_word' id='word_1_82' title='bbox 1343 2269 1384 2325; x_wconf 92' lang='lat' dir='ltr'><strong>l.</strong></span> 
     </span>
    </p>
   </div>
   <div class='ocr_carea' id='block_1_24' title="bbox 351 2340 1186 2412">
    <p class='ocr_par' dir='ltr' id='par_1_24' title="bbox 351 2340 1186 2412">
     <span class='ocr_line' id='line_1_24' title="bbox 351 2340 1186 2412; baseline -0.001 -15"><span class='ocrx_word' id='word_1_83' title='bbox 351 2345 474 2399; x_wconf 85' lang='grc'><strong>198.</strong></span> <span class='ocrx_word' id='word_1_84' title='bbox 509 2343 806 2412; x_wconf 80' lang='lat' dir='ltr'><strong>integritas,</strong></span> <span class='ocrx_word' id='word_1_85' title='bbox 838 2343 1118 2408; x_wconf 78' lang='lat' dir='ltr'><strong>t-irginitas,</strong></span> <span class='ocrx_word' id='word_1_86' title='bbox 1145 2340 1186 2396; x_wconf 90' lang='grc'><strong>1.</strong></span> 
     </span>
    </p>
   </div>
   <div class='ocr_carea' id='block_1_25' title="bbox 351 2413 1076 2478">
    <p class='ocr_par' dir='ltr' id='par_1_25' title="bbox 351 2413 1076 2478">
     <span class='ocr_line' id='line_1_25' title="bbox 351 2413 1076 2478; baseline -0.007 -9"><span class='ocrx_word' id='word_1_87' title='bbox 351 2415 472 2469; x_wconf 80' lang='grc'><strong>199.</strong></span> <span class='ocrx_word' id='word_1_88' title='bbox 504 2413 726 2475; x_wconf 78' lang='lat' dir='ltr'><strong>Occidit,</strong></span> <span class='ocrx_word' id='word_1_89' title='bbox 757 2413 947 2478; x_wconf 81' lang='lat' dir='ltr'><strong>deﬁcit,</strong></span> <span class='ocrx_word' id='word_1_90' title='bbox 976 2414 1076 2464; x_wconf 89' lang='lat' dir='ltr'><strong>lso.</strong></span> 
     </span>
    </p>
   </div>
   <div class='ocr_carea' id='block_1_26' title="bbox 347 2478 1851 2552">
    <p class='ocr_par' dir='ltr' id='par_1_26' title="bbox 347 2478 1851 2552">
     <span class='ocr_line' id='line_1_26' title="bbox 347 2478 1851 2552; baseline -0.001 -16"><span class='ocrx_word' id='word_1_91' title='bbox 347 2485 474 2538; x_wconf 82' lang='grc'><strong>201.</strong></span> <span class='ocrx_word' id='word_1_92' title='bbox 505 2484 664 2545; x_wconf 85' lang='lat' dir='ltr'><strong>Ouid,</strong></span> <span class='ocrx_word' id='word_1_93' title='bbox 698 2499 874 2552; x_wconf 87' lang='lat' dir='ltr'><strong>quare.</strong></span> <span class='ocrx_word' id='word_1_94' title='bbox 906 2513 976 2522; x_wconf 97' lang='lat'><strong>—</strong></span> <span class='ocrx_word' id='word_1_95' title='bbox 1003 2483 1299 2549; x_wconf 86' lang='lat' dir='ltr'><strong>Venenum,</strong></span> <span class='ocrx_word' id='word_1_96' title='bbox 1332 2485 1608 2536; x_wconf 83' lang='lat' dir='ltr'><strong>avaris.—</strong></span> <span class='ocrx_word' id='word_1_97' title='bbox 1633 2478 1851 2546; x_wconf 69' lang='lat' dir='ltr'><strong>Glorite,</strong></span> 
     </span>
    </p>
   </div>
   <div class='ocr_carea' id='block_1_27' title="bbox 285 2554 700 2616">
    <p class='ocr_par' dir='ltr' id='par_1_27' title="bbox 285 2554 700 2616">
     <span class='ocr_line' id='line_1_27' title="bbox 285 2554 700 2616; baseline 0.002 -9"><span class='ocrx_word' id='word_1_98' title='bbox 285 2572 458 2607; x_wconf 83' lang='lat' dir='ltr'><strong>aurum</strong></span> <span class='ocrx_word' id='word_1_99' title='bbox 486 2556 628 2616; x_wconf 80' lang='lat' dir='ltr'><strong>dicit,</strong></span> <span class='ocrx_word' id='word_1_100' title='bbox 659 2554 700 2608; x_wconf 88' lang='grc' dir='ltr'><strong>Ι.</strong></span> 
     </span>
    </p>
   </div>
   <div class='ocr_carea' id='block_1_28' title="bbox 347 2623 1099 2693">
    <p class='ocr_par' dir='ltr' id='par_1_28' title="bbox 347 2623 1099 2693">
     <span class='ocr_line' id='line_1_28' title="bbox 347 2623 1099 2693; baseline -0.003 -16"><span class='ocrx_word' id='word_1_101' title='bbox 347 2626 475 2679; x_wconf 82' lang='grc'><strong>202,</strong></span> <span class='ocrx_word' id='word_1_102' title='bbox 503 2625 696 2693; x_wconf 81' lang='lat' dir='ltr'><strong>Magni.</strong></span> <span class='ocrx_word' id='word_1_103' title='bbox 728 2624 876 2692; x_wconf 80' lang='lat' dir='ltr'><strong>pretii</strong></span> <span class='ocrx_word' id='word_1_104' title='bbox 903 2638 1028 2686; x_wconf 85' lang='lat' dir='ltr'><strong>esse,</strong></span> <span class='ocrx_word' id='word_1_105' title='bbox 1057 2623 1099 2677; x_wconf 91' lang='grc'><strong>1.</strong></span> 
     </span>
    </p>
   </div>
   <div class='ocr_carea' id='block_1_29' title="bbox 345 2691 1741 2758">
    <p class='ocr_par' dir='ltr' id='par_1_29' title="bbox 345 2691 1741 2758">
     <span class='ocr_line' id='line_1_29' title="bbox 345 2691 1741 2758; baseline -0.004 -10"><span class='ocrx_word' id='word_1_106' title='bbox 345 2695 472 2748; x_wconf 68' lang='grc'><strong>204.</strong></span> <span class='ocrx_word' id='word_1_107' title='bbox 506 2691 790 2758; x_wconf 58' lang='grc' dir='ltr'><strong>Ειξειὶαὶη.</strong></span> <span class='ocrx_word' id='word_1_108' title='bbox 815 2694 1227 2758; x_wconf 87' lang='lat' dir='ltr'><strong>—llumanum,</strong></span> <span class='ocrx_word' id='word_1_109' title='bbox 1253 2692 1443 2747; x_wconf 75' lang='lat' dir='ltr'><strong>scilicet</strong></span> <span class='ocrx_word' id='word_1_110' title='bbox 1467 2709 1672 2752; x_wconf 85' lang='lat' dir='ltr'><strong>aurum,</strong></span> <span class='ocrx_word' id='word_1_111' title='bbox 1707 2691 1741 2742; x_wconf 92' lang='grc' dir='ltr'><strong>Ι.</strong></span> 
     </span>
    </p>
   </div>
   <div class='ocr_carea' id='block_1_30' title="bbox 347 2759 1856 2830">
    <p class='ocr_par' dir='ltr' id='par_1_30' title="bbox 347 2759 1856 2830">
     <span class='ocr_line' id='line_1_30' title="bbox 347 2759 1856 2830; baseline -0.003 -13"><span class='ocrx_word' id='word_1_112' title='bbox 347 2765 474 2821; x_wconf 82' lang='grc'><strong>205.</strong></span> <span class='ocrx_word' id='word_1_113' title='bbox 506 2767 590 2830; x_wconf 90' lang='lat' dir='ltr'><strong>lli,</strong></span> <span class='ocrx_word' id='word_1_114' title='bbox 621 2765 850 2817; x_wconf 79' lang='lat' dir='ltr'><strong>mendici.</strong></span> <span class='ocrx_word' id='word_1_115' title='bbox 884 2792 953 2803; x_wconf 93' lang='lat'><strong><em>—</em></strong></span> <span class='ocrx_word' id='word_1_116' title='bbox 981 2763 1216 2826; x_wconf 82' lang='lat' dir='ltr'><strong>Alumni,</strong></span> <span class='ocrx_word' id='word_1_117' title='bbox 1243 2765 1390 2828; x_wconf 87' lang='lat' dir='ltr'><strong>socii,</strong></span> <span class='ocrx_word' id='word_1_118' title='bbox 1417 2763 1494 2816; x_wconf 84' lang='lat' dir='ltr'><strong>uel</strong></span> <span class='ocrx_word' id='word_1_119' title='bbox 1519 2763 1634 2830; x_wconf 82' lang='lat' dir='ltr'><strong>ﬁlii.</strong></span> <span class='ocrx_word' id='word_1_120' title='bbox 1657 2792 1722 2800; x_wconf 93' lang='lat'><strong>—</strong></span> <span class='ocrx_word' id='word_1_121' title='bbox 1753 2759 1856 2813; x_wconf 90' lang='lat' dir='ltr'><strong>Lu-</strong></span> 
     </span>
    </p>
   </div>
   <div class='ocr_carea' id='block_1_31' title="bbox 291 2835 996 2903">
    <p class='ocr_par' dir='ltr' id='par_1_31' title="bbox 291 2835 996 2903">
     <span class='ocr_line' id='line_1_31' title="bbox 291 2835 996 2903; baseline -0.01 -12"><span class='ocrx_word' id='word_1_122' title='bbox 291 2839 463 2901; x_wconf 80' lang='lat' dir='ltr'><strong>minis,</strong></span> <span class='ocrx_word' id='word_1_123' title='bbox 493 2837 636 2903; x_wconf 84' lang='lat' dir='ltr'><strong>regni</strong></span> <span class='ocrx_word' id='word_1_124' title='bbox 673 2837 932 2897; x_wconf 69' lang='lat' dir='ltr'><strong>caslorum,</strong></span> <span class='ocrx_word' id='word_1_125' title='bbox 960 2835 996 2886; x_wconf 91' lang='grc' dir='ltr'><strong>Ι.</strong></span> 
     </span>
    </p>
   </div>
   <div class='ocr_carea' id='block_1_32' title="bbox 349 2904 993 2974">
    <p class='ocr_par' dir='ltr' id='par_1_32' title="bbox 349 2904 993 2974">
     <span class='ocr_line' id='line_1_32' title="bbox 349 2904 993 2974; baseline -0.005 -14"><span class='ocrx_word' id='word_1_126' title='bbox 349 2907 478 2960; x_wconf 70' lang='grc'><strong>206.</strong></span> <span class='ocrx_word' id='word_1_127' title='bbox 509 2910 712 2967; x_wconf 75' lang='lat' dir='ltr'><strong>Art-tat,</strong></span> <span class='ocrx_word' id='word_1_128' title='bbox 738 2904 931 2974; x_wconf 70' lang='lat' dir='ltr'><strong>aﬂligit,</strong></span> <span class='ocrx_word' id='word_1_129' title='bbox 955 2904 993 2957; x_wconf 94' lang='lat' dir='ltr'><strong>l.</strong></span> 
     </span>
    </p>
   </div>
   <div class='ocr_carea' id='block_1_33' title="bbox 349 2971 1852 3044">
    <p class='ocr_par' dir='ltr' id='par_1_33' title="bbox 349 2971 1852 3044">
     <span class='ocr_line' id='line_1_33' title="bbox 349 2971 1852 3044; baseline -0.005 -14"><span class='ocrx_word' id='word_1_130' title='bbox 349 2977 480 3032; x_wconf 84' lang='grc'><strong>208.</strong></span> <span class='ocrx_word' id='word_1_131' title='bbox 521 2971 1144 3044; x_wconf 66' lang='grc' dir='ltr'><strong>Ιηςοιεεεέιἰ,”δυρετὸἱαι,</strong></span> <span class='ocrx_word' id='word_1_132' title='bbox 1176 2973 1672 3044; x_wconf 82' lang='lat' dir='ltr'><strong>sineconsuetudine</strong></span> <span class='ocrx_word' id='word_1_133' title='bbox 1701 2971 1852 3034; x_wconf 79' lang='lat' dir='ltr'><strong>vivat,</strong></span> 
     </span>
    </p>
   </div>
   <div class='ocr_carea' id='block_1_34' title="bbox 291 3043 1324 3111">
    <p class='ocr_par' dir='ltr' id='par_1_34' title="bbox 291 3043 1324 3111">
     <span class='ocr_line' id='line_1_34' title="bbox 291 3043 1324 3111; baseline -0.004 -11"><span class='ocrx_word' id='word_1_134' title='bbox 291 3051 612 3101; x_wconf 81' lang='lat' dir='ltr'><strong>intumescat.</strong></span> <span class='ocrx_word' id='word_1_135' title='bbox 641 3075 710 3084; x_wconf 87' lang='lat'><strong>—-</strong></span> <span class='ocrx_word' id='word_1_136' title='bbox 738 3045 988 3111; x_wconf 80' lang='lat' dir='ltr'><strong>&#39;furgida,</strong></span> <span class='ocrx_word' id='word_1_137' title='bbox 1017 3043 1253 3110; x_wconf 79' lang='lat' dir='ltr'><strong>superba,</strong></span> <span class='ocrx_word' id='word_1_138' title='bbox 1284 3043 1324 3096; x_wconf 91' lang='grc'><strong>1.</strong></span> 
     </span>
    </p>
   </div>
   <div class='ocr_carea' id='block_1_35' title="bbox 345 3111 1854 3183">
    <p class='ocr_par' dir='ltr' id='par_1_35' title="bbox 345 3111 1854 3183">
     <span class='ocr_line' id='line_1_35' title="bbox 345 3111 1854 3183; baseline -0.005 -13"><span class='ocrx_word' id='word_1_139' title='bbox 345 3117 473 3172; x_wconf 75' lang='grc'><strong>209.</strong></span> <span class='ocrx_word' id='word_1_140' title='bbox 505 3117 661 3180; x_wconf 87' lang='lat' dir='ltr'><strong>Cum,</strong></span> <span class='ocrx_word' id='word_1_141' title='bbox 689 3115 913 3183; x_wconf 83' lang='lat' dir='ltr'><strong>quando.</strong></span> <span class='ocrx_word' id='word_1_142' title='bbox 945 3143 1010 3154; x_wconf 90' lang='lat'><strong>——</strong></span> <span class='ocrx_word' id='word_1_143' title='bbox 1031 3113 1256 3182; x_wconf 85' lang='lat' dir='ltr'><strong>Disjicit,</strong></span> <span class='ocrx_word' id='word_1_144' title='bbox 1287 3123 1444 3182; x_wconf 84' lang='lat' dir='ltr'><strong>secat,</strong></span> <span class='ocrx_word' id='word_1_145' title='bbox 1476 3113 1746 3180; x_wconf 71' lang='lat' dir='ltr'><strong>conmittit,</strong></span> <span class='ocrx_word' id='word_1_146' title='bbox 1776 3111 1854 3163; x_wconf 82' lang='lat' dir='ltr'><strong>la-</strong></span> 
     </span>
    </p>
   </div>
   <div class='ocr_carea' id='block_1_36' title="bbox 286 3183 1216 3256">
    <p class='ocr_par' dir='ltr' id='par_1_36' title="bbox 286 3183 1216 3256">
     <span class='ocr_line' id='line_1_36' title="bbox 286 3183 1216 3256; baseline -0.008 -14"><span class='ocrx_word' id='word_1_147' title='bbox 286 3199 408 3242; x_wconf 58' lang='lat' dir='ltr'><strong>tam!</strong></span> <span class='ocrx_word' id='word_1_148' title='bbox 431 3204 450 3250; x_wconf 88' lang='lat'><strong><em>;</em></strong></span> <span class='ocrx_word' id='word_1_149' title='bbox 473 3188 735 3248; x_wconf 85' lang='lat' dir='ltr'><strong>disperdo,</strong></span> <span class='ocrx_word' id='word_1_150' title='bbox 769 3185 986 3256; x_wconf 84' lang='lat' dir='ltr'><strong>disjicio,</strong></span> <span class='ocrx_word' id='word_1_151' title='bbox 1021 3183 1058 3236; x_wconf 92' lang='lat' dir='ltr'><strong>l.</strong></span> <span class='ocrx_word' id='word_1_152' title='bbox 1213 3207 1216 3211; x_wconf 60' lang='grc' dir='ltr'><strong><em>ι</em></strong></span> 
     </span>
    </p>
   </div>
   <div class='ocr_carea' id='block_1_37' title="bbox 349 3255 1010 3326">
    <p class='ocr_par' dir='ltr' id='par_1_37' title="bbox 349 3255 1010 3326">
     <span class='ocr_line' id='line_1_37' title="bbox 349 3255 1010 3326; baseline -0.008 -14"><span class='ocrx_word' id='word_1_153' title='bbox 349 3259 474 3312; x_wconf 88' lang='grc'><strong>210.</strong></span> <span class='ocrx_word' id='word_1_154' title='bbox 502 3257 674 3326; x_wconf 81' lang='lat' dir='ltr'><strong>Viget,</strong></span> <span class='ocrx_word' id='word_1_155' title='bbox 705 3255 938 3322; x_wconf 76' lang='lat' dir='ltr'><strong>interius,</strong></span> <span class='ocrx_word' id='word_1_156' title='bbox 973 3255 1010 3310; x_wconf 88' lang='lat' dir='ltr'><strong>l.</strong></span> 
     </span>
    </p>
   </div>
   <div class='ocr_carea' id='block_1_38' title="bbox 1443 328 2360 392">
    <p class='ocr_par' dir='ltr' id='par_1_38' title="bbox 1443 328 2360 392">
     <span class='ocr_line' id='line_1_38' title="bbox 1443 328 2360 392; baseline 0.009 -10"><span class='ocrx_word' id='word_1_157' title='bbox 1443 328 2006 390; x_wconf 80' lang='lat' dir='ltr'><strong>PERISTEPHANON</strong></span> <span class='ocrx_word' id='word_1_158' title='bbox 2045 335 2253 392; x_wconf 51' lang='lat' dir='ltr'><strong>l‘lYMN.</strong></span> <span class='ocrx_word' id='word_1_159' title='bbox 2301 337 2360 391; x_wconf 89' lang='grc'><strong>11.</strong></span> 
     </span>
    </p>
   </div>
   <div class='ocr_carea' id='block_1_39' title="bbox 446 437 1928 507">
    <p class='ocr_par' dir='ltr' id='par_1_39' title="bbox 446 437 1928 507">
     <span class='ocr_line' id='line_1_39' title="bbox 446 437 1928 507; baseline -0.001 -15"><span class='ocrx_word' id='word_1_160' title='bbox 446 438 626 492; x_wconf 87' lang='lat' dir='ltr'><strong>Pudor</strong></span> <span class='ocrx_word' id='word_1_161' title='bbox 647 453 742 507; x_wconf 86' lang='lat' dir='ltr'><strong>per</strong></span> <span class='ocrx_word' id='word_1_162' title='bbox 769 453 958 494; x_wconf 88' lang='lat' dir='ltr'><strong>aurum</strong></span> <span class='ocrx_word' id='word_1_163' title='bbox 989 437 1226 503; x_wconf 83' lang='lat' dir='ltr'><strong>solvitur,</strong></span> <span class='ocrx_word' id='word_1_164' title='bbox 1871 451 1928 507; x_wconf 71' lang='grc' dir='ltr'><strong>Α</strong></span> 
     </span>
    </p>
   </div>
   <div class='ocr_carea' id='block_1_40' title="bbox 1955 819 2060 874">
    <p class='ocr_par' dir='ltr' id='par_1_40' title="bbox 1955 819 2060 874">
     <span class='ocr_line' id='line_1_40' title="bbox 1955 819 2060 874; baseline 0.019 -2"><span class='ocrx_word' id='word_1_165' title='bbox 1955 819 2060 874; x_wconf 86' lang='grc'><strong>220</strong></span> 
     </span>
    </p>
   </div>
   <div class='ocr_carea' id='block_1_41' title="bbox 1885 2038 1934 2097">
    <p class='ocr_par' dir='ltr' id='par_1_41' title="bbox 1885 2038 1934 2097">
     <span class='ocr_line' id='line_1_41' title="bbox 1885 2038 1934 2097; baseline 0 0"><span class='ocrx_word' id='word_1_166' title='bbox 1885 2038 1934 2097; x_wconf 93' lang='grc' dir='ltr'><strong>Β</strong></span> 
     </span>
    </p>
   </div>
   <div class='ocr_carea' id='block_1_42' title="bbox 1580 2175 2244 2235">
    <p class='ocr_par' dir='ltr' id='par_1_42' title="bbox 1580 2175 2244 2235">
     <span class='ocr_line' id='line_1_42' title="bbox 1580 2175 2244 2235; baseline 0.008 -5"><span class='ocrx_word' id='word_1_167' title='bbox 1580 2175 1866 2231; x_wconf 65' lang='lat' dir='ltr'><strong>GLOSSE</strong></span> <span class='ocrx_word' id='word_1_168' title='bbox 1911 2178 2244 2235; x_wconf 79' lang='lat' dir='ltr'><strong>VETERES.</strong></span> 
     </span>
    </p>
   </div>
   <div class='ocr_carea' id='block_1_43' title="bbox 3419 337 3520 393">
    <p class='ocr_par' dir='ltr' id='par_1_43' title="bbox 3419 337 3520 393">
     <span class='ocr_line' id='line_1_43' title="bbox 3419 337 3520 393; baseline 0.01 -1"><span class='ocrx_word' id='word_1_169' title='bbox 3419 337 3520 393; x_wconf 77' lang='grc'><strong>510</strong></span> 
     </span>
    </p>
   </div>
   <div class='ocr_carea' id='block_1_44' title="bbox 2203 453 2926 510">
    <p class='ocr_par' dir='ltr' id='par_1_44' title="bbox 2203 453 2926 510">
     <span class='ocr_line' id='line_1_44' title="bbox 2203 453 2926 510; baseline 0.006 -4"><span class='ocrx_word' id='word_1_170' title='bbox 2203 453 2424 508; x_wconf 85' lang='lat' dir='ltr'><strong>Elumbe</strong></span> <span class='ocrx_word' id='word_1_171' title='bbox 2449 468 2595 508; x_wconf 86' lang='lat' dir='ltr'><strong>vtrus</strong></span> <span class='ocrx_word' id='word_1_172' title='bbox 2625 456 2926 510; x_wconf 87' lang='lat' dir='ltr'><strong>contrahat.</strong></span> 
     </span>
    </p>
   </div>
   <div class='ocr_carea' id='block_1_45' title="bbox 2135 543 2722 616">
    <p class='ocr_par' dir='ltr' id='par_1_45' title="bbox 2135 543 2722 616">
     <span class='ocr_line' id='line_1_45' title="bbox 2135 543 2722 616; baseline 0.007 -17"><span class='ocrx_word' id='word_1_173' title='bbox 2135 543 2190 599; x_wconf 89' lang='lat' dir='ltr'><strong>Si</strong></span> <span class='ocrx_word' id='word_1_174' title='bbox 2225 544 2358 599; x_wconf 83' lang='lat' dir='ltr'><strong>forte</strong></span> <span class='ocrx_word' id='word_1_175' title='bbox 2383 545 2539 600; x_wconf 87' lang='lat' dir='ltr'><strong>detur</strong></span> <span class='ocrx_word' id='word_1_176' title='bbox 2560 547 2722 616; x_wconf 85' lang='lat' dir='ltr'><strong>optio,</strong></span> 
     </span>
    </p>
   </div>
   <div class='ocr_carea' id='block_1_46' title="bbox 2209 638 2922 710">
    <p class='ocr_par' dir='ltr' id='par_1_46' title="bbox 2209 638 2922 710">
     <span class='ocr_line' id='line_1_46' title="bbox 2209 638 2922 710; baseline 0.01 -20"><span class='ocrx_word' id='word_1_177' title='bbox 2209 638 2386 692; x_wconf 81' lang='lat' dir='ltr'><strong>Malim</strong></span> <span class='ocrx_word' id='word_1_178' title='bbox 2415 639 2602 696; x_wconf 87' lang='lat' dir='ltr'><strong>dolore</strong></span> <span class='ocrx_word' id='word_1_179' title='bbox 2627 643 2922 710; x_wconf 88' lang='lat' dir='ltr'><strong>asperrimo</strong></span> 
     </span>
    </p>
   </div>
   <div class='ocr_carea' id='block_1_47' title="bbox 2211 731 3073 806">
    <p class='ocr_par' dir='ltr' id='par_1_47' title="bbox 2211 731 3073 806">
     <span class='ocr_line' id='line_1_47' title="bbox 2211 731 3073 806; baseline 0.009 -23"><span class='ocrx_word' id='word_1_180' title='bbox 2211 731 2526 800; x_wconf 85' lang='lat' dir='ltr'><strong>Fragmenta</strong></span> <span class='ocrx_word' id='word_1_181' title='bbox 2555 734 2916 790; x_wconf 88' lang='lat' dir='ltr'><strong>membrorum</strong></span> <span class='ocrx_word' id='word_1_182' title='bbox 2947 737 3073 806; x_wconf 83' lang='lat' dir='ltr'><strong>pati,</strong></span> 
     </span>
    </p>
   </div>
   <div class='ocr_carea' id='block_1_48' title="bbox 2207 821 2902 890">
    <p class='ocr_par' dir='ltr' id='par_1_48' title="bbox 2207 821 2902 890">
     <span class='ocr_line' id='line_1_48' title="bbox 2207 821 2902 890; baseline 0.009 -16"><span class='ocrx_word' id='word_1_183' title='bbox 2207 821 2271 874; x_wconf 86' lang='lat' dir='ltr'><strong>Et</strong></span> <span class='ocrx_word' id='word_1_184' title='bbox 2295 822 2513 890; x_wconf 86' lang='lat' dir='ltr'><strong>pulcher</strong></span> <span class='ocrx_word' id='word_1_185' title='bbox 2534 824 2676 880; x_wconf 87' lang='lat' dir='ltr'><strong>intus</strong></span> <span class='ocrx_word' id='word_1_186' title='bbox 2703 826 2902 880; x_wconf 80' lang='lat' dir='ltr'><strong>vivere.</strong></span> 
     </span>
    </p>
   </div>
   <div class='ocr_carea' id='block_1_49' title="bbox 2133 911 2898 984">
    <p class='ocr_par' dir='ltr' id='par_1_49' title="bbox 2133 911 2898 984">
     <span class='ocr_line' id='line_1_49' title="bbox 2133 911 2898 984; baseline 0.01 -22"><span class='ocrx_word' id='word_1_187' title='bbox 2133 911 2420 968; x_wconf 84' lang='lat' dir='ltr'><strong>Committe</strong></span> <span class='ocrx_word' id='word_1_188' title='bbox 2447 914 2645 969; x_wconf 77' lang='lat' dir='ltr'><strong>formas</strong></span> <span class='ocrx_word' id='word_1_189' title='bbox 2673 918 2898 984; x_wconf 89' lang='lat' dir='ltr'><strong>pestium</strong></span> 
     </span>
    </p>
   </div>
   <div class='ocr_carea' id='block_1_50' title="bbox 2204 1003 2906 1072">
    <p class='ocr_par' dir='ltr' id='par_1_50' title="bbox 2204 1003 2906 1072">
     <span class='ocr_line' id='line_1_50' title="bbox 2204 1003 2906 1072; baseline 0.011 -18"><span class='ocrx_word' id='word_1_190' title='bbox 2204 1003 2269 1055; x_wconf 81' lang='lat' dir='ltr'><strong>Et</strong></span> <span class='ocrx_word' id='word_1_191' title='bbox 2296 1004 2484 1058; x_wconf 81' lang='lat' dir='ltr'><strong>confer</strong></span> <span class='ocrx_word' id='word_1_192' title='bbox 2507 1004 2738 1060; x_wconf 81' lang='lat' dir='ltr'><strong>alternas</strong></span> <span class='ocrx_word' id='word_1_193' title='bbox 2761 1007 2873 1062; x_wconf 84' lang='lat' dir='ltr'><strong>lues</strong></span> <span class='ocrx_word' id='word_1_194' title='bbox 2891 1049 2906 1072; x_wconf 92' lang='lat'><strong>,</strong></span> 
     </span>
    </p>
   </div>
   <div class='ocr_carea' id='block_1_51' title="bbox 2201 1091 2952 1163">
    <p class='ocr_par' dir='ltr' id='par_1_51' title="bbox 2201 1091 2952 1163">
     <span class='ocr_line' id='line_1_51' title="bbox 2201 1091 2952 1163; baseline 0.007 -16"><span class='ocrx_word' id='word_1_195' title='bbox 2201 1091 2459 1150; x_wconf 82' lang='lat' dir='ltr'><strong>Carnisne</strong></span> <span class='ocrx_word' id='word_1_196' title='bbox 2486 1097 2704 1151; x_wconf 91' lang='lat' dir='ltr'><strong>morbus</strong></span> <span class='ocrx_word' id='word_1_197' title='bbox 2731 1097 2921 1152; x_wconf 69' lang='grc' dir='ltr'><strong>ϊωᾱίοτ</strong></span> <span class='ocrx_word' id='word_1_198' title='bbox 2939 1141 2952 1163; x_wconf 86' lang='grc'>,</span> 
     </span>
    </p>
   </div>
   <div class='ocr_carea' id='block_1_52' title="bbox 2203 1185 3079 1245">
    <p class='ocr_par' dir='ltr' id='par_1_52' title="bbox 2203 1185 3079 1245">
     <span class='ocr_line' id='line_1_52' title="bbox 2203 1185 3079 1245; baseline 0.009 -9"><span class='ocrx_word' id='word_1_199' title='bbox 2203 1185 2282 1236; x_wconf 83' lang='grc' dir='ltr'><strong>Αη</strong></span> <span class='ocrx_word' id='word_1_200' title='bbox 2314 1186 2508 1240; x_wconf 85' lang='lat' dir='ltr'><strong>mentis</strong></span> <span class='ocrx_word' id='word_1_201' title='bbox 2538 1195 2592 1240; x_wconf 90' lang='lat' dir='ltr'><strong>et</strong></span> <span class='ocrx_word' id='word_1_202' title='bbox 2615 1203 2824 1242; x_wconf 90' lang='lat' dir='ltr'><strong>morum</strong></span> <span class='ocrx_word' id='word_1_203' title='bbox 2857 1189 3030 1245; x_wconf 86' lang='lat' dir='ltr'><strong>ulcera</strong></span> <span class='ocrx_word' id='word_1_204' title='bbox 3055 1191 3079 1244; x_wconf 65' lang='grc' dir='ltr'><strong>ἲ</strong></span> 
     </span>
    </p>
   </div>
   <div class='ocr_carea' id='block_1_53' title="bbox 2134 1271 2867 1342">
    <p class='ocr_par' dir='ltr' id='par_1_53' title="bbox 2134 1271 2867 1342">
     <span class='ocr_line' id='line_1_53' title="bbox 2134 1271 2867 1342; baseline 0.008 -16"><span class='ocrx_word' id='word_1_205' title='bbox 2134 1271 2313 1328; x_wconf 83' lang='lat' dir='ltr'><strong>Nostri</strong></span> <span class='ocrx_word' id='word_1_206' title='bbox 2346 1290 2440 1341; x_wconf 89' lang='lat' dir='ltr'><strong>per</strong></span> <span class='ocrx_word' id='word_1_207' title='bbox 2467 1283 2614 1330; x_wconf 86' lang='lat' dir='ltr'><strong>artus</strong></span> <span class='ocrx_word' id='word_1_208' title='bbox 2643 1277 2867 1342; x_wconf 88' lang='lat' dir='ltr'><strong>debiles,</strong></span> 
     </span>
    </p>
   </div>
   <div class='ocr_carea' id='block_1_54' title="bbox 2205 1363 2839 1436">
    <p class='ocr_par' dir='ltr' id='par_1_54' title="bbox 2205 1363 2839 1436">
     <span class='ocr_line' id='line_1_54' title="bbox 2205 1363 2839 1436; baseline 0.009 -20"><span class='ocrx_word' id='word_1_209' title='bbox 2205 1363 2350 1418; x_wconf 90' lang='lat' dir='ltr'><strong>lntus</strong></span> <span class='ocrx_word' id='word_1_210' title='bbox 2380 1365 2590 1419; x_wconf 84' lang='lat' dir='ltr'><strong>decoris</strong></span> <span class='ocrx_word' id='word_1_211' title='bbox 2625 1365 2839 1436; x_wconf 83' lang='lat' dir='ltr'><strong>integri,</strong></span> 
     </span>
    </p>
   </div>
   <div class='ocr_carea' id='block_1_55' title="bbox 2199 1453 2962 1512">
    <p class='ocr_par' dir='ltr' id='par_1_55' title="bbox 2199 1453 2962 1512">
     <span class='ocr_line' id='line_1_55' title="bbox 2199 1453 2962 1512; baseline 0.007 -6"><span class='ocrx_word' id='word_1_212' title='bbox 2199 1453 2426 1508; x_wconf 86' lang='lat' dir='ltr'><strong>Sensum</strong></span> <span class='ocrx_word' id='word_1_213' title='bbox 2457 1458 2662 1510; x_wconf 85' lang='lat' dir='ltr'><strong>venusti</strong></span> <span class='ocrx_word' id='word_1_214' title='bbox 2690 1458 2962 1512; x_wconf 78' lang='lat' dir='ltr'><strong>innoxium</strong></span> 
     </span>
    </p>
   </div>
   <div class='ocr_carea' id='block_1_56' title="bbox 2205 1544 3012 1619">
    <p class='ocr_par' dir='ltr' id='par_1_56' title="bbox 2205 1544 3012 1619">
     <span class='ocr_line' id='line_1_56' title="bbox 2205 1544 3012 1619; baseline 0.009 -22"><span class='ocrx_word' id='word_1_215' title='bbox 2205 1544 2502 1614; x_wconf 80' lang='lat' dir='ltr'><strong>Languoris</strong></span> <span class='ocrx_word' id='word_1_216' title='bbox 2527 1557 2778 1617; x_wconf 79' lang='lat' dir='ltr'><strong>expertes</strong></span> <span class='ocrx_word' id='word_1_217' title='bbox 2803 1560 3012 1619; x_wconf 83' lang='lat' dir='ltr'><strong>gerunt.</strong></span> 
     </span>
    </p>
   </div>
   <div class='ocr_carea' id='block_1_57' title="bbox 2141 1633 2884 1706">
    <p class='ocr_par' dir='ltr' id='par_1_57' title="bbox 2141 1633 2884 1706">
     <span class='ocr_line' id='line_1_57' title="bbox 2141 1633 2884 1706; baseline 0.007 -18"><span class='ocrx_word' id='word_1_218' title='bbox 2141 1633 2362 1690; x_wconf 83' lang='lat' dir='ltr'><strong>Vestros</strong></span> <span class='ocrx_word' id='word_1_219' title='bbox 2393 1636 2634 1692; x_wconf 88' lang='lat' dir='ltr'><strong>valentes</strong></span> <span class='ocrx_word' id='word_1_220' title='bbox 2659 1652 2884 1706; x_wconf 86' lang='lat' dir='ltr'><strong>corpore</strong></span> 
     </span>
    </p>
   </div>
   <div class='ocr_carea' id='block_1_58' title="bbox 2205 1723 2942 1798">
    <p class='ocr_par' dir='ltr' id='par_1_58' title="bbox 2205 1723 2942 1798">
     <span class='ocr_line' id='line_1_58' title="bbox 2205 1723 2942 1798; baseline 0.009 -21"><span class='ocrx_word' id='word_1_221' title='bbox 2205 1723 2416 1780; x_wconf 89' lang='lat' dir='ltr'><strong>lnterna</strong></span> <span class='ocrx_word' id='word_1_222' title='bbox 2447 1729 2742 1798; x_wconf 91' lang='lat' dir='ltr'><strong>corrumpit</strong></span> <span class='ocrx_word' id='word_1_223' title='bbox 2763 1729 2906 1798; x_wconf 88' lang='lat' dir='ltr'><strong>lepra</strong></span> <span class='ocrx_word' id='word_1_224' title='bbox 2929 1771 2942 1793; x_wconf 87' lang='lat'><strong>,</strong></span> 
     </span>
    </p>
   </div>
   <div class='ocr_carea' id='block_1_59' title="bbox 2211 1817 3064 1886">
    <p class='ocr_par' dir='ltr' id='par_1_59' title="bbox 2211 1817 3064 1886">
     <span class='ocr_line' id='line_1_59' title="bbox 2211 1817 3064 1886; baseline 0.005 -16"><span class='ocrx_word' id='word_1_225' title='bbox 2211 1817 2480 1885; x_wconf 83' lang='lat' dir='ltr'><strong>Errorque</strong></span> <span class='ocrx_word' id='word_1_226' title='bbox 2502 1835 2749 1874; x_wconf 90' lang='lat' dir='ltr'><strong>mancum</strong></span> <span class='ocrx_word' id='word_1_227' title='bbox 2781 1821 3064 1886; x_wconf 85' lang='lat' dir='ltr'><strong>claudicat,</strong></span> 
     </span>
    </p>
   </div>
   <div class='ocr_carea' id='block_1_60' title="bbox 2213 1909 2966 1968">
    <p class='ocr_par' dir='ltr' id='par_1_60' title="bbox 2213 1909 2966 1968">
     <span class='ocr_line' id='line_1_60' title="bbox 2213 1909 2966 1968; baseline 0.005 -6"><span class='ocrx_word' id='word_1_228' title='bbox 2213 1909 2276 1963; x_wconf 89' lang='lat' dir='ltr'><strong>Et</strong></span> <span class='ocrx_word' id='word_1_229' title='bbox 2301 1925 2440 1966; x_wconf 75' lang='lat' dir='ltr'><strong>cteca</strong></span> <span class='ocrx_word' id='word_1_230' title='bbox 2469 1911 2613 1966; x_wconf 78' lang='lat' dir='ltr'><strong>fraus</strong></span> <span class='ocrx_word' id='word_1_231' title='bbox 2642 1913 2772 1967; x_wconf 86' lang='lat' dir='ltr'><strong>nihil</strong></span> <span class='ocrx_word' id='word_1_232' title='bbox 2805 1913 2966 1968; x_wconf 83' lang='lat' dir='ltr'><strong>videt.</strong></span> 
     </span>
    </p>
   </div>
   <div class='ocr_carea' id='block_1_61' title="bbox 2136 1997 2910 2068">
    <p class='ocr_par' dir='ltr' id='par_1_61' title="bbox 2136 1997 2910 2068">
     <span class='ocr_line' id='line_1_61' title="bbox 2136 1997 2910 2068; baseline 0.025 -20"><span class='ocrx_word' id='word_1_233' title='bbox 2136 1997 2395 2064; x_wconf 85' lang='lat' dir='ltr'><strong>Qucmvis</strong></span> <span class='ocrx_word' id='word_1_234' title='bbox 2427 2009 2636 2056; x_wconf 88' lang='lat' dir='ltr'><strong>tuorum</strong></span> <span class='ocrx_word' id='word_1_235' title='bbox 2667 2002 2910 2068; x_wconf 78' lang='lat' dir='ltr'><strong>divitum.</strong></span> 
     </span>
    </p>
   </div>
   <div class='ocr_carea' id='block_1_62' title="bbox 2201 2092 3008 2164">
    <p class='ocr_par' dir='ltr' id='par_1_62' title="bbox 2201 2092 3008 2164">
     <span class='ocr_line' id='line_1_62' title="bbox 2201 2092 3008 2164; baseline 0.009 -19"><span class='ocrx_word' id='word_1_236' title='bbox 2201 2092 2301 2158; x_wconf 84' lang='lat' dir='ltr'><strong>Qui</strong></span> <span class='ocrx_word' id='word_1_237' title='bbox 2327 2099 2478 2148; x_wconf 80' lang='lat' dir='ltr'><strong>veSte</strong></span> <span class='ocrx_word' id='word_1_238' title='bbox 2505 2103 2558 2149; x_wconf 86' lang='lat' dir='ltr'><strong>et</strong></span> <span class='ocrx_word' id='word_1_239' title='bbox 2587 2111 2682 2152; x_wconf 90' lang='lat' dir='ltr'><strong>ore</strong></span> <span class='ocrx_word' id='word_1_240' title='bbox 2709 2098 3008 2164; x_wconf 74' lang='lat' dir='ltr'><strong>praenitent,</strong></span> 
     </span>
    </p>
   </div>
   <div class='ocr_carea' id='block_1_63' title="bbox 2030 2275 2911 2342">
    <p class='ocr_par' dir='ltr' id='par_1_63' title="bbox 2030 2275 2911 2342">
     <span class='ocr_line' id='line_1_63' title="bbox 2030 2275 2911 2342; baseline 0.007 -14"><span class='ocrx_word' id='word_1_241' title='bbox 2030 2277 2154 2330; x_wconf 82' lang='grc'><strong>211.</strong></span> <span class='ocrx_word' id='word_1_242' title='bbox 2191 2275 2455 2342; x_wconf 78' lang='lat' dir='ltr'><strong>Vicissm,</strong></span> <span class='ocrx_word' id='word_1_243' title='bbox 2487 2279 2776 2339; x_wconf 82' lang='lat' dir='ltr'><strong>mutuatim,</strong></span> <span class='ocrx_word' id='word_1_244' title='bbox 2811 2279 2911 2334; x_wconf 84' lang='lat' dir='ltr'><strong>lso.</strong></span> 
     </span>
    </p>
   </div>
   <div class='ocr_carea' id='block_1_64' title="bbox 2031 2346 2843 2412">
    <p class='ocr_par' dir='ltr' id='par_1_64' title="bbox 2031 2346 2843 2412">
     <span class='ocr_line' id='line_1_64' title="bbox 2031 2346 2843 2412; baseline 0.007 -16"><span class='ocrx_word' id='word_1_245' title='bbox 2031 2346 2156 2400; x_wconf 79' lang='grc'><strong>212.</strong></span> <span class='ocrx_word' id='word_1_246' title='bbox 2190 2347 2474 2412; x_wconf 70' lang='lat' dir='ltr'><strong>Sensuum,</strong></span> <span class='ocrx_word' id='word_1_247' title='bbox 2505 2351 2767 2410; x_wconf 85' lang='lat' dir='ltr'><strong>mentium.</strong></span> <span class='ocrx_word' id='word_1_248' title='bbox 2805 2351 2843 2404; x_wconf 94' lang='grc' dir='ltr'><strong>Ι.</strong></span> 
     </span>
    </p>
   </div>
   <div class='ocr_carea' id='block_1_65' title="bbox 2033 2418 3012 2488">
    <p class='ocr_par' dir='ltr' id='par_1_65' title="bbox 2033 2418 3012 2488">
     <span class='ocr_line' id='line_1_65' title="bbox 2033 2418 3012 2488; baseline 0.006 -20"><span class='ocrx_word' id='word_1_249' title='bbox 2033 2419 2161 2488; x_wconf 52' lang='lat' dir='ltr'><strong>alii.</strong></span> <span class='ocrx_word' id='word_1_250' title='bbox 2191 2418 2341 2480; x_wconf 78' lang='lat' dir='ltr'><strong>Nam,</strong></span> <span class='ocrx_word' id='word_1_251' title='bbox 2364 2419 2628 2488; x_wconf 84' lang='lat' dir='ltr'><strong>quoniam.</strong></span> <span class='ocrx_word' id='word_1_252' title='bbox 2661 2449 2729 2458; x_wconf 89' lang='lat'><strong>-—</strong></span> <span class='ocrx_word' id='word_1_253' title='bbox 2749 2421 2827 2485; x_wconf 88' lang='lat' dir='ltr'><strong>In,</strong></span> <span class='ocrx_word' id='word_1_254' title='bbox 2860 2421 2948 2480; x_wconf 87' lang='lat' dir='ltr'><strong>ad,</strong></span> <span class='ocrx_word' id='word_1_255' title='bbox 2977 2421 3012 2474; x_wconf 90' lang='lat' dir='ltr'><strong>l.</strong></span> 
     </span>
    </p>
   </div>
   <div class='ocr_carea' id='block_1_66' title="bbox 2038 2487 3508 2556">
    <p class='ocr_par' dir='ltr' id='par_1_66' title="bbox 2038 2487 3508 2556">
     <span class='ocr_line' id='line_1_66' title="bbox 2038 2487 3508 2556; baseline 0.003 -18"><span class='ocrx_word' id='word_1_256' title='bbox 2038 2487 2164 2541; x_wconf 89' lang='grc'><strong>215.</strong></span> <span class='ocrx_word' id='word_1_257' title='bbox 2199 2487 2416 2552; x_wconf 64' lang='lat' dir='ltr'><strong>Ell&#39;elus,</strong></span> <span class='ocrx_word' id='word_1_258' title='bbox 2453 2491 2821 2553; x_wconf 72' lang='lat' dir='ltr'><strong>infructuosus,</strong></span> <span class='ocrx_word' id='word_1_259' title='bbox 2847 2501 3109 2556; x_wconf 78' lang='lat' dir='ltr'><strong>vacuatus,</strong></span> <span class='ocrx_word' id='word_1_260' title='bbox 3143 2492 3182 2546; x_wconf 87' lang='lat' dir='ltr'><strong>l.</strong></span> <span class='ocrx_word' id='word_1_261' title='bbox 3500 2529 3508 2538; x_wconf 90' lang='lat'><strong>.</strong></span> 
     </span>
    </p>
   </div>
   <div class='ocr_carea' id='block_1_67' title="bbox 2034 2555 3552 2624">
    <p class='ocr_par' dir='ltr' id='par_1_67' title="bbox 2034 2555 3552 2624">
     <span class='ocr_line' id='line_1_67' title="bbox 2034 2555 3552 2624; baseline 0.007 -16"><span class='ocrx_word' id='word_1_262' title='bbox 2034 2558 2160 2610; x_wconf 85' lang='grc'><strong>216.</strong></span> <span class='ocrx_word' id='word_1_263' title='bbox 2195 2557 2440 2622; x_wconf 87' lang='lat' dir='ltr'><strong>Elumhe,</strong></span> <span class='ocrx_word' id='word_1_264' title='bbox 2465 2559 2723 2621; x_wconf 83' lang='lat' dir='ltr'><strong>inﬁrmam</strong></span> <span class='ocrx_word' id='word_1_265' title='bbox 2749 2561 3030 2622; x_wconf 76' lang='lat' dir='ltr'><strong>libidinem,</strong></span> <span class='ocrx_word' id='word_1_266' title='bbox 3061 2555 3180 2624; x_wconf 78' lang='lat' dir='ltr'><strong>quia</strong></span> <span class='ocrx_word' id='word_1_267' title='bbox 3219 2565 3326 2617; x_wconf 81' lang='lat' dir='ltr'><strong>sine</strong></span> <span class='ocrx_word' id='word_1_268' title='bbox 3348 2555 3552 2620; x_wconf 60' lang='lat' dir='ltr'><strong>viribus~</strong></span> 
     </span>
    </p>
   </div>
   <div class='ocr_carea' id='block_1_68' title="bbox 1961 2627 3531 2698">
    <p class='ocr_par' dir='ltr' id='par_1_68' title="bbox 1961 2627 3531 2698">
     <span class='ocr_line' id='line_1_68' title="bbox 1961 2627 3531 2698; baseline 0.006 -18"><span class='ocrx_word' id='word_1_269' title='bbox 1961 2627 2086 2698; x_wconf 80' lang='lat' dir='ltr'><strong>facit</strong></span> <span class='ocrx_word' id='word_1_270' title='bbox 2107 2667 2120 2686; x_wconf 94' lang='lat'><strong>,</strong></span> <span class='ocrx_word' id='word_1_271' title='bbox 2153 2627 2436 2698; x_wconf 78' lang='lat' dir='ltr'><strong>inﬁrmum,</strong></span> <span class='ocrx_word' id='word_1_272' title='bbox 2458 2628 2668 2698; x_wconf 71' lang='lat' dir='ltr'><strong>debile,</strong></span> <span class='ocrx_word' id='word_1_273' title='bbox 2699 2629 2957 2698; x_wconf 77' lang='lat' dir='ltr'><strong>inﬁrmam</strong></span> <span class='ocrx_word' id='word_1_274' title='bbox 2986 2631 3267 2689; x_wconf 86' lang='lat' dir='ltr'><strong>libidinem.</strong></span> <span class='ocrx_word' id='word_1_275' title='bbox 3295 2664 3366 2673; x_wconf 92' lang='lat'><strong>—</strong></span> <span class='ocrx_word' id='word_1_276' title='bbox 3397 2637 3531 2690; x_wconf 64' lang='lat' dir='ltr'><strong>(Lon-</strong></span> 
     </span>
    </p>
   </div>
   <div class='ocr_carea' id='block_1_69' title="bbox 1966 2697 2494 2766">
    <p class='ocr_par' dir='ltr' id='par_1_69' title="bbox 1966 2697 2494 2766">
     <span class='ocr_line' id='line_1_69' title="bbox 1966 2697 2494 2766; baseline -0.004 -16"><span class='ocrx_word' id='word_1_277' title='bbox 1966 2697 2163 2760; x_wconf 88' lang='lat' dir='ltr'><strong>trahat,</strong></span> <span class='ocrx_word' id='word_1_278' title='bbox 2191 2697 2419 2766; x_wconf 60' lang='lat' dir='ltr'><strong>colligat,</strong></span> <span class='ocrx_word' id='word_1_279' title='bbox 2455 2697 2494 2750; x_wconf 88' lang='grc'><strong>1.</strong></span> 
     </span>
    </p>
   </div>
   <div class='ocr_carea' id='block_1_70' title="bbox 2030 2765 3554 2840">
    <p class='ocr_par' dir='ltr' id='par_1_70' title="bbox 2030 2765 3554 2840">
     <span class='ocr_line' id='line_1_70' title="bbox 2030 2765 3554 2840; baseline 0.009 -24"><span class='ocrx_word' id='word_1_280' title='bbox 2030 2767 2133 2840; x_wconf 48' lang='lat'><strong>‘12:}!</strong></span> <span class='ocrx_word' id='word_1_281' title='bbox 2142 2805 2153 2816; x_wconf 92' lang='lat'><strong>.</strong></span> <span class='ocrx_word' id='word_1_282' title='bbox 2185 2765 2492 2840; x_wconf 36' lang='lat' dir='ltr'><strong>gom’mitte,</strong></span> <span class='ocrx_word' id='word_1_283' title='bbox 2521 2782 2780 2840; x_wconf 80' lang='lat' dir='ltr'><strong>compara.</strong></span> <span class='ocrx_word' id='word_1_284' title='bbox 2812 2799 2882 2809; x_wconf 88' lang='lat'><strong>—</strong></span> <span class='ocrx_word' id='word_1_285' title='bbox 2920 2768 3174 2840; x_wconf 89' lang='lat' dir='ltr'><strong>Pcstium,</strong></span> <span class='ocrx_word' id='word_1_286' title='bbox 3197 2771 3454 2839; x_wconf 85' lang='lat' dir='ltr'><strong>vitiorum,</strong></span> <span class='ocrx_word' id='word_1_287' title='bbox 3485 2775 3554 2828; x_wconf 86' lang='grc'><strong>1.·</strong></span> 
     </span>
    </p>
   </div>
   <div class='ocr_carea' id='block_1_71' title="bbox 2029 2835 2826 2903">
    <p class='ocr_par' dir='ltr' id='par_1_71' title="bbox 2029 2835 2826 2903">
     <span class='ocr_line' id='line_1_71' title="bbox 2029 2835 2826 2903; baseline 0.006 -15"><span class='ocrx_word' id='word_1_288' title='bbox 2029 2835 2155 2889; x_wconf 79' lang='grc'><strong>225.</strong></span> <span class='ocrx_word' id='word_1_289' title='bbox 2187 2836 2470 2902; x_wconf 84' lang='lat' dir='ltr'><strong>Caruisne,</strong></span> <span class='ocrx_word' id='word_1_290' title='bbox 2503 2835 2694 2903; x_wconf 85' lang='lat' dir='ltr'><strong>utrum,</strong></span> <span class='ocrx_word' id='word_1_291' title='bbox 2725 2839 2826 2893; x_wconf 92' lang='lat' dir='ltr'><strong>lso.</strong></span> 
     </span>
    </p>
   </div>
   <div class='ocr_carea' id='block_1_72' title="bbox 2029 2905 2751 2976">
    <p class='ocr_par' dir='ltr' id='par_1_72' title="bbox 2029 2905 2751 2976">
     <span class='ocr_line' id='line_1_72' title="bbox 2029 2905 2751 2976; baseline 0.004 -17"><span class='ocrx_word' id='word_1_292' title='bbox 2029 2907 2152 2959; x_wconf 82' lang='grc'><strong>227.</strong></span> <span class='ocrx_word' id='word_1_293' title='bbox 2186 2905 2431 2976; x_wconf 61' lang='grc' dir='ltr'><strong>Υθηιιδιί,</strong></span> <span class='ocrx_word' id='word_1_294' title='bbox 2461 2908 2684 2976; x_wconf 84' lang='lat' dir='ltr'><strong>pulchri,</strong></span> <span class='ocrx_word' id='word_1_295' title='bbox 2713 2908 2751 2962; x_wconf 89' lang='lat' dir='ltr'><strong>l.</strong></span> 
     </span>
    </p>
   </div>
   <div class='ocr_carea' id='block_1_73' title="bbox 2030 2975 2803 3044">
    <p class='ocr_par' dir='ltr' id='par_1_73' title="bbox 2030 2975 2803 3044">
     <span class='ocr_line' id='line_1_73' title="bbox 2030 2975 2803 3044; baseline 0.008 -15"><span class='ocrx_word' id='word_1_296' title='bbox 2030 2977 2154 3030; x_wconf 85' lang='grc'><strong>229.</strong></span> <span class='ocrx_word' id='word_1_297' title='bbox 2184 2975 2735 3044; x_wconf 76' lang='lat' dir='ltr'><strong>Valentes,robuatas,</strong></span> <span class='ocrx_word' id='word_1_298' title='bbox 2763 2978 2803 3036; x_wconf 91' lang='grc' dir='ltr'><strong>Ι.</strong></span> 
     </span>
    </p>
   </div>
   <div class='ocr_carea' id='block_1_74' title="bbox 2029 3045 3249 3120">
    <p class='ocr_par' dir='ltr' id='par_1_74' title="bbox 2029 3045 3249 3120">
     <span class='ocr_line' id='line_1_74' title="bbox 2029 3045 3249 3120; baseline 0.005 -20"><span class='ocrx_word' id='word_1_299' title='bbox 2181 3045 2445 3120; x_wconf 61' lang='grc' dir='ltr'><strong>ῌειηριιῐῃ,</strong></span> <span class='ocrx_word' id='word_1_300' title='bbox 2481 3063 2649 3112; x_wconf 85' lang='lat' dir='ltr'><strong>curve,</strong></span> <span class='ocrx_word' id='word_1_301' title='bbox 2674 3049 2714 3102; x_wconf 89' lang='lat' dir='ltr'><strong>l.</strong></span> <span class='ocrx_word' id='word_1_302' title='bbox 2745 3049 3072 3120; x_wconf 75' lang='lat' dir='ltr'><strong>Adverbium.</strong></span> <span class='ocrx_word' id='word_1_303' title='bbox 3097 3051 3249 3120; x_wconf 69' lang='lat' dir='ltr'><strong>Frag.</strong></span> 
     </span>
    </p>
   </div>
   <div class='ocr_carea' id='block_1_75' title="bbox 2029 3117 3076 3188">
    <p class='ocr_par' dir='ltr' id='par_1_75' title="bbox 2029 3117 3076 3188">
     <span class='ocr_line' id='line_1_75' title="bbox 2029 3117 3076 3188; baseline 0.004 -18"><span class='ocrx_word' id='word_1_304' title='bbox 2029 3119 2152 3170; x_wconf 80' lang='grc'><strong>255.</strong></span> <span class='ocrx_word' id='word_1_305' title='bbox 2179 3117 2454 3188; x_wconf 80' lang='lat' dir='ltr'><strong>Quemvis,</strong></span> <span class='ocrx_word' id='word_1_306' title='bbox 2486 3133 2830 3188; x_wconf 83' lang='lat' dir='ltr'><strong>quemcunque</strong></span> <span class='ocrx_word' id='word_1_307' title='bbox 2856 3119 3006 3186; x_wconf 73' lang='lat' dir='ltr'><strong>a/Ter,</strong></span> <span class='ocrx_word' id='word_1_308' title='bbox 3039 3121 3076 3174; x_wconf 86' lang='lat' dir='ltr'><strong>l.</strong></span> 
     </span>
    </p>
   </div>
   <div class='ocr_carea' id='block_1_76' title="bbox 2027 3187 2562 3258">
    <p class='ocr_par' dir='ltr' id='par_1_76' title="bbox 2027 3187 2562 3258">
     <span class='ocr_line' id='line_1_76' title="bbox 2027 3187 2562 3258; baseline -0.004 -16"><span class='ocrx_word' id='word_1_309' title='bbox 2027 3189 2152 3242; x_wconf 65' lang='lat'><strong>254.</strong></span> <span class='ocrx_word' id='word_1_310' title='bbox 2185 3187 2313 3255; x_wconf 88' lang='lat' dir='ltr'><strong>Ore,</strong></span> <span class='ocrx_word' id='word_1_311' title='bbox 2345 3187 2562 3258; x_wconf 26' lang='lat' dir='ltr'><strong>facie,’l.</strong></span> 
     </span>
    </p>
   </div>
   <div class='ocr_carea' id='block_1_77' title="bbox 1621 3339 2172 3398">
    <p class='ocr_par' dir='ltr' id='par_1_77' title="bbox 1621 3339 2172 3398">
     <span class='ocr_line' id='line_1_77' title="bbox 1621 3339 2172 3398; baseline -0.005 -2"><span class='ocrx_word' id='word_1_312' title='bbox 1621 3339 2172 3398; x_wconf 75' lang='lat' dir='ltr'><strong>COMMENTARIUS.</strong></span> 
     </span>
    </p>
   </div>
   <div class='ocr_carea' id='block_1_78' title="bbox 350 3436 3534 3508">
    <p class='ocr_par' dir='ltr' id='par_1_78' title="bbox 350 3436 3534 3508">
     <span class='ocr_line' id='line_1_78' title="bbox 350 3436 3534 3508; baseline 0 -15"><span class='ocrx_word' id='word_1_313' title='bbox 350 3439 480 3496; x_wconf 80' lang='grc'><strong>200.</strong></span> <span class='ocrx_word' id='word_1_314' title='bbox 513 3439 758 3494; x_wconf 76' lang='lat' dir='ltr'><strong>Lucanus</strong></span> <span class='ocrx_word' id='word_1_315' title='bbox 789 3438 884 3493; x_wconf 89' lang='lat' dir='ltr'><strong>lib.</strong></span> <span class='ocrx_word' id='word_1_316' title='bbox 911 3449 1158 3504; x_wconf 68' lang='lat' dir='ltr'><strong>ttt,0ers.</strong></span> <span class='ocrx_word' id='word_1_317' title='bbox 1193 3441 1294 3495; x_wconf 80' lang='grc'><strong>118</strong></span> <span class='ocrx_word' id='word_1_318' title='bbox 1318 3458 1330 3493; x_wconf 94' lang='lat'><strong>:</strong></span> <span class='ocrx_word' id='word_1_319' title='bbox 1367 3439 1534 3508; x_wconf 83' lang='lat' dir='ltr'><strong>Usque</strong></span> <span class='ocrx_word' id='word_1_320' title='bbox 1562 3439 1690 3492; x_wconf 88' lang='lat' dir='ltr'><strong>adeo</strong></span> <span class='ocrx_word' id='word_1_321' title='bbox 1715 3441 1854 3491; x_wconf 78' lang='lat' dir='ltr'><strong>solus</strong></span> <span class='ocrx_word' id='word_1_322' title='bbox 1888 3437 1934 3498; x_wconf 88' lang='lat' dir='ltr'>C</span> <span class='ocrx_word' id='word_1_323' title='bbox 1965 3436 2091 3508; x_wconf 84' lang='lat' dir='ltr'><strong>locis</strong></span> <span class='ocrx_word' id='word_1_324' title='bbox 2112 3436 2236 3508; x_wconf 84' lang='lat' dir='ltr'><strong>mihi</strong></span> <span class='ocrx_word' id='word_1_325' title='bbox 2257 3453 2360 3490; x_wconf 90' lang='lat' dir='ltr'><strong>non</strong></span> <span class='ocrx_word' id='word_1_326' title='bbox 2391 3437 2582 3508; x_wconf 80' lang='lat' dir='ltr'><strong>liquere</strong></span> <span class='ocrx_word' id='word_1_327' title='bbox 2609 3439 2871 3508; x_wconf 72' lang='lat' dir='ltr'><strong>proﬁteor,</strong></span> <span class='ocrx_word' id='word_1_328' title='bbox 2900 3437 2990 3490; x_wconf 86' lang='lat' dir='ltr'><strong>sed</strong></span> <span class='ocrx_word' id='word_1_329' title='bbox 3019 3439 3321 3490; x_wconf 79' lang='lat' dir='ltr'><strong>mutationes</strong></span> <span class='ocrx_word' id='word_1_330' title='bbox 3355 3440 3468 3493; x_wconf 87' lang='lat' dir='ltr'><strong>odi.</strong></span> <span class='ocrx_word' id='word_1_331' title='bbox 3489 3479 3500 3491; x_wconf 94' lang='lat'><strong>.</strong></span> <span class='ocrx_word' id='word_1_332' title='bbox 3519 3479 3534 3495; x_wconf 95' lang='lat'><strong>.</strong></span> 
     </span>
    </p>
   </div>
   <div class='ocr_carea' id='block_1_79' title="bbox 289 3509 1860 3582">
    <p class='ocr_par' dir='ltr' id='par_1_79' title="bbox 289 3509 1860 3582">
     <span class='ocr_line' id='line_1_79' title="bbox 289 3509 1860 3582; baseline -0.003 -18"><span class='ocrx_word' id='word_1_333' title='bbox 289 3514 474 3582; x_wconf 75' lang='lat' dir='ltr'><strong>fet-rum</strong></span> <span class='ocrx_word' id='word_1_334' title='bbox 505 3519 812 3578; x_wconf 82' lang='lat' dir='ltr'><strong>mortemque</strong></span> <span class='ocrx_word' id='word_1_335' title='bbox 826 3511 1000 3582; x_wconf 77' lang='lat' dir='ltr'><strong>timere</strong></span> <span class='ocrx_word' id='word_1_336' title='bbox 1021 3511 1147 3564; x_wconf 81' lang='lat' dir='ltr'><strong>Auri</strong></span> <span class='ocrx_word' id='word_1_337' title='bbox 1168 3512 1322 3564; x_wconf 86' lang='lat' dir='ltr'><strong>nescit</strong></span> <span class='ocrx_word' id='word_1_338' title='bbox 1345 3527 1526 3582; x_wconf 63' lang='lat' dir='ltr'><strong>amor;</strong></span> <span class='ocrx_word' id='word_1_339' title='bbox 1545 3519 1752 3576; x_wconf 82' lang='lat' dir='ltr'><strong>pereunt</strong></span> <span class='ocrx_word' id='word_1_340' title='bbox 1781 3509 1834 3561; x_wconf 88' lang='lat' dir='ltr'><strong>di</strong></span> <span class='ocrx_word' id='word_1_341' title='bbox 1844 3537 1860 3548; x_wconf 76' lang='grc' dir='ltr'><strong><em>ο</em></strong></span> 
     </span>
    </p>
   </div>
   <div class='ocr_carea' id='block_1_80' title="bbox 287 3579 1860 3650">
    <p class='ocr_par' dir='ltr' id='par_1_80' title="bbox 287 3579 1860 3650">
     <span class='ocr_line' id='line_1_80' title="bbox 287 3579 1860 3650; baseline -0.003 -17"><span class='ocrx_word' id='word_1_342' title='bbox 287 3579 524 3633; x_wconf 67' lang='lat' dir='ltr'><strong>inimine</strong></span> <span class='ocrx_word' id='word_1_343' title='bbox 552 3581 694 3633; x_wconf 88' lang='lat' dir='ltr'><strong>nullo</strong></span> <span class='ocrx_word' id='word_1_344' title='bbox 722 3579 934 3632; x_wconf 73' lang='lat' dir='ltr'><strong>Amissa:</strong></span> <span class='ocrx_word' id='word_1_345' title='bbox 977 3581 1127 3650; x_wconf 81' lang='lat' dir='ltr'><strong>leges.</strong></span> <span class='ocrx_word' id='word_1_346' title='bbox 1165 3582 1446 3646; x_wconf 71' lang='lat' dir='ltr'><strong>Virgilius,</strong></span> <span class='ocrx_word' id='word_1_347' title='bbox 1479 3581 1570 3633; x_wconf 83' lang='lat' dir='ltr'><strong>lib.</strong></span> <span class='ocrx_word' id='word_1_348' title='bbox 1601 3595 1675 3638; x_wconf 76' lang='lat' dir='ltr'><strong>vr,</strong></span> <span class='ocrx_word' id='word_1_349' title='bbox 1718 3593 1860 3650; x_wconf 84' lang='lat' dir='ltr'><strong>vers.</strong></span> 
     </span>
    </p>
   </div>
   <div class='ocr_carea' id='block_1_81' title="bbox 287 3649 1864 3720">
    <p class='ocr_par' dir='ltr' id='par_1_81' title="bbox 287 3649 1864 3720">
     <span class='ocr_line' id='line_1_81' title="bbox 287 3649 1864 3720; baseline -0.004 -14"><span class='ocrx_word' id='word_1_350' title='bbox 287 3653 410 3712; x_wconf 71' lang='lat'><strong>652,</strong></span> <span class='ocrx_word' id='word_1_351' title='bbox 441 3650 580 3704; x_wconf 70' lang='lat' dir='ltr'><strong>Fixit</strong></span> <span class='ocrx_word' id='word_1_352' title='bbox 606 3651 736 3720; x_wconf 83' lang='lat' dir='ltr'><strong>leges</strong></span> <span class='ocrx_word' id='word_1_353' title='bbox 765 3651 944 3718; x_wconf 85' lang='lat' dir='ltr'><strong>pretio,</strong></span> <span class='ocrx_word' id='word_1_354' title='bbox 967 3649 1116 3720; x_wconf 83' lang='lat' dir='ltr'><strong>atque</strong></span> <span class='ocrx_word' id='word_1_355' title='bbox 1149 3652 1336 3718; x_wconf 73' lang='lat' dir='ltr'><strong>reﬁxit.</strong></span> <span class='ocrx_word' id='word_1_356' title='bbox 1375 3651 1566 3705; x_wconf 77' lang='lat' dir='ltr'><strong>Verum</strong></span> <span class='ocrx_word' id='word_1_357' title='bbox 1595 3650 1662 3704; x_wconf 87' lang='lat' dir='ltr'><strong>de</strong></span> <span class='ocrx_word' id='word_1_358' title='bbox 1689 3649 1864 3702; x_wconf 88' lang='lat' dir='ltr'><strong>avari-</strong></span> 
     </span>
    </p>
   </div>
   <div class='ocr_carea' id='block_1_82' title="bbox 287 3720 1865 3790">
    <p class='ocr_par' dir='ltr' id='par_1_82' title="bbox 287 3720 1865 3790">
     <span class='ocr_line' id='line_1_82' title="bbox 287 3720 1865 3790; baseline -0.002 -17"><span class='ocrx_word' id='word_1_359' title='bbox 287 3723 377 3786; x_wconf 86' lang='lat' dir='ltr'><strong>tia,</strong></span> <span class='ocrx_word' id='word_1_360' title='bbox 415 3722 596 3774; x_wconf 80' lang='lat' dir='ltr'><strong>radice</strong></span> <span class='ocrx_word' id='word_1_361' title='bbox 623 3720 860 3790; x_wconf 80' lang='lat' dir='ltr'><strong>omnium</strong></span> <span class='ocrx_word' id='word_1_362' title='bbox 905 3721 1197 3786; x_wconf 87' lang='lat' dir='ltr'><strong>malorum,</strong></span> <span class='ocrx_word' id='word_1_363' title='bbox 1247 3721 1548 3790; x_wconf 85' lang='lat' dir='ltr'><strong>hujusmodi</strong></span> <span class='ocrx_word' id='word_1_364' title='bbox 1579 3721 1865 3774; x_wconf 68' lang='lat' dir='ltr'><strong>sententiae</strong></span> 
     </span>
    </p>
   </div>
   <div class='ocr_carea' id='block_1_83' title="bbox 291 3789 911 3860">
    <p class='ocr_par' dir='ltr' id='par_1_83' title="bbox 291 3789 911 3860">
     <span class='ocr_line' id='line_1_83' title="bbox 291 3789 911 3860; baseline -0.005 -16"><span class='ocrx_word' id='word_1_365' title='bbox 291 3795 488 3860; x_wconf 82' lang='lat' dir='ltr'><strong>passim</strong></span> <span class='ocrx_word' id='word_1_366' title='bbox 515 3805 636 3844; x_wconf 85' lang='lat' dir='ltr'><strong>sese</strong></span> <span class='ocrx_word' id='word_1_367' title='bbox 659 3789 911 3844; x_wconf 64' lang='lat' dir='ltr'><strong>oderunt.</strong></span> 
     </span>
    </p>
   </div>
   <div class='ocr_carea' id='block_1_84' title="bbox 355 3859 1865 3926">
    <p class='ocr_par' dir='ltr' id='par_1_84' title="bbox 355 3859 1865 3926">
     <span class='ocr_line' id='line_1_84' title="bbox 355 3859 1865 3926; baseline -0.002 -13"><span class='ocrx_word' id='word_1_368' title='bbox 355 3861 488 3914; x_wconf 72' lang='lat'><strong>20!.</strong></span> <span class='ocrx_word' id='word_1_369' title='bbox 535 3859 784 3913; x_wconf 83' lang='lat' dir='ltr'><strong>Nebrissa</strong></span> <span class='ocrx_word' id='word_1_370' title='bbox 821 3859 1052 3925; x_wconf 81' lang='lat' dir='ltr'><strong>explicat</strong></span> <span class='ocrx_word' id='word_1_371' title='bbox 1092 3875 1278 3915; x_wconf 91' lang='lat' dir='ltr'><strong>aurum</strong></span> <span class='ocrx_word' id='word_1_372' title='bbox 1308 3876 1428 3915; x_wconf 85' lang='lat' dir='ltr'><strong>esse</strong></span> <span class='ocrx_word' id='word_1_373' title='bbox 1457 3873 1720 3914; x_wconf 87' lang='lat' dir='ltr'><strong>venenum</strong></span> <span class='ocrx_word' id='word_1_374' title='bbox 1750 3859 1865 3926; x_wconf 87' lang='lat' dir='ltr'><strong>glo-</strong></span> 
     </span>
    </p>
   </div>
   <div class='ocr_carea' id='block_1_85' title="bbox 289 3929 1866 4000">
    <p class='ocr_par' dir='ltr' id='par_1_85' title="bbox 289 3929 1866 4000">
     <span class='ocr_line' id='line_1_85' title="bbox 289 3929 1866 4000; baseline -0.001 -18"><span class='ocrx_word' id='word_1_375' title='bbox 289 3931 418 3993; x_wconf 68' lang='lat' dir='ltr'><strong>riae,</strong></span> <span class='ocrx_word' id='word_1_376' title='bbox 453 3931 569 3998; x_wconf 82' lang='lat' dir='ltr'><strong>quia</strong></span> <span class='ocrx_word' id='word_1_377' title='bbox 596 3945 662 3982; x_wconf 90' lang='lat' dir='ltr'><strong>eo</strong></span> <span class='ocrx_word' id='word_1_378' title='bbox 701 3943 824 3982; x_wconf 86' lang='lat' dir='ltr'><strong>vera</strong></span> <span class='ocrx_word' id='word_1_379' title='bbox 842 3930 1021 4000; x_wconf 77' lang='lat' dir='ltr'><strong>gloria</strong></span> <span class='ocrx_word' id='word_1_380' title='bbox 1067 3932 1239 3998; x_wconf 83' lang='lat' dir='ltr'><strong>perit,</strong></span> <span class='ocrx_word' id='word_1_381' title='bbox 1273 3941 1366 3984; x_wconf 84' lang='lat' dir='ltr'><strong>aut</strong></span> <span class='ocrx_word' id='word_1_382' title='bbox 1394 3933 1514 4000; x_wconf 78' lang='lat' dir='ltr'><strong>quia</strong></span> <span class='ocrx_word' id='word_1_383' title='bbox 1549 3929 1866 4000; x_wconf 10' lang='lat' dir='ltr'><strong>morerchri-</strong></span> 
     </span>
    </p>
   </div>
   <div class='ocr_carea' id='block_1_86' title="bbox 287 3998 1866 4069">
    <p class='ocr_par' dir='ltr' id='par_1_86' title="bbox 287 3998 1866 4069">
     <span class='ocr_line' id='line_1_86' title="bbox 287 3998 1866 4069; baseline 0 -17"><span class='ocrx_word' id='word_1_384' title='bbox 287 4002 468 4053; x_wconf 76' lang='lat' dir='ltr'><strong>stiano</strong></span> <span class='ocrx_word' id='word_1_385' title='bbox 495 4001 662 4069; x_wconf 86' lang='lat' dir='ltr'><strong>gloria</strong></span> <span class='ocrx_word' id='word_1_386' title='bbox 685 3999 942 4066; x_wconf 86' lang='lat' dir='ltr'><strong>accipitur</strong></span> <span class='ocrx_word' id='word_1_387' title='bbox 967 4015 1062 4066; x_wconf 90' lang='lat' dir='ltr'><strong>pro</strong></span> <span class='ocrx_word' id='word_1_388' title='bbox 1093 4003 1198 4054; x_wconf 87' lang='lat' dir='ltr'><strong>vita</strong></span> <span class='ocrx_word' id='word_1_389' title='bbox 1224 3998 1444 4055; x_wconf 72' lang='lat' dir='ltr'><strong>acterna.</strong></span> <span class='ocrx_word' id='word_1_390' title='bbox 1486 3998 1661 4054; x_wconf 82' lang='lat' dir='ltr'><strong>Prima</strong></span> <span class='ocrx_word' id='word_1_391' title='bbox 1700 3999 1866 4052; x_wconf 84' lang='lat' dir='ltr'><strong>inter-</strong></span> 
     </span>
    </p>
   </div>
   <div class='ocr_carea' id='block_1_87' title="bbox 287 4069 1860 4140">
    <p class='ocr_par' dir='ltr' id='par_1_87' title="bbox 287 4069 1860 4140">
     <span class='ocr_line' id='line_1_87' title="bbox 287 4069 1860 4140; baseline -0.001 -18"><span class='ocrx_word' id='word_1_392' title='bbox 287 4071 524 4138; x_wconf 81' lang='lat' dir='ltr'><strong>pretatio</strong></span> <span class='ocrx_word' id='word_1_393' title='bbox 553 4070 722 4140; x_wconf 78' lang='lat' dir='ltr'><strong>magis</strong></span> <span class='ocrx_word' id='word_1_394' title='bbox 758 4069 962 4137; x_wconf 87' lang='lat' dir='ltr'><strong>placet:</strong></span> <span class='ocrx_word' id='word_1_395' title='bbox 991 4071 1070 4124; x_wconf 83' lang='lat' dir='ltr'><strong>sic</strong></span> <span class='ocrx_word' id='word_1_396' title='bbox 1092 4073 1255 4138; x_wconf 88' lang='lat' dir='ltr'><strong>pudor</strong></span> <span class='ocrx_word' id='word_1_397' title='bbox 1293 4087 1382 4139; x_wconf 85' lang='lat' dir='ltr'><strong>per</strong></span> <span class='ocrx_word' id='word_1_398' title='bbox 1415 4087 1602 4124; x_wconf 87' lang='lat' dir='ltr'><strong>aurum</strong></span> <span class='ocrx_word' id='word_1_399' title='bbox 1629 4069 1860 4134; x_wconf 83' lang='lat' dir='ltr'><strong>soluitur,</strong></span> 
     </span>
    </p>
   </div>
   <div class='ocr_carea' id='block_1_88' title="bbox 289 4139 1102 4208">
    <p class='ocr_par' dir='ltr' id='par_1_88' title="bbox 289 4139 1102 4208">
     <span class='ocr_line' id='line_1_88' title="bbox 289 4139 1102 4208; baseline 0.004 -17"><span class='ocrx_word' id='word_1_400' title='bbox 289 4141 508 4192; x_wconf 62' lang='lat' dir='ltr'><strong>violatur</strong></span> <span class='ocrx_word' id='word_1_401' title='bbox 529 4139 665 4192; x_wconf 16' lang='lat' dir='ltr'><strong>aurai</strong></span> <span class='ocrx_word' id='word_1_402' title='bbox 684 4139 966 4208; x_wconf 82' lang='lat' dir='ltr'><strong>integritas,</strong></span> <span class='ocrx_word' id='word_1_403' title='bbox 1001 4150 1102 4194; x_wconf 80' lang='lat' dir='ltr'><strong>etc.</strong></span> 
     </span>
    </p>
   </div>
   <div class='ocr_carea' id='block_1_89' title="bbox 357 4209 1868 4280">
    <p class='ocr_par' dir='ltr' id='par_1_89' title="bbox 357 4209 1868 4280">
     <span class='ocr_line' id='line_1_89' title="bbox 357 4209 1868 4280; baseline -0.001 -17"><span class='ocrx_word' id='word_1_404' title='bbox 357 4212 492 4263; x_wconf 75' lang='grc'><strong>204.</strong></span> <span class='ocrx_word' id='word_1_405' title='bbox 509 4209 722 4263; x_wconf 80' lang='lat' dir='ltr'><strong>Tcolius</strong></span> <span class='ocrx_word' id='word_1_406' title='bbox 743 4210 816 4262; x_wconf 87' lang='lat' dir='ltr'><strong>ita</strong></span> <span class='ocrx_word' id='word_1_407' title='bbox 841 4210 982 4262; x_wconf 88' lang='lat' dir='ltr'><strong>hunc</strong></span> <span class='ocrx_word' id='word_1_408' title='bbox 1006 4225 1222 4264; x_wconf 87' lang='lat' dir='ltr'><strong>versum</strong></span> <span class='ocrx_word' id='word_1_409' title='bbox 1243 4211 1434 4277; x_wconf 78' lang='lat' dir='ltr'><strong>exponi</strong></span> <span class='ocrx_word' id='word_1_410' title='bbox 1455 4223 1612 4280; x_wconf 82' lang='lat' dir='ltr'><strong>posse</strong></span> <span class='ocrx_word' id='word_1_411' title='bbox 1638 4209 1868 4264; x_wconf 86' lang='lat' dir='ltr'><strong>arbitra-</strong></span> 
     </span>
    </p>
   </div>
   <div class='ocr_carea' id='block_1_90' title="bbox 291 4280 1866 4348">
    <p class='ocr_par' dir='ltr' id='par_1_90' title="bbox 291 4280 1866 4348">
     <span class='ocr_line' id='line_1_90' title="bbox 291 4280 1866 4348; baseline 0.001 -16"><span class='ocrx_word' id='word_1_412' title='bbox 291 4291 418 4332; x_wconf 87' lang='lat' dir='ltr'><strong>tur:</strong></span> <span class='ocrx_word' id='word_1_413' title='bbox 453 4281 510 4332; x_wconf 90' lang='lat' dir='ltr'><strong>Si</strong></span> <span class='ocrx_word' id='word_1_414' title='bbox 547 4280 734 4348; x_wconf 68' lang='lat' dir='ltr'><strong>auaris</strong></span> <span class='ocrx_word' id='word_1_415' title='bbox 773 4295 975 4341; x_wconf 86' lang='lat' dir='ltr'><strong>aurum,</strong></span> <span class='ocrx_word' id='word_1_416' title='bbox 1023 4280 1162 4333; x_wconf 86' lang='lat' dir='ltr'><strong>illius</strong></span> <span class='ocrx_word' id='word_1_417' title='bbox 1191 4282 1460 4346; x_wconf 83' lang='lat' dir='ltr'><strong>splendore</strong></span> <span class='ocrx_word' id='word_1_418' title='bbox 1487 4291 1698 4348; x_wconf 84' lang='lat' dir='ltr'><strong>raptus,</strong></span> <span class='ocrx_word' id='word_1_419' title='bbox 1731 4281 1866 4334; x_wconf 86' lang='lat' dir='ltr'><strong>scias</strong></span> 
     </span>
    </p>
   </div>
   <div class='ocr_carea' id='block_1_91' title="bbox 289 4351 1865 4418">
    <p class='ocr_par' dir='ltr' id='par_1_91' title="bbox 289 4351 1865 4418">
     <span class='ocr_line' id='line_1_91' title="bbox 289 4351 1865 4418; baseline 0.002 -17"><span class='ocrx_word' id='word_1_420' title='bbox 289 4351 574 4402; x_wconf 76' lang='lat' dir='ltr'><strong>humanum</strong></span> <span class='ocrx_word' id='word_1_421' title='bbox 602 4365 758 4418; x_wconf 80' lang='lat' dir='ltr'><strong>genus</strong></span> <span class='ocrx_word' id='word_1_422' title='bbox 787 4365 892 4402; x_wconf 83' lang='lat' dir='ltr'><strong>esse</strong></span> <span class='ocrx_word' id='word_1_423' title='bbox 919 4351 1102 4413; x_wconf 88' lang='lat' dir='ltr'><strong>lucem,</strong></span> <span class='ocrx_word' id='word_1_424' title='bbox 1135 4360 1181 4402; x_wconf 89' lang='lat' dir='ltr'><strong>et</strong></span> <span class='ocrx_word' id='word_1_425' title='bbox 1213 4367 1458 4416; x_wconf 80' lang='lat' dir='ltr'><strong>pauperes</strong></span> <span class='ocrx_word' id='word_1_426' title='bbox 1485 4367 1592 4404; x_wconf 87' lang='lat' dir='ltr'><strong>esse</strong></span> <span class='ocrx_word' id='word_1_427' title='bbox 1632 4351 1865 4404; x_wconf 89' lang='lat' dir='ltr'><strong>alumnos</strong></span> 
     </span>
    </p>
   </div>
   <div class='ocr_carea' id='block_1_92' title="bbox 289 4419 1861 4487">
    <p class='ocr_par' dir='ltr' id='par_1_92' title="bbox 289 4419 1861 4487">
     <span class='ocr_line' id='line_1_92' title="bbox 289 4419 1861 4487; baseline 0.001 -16"><span class='ocrx_word' id='word_1_428' title='bbox 289 4438 376 4472; x_wconf 83' lang='lat' dir='ltr'><strong>seu</strong></span> <span class='ocrx_word' id='word_1_429' title='bbox 402 4421 674 4487; x_wconf 78' lang='lat' dir='ltr'><strong>participes</strong></span> <span class='ocrx_word' id='word_1_430' title='bbox 697 4420 844 4472; x_wconf 90' lang='lat' dir='ltr'><strong>lucis.</strong></span> <span class='ocrx_word' id='word_1_431' title='bbox 871 4419 1057 4472; x_wconf 85' lang='lat' dir='ltr'><strong>Verius</strong></span> <span class='ocrx_word' id='word_1_432' title='bbox 1077 4431 1130 4473; x_wconf 93' lang='lat' dir='ltr'><strong>et</strong></span> <span class='ocrx_word' id='word_1_433' title='bbox 1151 4421 1442 4484; x_wconf 76' lang='lat' dir='ltr'><strong>simplicius</strong></span> <span class='ocrx_word' id='word_1_434' title='bbox 1463 4419 1861 4474; x_wconf 86' lang='lat' dir='ltr'><strong>Nebrissensis:</strong></span> 
     </span>
    </p>
   </div>
   <div class='ocr_carea' id='block_1_93' title="bbox 289 4488 1862 4557">
    <p class='ocr_par' dir='ltr' id='par_1_93' title="bbox 289 4488 1862 4557">
     <span class='ocr_line' id='line_1_93' title="bbox 289 4488 1862 4557; baseline 0.001 -16"><span class='ocrx_word' id='word_1_435' title='bbox 289 4488 547 4552; x_wconf 72' lang='lat' dir='ltr'><strong>Christus,</strong></span> <span class='ocrx_word' id='word_1_436' title='bbox 574 4492 660 4554; x_wconf 84' lang='lat' dir='ltr'><strong>qui</strong></span> <span class='ocrx_word' id='word_1_437' title='bbox 683 4497 756 4542; x_wconf 87' lang='lat' dir='ltr'><strong>est</strong></span> <span class='ocrx_word' id='word_1_438' title='bbox 779 4490 870 4542; x_wconf 78' lang='lat' dir='ltr'><strong>tua:</strong></span> <span class='ocrx_word' id='word_1_439' title='bbox 889 4490 1084 4554; x_wconf 82' lang='lat' dir='ltr'><strong>mundi,</strong></span> <span class='ocrx_word' id='word_1_440' title='bbox 1109 4499 1154 4542; x_wconf 88' lang='lat' dir='ltr'><strong>et</strong></span> <span class='ocrx_word' id='word_1_441' title='bbox 1177 4490 1402 4542; x_wconf 83' lang='lat' dir='ltr'><strong>homines</strong></span> <span class='ocrx_word' id='word_1_442' title='bbox 1429 4491 1491 4542; x_wconf 91' lang='lat' dir='ltr'><strong>ab</strong></span> <span class='ocrx_word' id='word_1_443' title='bbox 1511 4507 1567 4542; x_wconf 89' lang='lat' dir='ltr'><strong>eo</strong></span> <span class='ocrx_word' id='word_1_444' title='bbox 1595 4491 1862 4557; x_wconf 79' lang='lat' dir='ltr'><strong>redempti.</strong></span> 
     </span>
    </p>
   </div>
   <div class='ocr_carea' id='block_1_94' title="bbox 293 4558 1868 4630">
    <p class='ocr_par' dir='ltr' id='par_1_94' title="bbox 293 4558 1868 4630">
     <span class='ocr_line' id='line_1_94' title="bbox 293 4558 1868 4630; baseline -0.001 -17"><span class='ocrx_word' id='word_1_445' title='bbox 293 4559 452 4613; x_wconf 83' lang='lat' dir='ltr'><strong>Unde</strong></span> <span class='ocrx_word' id='word_1_446' title='bbox 475 4560 644 4613; x_wconf 75' lang='lat' dir='ltr'><strong>subdit</strong></span> <span class='ocrx_word' id='word_1_447' title='bbox 667 4575 686 4612; x_wconf 91' lang='lat'><strong><em>:</em></strong></span> <span class='ocrx_word' id='word_1_448' title='bbox 715 4558 790 4611; x_wconf 83' lang='lat' dir='ltr'><strong>Hi</strong></span> <span class='ocrx_word' id='word_1_449' title='bbox 809 4567 924 4612; x_wconf 83' lang='lat' dir='ltr'><strong>sunt</strong></span> <span class='ocrx_word' id='word_1_450' title='bbox 952 4558 1144 4612; x_wconf 85' lang='lat' dir='ltr'><strong>alumni</strong></span> <span class='ocrx_word' id='word_1_451' title='bbox 1171 4561 1375 4613; x_wconf 87' lang='lat' dir='ltr'><strong>luminis</strong></span> <span class='ocrx_word' id='word_1_452' title='bbox 1399 4575 1418 4622; x_wconf 89' lang='lat'><em>;</em></span> <span class='ocrx_word' id='word_1_453' title='bbox 1448 4559 1511 4614; x_wconf 91' lang='lat' dir='ltr'><strong>de</strong></span> <span class='ocrx_word' id='word_1_454' title='bbox 1536 4577 1634 4630; x_wconf 90' lang='lat' dir='ltr'><strong>quo</strong></span> <span class='ocrx_word' id='word_1_455' title='bbox 1675 4561 1868 4613; x_wconf 89' lang='lat' dir='ltr'><strong>lumine</strong></span> 
     </span>
    </p>
   </div>
   <div class='ocr_carea' id='block_1_95' title="bbox 291 4630 1866 4696">
    <p class='ocr_par' dir='ltr' id='par_1_95' title="bbox 291 4630 1866 4696">
     <span class='ocr_line' id='line_1_95' title="bbox 291 4630 1866 4696; baseline 0.001 -14"><span class='ocrx_word' id='word_1_456' title='bbox 291 4631 524 4683; x_wconf 84' lang='lat' dir='ltr'><strong>Joannes</strong></span> <span class='ocrx_word' id='word_1_457' title='bbox 549 4630 762 4695; x_wconf 80' lang='lat' dir='ltr'><strong>prtebuit</strong></span> <span class='ocrx_word' id='word_1_458' title='bbox 791 4630 1126 4682; x_wconf 85' lang='lat' dir='ltr'><strong>testimonium</strong></span> <span class='ocrx_word' id='word_1_459' title='bbox 1157 4646 1271 4696; x_wconf 83' lang='lat' dir='ltr'><strong>cap.</strong></span> <span class='ocrx_word' id='word_1_460' title='bbox 1299 4647 1338 4684; x_wconf 81' lang='grc' dir='ltr'><strong>ι.</strong></span> <span class='ocrx_word' id='word_1_461' title='bbox 1375 4631 1515 4684; x_wconf 87' lang='lat' dir='ltr'><strong>Sane</strong></span> <span class='ocrx_word' id='word_1_462' title='bbox 1553 4631 1866 4684; x_wconf 88' lang='lat' dir='ltr'><strong>Laurentius</strong></span> 
     </span>
    </p>
   </div>
   <div class='ocr_carea' id='block_1_96' title="bbox 289 4699 1862 4767">
    <p class='ocr_par' dir='ltr' id='par_1_96' title="bbox 289 4699 1862 4767">
     <span class='ocr_line' id='line_1_96' title="bbox 289 4699 1862 4767; baseline 0 -16"><span class='ocrx_word' id='word_1_463' title='bbox 289 4703 576 4754; x_wconf 61' lang='lat' dir='ltr'><strong>occasione</strong></span> <span class='ocrx_word' id='word_1_464' title='bbox 597 4701 734 4764; x_wconf 85' lang='lat' dir='ltr'><strong>auri,</strong></span> <span class='ocrx_word' id='word_1_465' title='bbox 767 4699 907 4766; x_wconf 89' lang='lat' dir='ltr'><strong>quod</strong></span> <span class='ocrx_word' id='word_1_466' title='bbox 947 4699 1227 4767; x_wconf 63' lang='lat' dir='ltr'><strong>praefectus</strong></span> <span class='ocrx_word' id='word_1_467' title='bbox 1268 4701 1550 4766; x_wconf 87' lang='lat' dir='ltr'><strong>cupiebat.</strong></span> <span class='ocrx_word' id='word_1_468' title='bbox 1593 4700 1862 4754; x_wconf 85' lang='lat' dir='ltr'><strong>Christum</strong></span> 
     </span>
    </p>
   </div>
   <div class='ocr_carea' id='block_1_97' title="bbox 291 4769 1864 4838">
    <p class='ocr_par' dir='ltr' id='par_1_97' title="bbox 291 4769 1864 4838">
     <span class='ocr_line' id='line_1_97' title="bbox 291 4769 1864 4838; baseline 0.002 -18"><span class='ocrx_word' id='word_1_469' title='bbox 291 4785 484 4823; x_wconf 86' lang='lat' dir='ltr'><strong>verum</strong></span> <span class='ocrx_word' id='word_1_470' title='bbox 507 4787 690 4823; x_wconf 84' lang='lat' dir='ltr'><strong>aurum</strong></span> <span class='ocrx_word' id='word_1_471' title='bbox 715 4778 766 4822; x_wconf 88' lang='lat' dir='ltr'><strong>et</strong></span> <span class='ocrx_word' id='word_1_472' title='bbox 793 4771 964 4838; x_wconf 86' lang='lat' dir='ltr'><strong>lucem</strong></span> <span class='ocrx_word' id='word_1_473' title='bbox 989 4781 1284 4836; x_wconf 85' lang='lat' dir='ltr'><strong>opportune</strong></span> <span class='ocrx_word' id='word_1_474' title='bbox 1307 4770 1382 4823; x_wconf 91' lang='lat' dir='ltr'><strong>illi</strong></span> <span class='ocrx_word' id='word_1_475' title='bbox 1405 4769 1730 4837; x_wconf 66' lang='lat' dir='ltr'><strong>prardicavit.</strong></span> <span class='ocrx_word' id='word_1_476' title='bbox 1761 4770 1864 4823; x_wconf 91' lang='lat' dir='ltr'><strong>To-</strong></span> 
     </span>
    </p>
   </div>
   <div class='ocr_carea' id='block_1_98' title="bbox 293 4837 1872 4910">
    <p class='ocr_par' dir='ltr' id='par_1_98' title="bbox 293 4837 1872 4910">
     <span class='ocr_line' id='line_1_98' title="bbox 293 4837 1872 4910; baseline 0 -18"><span class='ocrx_word' id='word_1_477' title='bbox 293 4841 438 4893; x_wconf 83' lang='lat' dir='ltr'><strong>letus</strong></span> <span class='ocrx_word' id='word_1_478' title='bbox 467 4843 516 4894; x_wconf 88' lang='lat' dir='ltr'><strong>in</strong></span> <span class='ocrx_word' id='word_1_479' title='bbox 544 4855 662 4900; x_wconf 83' lang='lat' dir='ltr'><strong>cap.</strong></span> <span class='ocrx_word' id='word_1_480' title='bbox 691 4837 974 4904; x_wconf 75' lang='lat' dir='ltr'><strong>tlnannis,</strong></span> <span class='ocrx_word' id='word_1_481' title='bbox 1007 4837 1197 4910; x_wconf 79' lang='lat' dir='ltr'><strong>Magno</strong></span> <span class='ocrx_word' id='word_1_482' title='bbox 1225 4838 1438 4894; x_wconf 87' lang='lat' dir='ltr'><strong>consilio</strong></span> <span class='ocrx_word' id='word_1_483' title='bbox 1469 4849 1684 4909; x_wconf 85' lang='lat' dir='ltr'><strong>utraque</strong></span> <span class='ocrx_word' id='word_1_484' title='bbox 1699 4841 1872 4910; x_wconf 31' lang='lat' dir='ltr'><strong>Aloeu-</strong></span> 
     </span>
    </p>
   </div>
   <div class='ocr_carea' id='block_1_99' title="bbox 293 4907 1878 4979">
    <p class='ocr_par' dir='ltr' id='par_1_99' title="bbox 293 4907 1878 4979">
     <span class='ocr_line' id='line_1_99' title="bbox 293 4907 1878 4979; baseline 0 -19"><span class='ocrx_word' id='word_1_485' title='bbox 293 4911 436 4964; x_wconf 81' lang='lat' dir='ltr'><strong>tione</strong></span> <span class='ocrx_word' id='word_1_486' title='bbox 457 4911 678 4964; x_wconf 80' lang='lat' dir='ltr'><strong>Joannes</strong></span> <span class='ocrx_word' id='word_1_487' title='bbox 705 4912 756 4962; x_wconf 85' lang='lat' dir='ltr'><strong>in</strong></span> <span class='ocrx_word' id='word_1_488' title='bbox 788 4911 1021 4976; x_wconf 70' lang='lat' dir='ltr'><strong>praesenti</strong></span> <span class='ocrx_word' id='word_1_489' title='bbox 1047 4907 1167 4962; x_wconf 76' lang='lat' dir='ltr'><strong>usus</strong></span> <span class='ocrx_word' id='word_1_490' title='bbox 1196 4919 1266 4970; x_wconf 69' lang='lat' dir='ltr'><strong>es;</strong></span> <span class='ocrx_word' id='word_1_491' title='bbox 1290 4926 1306 4960; x_wconf 90' lang='lat'><em>:</em></span> <span class='ocrx_word' id='word_1_492' title='bbox 1331 4911 1462 4962; x_wconf 72' lang='lat' dir='ltr'><strong>dixit</strong></span> <span class='ocrx_word' id='word_1_493' title='bbox 1497 4907 1629 4962; x_wconf 83' lang='lat' dir='ltr'><strong>enim</strong></span> <span class='ocrx_word' id='word_1_494' title='bbox 1651 4927 1668 4962; x_wconf 91' lang='lat'><em>:</em></span> <span class='ocrx_word' id='word_1_495' title='bbox 1687 4907 1752 4962; x_wconf 89' lang='lat' dir='ltr'><strong>In</strong></span> <span class='ocrx_word' id='word_1_496' title='bbox 1769 4911 1878 4979; x_wconf 84' lang='lat' dir='ltr'><strong>ipso</strong></span> 
     </span>
    </p>
   </div>
   <div class='ocr_carea' id='block_1_100' title="bbox 291 4979 1878 5049">
    <p class='ocr_par' dir='ltr' id='par_1_100' title="bbox 291 4979 1878 5049">
     <span class='ocr_line' id='line_1_100' title="bbox 291 4979 1878 5049; baseline -0.001 -17"><span class='ocrx_word' id='word_1_497' title='bbox 291 4981 398 5032; x_wconf 70' lang='lat' dir='ltr'><strong>vita</strong></span> <span class='ocrx_word' id='word_1_498' title='bbox 427 4991 561 5045; x_wconf 84' lang='lat' dir='ltr'><strong>erat,</strong></span> <span class='ocrx_word' id='word_1_499' title='bbox 609 4982 692 5032; x_wconf 85' lang='lat' dir='ltr'><strong>ubi</strong></span> <span class='ocrx_word' id='word_1_500' title='bbox 733 4981 830 5031; x_wconf 79' lang='lat' dir='ltr'><strong>vita</strong></span> <span class='ocrx_word' id='word_1_501' title='bbox 859 4995 949 5048; x_wconf 86' lang='lat' dir='ltr'><strong>pro</strong></span> <span class='ocrx_word' id='word_1_502' title='bbox 998 4996 1054 5030; x_wconf 83' lang='lat' dir='ltr'><strong>ea</strong></span> <span class='ocrx_word' id='word_1_503' title='bbox 1088 4995 1242 5048; x_wconf 85' lang='lat' dir='ltr'><strong>quam</strong></span> <span class='ocrx_word' id='word_1_504' title='bbox 1277 4979 1498 5032; x_wconf 78' lang='lat' dir='ltr'><strong>Verbum</strong></span> <span class='ocrx_word' id='word_1_505' title='bbox 1529 4981 1674 5049; x_wconf 74' lang='lat' dir='ltr'><strong>efﬁcit</strong></span> <span class='ocrx_word' id='word_1_506' title='bbox 1713 4989 1758 5032; x_wconf 86' lang='lat' dir='ltr'><strong>et</strong></span> <span class='ocrx_word' id='word_1_507' title='bbox 1791 4981 1878 5031; x_wconf 84' lang='lat' dir='ltr'><strong>dat</strong></span> 
     </span>
    </p>
   </div>
   <div class='ocr_carea' id='block_1_101' title="bbox 291 5049 1880 5120">
    <p class='ocr_par' dir='ltr' id='par_1_101' title="bbox 291 5049 1880 5120">
     <span class='ocr_line' id='line_1_101' title="bbox 291 5049 1880 5120; baseline 0.001 -20"><span class='ocrx_word' id='word_1_508' title='bbox 291 5051 463 5112; x_wconf 72' lang='lat' dir='ltr'><strong>nobis,</strong></span> <span class='ocrx_word' id='word_1_509' title='bbox 487 5049 936 5120; x_wconf 54' lang='lat' dir='ltr'><strong>ponitur:_l’ostea</strong></span> <span class='ocrx_word' id='word_1_510' title='bbox 966 5049 1230 5120; x_wconf 74' lang='lat' dir='ltr'><strong>subjunxit</strong></span> <span class='ocrx_word' id='word_1_511' title='bbox 1254 5067 1270 5100; x_wconf 92' lang='lat'><em>:</em></span> <span class='ocrx_word' id='word_1_512' title='bbox 1303 5049 1367 5100; x_wconf 85' lang='lat' dir='ltr'><strong>Et</strong></span> <span class='ocrx_word' id='word_1_513' title='bbox 1394 5053 1494 5102; x_wconf 83' lang='lat' dir='ltr'><strong>vita</strong></span> <span class='ocrx_word' id='word_1_514' title='bbox 1519 5061 1624 5102; x_wconf 87' lang='lat' dir='ltr'><strong>erat</strong></span> <span class='ocrx_word' id='word_1_515' title='bbox 1657 5052 1765 5114; x_wconf 74' lang='lat' dir='ltr'><strong>huc,</strong></span> <span class='ocrx_word' id='word_1_516' title='bbox 1794 5050 1880 5103; x_wconf 85' lang='lat' dir='ltr'><strong>ubi</strong></span> 
     </span>
    </p>
   </div>
   <div class='ocr_carea' id='block_1_102' title="bbox 293 5118 1805 5190">
    <p class='ocr_par' dir='ltr' id='par_1_102' title="bbox 293 5118 1805 5190">
     <span class='ocr_line' id='line_1_102' title="bbox 293 5118 1805 5190; baseline 0.001 -18"><span class='ocrx_word' id='word_1_517' title='bbox 293 5121 402 5173; x_wconf 78' lang='lat' dir='ltr'><strong>uita</strong></span> <span class='ocrx_word' id='word_1_518' title='bbox 428 5118 516 5186; x_wconf 82' lang='lat' dir='ltr'><strong>pro</strong></span> <span class='ocrx_word' id='word_1_519' title='bbox 546 5123 656 5190; x_wconf 83' lang='lat' dir='ltr'><strong>ipso</strong></span> <span class='ocrx_word' id='word_1_520' title='bbox 703 5118 891 5182; x_wconf 85' lang='lat' dir='ltr'><strong>Verbo,</strong></span> <span class='ocrx_word' id='word_1_521' title='bbox 922 5118 1062 5187; x_wconf 86' lang='lat' dir='ltr'><strong>quod</strong></span> <span class='ocrx_word' id='word_1_522' title='bbox 1090 5131 1162 5172; x_wconf 87' lang='lat' dir='ltr'><strong>est</strong></span> <span class='ocrx_word' id='word_1_523' title='bbox 1191 5135 1348 5171; x_wconf 86' lang='lat' dir='ltr'><strong>causa</strong></span> <span class='ocrx_word' id='word_1_524' title='bbox 1379 5121 1511 5180; x_wconf 72' lang='lat' dir='ltr'><strong>vitta,</strong></span> <span class='ocrx_word' id='word_1_525' title='bbox 1538 5121 1805 5182; x_wconf 78' lang='lat' dir='ltr'><strong>accipitur.</strong></span> 
     </span>
    </p>
   </div>
   <div class='ocr_carea' id='block_1_103' title="bbox 363 5189 1879 5260">
    <p class='ocr_par' dir='ltr' id='par_1_103' title="bbox 363 5189 1879 5260">
     <span class='ocr_line' id='line_1_103' title="bbox 363 5189 1879 5260; baseline 0.001 -16"><span class='ocrx_word' id='word_1_526' title='bbox 363 5191 492 5260; x_wconf 69' lang='grc'><strong>209.</strong></span> <span class='ocrx_word' id='word_1_527' title='bbox 529 5189 602 5245; x_wconf 83' lang='lat' dir='ltr'><strong>De</strong></span> <span class='ocrx_word' id='word_1_528' title='bbox 626 5189 726 5244; x_wconf 85' lang='lat' dir='ltr'><strong>hoc</strong></span> <span class='ocrx_word' id='word_1_529' title='bbox 753 5190 918 5243; x_wconf 86' lang='lat' dir='ltr'><strong>verbo</strong></span> <span class='ocrx_word' id='word_1_530' title='bbox 942 5190 1164 5260; x_wconf 81' lang='lat' dir='ltr'><strong>disjicit,</strong></span> <span class='ocrx_word' id='word_1_531' title='bbox 1184 5199 1291 5260; x_wconf 83' lang='lat' dir='ltr'><strong>aut</strong></span> <span class='ocrx_word' id='word_1_532' title='bbox 1315 5191 1518 5260; x_wconf 81' lang='lat' dir='ltr'><strong>dissice,</strong></span> <span class='ocrx_word' id='word_1_533' title='bbox 1552 5199 1606 5243; x_wconf 89' lang='lat' dir='ltr'><strong>ut</strong></span> <span class='ocrx_word' id='word_1_534' title='bbox 1625 5190 1879 5260; x_wconf 85' lang='lat' dir='ltr'><strong>plerique</strong></span> 
     </span>
    </p>
   </div>
   <div class='ocr_carea' id='block_1_104' title="bbox 289 5257 1876 5324">
    <p class='ocr_par' dir='ltr' id='par_1_104' title="bbox 289 5257 1876 5324">
     <span class='ocr_line' id='line_1_104' title="bbox 289 5257 1876 5324; baseline 0.001 -11"><span class='ocrx_word' id='word_1_535' title='bbox 289 5259 458 5313; x_wconf 85' lang='lat' dir='ltr'><strong>codd.</strong></span> <span class='ocrx_word' id='word_1_536' title='bbox 499 5261 764 5321; x_wconf 84' lang='lat' dir='ltr'><strong>scribunt.</strong></span> <span class='ocrx_word' id='word_1_537' title='bbox 791 5266 884 5312; x_wconf 87' lang='lat' dir='ltr'><strong>aut</strong></span> <span class='ocrx_word' id='word_1_538' title='bbox 909 5257 1062 5312; x_wconf 43' lang='lat' dir='ltr'><strong>uno&#39;s</strong></span> <span class='ocrx_word' id='word_1_539' title='bbox 1091 5259 1282 5324; x_wconf 76' lang='lat' dir='ltr'><strong>disicit,</strong></span> <span class='ocrx_word' id='word_1_540' title='bbox 1315 5269 1374 5314; x_wconf 90' lang='lat' dir='ltr'><strong>ut</strong></span> <span class='ocrx_word' id='word_1_541' title='bbox 1419 5257 1581 5314; x_wconf 88' lang='lat' dir='ltr'><strong>habet</strong></span> <span class='ocrx_word' id='word_1_542' title='bbox 1621 5259 1766 5324; x_wconf 82' lang='lat' dir='ltr'><strong>Rat.,</strong></span> <span class='ocrx_word' id='word_1_543' title='bbox 1793 5257 1876 5314; x_wconf 84' lang='lat' dir='ltr'><strong>di-</strong></span> 
     </span>
    </p>
   </div>
   <div class='ocr_carea' id='block_1_105' title="bbox 287 5329 1876 5399">
    <p class='ocr_par' dir='ltr' id='par_1_105' title="bbox 287 5329 1876 5399">
     <span class='ocr_line' id='line_1_105' title="bbox 287 5329 1876 5399; baseline 0.002 -20"><span class='ocrx_word' id='word_1_544' title='bbox 287 5339 442 5399; x_wconf 71' lang='lat' dir='ltr'><strong>ctum</strong></span> <span class='ocrx_word' id='word_1_545' title='bbox 464 5330 570 5398; x_wconf 84' lang='lat' dir='ltr'><strong>jam</strong></span> <span class='ocrx_word' id='word_1_546' title='bbox 597 5341 682 5384; x_wconf 86' lang='lat' dir='ltr'><strong>est</strong></span> <span class='ocrx_word' id='word_1_547' title='bbox 703 5329 768 5382; x_wconf 91' lang='lat' dir='ltr'><strong>ad</strong></span> <span class='ocrx_word' id='word_1_548' title='bbox 795 5329 1020 5399; x_wconf 66' lang='lat' dir='ltr'><strong>hymuJ</strong></span> <span class='ocrx_word' id='word_1_549' title='bbox 1050 5329 1392 5399; x_wconf 76' lang='lat' dir='ltr'><strong>Calh.,vers.</strong></span> <span class='ocrx_word' id='word_1_550' title='bbox 1415 5331 1507 5383; x_wconf 85' lang='lat'><strong>97.</strong></span> <span class='ocrx_word' id='word_1_551' title='bbox 1533 5329 1876 5392; x_wconf 84' lang='lat' dir='ltr'><strong>Ald.,Fabr.,</strong></span> 
     </span>
    </p>
   </div>
   <div class='ocr_carea' id='block_1_106' title="bbox 287 5398 1886 5462">
    <p class='ocr_par' dir='ltr' id='par_1_106' title="bbox 287 5398 1886 5462">
     <span class='ocr_line' id='line_1_106' title="bbox 287 5398 1886 5462; baseline 0.001 -11"><span class='ocrx_word' id='word_1_552' title='bbox 287 5398 416 5452; x_wconf 79' lang='lat' dir='ltr'><strong>Gis.</strong></span> <span class='ocrx_word' id='word_1_553' title='bbox 449 5400 498 5452; x_wconf 88' lang='lat' dir='ltr'><strong>in</strong></span> <span class='ocrx_word' id='word_1_554' title='bbox 525 5411 802 5462; x_wconf 81' lang='lat' dir='ltr'><strong>contextu,</strong></span> <span class='ocrx_word' id='word_1_555' title='bbox 827 5398 1064 5452; x_wconf 83' lang='lat' dir='ltr'><strong>dissecat.</strong></span> <span class='ocrx_word' id='word_1_556' title='bbox 1097 5398 1443 5461; x_wconf 85' lang='lat' dir='ltr'><strong>Parrhasius,</strong></span> <span class='ocrx_word' id='word_1_557' title='bbox 1471 5399 1587 5453; x_wconf 86' lang='lat' dir='ltr'><strong>Gis.</strong></span> <span class='ocrx_word' id='word_1_558' title='bbox 1614 5401 1678 5452; x_wconf 81' lang='lat' dir='ltr'><strong>ad</strong></span> <span class='ocrx_word' id='word_1_559' title='bbox 1705 5413 1852 5452; x_wconf 85' lang='lat' dir='ltr'><strong>oram</strong></span> <span class='ocrx_word' id='word_1_560' title='bbox 1871 5440 1886 5462; x_wconf 94' lang='lat'><strong>,</strong></span> 
     </span>
    </p>
   </div>
   <div class='ocr_carea' id='block_1_107' title="bbox 290 5467 1888 5534">
    <p class='ocr_par' dir='ltr' id='par_1_107' title="bbox 290 5467 1888 5534">
     <span class='ocr_line' id='line_1_107' title="bbox 290 5467 1888 5534; baseline 0.002 -14"><span class='ocrx_word' id='word_1_561' title='bbox 290 5469 452 5521; x_wconf 82' lang='lat' dir='ltr'><strong>Sich.</strong></span> <span class='ocrx_word' id='word_1_562' title='bbox 481 5481 533 5524; x_wconf 89' lang='lat' dir='ltr'><strong>et</strong></span> <span class='ocrx_word' id='word_1_563' title='bbox 559 5470 673 5534; x_wconf 84' lang='lat' dir='ltr'><strong>alii,</strong></span> <span class='ocrx_word' id='word_1_564' title='bbox 723 5471 937 5522; x_wconf 79' lang='lat' dir='ltr'><strong>dissicit.</strong></span> <span class='ocrx_word' id='word_1_565' title='bbox 975 5467 1218 5522; x_wconf 85' lang='lat' dir='ltr'><strong>Gilanius</strong></span> <span class='ocrx_word' id='word_1_566' title='bbox 1248 5471 1300 5522; x_wconf 92' lang='lat' dir='ltr'><strong>in</strong></span> <span class='ocrx_word' id='word_1_567' title='bbox 1345 5470 1612 5524; x_wconf 71' lang='lat' dir='ltr'><strong>Pnoncnnn</strong></span> <span class='ocrx_word' id='word_1_568' title='bbox 1635 5471 1709 5523; x_wconf 88' lang='lat' dir='ltr'><strong>ait</strong></span> <span class='ocrx_word' id='word_1_569' title='bbox 1751 5484 1810 5523; x_wconf 84' lang='lat' dir='ltr'><strong>se</strong></span> <span class='ocrx_word' id='word_1_570' title='bbox 1836 5470 1888 5523; x_wconf 89' lang='lat' dir='ltr'><strong>in</strong></span> 
     </span>
    </p>
   </div>
   <div class='ocr_carea' id='block_1_108' title="bbox 285 5539 1890 5608">
    <p class='ocr_par' dir='ltr' id='par_1_108' title="bbox 285 5539 1890 5608">
     <span class='ocr_line' id='line_1_108' title="bbox 285 5539 1890 5608; baseline 0.001 -18"><span class='ocrx_word' id='word_1_571' title='bbox 285 5539 478 5592; x_wconf 81' lang='lat' dir='ltr'><strong>Ovidii</strong></span> <span class='ocrx_word' id='word_1_572' title='bbox 497 5551 550 5594; x_wconf 85' lang='lat' dir='ltr'><strong>et</strong></span> <span class='ocrx_word' id='word_1_573' title='bbox 575 5539 846 5594; x_wconf 85' lang='lat' dir='ltr'><strong>Prudentii</strong></span> <span class='ocrx_word' id='word_1_574' title='bbox 877 5553 1008 5592; x_wconf 82' lang='lat' dir='ltr'><strong>mss.</strong></span> <span class='ocrx_word' id='word_1_575' title='bbox 1045 5541 1322 5593; x_wconf 81' lang='lat' dir='ltr'><strong>invenisse</strong></span> <span class='ocrx_word' id='word_1_576' title='bbox 1351 5541 1567 5600; x_wconf 82' lang='lat' dir='ltr'><strong>dissicit,</strong></span> <span class='ocrx_word' id='word_1_577' title='bbox 1599 5549 1652 5593; x_wconf 91' lang='lat' dir='ltr'><strong>et</strong></span> <span class='ocrx_word' id='word_1_578' title='bbox 1681 5541 1732 5592; x_wconf 90' lang='lat' dir='ltr'><strong>in</strong></span> <span class='ocrx_word' id='word_1_579' title='bbox 1758 5553 1890 5608; x_wconf 87' lang='lat' dir='ltr'><strong>quo-</strong></span> 
     </span>
    </p>
   </div>
   <div class='ocr_carea' id='block_1_109' title="bbox 287 5608 1885 5680">
    <p class='ocr_par' dir='ltr' id='par_1_109' title="bbox 287 5608 1885 5680">
     <span class='ocr_line' id='line_1_109' title="bbox 287 5608 1885 5680; baseline 0.003 -21"><span class='ocrx_word' id='word_1_580' title='bbox 287 5610 426 5680; x_wconf 71' lang='lat' dir='ltr'><strong>dam</strong></span> <span class='ocrx_word' id='word_1_581' title='bbox 451 5621 552 5680; x_wconf 82' lang='lat' dir='ltr'><strong>vet.</strong></span> <span class='ocrx_word' id='word_1_582' title='bbox 589 5609 862 5663; x_wconf 86' lang='lat' dir='ltr'><strong>Prudentii</strong></span> <span class='ocrx_word' id='word_1_583' title='bbox 895 5609 1102 5674; x_wconf 80' lang='lat' dir='ltr'><strong>disicit;</strong></span> <span class='ocrx_word' id='word_1_584' title='bbox 1132 5618 1183 5663; x_wconf 90' lang='lat' dir='ltr'><strong>et</strong></span> <span class='ocrx_word' id='word_1_585' title='bbox 1212 5609 1352 5680; x_wconf 85' lang='lat' dir='ltr'><strong>apud</strong></span> <span class='ocrx_word' id='word_1_586' title='bbox 1373 5608 1653 5678; x_wconf 82' lang='lat' dir='ltr'><strong>Virgilium</strong></span> <span class='ocrx_word' id='word_1_587' title='bbox 1676 5611 1746 5680; x_wconf 12' lang='lat' dir='ltr'><strong>fin</strong></span> <span class='ocrx_word' id='word_1_588' title='bbox 1775 5619 1885 5666; x_wconf 88' lang='lat' dir='ltr'><strong>vel.</strong></span> 
     </span>
    </p>
   </div>
   <div class='ocr_carea' id='block_1_110' title="bbox 286 5677 1885 5744">
    <p class='ocr_par' dir='ltr' id='par_1_110' title="bbox 286 5677 1885 5744">
     <span class='ocr_line' id='line_1_110' title="bbox 286 5677 1885 5744; baseline 0.001 -13"><span class='ocrx_word' id='word_1_589' title='bbox 286 5677 396 5733; x_wconf 79' lang='lat' dir='ltr'><strong>lih.</strong></span> <span class='ocrx_word' id='word_1_590' title='bbox 433 5679 610 5734; x_wconf 78' lang='lat' dir='ltr'><strong>dissice</strong></span> <span class='ocrx_word' id='word_1_591' title='bbox 650 5687 960 5734; x_wconf 85' lang='lat' dir='ltr'><strong>constanter</strong></span> <span class='ocrx_word' id='word_1_592' title='bbox 989 5677 1293 5744; x_wconf 82' lang='lat' dir='ltr'><strong>exaratum,</strong></span> <span class='ocrx_word' id='word_1_593' title='bbox 1325 5677 1602 5734; x_wconf 84' lang='lat' dir='ltr'><strong>monuisse</strong></span> <span class='ocrx_word' id='word_1_594' title='bbox 1631 5679 1885 5734; x_wconf 79' lang='lat' dir='ltr'><strong>l‘ierium.</strong></span> 
     </span>
    </p>
   </div>
   <div class='ocr_carea' id='block_1_111' title="bbox 287 5747 1888 5819">
    <p class='ocr_par' dir='ltr' id='par_1_111' title="bbox 287 5747 1888 5819">
     <span class='ocr_line' id='line_1_111' title="bbox 287 5747 1888 5819; baseline 0.001 -17"><span class='ocrx_word' id='word_1_595' title='bbox 287 5747 550 5803; x_wconf 62' lang='lat' dir='ltr'><strong>Craterum</strong></span> <span class='ocrx_word' id='word_1_596' title='bbox 579 5749 776 5816; x_wconf 80' lang='lat' dir='ltr'><strong>(addit)</strong></span> <span class='ocrx_word' id='word_1_597' title='bbox 809 5760 862 5802; x_wconf 86' lang='lat' dir='ltr'><strong>ut</strong></span> <span class='ocrx_word' id='word_1_598' title='bbox 892 5751 1108 5819; x_wconf 82' lang='lat' dir='ltr'><strong>ingenue</strong></span> <span class='ocrx_word' id='word_1_599' title='bbox 1147 5749 1316 5802; x_wconf 83' lang='lat' dir='ltr'><strong>dicam</strong></span> <span class='ocrx_word' id='word_1_600' title='bbox 1341 5750 1476 5817; x_wconf 87' lang='lat' dir='ltr'><strong>quod</strong></span> <span class='ocrx_word' id='word_1_601' title='bbox 1507 5751 1690 5816; x_wconf 86' lang='lat' dir='ltr'><strong>sentio,</strong></span> <span class='ocrx_word' id='word_1_602' title='bbox 1724 5753 1786 5804; x_wconf 87' lang='lat' dir='ltr'><strong>de</strong></span> <span class='ocrx_word' id='word_1_603' title='bbox 1809 5749 1888 5805; x_wconf 78' lang='lat' dir='ltr'><strong>his</strong></span> 
     </span>
    </p>
   </div>
   <div class='ocr_carea' id='block_1_112' title="bbox 1903 4807 1956 4868">
    <p class='ocr_par' dir='ltr' id='par_1_112' title="bbox 1903 4807 1956 4868">
     <span class='ocr_line' id='line_1_112' title="bbox 1903 4807 1956 4868; baseline 0 -2"><span class='ocrx_word' id='word_1_604' title='bbox 1903 4807 1956 4868; x_wconf 88' lang='lat' dir='ltr'><strong>D</strong></span> 
     </span>
    </p>
   </div>
   <div class='ocr_carea' id='block_1_113' title="bbox 1969 3506 3536 3576">
    <p class='ocr_par' dir='ltr' id='par_1_113' title="bbox 1969 3506 3536 3576">
     <span class='ocr_line' id='line_1_113' title="bbox 1969 3506 3536 3576; baseline 0.003 -17"><span class='ocrx_word' id='word_1_605' title='bbox 1969 3507 2312 3572; x_wconf 67' lang='lat' dir='ltr'><strong>(inserendum</strong></span> <span class='ocrx_word' id='word_1_606' title='bbox 2340 3506 2460 3576; x_wconf 80' lang='lat' dir='ltr'><strong>ergo</strong></span> <span class='ocrx_word' id='word_1_607' title='bbox 2485 3506 2725 3575; x_wconf 86' lang='lat' dir='ltr'><strong>amplius.</strong></span> <span class='ocrx_word' id='word_1_608' title='bbox 2769 3506 2942 3562; x_wconf 86' lang='lat' dir='ltr'><strong>Weilz</strong></span> <span class='ocrx_word' id='word_1_609' title='bbox 2965 3521 3026 3560; x_wconf 91' lang='lat' dir='ltr'><strong>us</strong></span> <span class='ocrx_word' id='word_1_610' title='bbox 3065 3517 3119 3562; x_wconf 89' lang='lat' dir='ltr'><strong>et</strong></span> <span class='ocrx_word' id='word_1_611' title='bbox 3149 3508 3394 3562; x_wconf 83' lang='lat' dir='ltr'><strong>Heinsius</strong></span> <span class='ocrx_word' id='word_1_612' title='bbox 3425 3525 3536 3563; x_wconf 86' lang='lat' dir='ltr'><strong>am-</strong></span> 
     </span>
    </p>
   </div>
   <div class='ocr_carea' id='block_1_114' title="bbox 1967 3577 2483 3646">
    <p class='ocr_par' dir='ltr' id='par_1_114' title="bbox 1967 3577 2483 3646">
     <span class='ocr_line' id='line_1_114' title="bbox 1967 3577 2483 3646; baseline 0.004 -18"><span class='ocrx_word' id='word_1_613' title='bbox 1967 3577 2104 3646; x_wconf 79' lang='lat' dir='ltr'><strong>plexi</strong></span> <span class='ocrx_word' id='word_1_614' title='bbox 2125 3586 2250 3630; x_wconf 89' lang='lat' dir='ltr'><strong>sunt</strong></span> <span class='ocrx_word' id='word_1_615' title='bbox 2269 3578 2483 3646; x_wconf 80' lang='lat' dir='ltr'><strong>dissicit.</strong></span> 
     </span>
    </p>
   </div>
   <div class='ocr_carea' id='block_1_115' title="bbox 2035 3645 3537 3714">
    <p class='ocr_par' dir='ltr' id='par_1_115' title="bbox 2035 3645 3537 3714">
     <span class='ocr_line' id='line_1_115' title="bbox 2035 3645 3537 3714; baseline 0.001 -14"><span class='ocrx_word' id='word_1_616' title='bbox 2035 3647 2164 3701; x_wconf 88' lang='grc'><strong>210.</strong></span> <span class='ocrx_word' id='word_1_617' title='bbox 2199 3647 2293 3714; x_wconf 82' lang='lat' dir='ltr'><strong>Ep.</strong></span> <span class='ocrx_word' id='word_1_618' title='bbox 2319 3645 2362 3699; x_wconf 88' lang='lat' dir='ltr'><strong>ll</strong></span> <span class='ocrx_word' id='word_1_619' title='bbox 2404 3647 2468 3700; x_wconf 88' lang='lat' dir='ltr'><strong>ad</strong></span> <span class='ocrx_word' id='word_1_620' title='bbox 2499 3646 2648 3714; x_wconf 88' lang='lat' dir='ltr'><strong>Cor.,</strong></span> <span class='ocrx_word' id='word_1_621' title='bbox 2680 3661 2796 3712; x_wconf 79' lang='lat' dir='ltr'><strong>cap.</strong></span> <span class='ocrx_word' id='word_1_622' title='bbox 2828 3663 2922 3711; x_wconf 70' lang='lat' dir='ltr'><strong>sn,</strong></span> <span class='ocrx_word' id='word_1_623' title='bbox 2947 3665 2996 3700; x_wconf 76' lang='grc' dir='ltr'><strong>ν.</strong></span> <span class='ocrx_word' id='word_1_624' title='bbox 3031 3647 3096 3702; x_wconf 88' lang='grc'><strong>10</strong></span> <span class='ocrx_word' id='word_1_625' title='bbox 3120 3665 3133 3701; x_wconf 88' lang='lat'><strong>:</strong></span> <span class='ocrx_word' id='word_1_626' title='bbox 3159 3649 3281 3701; x_wconf 88' lang='lat' dir='ltr'><strong>Cum</strong></span> <span class='ocrx_word' id='word_1_627' title='bbox 3309 3651 3439 3702; x_wconf 85' lang='lat' dir='ltr'><strong>en&#39;m</strong></span> <span class='ocrx_word' id='word_1_628' title='bbox 3461 3645 3537 3702; x_wconf 79' lang='lat' dir='ltr'><strong>iu-</strong></span> 
     </span>
    </p>
   </div>
   <div class='ocr_carea' id='block_1_116' title="bbox 1969 3717 3536 3788">
    <p class='ocr_par' dir='ltr' id='par_1_116' title="bbox 1969 3717 3536 3788">
     <span class='ocr_line' id='line_1_116' title="bbox 1969 3717 3536 3788; baseline 0.005 -20"><span class='ocrx_word' id='word_1_629' title='bbox 1969 3718 2168 3780; x_wconf 81' lang='lat' dir='ltr'><strong>ﬁrmor,</strong></span> <span class='ocrx_word' id='word_1_630' title='bbox 2195 3725 2315 3788; x_wconf 73' lang='lat' dir='ltr'><strong>tunc</strong></span> <span class='ocrx_word' id='word_1_631' title='bbox 2344 3727 2668 3788; x_wconf 64' lang='lat' dir='ltr'><strong>potenssum.</strong></span> <span class='ocrx_word' id='word_1_632' title='bbox 2695 3717 2994 3771; x_wconf 82' lang='lat' dir='ltr'><strong>Ludovicus</strong></span> <span class='ocrx_word' id='word_1_633' title='bbox 3017 3733 3044 3769; x_wconf 90' lang='lat' dir='ltr'><strong>a</strong></span> <span class='ocrx_word' id='word_1_634' title='bbox 3075 3718 3238 3771; x_wconf 83' lang='lat' dir='ltr'><strong>Ponte</strong></span> <span class='ocrx_word' id='word_1_635' title='bbox 3268 3723 3536 3788; x_wconf 77' lang='lat' dir='ltr'><strong>egregium</strong></span> 
     </span>
    </p>
   </div>
   <div class='ocr_carea' id='block_1_117' title="bbox 1971 3787 3454 3856">
    <p class='ocr_par' dir='ltr' id='par_1_117' title="bbox 1971 3787 3454 3856">
     <span class='ocr_line' id='line_1_117' title="bbox 1971 3787 3454 3856; baseline -0.001 -16"><span class='ocrx_word' id='word_1_636' title='bbox 1971 3788 2164 3840; x_wconf 71' lang='lat' dir='ltr'><strong>librum</strong></span> <span class='ocrx_word' id='word_1_637' title='bbox 2193 3787 2362 3840; x_wconf 88' lang='lat' dir='ltr'><strong>edidit</strong></span> <span class='ocrx_word' id='word_1_638' title='bbox 2389 3787 2457 3841; x_wconf 91' lang='lat' dir='ltr'><strong>de</strong></span> <span class='ocrx_word' id='word_1_639' title='bbox 2485 3787 2762 3840; x_wconf 83' lang='lat' dir='ltr'><strong>Thesauro</strong></span> <span class='ocrx_word' id='word_1_640' title='bbox 2792 3788 3168 3853; x_wconf 68' lang='lat' dir='ltr'><strong>aegritudinum</strong></span> <span class='ocrx_word' id='word_1_641' title='bbox 3195 3787 3454 3856; x_wconf 62' lang='lat' dir='ltr'><strong>corporis.</strong></span> 
     </span>
    </p>
   </div>
   <div class='ocr_carea' id='block_1_118' title="bbox 2037 3857 3539 3921">
    <p class='ocr_par' dir='ltr' id='par_1_118' title="bbox 2037 3857 3539 3921">
     <span class='ocr_line' id='line_1_118' title="bbox 2037 3857 3539 3921; baseline 0.002 -10"><span class='ocrx_word' id='word_1_642' title='bbox 2037 3857 2160 3911; x_wconf 80' lang='grc'><strong>211.</strong></span> <span class='ocrx_word' id='word_1_643' title='bbox 2195 3857 2340 3920; x_wconf 86' lang='lat' dir='ltr'><strong>Ald.,</strong></span> <span class='ocrx_word' id='word_1_644' title='bbox 2386 3857 2588 3910; x_wconf 84' lang='lat' dir='ltr'><strong>mentis.</strong></span> <span class='ocrx_word' id='word_1_645' title='bbox 2629 3857 2777 3911; x_wconf 88' lang='lat' dir='ltr'><strong>Sieh.</strong></span> <span class='ocrx_word' id='word_1_646' title='bbox 2821 3873 2938 3911; x_wconf 87' lang='lat' dir='ltr'><strong>cum</strong></span> <span class='ocrx_word' id='word_1_647' title='bbox 2969 3859 3020 3911; x_wconf 89' lang='lat' dir='ltr'><strong>id</strong></span> <span class='ocrx_word' id='word_1_648' title='bbox 3051 3858 3363 3921; x_wconf 80' lang='lat' dir='ltr'><strong>invenisset,</strong></span> <span class='ocrx_word' id='word_1_649' title='bbox 3397 3870 3539 3914; x_wconf 77' lang='lat' dir='ltr'><strong>recte</strong></span> 
     </span>
    </p>
   </div>
   <div class='ocr_carea' id='block_1_119' title="bbox 1969 3926 3535 3994">
    <p class='ocr_par' dir='ltr' id='par_1_119' title="bbox 1969 3926 3535 3994">
     <span class='ocr_line' id='line_1_119' title="bbox 1969 3926 3535 3994; baseline 0.001 -13"><span class='ocrx_word' id='word_1_650' title='bbox 1969 3926 2205 3981; x_wconf 85' lang='lat' dir='ltr'><strong>restituit</strong></span> <span class='ocrx_word' id='word_1_651' title='bbox 2233 3928 2488 3980; x_wconf 86' lang='lat' dir='ltr'><strong>membris.</strong></span> <span class='ocrx_word' id='word_1_652' title='bbox 2523 3927 2837 3981; x_wconf 81' lang='lat' dir='ltr'><strong>Parrhasius</strong></span> <span class='ocrx_word' id='word_1_653' title='bbox 2867 3927 2970 3994; x_wconf 80' lang='lat' dir='ltr'><strong>iam</strong></span> <span class='ocrx_word' id='word_1_654' title='bbox 3001 3928 3241 3983; x_wconf 87' lang='lat' dir='ltr'><strong>ediderat</strong></span> <span class='ocrx_word' id='word_1_655' title='bbox 3283 3932 3535 3984; x_wconf 78' lang='lat' dir='ltr'><strong>membris.</strong></span> 
     </span>
    </p>
   </div>
   <div class='ocr_carea' id='block_1_120' title="bbox 2037 3997 3536 4068">
    <p class='ocr_par' dir='ltr' id='par_1_120' title="bbox 2037 3997 3536 4068">
     <span class='ocr_line' id='line_1_120' title="bbox 2037 3997 3536 4068; baseline 0.003 -18"><span class='ocrx_word' id='word_1_656' title='bbox 2037 3997 2163 4052; x_wconf 79' lang='grc'><strong>215.</strong></span> <span class='ocrx_word' id='word_1_657' title='bbox 2198 3997 2516 4053; x_wconf 82' lang='lat' dir='ltr'><strong>Parrhasius</strong></span> <span class='ocrx_word' id='word_1_658' title='bbox 2541 3998 2594 4050; x_wconf 81' lang='lat' dir='ltr'><strong>in</strong></span> <span class='ocrx_word' id='word_1_659' title='bbox 2623 3998 2824 4067; x_wconf 87' lang='lat' dir='ltr'><strong>culpam</strong></span> <span class='ocrx_word' id='word_1_660' title='bbox 2855 4001 3038 4066; x_wconf 69' lang='lat' dir='ltr'><strong>credis,</strong></span> <span class='ocrx_word' id='word_1_661' title='bbox 3065 3999 3204 4068; x_wconf 89' lang='lat' dir='ltr'><strong>quod</strong></span> <span class='ocrx_word' id='word_1_662' title='bbox 3250 4001 3402 4052; x_wconf 87' lang='lat' dir='ltr'><strong>metri</strong></span> <span class='ocrx_word' id='word_1_663' title='bbox 3455 4002 3536 4054; x_wconf 77' lang='lat' dir='ltr'><strong>les</strong></span> 
     </span>
    </p>
   </div>
   <div class='ocr_carea' id='block_1_121' title="bbox 1969 4067 2316 4132">
    <p class='ocr_par' dir='ltr' id='par_1_121' title="bbox 1969 4067 2316 4132">
     <span class='ocr_line' id='line_1_121' title="bbox 1969 4067 2316 4132; baseline 0.003 -11"><span class='ocrx_word' id='word_1_664' title='bbox 1969 4083 2074 4121; x_wconf 90' lang='lat' dir='ltr'><strong>non</strong></span> <span class='ocrx_word' id='word_1_665' title='bbox 2098 4067 2316 4132; x_wconf 86' lang='lat' dir='ltr'><strong>patitur.</strong></span> 
     </span>
    </p>
   </div>
   <div class='ocr_carea' id='block_1_122' title="bbox 2038 4137 3538 4208">
    <p class='ocr_par' dir='ltr' id='par_1_122' title="bbox 2038 4137 3538 4208">
     <span class='ocr_line' id='line_1_122' title="bbox 2038 4137 3538 4208; baseline 0.003 -18"><span class='ocrx_word' id='word_1_666' title='bbox 2038 4137 2326 4208; x_wconf 50' lang='lat' dir='ltr'><strong>mittar.</strong></span> <span class='ocrx_word' id='word_1_667' title='bbox 2373 4137 2558 4193; x_wconf 90' lang='lat' dir='ltr'><strong>scribit</strong></span> <span class='ocrx_word' id='word_1_668' title='bbox 2590 4139 2774 4208; x_wconf 79' lang='lat' dir='ltr'><strong>fervos.</strong></span> <span class='ocrx_word' id='word_1_669' title='bbox 2824 4138 3077 4204; x_wconf 83' lang='lat' dir='ltr'><strong>liailsbr.,</strong></span> <span class='ocrx_word' id='word_1_670' title='bbox 3118 4137 3324 4205; x_wconf 76' lang='lat' dir='ltr'><strong>eﬁ&#39;ectus</strong></span> <span class='ocrx_word' id='word_1_671' title='bbox 3370 4142 3538 4195; x_wconf 84' lang='lat' dir='ltr'><strong>malis.</strong></span> 
     </span>
    </p>
   </div>
   <div class='ocr_carea' id='block_1_123' title="bbox 1970 4207 2338 4274">
    <p class='ocr_par' dir='ltr' id='par_1_123' title="bbox 1970 4207 2338 4274">
     <span class='ocr_line' id='line_1_123' title="bbox 1970 4207 2338 4274; baseline 0 -13"><span class='ocrx_word' id='word_1_672' title='bbox 1970 4208 2110 4274; x_wconf 75' lang='lat' dir='ltr'><strong>Lege</strong></span> <span class='ocrx_word' id='word_1_673' title='bbox 2138 4207 2338 4272; x_wconf 74' lang='lat' dir='ltr'><strong>effetus.</strong></span> 
     </span>
    </p>
   </div>
   <div class='ocr_carea' id='block_1_124' title="bbox 2037 4277 3542 4348">
    <p class='ocr_par' dir='ltr' id='par_1_124' title="bbox 2037 4277 3542 4348">
     <span class='ocr_line' id='line_1_124' title="bbox 2037 4277 3542 4348; baseline 0.003 -17"><span class='ocrx_word' id='word_1_674' title='bbox 2037 4277 2164 4332; x_wconf 79' lang='grc'><strong>222.</strong></span> <span class='ocrx_word' id='word_1_675' title='bbox 2193 4278 2506 4332; x_wconf 83' lang='lat' dir='ltr'><strong>Parrhasuts</strong></span> <span class='ocrx_word' id='word_1_676' title='bbox 2531 4277 2756 4345; x_wconf 88' lang='lat' dir='ltr'><strong>primum</strong></span> <span class='ocrx_word' id='word_1_677' title='bbox 2779 4279 2990 4346; x_wconf 80' lang='lat' dir='ltr'><strong>scripsit</strong></span> <span class='ocrx_word' id='word_1_678' title='bbox 3015 4280 3183 4344; x_wconf 87' lang='lat' dir='ltr'><strong>luces;</strong></span> <span class='ocrx_word' id='word_1_679' title='bbox 3205 4283 3344 4348; x_wconf 78' lang='lat' dir='ltr'><strong>quod</strong></span> <span class='ocrx_word' id='word_1_680' title='bbox 3373 4291 3542 4336; x_wconf 70' lang='lat' dir='ltr'><strong>metu)</strong></span> 
     </span>
    </p>
   </div>
   <div class='ocr_carea' id='block_1_125' title="bbox 1967 4348 3542 4411">
    <p class='ocr_par' dir='ltr' id='par_1_125' title="bbox 1967 4348 3542 4411">
     <span class='ocr_line' id='line_1_125' title="bbox 1967 4348 3542 4411; baseline 0.004 -13"><span class='ocrx_word' id='word_1_681' title='bbox 1967 4348 2324 4411; x_wconf 86' lang='lat' dir='ltr'><strong>adversatur,</strong></span> <span class='ocrx_word' id='word_1_682' title='bbox 2377 4349 2610 4402; x_wconf 82' lang='lat' dir='ltr'><strong>correxit</strong></span> <span class='ocrx_word' id='word_1_683' title='bbox 2653 4350 2785 4402; x_wconf 84' lang='lat' dir='ltr'><strong>vices</strong></span> <span class='ocrx_word' id='word_1_684' title='bbox 2819 4365 2838 4402; x_wconf 87' lang='lat'><strong><em>:</em></strong></span> <span class='ocrx_word' id='word_1_685' title='bbox 2895 4349 2988 4403; x_wconf 87' lang='lat' dir='ltr'><strong>sed</strong></span> <span class='ocrx_word' id='word_1_686' title='bbox 3041 4349 3232 4406; x_wconf 88' lang='lat' dir='ltr'><strong>melius</strong></span> <span class='ocrx_word' id='word_1_687' title='bbox 3287 4363 3370 4407; x_wconf 64' lang='lat' dir='ltr'><strong>est</strong></span> <span class='ocrx_word' id='word_1_688' title='bbox 3415 4353 3542 4406; x_wconf 80' lang='lat' dir='ltr'><strong>lues.</strong></span> 
     </span>
    </p>
   </div>
   <div class='ocr_carea' id='block_1_126' title="bbox 1972 4419 3066 4492">
    <p class='ocr_par' dir='ltr' id='par_1_126' title="bbox 1972 4419 3066 4492">
     <span class='ocr_line' id='line_1_126' title="bbox 1972 4419 3066 4492; baseline 0.02 -32"><span class='ocrx_word' id='word_1_689' title='bbox 1972 4419 2232 4492; x_wconf 45' lang='lat' dir='ltr'><strong>“nimim,</strong></span> <span class='ocrx_word' id='word_1_690' title='bbox 2255 4419 2446 4492; x_wconf 72' lang='lat' dir='ltr'><strong>alteras</strong></span> <span class='ocrx_word' id='word_1_691' title='bbox 2475 4421 2601 4492; x_wconf 79' lang='lat' dir='ltr'><strong>lues.</strong></span> <span class='ocrx_word' id='word_1_692' title='bbox 2847 4488 2875 4492; x_wconf 90' lang='lat'><em>_</em></span> 
     </span>
    </p>
   </div>
   <div class='ocr_carea' id='block_1_127' title="bbox 2042 4487 3543 4551">
    <p class='ocr_par' dir='ltr' id='par_1_127' title="bbox 2042 4487 3543 4551">
     <span class='ocr_line' id='line_1_127' title="bbox 2042 4487 3543 4551; baseline 0.005 -11"><span class='ocrx_word' id='word_1_693' title='bbox 2042 4489 2171 4543; x_wconf 83' lang='grc'><strong>228.</strong></span> <span class='ocrx_word' id='word_1_694' title='bbox 2203 4487 2347 4551; x_wconf 81' lang='lat' dir='ltr'><strong>Ald.,</strong></span> <span class='ocrx_word' id='word_1_695' title='bbox 2393 4488 2511 4541; x_wconf 84' lang='lat' dir='ltr'><strong>Vat.</strong></span> <span class='ocrx_word' id='word_1_696' title='bbox 2543 4489 2586 4540; x_wconf 85' lang='lat' dir='ltr'><strong>A</strong></span> <span class='ocrx_word' id='word_1_697' title='bbox 2631 4501 2812 4548; x_wconf 84' lang='lat' dir='ltr'><strong>supra,</strong></span> <span class='ocrx_word' id='word_1_698' title='bbox 2847 4488 2988 4548; x_wconf 87' lang='lat' dir='ltr'><strong>Put.,</strong></span> <span class='ocrx_word' id='word_1_699' title='bbox 3015 4487 3189 4543; x_wconf 60' lang='lat' dir='ltr'><strong>O&#39;xon.</strong></span> <span class='ocrx_word' id='word_1_700' title='bbox 3218 4502 3269 4544; x_wconf 80' lang='lat' dir='ltr'><strong>et</strong></span> <span class='ocrx_word' id='word_1_701' title='bbox 3291 4492 3388 4546; x_wconf 84' lang='lat' dir='ltr'><strong>&#39;alii</strong></span> <span class='ocrx_word' id='word_1_702' title='bbox 3419 4492 3543 4547; x_wconf 80' lang='lat' dir='ltr'><strong>etltl.</strong></span> 
     </span>
    </p>
   </div>
   <div class='ocr_carea' id='block_1_128' title="bbox 1969 4556 3546 4626">
    <p class='ocr_par' dir='ltr' id='par_1_128' title="bbox 1969 4556 3546 4626">
     <span class='ocr_line' id='line_1_128' title="bbox 1969 4556 3546 4626; baseline 0.003 -15"><span class='ocrx_word' id='word_1_703' title='bbox 1969 4568 2131 4626; x_wconf 85' lang='lat' dir='ltr'><strong>atque</strong></span> <span class='ocrx_word' id='word_1_704' title='bbox 2147 4572 2301 4620; x_wconf 85' lang='lat' dir='ltr'><strong>mss.,</strong></span> <span class='ocrx_word' id='word_1_705' title='bbox 2318 4556 2836 4620; x_wconf 86' lang='lat' dir='ltr'><strong>laboris.Urh.,Vatt.</strong></span> <span class='ocrx_word' id='word_1_706' title='bbox 2856 4557 3211 4626; x_wconf 83' lang='lat' dir='ltr'><strong>B,Q,Weitz.,</strong></span> <span class='ocrx_word' id='word_1_707' title='bbox 3242 4564 3546 4624; x_wconf 72' lang='lat' dir='ltr'><strong>Mar..liat.,</strong></span> 
     </span>
    </p>
   </div>
   <div class='ocr_carea' id='block_1_129' title="bbox 1971 4627 3548 4698">
    <p class='ocr_par' dir='ltr' id='par_1_129' title="bbox 1971 4627 3548 4698">
     <span class='ocr_line' id='line_1_129' title="bbox 1971 4627 3548 4698; baseline 0.001 -16"><span class='ocrx_word' id='word_1_708' title='bbox 1971 4629 2141 4694; x_wconf 71' lang='lat' dir='ltr'><strong>Sicht,</strong></span> <span class='ocrx_word' id='word_1_709' title='bbox 2185 4628 2462 4698; x_wconf 86' lang='lat' dir='ltr'><strong>languoris,</strong></span> <span class='ocrx_word' id='word_1_710' title='bbox 2491 4627 2633 4698; x_wconf 84' lang='lat' dir='ltr'><strong>quod</strong></span> <span class='ocrx_word' id='word_1_711' title='bbox 2664 4627 2860 4682; x_wconf 84' lang='lat' dir='ltr'><strong>rectius</strong></span> <span class='ocrx_word' id='word_1_712' title='bbox 2887 4639 2988 4698; x_wconf 81' lang='lat' dir='ltr'><strong>est.</strong></span> <span class='ocrx_word' id='word_1_713' title='bbox 3026 4631 3104 4682; x_wconf 65' lang='lat' dir='ltr'><strong>Ali</strong></span> <span class='ocrx_word' id='word_1_714' title='bbox 3125 4647 3204 4698; x_wconf 81' lang='lat' dir='ltr'><strong>x.,</strong></span> <span class='ocrx_word' id='word_1_715' title='bbox 3235 4632 3548 4686; x_wconf 81' lang='lat' dir='ltr'><strong>Parrhasius</strong></span> 
     </span>
    </p>
   </div>
   <div class='ocr_carea' id='block_1_130' title="bbox 1973 4697 3546 4770">
    <p class='ocr_par' dir='ltr' id='par_1_130' title="bbox 1973 4697 3546 4770">
     <span class='ocr_line' id='line_1_130' title="bbox 1973 4697 3546 4770; baseline 0.004 -22"><span class='ocrx_word' id='word_1_716' title='bbox 1973 4699 2214 4770; x_wconf 69' lang='lat' dir='ltr'><strong>scribunt</strong></span> <span class='ocrx_word' id='word_1_717' title='bbox 2240 4697 2630 4770; x_wconf 75' lang='lat' dir='ltr'><strong>langoris._\lat.</strong></span> <span class='ocrx_word' id='word_1_718' title='bbox 2661 4701 2725 4770; x_wconf 71' lang='grc' dir='ltr'><strong>ρ,</strong></span> <span class='ocrx_word' id='word_1_719' title='bbox 2760 4697 3031 4760; x_wconf 84' lang='lat' dir='ltr'><strong>mendose,</strong></span> <span class='ocrx_word' id='word_1_720' title='bbox 3065 4697 3298 4770; x_wconf 63' lang='lat' dir='ltr'><strong>longer-es</strong></span> <span class='ocrx_word' id='word_1_721' title='bbox 3337 4703 3546 4770; x_wconf 60' lang='lat' dir='ltr'><strong>experti.</strong></span> 
     </span>
    </p>
   </div>
   <div class='ocr_carea' id='block_1_131' title="bbox 1985 4762 3455 4840">
    <p class='ocr_par' dir='ltr' id='par_1_131' title="bbox 1985 4762 3455 4840">
     <span class='ocr_line' id='line_1_131' title="bbox 1985 4762 3455 4840; baseline 0.003 -20"><span class='ocrx_word' id='word_1_722' title='bbox 1985 4768 2252 4840; x_wconf 79' lang='lat' dir='ltr'><strong>weitzius</strong></span> <span class='ocrx_word' id='word_1_723' title='bbox 2295 4762 2750 4840; x_wconf 70' lang='lat' dir='ltr'><strong>ediditlanguoris</strong></span> <span class='ocrx_word' id='word_1_724' title='bbox 2784 4771 2998 4836; x_wconf 66' lang='lat' dir='ltr'><strong>experti.</strong></span> <span class='ocrx_word' id='word_1_725' title='bbox 3035 4762 3174 4840; x_wconf 70' lang='lat' dir='ltr'><strong>Lege</strong></span> <span class='ocrx_word' id='word_1_726' title='bbox 3209 4789 3360 4840; x_wconf 59' lang='lat' dir='ltr'><strong>caper</strong></span> <span class='ocrx_word' id='word_1_727' title='bbox 3384 4762 3455 4824; x_wconf 79' lang='lat' dir='ltr'><strong>cs.</strong></span> 
     </span>
    </p>
   </div>
   <div class='ocr_carea' id='block_1_132' title="bbox 2054 4837 3547 4909">
    <p class='ocr_par' dir='ltr' id='par_1_132' title="bbox 2054 4837 3547 4909">
     <span class='ocr_line' id='line_1_132' title="bbox 2054 4837 3547 4909; baseline 0.001 -18"><span class='ocrx_word' id='word_1_728' title='bbox 2054 4839 2182 4892; x_wconf 79' lang='grc'><strong>251.</strong></span> <span class='ocrx_word' id='word_1_729' title='bbox 2235 4837 2550 4892; x_wconf 83' lang='lat' dir='ltr'><strong>Parrhasius</strong></span> <span class='ocrx_word' id='word_1_730' title='bbox 2569 4877 2584 4901; x_wconf 93' lang='lat'><strong>,</strong></span> <span class='ocrx_word' id='word_1_731' title='bbox 2613 4853 2854 4906; x_wconf 83' lang='lat' dir='ltr'><strong>errorque</strong></span> <span class='ocrx_word' id='word_1_732' title='bbox 2899 4837 3129 4896; x_wconf 58' lang='lat' dir='ltr'><strong>mancus:</strong></span> <span class='ocrx_word' id='word_1_733' title='bbox 3156 4837 3285 4896; x_wconf 78' lang='lat' dir='ltr'><strong>Mar.</strong></span> <span class='ocrx_word' id='word_1_734' title='bbox 3317 4855 3412 4909; x_wconf 90' lang='lat' dir='ltr'><strong>pro</strong></span> <span class='ocrx_word' id='word_1_735' title='bbox 3441 4840 3547 4893; x_wconf 79' lang='lat' dir='ltr'><strong>div.</strong></span> 
     </span>
    </p>
   </div>
   <div class='ocr_carea' id='block_1_133' title="bbox 1985 4909 2464 4974">
    <p class='ocr_par' dir='ltr' id='par_1_133' title="bbox 1985 4909 2464 4974">
     <span class='ocr_line' id='line_1_133' title="bbox 1985 4909 2464 4974; baseline -0.01 -12"><span class='ocrx_word' id='word_1_736' title='bbox 1985 4909 2171 4974; x_wconf 84' lang='lat' dir='ltr'><strong>script.</strong></span> <span class='ocrx_word' id='word_1_737' title='bbox 2194 4923 2390 4960; x_wconf 75' lang='lat' dir='ltr'><strong>manca.</strong></span> <span class='ocrx_word' id='word_1_738' title='bbox 2453 4931 2464 4940; x_wconf 92' lang='lat'><strong>-</strong></span> 
     </span>
    </p>
   </div>
   <div class='ocr_carea' id='block_1_134' title="bbox 2057 4976 3547 5044">
    <p class='ocr_par' dir='ltr' id='par_1_134' title="bbox 2057 4976 3547 5044">
     <span class='ocr_line' id='line_1_134' title="bbox 2057 4976 3547 5044; baseline -0.001 -14"><span class='ocrx_word' id='word_1_739' title='bbox 2057 4980 2180 5032; x_wconf 79' lang='grc'><strong>255.</strong></span> <span class='ocrx_word' id='word_1_740' title='bbox 2213 4978 2357 5040; x_wconf 80' lang='lat' dir='ltr'><strong>Ald.,</strong></span> <span class='ocrx_word' id='word_1_741' title='bbox 2379 4976 2496 5029; x_wconf 85' lang='lat' dir='ltr'><strong>Vat.</strong></span> <span class='ocrx_word' id='word_1_742' title='bbox 2529 4976 2567 5030; x_wconf 85' lang='lat' dir='ltr'><strong>A</strong></span> <span class='ocrx_word' id='word_1_743' title='bbox 2595 4991 2774 5040; x_wconf 79' lang='lat' dir='ltr'><strong>supra.</strong></span> <span class='ocrx_word' id='word_1_744' title='bbox 2796 4979 2992 5032; x_wconf 84' lang='lat' dir='ltr'><strong>Wiom.</strong></span> <span class='ocrx_word' id='word_1_745' title='bbox 3021 4997 3199 5044; x_wconf 79' lang='lat' dir='ltr'><strong>supra,</strong></span> <span class='ocrx_word' id='word_1_746' title='bbox 3233 4981 3409 5038; x_wconf 80' lang='lat' dir='ltr'><strong>Fabr..</strong></span> <span class='ocrx_word' id='word_1_747' title='bbox 3435 4978 3547 5030; x_wconf 80' lang='lat' dir='ltr'><strong>Gis.</strong></span> 
     </span>
    </p>
   </div>
   <div class='ocr_carea' id='block_1_135' title="bbox 1988 5049 3549 5118">
    <p class='ocr_par' dir='ltr' id='par_1_135' title="bbox 1988 5049 3549 5118">
     <span class='ocr_line' id='line_1_135' title="bbox 1988 5049 3549 5118; baseline 0.002 -18"><span class='ocrx_word' id='word_1_748' title='bbox 1988 5050 2156 5116; x_wconf 87' lang='lat' dir='ltr'><strong>prima</strong></span> <span class='ocrx_word' id='word_1_749' title='bbox 2181 5051 2292 5114; x_wconf 89' lang='lat' dir='ltr'><strong>ed.,</strong></span> <span class='ocrx_word' id='word_1_750' title='bbox 2319 5049 2629 5114; x_wconf 81' lang='lat' dir='ltr'><strong>principum.</strong></span> <span class='ocrx_word' id='word_1_751' title='bbox 2654 5049 2840 5103; x_wconf 84' lang='lat' dir='ltr'><strong>Melius</strong></span> <span class='ocrx_word' id='word_1_752' title='bbox 2865 5051 2978 5118; x_wconf 86' lang='lat' dir='ltr'><strong>alii,</strong></span> <span class='ocrx_word' id='word_1_753' title='bbox 3002 5053 3226 5116; x_wconf 81' lang='lat' dir='ltr'><strong>dic-itum,</strong></span> <span class='ocrx_word' id='word_1_754' title='bbox 3256 5066 3306 5104; x_wconf 79' lang='lat' dir='ltr'><strong>ut</strong></span> <span class='ocrx_word' id='word_1_755' title='bbox 3331 5063 3549 5115; x_wconf 76' lang='lat' dir='ltr'><strong>respon-</strong></span> 
     </span>
    </p>
   </div>
   <div class='ocr_carea' id='block_1_136' title="bbox 1989 5119 2596 5186">
    <p class='ocr_par' dir='ltr' id='par_1_136' title="bbox 1989 5119 2596 5186">
     <span class='ocr_line' id='line_1_136' title="bbox 1989 5119 2596 5186; baseline 0.002 -14"><span class='ocrx_word' id='word_1_756' title='bbox 1989 5119 2112 5172; x_wconf 83' lang='lat' dir='ltr'><strong>deat</strong></span> <span class='ocrx_word' id='word_1_757' title='bbox 2141 5133 2260 5170; x_wconf 82' lang='lat' dir='ltr'><strong>mox</strong></span> <span class='ocrx_word' id='word_1_758' title='bbox 2295 5133 2596 5186; x_wconf 85' lang='lat' dir='ltr'><strong>pauperum.</strong></span> 
     </span>
    </p>
   </div>
   <div class='ocr_carea' id='block_1_137' title="bbox 2061 5187 3548 5258">
    <p class='ocr_par' dir='ltr' id='par_1_137' title="bbox 2061 5187 3548 5258">
     <span class='ocr_line' id='line_1_137' title="bbox 2061 5187 3548 5258; baseline 0 -18"><span class='ocrx_word' id='word_1_759' title='bbox 2061 5187 2188 5242; x_wconf 70' lang='grc'><strong>254.</strong></span> <span class='ocrx_word' id='word_1_760' title='bbox 2214 5187 2333 5258; x_wconf 77' lang='lat' dir='ltr'><strong>Vat.</strong></span> <span class='ocrx_word' id='word_1_761' title='bbox 2365 5187 2430 5246; x_wconf 85' lang='lat' dir='ltr'><strong>A.</strong></span> <span class='ocrx_word' id='word_1_762' title='bbox 2481 5189 2729 5257; x_wconf 73' lang='lat' dir='ltr'><strong>prmuilel,</strong></span> <span class='ocrx_word' id='word_1_763' title='bbox 2762 5190 2898 5258; x_wconf 87' lang='lat' dir='ltr'><strong>quod</strong></span> <span class='ocrx_word' id='word_1_764' title='bbox 2929 5205 3024 5258; x_wconf 81' lang='lat' dir='ltr'><strong>pro</strong></span> <span class='ocrx_word' id='word_1_765' title='bbox 3051 5190 3259 5244; x_wconf 84' lang='lat' dir='ltr'><strong>diversa</strong></span> <span class='ocrx_word' id='word_1_766' title='bbox 3289 5187 3548 5253; x_wconf 81' lang='lat' dir='ltr'><strong>scriptura</strong></span> 
     </span>
    </p>
   </div>
   <div class='ocr_carea' id='block_1_138' title="bbox 1997 5257 3550 5322">
    <p class='ocr_par' dir='ltr' id='par_1_138' title="bbox 1997 5257 3550 5322">
     <span class='ocr_line' id='line_1_138' title="bbox 1997 5257 3550 5322; baseline 0.001 -11"><span class='ocrx_word' id='word_1_767' title='bbox 1997 5275 2025 5311; x_wconf 90' lang='lat' dir='ltr'><strong>a</strong></span> <span class='ocrx_word' id='word_1_768' title='bbox 2059 5257 2290 5312; x_wconf 83' lang='lat' dir='ltr'><strong>Weitzio</strong></span> <span class='ocrx_word' id='word_1_769' title='bbox 2331 5258 2614 5322; x_wconf 82' lang='lat' dir='ltr'><strong>indicatur,</strong></span> <span class='ocrx_word' id='word_1_770' title='bbox 2647 5268 2700 5311; x_wconf 83' lang='lat' dir='ltr'><strong>et</strong></span> <span class='ocrx_word' id='word_1_771' title='bbox 2729 5257 2901 5314; x_wconf 68' lang='lat' dir='ltr'><strong>exstat</strong></span> <span class='ocrx_word' id='word_1_772' title='bbox 2921 5257 2972 5312; x_wconf 89' lang='lat' dir='ltr'><strong>in</strong></span> <span class='ocrx_word' id='word_1_773' title='bbox 3002 5259 3259 5312; x_wconf 84' lang='lat' dir='ltr'><strong>Fabricio.</strong></span> <span class='ocrx_word' id='word_1_774' title='bbox 3285 5259 3550 5312; x_wconf 85' lang='lat' dir='ltr'><strong>Giselinus</strong></span> 
     </span>
    </p>
   </div>
   <div class='ocr_carea' id='block_1_139' title="bbox 1997 5327 3550 5398">
    <p class='ocr_par' dir='ltr' id='par_1_139' title="bbox 1997 5327 3550 5398">
     <span class='ocr_line' id='line_1_139' title="bbox 1997 5327 3550 5398; baseline -0.001 -15"><span class='ocrx_word' id='word_1_775' title='bbox 1997 5329 2254 5383; x_wconf 87' lang='lat' dir='ltr'><strong>mendose</strong></span> <span class='ocrx_word' id='word_1_776' title='bbox 2281 5328 2446 5380; x_wconf 90' lang='lat' dir='ltr'><strong>edidit</strong></span> <span class='ocrx_word' id='word_1_777' title='bbox 2468 5331 2724 5398; x_wconf 73' lang='lat' dir='ltr'><strong>poeniteat.</strong></span> <span class='ocrx_word' id='word_1_778' title='bbox 2749 5338 2800 5382; x_wconf 89' lang='lat' dir='ltr'><strong>et</strong></span> <span class='ocrx_word' id='word_1_779' title='bbox 2821 5330 3048 5383; x_wconf 71' lang='lat' dir='ltr'><strong>correxit</strong></span> <span class='ocrx_word' id='word_1_780' title='bbox 3069 5329 3364 5396; x_wconf 70' lang='lat' dir='ltr'><strong>praenitent;</strong></span> <span class='ocrx_word' id='word_1_781' title='bbox 3385 5327 3550 5381; x_wconf 84' lang='lat' dir='ltr'><strong>Heio-</strong></span> 
     </span>
    </p>
   </div>
   <div class='ocr_carea' id='block_1_140' title="bbox 1997 5398 3552 5465">
    <p class='ocr_par' dir='ltr' id='par_1_140' title="bbox 1997 5398 3552 5465">
     <span class='ocr_line' id='line_1_140' title="bbox 1997 5398 3552 5465; baseline -0.001 -13"><span class='ocrx_word' id='word_1_782' title='bbox 1997 5399 2108 5452; x_wconf 90' lang='lat' dir='ltr'><strong>sius</strong></span> <span class='ocrx_word' id='word_1_783' title='bbox 2133 5409 2187 5452; x_wconf 83' lang='lat' dir='ltr'><strong>et</strong></span> <span class='ocrx_word' id='word_1_784' title='bbox 2215 5398 2606 5452; x_wconf 78' lang='lat' dir='ltr'><strong>Chamillardus</strong></span> <span class='ocrx_word' id='word_1_785' title='bbox 2653 5398 2906 5452; x_wconf 77' lang='lat' dir='ltr'><strong>mendose</strong></span> <span class='ocrx_word' id='word_1_786' title='bbox 2949 5399 3105 5452; x_wconf 85' lang='lat' dir='ltr'><strong>etiam</strong></span> <span class='ocrx_word' id='word_1_787' title='bbox 3139 5401 3394 5465; x_wconf 72' lang='lat' dir='ltr'><strong>paenitent.</strong></span> <span class='ocrx_word' id='word_1_788' title='bbox 3429 5399 3552 5450; x_wconf 77' lang='lat' dir='ltr'><strong>[lui-</strong></span> 
     </span>
    </p>
   </div>
   <div class='ocr_carea' id='block_1_141' title="bbox 1997 5467 3550 5534">
    <p class='ocr_par' dir='ltr' id='par_1_141' title="bbox 1997 5467 3550 5534">
     <span class='ocr_line' id='line_1_141' title="bbox 1997 5467 3550 5534; baseline -0.002 -12"><span class='ocrx_word' id='word_1_789' title='bbox 1997 5470 2204 5522; x_wconf 85' lang='lat' dir='ltr'><strong>nartius</strong></span> <span class='ocrx_word' id='word_1_790' title='bbox 2217 5483 2278 5522; x_wconf 83' lang='lat' dir='ltr'><strong>ex</strong></span> <span class='ocrx_word' id='word_1_791' title='bbox 2300 5483 2399 5520; x_wconf 88' lang='lat' dir='ltr'><strong>ms.</strong></span> <span class='ocrx_word' id='word_1_792' title='bbox 2421 5467 2476 5522; x_wconf 89' lang='lat' dir='ltr'><strong>S.</strong></span> <span class='ocrx_word' id='word_1_793' title='bbox 2501 5468 2773 5524; x_wconf 80' lang='lat' dir='ltr'><strong>Michaelis</strong></span> <span class='ocrx_word' id='word_1_794' title='bbox 2805 5469 3030 5521; x_wconf 89' lang='lat' dir='ltr'><strong>restituit</strong></span> <span class='ocrx_word' id='word_1_795' title='bbox 3056 5470 3338 5534; x_wconf 77' lang='lat' dir='ltr'><strong>prmzitent.</strong></span> <span class='ocrx_word' id='word_1_796' title='bbox 3359 5467 3550 5523; x_wconf 84' lang='lat' dir='ltr'><strong>Verum</strong></span> 
     </span>
    </p>
   </div>
   <div class='ocr_carea' id='block_1_142' title="bbox 1997 5537 3553 5607">
    <p class='ocr_par' dir='ltr' id='par_1_142' title="bbox 1997 5537 3553 5607">
     <span class='ocr_line' id='line_1_142' title="bbox 1997 5537 3553 5607; baseline 0.002 -18"><span class='ocrx_word' id='word_1_797' title='bbox 1997 5542 2264 5606; x_wconf 77' lang='lat' dir='ltr'><strong>prtcn-itent</strong></span> <span class='ocrx_word' id='word_1_798' title='bbox 2287 5538 2394 5607; x_wconf 80' lang='lat' dir='ltr'><strong>jam</strong></span> <span class='ocrx_word' id='word_1_799' title='bbox 2423 5538 2549 5607; x_wconf 86' lang='lat' dir='ltr'><strong>olim</strong></span> <span class='ocrx_word' id='word_1_800' title='bbox 2595 5539 2835 5607; x_wconf 80' lang='lat' dir='ltr'><strong>exstabat</strong></span> <span class='ocrx_word' id='word_1_801' title='bbox 2862 5537 2913 5589; x_wconf 92' lang='lat' dir='ltr'><strong>in</strong></span> <span class='ocrx_word' id='word_1_802' title='bbox 2957 5537 3189 5607; x_wconf 86' lang='lat' dir='ltr'><strong>editione</strong></span> <span class='ocrx_word' id='word_1_803' title='bbox 3229 5539 3449 5604; x_wconf 75' lang='lat' dir='ltr'><strong>Aldina,</strong></span> <span class='ocrx_word' id='word_1_804' title='bbox 3499 5549 3553 5594; x_wconf 86' lang='lat' dir='ltr'><strong>et</strong></span> 
     </span>
    </p>
   </div>
   <div class='ocr_carea' id='block_1_143' title="bbox 1997 5605 3554 5678">
    <p class='ocr_par' dir='ltr' id='par_1_143' title="bbox 1997 5605 3554 5678">
     <span class='ocr_line' id='line_1_143' title="bbox 1997 5605 3554 5678; baseline -0.001 -17"><span class='ocrx_word' id='word_1_805' title='bbox 1997 5605 2450 5678; x_wconf 69' lang='lat' dir='ltr'><strong>‘l‘ornmsianaan.</strong></span> <span class='ocrx_word' id='word_1_806' title='bbox 2480 5606 2636 5678; x_wconf 64' lang='lat'><strong>1555,</strong></span> <span class='ocrx_word' id='word_1_807' title='bbox 2664 5605 3010 5660; x_wconf 84' lang='lat' dir='ltr'><strong>Parrhasiana</strong></span> <span class='ocrx_word' id='word_1_808' title='bbox 3039 5606 3278 5678; x_wconf 85' lang='lat' dir='ltr'><strong>aliisque.</strong></span> <span class='ocrx_word' id='word_1_809' title='bbox 3307 5609 3554 5678; x_wconf 83' lang='lat' dir='ltr'><strong>Suspica-</strong></span> 
     </span>
    </p>
   </div>
   <div class='ocr_carea' id='block_1_144' title="bbox 1999 5675 3554 5749">
    <p class='ocr_par' dir='ltr' id='par_1_144' title="bbox 1999 5675 3554 5749">
     <span class='ocr_line' id='line_1_144' title="bbox 1999 5675 3554 5749; baseline 0.001 -18"><span class='ocrx_word' id='word_1_810' title='bbox 1999 5687 2084 5749; x_wconf 88' lang='lat' dir='ltr'><strong>tn_r</strong></span> <span class='ocrx_word' id='word_1_811' title='bbox 2113 5677 2418 5749; x_wconf 82' lang='lat' dir='ltr'><strong>Ruinartius</strong></span> <span class='ocrx_word' id='word_1_812' title='bbox 2441 5675 2718 5744; x_wconf 81' lang='lat' dir='ltr'><strong>legendum</strong></span> <span class='ocrx_word' id='word_1_813' title='bbox 2739 5685 2788 5728; x_wconf 89' lang='lat' dir='ltr'><strong>et</strong></span> <span class='ocrx_word' id='word_1_814' title='bbox 2813 5691 2970 5749; x_wconf 80' lang='lat' dir='ltr'><strong>auro:</strong></span> <span class='ocrx_word' id='word_1_815' title='bbox 2993 5693 3096 5749; x_wconf 90' lang='lat' dir='ltr'><strong>quo</strong></span> <span class='ocrx_word' id='word_1_816' title='bbox 3117 5675 3340 5737; x_wconf 69' lang='lat' dir='ltr'><strong>fortasse</strong></span> <span class='ocrx_word' id='word_1_817' title='bbox 3363 5675 3554 5735; x_wconf 84' lang='lat' dir='ltr'><strong>alludit</strong></span> 
     </span>
    </p>
   </div>
   <div class='ocr_carea' id='block_1_145' title="bbox 1999 5746 2952 5818">
    <p class='ocr_par' dir='ltr' id='par_1_145' title="bbox 1999 5746 2952 5818">
     <span class='ocr_line' id='line_1_145' title="bbox 1999 5746 2952 5818; baseline -0.002 -15"><span class='ocrx_word' id='word_1_818' title='bbox 1999 5747 2176 5818; x_wconf 56' lang='lat' dir='ltr'><strong>Alcm,</strong></span> <span class='ocrx_word' id='word_1_819' title='bbox 2209 5747 2306 5813; x_wconf 84' lang='lat' dir='ltr'><strong>Qui</strong></span> <span class='ocrx_word' id='word_1_820' title='bbox 2328 5755 2457 5800; x_wconf 75' lang='lat' dir='ltr'><strong>veste</strong></span> <span class='ocrx_word' id='word_1_821' title='bbox 2478 5755 2522 5800; x_wconf 88' lang='lat' dir='ltr'><strong>et</strong></span> <span class='ocrx_word' id='word_1_822' title='bbox 2547 5759 2638 5798; x_wconf 89' lang='lat' dir='ltr'><strong>oro</strong></span> <span class='ocrx_word' id='word_1_823' title='bbox 2667 5746 2952 5814; x_wconf 69' lang='lat' dir='ltr'><strong>priet/litem.</strong></span> 
     </span>
    </p>
   </div>
  </div>
