  <div class='ocr_page' id='page_1' title='image "/cluster/home/n/w/nwhite01/storage/ocr_20150623/60/hvd.32044054758677/169.png"; bbox 0 0 4052 6184; ppageno 0'>
   <div class='ocr_carea' id='block_1_1' title="bbox 514 322 612 378">
    <p class='ocr_par' dir='ltr' id='par_1_1' title="bbox 514 322 612 378">
     <span class='ocr_line' id='line_1_1' title="bbox 514 322 612 378; baseline 0.01 -1"><span class='ocrx_word' id='word_1_1' title='bbox 514 322 612 378; x_wconf 65' lang='grc' dir='ltr'><strong>5η</strong></span> 
     </span>
    </p>
   </div>
   <div class='ocr_carea' id='block_1_2' title="bbox 517 438 1662 514">
    <p class='ocr_par' dir='ltr' id='par_1_2' title="bbox 517 438 1662 514">
     <span class='ocr_line' id='line_1_2' title="bbox 517 438 1662 514; baseline 0.002 -22"><span class='ocrx_word' id='word_1_2' title='bbox 517 439 624 494; x_wconf 79' lang='grc'><strong>255</strong></span> <span class='ocrx_word' id='word_1_3' title='bbox 763 440 930 513; x_wconf 75' lang='lat'><strong>908</strong></span> <span class='ocrx_word' id='word_1_4' title='bbox 950 441 1116 514; x_wconf 79' lang='lat' dir='ltr'><strong>Magis</strong></span> <span class='ocrx_word' id='word_1_5' title='bbox 1145 440 1380 511; x_wconf 86' lang='lat' dir='ltr'><strong>probabo</strong></span> <span class='ocrx_word' id='word_1_6' title='bbox 1409 438 1662 504; x_wconf 89' lang='lat' dir='ltr'><strong>debilem,</strong></span> 
     </span>
    </p>
   </div>
   <div class='ocr_carea' id='block_1_3' title="bbox 763 532 1796 600">
    <p class='ocr_par' dir='ltr' id='par_1_3' title="bbox 763 532 1796 600">
     <span class='ocr_line' id='line_1_3' title="bbox 763 532 1796 600; baseline -0.006 -14"><span class='ocrx_word' id='word_1_7' title='bbox 763 532 931 597; x_wconf 86' lang='lat' dir='ltr'><strong>Quam</strong></span> <span class='ocrx_word' id='word_1_8' title='bbox 954 535 1071 600; x_wconf 84' lang='lat' dir='ltr'><strong>quis</strong></span> <span class='ocrx_word' id='word_1_9' title='bbox 1103 546 1340 586; x_wconf 89' lang='lat' dir='ltr'><strong>meorum</strong></span> <span class='ocrx_word' id='word_1_10' title='bbox 1377 540 1458 584; x_wconf 90' lang='lat' dir='ltr'><strong>est</strong></span> <span class='ocrx_word' id='word_1_11' title='bbox 1487 543 1796 598; x_wconf 87' lang='lat' dir='ltr'><strong>pauperum.</strong></span> 
     </span>
    </p>
   </div>
   <div class='ocr_carea' id='block_1_4' title="bbox 697 621 1467 691">
    <p class='ocr_par' dir='ltr' id='par_1_4' title="bbox 697 621 1467 691">
     <span class='ocr_line' id='line_1_4' title="bbox 697 621 1467 691; baseline 0 -17"><span class='ocrx_word' id='word_1_12' title='bbox 697 622 871 684; x_wconf 89' lang='lat' dir='ltr'><strong>llunc,</strong></span> <span class='ocrx_word' id='word_1_13' title='bbox 896 621 987 691; x_wconf 87' lang='lat' dir='ltr'><strong>qui</strong></span> <span class='ocrx_word' id='word_1_14' title='bbox 1015 621 1254 690; x_wconf 79' lang='lat' dir='ltr'><strong>superbit</strong></span> <span class='ocrx_word' id='word_1_15' title='bbox 1275 621 1467 685; x_wconf 91' lang='lat' dir='ltr'><strong>serico,</strong></span> 
     </span>
    </p>
   </div>
   <div class='ocr_carea' id='block_1_5' title="bbox 725 710 1766 782">
    <p class='ocr_par' dir='ltr' id='par_1_5' title="bbox 725 710 1766 782">
     <span class='ocr_line' id='line_1_5' title="bbox 725 710 1766 782; baseline 0 -17"><span class='ocrx_word' id='word_1_16' title='bbox 725 713 890 782; x_wconf 79' lang='lat'><strong>909</strong></span> <span class='ocrx_word' id='word_1_17' title='bbox 915 712 1084 777; x_wconf 84' lang='lat' dir='ltr'><strong>Quem</strong></span> <span class='ocrx_word' id='word_1_18' title='bbox 1106 727 1296 767; x_wconf 90' lang='lat' dir='ltr'><strong>currus</strong></span> <span class='ocrx_word' id='word_1_19' title='bbox 1323 711 1560 766; x_wconf 76' lang='lat' dir='ltr'><strong>inﬂatum</strong></span> <span class='ocrx_word' id='word_1_20' title='bbox 1586 710 1766 778; x_wconf 85' lang='lat' dir='ltr'><strong>vehit,</strong></span> 
     </span>
    </p>
   </div>
   <div class='ocr_carea' id='block_1_6' title="bbox 726 802 1427 874">
    <p class='ocr_par' dir='ltr' id='par_1_6' title="bbox 726 802 1427 874">
     <span class='ocr_line' id='line_1_6' title="bbox 726 802 1427 874; baseline 0.001 -17"><span class='ocrx_word' id='word_1_21' title='bbox 726 804 969 874; x_wconf 90' lang='lat' dir='ltr'><strong>llydr0ps</strong></span> <span class='ocrx_word' id='word_1_22' title='bbox 991 818 1224 872; x_wconf 91' lang='lat' dir='ltr'><strong>aquosus</strong></span> <span class='ocrx_word' id='word_1_23' title='bbox 1249 802 1427 858; x_wconf 90' lang='lat' dir='ltr'><strong>lucido</strong></span> 
     </span>
    </p>
   </div>
   <div class='ocr_carea' id='block_1_7' title="bbox 509 889 1519 949">
    <p class='ocr_par' dir='ltr' id='par_1_7' title="bbox 509 889 1519 949">
     <span class='ocr_line' id='line_1_7' title="bbox 509 889 1519 949; baseline 0.002 -5"><span class='ocrx_word' id='word_1_24' title='bbox 509 889 616 947; x_wconf 72' lang='lat' dir='ltr'><strong>2H)</strong></span> <span class='ocrx_word' id='word_1_25' title='bbox 719 893 912 947; x_wconf 90' lang='lat' dir='ltr'><strong>Tendit</strong></span> <span class='ocrx_word' id='word_1_26' title='bbox 939 909 1148 948; x_wconf 90' lang='lat' dir='ltr'><strong>veneno</strong></span> <span class='ocrx_word' id='word_1_27' title='bbox 1178 894 1519 949; x_wconf 65' lang='lat' dir='ltr'><strong>intrinsecus.</strong></span> 
     </span>
    </p>
   </div>
   <div class='ocr_carea' id='block_1_8' title="bbox 651 985 1377 1040">
    <p class='ocr_par' dir='ltr' id='par_1_8' title="bbox 651 985 1377 1040">
     <span class='ocr_line' id='line_1_8' title="bbox 651 985 1377 1040; baseline 0.001 -2"><span class='ocrx_word' id='word_1_28' title='bbox 651 985 747 1038; x_wconf 78' lang='lat' dir='ltr'><strong>Ast</strong></span> <span class='ocrx_word' id='word_1_29' title='bbox 776 985 864 1039; x_wconf 90' lang='lat' dir='ltr'><strong>hic</strong></span> <span class='ocrx_word' id='word_1_30' title='bbox 893 999 1083 1039; x_wconf 90' lang='lat' dir='ltr'><strong>avarus</strong></span> <span class='ocrx_word' id='word_1_31' title='bbox 1106 985 1377 1040; x_wconf 81' lang='lat' dir='ltr'><strong>contrahit</strong></span> 
     </span>
    </p>
   </div>
   <div class='ocr_carea' id='block_1_9' title="bbox 725 1075 1508 1138">
    <p class='ocr_par' dir='ltr' id='par_1_9' title="bbox 725 1075 1508 1138">
     <span class='ocr_line' id='line_1_9' title="bbox 725 1075 1508 1138; baseline 0 -10"><span class='ocrx_word' id='word_1_32' title='bbox 725 1076 912 1128; x_wconf 86' lang='lat' dir='ltr'><strong>Manus</strong></span> <span class='ocrx_word' id='word_1_33' title='bbox 940 1091 1192 1131; x_wconf 84' lang='lat' dir='ltr'><strong>recurvas</strong></span> <span class='ocrx_word' id='word_1_34' title='bbox 1215 1076 1268 1129; x_wconf 94' lang='lat' dir='ltr'><strong>in</strong></span> <span class='ocrx_word' id='word_1_35' title='bbox 1300 1075 1472 1129; x_wconf 83' lang='lat' dir='ltr'><strong>volam</strong></span> <span class='ocrx_word' id='word_1_36' title='bbox 1492 1114 1508 1138; x_wconf 90' lang='lat'><strong>,</strong></span> 
     </span>
    </p>
   </div>
   <div class='ocr_carea' id='block_1_10' title="bbox 1613 321 2652 383">
    <p class='ocr_par' dir='ltr' id='par_1_10' title="bbox 1613 321 2652 383">
     <span class='ocr_line' id='line_1_10' title="bbox 1613 321 2652 383; baseline 0.007 -7"><span class='ocrx_word' id='word_1_37' title='bbox 1613 321 1887 378; x_wconf 71' lang='lat' dir='ltr'><strong>AuRELlI</strong></span> <span class='ocrx_word' id='word_1_38' title='bbox 1927 323 2293 381; x_wconf 81' lang='lat' dir='ltr'><strong>PRUDENTH</strong></span> <span class='ocrx_word' id='word_1_39' title='bbox 2328 324 2652 383; x_wconf 77' lang='lat' dir='ltr'><strong>CARMINA.</strong></span> 
     </span>
    </p>
   </div>
   <div class='ocr_carea' id='block_1_11' title="bbox 2117 449 2168 505">
    <p class='ocr_par' dir='ltr' id='par_1_11' title="bbox 2117 449 2168 505">
     <span class='ocr_line' id='line_1_11' title="bbox 2117 449 2168 505; baseline 0 0"><span class='ocrx_word' id='word_1_40' title='bbox 2117 449 2168 505; x_wconf 84' lang='lat' dir='ltr'><strong>A</strong></span> 
     </span>
    </p>
   </div>
   <div class='ocr_carea' id='block_1_12' title="bbox 3670 327 3776 410">
    <p class='ocr_par' dir='ltr' id='par_1_12' title="bbox 3670 327 3776 410">
     <span class='ocr_line' id='line_1_12' title="bbox 3670 327 3776 410; baseline -0.019 -27"><span class='ocrx_word' id='word_1_41' title='bbox 3670 327 3776 410; x_wconf 70' lang='lat' dir='ltr'><strong>sia</strong></span> 
     </span>
    </p>
   </div>
   <div class='ocr_carea' id='block_1_13' title="bbox 2413 444 3205 514">
    <p class='ocr_par' dir='ltr' id='par_1_13' title="bbox 2413 444 3205 514">
     <span class='ocr_line' id='line_1_13' title="bbox 2413 444 3205 514; baseline 0 -16"><span class='ocrx_word' id='word_1_42' title='bbox 2413 444 2627 499; x_wconf 86' lang='lat' dir='ltr'><strong>Plicaas</strong></span> <span class='ocrx_word' id='word_1_43' title='bbox 2654 451 2708 498; x_wconf 90' lang='lat' dir='ltr'><strong>et</strong></span> <span class='ocrx_word' id='word_1_44' title='bbox 2738 454 2888 500; x_wconf 76' lang='lat' dir='ltr'><strong>uncis</strong></span> <span class='ocrx_word' id='word_1_45' title='bbox 2918 444 3205 514; x_wconf 84' lang='lat' dir='ltr'><strong>unguibus,</strong></span> 
     </span>
    </p>
   </div>
   <div class='ocr_carea' id='block_1_14' title="bbox 2281 533 3163 602">
    <p class='ocr_par' dir='ltr' id='par_1_14' title="bbox 2281 533 3163 602">
     <span class='ocr_line' id='line_1_14' title="bbox 2281 533 3163 602; baseline -0.001 -15"><span class='ocrx_word' id='word_1_46' title='bbox 2281 599 2284 602; x_wconf 21' lang='lat'>.</span> <span class='ocrx_word' id='word_1_47' title='bbox 2413 533 2615 588; x_wconf 86' lang='lat' dir='ltr'><strong>Laxare</strong></span> <span class='ocrx_word' id='word_1_48' title='bbox 2643 549 2835 589; x_wconf 82' lang='lat' dir='ltr'><strong>nervos</strong></span> <span class='ocrx_word' id='word_1_49' title='bbox 2863 551 2972 590; x_wconf 94' lang='lat' dir='ltr'><strong>non</strong></span> <span class='ocrx_word' id='word_1_50' title='bbox 2998 537 3163 590; x_wconf 90' lang='lat' dir='ltr'><strong>valet.</strong></span> 
     </span>
    </p>
   </div>
   <div class='ocr_carea' id='block_1_15' title="bbox 2193 622 2887 680">
    <p class='ocr_par' dir='ltr' id='par_1_15' title="bbox 2193 622 2887 680">
     <span class='ocr_line' id='line_1_15' title="bbox 2193 622 2887 680; baseline 0.001 -3"><span class='ocrx_word' id='word_1_51' title='bbox 2193 622 2301 678; x_wconf 71' lang='grc'><strong>245</strong></span> <span class='ocrx_word' id='word_1_52' title='bbox 2339 624 2501 680; x_wconf 89' lang='lat' dir='ltr'><strong>Istum</strong></span> <span class='ocrx_word' id='word_1_53' title='bbox 2531 624 2696 678; x_wconf 84' lang='lat' dir='ltr'><strong>libido</strong></span> <span class='ocrx_word' id='word_1_54' title='bbox 2727 624 2887 680; x_wconf 87' lang='lat' dir='ltr'><strong>fetida</strong></span> 
     </span>
    </p>
   </div>
   <div class='ocr_carea' id='block_1_16' title="bbox 2407 714 3206 784">
    <p class='ocr_par' dir='ltr' id='par_1_16' title="bbox 2407 714 3206 784">
     <span class='ocr_line' id='line_1_16' title="bbox 2407 714 3206 784; baseline -0.004 -14"><span class='ocrx_word' id='word_1_55' title='bbox 2407 714 2509 770; x_wconf 87' lang='lat' dir='ltr'><strong>Per</strong></span> <span class='ocrx_word' id='word_1_56' title='bbox 2537 723 2712 769; x_wconf 88' lang='lat' dir='ltr'><strong>scorta</strong></span> <span class='ocrx_word' id='word_1_57' title='bbox 2744 723 2969 770; x_wconf 91' lang='lat' dir='ltr'><strong>tractum</strong></span> <span class='ocrx_word' id='word_1_58' title='bbox 2997 714 3206 784; x_wconf 85' lang='lat' dir='ltr'><strong>publica</strong></span> 
     </span>
    </p>
   </div>
   <div class='ocr_carea' id='block_1_17' title="bbox 2416 805 3178 875">
    <p class='ocr_par' dir='ltr' id='par_1_17' title="bbox 2416 805 3178 875">
     <span class='ocr_line' id='line_1_17' title="bbox 2416 805 3178 875; baseline -0.001 -17"><span class='ocrx_word' id='word_1_59' title='bbox 2416 805 2573 868; x_wconf 88' lang='lat' dir='ltr'><strong>Luto,</strong></span> <span class='ocrx_word' id='word_1_60' title='bbox 2599 813 2654 860; x_wconf 78' lang='lat' dir='ltr'><strong>et</strong></span> <span class='ocrx_word' id='word_1_61' title='bbox 2681 805 2880 860; x_wconf 83' lang='lat' dir='ltr'><strong>cloacis</strong></span> <span class='ocrx_word' id='word_1_62' title='bbox 2909 805 3178 875; x_wconf 89' lang='lat' dir='ltr'><strong>inquinat,</strong></span> 
     </span>
    </p>
   </div>
   <div class='ocr_carea' id='block_1_18' title="bbox 2407 897 3288 966">
    <p class='ocr_par' dir='ltr' id='par_1_18' title="bbox 2407 897 3288 966">
     <span class='ocr_line' id='line_1_18' title="bbox 2407 897 3288 966; baseline 0 -16"><span class='ocrx_word' id='word_1_63' title='bbox 2407 897 2539 950; x_wconf 89' lang='lat' dir='ltr'><strong>Dum</strong></span> <span class='ocrx_word' id='word_1_64' title='bbox 2562 912 2752 966; x_wconf 86' lang='lat' dir='ltr'><strong>spurca</strong></span> <span class='ocrx_word' id='word_1_65' title='bbox 2783 898 3052 953; x_wconf 83' lang='lat' dir='ltr'><strong>mendicat</strong></span> <span class='ocrx_word' id='word_1_66' title='bbox 3080 906 3288 966; x_wconf 90' lang='lat' dir='ltr'><strong>stupra.</strong></span> 
     </span>
    </p>
   </div>
   <div class='ocr_carea' id='block_1_19' title="bbox 2335 988 3091 1056">
    <p class='ocr_par' dir='ltr' id='par_1_19' title="bbox 2335 988 3091 1056">
     <span class='ocr_line' id='line_1_19' title="bbox 2335 988 3091 1056; baseline 0.004 -17"><span class='ocrx_word' id='word_1_67' title='bbox 2335 988 2471 1056; x_wconf 82' lang='lat' dir='ltr'><strong>Quid</strong></span> <span class='ocrx_word' id='word_1_68' title='bbox 2503 989 2589 1042; x_wconf 90' lang='lat' dir='ltr'><strong>ille</strong></span> <span class='ocrx_word' id='word_1_69' title='bbox 2616 988 2826 1044; x_wconf 77' lang='lat' dir='ltr'><strong>fervens</strong></span> <span class='ocrx_word' id='word_1_70' title='bbox 2854 989 3054 1043; x_wconf 89' lang='lat' dir='ltr'><strong>ambitu</strong></span> <span class='ocrx_word' id='word_1_71' title='bbox 3077 1033 3091 1055; x_wconf 90' lang='lat'><strong>,</strong></span> 
     </span>
    </p>
   </div>
   <div class='ocr_carea' id='block_1_20' title="bbox 2190 1077 3372 1150">
    <p class='ocr_par' dir='ltr' id='par_1_20' title="bbox 2190 1077 3372 1150">
     <span class='ocr_line' id='line_1_20' title="bbox 2190 1077 3372 1150; baseline -0.001 -19"><span class='ocrx_word' id='word_1_72' title='bbox 2190 1077 2297 1132; x_wconf 80' lang='grc'><strong>250</strong></span> <span class='ocrx_word' id='word_1_73' title='bbox 2401 1080 2565 1150; x_wconf 75' lang='lat'><strong>910</strong></span> <span class='ocrx_word' id='word_1_74' title='bbox 2585 1079 2845 1149; x_wconf 89' lang='lat' dir='ltr'><strong>Sitimque</strong></span> <span class='ocrx_word' id='word_1_75' title='bbox 2874 1081 3091 1134; x_wconf 84' lang='lat' dir='ltr'><strong>honoris</strong></span> <span class='ocrx_word' id='word_1_76' title='bbox 3118 1087 3372 1142; x_wconf 78' lang='lat' dir='ltr'><strong>:estuans,</strong></span> 
     </span>
    </p>
   </div>
   <div class='ocr_carea' id='block_1_21' title="bbox 1805 1188 2469 1248">
    <p class='ocr_par' dir='ltr' id='par_1_21' title="bbox 1805 1188 2469 1248">
     <span class='ocr_line' id='line_1_21' title="bbox 1805 1188 2469 1248; baseline 0.002 -4"><span class='ocrx_word' id='word_1_77' title='bbox 1805 1188 2088 1246; x_wconf 64' lang='lat' dir='ltr'><strong>GLOSSAE</strong></span> <span class='ocrx_word' id='word_1_78' title='bbox 2125 1191 2469 1248; x_wconf 64' lang='lat' dir='ltr'><strong>VETERES.</strong></span> 
     </span>
    </p>
   </div>
   <div class='ocr_carea' id='block_1_22' title="bbox 573 1281 1455 1352">
    <p class='ocr_par' dir='ltr' id='par_1_22' title="bbox 573 1281 1455 1352">
     <span class='ocr_line' id='line_1_22' title="bbox 573 1281 1455 1352; baseline 0.001 -15"><span class='ocrx_word' id='word_1_79' title='bbox 573 1281 700 1337; x_wconf 74' lang='grc'><strong>236.</strong></span> <span class='ocrx_word' id='word_1_80' title='bbox 733 1282 1057 1352; x_wconf 88' lang='lat' dir='ltr'><strong>Pauperum,</strong></span> <span class='ocrx_word' id='word_1_81' title='bbox 1081 1285 1271 1337; x_wconf 72' lang='lat' dir='ltr'><strong>scilicet</strong></span> <span class='ocrx_word' id='word_1_82' title='bbox 1300 1285 1384 1350; x_wconf 83' lang='lat' dir='ltr'><strong>sit,</strong></span> <span class='ocrx_word' id='word_1_83' title='bbox 1415 1284 1455 1338; x_wconf 90' lang='grc' dir='ltr'><strong>Ι.</strong></span> 
     </span>
    </p>
   </div>
   <div class='ocr_carea' id='block_1_23' title="bbox 573 1354 1286 1422">
    <p class='ocr_par' dir='ltr' id='par_1_23' title="bbox 573 1354 1286 1422">
     <span class='ocr_line' id='line_1_23' title="bbox 573 1354 1286 1422; baseline 0.001 -15"><span class='ocrx_word' id='word_1_84' title='bbox 573 1355 702 1407; x_wconf 82' lang='grc'><strong>257.</strong></span> <span class='ocrx_word' id='word_1_85' title='bbox 733 1354 941 1416; x_wconf 74' lang='lat' dir='ltr'><strong>Serico,</strong></span> <span class='ocrx_word' id='word_1_86' title='bbox 965 1370 1214 1422; x_wconf 88' lang='lat' dir='ltr'><strong>purpura,</strong></span> <span class='ocrx_word' id='word_1_87' title='bbox 1249 1355 1286 1408; x_wconf 92' lang='grc' dir='ltr'><strong>Ι.</strong></span> 
     </span>
    </p>
   </div>
   <div class='ocr_carea' id='block_1_24' title="bbox 573 1423 1246 1494">
    <p class='ocr_par' dir='ltr' id='par_1_24' title="bbox 573 1423 1246 1494">
     <span class='ocr_line' id='line_1_24' title="bbox 573 1423 1246 1494; baseline 0.001 -19"><span class='ocrx_word' id='word_1_88' title='bbox 573 1423 698 1478; x_wconf 81' lang='grc'><strong>259.</strong></span> <span class='ocrx_word' id='word_1_89' title='bbox 733 1423 995 1494; x_wconf 82' lang='lat' dir='ltr'><strong>Hydrops,</strong></span> <span class='ocrx_word' id='word_1_90' title='bbox 1023 1424 1176 1485; x_wconf 82' lang='lat' dir='ltr'><strong>hunc,</strong></span> <span class='ocrx_word' id='word_1_91' title='bbox 1207 1424 1246 1476; x_wconf 93' lang='lat' dir='ltr'><strong>l.</strong></span> 
     </span>
    </p>
   </div>
   <div class='ocr_carea' id='block_1_25' title="bbox 574 1493 2075 1562">
    <p class='ocr_par' dir='ltr' id='par_1_25' title="bbox 574 1493 2075 1562">
     <span class='ocr_line' id='line_1_25' title="bbox 574 1493 2075 1562; baseline -0.001 -16"><span class='ocrx_word' id='word_1_92' title='bbox 574 1495 700 1547; x_wconf 64' lang='lat'><strong>2:2.</strong></span> <span class='ocrx_word' id='word_1_93' title='bbox 746 1493 966 1561; x_wconf 84' lang='lat' dir='ltr'><strong>Volam,</strong></span> <span class='ocrx_word' id='word_1_94' title='bbox 1013 1496 1065 1548; x_wconf 86' lang='lat' dir='ltr'><strong>in</strong></span> <span class='ocrx_word' id='word_1_95' title='bbox 1116 1495 1332 1546; x_wconf 80' lang='lat' dir='ltr'><strong>mediam</strong></span> <span class='ocrx_word' id='word_1_96' title='bbox 1375 1495 1631 1562; x_wconf 79' lang='lat' dir='ltr'><strong>palmam,</strong></span> <span class='ocrx_word' id='word_1_97' title='bbox 1675 1493 1916 1546; x_wconf 78' lang='lat' dir='ltr'><strong>medietas</strong></span> <span class='ocrx_word' id='word_1_98' title='bbox 1957 1494 2075 1562; x_wconf 89' lang='lat' dir='ltr'><strong>pal-</strong></span> 
     </span>
    </p>
   </div>
   <div class='ocr_carea' id='block_1_26' title="bbox 507 1565 758 1626">
    <p class='ocr_par' dir='ltr' id='par_1_26' title="bbox 507 1565 758 1626">
     <span class='ocr_line' id='line_1_26' title="bbox 507 1565 758 1626; baseline -0.008 -10"><span class='ocrx_word' id='word_1_99' title='bbox 507 1580 623 1626; x_wconf 65' lang='lat' dir='ltr'><strong>mae,</strong></span> <span class='ocrx_word' id='word_1_100' title='bbox 658 1565 758 1618; x_wconf 83' lang='lat' dir='ltr'><strong>lso.</strong></span> 
     </span>
    </p>
   </div>
   <div class='ocr_carea' id='block_1_27' title="bbox 571 1633 1717 1703">
    <p class='ocr_par' dir='ltr' id='par_1_27' title="bbox 571 1633 1717 1703">
     <span class='ocr_line' id='line_1_27' title="bbox 571 1633 1717 1703; baseline -0.001 -16"><span class='ocrx_word' id='word_1_101' title='bbox 571 1635 695 1688; x_wconf 70' lang='grc'><strong>245.</strong></span> <span class='ocrx_word' id='word_1_102' title='bbox 732 1633 893 1688; x_wconf 88' lang='lat' dir='ltr'><strong>chis</strong></span> <span class='ocrx_word' id='word_1_103' title='bbox 919 1634 1200 1698; x_wconf 77' lang='lat' dir='ltr'><strong>unguibus,</strong></span> <span class='ocrx_word' id='word_1_104' title='bbox 1231 1634 1434 1703; x_wconf 77' lang='lat' dir='ltr'><strong>ungulis</strong></span> <span class='ocrx_word' id='word_1_105' title='bbox 1463 1637 1649 1698; x_wconf 82' lang='lat' dir='ltr'><strong>curvis,</strong></span> <span class='ocrx_word' id='word_1_106' title='bbox 1679 1633 1717 1686; x_wconf 95' lang='grc'><strong>1.</strong></span> 
     </span>
    </p>
   </div>
   <div class='ocr_carea' id='block_1_28' title="bbox 571 1703 2082 1776">
    <p class='ocr_par' dir='ltr' id='par_1_28' title="bbox 571 1703 2082 1776">
     <span class='ocr_line' id='line_1_28' title="bbox 571 1703 2082 1776; baseline 0 -20"><span class='ocrx_word' id='word_1_107' title='bbox 571 1703 696 1757; x_wconf 63' lang='grc'><strong>246.</strong></span> <span class='ocrx_word' id='word_1_108' title='bbox 725 1704 944 1771; x_wconf 88' lang='lat' dir='ltr'><strong>Scorta,</strong></span> <span class='ocrx_word' id='word_1_109' title='bbox 969 1714 1220 1769; x_wconf 83' lang='lat' dir='ltr'><strong>scortum,</strong></span> <span class='ocrx_word' id='word_1_110' title='bbox 1253 1706 1398 1776; x_wconf 87' lang='lat' dir='ltr'><strong>quasi</strong></span> <span class='ocrx_word' id='word_1_111' title='bbox 1424 1716 1638 1759; x_wconf 83' lang='lat' dir='ltr'><strong>sartum.</strong></span> <span class='ocrx_word' id='word_1_112' title='bbox 1675 1705 1885 1756; x_wconf 83' lang='lat' dir='ltr'><strong>Sorlum</strong></span> <span class='ocrx_word' id='word_1_113' title='bbox 1911 1712 1981 1756; x_wconf 80' lang='lat' dir='ltr'><strong>est</strong></span> <span class='ocrx_word' id='word_1_114' title='bbox 2007 1718 2082 1756; x_wconf 85' lang='lat' dir='ltr'><strong>so-</strong></span> 
     </span>
    </p>
   </div>
   <div class='ocr_carea' id='block_1_29' title="bbox 2186 1282 3764 1345">
    <p class='ocr_par' dir='ltr' id='par_1_29' title="bbox 2186 1282 3764 1345">
     <span class='ocr_line' id='line_1_29' title="bbox 2186 1282 3764 1345; baseline 0.001 -11"><span class='ocrx_word' id='word_1_115' title='bbox 2186 1285 2266 1335; x_wconf 85' lang='lat' dir='ltr'><strong>lea</strong></span> <span class='ocrx_word' id='word_1_116' title='bbox 2290 1299 2308 1336; x_wconf 92' lang='lat'><em>:</em></span> <span class='ocrx_word' id='word_1_117' title='bbox 2335 1285 2465 1337; x_wconf 89' lang='lat' dir='ltr'><strong>sicut</strong></span> <span class='ocrx_word' id='word_1_118' title='bbox 2495 1287 2630 1339; x_wconf 84' lang='lat' dir='ltr'><strong>enim</strong></span> <span class='ocrx_word' id='word_1_119' title='bbox 2659 1285 2800 1338; x_wconf 87' lang='lat' dir='ltr'><strong>solea</strong></span> <span class='ocrx_word' id='word_1_120' title='bbox 2837 1293 3125 1336; x_wconf 87' lang='lat' dir='ltr'><strong>maceratur</strong></span> <span class='ocrx_word' id='word_1_121' title='bbox 3161 1283 3212 1335; x_wconf 86' lang='lat' dir='ltr'><strong>in</strong></span> <span class='ocrx_word' id='word_1_122' title='bbox 3248 1297 3405 1335; x_wconf 87' lang='lat' dir='ltr'><strong>manu</strong></span> <span class='ocrx_word' id='word_1_123' title='bbox 3449 1285 3660 1345; x_wconf 82' lang='lat' dir='ltr'><strong>sutoris,</strong></span> <span class='ocrx_word' id='word_1_124' title='bbox 3691 1282 3764 1335; x_wconf 89' lang='lat' dir='ltr'><strong>sic</strong></span> 
     </span>
    </p>
   </div>
   <div class='ocr_carea' id='block_1_30' title="bbox 2186 1353 3186 1421">
    <p class='ocr_par' dir='ltr' id='par_1_30' title="bbox 2186 1353 3186 1421">
     <span class='ocr_line' id='line_1_30' title="bbox 2186 1353 3186 1421; baseline -0.002 -15"><span class='ocrx_word' id='word_1_125' title='bbox 2186 1354 2430 1421; x_wconf 81' lang='lat' dir='ltr'><strong>pellicula</strong></span> <span class='ocrx_word' id='word_1_126' title='bbox 2457 1356 2732 1408; x_wconf 85' lang='lat' dir='ltr'><strong>meretricis</strong></span> <span class='ocrx_word' id='word_1_127' title='bbox 2760 1353 2823 1406; x_wconf 88' lang='lat' dir='ltr'><strong>ab</strong></span> <span class='ocrx_word' id='word_1_128' title='bbox 2851 1354 3120 1416; x_wconf 85' lang='lat' dir='ltr'><strong>adulteris,</strong></span> <span class='ocrx_word' id='word_1_129' title='bbox 3147 1353 3186 1406; x_wconf 94' lang='lat' dir='ltr'><strong>l.</strong></span> 
     </span>
    </p>
   </div>
   <div class='ocr_carea' id='block_1_31' title="bbox 2254 1421 3768 1492">
    <p class='ocr_par' dir='ltr' id='par_1_31' title="bbox 2254 1421 3768 1492">
     <span class='ocr_line' id='line_1_31' title="bbox 2254 1421 3768 1492; baseline 0 -17"><span class='ocrx_word' id='word_1_130' title='bbox 2254 1422 2381 1478; x_wconf 65' lang='grc' dir='ltr'><strong>ενι.</strong></span> <span class='ocrx_word' id='word_1_131' title='bbox 2413 1423 2640 1492; x_wconf 85' lang='lat' dir='ltr'><strong>Cloacis,</strong></span> <span class='ocrx_word' id='word_1_132' title='bbox 2671 1423 2898 1483; x_wconf 87' lang='lat' dir='ltr'><strong>lacubus,</strong></span> <span class='ocrx_word' id='word_1_133' title='bbox 2923 1423 3180 1476; x_wconf 77' lang='lat' dir='ltr'><strong>sordibus.</strong></span> <span class='ocrx_word' id='word_1_134' title='bbox 3207 1421 3406 1477; x_wconf 73' lang='lat' dir='ltr'><strong>Cloacaa</strong></span> <span class='ocrx_word' id='word_1_135' title='bbox 3425 1432 3545 1477; x_wconf 75' lang='lat' dir='ltr'><strong>sunt</strong></span> <span class='ocrx_word' id='word_1_136' title='bbox 3567 1421 3686 1476; x_wconf 79' lang='lat' dir='ltr'><strong>loca</strong></span> <span class='ocrx_word' id='word_1_137' title='bbox 3710 1424 3768 1483; x_wconf 76' lang='lat' dir='ltr'><strong>in</strong></span> 
     </span>
    </p>
   </div>
   <div class='ocr_carea' id='block_1_32' title="bbox 2187 1492 3203 1562">
    <p class='ocr_par' dir='ltr' id='par_1_32' title="bbox 2187 1492 3203 1562">
     <span class='ocr_line' id='line_1_32' title="bbox 2187 1492 3203 1562; baseline -0.002 -17"><span class='ocrx_word' id='word_1_138' title='bbox 2187 1493 2365 1562; x_wconf 79' lang='lat' dir='ltr'><strong>quibus</strong></span> <span class='ocrx_word' id='word_1_139' title='bbox 2393 1495 2654 1547; x_wconf 81' lang='lat' dir='ltr'><strong>adimatur</strong></span> <span class='ocrx_word' id='word_1_140' title='bbox 2678 1505 2874 1549; x_wconf 85' lang='lat' dir='ltr'><strong>stercus</strong></span> <span class='ocrx_word' id='word_1_141' title='bbox 2901 1493 3135 1557; x_wconf 82' lang='lat' dir='ltr'><strong>civitatis,</strong></span> <span class='ocrx_word' id='word_1_142' title='bbox 3161 1492 3203 1546; x_wconf 89' lang='grc'><strong>1.</strong></span> 
     </span>
    </p>
   </div>
   <div class='ocr_carea' id='block_1_33' title="bbox 2258 1561 3762 1632">
    <p class='ocr_par' dir='ltr' id='par_1_33' title="bbox 2258 1561 3762 1632">
     <span class='ocr_line' id='line_1_33' title="bbox 2258 1561 3762 1632; baseline -0.002 -15"><span class='ocrx_word' id='word_1_143' title='bbox 2258 1564 2382 1619; x_wconf 72' lang='grc'><strong>249.</strong></span> <span class='ocrx_word' id='word_1_144' title='bbox 2412 1564 2667 1625; x_wconf 86' lang='lat' dir='ltr'><strong>Fervens,</strong></span> <span class='ocrx_word' id='word_1_145' title='bbox 2694 1567 2878 1617; x_wconf 81' lang='lat' dir='ltr'><strong>ardens</strong></span> <span class='ocrx_word' id='word_1_146' title='bbox 2903 1562 3175 1616; x_wconf 87' lang='lat' dir='ltr'><strong>desiderio.</strong></span> <span class='ocrx_word' id='word_1_147' title='bbox 3197 1591 3268 1603; x_wconf 91' lang='lat'><strong>--</strong></span> <span class='ocrx_word' id='word_1_148' title='bbox 3289 1561 3558 1618; x_wconf 85' lang='lat' dir='ltr'><strong>Ambitum</strong></span> <span class='ocrx_word' id='word_1_149' title='bbox 3575 1602 3591 1629; x_wconf 93' lang='lat'><strong>,</strong></span> <span class='ocrx_word' id='word_1_150' title='bbox 3622 1561 3762 1632; x_wconf 84' lang='lat' dir='ltr'><strong>cupi-</strong></span> 
     </span>
    </p>
   </div>
   <div class='ocr_carea' id='block_1_34' title="bbox 2187 1633 2863 1698">
    <p class='ocr_par' dir='ltr' id='par_1_34' title="bbox 2187 1633 2863 1698">
     <span class='ocr_line' id='line_1_34' title="bbox 2187 1633 2863 1698; baseline 0 -12"><span class='ocrx_word' id='word_1_151' title='bbox 2187 1633 2422 1698; x_wconf 80' lang='lat' dir='ltr'><strong>ditatem,</strong></span> <span class='ocrx_word' id='word_1_152' title='bbox 2447 1633 2716 1698; x_wconf 78' lang='lat' dir='ltr'><strong>honorem,</strong></span> <span class='ocrx_word' id='word_1_153' title='bbox 2743 1635 2863 1688; x_wconf 74' lang='lat' dir='ltr'><strong>lso.‘</strong></span> 
     </span>
    </p>
   </div>
   <div class='ocr_carea' id='block_1_35' title="bbox 2256 1700 3103 1772">
    <p class='ocr_par' dir='ltr' id='par_1_35' title="bbox 2256 1700 3103 1772">
     <span class='ocr_line' id='line_1_35' title="bbox 2256 1700 3103 1772; baseline 0 -16"><span class='ocrx_word' id='word_1_154' title='bbox 2256 1703 2384 1759; x_wconf 77' lang='grc'><strong>250.</strong></span> <span class='ocrx_word' id='word_1_155' title='bbox 2419 1703 2694 1772; x_wconf 68' lang='grc' dir='ltr'><strong>Ᾰζειυειηε,</strong></span> <span class='ocrx_word' id='word_1_156' title='bbox 2727 1703 3040 1767; x_wconf 86' lang='lat' dir='ltr'><strong>desiderans,</strong></span> <span class='ocrx_word' id='word_1_157' title='bbox 3064 1700 3103 1756; x_wconf 94' lang='grc'><strong>1.</strong></span> 
     </span>
    </p>
   </div>
   <div class='ocr_carea' id='block_1_36' title="bbox 1849 1833 2404 1892">
    <p class='ocr_par' dir='ltr' id='par_1_36' title="bbox 1849 1833 2404 1892">
     <span class='ocr_line' id='line_1_36' title="bbox 1849 1833 2404 1892; baseline -0.002 -2"><span class='ocrx_word' id='word_1_158' title='bbox 1849 1833 2404 1892; x_wconf 79' lang='lat' dir='ltr'><strong>COMMENTARIUS.</strong></span> 
     </span>
    </p>
   </div>
   <div class='ocr_carea' id='block_1_37' title="bbox 571 1949 1962 2022">
    <p class='ocr_par' dir='ltr' id='par_1_37' title="bbox 571 1949 1962 2022">
     <span class='ocr_line' id='line_1_37' title="bbox 571 1949 1962 2022; baseline -0.005 -16"><span class='ocrx_word' id='word_1_159' title='bbox 571 1951 698 2008; x_wconf 78' lang='grc'><strong>256.</strong></span> <span class='ocrx_word' id='word_1_160' title='bbox 731 1952 879 2013; x_wconf 85' lang='lat' dir='ltr'><strong>Ald.,</strong></span> <span class='ocrx_word' id='word_1_161' title='bbox 907 1953 1098 2022; x_wconf 88' lang='lat' dir='ltr'><strong>Bong.,</strong></span> <span class='ocrx_word' id='word_1_162' title='bbox 1128 1969 1355 2007; x_wconf 84' lang='lat' dir='ltr'><strong>nieorum</strong></span> <span class='ocrx_word' id='word_1_163' title='bbox 1386 1967 1697 2021; x_wconf 81' lang='lat' dir='ltr'><strong>pauperum,</strong></span> <span class='ocrx_word' id='word_1_164' title='bbox 1727 1949 1962 2022; x_wconf 9' lang='lat' dir='ltr'><strong>sincgest.</strong></span> 
     </span>
    </p>
   </div>
   <div class='ocr_carea' id='block_1_38' title="bbox 570 2019 2066 2088">
    <p class='ocr_par' dir='ltr' id='par_1_38' title="bbox 570 2019 2066 2088">
     <span class='ocr_line' id='line_1_38' title="bbox 570 2019 2066 2088; baseline -0.003 -13"><span class='ocrx_word' id='word_1_165' title='bbox 570 2023 696 2077; x_wconf 78' lang='grc'><strong>257.</strong></span> <span class='ocrx_word' id='word_1_166' title='bbox 729 2023 944 2078; x_wconf 87' lang='lat' dir='ltr'><strong>Teolius</strong></span> <span class='ocrx_word' id='word_1_167' title='bbox 967 2019 1327 2078; x_wconf 45' lang='lat' dir='ltr'><strong>ex&#39;Mazochio</strong></span> <span class='ocrx_word' id='word_1_168' title='bbox 1368 2019 1500 2076; x_wconf 74' lang='lat' dir='ltr'><strong>tOm.</strong></span> <span class='ocrx_word' id='word_1_169' title='bbox 1530 2023 1544 2076; x_wconf 98' lang='grc' dir='ltr'><strong>Ι</strong></span> <span class='ocrx_word' id='word_1_170' title='bbox 1572 2022 1800 2088; x_wconf 70' lang='lat' dir='ltr'><strong>Specim.</strong></span> <span class='ocrx_word' id='word_1_171' title='bbox 1851 2019 2066 2079; x_wconf 86' lang='lat' dir='ltr'><strong>Biblic.,</strong></span> 
     </span>
    </p>
   </div>
   <div class='ocr_carea' id='block_1_39' title="bbox 502 2090 2074 2164">
    <p class='ocr_par' dir='ltr' id='par_1_39' title="bbox 502 2090 2074 2164">
     <span class='ocr_line' id='line_1_39' title="bbox 502 2090 2074 2164; baseline -0.003 -19"><span class='ocrx_word' id='word_1_172' title='bbox 502 2093 716 2164; x_wconf 79' lang='lat' dir='ltr'><strong>dissert.</strong></span> <span class='ocrx_word' id='word_1_173' title='bbox 742 2094 804 2156; x_wconf 89' lang='lat'><strong>8,</strong></span> <span class='ocrx_word' id='word_1_174' title='bbox 833 2103 972 2162; x_wconf 90' lang='lat' dir='ltr'><strong>part.</strong></span> <span class='ocrx_word' id='word_1_175' title='bbox 1005 2095 1074 2159; x_wconf 85' lang='grc'><strong>2,</strong></span> <span class='ocrx_word' id='word_1_176' title='bbox 1105 2104 1317 2164; x_wconf 82' lang='lat' dir='ltr'><strong>etymon</strong></span> <span class='ocrx_word' id='word_1_177' title='bbox 1349 2094 1496 2146; x_wconf 87' lang='lat' dir='ltr'><strong>serici</strong></span> <span class='ocrx_word' id='word_1_178' title='bbox 1527 2091 1796 2164; x_wconf 75' lang='lat' dir='ltr'><strong>refertad</strong></span> <span class='ocrx_word' id='word_1_179' title='bbox 1831 2090 2074 2164; x_wconf 77' lang='lat' dir='ltr'><strong>arborem</strong></span> 
     </span>
    </p>
   </div>
   <div class='ocr_carea' id='block_1_40' title="bbox 506 2160 2074 2233">
    <p class='ocr_par' dir='ltr' id='par_1_40' title="bbox 506 2160 2074 2233">
     <span class='ocr_line' id='line_1_40' title="bbox 506 2160 2074 2233; baseline -0.003 -18"><span class='ocrx_word' id='word_1_180' title='bbox 506 2161 687 2230; x_wconf 87' lang='lat' dir='ltr'><strong>sorek,</strong></span> <span class='ocrx_word' id='word_1_181' title='bbox 718 2160 868 2233; x_wconf 78' lang='lat' dir='ltr'><strong>cujus</strong></span> <span class='ocrx_word' id='word_1_182' title='bbox 909 2167 1111 2219; x_wconf 87' lang='lat' dir='ltr'><strong>mentio</strong></span> <span class='ocrx_word' id='word_1_183' title='bbox 1139 2160 1196 2217; x_wconf 81' lang='lat' dir='ltr'><strong>lit</strong></span> <span class='ocrx_word' id='word_1_184' title='bbox 1236 2165 1430 2219; x_wconf 89' lang='lat' dir='ltr'><strong>Genes.</strong></span> <span class='ocrx_word' id='word_1_185' title='bbox 1465 2162 1736 2233; x_wconf 64' lang='lat' dir='ltr'><strong>xatx,_H.</strong></span> <span class='ocrx_word' id='word_1_186' title='bbox 1772 2162 1844 2233; x_wconf 88' lang='lat' dir='ltr'><strong>D_e</strong></span> <span class='ocrx_word' id='word_1_187' title='bbox 1887 2160 2074 2233; x_wconf 73' lang='lat' dir='ltr'><strong>eadem</strong></span> 
     </span>
    </p>
   </div>
   <div class='ocr_carea' id='block_1_41' title="bbox 504 2230 2074 2300">
    <p class='ocr_par' dir='ltr' id='par_1_41' title="bbox 504 2230 2074 2300">
     <span class='ocr_line' id='line_1_41' title="bbox 504 2230 2074 2300; baseline -0.006 -12"><span class='ocrx_word' id='word_1_188' title='bbox 504 2234 707 2300; x_wconf 81' lang='lat' dir='ltr'><strong>origine</strong></span> <span class='ocrx_word' id='word_1_189' title='bbox 727 2230 834 2299; x_wconf 84' lang='lat' dir='ltr'><strong>iam</strong></span> <span class='ocrx_word' id='word_1_190' title='bbox 864 2234 1189 2289; x_wconf 86' lang='lat' dir='ltr'><strong>disseruerat</strong></span> <span class='ocrx_word' id='word_1_191' title='bbox 1218 2235 1512 2289; x_wconf 81' lang='lat' dir='ltr'><strong>Becmanus</strong></span> <span class='ocrx_word' id='word_1_192' title='bbox 1529 2234 1594 2288; x_wconf 91' lang='lat' dir='ltr'><strong>de</strong></span> <span class='ocrx_word' id='word_1_193' title='bbox 1623 2231 1768 2295; x_wconf 78' lang='lat' dir='ltr'><strong>Orig.</strong></span> <span class='ocrx_word' id='word_1_194' title='bbox 1796 2230 1910 2284; x_wconf 85' lang='lat' dir='ltr'><strong>Lat.</strong></span> <span class='ocrx_word' id='word_1_195' title='bbox 1945 2230 2074 2300; x_wconf 69' lang='lat' dir='ltr'><strong>ling.</strong></span> 
     </span>
    </p>
   </div>
   <div class='ocr_carea' id='block_1_42' title="bbox 505 2298 2076 2371">
    <p class='ocr_par' dir='ltr' id='par_1_42' title="bbox 505 2298 2076 2371">
     <span class='ocr_line' id='line_1_42' title="bbox 505 2298 2076 2371; baseline -0.004 -15"><span class='ocrx_word' id='word_1_196' title='bbox 505 2298 669 2357; x_wconf 78' lang='lat' dir='ltr'><strong>verbo</strong></span> <span class='ocrx_word' id='word_1_197' title='bbox 695 2298 802 2357; x_wconf 78' lang='lat' dir='ltr'><strong>SER</strong></span> <span class='ocrx_word' id='word_1_198' title='bbox 831 2321 898 2358; x_wconf 87' lang='lat' dir='ltr'><strong>ex</strong></span> <span class='ocrx_word' id='word_1_199' title='bbox 925 2306 1199 2359; x_wconf 84' lang='lat' dir='ltr'><strong>Buxtorlio</strong></span> <span class='ocrx_word' id='word_1_200' title='bbox 1225 2316 1278 2359; x_wconf 90' lang='lat' dir='ltr'><strong>et</strong></span> <span class='ocrx_word' id='word_1_201' title='bbox 1317 2303 1584 2367; x_wconf 81' lang='lat' dir='ltr'><strong>Kimchio,</strong></span> <span class='ocrx_word' id='word_1_202' title='bbox 1613 2302 1699 2371; x_wconf 86' lang='lat' dir='ltr'><strong>qui</strong></span> <span class='ocrx_word' id='word_1_203' title='bbox 1729 2311 1904 2354; x_wconf 88' lang='lat' dir='ltr'><strong>tamen</strong></span> <span class='ocrx_word' id='word_1_204' title='bbox 1933 2298 2076 2353; x_wconf 86' lang='lat' dir='ltr'><strong>sorek</strong></span> 
     </span>
    </p>
   </div>
   <div class='ocr_carea' id='block_1_43' title="bbox 505 2372 2076 2443">
    <p class='ocr_par' dir='ltr' id='par_1_43' title="bbox 505 2372 2076 2443">
     <span class='ocr_line' id='line_1_43' title="bbox 505 2372 2076 2443; baseline -0.003 -17"><span class='ocrx_word' id='word_1_205' title='bbox 505 2374 720 2440; x_wconf 87' lang='lat' dir='ltr'><strong>proprie</strong></span> <span class='ocrx_word' id='word_1_206' title='bbox 738 2376 1150 2443; x_wconf 89' lang='lat' dir='ltr'><strong>interpretantur</strong></span> <span class='ocrx_word' id='word_1_207' title='bbox 1179 2375 1442 2429; x_wconf 85' lang='lat' dir='ltr'><strong>surculus.</strong></span> <span class='ocrx_word' id='word_1_208' title='bbox 1469 2373 1740 2443; x_wconf 85' lang='lat' dir='ltr'><strong>Accipitur</strong></span> <span class='ocrx_word' id='word_1_209' title='bbox 1763 2372 2076 2443; x_wconf 79' lang='lat' dir='ltr'><strong>plerumque</strong></span> 
     </span>
    </p>
   </div>
   <div class='ocr_carea' id='block_1_44' title="bbox 506 2439 2076 2512">
    <p class='ocr_par' dir='ltr' id='par_1_44' title="bbox 506 2439 2076 2512">
     <span class='ocr_line' id='line_1_44' title="bbox 506 2439 2076 2512; baseline -0.001 -18"><span class='ocrx_word' id='word_1_210' title='bbox 506 2443 649 2496; x_wconf 80' lang='lat' dir='ltr'><strong>sorelt</strong></span> <span class='ocrx_word' id='word_1_211' title='bbox 687 2459 780 2511; x_wconf 91' lang='lat' dir='ltr'><strong>pro</strong></span> <span class='ocrx_word' id='word_1_212' title='bbox 805 2439 978 2498; x_wconf 83' lang='lat' dir='ltr'><strong>vinea.</strong></span> <span class='ocrx_word' id='word_1_213' title='bbox 1011 2445 1320 2499; x_wconf 87' lang='lat' dir='ltr'><strong>Communis</strong></span> <span class='ocrx_word' id='word_1_214' title='bbox 1349 2444 1531 2512; x_wconf 89' lang='lat' dir='ltr'><strong>opinio</strong></span> <span class='ocrx_word' id='word_1_215' title='bbox 1558 2439 1718 2496; x_wconf 89' lang='lat' dir='ltr'><strong>etiam</strong></span> <span class='ocrx_word' id='word_1_216' title='bbox 1769 2439 2076 2512; x_wconf 86' lang='lat' dir='ltr'><strong>antiquissi-</strong></span> 
     </span>
    </p>
   </div>
   <div class='ocr_carea' id='block_1_45' title="bbox 508 2510 2072 2584">
    <p class='ocr_par' dir='ltr' id='par_1_45' title="bbox 508 2510 2072 2584">
     <span class='ocr_line' id='line_1_45' title="bbox 508 2510 2072 2584; baseline -0.004 -18"><span class='ocrx_word' id='word_1_217' title='bbox 508 2510 712 2584; x_wconf 89' lang='lat' dir='ltr'><strong>morum</strong></span> <span class='ocrx_word' id='word_1_218' title='bbox 761 2516 1099 2584; x_wconf 86' lang='lat' dir='ltr'><strong>scriptorum&#39;</strong></span> <span class='ocrx_word' id='word_1_219' title='bbox 1127 2510 1500 2583; x_wconf 80' lang='lat' dir='ltr'><strong>etymologiam</strong></span> <span class='ocrx_word' id='word_1_220' title='bbox 1532 2513 1724 2580; x_wconf 79' lang='lat' dir='ltr'><strong>repetit</strong></span> <span class='ocrx_word' id='word_1_221' title='bbox 1761 2525 1790 2564; x_wconf 89' lang='lat' dir='ltr'><strong>a</strong></span> <span class='ocrx_word' id='word_1_222' title='bbox 1831 2510 2072 2584; x_wconf 80' lang='lat' dir='ltr'><strong>scribus,</strong></span> 
     </span>
    </p>
   </div>
   <div class='ocr_carea' id='block_1_46' title="bbox 507 2579 2076 2650">
    <p class='ocr_par' dir='ltr' id='par_1_46' title="bbox 507 2579 2076 2650">
     <span class='ocr_line' id='line_1_46' title="bbox 507 2579 2076 2650; baseline -0.001 -16"><span class='ocrx_word' id='word_1_223' title='bbox 507 2583 648 2650; x_wconf 91' lang='lat' dir='ltr'><strong>quod</strong></span> <span class='ocrx_word' id='word_1_224' title='bbox 677 2579 884 2638; x_wconf 61' lang='lat' dir='ltr'><strong>nomeu&#39;</strong></span> <span class='ocrx_word' id='word_1_225' title='bbox 913 2594 996 2638; x_wconf 90' lang='lat' dir='ltr'><strong>est</strong></span> <span class='ocrx_word' id='word_1_226' title='bbox 1021 2579 1330 2637; x_wconf 83' lang='lat' dir='ltr'><strong>animalium</strong></span> <span class='ocrx_word' id='word_1_227' title='bbox 1368 2579 1608 2636; x_wconf 76' lang='lat' dir='ltr'><strong>nentiam</strong></span> <span class='ocrx_word' id='word_1_228' title='bbox 1636 2590 1898 2635; x_wconf 82' lang='lat' dir='ltr'><strong>metaxam</strong></span> <span class='ocrx_word' id='word_1_229' title='bbox 1917 2620 1931 2639; x_wconf 89' lang='lat'><strong>,</strong></span> <span class='ocrx_word' id='word_1_230' title='bbox 1961 2579 2076 2633; x_wconf 85' lang='lat' dir='ltr'><strong>sive</strong></span> 
     </span>
    </p>
   </div>
   <div class='ocr_carea' id='block_1_47' title="bbox 507 2651 2074 2723">
    <p class='ocr_par' dir='ltr' id='par_1_47' title="bbox 507 2651 2074 2723">
     <span class='ocr_line' id='line_1_47' title="bbox 507 2651 2074 2723; baseline -0.001 -20"><span class='ocrx_word' id='word_1_231' title='bbox 507 2654 640 2706; x_wconf 83' lang='lat' dir='ltr'><strong>rude</strong></span> <span class='ocrx_word' id='word_1_232' title='bbox 667 2655 915 2716; x_wconf 91' lang='lat' dir='ltr'><strong>sericum,</strong></span> <span class='ocrx_word' id='word_1_233' title='bbox 959 2664 1013 2707; x_wconf 90' lang='lat' dir='ltr'><strong>et</strong></span> <span class='ocrx_word' id='word_1_234' title='bbox 1054 2654 1369 2723; x_wconf 84' lang='lat' dir='ltr'><strong>populorum</strong></span> <span class='ocrx_word' id='word_1_235' title='bbox 1402 2654 1490 2707; x_wconf 89' lang='lat' dir='ltr'><strong>ubi</strong></span> <span class='ocrx_word' id='word_1_236' title='bbox 1538 2655 1651 2705; x_wconf 58' lang='lat' dir='ltr'><strong>haec</strong></span> <span class='ocrx_word' id='word_1_237' title='bbox 1698 2651 1942 2723; x_wconf 81' lang='lat' dir='ltr'><strong>animalia</strong></span> <span class='ocrx_word' id='word_1_238' title='bbox 1974 2667 2074 2723; x_wconf 82' lang='lat' dir='ltr'><strong>nu-</strong></span> 
     </span>
    </p>
   </div>
   <div class='ocr_carea' id='block_1_48' title="bbox 508 2720 2078 2788">
    <p class='ocr_par' dir='ltr' id='par_1_48' title="bbox 508 2720 2078 2788">
     <span class='ocr_line' id='line_1_48' title="bbox 508 2720 2078 2788; baseline -0.002 -13"><span class='ocrx_word' id='word_1_239' title='bbox 508 2724 760 2782; x_wconf 88' lang='lat' dir='ltr'><strong>triuntur.</strong></span> <span class='ocrx_word' id='word_1_240' title='bbox 787 2725 1032 2778; x_wconf 81' lang='lat' dir='ltr'><strong>Nonnulli</strong></span> <span class='ocrx_word' id='word_1_241' title='bbox 1058 2720 1126 2778; x_wconf 76' lang='lat' dir='ltr'><strong>ex</strong></span> <span class='ocrx_word' id='word_1_242' title='bbox 1154 2725 1433 2778; x_wconf 82' lang='lat' dir='ltr'><strong>arboribus</strong></span> <span class='ocrx_word' id='word_1_243' title='bbox 1453 2724 1682 2777; x_wconf 89' lang='lat' dir='ltr'><strong>sericum</strong></span> <span class='ocrx_word' id='word_1_244' title='bbox 1709 2723 1825 2774; x_wconf 89' lang='lat' dir='ltr'><strong>sine</strong></span> <span class='ocrx_word' id='word_1_245' title='bbox 1856 2720 2078 2788; x_wconf 81' lang='lat' dir='ltr'><strong>bomby-</strong></span> 
     </span>
    </p>
   </div>
   <div class='ocr_carea' id='block_1_49' title="bbox 507 2791 2076 2863">
    <p class='ocr_par' dir='ltr' id='par_1_49' title="bbox 507 2791 2076 2863">
     <span class='ocr_line' id='line_1_49' title="bbox 507 2791 2076 2863; baseline -0.004 -15"><span class='ocrx_word' id='word_1_246' title='bbox 507 2808 626 2848; x_wconf 91' lang='lat' dir='ltr'><strong>cum</strong></span> <span class='ocrx_word' id='word_1_247' title='bbox 660 2808 822 2861; x_wconf 90' lang='lat' dir='ltr'><strong>opere</strong></span> <span class='ocrx_word' id='word_1_248' title='bbox 849 2794 965 2850; x_wconf 86' lang='lat' dir='ltr'><strong>fleri</strong></span> <span class='ocrx_word' id='word_1_249' title='bbox 990 2803 1213 2863; x_wconf 88' lang='lat' dir='ltr'><strong>putant:</strong></span> <span class='ocrx_word' id='word_1_250' title='bbox 1244 2795 1336 2848; x_wconf 89' lang='lat' dir='ltr'><strong>sed</strong></span> <span class='ocrx_word' id='word_1_251' title='bbox 1367 2795 1542 2846; x_wconf 85' lang='lat' dir='ltr'><strong>verius</strong></span> <span class='ocrx_word' id='word_1_252' title='bbox 1565 2791 1810 2863; x_wconf 28' lang='lat' dir='ltr'><strong>videturt</strong></span> <span class='ocrx_word' id='word_1_253' title='bbox 1830 2793 2076 2863; x_wconf 81' lang='lat' dir='ltr'><strong>antiquos</strong></span> 
     </span>
    </p>
   </div>
   <div class='ocr_carea' id='block_1_50' title="bbox 507 2859 2075 2932">
    <p class='ocr_par' dir='ltr' id='par_1_50' title="bbox 507 2859 2075 2932">
     <span class='ocr_line' id='line_1_50' title="bbox 507 2859 2075 2932; baseline -0.003 -16"><span class='ocrx_word' id='word_1_254' title='bbox 507 2859 796 2932; x_wconf 87' lang='lat' dir='ltr'><strong>scriptores</strong></span> <span class='ocrx_word' id='word_1_255' title='bbox 827 2859 1074 2918; x_wconf 83' lang='lat' dir='ltr'><strong>arb0rum</strong></span> <span class='ocrx_word' id='word_1_256' title='bbox 1098 2866 1420 2919; x_wconf 87' lang='lat' dir='ltr'><strong>mentionem</strong></span> <span class='ocrx_word' id='word_1_257' title='bbox 1453 2863 1649 2925; x_wconf 87' lang='lat' dir='ltr'><strong>facere,</strong></span> <span class='ocrx_word' id='word_1_258' title='bbox 1673 2860 1813 2931; x_wconf 91' lang='lat' dir='ltr'><strong>quod</strong></span> <span class='ocrx_word' id='word_1_259' title='bbox 1843 2860 1895 2912; x_wconf 91' lang='lat' dir='ltr'><strong>in</strong></span> <span class='ocrx_word' id='word_1_260' title='bbox 1918 2859 2075 2912; x_wconf 87' lang='lat' dir='ltr'><strong>arbo-</strong></span> 
     </span>
    </p>
   </div>
   <div class='ocr_carea' id='block_1_51' title="bbox 507 2932 2071 2995">
    <p class='ocr_par' dir='ltr' id='par_1_51' title="bbox 507 2932 2071 2995">
     <span class='ocr_line' id='line_1_51' title="bbox 507 2932 2071 2995; baseline -0.002 -11"><span class='ocrx_word' id='word_1_261' title='bbox 507 2932 657 2987; x_wconf 88' lang='lat' dir='ltr'><strong>ribus</strong></span> <span class='ocrx_word' id='word_1_262' title='bbox 702 2934 978 2988; x_wconf 89' lang='lat' dir='ltr'><strong>vermiculi</strong></span> <span class='ocrx_word' id='word_1_263' title='bbox 1029 2949 1176 2987; x_wconf 78' lang='lat' dir='ltr'><strong>seres</strong></span> <span class='ocrx_word' id='word_1_264' title='bbox 1206 2934 1377 2986; x_wconf 87' lang='lat' dir='ltr'><strong>lanam</strong></span> <span class='ocrx_word' id='word_1_265' title='bbox 1398 2973 1414 2995; x_wconf 93' lang='lat'><strong>,</strong></span> <span class='ocrx_word' id='word_1_266' title='bbox 1447 2933 1560 2985; x_wconf 87' lang='lat' dir='ltr'><strong>sive</strong></span> <span class='ocrx_word' id='word_1_267' title='bbox 1605 2933 1833 2984; x_wconf 88' lang='lat' dir='ltr'><strong>sericum</strong></span> <span class='ocrx_word' id='word_1_268' title='bbox 1867 2938 2071 2982; x_wconf 80' lang='lat' dir='ltr'><strong>texunt.</strong></span> 
     </span>
    </p>
   </div>
   <div class='ocr_carea' id='block_1_52' title="bbox 509 2999 2074 3069">
    <p class='ocr_par' dir='ltr' id='par_1_52' title="bbox 509 2999 2074 3069">
     <span class='ocr_line' id='line_1_52' title="bbox 509 2999 2074 3069; baseline -0.003 -14"><span class='ocrx_word' id='word_1_269' title='bbox 509 3001 586 3056; x_wconf 91' lang='lat' dir='ltr'><strong>De</strong></span> <span class='ocrx_word' id='word_1_270' title='bbox 629 3003 1114 3069; x_wconf 86' lang='lat' dir='ltr'><strong>comparationibus</strong></span> <span class='ocrx_word' id='word_1_271' title='bbox 1153 3004 1461 3056; x_wconf 84' lang='lat' dir='ltr'><strong>morborum</strong></span> <span class='ocrx_word' id='word_1_272' title='bbox 1503 3001 1744 3069; x_wconf 90' lang='lat' dir='ltr'><strong>corporis</strong></span> <span class='ocrx_word' id='word_1_273' title='bbox 1773 3013 1892 3052; x_wconf 87' lang='lat' dir='ltr'><strong>cum</strong></span> <span class='ocrx_word' id='word_1_274' title='bbox 1935 2999 2074 3052; x_wconf 83' lang='lat' dir='ltr'><strong>vitiis</strong></span> 
     </span>
    </p>
   </div>
   <div class='ocr_carea' id='block_1_53' title="bbox 507 3069 2074 3140">
    <p class='ocr_par' dir='ltr' id='par_1_53' title="bbox 507 3069 2074 3140">
     <span class='ocr_line' id='line_1_53' title="bbox 507 3069 2074 3140; baseline 0.001 -18"><span class='ocrx_word' id='word_1_275' title='bbox 507 3073 672 3126; x_wconf 90' lang='lat' dir='ltr'><strong>animi</strong></span> <span class='ocrx_word' id='word_1_276' title='bbox 697 3073 861 3126; x_wconf 89' lang='lat' dir='ltr'><strong>videri</strong></span> <span class='ocrx_word' id='word_1_277' title='bbox 890 3081 1112 3140; x_wconf 81' lang='lat' dir='ltr'><strong>possunt</strong></span> <span class='ocrx_word' id='word_1_278' title='bbox 1153 3072 1590 3140; x_wconf 79' lang='lat' dir='ltr'><strong>Chrysostomus,</strong></span> <span class='ocrx_word' id='word_1_279' title='bbox 1629 3069 1856 3123; x_wconf 87' lang='lat' dir='ltr'><strong>Basilius</strong></span> <span class='ocrx_word' id='word_1_280' title='bbox 1877 3069 2074 3138; x_wconf 85' lang='lat' dir='ltr'><strong>aliique</strong></span> 
     </span>
    </p>
   </div>
   <div class='ocr_carea' id='block_1_54' title="bbox 506 3139 2068 3211">
    <p class='ocr_par' dir='ltr' id='par_1_54' title="bbox 506 3139 2068 3211">
     <span class='ocr_line' id='line_1_54' title="bbox 506 3139 2068 3211; baseline -0.004 -15"><span class='ocrx_word' id='word_1_281' title='bbox 506 3141 605 3211; x_wconf 85' lang='lat' dir='ltr'><strong>S_S.</strong></span> <span class='ocrx_word' id='word_1_282' title='bbox 639 3143 840 3205; x_wconf 89' lang='lat' dir='ltr'><strong>Patres,</strong></span> <span class='ocrx_word' id='word_1_283' title='bbox 881 3139 971 3208; x_wconf 80' lang='lat' dir='ltr'><strong>qui</strong></span> <span class='ocrx_word' id='word_1_284' title='bbox 1017 3142 1067 3196; x_wconf 93' lang='lat' dir='ltr'><strong>iu</strong></span> <span class='ocrx_word' id='word_1_285' title='bbox 1099 3142 1178 3196; x_wconf 87' lang='lat' dir='ltr'><strong>eis</strong></span> <span class='ocrx_word' id='word_1_286' title='bbox 1214 3139 1539 3211; x_wconf 80' lang='lat' dir='ltr'><strong>explicandis</strong></span> <span class='ocrx_word' id='word_1_287' title='bbox 1569 3139 1888 3211; x_wconf 77' lang='lat' dir='ltr'><strong>frequentes</strong></span> <span class='ocrx_word' id='word_1_288' title='bbox 1925 3148 2068 3194; x_wconf 92' lang='lat' dir='ltr'><strong>sunt.</strong></span> 
     </span>
    </p>
   </div>
   <div class='ocr_carea' id='block_1_55' title="bbox 509 3208 2075 3281">
    <p class='ocr_par' dir='ltr' id='par_1_55' title="bbox 509 3208 2075 3281">
     <span class='ocr_line' id='line_1_55' title="bbox 509 3208 2075 3281; baseline -0.001 -16"><span class='ocrx_word' id='word_1_289' title='bbox 509 3209 803 3275; x_wconf 84' lang='lat' dir='ltr'><strong>Giselinus,</strong></span> <span class='ocrx_word' id='word_1_290' title='bbox 831 3212 1078 3281; x_wconf 91' lang='lat' dir='ltr'><strong>quoniam</strong></span> <span class='ocrx_word' id='word_1_291' title='bbox 1106 3208 1366 3266; x_wconf 84' lang='lat' dir='ltr'><strong>medicum</strong></span> <span class='ocrx_word' id='word_1_292' title='bbox 1397 3212 1590 3280; x_wconf 80' lang='lat' dir='ltr'><strong>agebat</strong></span> <span class='ocrx_word' id='word_1_293' title='bbox 1609 3208 1987 3281; x_wconf 78' lang='lat' dir='ltr'><strong>,_diligentius,</strong></span> <span class='ocrx_word' id='word_1_294' title='bbox 2019 3218 2075 3263; x_wconf 91' lang='lat' dir='ltr'><strong>et</strong></span> 
     </span>
    </p>
   </div>
   <div class='ocr_carea' id='block_1_56' title="bbox 506 3279 2068 3404">
    <p class='ocr_par' dir='ltr' id='par_1_56' title="bbox 506 3279 2068 3404">
     <span class='ocr_line' id='line_1_56' title="bbox 506 3279 2068 3404; baseline -0.001 -69"><span class='ocrx_word' id='word_1_295' title='bbox 506 3282 751 3404; x_wconf 63' lang='lat' dir='ltr'><strong>Peritius,</strong></span> <span class='ocrx_word' id='word_1_296' title='bbox 781 3279 1034 3349; x_wconf 81' lang='lat' dir='ltr'><strong>quantum</strong></span> <span class='ocrx_word' id='word_1_297' title='bbox 1058 3282 1272 3352; x_wconf 87' lang='lat' dir='ltr'><strong>quidem</strong></span> <span class='ocrx_word' id='word_1_298' title='bbox 1295 3281 1362 3335; x_wconf 91' lang='lat' dir='ltr'><strong>ad</strong></span> <span class='ocrx_word' id='word_1_299' title='bbox 1390 3279 1501 3336; x_wconf 85' lang='lat' dir='ltr'><strong>rem</strong></span> <span class='ocrx_word' id='word_1_300' title='bbox 1529 3279 1786 3334; x_wconf 88' lang='lat' dir='ltr'><strong>medicam</strong></span> <span class='ocrx_word' id='word_1_301' title='bbox 1815 3280 2068 3350; x_wconf 90' lang='lat' dir='ltr'><strong>pertinet,</strong></span> 
     </span>
     <span class='ocr_line' id='line_1_57' title="bbox 528 3349 2068 3404; baseline -0.002 0"><span class='ocrx_word' id='word_1_302' title='bbox 528 3365 606 3404; x_wconf 84' lang='lat' dir='ltr'><strong>tos</strong></span> <span class='ocrx_word' id='word_1_303' title='bbox 636 3368 820 3404; x_wconf 83' lang='lat' dir='ltr'><strong>versus</strong></span> <span class='ocrx_word' id='word_1_304' title='bbox 847 3353 1094 3404; x_wconf 85' lang='lat' dir='ltr'><strong>illustrat.</strong></span> <span class='ocrx_word' id='word_1_305' title='bbox 1125 3354 1278 3404; x_wconf 88' lang='lat' dir='ltr'><strong>cuius</strong></span> <span class='ocrx_word' id='word_1_306' title='bbox 1323 3352 1728 3404; x_wconf 77' lang='lat' dir='ltr'><strong>explicationem</strong></span> <span class='ocrx_word' id='word_1_307' title='bbox 1761 3349 1902 3404; x_wconf 83' lang='lat' dir='ltr'><strong>iuvat</strong></span> <span class='ocrx_word' id='word_1_308' title='bbox 1942 3365 2068 3404; x_wconf 81' lang='lat' dir='ltr'><strong>nro-</strong></span> 
     </span>
    </p>
   </div>
   <div class='ocr_carea' id='block_1_57' title="bbox 528 3349 2068 3421">
    <p class='ocr_par' dir='ltr' id='par_1_57' title="bbox 528 3349 2068 3421">
     <span class='ocr_line' id='line_1_58' title="bbox 528 3349 2068 3421; baseline -0.001 -18"><span class='ocrx_word' id='word_1_309' title='bbox 528 3365 606 3407; x_wconf 80' lang='lat' dir='ltr'><strong>tos</strong></span> <span class='ocrx_word' id='word_1_310' title='bbox 636 3368 820 3406; x_wconf 83' lang='lat' dir='ltr'><strong>versus</strong></span> <span class='ocrx_word' id='word_1_311' title='bbox 847 3349 1094 3413; x_wconf 64' lang='lat' dir='ltr'><strong>illustrat,</strong></span> <span class='ocrx_word' id='word_1_312' title='bbox 1125 3354 1278 3420; x_wconf 88' lang='lat' dir='ltr'><strong>cujus</strong></span> <span class='ocrx_word' id='word_1_313' title='bbox 1323 3352 1728 3421; x_wconf 78' lang='lat' dir='ltr'><strong>explicationem</strong></span> <span class='ocrx_word' id='word_1_314' title='bbox 1755 3349 1904 3421; x_wconf 81' lang='lat' dir='ltr'><strong>juvat</strong></span> <span class='ocrx_word' id='word_1_315' title='bbox 1942 3365 2068 3417; x_wconf 84' lang='lat' dir='ltr'><strong>pro-</strong></span> 
     </span>
    </p>
   </div>
   <div class='ocr_carea' id='block_1_58' title="bbox 506 3419 2070 3491">
    <p class='ocr_par' dir='ltr' id='par_1_58' title="bbox 506 3419 2070 3491">
     <span class='ocr_line' id='line_1_59' title="bbox 506 3419 2070 3491; baseline 0.001 -16"><span class='ocrx_word' id='word_1_316' title='bbox 506 3421 668 3476; x_wconf 89' lang='lat' dir='ltr'><strong>ferre.</strong></span> <span class='ocrx_word' id='word_1_317' title='bbox 703 3422 884 3477; x_wconf 89' lang='lat' dir='ltr'><strong>Elatos</strong></span> <span class='ocrx_word' id='word_1_318' title='bbox 909 3423 1148 3478; x_wconf 88' lang='lat' dir='ltr'><strong>homines</strong></span> <span class='ocrx_word' id='word_1_319' title='bbox 1170 3419 1230 3476; x_wconf 87' lang='lat' dir='ltr'><strong>ac</strong></span> <span class='ocrx_word' id='word_1_320' title='bbox 1249 3419 1509 3489; x_wconf 78' lang='lat' dir='ltr'><strong>superbos</strong></span> <span class='ocrx_word' id='word_1_321' title='bbox 1537 3421 1842 3491; x_wconf 83' lang='lat' dir='ltr'><strong>hydropicis</strong></span> <span class='ocrx_word' id='word_1_322' title='bbox 1864 3419 2070 3477; x_wconf 87' lang='lat' dir='ltr'><strong>similes</strong></span> 
     </span>
    </p>
   </div>
   <div class='ocr_carea' id='block_1_59' title="bbox 505 3491 2070 3563">
    <p class='ocr_par' dir='ltr' id='par_1_59' title="bbox 505 3491 2070 3563">
     <span class='ocr_line' id='line_1_60' title="bbox 505 3491 2070 3563; baseline -0.001 -17"><span class='ocrx_word' id='word_1_323' title='bbox 505 3491 634 3563; x_wconf 82' lang='lat' dir='ltr'><strong>facit</strong></span> <span class='ocrx_word' id='word_1_324' title='bbox 670 3493 1014 3558; x_wconf 78' lang='lat' dir='ltr'><strong>Prudentius,</strong></span> <span class='ocrx_word' id='word_1_325' title='bbox 1047 3492 1237 3563; x_wconf 90' lang='lat' dir='ltr'><strong>quibus</strong></span> <span class='ocrx_word' id='word_1_326' title='bbox 1275 3493 1560 3563; x_wconf 81' lang='lat' dir='ltr'><strong>crudorum</strong></span> <span class='ocrx_word' id='word_1_327' title='bbox 1589 3491 1872 3563; x_wconf 90' lang='lat' dir='ltr'><strong>humorum</strong></span> <span class='ocrx_word' id='word_1_328' title='bbox 1917 3494 2070 3563; x_wconf 81' lang='lat' dir='ltr'><strong>copia</strong></span> 
     </span>
    </p>
   </div>
   <div class='ocr_carea' id='block_1_60' title="bbox 505 3561 2071 3632">
    <p class='ocr_par' dir='ltr' id='par_1_60' title="bbox 505 3561 2071 3632">
     <span class='ocr_line' id='line_1_61' title="bbox 505 3561 2071 3632; baseline 0.002 -19"><span class='ocrx_word' id='word_1_329' title='bbox 505 3561 703 3616; x_wconf 79' lang='lat' dir='ltr'><strong>vitiatae</strong></span> <span class='ocrx_word' id='word_1_330' title='bbox 727 3563 999 3632; x_wconf 77' lang='lat' dir='ltr'><strong>sanguinis</strong></span> <span class='ocrx_word' id='word_1_331' title='bbox 1034 3561 1222 3617; x_wconf 61' lang='lat' dir='ltr'><strong>massae</strong></span> <span class='ocrx_word' id='word_1_332' title='bbox 1263 3562 1460 3627; x_wconf 82' lang='lat' dir='ltr'><strong>affusa,</strong></span> <span class='ocrx_word' id='word_1_333' title='bbox 1494 3562 1657 3632; x_wconf 82' lang='lat' dir='ltr'><strong>cutim</strong></span> <span class='ocrx_word' id='word_1_334' title='bbox 1684 3561 2071 3632; x_wconf 10' lang='lat' dir='ltr'><strong>iprzetumidam</strong></span> 
     </span>
    </p>
   </div>
   <div class='ocr_carea' id='block_1_61' title="bbox 506 3631 2071 3702">
    <p class='ocr_par' dir='ltr' id='par_1_61' title="bbox 506 3631 2071 3702">
     <span class='ocr_line' id='line_1_62' title="bbox 506 3631 2071 3702; baseline -0.001 -17"><span class='ocrx_word' id='word_1_335' title='bbox 506 3632 757 3688; x_wconf 82' lang='lat' dir='ltr'><strong>reddidit.</strong></span> <span class='ocrx_word' id='word_1_336' title='bbox 793 3631 1136 3696; x_wconf 68' lang='lat' dir='ltr'><strong>ambitiosos,</strong></span> <span class='ocrx_word' id='word_1_337' title='bbox 1165 3641 1220 3688; x_wconf 93' lang='lat' dir='ltr'><strong>et</strong></span> <span class='ocrx_word' id='word_1_338' title='bbox 1249 3633 1508 3687; x_wconf 89' lang='lat' dir='ltr'><strong>honorum</strong></span> <span class='ocrx_word' id='word_1_339' title='bbox 1539 3631 1762 3702; x_wconf 88' lang='lat' dir='ltr'><strong>cupidos</strong></span> <span class='ocrx_word' id='word_1_340' title='bbox 1787 3631 1966 3702; x_wconf 77' lang='grc' dir='ltr'>καύσῳ</span> <span class='ocrx_word' id='word_1_341' title='bbox 1994 3631 2071 3685; x_wconf 89' lang='lat' dir='ltr'><strong>la-</strong></span> 
     </span>
    </p>
   </div>
   <div class='ocr_carea' id='block_1_62' title="bbox 507 3702 2073 3771">
    <p class='ocr_par' dir='ltr' id='par_1_62' title="bbox 507 3702 2073 3771">
     <span class='ocr_line' id='line_1_63' title="bbox 507 3702 2073 3771; baseline -0.001 -14"><span class='ocrx_word' id='word_1_342' title='bbox 507 3702 854 3768; x_wconf 86' lang='lat' dir='ltr'><strong>borantibus;</strong></span> <span class='ocrx_word' id='word_1_343' title='bbox 885 3703 968 3759; x_wconf 90' lang='lat' dir='ltr'><strong>his</strong></span> <span class='ocrx_word' id='word_1_344' title='bbox 993 3706 1154 3766; x_wconf 88' lang='lat' dir='ltr'><strong>enim,</strong></span> <span class='ocrx_word' id='word_1_345' title='bbox 1181 3718 1301 3758; x_wconf 89' lang='lat' dir='ltr'><strong>cum</strong></span> <span class='ocrx_word' id='word_1_346' title='bbox 1329 3719 1356 3756; x_wconf 90' lang='lat' dir='ltr'><strong>a</strong></span> <span class='ocrx_word' id='word_1_347' title='bbox 1387 3702 1565 3768; x_wconf 89' lang='lat' dir='ltr'><strong>curis,</strong></span> <span class='ocrx_word' id='word_1_348' title='bbox 1593 3703 1788 3771; x_wconf 79' lang='lat' dir='ltr'><strong>vigiliis</strong></span> <span class='ocrx_word' id='word_1_349' title='bbox 1819 3702 2073 3757; x_wconf 82' lang='lat' dir='ltr'><strong>intensis-</strong></span> 
     </span>
    </p>
   </div>
   <div class='ocr_carea' id='block_1_63' title="bbox 505 3773 2070 3842">
    <p class='ocr_par' dir='ltr' id='par_1_63' title="bbox 505 3773 2070 3842">
     <span class='ocr_line' id='line_1_64' title="bbox 505 3773 2070 3842; baseline 0.001 -17"><span class='ocrx_word' id='word_1_350' title='bbox 505 3787 610 3841; x_wconf 90' lang='lat' dir='ltr'><strong>que</strong></span> <span class='ocrx_word' id='word_1_351' title='bbox 632 3775 1043 3842; x_wconf 80' lang='lat' dir='ltr'><strong>cogitationibus</strong></span> <span class='ocrx_word' id='word_1_352' title='bbox 1069 3773 1290 3828; x_wconf 89' lang='lat' dir='ltr'><strong>morbus</strong></span> <span class='ocrx_word' id='word_1_353' title='bbox 1316 3774 1551 3838; x_wconf 90' lang='lat' dir='ltr'><strong>oriatur,</strong></span> <span class='ocrx_word' id='word_1_354' title='bbox 1582 3783 1835 3842; x_wconf 89' lang='lat' dir='ltr'><strong>perpetua</strong></span> <span class='ocrx_word' id='word_1_355' title='bbox 1867 3773 2070 3842; x_wconf 71' lang='lat' dir='ltr'><strong>frigida:</strong></span> 
     </span>
    </p>
   </div>
   <div class='ocr_carea' id='block_1_64' title="bbox 505 3843 2069 3914">
    <p class='ocr_par' dir='ltr' id='par_1_64' title="bbox 505 3843 2069 3914">
     <span class='ocr_line' id='line_1_65' title="bbox 505 3843 2069 3914; baseline 0 -17"><span class='ocrx_word' id='word_1_356' title='bbox 505 3843 644 3906; x_wconf 88' lang='lat' dir='ltr'><strong>sitis,</strong></span> <span class='ocrx_word' id='word_1_357' title='bbox 665 3846 838 3914; x_wconf 89' lang='lat' dir='ltr'><strong>ampla</strong></span> <span class='ocrx_word' id='word_1_358' title='bbox 860 3854 913 3900; x_wconf 90' lang='lat' dir='ltr'><strong>et</strong></span> <span class='ocrx_word' id='word_1_359' title='bbox 935 3844 1184 3911; x_wconf 78' lang='lat' dir='ltr'><strong>frequens</strong></span> <span class='ocrx_word' id='word_1_360' title='bbox 1205 3845 1518 3912; x_wconf 88' lang='lat' dir='ltr'><strong>exspiratio,</strong></span> <span class='ocrx_word' id='word_1_361' title='bbox 1542 3843 1665 3900; x_wconf 87' lang='lat' dir='ltr'><strong>bilis</strong></span> <span class='ocrx_word' id='word_1_362' title='bbox 1685 3843 1934 3914; x_wconf 84' lang='lat' dir='ltr'><strong>vomitus,</strong></span> <span class='ocrx_word' id='word_1_363' title='bbox 1965 3843 2069 3914; x_wconf 84' lang='lat' dir='ltr'><strong>im-</strong></span> 
     </span>
    </p>
   </div>
   <div class='ocr_carea' id='block_1_65' title="bbox 503 3913 2072 3980">
    <p class='ocr_par' dir='ltr' id='par_1_65' title="bbox 503 3913 2072 3980">
     <span class='ocr_line' id='line_1_66' title="bbox 503 3913 2072 3980; baseline 0.001 -14"><span class='ocrx_word' id='word_1_364' title='bbox 503 3928 722 3970; x_wconf 87' lang='lat' dir='ltr'><strong>mensus</strong></span> <span class='ocrx_word' id='word_1_365' title='bbox 758 3913 824 3970; x_wconf 87' lang='lat' dir='ltr'><strong>ac</strong></span> <span class='ocrx_word' id='word_1_366' title='bbox 862 3915 1164 3970; x_wconf 78' lang='lat' dir='ltr'><strong>mordicans</strong></span> <span class='ocrx_word' id='word_1_367' title='bbox 1191 3916 1354 3969; x_wconf 88' lang='lat' dir='ltr'><strong>totius</strong></span> <span class='ocrx_word' id='word_1_368' title='bbox 1381 3916 1621 3980; x_wconf 88' lang='lat' dir='ltr'><strong>corporis</strong></span> <span class='ocrx_word' id='word_1_369' title='bbox 1648 3913 1799 3968; x_wconf 89' lang='lat' dir='ltr'><strong>calor</strong></span> <span class='ocrx_word' id='word_1_370' title='bbox 1838 3915 1948 3968; x_wconf 89' lang='lat' dir='ltr'><strong>fere</strong></span> <span class='ocrx_word' id='word_1_371' title='bbox 1975 3913 2072 3968; x_wconf 92' lang='lat' dir='ltr'><strong>ad-</strong></span> 
     </span>
    </p>
   </div>
   <div class='ocr_carea' id='block_1_66' title="bbox 505 3984 2070 4060">
    <p class='ocr_par' dir='ltr' id='par_1_66' title="bbox 505 3984 2070 4060">
     <span class='ocr_line' id='line_1_67' title="bbox 505 3984 2070 4060; baseline 0.002 -23"><span class='ocrx_word' id='word_1_372' title='bbox 505 3994 653 4060; x_wconf 80' lang='lat' dir='ltr'><strong>sunt.</strong></span> <span class='ocrx_word' id='word_1_373' title='bbox 685 3988 916 4060; x_wconf 82' lang='lat' dir='ltr'><strong>Avaros,</strong></span> <span class='ocrx_word' id='word_1_374' title='bbox 939 3995 999 4060; x_wconf 86' lang='lat' dir='ltr'><strong>et</strong></span> <span class='ocrx_word' id='word_1_375' title='bbox 1032 3988 1326 4060; x_wconf 72' lang='grc' dir='ltr'><strong>ῥξύχειρας,</strong></span> <span class='ocrx_word' id='word_1_376' title='bbox 1356 3984 1506 4060; x_wconf 73' lang='lat' dir='ltr'><strong>quod</strong></span> <span class='ocrx_word' id='word_1_377' title='bbox 1535 3985 1600 4038; x_wconf 89' lang='lat' dir='ltr'><strong>iis</strong></span> <span class='ocrx_word' id='word_1_378' title='bbox 1637 3998 1824 4060; x_wconf 78' lang='lat' dir='ltr'><strong>manus</strong></span> <span class='ocrx_word' id='word_1_379' title='bbox 1853 3992 2070 4040; x_wconf 80' lang='lat' dir='ltr'><strong>tenaces</strong></span> 
     </span>
    </p>
   </div>
   <div class='ocr_carea' id='block_1_67' title="bbox 502 4054 2065 4126">
    <p class='ocr_par' dir='ltr' id='par_1_67' title="bbox 502 4054 2065 4126">
     <span class='ocr_line' id='line_1_68' title="bbox 502 4054 2065 4126; baseline -0.001 -18"><span class='ocrx_word' id='word_1_380' title='bbox 502 4055 631 4118; x_wconf 90' lang='lat' dir='ltr'><strong>sint,</strong></span> <span class='ocrx_word' id='word_1_381' title='bbox 661 4065 715 4111; x_wconf 92' lang='lat' dir='ltr'><strong>et</strong></span> <span class='ocrx_word' id='word_1_382' title='bbox 734 4057 800 4110; x_wconf 90' lang='lat' dir='ltr'><strong>ad</strong></span> <span class='ocrx_word' id='word_1_383' title='bbox 838 4054 1162 4124; x_wconf 78' lang='lat' dir='ltr'><strong>rapiendum</strong></span> <span class='ocrx_word' id='word_1_384' title='bbox 1182 4054 1401 4124; x_wconf 67' lang='lat' dir='ltr'><strong>param,</strong></span> <span class='ocrx_word' id='word_1_385' title='bbox 1423 4054 1733 4126; x_wconf 81' lang='lat' dir='ltr'><strong>chiragricis</strong></span> <span class='ocrx_word' id='word_1_386' title='bbox 1757 4063 2065 4126; x_wconf 83' lang='lat' dir='ltr'><strong>comparat:</strong></span> 
     </span>
    </p>
   </div>
   <div class='ocr_carea' id='block_1_68' title="bbox 503 4123 2066 4194">
    <p class='ocr_par' dir='ltr' id='par_1_68' title="bbox 503 4123 2066 4194">
     <span class='ocr_line' id='line_1_69' title="bbox 503 4123 2066 4194; baseline 0.001 -18"><span class='ocrx_word' id='word_1_387' title='bbox 503 4127 660 4194; x_wconf 83' lang='lat' dir='ltr'><strong>tales,</strong></span> <span class='ocrx_word' id='word_1_388' title='bbox 694 4141 761 4181; x_wconf 90' lang='lat' dir='ltr'><strong>ne</strong></span> <span class='ocrx_word' id='word_1_389' title='bbox 796 4123 1038 4182; x_wconf 86' lang='lat' dir='ltr'><strong>dolorem</strong></span> <span class='ocrx_word' id='word_1_390' title='bbox 1083 4127 1150 4179; x_wconf 91' lang='lat' dir='ltr'><strong>ab</strong></span> <span class='ocrx_word' id='word_1_391' title='bbox 1175 4123 1396 4180; x_wconf 84' lang='lat' dir='ltr'><strong>humore</strong></span> <span class='ocrx_word' id='word_1_392' title='bbox 1424 4125 1656 4193; x_wconf 87' lang='lat' dir='ltr'><strong>maligno</strong></span> <span class='ocrx_word' id='word_1_393' title='bbox 1693 4123 1751 4177; x_wconf 87' lang='lat' dir='ltr'><strong>in</strong></span> <span class='ocrx_word' id='word_1_394' title='bbox 1781 4123 2066 4191; x_wconf 76' lang='lat' dir='ltr'><strong>digitorum</strong></span> 
     </span>
    </p>
   </div>
   <div class='ocr_carea' id='block_1_69' title="bbox 503 4194 2069 4263">
    <p class='ocr_par' dir='ltr' id='par_1_69' title="bbox 503 4194 2069 4263">
     <span class='ocr_line' id='line_1_70' title="bbox 503 4194 2069 4263; baseline 0.002 -18"><span class='ocrx_word' id='word_1_395' title='bbox 503 4195 739 4260; x_wconf 84' lang='lat' dir='ltr'><strong>vincula,</strong></span> <span class='ocrx_word' id='word_1_396' title='bbox 770 4207 824 4249; x_wconf 91' lang='lat' dir='ltr'><strong>et</strong></span> <span class='ocrx_word' id='word_1_397' title='bbox 851 4197 1104 4250; x_wconf 83' lang='lat' dir='ltr'><strong>articulos</strong></span> <span class='ocrx_word' id='word_1_398' title='bbox 1135 4197 1362 4263; x_wconf 86' lang='lat' dir='ltr'><strong>impacto</strong></span> <span class='ocrx_word' id='word_1_399' title='bbox 1387 4194 1673 4249; x_wconf 81' lang='lat' dir='ltr'><strong>excitatum</strong></span> <span class='ocrx_word' id='word_1_400' title='bbox 1697 4201 1946 4261; x_wconf 82' lang='lat' dir='ltr'><strong>augeant,</strong></span> <span class='ocrx_word' id='word_1_401' title='bbox 1977 4209 2069 4248; x_wconf 85' lang='lat' dir='ltr'><strong>ne-</strong></span> 
     </span>
    </p>
   </div>
   <div class='ocr_carea' id='block_1_70' title="bbox 503 4263 2066 4333">
    <p class='ocr_par' dir='ltr' id='par_1_70' title="bbox 503 4263 2066 4333">
     <span class='ocr_line' id='line_1_71' title="bbox 503 4263 2066 4333; baseline 0.001 -17"><span class='ocrx_word' id='word_1_402' title='bbox 503 4278 608 4330; x_wconf 90' lang='lat' dir='ltr'><strong>que</strong></span> <span class='ocrx_word' id='word_1_403' title='bbox 629 4277 815 4318; x_wconf 90' lang='lat' dir='ltr'><strong>manus</strong></span> <span class='ocrx_word' id='word_1_404' title='bbox 835 4264 1102 4319; x_wconf 88' lang='lat' dir='ltr'><strong>adducunt</strong></span> <span class='ocrx_word' id='word_1_405' title='bbox 1125 4267 1365 4328; x_wconf 88' lang='lat' dir='ltr'><strong>omnino,</strong></span> <span class='ocrx_word' id='word_1_406' title='bbox 1389 4277 1561 4333; x_wconf 90' lang='lat' dir='ltr'><strong>neque</strong></span> <span class='ocrx_word' id='word_1_407' title='bbox 1580 4263 1740 4318; x_wconf 90' lang='lat' dir='ltr'><strong>etiam</strong></span> <span class='ocrx_word' id='word_1_408' title='bbox 1763 4263 2066 4331; x_wconf 87' lang='lat' dir='ltr'><strong>explicant:</strong></span> 
     </span>
    </p>
   </div>
   <div class='ocr_carea' id='block_1_71' title="bbox 502 4333 2070 4403">
    <p class='ocr_par' dir='ltr' id='par_1_71' title="bbox 502 4333 2070 4403">
     <span class='ocr_line' id='line_1_72' title="bbox 502 4333 2070 4403; baseline 0.003 -18"><span class='ocrx_word' id='word_1_409' title='bbox 502 4335 598 4403; x_wconf 82' lang='lat' dir='ltr'><strong>sed</strong></span> <span class='ocrx_word' id='word_1_410' title='bbox 627 4333 680 4387; x_wconf 92' lang='lat' dir='ltr'><strong>in</strong></span> <span class='ocrx_word' id='word_1_411' title='bbox 721 4333 899 4388; x_wconf 91' lang='lat' dir='ltr'><strong>medio</strong></span> <span class='ocrx_word' id='word_1_412' title='bbox 927 4334 1160 4403; x_wconf 89' lang='lat' dir='ltr'><strong>quodam</strong></span> <span class='ocrx_word' id='word_1_413' title='bbox 1189 4336 1296 4390; x_wconf 88' lang='lat' dir='ltr'><strong>situ</strong></span> <span class='ocrx_word' id='word_1_414' title='bbox 1315 4335 1609 4400; x_wconf 86' lang='lat' dir='ltr'><strong>continent,</strong></span> <span class='ocrx_word' id='word_1_415' title='bbox 1639 4335 1730 4402; x_wconf 92' lang='lat' dir='ltr'><strong>qui</strong></span> <span class='ocrx_word' id='word_1_416' title='bbox 1757 4342 1811 4388; x_wconf 88' lang='lat' dir='ltr'><strong>et</strong></span> <span class='ocrx_word' id='word_1_417' title='bbox 1837 4334 2070 4389; x_wconf 78' lang='lat' dir='ltr'><strong>maxime</strong></span> 
     </span>
    </p>
   </div>
   <div class='ocr_carea' id='block_1_72' title="bbox 475 4402 2068 4467">
    <p class='ocr_par' dir='ltr' id='par_1_72' title="bbox 475 4402 2068 4467">
     <span class='ocr_line' id='line_1_73' title="bbox 475 4402 2068 4467; baseline 0.001 -11"><span class='ocrx_word' id='word_1_418' title='bbox 475 4402 703 4456; x_wconf 89' lang='lat' dir='ltr'><strong>.doloris</strong></span> <span class='ocrx_word' id='word_1_419' title='bbox 729 4405 792 4456; x_wconf 89' lang='lat' dir='ltr'><strong>sit</strong></span> <span class='ocrx_word' id='word_1_420' title='bbox 811 4402 1024 4467; x_wconf 76' lang='lat' dir='ltr'><strong>expers,</strong></span> <span class='ocrx_word' id='word_1_421' title='bbox 1049 4415 1104 4460; x_wconf 80' lang='lat' dir='ltr'><strong>et</strong></span> <span class='ocrx_word' id='word_1_422' title='bbox 1127 4413 1330 4460; x_wconf 73' lang='lat' dir='ltr'><strong>natum</strong></span> <span class='ocrx_word' id='word_1_423' title='bbox 1355 4415 1767 4460; x_wconf 88' lang='lat' dir='ltr'><strong>consentaneus.</strong></span> <span class='ocrx_word' id='word_1_424' title='bbox 1794 4403 1884 4458; x_wconf 91' lang='lat' dir='ltr'><strong>Sic</strong></span> <span class='ocrx_word' id='word_1_425' title='bbox 1907 4403 2068 4458; x_wconf 81' lang='lat' dir='ltr'><strong>etiam</strong></span> 
     </span>
    </p>
   </div>
   <div class='ocr_carea' id='block_1_73' title="bbox 506 4473 2066 4544">
    <p class='ocr_par' dir='ltr' id='par_1_73' title="bbox 506 4473 2066 4544">
     <span class='ocr_line' id='line_1_74' title="bbox 506 4473 2066 4544; baseline 0.002 -20"><span class='ocrx_word' id='word_1_426' title='bbox 506 4473 797 4544; x_wconf 80' lang='lat' dir='ltr'><strong>malevolos</strong></span> <span class='ocrx_word' id='word_1_427' title='bbox 826 4474 1215 4530; x_wconf 87' lang='lat' dir='ltr'><strong>obtrectatores</strong></span> <span class='ocrx_word' id='word_1_428' title='bbox 1265 4475 1523 4544; x_wconf 68' lang='lat' dir='ltr'><strong>hepaticis</strong></span> <span class='ocrx_word' id='word_1_429' title='bbox 1566 4489 1660 4529; x_wconf 91' lang='lat' dir='ltr'><strong>seu</strong></span> <span class='ocrx_word' id='word_1_430' title='bbox 1711 4474 2066 4543; x_wconf 80' lang='lat' dir='ltr'><strong>spleueticis:</strong></span> 
     </span>
    </p>
   </div>
   <div class='ocr_carea' id='block_1_74' title="bbox 503 4542 2073 4612">
    <p class='ocr_par' dir='ltr' id='par_1_74' title="bbox 503 4542 2073 4612">
     <span class='ocr_line' id='line_1_75' title="bbox 503 4542 2073 4612; baseline 0.003 -18"><span class='ocrx_word' id='word_1_431' title='bbox 503 4542 732 4598; x_wconf 79' lang='lat' dir='ltr'><strong>fortasse</strong></span> <span class='ocrx_word' id='word_1_432' title='bbox 759 4547 899 4612; x_wconf 86' lang='lat' dir='ltr'><strong>quod</strong></span> <span class='ocrx_word' id='word_1_433' title='bbox 939 4559 1059 4601; x_wconf 88' lang='lat' dir='ltr'><strong>cuin</strong></span> <span class='ocrx_word' id='word_1_434' title='bbox 1106 4545 1188 4600; x_wconf 88' lang='lat' dir='ltr'><strong>his</strong></span> <span class='ocrx_word' id='word_1_435' title='bbox 1216 4542 1393 4601; x_wconf 84' lang='lat' dir='ltr'><strong>omnia</strong></span> <span class='ocrx_word' id='word_1_436' title='bbox 1437 4545 1674 4600; x_wconf 89' lang='lat' dir='ltr'><strong>membra</strong></span> <span class='ocrx_word' id='word_1_437' title='bbox 1703 4542 1811 4599; x_wconf 89' lang='lat' dir='ltr'><strong>sint</strong></span> <span class='ocrx_word' id='word_1_438' title='bbox 1838 4544 1985 4597; x_wconf 89' lang='lat' dir='ltr'><strong>arida</strong></span> <span class='ocrx_word' id='word_1_439' title='bbox 2015 4552 2073 4600; x_wconf 89' lang='lat' dir='ltr'><strong>et</strong></span> 
     </span>
    </p>
   </div>
   <div class='ocr_carea' id='block_1_75' title="bbox 504 4613 2069 4685">
    <p class='ocr_par' dir='ltr' id='par_1_75' title="bbox 504 4613 2069 4685">
     <span class='ocr_line' id='line_1_76' title="bbox 504 4613 2069 4685; baseline 0.002 -19"><span class='ocrx_word' id='word_1_440' title='bbox 504 4628 616 4678; x_wconf 79' lang='lat' dir='ltr'><strong>pra:</strong></span> <span class='ocrx_word' id='word_1_441' title='bbox 647 4613 819 4685; x_wconf 85' lang='lat' dir='ltr'><strong>inedia</strong></span> <span class='ocrx_word' id='word_1_442' title='bbox 849 4626 1183 4685; x_wconf 86' lang='lat' dir='ltr'><strong>consumpta.</strong></span> <span class='ocrx_word' id='word_1_443' title='bbox 1215 4627 1390 4671; x_wconf 89' lang='lat' dir='ltr'><strong>tamen</strong></span> <span class='ocrx_word' id='word_1_444' title='bbox 1419 4617 1597 4670; x_wconf 88' lang='lat' dir='ltr'><strong>cibum</strong></span> <span class='ocrx_word' id='word_1_445' title='bbox 1625 4615 1914 4681; x_wconf 79' lang='lat' dir='ltr'><strong>fastidiant,</strong></span> <span class='ocrx_word' id='word_1_446' title='bbox 1948 4614 2069 4669; x_wconf 88' lang='lat' dir='ltr'><strong>bilis</strong></span> 
     </span>
    </p>
   </div>
   <div class='ocr_carea' id='block_1_76' title="bbox 503 4683 2146 4755">
    <p class='ocr_par' dir='ltr' id='par_1_76' title="bbox 503 4683 2146 4755">
     <span class='ocr_line' id='line_1_77' title="bbox 503 4683 2146 4755; baseline 0.004 -22"><span class='ocrx_word' id='word_1_447' title='bbox 503 4683 796 4738; x_wconf 87' lang='lat' dir='ltr'><strong>vomitioue</strong></span> <span class='ocrx_word' id='word_1_448' title='bbox 844 4683 1186 4754; x_wconf 84' lang='lat' dir='ltr'><strong>prorumpat,</strong></span> <span class='ocrx_word' id='word_1_449' title='bbox 1224 4701 1426 4755; x_wconf 82' lang='lat' dir='ltr'><strong>ungues</strong></span> <span class='ocrx_word' id='word_1_450' title='bbox 1467 4685 1696 4755; x_wconf 87' lang='lat' dir='ltr'><strong>denique</strong></span> <span class='ocrx_word' id='word_1_451' title='bbox 1720 4700 1750 4738; x_wconf 90' lang='lat' dir='ltr'><strong>a</strong></span> <span class='ocrx_word' id='word_1_452' title='bbox 1779 4685 2067 4752; x_wconf 85' lang='lat' dir='ltr'><strong>scalpendo</strong></span> <span class='ocrx_word' id='word_1_453' title='bbox 2094 4687 2146 4749; x_wconf 82' lang='grc' dir='ltr'><strong>Ι)</strong></span> 
     </span>
    </p>
   </div>
   <div class='ocr_carea' id='block_1_77' title="bbox 2101 1949 3756 2022">
    <p class='ocr_par' dir='ltr' id='par_1_77' title="bbox 2101 1949 3756 2022">
     <span class='ocr_line' id='line_1_78' title="bbox 2101 1949 3756 2022; baseline 0.002 -20"><span class='ocrx_word' id='word_1_454' title='bbox 2101 1950 2149 2009; x_wconf 87' lang='grc' dir='ltr'><strong>Β</strong></span> <span class='ocrx_word' id='word_1_455' title='bbox 2179 1949 2341 2022; x_wconf 86' lang='lat' dir='ltr'><strong>animi</strong></span> <span class='ocrx_word' id='word_1_456' title='bbox 2365 1966 2546 2011; x_wconf 88' lang='lat' dir='ltr'><strong>causa,</strong></span> <span class='ocrx_word' id='word_1_457' title='bbox 2578 1953 2903 2022; x_wconf 62' lang='lat' dir='ltr'><strong>caeteroquin</strong></span> <span class='ocrx_word' id='word_1_458' title='bbox 2935 1950 3091 2022; x_wconf 76' lang='grc' dir='ltr'><strong>ἄθεοι,</strong></span> <span class='ocrx_word' id='word_1_459' title='bbox 3123 1959 3180 2006; x_wconf 92' lang='lat' dir='ltr'><strong>et</strong></span> <span class='ocrx_word' id='word_1_460' title='bbox 3203 1951 3334 2005; x_wconf 91' lang='lat' dir='ltr'><strong>nihil</strong></span> <span class='ocrx_word' id='word_1_461' title='bbox 3362 1951 3561 2012; x_wconf 90' lang='lat' dir='ltr'><strong>minus,</strong></span> <span class='ocrx_word' id='word_1_462' title='bbox 3595 1966 3756 2020; x_wconf 88' lang='lat' dir='ltr'><strong>quam</strong></span> 
     </span>
    </p>
   </div>
   <div class='ocr_carea' id='block_1_78' title="bbox 2187 2020 3762 2091">
    <p class='ocr_par' dir='ltr' id='par_1_78' title="bbox 2187 2020 3762 2091">
     <span class='ocr_line' id='line_1_79' title="bbox 2187 2020 3762 2091; baseline 0.003 -19"><span class='ocrx_word' id='word_1_463' title='bbox 2187 2020 2640 2076; x_wconf 88' lang='lat' dir='ltr'><strong>immortalitatem</strong></span> <span class='ocrx_word' id='word_1_464' title='bbox 2670 2020 3022 2078; x_wconf 86' lang='lat' dir='ltr'><strong>somniantes.</strong></span> <span class='ocrx_word' id='word_1_465' title='bbox 3066 2021 3216 2088; x_wconf 86' lang='lat' dir='ltr'><strong>Quod</strong></span> <span class='ocrx_word' id='word_1_466' title='bbox 3247 2023 3311 2074; x_wconf 76' lang='lat' dir='ltr'><strong>ad</strong></span> <span class='ocrx_word' id='word_1_467' title='bbox 3339 2035 3611 2091; x_wconf 84' lang='lat' dir='ltr'><strong>ganeones</strong></span> <span class='ocrx_word' id='word_1_468' title='bbox 3636 2027 3762 2076; x_wconf 54' lang='lat' dir='ltr'><strong>atti.</strong></span> 
     </span>
    </p>
   </div>
   <div class='ocr_carea' id='block_1_79' title="bbox 2183 2092 3763 2160">
    <p class='ocr_par' dir='ltr' id='par_1_79' title="bbox 2183 2092 3763 2160">
     <span class='ocr_line' id='line_1_80' title="bbox 2183 2092 3763 2160; baseline 0.002 -18"><span class='ocrx_word' id='word_1_469' title='bbox 2183 2100 2296 2151; x_wconf 86' lang='lat' dir='ltr'><strong>net,</strong></span> <span class='ocrx_word' id='word_1_470' title='bbox 2319 2092 2408 2160; x_wconf 90' lang='lat' dir='ltr'><strong>qui</strong></span> <span class='ocrx_word' id='word_1_471' title='bbox 2441 2108 2499 2144; x_wconf 83' lang='lat' dir='ltr'><strong>se</strong></span> <span class='ocrx_word' id='word_1_472' title='bbox 2523 2095 2586 2146; x_wconf 91' lang='lat' dir='ltr'><strong>ad</strong></span> <span class='ocrx_word' id='word_1_473' title='bbox 2614 2094 2940 2160; x_wconf 84' lang='lat' dir='ltr'><strong>putidissima</strong></span> <span class='ocrx_word' id='word_1_474' title='bbox 2967 2108 3132 2154; x_wconf 82' lang='lat' dir='ltr'><strong>usque</strong></span> <span class='ocrx_word' id='word_1_475' title='bbox 3161 2101 3332 2147; x_wconf 83' lang='lat' dir='ltr'><strong>scorta</strong></span> <span class='ocrx_word' id='word_1_476' title='bbox 3359 2093 3763 2156; x_wconf 83' lang='lat' dir='ltr'><strong>complectenda</strong></span> 
     </span>
    </p>
   </div>
   <div class='ocr_carea' id='block_1_80' title="bbox 2178 2161 3766 2232">
    <p class='ocr_par' dir='ltr' id='par_1_80' title="bbox 2178 2161 3766 2232">
     <span class='ocr_line' id='line_1_81' title="bbox 2178 2161 3766 2232; baseline 0.003 -20"><span class='ocrx_word' id='word_1_477' title='bbox 2178 2161 2452 2227; x_wconf 80' lang='lat' dir='ltr'><strong>objiciunt,</strong></span> <span class='ocrx_word' id='word_1_478' title='bbox 2469 2178 2564 2217; x_wconf 86' lang='lat' dir='ltr'><strong>eos</strong></span> <span class='ocrx_word' id='word_1_479' title='bbox 2586 2179 2690 2216; x_wconf 89' lang='lat' dir='ltr'><strong>non</strong></span> <span class='ocrx_word' id='word_1_480' title='bbox 2708 2165 2942 2232; x_wconf 61' lang='lat' dir='ltr'><strong>aegrotis,</strong></span> <span class='ocrx_word' id='word_1_481' title='bbox 2960 2163 3050 2217; x_wconf 89' lang='lat' dir='ltr'><strong>sed</strong></span> <span class='ocrx_word' id='word_1_482' title='bbox 3070 2161 3264 2216; x_wconf 71' lang='lat' dir='ltr'><strong>iollmte</strong></span> <span class='ocrx_word' id='word_1_483' title='bbox 3279 2162 3437 2217; x_wconf 88' lang='lat' dir='ltr'><strong>sortis</strong></span> <span class='ocrx_word' id='word_1_484' title='bbox 3458 2163 3766 2232; x_wconf 77' lang='lat' dir='ltr'><strong>hominibus</strong></span> 
     </span>
    </p>
   </div>
   <div class='ocr_carea' id='block_1_81' title="bbox 2181 2230 3734 2297">
    <p class='ocr_par' dir='ltr' id='par_1_81' title="bbox 2181 2230 3734 2297">
     <span class='ocr_line' id='line_1_82' title="bbox 2181 2230 3734 2297; baseline 0.001 -13"><span class='ocrx_word' id='word_1_485' title='bbox 2181 2232 2393 2296; x_wconf 80' lang='lat' dir='ltr'><strong>loricas,</strong></span> <span class='ocrx_word' id='word_1_486' title='bbox 2421 2235 2657 2297; x_wconf 75' lang='lat' dir='ltr'><strong>latrinas,</strong></span> <span class='ocrx_word' id='word_1_487' title='bbox 2689 2247 2736 2288; x_wconf 85' lang='lat' dir='ltr'><strong>ei</strong></span> <span class='ocrx_word' id='word_1_488' title='bbox 2761 2230 2972 2288; x_wconf 71' lang='lat' dir='ltr'><strong>cloacas</strong></span> <span class='ocrx_word' id='word_1_489' title='bbox 3001 2233 3368 2288; x_wconf 89' lang='lat' dir='ltr'><strong>everrentibus</strong></span> <span class='ocrx_word' id='word_1_490' title='bbox 3400 2246 3554 2295; x_wconf 88' lang='lat' dir='ltr'><strong>pares</strong></span> <span class='ocrx_word' id='word_1_491' title='bbox 3584 2230 3734 2286; x_wconf 87' lang='lat' dir='ltr'><strong>facit.</strong></span> 
     </span>
    </p>
   </div>
   <div class='ocr_carea' id='block_1_82' title="bbox 2249 2299 3763 2365">
    <p class='ocr_par' dir='ltr' id='par_1_82' title="bbox 2249 2299 3763 2365">
     <span class='ocr_line' id='line_1_83' title="bbox 2249 2299 3763 2365; baseline -0.001 -11"><span class='ocrx_word' id='word_1_492' title='bbox 2249 2302 2375 2357; x_wconf 80' lang='grc'><strong>259.</strong></span> <span class='ocrx_word' id='word_1_493' title='bbox 2410 2304 2555 2364; x_wconf 84' lang='lat' dir='ltr'><strong>Ald.,</strong></span> <span class='ocrx_word' id='word_1_494' title='bbox 2589 2303 2856 2358; x_wconf 86' lang='lat' dir='ltr'><strong>Heinsiani</strong></span> <span class='ocrx_word' id='word_1_495' title='bbox 2888 2319 3102 2365; x_wconf 86' lang='lat' dir='ltr'><strong>omnes,</strong></span> <span class='ocrx_word' id='word_1_496' title='bbox 3132 2303 3316 2362; x_wconf 83' lang='lat' dir='ltr'><strong>Fabr..</strong></span> <span class='ocrx_word' id='word_1_497' title='bbox 3349 2299 3632 2362; x_wconf 85' lang='lat' dir='ltr'><strong>Weitzius,</strong></span> <span class='ocrx_word' id='word_1_498' title='bbox 3663 2318 3763 2354; x_wconf 79' lang='lat' dir='ltr'><strong>no-</strong></span> 
     </span>
    </p>
   </div>
   <div class='ocr_carea' id='block_1_83' title="bbox 2180 2370 3763 2435">
    <p class='ocr_par' dir='ltr' id='par_1_83' title="bbox 2180 2370 3763 2435">
     <span class='ocr_line' id='line_1_84' title="bbox 2180 2370 3763 2435; baseline -0.001 -9"><span class='ocrx_word' id='word_1_499' title='bbox 2180 2373 2310 2435; x_wconf 87' lang='lat' dir='ltr'><strong>stri,</strong></span> <span class='ocrx_word' id='word_1_500' title='bbox 2345 2374 2518 2435; x_wconf 87' lang='lat' dir='ltr'><strong>Sich.,</strong></span> <span class='ocrx_word' id='word_1_501' title='bbox 2547 2375 2738 2431; x_wconf 85' lang='lat' dir='ltr'><strong>lucido.</strong></span> <span class='ocrx_word' id='word_1_502' title='bbox 2771 2384 2823 2428; x_wconf 73' lang='lat' dir='ltr'><strong>ct</strong></span> <span class='ocrx_word' id='word_1_503' title='bbox 2862 2382 3010 2428; x_wconf 87' lang='lat' dir='ltr'><strong>notat</strong></span> <span class='ocrx_word' id='word_1_504' title='bbox 3050 2373 3212 2427; x_wconf 85' lang='lat' dir='ltr'><strong>Nebr.</strong></span> <span class='ocrx_word' id='word_1_505' title='bbox 3243 2387 3311 2426; x_wconf 79' lang='lat' dir='ltr'><strong>ex</strong></span> <span class='ocrx_word' id='word_1_506' title='bbox 3349 2372 3594 2434; x_wconf 85' lang='lat' dir='ltr'><strong>Horatio,</strong></span> <span class='ocrx_word' id='word_1_507' title='bbox 3627 2370 3763 2424; x_wconf 77' lang='lat' dir='ltr'><strong>Tur~</strong></span> 
     </span>
    </p>
   </div>
   <div class='ocr_carea' id='block_1_84' title="bbox 2179 2441 3762 2512">
    <p class='ocr_par' dir='ltr' id='par_1_84' title="bbox 2179 2441 3762 2512">
     <span class='ocr_line' id='line_1_85' title="bbox 2179 2441 3762 2512; baseline 0 -17"><span class='ocrx_word' id='word_1_508' title='bbox 2179 2443 2333 2512; x_wconf 80' lang='lat' dir='ltr'><strong>gescit</strong></span> <span class='ocrx_word' id='word_1_509' title='bbox 2353 2444 2511 2496; x_wconf 79' lang='lat' dir='ltr'><strong>vitrea</strong></span> <span class='ocrx_word' id='word_1_510' title='bbox 2540 2444 2692 2508; x_wconf 84' lang='lat' dir='ltr'><strong>bilis;</strong></span> <span class='ocrx_word' id='word_1_511' title='bbox 2714 2461 2774 2497; x_wconf 82' lang='lat' dir='ltr'><strong>ex</strong></span> <span class='ocrx_word' id='word_1_512' title='bbox 2806 2445 3006 2507; x_wconf 88' lang='lat' dir='ltr'><strong>Persio,</strong></span> <span class='ocrx_word' id='word_1_513' title='bbox 3037 2443 3310 2510; x_wconf 86' lang='lat' dir='ltr'><strong>splendida</strong></span> <span class='ocrx_word' id='word_1_514' title='bbox 3330 2442 3478 2503; x_wconf 85' lang='lat' dir='ltr'><strong>bilis;</strong></span> <span class='ocrx_word' id='word_1_515' title='bbox 3511 2441 3762 2512; x_wconf 72' lang='lat' dir='ltr'><strong>Heinsius</strong></span> 
     </span>
    </p>
   </div>
   <div class='ocr_carea' id='block_1_85' title="bbox 2179 2510 3754 2583">
    <p class='ocr_par' dir='ltr' id='par_1_85' title="bbox 2179 2510 3754 2583">
     <span class='ocr_line' id='line_1_86' title="bbox 2179 2510 3754 2583; baseline 0.002 -20"><span class='ocrx_word' id='word_1_516' title='bbox 2179 2510 2308 2583; x_wconf 81' lang='lat' dir='ltr'><strong>vero</strong></span> <span class='ocrx_word' id='word_1_517' title='bbox 2337 2528 2399 2568; x_wconf 80' lang='lat' dir='ltr'><strong>ex</strong></span> <span class='ocrx_word' id='word_1_518' title='bbox 2450 2514 2689 2579; x_wconf 88' lang='lat' dir='ltr'><strong>Horatio,</strong></span> <span class='ocrx_word' id='word_1_519' title='bbox 2723 2515 2954 2583; x_wconf 82' lang='lat' dir='ltr'><strong>Aquosus</strong></span> <span class='ocrx_word' id='word_1_520' title='bbox 2979 2512 3096 2567; x_wconf 89' lang='lat' dir='ltr'><strong>albo</strong></span> <span class='ocrx_word' id='word_1_521' title='bbox 3124 2528 3334 2577; x_wconf 84' lang='lat' dir='ltr'><strong>corpore</strong></span> <span class='ocrx_word' id='word_1_522' title='bbox 3365 2513 3602 2583; x_wconf 83' lang='lat' dir='ltr'><strong>languor.</strong></span> <span class='ocrx_word' id='word_1_523' title='bbox 3629 2510 3754 2583; x_wconf 76' lang='lat' dir='ltr'><strong>Gis.</strong></span> 
     </span>
    </p>
   </div>
   <div class='ocr_carea' id='block_1_86' title="bbox 2179 2581 3762 2651">
    <p class='ocr_par' dir='ltr' id='par_1_86' title="bbox 2179 2581 3762 2651">
     <span class='ocr_line' id='line_1_87' title="bbox 2179 2581 3762 2651; baseline 0.001 -18"><span class='ocrx_word' id='word_1_524' title='bbox 2179 2581 2244 2634; x_wconf 91' lang='lat' dir='ltr'><strong>ad</strong></span> <span class='ocrx_word' id='word_1_525' title='bbox 2271 2597 2419 2637; x_wconf 87' lang='lat' dir='ltr'><strong>oram</strong></span> <span class='ocrx_word' id='word_1_526' title='bbox 2439 2624 2454 2644; x_wconf 85' lang='lat'><strong>.</strong></span> <span class='ocrx_word' id='word_1_527' title='bbox 2487 2584 2676 2647; x_wconf 82' lang='lat' dir='ltr'><strong>larido,</strong></span> <span class='ocrx_word' id='word_1_528' title='bbox 2707 2581 2849 2651; x_wconf 85' lang='lat' dir='ltr'><strong>quod</strong></span> <span class='ocrx_word' id='word_1_529' title='bbox 2887 2584 3104 2638; x_wconf 88' lang='lat' dir='ltr'><strong>Heinsio</strong></span> <span class='ocrx_word' id='word_1_530' title='bbox 3134 2599 3236 2636; x_wconf 87' lang='lat' dir='ltr'><strong>non</strong></span> <span class='ocrx_word' id='word_1_531' title='bbox 3269 2582 3598 2649; x_wconf 87' lang='lat' dir='ltr'><strong>displicebat.</strong></span> <span class='ocrx_word' id='word_1_532' title='bbox 3627 2581 3762 2634; x_wconf 84' lang='lat' dir='ltr'><strong>Par-</strong></span> 
     </span>
    </p>
   </div>
   <div class='ocr_carea' id='block_1_87' title="bbox 2179 2653 3754 2716">
    <p class='ocr_par' dir='ltr' id='par_1_87' title="bbox 2179 2653 3754 2716">
     <span class='ocr_line' id='line_1_88' title="bbox 2179 2653 3754 2716; baseline 0.001 -13"><span class='ocrx_word' id='word_1_533' title='bbox 2179 2653 2410 2716; x_wconf 89' lang='lat' dir='ltr'><strong>rhasius,</strong></span> <span class='ocrx_word' id='word_1_534' title='bbox 2437 2653 2612 2707; x_wconf 85' lang='lat' dir='ltr'><strong>livido.</strong></span> <span class='ocrx_word' id='word_1_535' title='bbox 2637 2655 2852 2708; x_wconf 83' lang='lat' dir='ltr'><strong>&#39;l‘eolius</strong></span> <span class='ocrx_word' id='word_1_536' title='bbox 2871 2655 2946 2708; x_wconf 91' lang='lat' dir='ltr'><strong>ait</strong></span> <span class='ocrx_word' id='word_1_537' title='bbox 2975 2653 3143 2706; x_wconf 82' lang='lat' dir='ltr'><strong>lucido</strong></span> <span class='ocrx_word' id='word_1_538' title='bbox 3167 2653 3362 2707; x_wconf 89' lang='lat' dir='ltr'><strong>habere</strong></span> <span class='ocrx_word' id='word_1_539' title='bbox 3383 2665 3514 2704; x_wconf 89' lang='lat' dir='ltr'><strong>mss.</strong></span> <span class='ocrx_word' id='word_1_540' title='bbox 3539 2665 3754 2711; x_wconf 77' lang='lat' dir='ltr'><strong>omnes.</strong></span> 
     </span>
    </p>
   </div>
   <div class='ocr_carea' id='block_1_88' title="bbox 2180 2721 3760 2844">
    <p class='ocr_par' dir='ltr' id='par_1_88' title="bbox 2180 2721 3760 2844">
     <span class='ocr_line' id='line_1_89' title="bbox 2180 2721 3760 2844; baseline 0.001 -70"><span class='ocrx_word' id='word_1_541' title='bbox 2180 2723 2350 2844; x_wconf 68' lang='grc' dir='ltr'><strong>[ιινὶᾳο</strong></span> <span class='ocrx_word' id='word_1_542' title='bbox 2388 2723 2672 2780; x_wconf 91' lang='lat' dir='ltr'><strong>editiones.</strong></span> <span class='ocrx_word' id='word_1_543' title='bbox 2702 2725 2774 2778; x_wconf 84' lang='lat' dir='ltr'><strong>At</strong></span> <span class='ocrx_word' id='word_1_544' title='bbox 2799 2725 3064 2794; x_wconf 59' lang='lat' dir='ltr'><strong>pleraeque</strong></span> <span class='ocrx_word' id='word_1_545' title='bbox 3101 2723 3364 2779; x_wconf 89' lang='lat' dir='ltr'><strong>editiones</strong></span> <span class='ocrx_word' id='word_1_546' title='bbox 3388 2721 3534 2776; x_wconf 89' lang='lat' dir='ltr'><strong>clare</strong></span> <span class='ocrx_word' id='word_1_547' title='bbox 3579 2721 3760 2775; x_wconf 84' lang='lat' dir='ltr'><strong>lucido</strong></span> 
     </span>
     <span class='ocr_line' id='line_1_90' title="bbox 2180 2803 2488 2844; baseline 0 0"><span class='ocrx_word' id='word_1_548' title='bbox 2180 2808 2288 2844; x_wconf 67' lang='lat' dir='ltr'><strong>orae</strong></span> <span class='ocrx_word' id='word_1_549' title='bbox 2312 2803 2488 2844; x_wconf 86' lang='lat' dir='ltr'><strong>erunt.</strong></span> 
     </span>
    </p>
   </div>
   <div class='ocr_carea' id='block_1_89' title="bbox 2216 2803 2488 2849">
    <p class='ocr_par' dir='ltr' id='par_1_89' title="bbox 2216 2803 2488 2849">
     <span class='ocr_line' id='line_1_91' title="bbox 2216 2803 2488 2849; baseline 0.011 -3"><span class='ocrx_word' id='word_1_550' title='bbox 2216 2803 2488 2849; x_wconf 65' lang='lat' dir='ltr'><strong>rmferunt.</strong></span> 
     </span>
    </p>
   </div>
   <div class='ocr_carea' id='block_1_90' title="bbox 2180 2808 3757 2931">
    <p class='ocr_par' dir='ltr' id='par_1_90' title="bbox 2180 2808 3757 2931">
     <span class='ocr_line' id='line_1_92' title="bbox 2180 2808 2488 2861; baseline 0.013 -16"><span class='ocrx_word' id='word_1_551' title='bbox 2180 2808 2488 2861; x_wconf 77' lang='lat' dir='ltr'><strong>praeierunt.</strong></span> 
     </span>
     <span class='ocr_line' id='line_1_93' title="bbox 2247 2861 3757 2931; baseline 0.003 -17"><span class='ocrx_word' id='word_1_552' title='bbox 2247 2861 2370 2918; x_wconf 67' lang='grc'><strong>240.</strong></span> <span class='ocrx_word' id='word_1_553' title='bbox 2407 2862 2671 2919; x_wconf 87' lang='lat' dir='ltr'><strong>Heraldus</strong></span> <span class='ocrx_word' id='word_1_554' title='bbox 2699 2863 2752 2916; x_wconf 92' lang='lat' dir='ltr'><strong>in</strong></span> <span class='ocrx_word' id='word_1_555' title='bbox 2777 2863 3066 2918; x_wconf 85' lang='lat' dir='ltr'><strong>Arnobium</strong></span> <span class='ocrx_word' id='word_1_556' title='bbox 3089 2862 3182 2918; x_wconf 90' lang='lat' dir='ltr'><strong>lib.</strong></span> <span class='ocrx_word' id='word_1_557' title='bbox 3210 2878 3278 2929; x_wconf 85' lang='lat' dir='ltr'><strong>tt,</strong></span> <span class='ocrx_word' id='word_1_558' title='bbox 3309 2877 3426 2931; x_wconf 87' lang='lat' dir='ltr'><strong>pag.</strong></span> <span class='ocrx_word' id='word_1_559' title='bbox 3453 2862 3575 2928; x_wconf 76' lang='lat' dir='ltr'><strong>H9,</strong></span> <span class='ocrx_word' id='word_1_560' title='bbox 3596 2863 3757 2931; x_wconf 88' lang='lat' dir='ltr'><strong>plura</strong></span> 
     </span>
    </p>
   </div>
   <div class='ocr_carea' id='block_1_91' title="bbox 2179 2931 3759 2997">
    <p class='ocr_par' dir='ltr' id='par_1_91' title="bbox 2179 2931 3759 2997">
     <span class='ocr_line' id='line_1_94' title="bbox 2179 2931 3759 2997; baseline 0.003 -13"><span class='ocrx_word' id='word_1_561' title='bbox 2179 2931 2248 2985; x_wconf 91' lang='lat' dir='ltr'><strong>de</strong></span> <span class='ocrx_word' id='word_1_562' title='bbox 2278 2948 2558 2988; x_wconf 89' lang='lat' dir='ltr'><strong>avarorum</strong></span> <span class='ocrx_word' id='word_1_563' title='bbox 2592 2935 2827 2987; x_wconf 86' lang='lat' dir='ltr'><strong>moribus</strong></span> <span class='ocrx_word' id='word_1_564' title='bbox 2862 2935 3054 2997; x_wconf 90' lang='lat' dir='ltr'><strong>habet,</strong></span> <span class='ocrx_word' id='word_1_565' title='bbox 3082 2941 3138 2987; x_wconf 91' lang='lat' dir='ltr'><strong>et</strong></span> <span class='ocrx_word' id='word_1_566' title='bbox 3167 2932 3262 2987; x_wconf 89' lang='lat' dir='ltr'><strong>hos</strong></span> <span class='ocrx_word' id='word_1_567' title='bbox 3293 2934 3437 2996; x_wconf 83' lang='lat' dir='ltr'><strong>ipsos</strong></span> <span class='ocrx_word' id='word_1_568' title='bbox 3467 2942 3652 2987; x_wconf 82' lang='lat' dir='ltr'><strong>versus</strong></span> <span class='ocrx_word' id='word_1_569' title='bbox 3685 2949 3759 2988; x_wconf 89' lang='lat' dir='ltr'><strong>ex</strong></span> 
     </span>
    </p>
   </div>
   <div class='ocr_carea' id='block_1_92' title="bbox 2178 3000 3760 3072">
    <p class='ocr_par' dir='ltr' id='par_1_92' title="bbox 2178 3000 3760 3072">
     <span class='ocr_line' id='line_1_95' title="bbox 2178 3000 3760 3072; baseline 0.002 -18"><span class='ocrx_word' id='word_1_570' title='bbox 2178 3000 2486 3067; x_wconf 83' lang='lat' dir='ltr'><strong>Prudentia,</strong></span> <span class='ocrx_word' id='word_1_571' title='bbox 2517 3019 2650 3072; x_wconf 85' lang='lat' dir='ltr'><strong>quos</strong></span> <span class='ocrx_word' id='word_1_572' title='bbox 2679 3013 2856 3056; x_wconf 86' lang='lat' dir='ltr'><strong>tamen</strong></span> <span class='ocrx_word' id='word_1_573' title='bbox 2877 3019 2940 3058; x_wconf 86' lang='lat' dir='ltr'><strong>ex</strong></span> <span class='ocrx_word' id='word_1_574' title='bbox 2973 3004 3228 3072; x_wconf 84' lang='lat' dir='ltr'><strong>martyrio</strong></span> <span class='ocrx_word' id='word_1_575' title='bbox 3248 3002 3515 3059; x_wconf 77' lang='lat' dir='ltr'><strong>Vincentii</strong></span> <span class='ocrx_word' id='word_1_576' title='bbox 3534 3003 3760 3057; x_wconf 86' lang='lat' dir='ltr'><strong>desum-</strong></span> 
     </span>
    </p>
   </div>
   <div class='ocr_carea' id='block_1_93' title="bbox 2178 3072 3162 3140">
    <p class='ocr_par' dir='ltr' id='par_1_93' title="bbox 2178 3072 3162 3140">
     <span class='ocr_line' id='line_1_96' title="bbox 2178 3072 3162 3140; baseline 0.002 -16"><span class='ocrx_word' id='word_1_577' title='bbox 2178 3079 2298 3140; x_wconf 80' lang='lat' dir='ltr'><strong>ptes</strong></span> <span class='ocrx_word' id='word_1_578' title='bbox 2329 3089 2425 3140; x_wconf 93' lang='lat' dir='ltr'><strong>per</strong></span> <span class='ocrx_word' id='word_1_579' title='bbox 2454 3072 2726 3128; x_wconf 72' lang='lat' dir='ltr'><strong>memoriae</strong></span> <span class='ocrx_word' id='word_1_580' title='bbox 2747 3081 2984 3129; x_wconf 84' lang='lat' dir='ltr'><strong>errorem</strong></span> <span class='ocrx_word' id='word_1_581' title='bbox 3014 3075 3162 3127; x_wconf 86' lang='lat' dir='ltr'><strong>dicit.</strong></span> 
     </span>
    </p>
   </div>
   <div class='ocr_carea' id='block_1_94' title="bbox 2249 3132 3758 3211">
    <p class='ocr_par' dir='ltr' id='par_1_94' title="bbox 2249 3132 3758 3211">
     <span class='ocr_line' id='line_1_97' title="bbox 2249 3132 3758 3211; baseline 0.002 -17"><span class='ocrx_word' id='word_1_582' title='bbox 2249 3132 2378 3197; x_wconf 66' lang='grc'><strong>242.</strong></span> <span class='ocrx_word' id='word_1_583' title='bbox 2397 3143 2716 3210; x_wconf 87' lang='lat' dir='ltr'><strong>Gronovius,</strong></span> <span class='ocrx_word' id='word_1_584' title='bbox 2736 3159 2854 3211; x_wconf 81' lang='lat' dir='ltr'><strong>cap.</strong></span> <span class='ocrx_word' id='word_1_585' title='bbox 2873 3146 2905 3197; x_wconf 85' lang='lat'><strong>5</strong></span> <span class='ocrx_word' id='word_1_586' title='bbox 2926 3144 3203 3198; x_wconf 89' lang='lat' dir='ltr'><strong>Observat.</strong></span> <span class='ocrx_word' id='word_1_587' title='bbox 3227 3142 3527 3210; x_wconf 88' lang='lat' dir='ltr'><strong>eccles.,ex</strong></span> <span class='ocrx_word' id='word_1_588' title='bbox 3546 3132 3758 3197; x_wconf 80' lang='lat' dir='ltr'><strong>Widm.</strong></span> 
     </span>
    </p>
   </div>
   <div class='ocr_carea' id='block_1_95' title="bbox 2178 3209 3758 3275">
    <p class='ocr_par' dir='ltr' id='par_1_95' title="bbox 2178 3209 3758 3275">
     <span class='ocr_line' id='line_1_98' title="bbox 2178 3209 3758 3275; baseline 0.002 -10"><span class='ocrx_word' id='word_1_589' title='bbox 2178 3209 2390 3267; x_wconf 80' lang='lat' dir='ltr'><strong>Weilzii</strong></span> <span class='ocrx_word' id='word_1_590' title='bbox 2441 3214 2566 3274; x_wconf 70' lang='lat' dir='ltr'><strong>legit</strong></span> <span class='ocrx_word' id='word_1_591' title='bbox 2611 3209 2815 3268; x_wconf 80' lang='lat' dir='ltr'><strong>Manus</strong></span> <span class='ocrx_word' id='word_1_592' title='bbox 2842 3229 3077 3268; x_wconf 85' lang='lat' dir='ltr'><strong>recurvas</strong></span> <span class='ocrx_word' id='word_1_593' title='bbox 3122 3215 3176 3266; x_wconf 87' lang='lat' dir='ltr'><strong>in</strong></span> <span class='ocrx_word' id='word_1_594' title='bbox 3206 3214 3404 3275; x_wconf 84' lang='lat' dir='ltr'><strong>uolam,</strong></span> <span class='ocrx_word' id='word_1_595' title='bbox 3432 3209 3493 3266; x_wconf 89' lang='lat' dir='ltr'><strong>et</strong></span> <span class='ocrx_word' id='word_1_596' title='bbox 3529 3227 3648 3267; x_wconf 90' lang='lat' dir='ltr'><strong>cum</strong></span> <span class='ocrx_word' id='word_1_597' title='bbox 3701 3215 3758 3268; x_wconf 90' lang='lat' dir='ltr'><strong>in</strong></span> 
     </span>
    </p>
   </div>
   <div class='ocr_carea' id='block_1_96' title="bbox 2177 3283 3760 3352">
    <p class='ocr_par' dir='ltr' id='par_1_96' title="bbox 2177 3283 3760 3352">
     <span class='ocr_line' id='line_1_99' title="bbox 2177 3283 3760 3352; baseline 0.003 -19"><span class='ocrx_word' id='word_1_598' title='bbox 2177 3283 2322 3352; x_wconf 84' lang='lat' dir='ltr'><strong>vulg.</strong></span> <span class='ocrx_word' id='word_1_599' title='bbox 2355 3284 2424 3338; x_wconf 92' lang='lat' dir='ltr'><strong>sit</strong></span> <span class='ocrx_word' id='word_1_600' title='bbox 2470 3283 2659 3338; x_wconf 80' lang='lat' dir='ltr'><strong>Manus</strong></span> <span class='ocrx_word' id='word_1_601' title='bbox 2700 3301 2954 3344; x_wconf 83' lang='lat' dir='ltr'><strong>recurvas,</strong></span> <span class='ocrx_word' id='word_1_602' title='bbox 2999 3293 3043 3337; x_wconf 91' lang='lat' dir='ltr'><strong>et</strong></span> <span class='ocrx_word' id='word_1_603' title='bbox 3077 3284 3271 3342; x_wconf 85' lang='lat' dir='ltr'><strong>volam.</strong></span> <span class='ocrx_word' id='word_1_604' title='bbox 3309 3284 3423 3350; x_wconf 88' lang='lat' dir='ltr'><strong>ipse</strong></span> <span class='ocrx_word' id='word_1_605' title='bbox 3468 3285 3760 3338; x_wconf 71' lang='lat' dir='ltr'><strong>restituere</strong></span> 
     </span>
    </p>
   </div>
   <div class='ocr_carea' id='block_1_97' title="bbox 2177 3352 3760 3418">
    <p class='ocr_par' dir='ltr' id='par_1_97' title="bbox 2177 3352 3760 3418">
     <span class='ocr_line' id='line_1_100' title="bbox 2177 3352 3760 3418; baseline 0.001 -14"><span class='ocrx_word' id='word_1_606' title='bbox 2177 3354 2294 3406; x_wconf 88' lang='lat' dir='ltr'><strong>vult</strong></span> <span class='ocrx_word' id='word_1_607' title='bbox 2334 3354 2522 3409; x_wconf 84' lang='lat' dir='ltr'><strong>Manus</strong></span> <span class='ocrx_word' id='word_1_608' title='bbox 2562 3371 2795 3409; x_wconf 82' lang='lat' dir='ltr'><strong>recurvas</strong></span> <span class='ocrx_word' id='word_1_609' title='bbox 2839 3357 2891 3408; x_wconf 86' lang='lat' dir='ltr'><strong>in</strong></span> <span class='ocrx_word' id='word_1_610' title='bbox 2916 3355 3116 3418; x_wconf 82' lang='lat' dir='ltr'><strong>volant,</strong></span> <span class='ocrx_word' id='word_1_611' title='bbox 3151 3365 3195 3408; x_wconf 90' lang='lat' dir='ltr'><strong>et</strong></span> <span class='ocrx_word' id='word_1_612' title='bbox 3228 3353 3458 3406; x_wconf 88' lang='lat' dir='ltr'><strong>Plicans.</strong></span> <span class='ocrx_word' id='word_1_613' title='bbox 3504 3352 3760 3407; x_wconf 84' lang='lat' dir='ltr'><strong>Heinsius</strong></span> 
     </span>
    </p>
   </div>
   <div class='ocr_carea' id='block_1_98' title="bbox 2171 3423 3761 3492">
    <p class='ocr_par' dir='ltr' id='par_1_98' title="bbox 2171 3423 3761 3492">
     <span class='ocr_line' id='line_1_101' title="bbox 2171 3423 3761 3492; baseline 0.001 -18"><span class='ocrx_word' id='word_1_614' title='bbox 2171 3425 2292 3492; x_wconf 81' lang='lat' dir='ltr'><strong>etim</strong></span> <span class='ocrx_word' id='word_1_615' title='bbox 2314 3425 2457 3492; x_wconf 80' lang='lat' dir='ltr'><strong>vulg.</strong></span> <span class='ocrx_word' id='word_1_616' title='bbox 2483 3425 2636 3492; x_wconf 88' lang='lat' dir='ltr'><strong>facit,</strong></span> <span class='ocrx_word' id='word_1_617' title='bbox 2667 3434 2722 3479; x_wconf 89' lang='lat' dir='ltr'><strong>et</strong></span> <span class='ocrx_word' id='word_1_618' title='bbox 2748 3439 2868 3478; x_wconf 91' lang='lat' dir='ltr'><strong>cum</strong></span> <span class='ocrx_word' id='word_1_619' title='bbox 2901 3423 3118 3478; x_wconf 77' lang='lat' dir='ltr'><strong>Hc&#39;ltsio</strong></span> <span class='ocrx_word' id='word_1_620' title='bbox 3145 3424 3380 3482; x_wconf 86' lang='lat' dir='ltr'><strong>Teolius,</strong></span> <span class='ocrx_word' id='word_1_621' title='bbox 3413 3423 3504 3490; x_wconf 80' lang='lat' dir='ltr'><strong>qui</strong></span> <span class='ocrx_word' id='word_1_622' title='bbox 3536 3423 3761 3477; x_wconf 79' lang='lat' dir='ltr'><strong>Heinsio</strong></span> 
     </span>
    </p>
   </div>
   <div class='ocr_carea' id='block_1_99' title="bbox 2174 3491 3761 3551">
    <p class='ocr_par' dir='ltr' id='par_1_99' title="bbox 2174 3491 3761 3551">
     <span class='ocr_line' id='line_1_102' title="bbox 2174 3491 3761 3551; baseline -0.003 -5"><span class='ocrx_word' id='word_1_623' title='bbox 2174 3491 2350 3548; x_wconf 89' lang='lat' dir='ltr'><strong>favere</strong></span> <span class='ocrx_word' id='word_1_624' title='bbox 2371 3491 2607 3551; x_wconf 84' lang='lat' dir='ltr'><strong>melioris</strong></span> <span class='ocrx_word' id='word_1_625' title='bbox 2631 3505 2770 3549; x_wconf 75' lang='lat' dir='ltr'><strong>noue</strong></span> <span class='ocrx_word' id='word_1_626' title='bbox 2789 3495 3000 3550; x_wconf 80' lang='lat' dir='ltr'><strong>codices</strong></span> <span class='ocrx_word' id='word_1_627' title='bbox 3022 3493 3304 3548; x_wconf 85' lang='lat' dir='ltr'><strong>Vaticanos</strong></span> <span class='ocrx_word' id='word_1_628' title='bbox 3318 3492 3563 3546; x_wconf 84' lang='lat' dir='ltr'><strong>afﬁrmat.</strong></span> <span class='ocrx_word' id='word_1_629' title='bbox 3583 3493 3761 3546; x_wconf 74' lang='lat' dir='ltr'><strong>Cella-</strong></span> 
     </span>
    </p>
   </div>
   <div class='ocr_carea' id='block_1_100' title="bbox 2172 3562 3757 3626">
    <p class='ocr_par' dir='ltr' id='par_1_100' title="bbox 2172 3562 3757 3626">
     <span class='ocr_line' id='line_1_103' title="bbox 2172 3562 3757 3626; baseline 0.001 -10"><span class='ocrx_word' id='word_1_630' title='bbox 2172 3563 2282 3618; x_wconf 90' lang='lat' dir='ltr'><strong>rius</strong></span> <span class='ocrx_word' id='word_1_631' title='bbox 2309 3573 2523 3619; x_wconf 86' lang='lat' dir='ltr'><strong>secutus</strong></span> <span class='ocrx_word' id='word_1_632' title='bbox 2553 3574 2637 3619; x_wconf 89' lang='lat' dir='ltr'><strong>est</strong></span> <span class='ocrx_word' id='word_1_633' title='bbox 2660 3564 2896 3620; x_wconf 90' lang='lat' dir='ltr'><strong>codicem</strong></span> <span class='ocrx_word' id='word_1_634' title='bbox 2924 3562 3352 3618; x_wconf 83' lang='lat' dir='ltr'><strong>Widmanianum</strong></span> <span class='ocrx_word' id='word_1_635' title='bbox 3373 3602 3390 3626; x_wconf 92' lang='lat'><strong>,</strong></span> <span class='ocrx_word' id='word_1_636' title='bbox 3431 3563 3516 3616; x_wconf 93' lang='lat' dir='ltr'><strong>cui</strong></span> <span class='ocrx_word' id='word_1_637' title='bbox 3563 3578 3757 3618; x_wconf 86' lang='lat' dir='ltr'><strong>revera</strong></span> 
     </span>
    </p>
   </div>
   <div class='ocr_carea' id='block_1_101' title="bbox 2170 3632 3762 3703">
    <p class='ocr_par' dir='ltr' id='par_1_101' title="bbox 2170 3632 3762 3703">
     <span class='ocr_line' id='line_1_104' title="bbox 2170 3632 3762 3703; baseline 0.002 -18"><span class='ocrx_word' id='word_1_638' title='bbox 2170 3635 2523 3698; x_wconf 86' lang='lat' dir='ltr'><strong>astipulantur</strong></span> <span class='ocrx_word' id='word_1_639' title='bbox 2565 3635 2679 3688; x_wconf 85' lang='lat' dir='ltr'><strong>Vat.</strong></span> <span class='ocrx_word' id='word_1_640' title='bbox 2715 3635 2775 3703; x_wconf 88' lang='grc' dir='ltr'><strong>Β,</strong></span> <span class='ocrx_word' id='word_1_641' title='bbox 2805 3635 2956 3696; x_wconf 67' lang='lat' dir='ltr'><strong>Man,</strong></span> <span class='ocrx_word' id='word_1_642' title='bbox 2990 3633 3133 3696; x_wconf 61' lang='lat' dir='ltr'><strong>Rau,</strong></span> <span class='ocrx_word' id='word_1_643' title='bbox 3179 3634 3332 3701; x_wconf 86' lang='lat' dir='ltr'><strong>Prag.</strong></span> <span class='ocrx_word' id='word_1_644' title='bbox 3366 3632 3532 3686; x_wconf 86' lang='lat' dir='ltr'><strong>Recte</strong></span> <span class='ocrx_word' id='word_1_645' title='bbox 3560 3633 3762 3703; x_wconf 79' lang='lat' dir='ltr'><strong>dicitur</strong></span> 
     </span>
    </p>
   </div>
   <div class='ocr_carea' id='block_1_102' title="bbox 2171 3701 3761 3768">
    <p class='ocr_par' dir='ltr' id='par_1_102' title="bbox 2171 3701 3761 3768">
     <span class='ocr_line' id='line_1_105' title="bbox 2171 3701 3761 3768; baseline 0 -12"><span class='ocrx_word' id='word_1_646' title='bbox 2171 3703 2469 3758; x_wconf 83' lang='lat' dir='ltr'><strong>contrahere</strong></span> <span class='ocrx_word' id='word_1_647' title='bbox 2483 3721 2663 3758; x_wconf 89' lang='lat' dir='ltr'><strong>manus</strong></span> <span class='ocrx_word' id='word_1_648' title='bbox 2685 3701 2918 3758; x_wconf 84' lang='lat' dir='ltr'><strong>recurvas</strong></span> <span class='ocrx_word' id='word_1_649' title='bbox 2938 3704 2990 3757; x_wconf 85' lang='lat' dir='ltr'><strong>in</strong></span> <span class='ocrx_word' id='word_1_650' title='bbox 3009 3705 3193 3765; x_wconf 87' lang='lat' dir='ltr'><strong>volam,</strong></span> <span class='ocrx_word' id='word_1_651' title='bbox 3219 3712 3278 3757; x_wconf 82' lang='grc' dir='ltr'><strong>ιιι</strong></span> <span class='ocrx_word' id='word_1_652' title='bbox 3298 3718 3437 3758; x_wconf 82' lang='lat' dir='ltr'><strong>vers.</strong></span> <span class='ocrx_word' id='word_1_653' title='bbox 3465 3703 3589 3768; x_wconf 72' lang='lat'><strong>156,</strong></span> <span class='ocrx_word' id='word_1_654' title='bbox 3619 3701 3761 3758; x_wconf 83' lang='lat' dir='ltr'><strong>Ner-</strong></span> 
     </span>
    </p>
   </div>
   <div class='ocr_carea' id='block_1_103' title="bbox 2169 3773 3758 3844">
    <p class='ocr_par' dir='ltr' id='par_1_103' title="bbox 2169 3773 3758 3844">
     <span class='ocr_line' id='line_1_106' title="bbox 2169 3773 3758 3844; baseline 0.003 -19"><span class='ocrx_word' id='word_1_655' title='bbox 2169 3788 2255 3844; x_wconf 89' lang='lat' dir='ltr'><strong>v_os</strong></span> <span class='ocrx_word' id='word_1_656' title='bbox 2275 3774 2331 3844; x_wconf 83' lang='lat' dir='ltr'><strong>in</strong></span> <span class='ocrx_word' id='word_1_657' title='bbox 2351 3777 2527 3828; x_wconf 89' lang='lat' dir='ltr'><strong>ulnam</strong></span> <span class='ocrx_word' id='word_1_658' title='bbox 2551 3776 2834 3829; x_wconf 83' lang='lat' dir='ltr'><strong>contrahat.</strong></span> <span class='ocrx_word' id='word_1_659' title='bbox 2863 3775 2936 3828; x_wconf 94' lang='lat' dir='ltr'><strong>De</strong></span> <span class='ocrx_word' id='word_1_660' title='bbox 2958 3775 3129 3828; x_wconf 87' lang='lat' dir='ltr'><strong>avaris</strong></span> <span class='ocrx_word' id='word_1_661' title='bbox 3157 3773 3440 3844; x_wconf 75' lang='lat' dir='ltr'><strong>Psychom.</strong></span> <span class='ocrx_word' id='word_1_662' title='bbox 3465 3787 3608 3829; x_wconf 79' lang='lat' dir='ltr'><strong>vers.</strong></span> <span class='ocrx_word' id='word_1_663' title='bbox 3623 3773 3758 3844; x_wconf 67' lang='grc'><strong>463,</strong></span> 
     </span>
    </p>
   </div>
   <div class='ocr_carea' id='block_1_104' title="bbox 2171 3841 3099 3917">
    <p class='ocr_par' dir='ltr' id='par_1_104' title="bbox 2171 3841 3099 3917">
     <span class='ocr_line' id='line_1_107' title="bbox 2171 3841 3099 3917; baseline -0.001 -20"><span class='ocrx_word' id='word_1_664' title='bbox 2171 3841 2468 3917; x_wconf 78' lang='lat' dir='ltr'><strong>Sp_oli_isque</strong></span> <span class='ocrx_word' id='word_1_665' title='bbox 2493 3861 2684 3917; x_wconf 78' lang='lat' dir='ltr'><strong>ungues</strong></span> <span class='ocrx_word' id='word_1_666' title='bbox 2707 3855 2901 3917; x_wconf 70' lang='lat' dir='ltr'><strong>exercet</strong></span> <span class='ocrx_word' id='word_1_667' title='bbox 2926 3861 3099 3917; x_wconf 82' lang='lat' dir='ltr'><strong>aenos.</strong></span> 
     </span>
    </p>
   </div>
   <div class='ocr_carea' id='block_1_105' title="bbox 2242 3911 3761 3982">
    <p class='ocr_par' dir='ltr' id='par_1_105' title="bbox 2242 3911 3761 3982">
     <span class='ocr_line' id='line_1_108' title="bbox 2242 3911 3761 3982; baseline 0.001 -16"><span class='ocrx_word' id='word_1_668' title='bbox 2242 3912 2366 3966; x_wconf 78' lang='lat' dir='ltr'><strong>2l3.</strong></span> <span class='ocrx_word' id='word_1_669' title='bbox 2385 3911 2551 3982; x_wconf 79' lang='lat' dir='ltr'><strong>Quod</strong></span> <span class='ocrx_word' id='word_1_670' title='bbox 2564 3911 2876 3970; x_wconf 53' lang='lat' dir='ltr'><strong>&#39;Gronovius</strong></span> <span class='ocrx_word' id='word_1_671' title='bbox 2915 3914 3130 3968; x_wconf 91' lang='lat' dir='ltr'><strong>volebat</strong></span> <span class='ocrx_word' id='word_1_672' title='bbox 3171 3915 3224 3967; x_wconf 87' lang='lat' dir='ltr'><strong>in</strong></span> <span class='ocrx_word' id='word_1_673' title='bbox 3250 3915 3449 3976; x_wconf 83' lang='lat' dir='ltr'><strong>uolam,</strong></span> <span class='ocrx_word' id='word_1_674' title='bbox 3477 3921 3523 3966; x_wconf 86' lang='lat' dir='ltr'><strong>et</strong></span> <span class='ocrx_word' id='word_1_675' title='bbox 3551 3911 3761 3979; x_wconf 80' lang='lat' dir='ltr'><strong>plicans</strong></span> 
     </span>
    </p>
   </div>
   <div class='ocr_carea' id='block_1_106' title="bbox 2170 3983 3761 4056">
    <p class='ocr_par' dir='ltr' id='par_1_106' title="bbox 2170 3983 3761 4056">
     <span class='ocr_line' id='line_1_109' title="bbox 2170 3983 3761 4056; baseline 0.003 -20"><span class='ocrx_word' id='word_1_676' title='bbox 2170 3983 2386 4056; x_wconf 64' lang='lat' dir='ltr'><strong>aduncis</strong></span> <span class='ocrx_word' id='word_1_677' title='bbox 2431 3985 2716 4056; x_wconf 69' lang='lat' dir='ltr'><strong>unguibus,</strong></span> <span class='ocrx_word' id='word_1_678' title='bbox 2747 3984 3076 4056; x_wconf 13' lang='lat' dir='ltr'><strong>rconcinnius</strong></span> <span class='ocrx_word' id='word_1_679' title='bbox 3117 3983 3761 4056; x_wconf 67' lang='lat' dir='ltr'><strong>e&#39;x_nostris__codicibus</strong></span> 
     </span>
    </p>
   </div>
   <div class='ocr_carea' id='block_1_107' title="bbox 2170 4051 3762 4129">
    <p class='ocr_par' dir='ltr' id='par_1_107' title="bbox 2170 4051 3762 4129">
     <span class='ocr_line' id='line_1_110' title="bbox 2170 4051 3762 4129; baseline 0 -22"><span class='ocrx_word' id='word_1_680' title='bbox 2170 4052 2332 4111; x_wconf 66' lang='lat' dir='ltr'><strong>Man.</strong></span> <span class='ocrx_word' id='word_1_681' title='bbox 2358 4051 2861 4129; x_wconf 26' lang='lat' dir='ltr'><strong>Rat.._&#39;Prag.,&#39;AVat.</strong></span> <span class='ocrx_word' id='word_1_682' title='bbox 2904 4055 2974 4121; x_wconf 82' lang='grc' dir='ltr'><strong>Β,</strong></span> <span class='ocrx_word' id='word_1_683' title='bbox 3001 4052 3588 4129; x_wconf 59' lang='lat' dir='ltr'><strong>restituimus,.scilicet</strong></span> <span class='ocrx_word' id='word_1_684' title='bbox 3625 4051 3762 4129; x_wconf 82' lang='lat' dir='ltr'><strong>_Pli-</strong></span> 
     </span>
    </p>
   </div>
   <div class='ocr_carea' id='block_1_108' title="bbox 2170 4122 3761 4194">
    <p class='ocr_par' dir='ltr' id='par_1_108' title="bbox 2170 4122 3761 4194">
     <span class='ocr_line' id='line_1_111' title="bbox 2170 4122 3761 4194; baseline 0.001 -19"><span class='ocrx_word' id='word_1_685' title='bbox 2170 4138 2294 4176; x_wconf 87' lang='lat' dir='ltr'><strong>cans</strong></span> <span class='ocrx_word' id='word_1_686' title='bbox 2319 4133 2366 4177; x_wconf 89' lang='lat' dir='ltr'><strong>et</strong></span> <span class='ocrx_word' id='word_1_687' title='bbox 2395 4126 2541 4194; x_wconf 86' lang='lat' dir='ltr'><strong>uncis</strong></span> <span class='ocrx_word' id='word_1_688' title='bbox 2569 4122 2840 4194; x_wconf 84' lang='lat' dir='ltr'><strong>unguibus,</strong></span> <span class='ocrx_word' id='word_1_689' title='bbox 2872 4141 2977 4178; x_wconf 86' lang='lat' dir='ltr'><strong>non</strong></span> <span class='ocrx_word' id='word_1_690' title='bbox 3022 4124 3220 4194; x_wconf 81' lang='lat' dir='ltr'><strong>plicans</strong></span> <span class='ocrx_word' id='word_1_691' title='bbox 3252 4122 3495 4185; x_wconf 70' lang='lat' dir='ltr'><strong>aduncis.</strong></span> <span class='ocrx_word' id='word_1_692' title='bbox 3537 4132 3596 4176; x_wconf 91' lang='lat' dir='ltr'><strong>ut</strong></span> <span class='ocrx_word' id='word_1_693' title='bbox 3621 4122 3761 4194; x_wconf 78' lang='lat' dir='ltr'><strong>liac-</strong></span> 
     </span>
    </p>
   </div>
   <div class='ocr_carea' id='block_1_109' title="bbox 2172 4192 3754 4265">
    <p class='ocr_par' dir='ltr' id='par_1_109' title="bbox 2172 4192 3754 4265">
     <span class='ocr_line' id='line_1_112' title="bbox 2172 4192 3754 4265; baseline 0 -18"><span class='ocrx_word' id='word_1_694' title='bbox 2172 4200 2332 4247; x_wconf 89' lang='lat' dir='ltr'><strong>tenus</strong></span> <span class='ocrx_word' id='word_1_695' title='bbox 2352 4193 2554 4249; x_wconf 90' lang='lat' dir='ltr'><strong>editum</strong></span> <span class='ocrx_word' id='word_1_696' title='bbox 2584 4192 2687 4248; x_wconf 74' lang='lat' dir='ltr'><strong>est.</strong></span> <span class='ocrx_word' id='word_1_697' title='bbox 2716 4195 2892 4265; x_wconf 88' lang='lat' dir='ltr'><strong>Egm.,</strong></span> <span class='ocrx_word' id='word_1_698' title='bbox 2915 4192 3056 4265; x_wconf 45' lang='lat' dir='ltr'><strong>Pali,</strong></span> <span class='ocrx_word' id='word_1_699' title='bbox 3079 4193 3350 4265; x_wconf 86' lang='lat' dir='ltr'><strong>Widman.</strong></span> <span class='ocrx_word' id='word_1_700' title='bbox 3372 4206 3530 4265; x_wconf 87' lang='lat' dir='ltr'><strong>supra</strong></span> <span class='ocrx_word' id='word_1_701' title='bbox 3557 4192 3754 4265; x_wconf 77' lang='lat' dir='ltr'><strong>minus</strong></span> 
     </span>
    </p>
   </div>
   <div class='ocr_carea' id='block_1_110' title="bbox 2171 4263 3763 4337">
    <p class='ocr_par' dir='ltr' id='par_1_110' title="bbox 2171 4263 3763 4337">
     <span class='ocr_line' id='line_1_113' title="bbox 2171 4263 3763 4337; baseline -0.016 3"><span class='ocrx_word' id='word_1_702' title='bbox 2171 4271 2339 4337; x_wconf 55' lang='grc' dir='ltr'><strong>τθθὲἓν</strong></span> <span class='ocrx_word' id='word_1_703' title='bbox 2369 4265 2573 4337; x_wconf 67' lang='lat' dir='ltr'><strong>ungulis</strong></span> <span class='ocrx_word' id='word_1_704' title='bbox 2603 4277 2700 4337; x_wconf 73' lang='lat' dir='ltr'><strong>pro</strong></span> <span class='ocrx_word' id='word_1_705' title='bbox 2719 4263 2993 4334; x_wconf 81' lang='lat' dir='ltr'><strong>unguibus.</strong></span> <span class='ocrx_word' id='word_1_706' title='bbox 3017 4263 3224 4337; x_wconf 79' lang='lat' dir='ltr'><strong>Ungula</strong></span> <span class='ocrx_word' id='word_1_707' title='bbox 3244 4263 3356 4337; x_wconf 77' lang='lat' dir='ltr'><strong>dici</strong></span> <span class='ocrx_word' id='word_1_708' title='bbox 3378 4264 3515 4316; x_wconf 86' lang='lat' dir='ltr'><strong>solet</strong></span> <span class='ocrx_word' id='word_1_709' title='bbox 3538 4263 3610 4316; x_wconf 90' lang='lat' dir='ltr'><strong>de</strong></span> <span class='ocrx_word' id='word_1_710' title='bbox 3632 4265 3763 4337; x_wconf 70' lang='lat' dir='ltr'><strong>ani-</strong></span> 
     </span>
    </p>
   </div>
   <div class='ocr_carea' id='block_1_111' title="bbox 2171 4332 3763 4406">
    <p class='ocr_par' dir='ltr' id='par_1_111' title="bbox 2171 4332 3763 4406">
     <span class='ocr_line' id='line_1_114' title="bbox 2171 4332 3763 4406; baseline 0.002 -20"><span class='ocrx_word' id='word_1_711' title='bbox 2171 4332 2807 4406; x_wconf 68' lang='lat' dir='ltr'><strong>malibus,qu:edigitos</strong></span> <span class='ocrx_word' id='word_1_712' title='bbox 2835 4349 2943 4406; x_wconf 92' lang='lat' dir='ltr'><strong>non</strong></span> <span class='ocrx_word' id='word_1_713' title='bbox 2985 4336 3202 4388; x_wconf 88' lang='lat' dir='ltr'><strong>habent.</strong></span> <span class='ocrx_word' id='word_1_714' title='bbox 3243 4334 3299 4387; x_wconf 93' lang='lat' dir='ltr'><strong>In</strong></span> <span class='ocrx_word' id='word_1_715' title='bbox 3340 4332 3500 4388; x_wconf 85' lang='lat' dir='ltr'><strong>lsone</strong></span> <span class='ocrx_word' id='word_1_716' title='bbox 3535 4335 3763 4400; x_wconf 72' lang='lat' dir='ltr'><strong>ungulis</strong></span> 
     </span>
    </p>
   </div>
   <div class='ocr_carea' id='block_1_112' title="bbox 2171 4400 2957 4461">
    <p class='ocr_par' dir='ltr' id='par_1_112' title="bbox 2171 4400 2957 4461">
     <span class='ocr_line' id='line_1_115' title="bbox 2171 4400 2957 4461; baseline 0.003 -5"><span class='ocrx_word' id='word_1_717' title='bbox 2171 4400 2400 4460; x_wconf 82' lang='lat' dir='ltr'><strong>fortasse</strong></span> <span class='ocrx_word' id='word_1_718' title='bbox 2427 4400 2511 4461; x_wconf 81' lang='lat' dir='ltr'><strong>est</strong></span> <span class='ocrx_word' id='word_1_719' title='bbox 2535 4400 2746 4460; x_wconf 72' lang='lat' dir='ltr'><strong>diversa</strong></span> <span class='ocrx_word' id='word_1_720' title='bbox 2777 4405 2957 4460; x_wconf 91' lang='lat' dir='ltr'><strong>lectio.</strong></span> 
     </span>
    </p>
   </div>
   <div class='ocr_carea' id='block_1_113' title="bbox 2241 4471 3760 4551">
    <p class='ocr_par' dir='ltr' id='par_1_113' title="bbox 2241 4471 3760 4551">
     <span class='ocr_line' id='line_1_116' title="bbox 2241 4471 3760 4551; baseline -0.001 -24"><span class='ocrx_word' id='word_1_721' title='bbox 2241 4472 2367 4530; x_wconf 67' lang='grc'><strong>246.</strong></span> <span class='ocrx_word' id='word_1_722' title='bbox 2393 4475 2448 4530; x_wconf 92' lang='lat' dir='ltr'><strong>ln</strong></span> <span class='ocrx_word' id='word_1_723' title='bbox 2479 4476 2655 4545; x_wconf 90' lang='lat' dir='ltr'><strong>glossa</strong></span> <span class='ocrx_word' id='word_1_724' title='bbox 2678 4472 3280 4551; x_wconf 67' lang='lat' dir='ltr'><strong>corrigendumvidetur</strong></span> <span class='ocrx_word' id='word_1_725' title='bbox 3299 4471 3494 4551; x_wconf 78' lang='lat' dir='ltr'><strong>corium</strong></span> <span class='ocrx_word' id='word_1_726' title='bbox 3517 4486 3618 4540; x_wconf 89' lang='lat' dir='ltr'><strong>pro</strong></span> <span class='ocrx_word' id='word_1_727' title='bbox 3639 4488 3760 4526; x_wconf 82' lang='lat' dir='ltr'><strong>sor-</strong></span> 
     </span>
    </p>
   </div>
   <div class='ocr_carea' id='block_1_114' title="bbox 2172 4545 3762 4615">
    <p class='ocr_par' dir='ltr' id='par_1_114' title="bbox 2172 4545 3762 4615">
     <span class='ocr_line' id='line_1_117' title="bbox 2172 4545 3762 4615; baseline 0.001 -19"><span class='ocrx_word' id='word_1_728' title='bbox 2172 4553 2280 4597; x_wconf 84' lang='lat' dir='ltr'><strong>tum</strong></span> <span class='ocrx_word' id='word_1_729' title='bbox 2302 4559 2321 4596; x_wconf 89' lang='lat'><strong><em>:</em></strong></span> <span class='ocrx_word' id='word_1_730' title='bbox 2347 4559 2468 4599; x_wconf 90' lang='lat' dir='ltr'><strong>nam</strong></span> <span class='ocrx_word' id='word_1_731' title='bbox 2502 4553 2719 4615; x_wconf 86' lang='lat' dir='ltr'><strong>etymon</strong></span> <span class='ocrx_word' id='word_1_732' title='bbox 2755 4546 2908 4600; x_wconf 87' lang='lat' dir='ltr'><strong>scorti</strong></span> <span class='ocrx_word' id='word_1_733' title='bbox 2936 4545 3162 4599; x_wconf 89' lang='lat' dir='ltr'><strong>trahitur</strong></span> <span class='ocrx_word' id='word_1_734' title='bbox 3194 4558 3224 4597; x_wconf 90' lang='lat' dir='ltr'><strong>a</strong></span> <span class='ocrx_word' id='word_1_735' title='bbox 3253 4545 3426 4608; x_wconf 87' lang='lat' dir='ltr'><strong>corio;</strong></span> <span class='ocrx_word' id='word_1_736' title='bbox 3444 4551 3499 4596; x_wconf 91' lang='lat' dir='ltr'><strong>et</strong></span> <span class='ocrx_word' id='word_1_737' title='bbox 3523 4553 3762 4598; x_wconf 71' lang='lat' dir='ltr'><strong>scortum</strong></span> 
     </span>
    </p>
   </div>
   <div class='ocr_carea' id='block_1_115' title="bbox 2173 4615 2950 4684">
    <p class='ocr_par' dir='ltr' id='par_1_115' title="bbox 2173 4615 2950 4684">
     <span class='ocr_line' id='line_1_118' title="bbox 2173 4615 2950 4684; baseline -0.004 -13"><span class='ocrx_word' id='word_1_738' title='bbox 2173 4615 2388 4684; x_wconf 75' lang='lat' dir='ltr'><strong>proprie</strong></span> <span class='ocrx_word' id='word_1_739' title='bbox 2410 4625 2492 4668; x_wconf 91' lang='lat' dir='ltr'><strong>est</strong></span> <span class='ocrx_word' id='word_1_740' title='bbox 2520 4615 2674 4683; x_wconf 90' lang='lat' dir='ltr'><strong>pellis</strong></span> <span class='ocrx_word' id='word_1_741' title='bbox 2697 4616 2950 4669; x_wconf 87' lang='lat' dir='ltr'><strong>crassior.</strong></span> 
     </span>
    </p>
   </div>
   <div class='ocr_carea' id='block_1_116' title="bbox 2239 4681 3765 4755">
    <p class='ocr_par' dir='ltr' id='par_1_116' title="bbox 2239 4681 3765 4755">
     <span class='ocr_line' id='line_1_119' title="bbox 2239 4681 3765 4755; baseline 0.001 -18"><span class='ocrx_word' id='word_1_742' title='bbox 2239 4683 2366 4739; x_wconf 66' lang='lat'><strong>253.</strong></span> <span class='ocrx_word' id='word_1_743' title='bbox 2401 4681 2615 4741; x_wconf 86' lang='lat' dir='ltr'><strong>Plautus</strong></span> <span class='ocrx_word' id='word_1_744' title='bbox 2640 4686 2837 4755; x_wconf 85' lang='lat' dir='ltr'><strong>Amph.</strong></span> <span class='ocrx_word' id='word_1_745' title='bbox 2873 4694 2978 4738; x_wconf 88' lang='lat' dir='ltr'><strong>act.</strong></span> <span class='ocrx_word' id='word_1_746' title='bbox 3004 4700 3074 4750; x_wconf 82' lang='lat' dir='ltr'><strong>tv,</strong></span> <span class='ocrx_word' id='word_1_747' title='bbox 3099 4698 3178 4755; x_wconf 88' lang='lat' dir='ltr'><strong>sc.</strong></span> <span class='ocrx_word' id='word_1_748' title='bbox 3201 4683 3270 4750; x_wconf 89' lang='grc'><strong>2,</strong></span> <span class='ocrx_word' id='word_1_749' title='bbox 3307 4695 3446 4739; x_wconf 80' lang='lat' dir='ltr'><strong>vers.</strong></span> <span class='ocrx_word' id='word_1_750' title='bbox 3473 4683 3577 4738; x_wconf 68' lang='lat'><strong>1‘2:</strong></span> <span class='ocrx_word' id='word_1_751' title='bbox 3614 4681 3765 4749; x_wconf 74' lang='lat' dir='ltr'><strong>Quia</strong></span> 
     </span>
    </p>
   </div>
   <div class='ocr_carea' id='block_1_117' title="bbox 502 4754 3226 4824">
    <p class='ocr_par' dir='ltr' id='par_1_117' title="bbox 502 4754 3226 4824">
     <span class='ocr_line' id='line_1_120' title="bbox 502 4754 3226 4824; baseline 0 -16"><span class='ocrx_word' id='word_1_752' title='bbox 502 4768 610 4808; x_wconf 90' lang='lat' dir='ltr'><strong>non</strong></span> <span class='ocrx_word' id='word_1_753' title='bbox 651 4756 957 4809; x_wconf 90' lang='lat' dir='ltr'><strong>contineant</strong></span> <span class='ocrx_word' id='word_1_754' title='bbox 981 4773 994 4807; x_wconf 85' lang='lat'><strong><em>:</em></strong></span> <span class='ocrx_word' id='word_1_755' title='bbox 1022 4771 1142 4824; x_wconf 72' lang='lat' dir='ltr'><strong>qua:</strong></span> <span class='ocrx_word' id='word_1_756' title='bbox 1188 4754 1364 4811; x_wconf 86' lang='lat' dir='ltr'><strong>omnia</strong></span> <span class='ocrx_word' id='word_1_757' title='bbox 1412 4759 1478 4810; x_wconf 91' lang='lat' dir='ltr'><strong>ad</strong></span> <span class='ocrx_word' id='word_1_758' title='bbox 1520 4754 1930 4810; x_wconf 87' lang='lat' dir='ltr'><strong>calumniatores</strong></span> <span class='ocrx_word' id='word_1_759' title='bbox 1960 4769 2063 4810; x_wconf 92' lang='lat' dir='ltr'><strong>non</strong></span> <span class='ocrx_word' id='word_1_760' title='bbox 2167 4763 2366 4808; x_wconf 85' lang='lat' dir='ltr'><strong>senecta</strong></span> <span class='ocrx_word' id='word_1_761' title='bbox 2391 4765 2539 4811; x_wconf 76' lang='lat' dir='ltr'><strong>celate</strong></span> <span class='ocrx_word' id='word_1_762' title='bbox 2564 4773 2595 4808; x_wconf 91' lang='lat' dir='ltr'><strong>a</strong></span> <span class='ocrx_word' id='word_1_763' title='bbox 2621 4771 2701 4810; x_wconf 88' lang='lat' dir='ltr'><strong>me</strong></span> <span class='ocrx_word' id='word_1_764' title='bbox 2727 4754 2987 4810; x_wconf 83' lang='lat' dir='ltr'><strong>mendicas</strong></span> <span class='ocrx_word' id='word_1_765' title='bbox 3014 4754 3226 4809; x_wconf 87' lang='lat' dir='ltr'><strong>malum.</strong></span> 
     </span>
    </p>
   </div>
   <div class='ocr_carea' id='block_1_118' title="bbox 503 4823 2067 4895">
    <p class='ocr_par' dir='ltr' id='par_1_118' title="bbox 503 4823 2067 4895">
     <span class='ocr_line' id='line_1_121' title="bbox 503 4823 2067 4895; baseline 0.001 -16"><span class='ocrx_word' id='word_1_766' title='bbox 503 4823 719 4894; x_wconf 91' lang='lat' dir='ltr'><strong>illepide</strong></span> <span class='ocrx_word' id='word_1_767' title='bbox 745 4825 863 4892; x_wconf 90' lang='lat' dir='ltr'><strong>quis</strong></span> <span class='ocrx_word' id='word_1_768' title='bbox 889 4825 1202 4879; x_wconf 85' lang='lat' dir='ltr'><strong>traduxerit.</strong></span> <span class='ocrx_word' id='word_1_769' title='bbox 1237 4826 1448 4880; x_wconf 86' lang='lat' dir='ltr'><strong>lnvidos</strong></span> <span class='ocrx_word' id='word_1_770' title='bbox 1469 4834 1726 4895; x_wconf 66' lang='lat' dir='ltr'><strong>praeterea</strong></span> <span class='ocrx_word' id='word_1_771' title='bbox 1755 4840 1878 4880; x_wconf 91' lang='lat' dir='ltr'><strong>cum</strong></span> <span class='ocrx_word' id='word_1_772' title='bbox 1921 4836 2067 4880; x_wconf 88' lang='lat' dir='ltr'><strong>stru-</strong></span> 
     </span>
    </p>
   </div>
   <div class='ocr_carea' id='block_1_119' title="bbox 502 4895 2064 4967">
    <p class='ocr_par' dir='ltr' id='par_1_119' title="bbox 502 4895 2064 4967">
     <span class='ocr_line' id='line_1_122' title="bbox 502 4895 2064 4967; baseline 0.002 -19"><span class='ocrx_word' id='word_1_773' title='bbox 502 4896 690 4967; x_wconf 83' lang='lat' dir='ltr'><strong>mosis,</strong></span> <span class='ocrx_word' id='word_1_774' title='bbox 721 4907 816 4967; x_wconf 80' lang='lat' dir='ltr'><strong>seu</strong></span> <span class='ocrx_word' id='word_1_775' title='bbox 851 4895 1198 4967; x_wconf 79' lang='grc' dir='ltr'><strong>χοιραδώδεσι</strong></span> <span class='ocrx_word' id='word_1_776' title='bbox 1222 4896 1460 4959; x_wconf 86' lang='lat' dir='ltr'><strong>confert,</strong></span> <span class='ocrx_word' id='word_1_777' title='bbox 1493 4911 1591 4950; x_wconf 90' lang='lat' dir='ltr'><strong>nec</strong></span> <span class='ocrx_word' id='word_1_778' title='bbox 1613 4899 1785 4960; x_wconf 88' lang='lat' dir='ltr'><strong>male,</strong></span> <span class='ocrx_word' id='word_1_779' title='bbox 1815 4897 2064 4965; x_wconf 79' lang='lat' dir='ltr'><strong>quoniam</strong></span> 
     </span>
    </p>
   </div>
   <div class='ocr_carea' id='block_1_120' title="bbox 501 4964 2060 5034">
    <p class='ocr_par' dir='ltr' id='par_1_120' title="bbox 501 4964 2060 5034">
     <span class='ocr_line' id='line_1_123' title="bbox 501 4964 2060 5034; baseline 0 -16"><span class='ocrx_word' id='word_1_780' title='bbox 501 4964 805 5033; x_wconf 74' lang='lat' dir='ltr'><strong>huiusmodi</strong></span> <span class='ocrx_word' id='word_1_781' title='bbox 847 4964 1018 5022; x_wconf 75' lang='lat' dir='ltr'><strong>morbi</strong></span> <span class='ocrx_word' id='word_1_782' title='bbox 1062 4979 1230 5034; x_wconf 85' lang='lat' dir='ltr'><strong>genus</strong></span> <span class='ocrx_word' id='word_1_783' title='bbox 1256 4967 1465 5034; x_wconf 89' lang='lat' dir='ltr'><strong>adipem</strong></span> <span class='ocrx_word' id='word_1_784' title='bbox 1494 4967 1640 5020; x_wconf 86' lang='lat' dir='ltr'><strong>earni</strong></span> <span class='ocrx_word' id='word_1_785' title='bbox 1669 4964 2027 5020; x_wconf 89' lang='lat' dir='ltr'><strong>circumsitam</strong></span> <span class='ocrx_word' id='word_1_786' title='bbox 2047 5009 2060 5027; x_wconf 83' lang='lat'><strong>,</strong></span> 
     </span>
    </p>
   </div>
   <div class='ocr_carea' id='block_1_121' title="bbox 501 5035 2067 5104">
    <p class='ocr_par' dir='ltr' id='par_1_121' title="bbox 501 5035 2067 5104">
     <span class='ocr_line' id='line_1_124' title="bbox 501 5035 2067 5104; baseline 0 -14"><span class='ocrx_word' id='word_1_787' title='bbox 501 5035 781 5104; x_wconf 80' lang='lat' dir='ltr'><strong>ipsamque</strong></span> <span class='ocrx_word' id='word_1_788' title='bbox 797 5037 930 5090; x_wconf 90' lang='lat' dir='ltr'><strong>adeo</strong></span> <span class='ocrx_word' id='word_1_789' title='bbox 954 5039 1117 5090; x_wconf 90' lang='lat' dir='ltr'><strong>cutim</strong></span> <span class='ocrx_word' id='word_1_790' title='bbox 1140 5037 1338 5103; x_wconf 84' lang='lat' dir='ltr'><strong>exedit,</strong></span> <span class='ocrx_word' id='word_1_791' title='bbox 1360 5037 1571 5090; x_wconf 89' lang='lat' dir='ltr'><strong>etulcus</strong></span> <span class='ocrx_word' id='word_1_792' title='bbox 1591 5037 1644 5090; x_wconf 91' lang='lat' dir='ltr'><strong>in</strong></span> <span class='ocrx_word' id='word_1_793' title='bbox 1670 5036 1787 5090; x_wconf 88' lang='lat' dir='ltr'><strong>dies</strong></span> <span class='ocrx_word' id='word_1_794' title='bbox 1803 5035 2067 5104; x_wconf 90' lang='lat' dir='ltr'><strong>serpendo</strong></span> 
     </span>
    </p>
   </div>
   <div class='ocr_carea' id='block_1_122' title="bbox 501 5106 2066 5175">
    <p class='ocr_par' dir='ltr' id='par_1_122' title="bbox 501 5106 2066 5175">
     <span class='ocr_line' id='line_1_125' title="bbox 501 5106 2066 5175; baseline -0.001 -15"><span class='ocrx_word' id='word_1_795' title='bbox 501 5106 725 5160; x_wconf 89' lang='lat' dir='ltr'><strong>ulterius</strong></span> <span class='ocrx_word' id='word_1_796' title='bbox 754 5107 931 5162; x_wconf 92' lang='lat' dir='ltr'><strong>reddit</strong></span> <span class='ocrx_word' id='word_1_797' title='bbox 951 5107 1252 5175; x_wconf 81' lang='lat' dir='ltr'><strong>malignius.</strong></span> <span class='ocrx_word' id='word_1_798' title='bbox 1282 5106 1559 5175; x_wconf 85' lang='lat' dir='ltr'><strong>Postremo</strong></span> <span class='ocrx_word' id='word_1_799' title='bbox 1583 5106 1892 5160; x_wconf 88' lang='lat' dir='ltr'><strong>idololatras</strong></span> <span class='ocrx_word' id='word_1_800' title='bbox 1919 5108 2066 5170; x_wconf 72' lang='lat' dir='ltr'><strong>regio</strong></span> 
     </span>
    </p>
   </div>
   <div class='ocr_carea' id='block_1_123' title="bbox 501 5174 2063 5242">
    <p class='ocr_par' dir='ltr' id='par_1_123' title="bbox 501 5174 2063 5242">
     <span class='ocr_line' id='line_1_126' title="bbox 501 5174 2063 5242; baseline -0.002 -10"><span class='ocrx_word' id='word_1_801' title='bbox 501 5175 691 5232; x_wconf 87' lang='lat' dir='ltr'><strong>morbo</strong></span> <span class='ocrx_word' id='word_1_802' title='bbox 737 5174 1098 5232; x_wconf 86' lang='lat' dir='ltr'><strong>laborantibus</strong></span> <span class='ocrx_word' id='word_1_803' title='bbox 1145 5191 1248 5229; x_wconf 90' lang='lat' dir='ltr'><strong>non</strong></span> <span class='ocrx_word' id='word_1_804' title='bbox 1298 5174 1583 5229; x_wconf 84' lang='lat' dir='ltr'><strong>dissimiles</strong></span> <span class='ocrx_word' id='word_1_805' title='bbox 1612 5190 1733 5230; x_wconf 82' lang='lat' dir='ltr'><strong>esse</strong></span> <span class='ocrx_word' id='word_1_806' title='bbox 1761 5175 1837 5228; x_wconf 88' lang='lat' dir='ltr'><strong>ait</strong></span> <span class='ocrx_word' id='word_1_807' title='bbox 1870 5193 1883 5228; x_wconf 75' lang='grc' dir='ltr'>ι</span> <span class='ocrx_word' id='word_1_808' title='bbox 1920 5176 2063 5242; x_wconf 88' lang='lat' dir='ltr'><strong>quod</strong></span> 
     </span>
    </p>
   </div>
   <div class='ocr_carea' id='block_1_124' title="bbox 502 5245 2065 5316">
    <p class='ocr_par' dir='ltr' id='par_1_124' title="bbox 502 5245 2065 5316">
     <span class='ocr_line' id='line_1_127' title="bbox 502 5245 2065 5316; baseline 0.001 -17"><span class='ocrx_word' id='word_1_809' title='bbox 502 5246 947 5316; x_wconf 88' lang='lat' dir='ltr'><strong>quemadmodum</strong></span> <span class='ocrx_word' id='word_1_810' title='bbox 969 5248 1076 5309; x_wconf 85' lang='lat' dir='ltr'><strong>isti,</strong></span> <span class='ocrx_word' id='word_1_811' title='bbox 1099 5253 1157 5300; x_wconf 90' lang='lat' dir='ltr'><strong>ut</strong></span> <span class='ocrx_word' id='word_1_812' title='bbox 1177 5245 1534 5316; x_wconf 86' lang='lat' dir='ltr'><strong>valetudinem</strong></span> <span class='ocrx_word' id='word_1_813' title='bbox 1560 5253 1897 5316; x_wconf 72' lang='lat' dir='ltr'><strong>recuperarit,</strong></span> <span class='ocrx_word' id='word_1_814' title='bbox 1915 5247 2065 5300; x_wconf 85' lang='lat' dir='ltr'><strong>lectis</strong></span> 
     </span>
    </p>
   </div>
   <div class='ocr_carea' id='block_1_125' title="bbox 502 5315 2065 5384">
    <p class='ocr_par' dir='ltr' id='par_1_125' title="bbox 502 5315 2065 5384">
     <span class='ocr_line' id='line_1_128' title="bbox 502 5315 2065 5384; baseline -0.001 -14"><span class='ocrx_word' id='word_1_815' title='bbox 502 5315 857 5384; x_wconf 87' lang='lat' dir='ltr'><strong>mollioribus,</strong></span> <span class='ocrx_word' id='word_1_816' title='bbox 887 5317 1049 5382; x_wconf 91' lang='lat' dir='ltr'><strong>ludis,</strong></span> <span class='ocrx_word' id='word_1_817' title='bbox 1070 5318 1391 5384; x_wconf 90' lang='lat' dir='ltr'><strong>lasciviaque</strong></span> <span class='ocrx_word' id='word_1_818' title='bbox 1417 5315 1705 5369; x_wconf 88' lang='lat' dir='ltr'><strong>demulceri</strong></span> <span class='ocrx_word' id='word_1_819' title='bbox 1736 5316 1769 5368; x_wconf 88' lang='lat' dir='ltr'><strong>d</strong></span> <span class='ocrx_word' id='word_1_820' title='bbox 1805 5315 1968 5369; x_wconf 87' lang='lat' dir='ltr'><strong>bent:</strong></span> <span class='ocrx_word' id='word_1_821' title='bbox 1994 5317 2065 5368; x_wconf 88' lang='lat' dir='ltr'><strong>ita</strong></span> 
     </span>
    </p>
   </div>
   <div class='ocr_carea' id='block_1_126' title="bbox 501 5384 2065 5454">
    <p class='ocr_par' dir='ltr' id='par_1_126' title="bbox 501 5384 2065 5454">
     <span class='ocr_line' id='line_1_129' title="bbox 501 5384 2065 5454; baseline -0.002 -12"><span class='ocrx_word' id='word_1_822' title='bbox 501 5387 741 5442; x_wconf 90' lang='lat' dir='ltr'><strong>infelices</strong></span> <span class='ocrx_word' id='word_1_823' title='bbox 769 5389 1070 5442; x_wconf 64' lang='lat' dir='ltr'><strong>daemonum</strong></span> <span class='ocrx_word' id='word_1_824' title='bbox 1093 5388 1348 5450; x_wconf 86' lang='lat' dir='ltr'><strong>cultores,</strong></span> <span class='ocrx_word' id='word_1_825' title='bbox 1369 5399 1488 5440; x_wconf 88' lang='lat' dir='ltr'><strong>cum</strong></span> <span class='ocrx_word' id='word_1_826' title='bbox 1511 5385 1699 5454; x_wconf 81' lang='lat' dir='ltr'><strong>religio</strong></span> <span class='ocrx_word' id='word_1_827' title='bbox 1725 5384 1789 5439; x_wconf 89' lang='lat' dir='ltr'><strong>iis</strong></span> <span class='ocrx_word' id='word_1_828' title='bbox 1816 5400 1911 5452; x_wconf 90' lang='lat' dir='ltr'><strong>pro</strong></span> <span class='ocrx_word' id='word_1_829' title='bbox 1939 5385 2065 5439; x_wconf 92' lang='lat' dir='ltr'><strong>ludo</strong></span> 
     </span>
    </p>
   </div>
   <div class='ocr_carea' id='block_1_127' title="bbox 501 5454 2064 5526">
    <p class='ocr_par' dir='ltr' id='par_1_127' title="bbox 501 5454 2064 5526">
     <span class='ocr_line' id='line_1_130' title="bbox 501 5454 2064 5526; baseline -0.002 -15"><span class='ocrx_word' id='word_1_830' title='bbox 501 5467 557 5511; x_wconf 91' lang='lat' dir='ltr'><strong>et</strong></span> <span class='ocrx_word' id='word_1_831' title='bbox 585 5459 728 5511; x_wconf 87' lang='lat' dir='ltr'><strong>inani</strong></span> <span class='ocrx_word' id='word_1_832' title='bbox 771 5459 1065 5526; x_wconf 68' lang='lat' dir='ltr'><strong>plebecula:</strong></span> <span class='ocrx_word' id='word_1_833' title='bbox 1094 5457 1528 5526; x_wconf 85' lang='lat' dir='ltr'><strong>terriculamento</strong></span> <span class='ocrx_word' id='word_1_834' title='bbox 1556 5454 1645 5526; x_wconf 84' lang='lat' dir='ltr'><strong>sit,</strong></span> <span class='ocrx_word' id='word_1_835' title='bbox 1675 5470 1745 5510; x_wconf 91' lang='lat' dir='ltr'><strong>ex</strong></span> <span class='ocrx_word' id='word_1_836' title='bbox 1787 5455 2064 5526; x_wconf 84' lang='lat' dir='ltr'><strong>impotenti</strong></span> 
     </span>
    </p>
   </div>
   <div class='ocr_carea' id='block_1_128' title="bbox 501 5524 2064 5594">
    <p class='ocr_par' dir='ltr' id='par_1_128' title="bbox 501 5524 2064 5594">
     <span class='ocr_line' id='line_1_131' title="bbox 501 5524 2064 5594; baseline 0 -15"><span class='ocrx_word' id='word_1_837' title='bbox 501 5526 616 5581; x_wconf 87' lang='lat' dir='ltr'><strong>fere</strong></span> <span class='ocrx_word' id='word_1_838' title='bbox 643 5524 885 5594; x_wconf 86' lang='lat' dir='ltr'><strong>mollitie,</strong></span> <span class='ocrx_word' id='word_1_839' title='bbox 912 5529 1216 5593; x_wconf 89' lang='lat' dir='ltr'><strong>insolentia,</strong></span> <span class='ocrx_word' id='word_1_840' title='bbox 1245 5537 1300 5583; x_wconf 92' lang='lat' dir='ltr'><strong>et</strong></span> <span class='ocrx_word' id='word_1_841' title='bbox 1327 5524 1677 5580; x_wconf 82' lang='lat' dir='ltr'><strong>dissolutione</strong></span> <span class='ocrx_word' id='word_1_842' title='bbox 1706 5539 1771 5578; x_wconf 91' lang='lat' dir='ltr'><strong>eo</strong></span> <span class='ocrx_word' id='word_1_843' title='bbox 1808 5525 2064 5580; x_wconf 63' lang='lat' dir='ltr'><strong>caecitatis</strong></span> 
     </span>
    </p>
   </div>
   <div class='ocr_carea' id='block_1_129' title="bbox 502 5595 2062 5680">
    <p class='ocr_par' dir='ltr' id='par_1_129' title="bbox 502 5595 2062 5680">
     <span class='ocr_line' id='line_1_132' title="bbox 502 5595 2062 5680; baseline -0.001 -30"><span class='ocrx_word' id='word_1_844' title='bbox 502 5596 1029 5680; x_wconf 64' lang='lat' dir='ltr'><strong>abripiantur._Rtt(l_e</strong></span> <span class='ocrx_word' id='word_1_845' title='bbox 1075 5609 1128 5652; x_wconf 90' lang='lat' dir='ltr'><strong>et</strong></span> <span class='ocrx_word' id='word_1_846' title='bbox 1145 5596 1565 5680; x_wconf 48' lang='lat' dir='ltr'><strong>_i_ncultum.quid</strong></span> <span class='ocrx_word' id='word_1_847' title='bbox 1596 5596 1658 5680; x_wconf 71' lang='lat' dir='ltr'><strong>iis</strong></span> <span class='ocrx_word' id='word_1_848' title='bbox 1685 5595 1862 5680; x_wconf 71' lang='lat' dir='ltr'><strong>_Deus</strong></span> <span class='ocrx_word' id='word_1_849' title='bbox 1880 5603 2062 5680; x_wconf 70' lang='lat' dir='ltr'><strong>sonat.</strong></span> 
     </span>
    </p>
   </div>
   <div class='ocr_carea' id='block_1_130' title="bbox 502 5665 2064 5730">
    <p class='ocr_par' dir='ltr' id='par_1_130' title="bbox 502 5665 2064 5730">
     <span class='ocr_line' id='line_1_133' title="bbox 502 5665 2064 5730; baseline -0.001 -10"><span class='ocrx_word' id='word_1_850' title='bbox 502 5668 584 5720; x_wconf 79' lang='lat' dir='ltr'><strong>Dii</strong></span> <span class='ocrx_word' id='word_1_851' title='bbox 614 5665 944 5721; x_wconf 87' lang='lat' dir='ltr'><strong>immortales</strong></span> <span class='ocrx_word' id='word_1_852' title='bbox 971 5668 1179 5723; x_wconf 86' lang='lat' dir='ltr'><strong>dicendi</strong></span> <span class='ocrx_word' id='word_1_853' title='bbox 1224 5676 1352 5722; x_wconf 91' lang='lat' dir='ltr'><strong>sunt</strong></span> <span class='ocrx_word' id='word_1_854' title='bbox 1388 5665 1470 5722; x_wconf 81' lang='lat' dir='ltr'><strong>eis</strong></span> <span class='ocrx_word' id='word_1_855' title='bbox 1497 5681 1590 5722; x_wconf 89' lang='lat' dir='ltr'><strong>sua</strong></span> <span class='ocrx_word' id='word_1_856' title='bbox 1629 5667 1766 5730; x_wconf 88' lang='lat' dir='ltr'><strong>fata,</strong></span> <span class='ocrx_word' id='word_1_857' title='bbox 1792 5665 1913 5721; x_wconf 76' lang='grc' dir='ltr'><strong>οωίί</strong></span> <span class='ocrx_word' id='word_1_858' title='bbox 1942 5681 2064 5719; x_wconf 86' lang='lat' dir='ltr'><strong>cur-</strong></span> 
     </span>
    </p>
   </div>
   <div class='ocr_carea' id='block_1_131' title="bbox 502 5734 2065 5808">
    <p class='ocr_par' dir='ltr' id='par_1_131' title="bbox 502 5734 2065 5808">
     <span class='ocr_line' id='line_1_134' title="bbox 502 5734 2065 5808; baseline -0.001 -17"><span class='ocrx_word' id='word_1_859' title='bbox 502 5750 616 5800; x_wconf 85' lang='lat' dir='ltr'><strong>sus,</strong></span> <span class='ocrx_word' id='word_1_860' title='bbox 662 5734 978 5802; x_wconf 79' lang='lat' dir='ltr'><strong>orbiumque</strong></span> <span class='ocrx_word' id='word_1_861' title='bbox 1021 5739 1314 5793; x_wconf 61' lang='lat' dir='ltr'><strong>caelestium</strong></span> <span class='ocrx_word' id='word_1_862' title='bbox 1352 5739 1537 5806; x_wconf 83' lang='lat' dir='ltr'><strong>genios</strong></span> <span class='ocrx_word' id='word_1_863' title='bbox 1579 5739 1867 5808; x_wconf 81' lang='lat' dir='ltr'><strong>alﬁnguut,</strong></span> <span class='ocrx_word' id='word_1_864' title='bbox 1907 5736 2065 5808; x_wconf 88' lang='lat' dir='ltr'><strong>idque</strong></span> 
     </span>
    </p>
   </div>
   <div class='ocr_carea' id='block_1_132' title="bbox 2206 4819 3766 4908">
    <p class='ocr_par' dir='ltr' id='par_1_132' title="bbox 2206 4819 3766 4908">
     <span class='ocr_line' id='line_1_135' title="bbox 2206 4819 3766 4908; baseline -0.003 -28"><span class='ocrx_word' id='word_1_865' title='bbox 2206 4824 2368 4908; x_wconf 38' lang='lat' dir='ltr'><strong>L249.</strong></span> <span class='ocrx_word' id='word_1_866' title='bbox 2394 4825 2620 4908; x_wconf 39' lang='lat' dir='ltr'><strong>alidum,</strong></span> <span class='ocrx_word' id='word_1_867' title='bbox 2644 4827 2836 4908; x_wconf 81' lang='lat' dir='ltr'><strong>Bong._,</strong></span> <span class='ocrx_word' id='word_1_868' title='bbox 2861 4824 3031 4908; x_wconf 54' lang='grc' dir='ltr'><strong>βίαι..</strong></span> <span class='ocrx_word' id='word_1_869' title='bbox 3055 4824 3213 4908; x_wconf 45' lang='grc' dir='ltr'><strong>ἕως,</strong></span> <span class='ocrx_word' id='word_1_870' title='bbox 3235 4823 3366 4908; x_wconf 77' lang='lat' dir='ltr'><strong>Vat.</strong></span> <span class='ocrx_word' id='word_1_871' title='bbox 3382 4823 3444 4908; x_wconf 60' lang='lat' dir='ltr'><strong>li,</strong></span> <span class='ocrx_word' id='word_1_872' title='bbox 3465 4819 3766 4908; x_wconf 31' lang='lat' dir='ltr'><strong>Batauoru-</strong></span> 
     </span>
    </p>
   </div>
   <div class='ocr_carea' id='block_1_133' title="bbox 2168 4891 3766 4966">
    <p class='ocr_par' dir='ltr' id='par_1_133' title="bbox 2168 4891 3766 4966">
     <span class='ocr_line' id='line_1_136' title="bbox 2168 4891 3766 4966; baseline -0.002 -18"><span class='ocrx_word' id='word_1_873' title='bbox 2168 4895 2356 4966; x_wconf 78' lang='lat' dir='ltr'><strong>bitum,</strong></span> <span class='ocrx_word' id='word_1_874' title='bbox 2389 4895 2659 4965; x_wconf 76' lang='lat' dir='ltr'><strong>Sitimque,</strong></span> <span class='ocrx_word' id='word_1_875' title='bbox 2691 4891 2833 4966; x_wconf 76' lang='lat' dir='ltr'><strong>quod</strong></span> <span class='ocrx_word' id='word_1_876' title='bbox 2864 4896 3032 4966; x_wconf 88' lang='lat' dir='ltr'><strong>tenuit</strong></span> <span class='ocrx_word' id='word_1_877' title='bbox 3055 4891 3542 4966; x_wconf 13' lang='lat' dir='ltr'><strong>Tegolius,__quia‘ab</strong></span> <span class='ocrx_word' id='word_1_878' title='bbox 3584 4891 3766 4966; x_wconf 68' lang='lat' dir='ltr'><strong>Hein-</strong></span> 
     </span>
    </p>
   </div>
   <div class='ocr_carea' id='block_1_134' title="bbox 2168 4960 3768 5033">
    <p class='ocr_par' dir='ltr' id='par_1_134' title="bbox 2168 4960 3768 5033">
     <span class='ocr_line' id='line_1_137' title="bbox 2168 4960 3768 5033; baseline 0.001 -15"><span class='ocrx_word' id='word_1_879' title='bbox 2168 4965 2251 5020; x_wconf 89' lang='lat' dir='ltr'><strong>sio</strong></span> <span class='ocrx_word' id='word_1_880' title='bbox 2297 4960 2411 5021; x_wconf 63' lang='lat' dir='ltr'><strong>hiec</strong></span> <span class='ocrx_word' id='word_1_881' title='bbox 2457 4960 2616 5021; x_wconf 82' lang='lat' dir='ltr'><strong>lectio</strong></span> <span class='ocrx_word' id='word_1_882' title='bbox 2648 4960 3083 5021; x_wconf 78' lang='lat' dir='ltr'><strong>commendatur.</strong></span> <span class='ocrx_word' id='word_1_883' title='bbox 3125 4964 3246 5033; x_wconf 85' lang='lat' dir='ltr'><strong>Ipse</strong></span> <span class='ocrx_word' id='word_1_884' title='bbox 3277 4960 3545 5033; x_wconf 74' lang='lat' dir='ltr'><strong>Heinsius</strong></span> <span class='ocrx_word' id='word_1_885' title='bbox 3579 4960 3768 5019; x_wconf 87' lang='lat' dir='ltr'><strong>edidit</strong></span> 
     </span>
    </p>
   </div>
   <div class='ocr_carea' id='block_1_135' title="bbox 2167 5031 3762 5103">
    <p class='ocr_par' dir='ltr' id='par_1_135' title="bbox 2167 5031 3762 5103">
     <span class='ocr_line' id='line_1_138' title="bbox 2167 5031 3762 5103; baseline 0.003 -19"><span class='ocrx_word' id='word_1_886' title='bbox 2167 5035 2394 5103; x_wconf 82' lang='lat' dir='ltr'><strong>ambitu,</strong></span> <span class='ocrx_word' id='word_1_887' title='bbox 2426 5036 2706 5103; x_wconf 80' lang='lat' dir='ltr'><strong>Sitimqtte,</strong></span> <span class='ocrx_word' id='word_1_888' title='bbox 2744 5045 2805 5090; x_wconf 93' lang='lat' dir='ltr'><strong>ut</strong></span> <span class='ocrx_word' id='word_1_889' title='bbox 2846 5043 3023 5090; x_wconf 86' lang='lat' dir='ltr'><strong>exstat</strong></span> <span class='ocrx_word' id='word_1_890' title='bbox 3049 5035 3102 5089; x_wconf 92' lang='lat' dir='ltr'><strong>in</strong></span> <span class='ocrx_word' id='word_1_891' title='bbox 3143 5031 3266 5089; x_wconf 71' lang='lat' dir='ltr'><strong>Ald.</strong></span> <span class='ocrx_word' id='word_1_892' title='bbox 3303 5042 3359 5089; x_wconf 91' lang='lat' dir='ltr'><strong>et</strong></span> <span class='ocrx_word' id='word_1_893' title='bbox 3395 5031 3582 5086; x_wconf 84' lang='lat' dir='ltr'><strong>multis</strong></span> <span class='ocrx_word' id='word_1_894' title='bbox 3612 5049 3762 5089; x_wconf 85' lang='lat' dir='ltr'><strong>mss.</strong></span> 
     </span>
    </p>
   </div>
   <div class='ocr_carea' id='block_1_136' title="bbox 2169 5102 3765 5162">
    <p class='ocr_par' dir='ltr' id='par_1_136' title="bbox 2169 5102 3765 5162">
     <span class='ocr_line' id='line_1_139' title="bbox 2169 5102 3765 5162; baseline 0.001 -5"><span class='ocrx_word' id='word_1_895' title='bbox 2169 5102 2390 5161; x_wconf 77' lang='lat' dir='ltr'><strong>Miratur</strong></span> <span class='ocrx_word' id='word_1_896' title='bbox 2429 5107 2647 5162; x_wconf 87' lang='lat' dir='ltr'><strong>Teolius</strong></span> <span class='ocrx_word' id='word_1_897' title='bbox 2691 5105 3110 5162; x_wconf 87' lang='lat' dir='ltr'><strong>Chamillardum</strong></span> <span class='ocrx_word' id='word_1_898' title='bbox 3153 5104 3329 5158; x_wconf 90' lang='lat' dir='ltr'><strong>adhuc</strong></span> <span class='ocrx_word' id='word_1_899' title='bbox 3377 5104 3577 5158; x_wconf 87' lang='lat' dir='ltr'><strong>habere</strong></span> <span class='ocrx_word' id='word_1_900' title='bbox 3622 5117 3765 5158; x_wconf 83' lang='lat' dir='ltr'><strong>cum</strong></span> 
     </span>
    </p>
   </div>
   <div class='ocr_carea' id='block_1_137' title="bbox 2167 5172 3766 5245">
    <p class='ocr_par' dir='ltr' id='par_1_137' title="bbox 2167 5172 3766 5245">
     <span class='ocr_line' id='line_1_140' title="bbox 2167 5172 3766 5245; baseline 0.001 -18"><span class='ocrx_word' id='word_1_901' title='bbox 2167 5184 2298 5245; x_wconf 74' lang='lat' dir='ltr'><strong>vett.</strong></span> <span class='ocrx_word' id='word_1_902' title='bbox 2337 5177 2459 5232; x_wconf 90' lang='lat' dir='ltr'><strong>edd.</strong></span> <span class='ocrx_word' id='word_1_903' title='bbox 2492 5178 2716 5241; x_wconf 85' lang='lat' dir='ltr'><strong>ambitu,</strong></span> <span class='ocrx_word' id='word_1_904' title='bbox 2749 5176 2968 5245; x_wconf 79' lang='lat' dir='ltr'><strong>Sitique.</strong></span> <span class='ocrx_word' id='word_1_905' title='bbox 3013 5174 3084 5230; x_wconf 82' lang='lat' dir='ltr'><strong>At</strong></span> <span class='ocrx_word' id='word_1_906' title='bbox 3120 5175 3174 5229; x_wconf 89' lang='lat' dir='ltr'><strong>in</strong></span> <span class='ocrx_word' id='word_1_907' title='bbox 3199 5172 3563 5245; x_wconf 84' lang='lat' dir='ltr'><strong>Cbamillardo</strong></span> <span class='ocrx_word' id='word_1_908' title='bbox 3605 5173 3766 5228; x_wconf 85' lang='lat' dir='ltr'><strong>idem</strong></span> 
     </span>
    </p>
   </div>
   <div class='ocr_carea' id='block_1_138' title="bbox 2166 5242 3767 5315">
    <p class='ocr_par' dir='ltr' id='par_1_138' title="bbox 2166 5242 3767 5315">
     <span class='ocr_line' id='line_1_141' title="bbox 2166 5242 3767 5315; baseline -0.002 -16"><span class='ocrx_word' id='word_1_909' title='bbox 2166 5243 2286 5315; x_wconf 81' lang='lat' dir='ltr'><strong>lego</strong></span> <span class='ocrx_word' id='word_1_910' title='bbox 2332 5247 2472 5315; x_wconf 91' lang='lat' dir='ltr'><strong>quod</strong></span> <span class='ocrx_word' id='word_1_911' title='bbox 2520 5248 2572 5301; x_wconf 93' lang='lat' dir='ltr'><strong>in</strong></span> <span class='ocrx_word' id='word_1_912' title='bbox 2616 5242 3110 5311; x_wconf 53' lang='lat' dir='ltr'><strong>l-leinsio,&#39;ambitu,</strong></span> <span class='ocrx_word' id='word_1_913' title='bbox 3151 5245 3412 5314; x_wconf 84' lang='lat' dir='ltr'><strong>sitimque,</strong></span> <span class='ocrx_word' id='word_1_914' title='bbox 3457 5242 3562 5297; x_wconf 87' lang='lat' dir='ltr'><strong>nisi</strong></span> <span class='ocrx_word' id='word_1_915' title='bbox 3590 5245 3767 5315; x_wconf 63' lang='lat' dir='ltr'><strong>quod</strong></span> 
     </span>
    </p>
   </div>
   <div class='ocr_carea' id='block_1_139' title="bbox 2168 5312 3768 5384">
    <p class='ocr_par' dir='ltr' id='par_1_139' title="bbox 2168 5312 3768 5384">
     <span class='ocr_line' id='line_1_142' title="bbox 2168 5312 3768 5384; baseline -0.001 -16"><span class='ocrx_word' id='word_1_916' title='bbox 2168 5312 2419 5370; x_wconf 81' lang='lat' dir='ltr'><strong>Heinsius</strong></span> <span class='ocrx_word' id='word_1_917' title='bbox 2443 5316 2630 5371; x_wconf 88' lang='lat' dir='ltr'><strong>scribit</strong></span> <span class='ocrx_word' id='word_1_918' title='bbox 2653 5318 2797 5370; x_wconf 84' lang='lat' dir='ltr'><strong>sitem</strong></span> <span class='ocrx_word' id='word_1_919' title='bbox 2833 5331 2956 5369; x_wconf 92' lang='lat' dir='ltr'><strong>cum</strong></span> <span class='ocrx_word' id='word_1_920' title='bbox 2987 5317 3136 5384; x_wconf 81' lang='lat' dir='ltr'><strong>Egm.</strong></span> <span class='ocrx_word' id='word_1_921' title='bbox 3171 5312 3466 5369; x_wconf 84' lang='lat' dir='ltr'><strong>Becmanus</strong></span> <span class='ocrx_word' id='word_1_922' title='bbox 3492 5312 3665 5384; x_wconf 81' lang='lat' dir='ltr'><strong>verbo</strong></span> <span class='ocrx_word' id='word_1_923' title='bbox 3702 5330 3768 5366; x_wconf 75' lang='lat' dir='ltr'><strong>eo</strong></span> 
     </span>
    </p>
   </div>
   <div class='ocr_carea' id='block_1_140' title="bbox 2167 5382 3767 5455">
    <p class='ocr_par' dir='ltr' id='par_1_140' title="bbox 2167 5382 3767 5455">
     <span class='ocr_line' id='line_1_143' title="bbox 2167 5382 3767 5455; baseline 0 -17"><span class='ocrx_word' id='word_1_924' title='bbox 2167 5385 2386 5455; x_wconf 15' lang='lat' dir='ltr'><strong>exAPal.</strong></span> <span class='ocrx_word' id='word_1_925' title='bbox 2417 5399 2520 5440; x_wconf 87' lang='lat' dir='ltr'><strong>ms.</strong></span> <span class='ocrx_word' id='word_1_926' title='bbox 2557 5386 2686 5455; x_wconf 86' lang='lat' dir='ltr'><strong>legit</strong></span> <span class='ocrx_word' id='word_1_927' title='bbox 2713 5386 2941 5451; x_wconf 85' lang='lat' dir='ltr'><strong>ambitu,</strong></span> <span class='ocrx_word' id='word_1_928' title='bbox 2970 5382 3380 5455; x_wconf 54' lang='lat' dir='ltr'><strong>et&#39;mendosum</strong></span> <span class='ocrx_word' id='word_1_929' title='bbox 3416 5382 3669 5455; x_wconf 74' lang='lat' dir='ltr'><strong>ambitum</strong></span> <span class='ocrx_word' id='word_1_930' title='bbox 3703 5384 3767 5438; x_wconf 84' lang='lat' dir='ltr'><strong>ist</strong></span> 
     </span>
    </p>
   </div>
   <div class='ocr_carea' id='block_1_141' title="bbox 2169 5453 3767 5524">
    <p class='ocr_par' dir='ltr' id='par_1_141' title="bbox 2169 5453 3767 5524">
     <span class='ocr_line' id='line_1_144' title="bbox 2169 5453 3767 5524; baseline 0.001 -17"><span class='ocrx_word' id='word_1_931' title='bbox 2169 5453 2288 5508; x_wconf 88' lang='lat' dir='ltr'><strong>aliis</strong></span> <span class='ocrx_word' id='word_1_932' title='bbox 2327 5468 2446 5510; x_wconf 87' lang='lat' dir='ltr'><strong>esse</strong></span> <span class='ocrx_word' id='word_1_933' title='bbox 2473 5453 2643 5522; x_wconf 64' lang='lat' dir='ltr'><strong>putat.</strong></span> <span class='ocrx_word' id='word_1_934' title='bbox 2682 5455 2841 5511; x_wconf 80' lang='lat' dir='ltr'><strong>Notat</strong></span> <span class='ocrx_word' id='word_1_935' title='bbox 2864 5469 2995 5511; x_wconf 81' lang='lat' dir='ltr'><strong>vero</strong></span> <span class='ocrx_word' id='word_1_936' title='bbox 3033 5453 3294 5508; x_wconf 90' lang='lat' dir='ltr'><strong>ambitum</strong></span> <span class='ocrx_word' id='word_1_937' title='bbox 3324 5469 3422 5524; x_wconf 88' lang='lat' dir='ltr'><strong>pro</strong></span> <span class='ocrx_word' id='word_1_938' title='bbox 3454 5453 3767 5509; x_wconf 79' lang='lat' dir='ltr'><strong>ambitione</strong></span> 
     </span>
    </p>
   </div>
   <div class='ocr_carea' id='block_1_142' title="bbox 2167 5524 3768 5593">
    <p class='ocr_par' dir='ltr' id='par_1_142' title="bbox 2167 5524 3768 5593">
     <span class='ocr_line' id='line_1_145' title="bbox 2167 5524 3768 5593; baseline 0.001 -16"><span class='ocrx_word' id='word_1_939' title='bbox 2167 5525 2315 5591; x_wconf 88' lang='lat' dir='ltr'><strong>poni.</strong></span> <span class='ocrx_word' id='word_1_940' title='bbox 2352 5525 2425 5578; x_wconf 91' lang='lat' dir='ltr'><strong>De</strong></span> <span class='ocrx_word' id='word_1_941' title='bbox 2453 5525 2552 5579; x_wconf 88' lang='lat' dir='ltr'><strong>hac</strong></span> <span class='ocrx_word' id='word_1_942' title='bbox 2580 5526 2760 5593; x_wconf 89' lang='lat' dir='ltr'><strong>phrasi</strong></span> <span class='ocrx_word' id='word_1_943' title='bbox 2789 5537 3004 5580; x_wconf 72' lang='lat' dir='ltr'><strong>(estuare</strong></span> <span class='ocrx_word' id='word_1_944' title='bbox 3032 5525 3171 5578; x_wconf 84' lang='lat' dir='ltr'><strong>sitim</strong></span> <span class='ocrx_word' id='word_1_945' title='bbox 3212 5524 3336 5580; x_wconf 89' lang='lat' dir='ltr'><strong>vide</strong></span> <span class='ocrx_word' id='word_1_946' title='bbox 3361 5531 3658 5579; x_wconf 89' lang='lat' dir='ltr'><strong>comment.</strong></span> <span class='ocrx_word' id='word_1_947' title='bbox 3686 5524 3768 5578; x_wconf 84' lang='lat' dir='ltr'><strong>ad</strong></span> 
     </span>
    </p>
   </div>
   <div class='ocr_carea' id='block_1_143' title="bbox 2167 5594 3193 5665">
    <p class='ocr_par' dir='ltr' id='par_1_143' title="bbox 2167 5594 3193 5665">
     <span class='ocr_line' id='line_1_146' title="bbox 2167 5594 3193 5665; baseline 0.001 -18"><span class='ocrx_word' id='word_1_948' title='bbox 2167 5608 2312 5649; x_wconf 88' lang='lat' dir='ltr'><strong>vers.</strong></span> <span class='ocrx_word' id='word_1_949' title='bbox 2335 5594 2388 5659; x_wconf 88' lang='lat'><strong>9,</strong></span> <span class='ocrx_word' id='word_1_950' title='bbox 2417 5595 2509 5650; x_wconf 89' lang='lat' dir='ltr'><strong>lib.</strong></span> <span class='ocrx_word' id='word_1_951' title='bbox 2535 5611 2549 5649; x_wconf 86' lang='grc' dir='ltr'>ι</span> <span class='ocrx_word' id='word_1_952' title='bbox 2575 5607 2760 5650; x_wconf 90' lang='lat' dir='ltr'><strong>contra</strong></span> <span class='ocrx_word' id='word_1_953' title='bbox 2790 5596 3193 5665; x_wconf 85' lang='lat' dir='ltr'><strong>Symmachum.</strong></span> 
     </span>
    </p>
   </div>
   <div class='ocr_carea' id='block_1_144' title="bbox 2240 5662 3767 5730">
    <p class='ocr_par' dir='ltr' id='par_1_144' title="bbox 2240 5662 3767 5730">
     <span class='ocr_line' id='line_1_147' title="bbox 2240 5662 3767 5730; baseline 0.005 -13"><span class='ocrx_word' id='word_1_954' title='bbox 2240 5665 2367 5720; x_wconf 78' lang='grc'><strong>250.</strong></span> <span class='ocrx_word' id='word_1_955' title='bbox 2401 5665 2711 5721; x_wconf 87' lang='lat' dir='ltr'><strong>Parrhasius</strong></span> <span class='ocrx_word' id='word_1_956' title='bbox 2732 5662 2854 5721; x_wconf 82' lang='lat' dir='ltr'><strong>cum</strong></span> <span class='ocrx_word' id='word_1_957' title='bbox 2877 5667 2996 5721; x_wconf 90' lang='lat' dir='ltr'><strong>aliis</strong></span> <span class='ocrx_word' id='word_1_958' title='bbox 3022 5674 3152 5719; x_wconf 87' lang='lat' dir='ltr'><strong>vett.</strong></span> <span class='ocrx_word' id='word_1_959' title='bbox 3175 5663 3323 5730; x_wconf 88' lang='lat' dir='ltr'><strong>edd.,</strong></span> <span class='ocrx_word' id='word_1_960' title='bbox 3348 5672 3407 5720; x_wconf 89' lang='lat' dir='ltr'><strong>ut</strong></span> <span class='ocrx_word' id='word_1_961' title='bbox 3429 5662 3634 5719; x_wconf 84' lang='lat' dir='ltr'><strong>dictum</strong></span> <span class='ocrx_word' id='word_1_962' title='bbox 3667 5673 3767 5724; x_wconf 64' lang='lat' dir='ltr'><strong>es!</strong></span> 
     </span>
    </p>
   </div>
   <div class='ocr_carea' id='block_1_145' title="bbox 2171 5736 3127 5810">
    <p class='ocr_par' dir='ltr' id='par_1_145' title="bbox 2171 5736 3127 5810">
     <span class='ocr_line' id='line_1_148' title="bbox 2171 5736 3127 5810; baseline -0.001 -20"><span class='ocrx_word' id='word_1_963' title='bbox 2171 5749 2313 5792; x_wconf 86' lang='lat' dir='ltr'><strong>vers.</strong></span> <span class='ocrx_word' id='word_1_964' title='bbox 2337 5750 2483 5806; x_wconf 85' lang='lat' dir='ltr'><strong>sup.,</strong></span> <span class='ocrx_word' id='word_1_965' title='bbox 2507 5737 2633 5810; x_wconf 83' lang='lat' dir='ltr'><strong>legit</strong></span> <span class='ocrx_word' id='word_1_966' title='bbox 2655 5737 2847 5791; x_wconf 83' lang='lat' dir='ltr'><strong>ambitu</strong></span> <span class='ocrx_word' id='word_1_967' title='bbox 2867 5778 2881 5804; x_wconf 94' lang='lat'><strong>,</strong></span> <span class='ocrx_word' id='word_1_968' title='bbox 2907 5736 3127 5806; x_wconf 81' lang='lat' dir='ltr'><strong>Sitique.</strong></span> 
     </span>
    </p>
   </div>
  </div>
