4052 6184
258 350 358 411 515

460 462 718 518 llersisne
744 462 956 517 anhelat
988 460 1243 523 febribus,

462 556 636 621 Atque
663 553 786 622 igne
811 566 1067 606 venarum
1099 549 1259 605 furit?

393 642 643 710 Quisquis
670 641 881 695 tacendi
911 641 1274 708 intemperans

463 732 676 788 Sileuda
708 731 881 800 prurit
910 731 1163 801 prodere,

255 825 357 881 255
461 823 732 890 Vexatur,
760 831 815 876 et
841 822 1029 889 scalpit
1052 821 1226 889 jecur,

468 914 823 979 Scabiemque
843 911 1021 965 cordis
1048 909 1295 964 sustinet.

392 1004 529 1070 Quid
557 1001 854 1055 invidorum
885 1008 1157 1069 pectorum

460 1096 703 1150 Strumas
729 1100 965 1147 retexam
993 1089 1261 1159 turgidae?

464 1186 599 1252 Quid
630 1183 909 1252 purulenta
939 1190 991 1236 et
1020 1181 1176 1235 livida

257 1278 359 1332 260
467 1275 851 1343 Malignitatum
873 1271 1125 1326 vulnera?

397 1368 532 1421 Tute
558 1367 691 1434 ipse,
715 1365 802 1433 qui
834 1364 1058 1417 Romam
1086 1361 1246 1431 regis,

465 1458 815 1522 Contemptor
852 1453 1035 1509 teterni
1066 1452 1190 1518 Dei,

467 1548 600 1601 Dum
627 1546 927 1600 dtumonum
950 1542 1136 1597 sordes
1160 1540 1240 1594 col
1265 1554 1312 1603 s,

474 1638 655 1692 Morbo
685 1636 893 1689 laboras
923 1633 1090 1702 regio.

260 1732 361 1787 265
402 1730 465 1784 lli
482 1772 497 1794 ,
525 1743 658 1798 quos
680 1726 942 1793 superbus
967 1724 1216 1793 despicis,

463 1822 623 1891 911
652 1820 795 1885 Quos
815 1816 1166 1871 exsecrandos
1190 1813 1420 1884 judicas,

468 1914 616 1965 Brevi
647 1911 922 1965 ulcerosos
953 1917 1147 1961 exuent

475 2006 653 2065 Artus,
686 2008 741 2053 et
770 1998 1065 2053 incolumes
1085 2007 1241 2052 erunt
1267 2015 1278 2026 -

394 2094 527 2148 Cum
555 2107 715 2145 carne
739 2090 1137 2157 corruptissima

263 2180 359 2236 270
469 2177 701 2231 Tandem
728 2176 887 2230 SttIuIi
915 2190 978 2227 ac
1004 2174 1184 2237 liberi,

483 2269 849 2323 Pulcberrimo
877 2266 999 2320 vita:
1022 2275 1162 2319 statu

465 2360 520 2414 In
552 2373 678 2413 arce
704 2358 955 2413 lucebunt
980 2355 1153 2410 Patris
1181 2371 1198 2409 :

1396 337 1957 400 PERIS’I’EPIIANON
1998 337 2211 394 IIYMN.
2251 338 2315 393 II.

1853 456 1899 513 A

1858 1820 1905 1878 Β

3400 336 3507 400 511

2070 448 2184 504 Non
2212 447 2502 516 sordidati,
2541 457 2631 504 aut
2657 448 2885 518 debiles,

2149 540 2299 595 Sicut
2326 539 2573 595 videntur
2603 542 2848 607 interim;

1929 631 2038 687 275
2143 630 2248 687 Sed
2280 634 2694 702 purpurantibus
2720 634 2874 689 stolis

2148 720 2291 776 Clari
2310 763 2326 787 ,
2356 733 2413 777 et
2436 723 2651 777 coronis
2678 724 2875 778 aureis.

2073 810 2207 865 Tum
2239 812 2285 866 si
2315 811 2539 866 facultas
2566 821 2851 881 suppetat,

2144 901 2338 956 Coram
2361 902 2465 956 tuis
2489 903 2759 959 obtutibus

2143 991 2274 1047 Istos
2300 1000 2541 1061 potentes
2565 993 2748 1048 saeculi

1929 1083 2035 1139 280
2144 1083 2313 1138 Velim
2346 1084 2703 1139 recensendos
2728 1084 2865 1139 dari.

2074 1174 2271 1230 Pannis
2299 1176 2509 1231 videres
2538 1177 2766 1240 obsitos,

2147 1265 2212 1318 Et
2242 1266 2593 1321 mucculentis
2622 1268 2860 1333 naribus,

2142 1357 2376 1410 Mentum
2407 1359 2587 1412 salivis
2614 1358 2826 1413 uvidum
2849 1400 2863 1423 ,

2148 1448 2449 1519 Lipposque
2478 1452 2728 1520 palpebra
2760 1454 2922 1522 putri.

1930 1538 2035 1595 285
2081 1537 2341 1594 Peccante
2370 1542 2439 1595 nil
2467 1550 2547 1597 est
2578 1544 2794 1604 tetrius,

2145 1630 2311 1700 912
2337 1630 2423 1685 Nil
2454 1641 2559 1685 tam
2592 1633 2860 1701 leprosum
2886 1643 2978 1688 aut
3004 1636 3269 1704 putridttm
3294 1652 3313 1693 :

2139 1716 2315 1772 Cruda
2343 1729 2427 1774 est
2454 1721 2673 1775 cicatrix
2705 1722 3019 1787 criminum,

2142 1808 2369 1878 Oletque
2396 1822 2453 1864 ut
2480 1822 2693 1866 antrum
2728 1813 2932 1867 tartari.

2072 1901 2364 1957 Animabus
2394 1902 2601 1957 inversa
2632 1905 2748 1958 vice

1926 1988 2032 2046 290
2138 1991 2401 2060 Corrupta
2437 1992 2606 2046 forma
2635 1993 2912 2063 inﬂigitur,

2145 2083 2287 2151 Quas
2319 2084 2541 2152 pulcher
2570 2093 2818 2152 aspectus
2850 2086 2997 2154 prius

2149 2174 2205 2230 In
2236 2190 2466 2245 corpore
2494 2177 2879 2232 oblectaverat.

2074 2264 2156 2321 En
2187 2281 2317 2335 ergo
2344 2282 2594 2321 nummos
2620 2282 2837 2332 aureos,

2149 2358 2294 2425 Quos
2322 2361 2563 2429 proxime
2584 2360 2975 2429 spoponderam
2991 2401 3006 2425 ,

1553 2486 1838 2543 GLOSSA‘Z
1882 2491 2217 2551 VETERES.

321 2625 451 2683 251.
485 2624 689 2685 Met-sis,
714 2622 941 2683 occultis,
970 2621 1021 2673 in
1040 2630 1260 2693 umentem
1285 2619 1482 2693 mersis,
1514 2619 1550 2673 I.

321 2697 449 2751 254.
480 2695 658 2749 Prurit
673 2736 687 2757 ,
710 2695 857 2763 quasi
880 2687 1109 2763 perurit,
1129 2689 1295 2744 ardet.
1319 2687 1541 2760 Prurigo
1562 2706 1623 2744 ea:
1642 2691 1824 2745 ardore

261 2770 413 2821 nimio
442 2767 573 2819 venit
587 2806 602 2829 ,
634 2766 672 2817 I.

321 2838 451 2891 255.
482 2828 739 2901 Vexatur,
764 2849 818 2886 se
843 2831 1010 2884 caedit.
1037 2860 1106 2870 -—-
1133 2828 1361 2901 Scalpit,
1380 2831 1577 2901 iscabit,
1610 2829 1648 2885 I.

321 2907 450 2961 258.
485 2906 759 2971 Strumas,
793 2907 1030 2966 tumaes,
1062 2900 1254 2954 clteleu.
1278 2928 1348 2939 —
1376 2900 1630 2953 Retexam
1650 2942 1664 2964 ,
1692 2901 1825 2970 refe-

262 2993 362 3030 ram
383 3018 399 3036 ,
436 2976 478 3029 I.

323 3045 453 3100 259.
486 3042 769 3097 Purttlenta
787 3082 801 3103 ,
825 3040 1055 3111 putrida,
1081 3056 1325 3111 venenosa
1345 3081 1359 3102 ,
1388 3057 1420 3093 α
1449 3054 1564 3109 pus,
1595 3041 1755 3106 puris,
1784 3040 1825 3095 I.

327 3117 459 3170 261.
489 3114 674 3169 Morbo
718 3109 887 3179 legio,
920 3109 1253 3181 elephantico.
1300 3110 1484 3181 Regius
1513 3111 1831 3181 rmorbus,'et

262 3168 522 3249 arcuatus,
547 3194 591 3237 et
634 3168 889 3243 ictericus,
917 3190 962 3233 et
995 3168 1582 3249 elephanticusfliegius
1610 3181 1724 3232 ideo
1741 3168 1830 3232 'di-
1859 3168 1904 3228 C

264 3260 405 3319 ritur,
432 3256 553 3323 quia
583 3269 684 3304 non
716 3260 874 3318 potest
903 3250 1200 3323 curarinisi
1229 3251 1378 3323 regiis
1404 3248 1563 3311 cibis;
1588 3251 1829 3323 autquod

264 3320 512 3387 unionem
556 3325 731 3375 mortis
776 3321 1002 3389 pandat;
1040 3320 1411 3388 elephantinus,
1445 3334 1502 3371 eo
1545 3322 1686 3389 quod
1725 3321 1827 3374 ele-

266 3397 507 3465 phantino
535 3408 646 3465 osse
676 3402 875 3465 curetur
890 3400 1206 3465 :__arcu_atus,
1231 3404 1291 3443 eo
1314 3391 1448 3460 quod
1488 3391 1706 3443 colorem
1743 3406 1828 3443 ar-

268 3459 347 3519 ias
369 3463 585 3519 caelestis
612 3462 791 3528 habet,
814 3459 876 3521 I.,
902 3460 1018 3516 Vat.
1048 3462 1114 3514 A.

1997 2626 2124 2678 267.
2160 2626 2312 2680 Brevi
2357 2634 2599 2690 tempore,
2622 2627 2824 2689 statim,
2854 2625 2893 2678 I.

1994 2698 2119 2749 274.
2154 2698 2366 2750 Interim
2386 2736 2401 2758 ,
2429 2712 2564 2747 nunc
2594 2712 2748 2759 usque
2776 2698 2919 2755 dum,
2953 2694 3033 2745 hic
3058 2702 3160 2755 est,
3193 2693 3233 2748 I.

1998 2764 2118 2818 277.
2159 2767 2420 2820 Facultas.
2449 2766 2847 2829 possibilitas.-—
2870 2766 3160 2830 Suppetat,
3185 2765 3438 2828 abundat,
3464 2764 3486 2819 l

1999 2835 2126 2890 280.
2164 2835 2560 2900 Hecenseudus,
2591 2834 2953 2896 numerandos,
2982 2834 3084 2885 lso.

1998 2906 2124 2958 282.
2158 2905 2528 2969 Mucrulentis,
2562 2904 2803 2958 sordidis.
2847 2903 3082 2967 Murcus,
3120 2903 3203 2969 qui
3247 2903 3500 2972 prwcisun

1932 2973 2080 3026 habet
2109 2991 2289 3028 nasum
2308 3016 2324 3040 ,
2358 2977 2396 3027 l.

2006 3045 2133 3098 284.
2166 3045 2489 3113 Lipposque,
2512 3044 2702 3097 scilicet
2723 3042 3178 3105 oculos.-—Putri,
3206 3040 3444 3108 humida,
3470 3040 3491 3095 l

2007 3114 2135 3169 285.
2167 3115 2402 3178 Tetrius,
2433 3116 2648 3184 nigrius,
2681 3113 2717 3167 Ι.

2008 3184 2133 3237 286.
2167 3185 2455 3251 Leprosum
2475 3180 2751 3251 ,leprosus
2776 3200 2807 3236 a
2838 3184 3049 3237 laterum
3076 3183 3276 3250 pruritu
3296 3222 3311 3245 ,
3346 3180 3388 3233 I.

2006 3254 2132 3309 289.
2166 3248 2484 3315 Animabus,
2508 3248 2747 3307 vacat.——
2769 3253 2980 3307 Inversa
3009 3248 3146 3319 vice,
3171 3268 3278 3306 una
3307 3266 3447 3322 pars,
3471 3248 3503 3303 le

2005 3324 2131 3377 290.
2164 3325 2384 3388 Forma,
2417 3325 2607 3390 imago,
2639 3324 2677 3376 I.

2004 3392 2130 3447 295.
2164 3394 2241 3447 Εη
2269 3409 2417 3461 ergo,
2443 3394 2630 3447 scilicet
2660 3394 2835 3457 habes,
2867 3390 3205 3462 prasentatim
3228 3430 3245 3457 ,
3276 3390 3320 3444 1.

2003 3463 2131 3519 294.
2166 3464 2436 3531 Proxime,
2470 3463 2780 3535 nuperrime,
2810 3464 2851 3518 I.

1596 3595 2154 3653 COMMENTARIUS.

331 3731 460 3786 251.
496 3728 842 3791 Parrhasius,
884 3742 1172 3789 mersusne,
1211 3725 1350 3794 quod
1380 3726 1568 3781 melius
1612 3729 1837 3784 fortasse

268 3811 345 3856 est
370 3816 530 3869 quam
565 3802 824 3854 mersisne.
850 3797 1101 3861 Hailsbr.,
1132 3796 1379 3862 habebat,
1411 3799 1574 3862 male,
1607 3813 1703 3868 pro
1742 3816 1838 3853 au-

270 3873 424 3924 Μαι.

334 3940 460 3993 256.
492 3939 615 3992 Vat.
640 3940 703 3999 A,
735 3936 918 3997 sordis,
947 3950 1105 4003 supra
1134 3945 1281 3989 recte
1309 3934 1497 3991 cordis.

335 4011 462 4064 261.
494 4008 643 4071 Ald.,
675 4008 812 4072 Pal.,
859 4007 1198 4072 Parrhasius,
1240 4005 1487 4059 Heinsius
1508 4047 1525 4073 ,
1556 4020 1678 4058 cum
1717 4006 1836 4059 aliis

269 4079 416 4149 edit"
440 4079 696 4149 tuteripse.
722 4075 1017 4149 WejtziusL
1029 4086 1082 4127 tu
1111 4084 1155 4127 et
1184 4076 1311 4141 ipse,
1340 4075 1482 4143 quod
1521 4076 1841 4130 conﬁrmant

270 4147 413 4203 Vatt.
438 4149 504 4210 A,
536 4145 598 4210 Β.
626 4148 785 4211 Itan,
813 4147 956 4210 Rat.,
988 4145 1143 4211 Prag.

335 4219 466 4272 265.
496 4216 741 4272 Heinsius
762 4231 880 4270 cum
910 4212 1055 4279 Put.,
1096 4212 1242 4268 colis.
1279 4211 1386 4266 Alii
1430 4214 1560 4269 edd.
1581 4223 1636 4269 et
1665 4229 1797 4269 mss.
1819 4255 1836 4280 ,

270 4288 426 4413 ξιᾶιῧι,
462 4288 563 4410 niui
609 4286 749 4356 quod
786 4286 1045 4342 Cellarius
1085 4290 1136 4337 et
1182 4280 1579 4340 Cbamillardus
1621 4286 1841 4341 Heinsio

378 4373 522 4413 :eren
552 4394 569 4410 .

341 4359 569 4413 luerent.

338 4428 471 4483 269.
506 4425 725 4489 \Veitz.,
751 4424 871 4491 quin
896 4439 1066 4480 carne.
1090 4425 1224 4493 Alii,
1248 4442 1386 4480 cum.

339 4498 474 4551 275.
502 4497 658 4558 Man,
689 4494 830 4559 Rat.,
852 4510 913 4547 ac
939 4494 1145 4551 debiles.
1622 4549 1625 4553 .

342 4568 475 4620 276.
506 4566 767 4620 Weitzius
794 4565 1019 4633 explicat
1048 4579 1275 4619 coronas
1297 4576 1488 4619 aureas
1512 4562 1837 4633 martyribus

274 4634 465 4689 donari
508 4637 572 4690 ad
602 4634 1002 4689 similitudinem
1039 4636 1285 4689 militum.
1314 4635 1509 4689 Verum
1536 4633 1623 4686 bic
1663 4647 1840 4687 sermo

274 4715 357 4759 est
391 4708 464 4759 de
486 4705 801 4774 Christianis
843 4704 1182 4771 pauperibus,
1215 4705 1303 4774 qui
1346 4704 1400 4759 in
1430 4718 1553 4774 arce
1592 4702 1844 4774 lucebunt

279 4774 474 4839 Patris,
498 4776 541 4828 si
581 4782 726 4829 recte
749 4773 1004 4836 vixerint,
1030 4774 1142 4843 sive
1181 4773 1443 4843 martyres
1472 4773 1700 4835 fuerint,
1728 4773 1841 4828 sive

277 4859 457 4899 sectis.
480 4845 680 4900 Omnes
716 4844 875 4907 igitur
906 4844 993 4911 qui
1023 4842 1182 4897 vitam
1223 4842 1475 4899 aeternam
1502 4856 1840 4911 consequen-

276 4922 395 4978 tur,
433 4915 648 4969 coronis
688 4913 894 4976 aureis,
936 4928 1068 4980 quas
1092 4928 1255 4967 'vers.
1300 4913 1405 4968 926
1436 4913 1842 4976 Hamartigeniat

273 4985 463 5037 rutilas
503 4983 818 5038 Prudentius
859 4992 1049 5045 vocat,
1096 4981 1452 5037 donabuntur.
1497 4982 1839 5045 Pascbalius,

274 5053 345 5108 de
387 5053 611 5108 Coronis
658 5053 750 5107 lib.
788 5067 909 5115 vnt,
939 5066 1056 5119 cap.
1082 5053 1139 5117 5,
1171 5053 1403 5106 ostendit
1444 5068 1511 5105 ex
1556 5052 1839 5105 Prudentia

276 5135 544 5194 martyres
583 5121 783 5176 Christi
825 5122 890 5175 ad
933 5122 1330 5194 similitudinem
1375 5122 1635 5189 militum,
1685 5121 1843 5194 sicuti

273 5192 690 5274 triuttipltatores
740 5192 1027 5262 tyrannica:
1076 5192 1383 5262 impietatis.
1412 5194 1627 5246 coronis
1665 5193 1843 5246 aureis

274 5278 543 5327 Insignm.

349 5332 481 5387 277.
508 5333 631 5387 Ald.
657 5342 706 5385 et
739 5330 827 5385 alii
857 5331 1093 5386 scribunt
1118 5340 1240 5384 tunc
1265 5332 1329 5385 si.

346 5402 478 5455 281.
507 5402 793 5457 Terentius
819 5402 1005 5455 Heaut.
1030 5417 1063 5456 ll
1082 5444 1097 5469 ,
1122 5405 1177 5467 5,
1205 5402 1294 5464 55,
1324 5399 1521 5455 Paunis
1546 5401 1730 5467 obsita,
1762 5416 1849 5454 ne-

274 5473 475 5543 ςιεςων
503 5473 772 5543 immunda
792 5471 984 5543 illuvie-

350 5542 481 5597 285.
512 5541 659 5605 Ald.,
690 5540 860 5605 nihil;
889 5541 959 5594 ita
989 5540 1155 5595 edidit
1184 5538 1517 5599 Parrhasius.
1542 5538 1635 5593 sed
1664 5554 1850 5595 emen-

273 5611 435 5663 davit
472 5611 562 5663 nil.
597 5611 783 5664 Posset
828 5611 1041 5665 retineri
1083 5611 1212 5663 nihil
1258 5610 1713 5678 monosyllabum,
1755 5619 1847 5663 aut

274 5689 501 5747 recepto
522 5680 790 5748 tribracby
815 5680 1049 5735 secundo
1079 5682 1217 5735 loco.

349 5750 483 5804 286.
512 5750 613 5805 Pro
632 5760 751 5816 aut,
774 5750 925 5818 Man,
950 5751 1093 5817 Ital.,
1120 5749 1234 5805 Vat.
1260 5748 1322 5816 P,
1347 5748 1538 5805 habent
1564 5764 1645 5803 ac.
1672 5748 1847 5819 Egm.,

1943 3729 2196 3793 llailsbr.,
2220 3730 2413 3794 Palat.,
2438 3729 2558 3784 Vat.
2588 3731 2652 3791 A,
2680 3730 2947 3784 Ileinsiani
2978 3730 3231 3799 potiores,
3261 3732 3495 3794 putidum

1940 3800 2088 3860 Ald.,
2113 3808 2241 3853 wtt.
2268 3800 2420 3863 edd.,
2441 3802 2601 3853 etiam
2634 3799 2964 3862 Parrhasius,
2995 3799 3113 3852 Vat.
3142 3800 3202 3860 P,
3230 3800 3307 3866 Q,
3332 3802 3512 3863 Alex.l

1943 3869 2098 3934 Urb.,
2131 3869 2288 3930 Man,
2333 3870 2489 3929 Rau.
2530 3868 2727 3936 aliique
2774 3870 2961 3933 multi,
3003 3870 3294 3936 putridum;
3342 3885 3513 3937 neque

1945 3940 2099 3992 video
2144 3954 2241 3992 cur
2266 3938 2483 3993 Teolius
2513 3937 2795 3991 Vaticanos
2832 3953 2967 4004 pene
3004 3952 3191 3991 omnes
3235 3952 3332 4005 pro
3374 3940 3515 4007 puti-

1943 4009 2063 4060 dum
2091 4009 2419 4077 allegaverit.
2446 4008 2694 4062 Heinsius
2721 4008 2932 4076 quidem
2969 4008 3093 4075 legit
3121 4007 3351 4076 putidum
3373 4047 3389 4069 ,
3412 4007 3515 4077 sed

1944 4078 2151 4131 duabus
2178 4076 2433 4156 inanibus
2451 4077 2750 4156 rationibus
2773 4085 3065 4156 permotus,
3089 4077 3208 4156 quia
3239 4077 3382 4156 putri
3402 4076 3514 4156 jam

1946 4151 2246 4216 prtecessit,
2269 4158 2323 4202 et
2347 4148 2468 4216 quia
2498 4146 2819 4201 Prudentius
2852 4148 3074 4214 primam
3107 4146 3157 4199 in
3185 4146 3349 4216 putris
3376 4146 3516 4200 solet

1945 4216 2237 4299 corripere.
2276 4215 2482 4298 tionem
2513 4216 2564 4271 id
2591 4216 2915 4299 ab_Heinsio
2950 4215 3340 4299 dictum.'Nam
3361 4231 3516 4299 Ῥηξ-

1944 4285 2109 4341 cessit
2148 4289 2343 4353 putris,
2389 4303 2495 4342 non
2546 4287 2816 4352 putridus.
2846 4295 2901 4341 et
2947 4300 3107 4341 sensu
3155 4284 3397 4339 nonnihil
3435 4285 3517 4339 di-

1945 4371 2124 4411 verso.
2148 4356 2299 4424 Quod
2322 4367 2498 4411 autem
2526 4356 2848 4411 Prudentius
2876 4358 3103 4425 primam
3129 4355 3181 4407 in
3207 4356 3373 4425 putris
3397 4369 3518 4409 cor-

1945 4426 2124 4493 ripere
2170 4427 2361 4481 solitus
2409 4429 2513 4491 sit,
2556 4426 2683 4495 quid
2734 4435 2879 4481 vetat
2922 4425 3208 4495 quominus
3257 4425 3516 4495 syllabam

1947 4507 2098 4550 certo
2127 4511 2464 4551 communem
2490 4494 2585 4565 vel
2622 4495 2676 4550 in
2717 4498 2902 4565 putris,
2934 4494 3018 4565 vel
3061 4496 3113 4548 in
3142 4494 3377 4561 putridus
3413 4494 3516 4565 ali-

1944 4565 2159 4633 quando
2189 4566 2529 4635 produxeritl
2553 4564 2665 4620 Imo
2695 4564 2945 4634 produxit
2980 4564 3033 4619 in
3063 4565 3226 4635 putris
3266 4565 3451 4635 bymn.
3483 4564 3516 4617 7

1868 4656 1921 4716 ο
1944 4635 2134 4716 ῼιιιι..
2182 4650 2325 4692 vers.
2365 4636 2419 4691 9.
2463 4635 2656 4690 Arvina
2702 4644 2902 4705 putrem
2940 4634 3521 4704 ue.resudans'crapuc

1949 4705 2072 4760 lam.

2017 4776 2143 4831 288.
2175 4775 2426 4839 Virgilius
2454 4790 2505 4828 vt
2533 4774 2686 4837 Em,
2716 4774 2885 4839 Quam
2920 4790 3073 4844 super
3098 4774 3238 4827 haud
3265 4772 3390 4826 ulla
3425 4788 3517 4841 po-

1948 4854 2111 4897 terant
2146 4847 2352 4914 impune
2380 4846 2603 4899 volantes
2629 4844 2856 4899 Tendere
2891 4845 2986 4898 iter
3023 4845 3201 4914 pennis
3222 4858 3240 4895 :
3268 4845 3384 4895 talis
3410 4854 3516 4914 seu

1947 4914 2101 4967 alitus
2129 4916 2251 4967 atris
2275 4912 2533 4967 Faucibus
2562 4914 2827 4983 effundens
2855 4911 3041 4983 supera
3072 4914 3146 4967 ad
3185 4928 3403 4966 convexa
3437 4911 3516 4978 fe-

1947 4987 2106 5037 rebat.
2153 4983 2299 5038 Unde
2339 4985 2506 5038 locum
2544 4984 2690 5038 Graii
2726 4984 2962 5038 dixerunt
3001 4984 3203 5039 nomine
3243 4984 3515 5037 Avernum.

1951 5053 2087 5124 Hinc
2112 5056 2281 5124 fauces
2305 5056 2636 5123 graveolentis
2657 5055 2858 5109 Auerni.

2018 5122 2144 5178 289.
2183 5122 2485 5191 Scriptores
2516 5125 2830 5191 posterioris
2871 5124 3045 5177 artatis
3094 5123 3160 5175 ita
3207 5134 3351 5183 saepe
3391 5125 3519 5191 sunt

1951 5192 2145 5257 locuti;
2168 5204 2220 5246 et
2241 5188 2622 5262 priuponebant
2640 5194 2861 5263 quidem
2876 5193 3206 5263 participium
3228 5204 3367 5242 versa
3388 5188 3515 5263 vice,

1950 5278 2057 5316 non
2097 5264 2202 5316 vice
2230 5258 2372 5316 uersa
2394 5278 2414 5318 :
2442 5258 2760 5319 Prudentius
2786 5258 2940 5317 metri
2970 5258 3124 5314 causa
3156 5262 3353 5312 inversa
3387 5258 3514 5311 vice.

1954 5332 2009 5386 In
2038 5333 2212 5401 glossa
2241 5343 2386 5386 uacat
2413 5335 2665 5388 mendum
2706 5334 2903 5388 cubare
2939 5331 3164 5385 videtur.
3195 5327 3517 5401 Prudentius

1951 5396 2063 5468 ait,
2087 5403 2365 5477 auimabus
2404 5419 2537 5471 quas
2574 5404 2701 5458 olim
2741 5402 2965 5477 pulcher
3009 5407 3256 5477 aspectus
3284 5396 3520 5477 delecta-

1951 5480 2104 5526 verat
2130 5472 2184 5526 in
2210 5487 2456 5541 corpore,
2491 5472 2790 5528 econtrario
2826 5478 3130 5541 corruptam
3173 5472 3392 5541 formam
3438 5472 3522 5519 in-

1958 5542 2098 5607 ﬂigi,
2143 5543 2283 5610 quod
2309 5536 2566 5610 'explicat
2604 5541 2855 5610 Nebrissa
2894 5538 3070 5591 verbis
3111 5536 3420 5592 Aristotelis
3463 5550 3520 5590 ut

1954 5612 2123 5666 Ethic.
2149 5608 2173 5664 ί
2199 5611 2372 5665 Parua:
2406 5608 2669 5665 medicina:
2708 5608 2940 5672 quaedam
2984 5615 3134 5673 sunt,
3179 5617 3235 5661 ut
3271 5622 3385 5676 qua:
3428 5621 3522 5674 per

1954 5682 2210 5733 contraria
2238 5682 2349 5748 ﬁeri
2377 5680 2587 5742 debent,
2609 5690 2661 5729 ut
2688 5677 2775 5744 qui
2803 5678 2925 5729 dum
2948 5678 3162 5735 viverent
3197 5688 3341 5733 erant
3368 5691 3522 5730 arna~

1955 5760 2035 5804 tus
2061 5747 2305 5817 studiosi,
2327 5751 2379 5803 in
2400 5759 2555 5803 morte
2572 5750 2671 5802 sint
2698 5747 2989 5814 deformati.
