4052 6184
176 347 255 399 Si?

389 451 550 516 Egon‘
577 447 855 500 cacbinnls
880 444 1129 498 venditus

393 547 619 608 Acroma
644 542 894 596 festivum
929 537 1044 591 fui?

325 638 541 693 Adeone
566 633 709 688 nulla
735 630 1043 693 austeritas,

389 727 627 782 Censura
649 723 795 777 nulla
824 729 906 774 est
932 718 1158 772 fascibus
1181 718 1203 767 ?

392 816 592 874 Adeon‘
614 811 844 868 securim
867 809 1132 878 publicam

391 909 568 966 Mollis
597 904 833 960 retundit
863 901 1096 957 leuitas?

327 1001 464 1056 Dicis
483 1019 498 1052 :
524 999 773 1052 Libenter
798 1001 1043 1062 oppetam
1077 1009 1090 1044 :

179 1095 265 1150 550
325 1085 330 1090 ’
399 1089 586 1145 Votiva
617 1100 761 1140 mors
787 1094 864 1140 est
888 1081 1130 1154 martyri.
1171 1107 1182 1120 ι

398 1181 492 1234 Est
515 1179 617 1232 ista
644 1175 818 1240 vobis,
852 1175 1119 1250 novimus,

401 1267 767 1325 Persuasionis
805 1266 1030 1319 vanitas.

330 1362 488 1432 916
514 1359 618 1414 Sed
647 1374 751 1410 non
773 1357 970 1410 volenti
1005 1354 1327 1422 impertiam,

400 1453 688 1506 Praestetur
715 1457 771 1501 ut
799 1447 984 1499 mortis
1011 1444 1132 1498 cita:

399 1542 823 1612 Compendiosus
849 1541 1023 1592 exitus
1054 1556 1066 1589 :

404 1635 587 1690 Perire
612 1633 803 1700 raptim
829 1647 861 1683 n
888 1647 932 1681 ιιι
961 1630 1117 1682 dabo.

338 1730 501 1783 Vitam
535 1725 746 1788 tenebo,
781 1734 830 1776 et
860 1721 1100 1774 diffeer

177 641 260 700 525

184 1551 274 1605 535

1289 330 1856 385 PElilSTEPllANON
1901 331 1939 385 li
1952 329 2112 384 YMN.
2162 330 2223 385 ΙΙ.

1755 445 1804 500 Α

3305 331 3408 386 Eli-El

2089 441 2265 494 Poenis
2293 456 2558 495 morarum
2581 441 2817 512 jugibus,

2083 533 2146 584 Et
2173 545 2318 585 mors
2349 533 2730 586 inextricabilis

2080 624 2291 692 Longos
2313 625 2524 678 dolores
2551 627 2842 694 protrahet.

2007 715 2210 769 Prnnas
2242 725 2484 784 tepentes
2513 718 2752 772 sternite.

2091 808 2168 862 Ne
2200 809 2378 862 fervor
2409 810 2606 877 ignitus
2636 811 2792 862 nimis

2083 901 2155 953 Os
2182 902 2509 954 contumacis
2537 909 2785 969 oecnpct,

2080 990 2147 1044 Et
2175 991 2352 1043 cordis
2382 992 2542 1044 intret
2574 991 2773 1044 abdita.

1829 1082 1934 1138 5i5
2004 1082 2166 1152 917
2199 1081 2373 1150 Vapor
2401 1096 2684 1135 senescens
2708 1074 2971 1151 languea',

2094 1172 2197 1240 Qui
2223 1173 2371 1227 fusus
2401 1174 2580 1226 afﬂatu
2614 1174 2712 1227 levi

2083 1266 2373 1320 Tormenta
2414 1267 2610 1320 sensim
2654 1275 2916 1334 temperet

2083 1356 2427 1410 Semnstulati
2458 1357 2722 1424 corporis.

2015 1451 2158 1504 Bene
2187 1461 2289 1518 est,
2324 1452 2462 1521 quod
2493 1454 2606 1520 ipse
2634 1467 2698 1505 ex
2730 1452 2978 1505 omnibus

2083 1544 2492 1614 Mysteriarrlirs
2537 1544 2757 1597 incidit:

2092 1636 2189 1690 llic
2211 1635 2355 1688 solus
2379 1635 2679 1702 exemplum
2709 1635 2874 1694 dabit.

2091 1727 2226 1791 Quid
2264 1741 2383 1778 mox
2421 1727 2612 1779 timere
2643 1725 2893 1780 debeant.

1831 625 1935 678 540

1836 1545 1940 1600 530

1468 1809 1751 1864 (ῑωςδεε
1792 1813 2132 1869 VETERES.

1468 1815 1751 1864 (LLUSSJE
1792 1815 2132 1870 VETERES.

243 1908 353 1963 52.5.
383 1905 643 1976 Acroma,
657 1902 907 1976 gloriosus
947 1900 1120 1976 ludus.
1166 1899 1385 1976 Acronta
1413 1901 1618 1976 proprie
1645 1900 1720 1971 ly-
1761 1911 1804 1966 Β
1900 1905 2026 1960 555.
2055 1907 2494 1976 Compentliosus,
2528 1907 2708 1974 brevis,
2740 1906 3006 1974 difﬁcilior,
3035 1907 3074 1962 Ι.

189 1995 336 2033 rarum
357 1976 596 2039 auditio;
625 1970 707 2027 hic
747 1981 911 2025 autem
939 1972 1094 2040 jocus
1126 1970 1398 2039 accipitur,
1422 1971 1498 2023 vel
1526 1985 1729 2026 carmen

189 2050 429 2110 scenicum,
458 2045 495 2097 Ι.

243 2118 352 2172 525.
381 2108 625 2178 Adeone,
656 2128 823 2166 nonne
845 2113 993 2176 adeo,
1017 2109 1057 2164 1.
1091 2124 1163 2150 -'—
1189 2108 1507 2172 Austerltas,
1551 2113 1732 2165 severi-

189 2201 270 2250 tas.
293 2187 415 2239 Mar.
441 2213 511 2224 —
542 2185 814 2246 Severitas,
846 2183 1115 2247 asperitas,
1147 2180 1186 2234 Ι.
1595 2207 1606 2218 ο

244 2257 356 2312 526.
380 2255 660 2316 Fascibus,
693 2253 989 2308 honoribus.
1024 2252 1062 2305 1.

242 2329 352 2382 527.
377 2325 606 2388 Adeou',
637 2325 690 2376 in
721 2333 933 2384 tantum,
967 2323 1021 2376 1..
1417 2361 1424 2370 .

243 2395 357 2450 529.
381 2398 668 2463 Oppetam,
703 2396 910 2448 moriar.
947 2394 1194 2460 Oppetere
1223 2393 1367 2457 quasi
1417 2401 1604 2445 terram
1649 2410 1737 2459 pe-

185 2480 442 2532 trre;aam
484 2467 577 2517 viri
616 2465 792 2532 fortes,
846 2465 969 2516 dum
1014 2464 1319 2520 moriuntur.
1369 2474 1554 2518 terram
1599 2477 1740 2515 more

188 2543 326 2608 (torte
351 2537 547 2608 morsu)
573 2545 773 2608 petunt,
807 2549 989 2608 nepox
1017 2534 1277 2608 audiatur,
1313 2532 1349 2585 1.

240 2609 354 2660 5ςο.
387 2607 596 2666 \‘otiva,
629 2605 999 2666 desiderabilis,
1031 2604 1067 2656 Ι.
1101 2632 1170 2643 —-
1200 2603 1353 2666 Cara,
1376 2603 1503 2657 Mar.

239 2678 354 2734 555.
385 2677 716 2744 impertiam,
747 2676 932 2739 sinam,
960 2672 1085 2726 Mar.

1909 1977 2034 2031 559.
2065 1978 2471 2046 Inextrirabilis.
2499 1977 2785 2044 inﬁnibilis,
2810 1976 2886 2028 vel
2917 1977 3224 2046 insolubilis,
3244 1978 3410 2033 indis:

1839 2046 2094 2124 solubilis,
2278 2045 2538 2124 In/iiialis,
2561 2047 2951 2124 indissolubilis,
2982 2048 3110 2103 Mar.

1910 2118 2035 2171 5H.
2072 2118 2285 2182 Abdita,
2311 2123 2530 2181 Occulta,
2564 2130 2775 2182 secreta,
2812 2119 2850 2170 Ι.

1911 2188 2036 2259 ξηες.
2071 2189 2672 2259 Senescens,deﬁciens,
2707 2188 2746 2242 Ι.

1909 2257 2036 2313 547.
2069 2260 2297 2312 Sensim.
2327 2257 2526 2316 leniter.

1909 2328 2033 2382 548.
2064 2329 2434 2400 Semustulati,
2465 2329 2694 2386 semiusti
2726 2344 2744 2382 :
2772 2329 3134 2384 semustulatus
3160 2336 3206 2382 et
3233 2329 3414 2400 sentiae

1846 2407 1952 2450 stus
1975 2415 2130 2452 unum
2158 2409 2292 2460 sunt,
2320 2398 2358 2451 1.

1915 2447 2525 2539 ήῇίίειέῖἱῇέ-ειιες,
2571 2447 2805 2537 princeps
2854 2471 3251 2539 mysteriorum,
3287 2467 3414 2523 Mar.

1846 2537 2163 2611 —Pri_nceps
2187 2539 2430 2611 niihis‘ter.
2450 2542 2676 2604 mustei-ii
2711 2537 2942 2611 princeps
2962 2557 2979 2603 ;
2997 2550 3044 2592 et
3063 2538 3298 2592 Grazcum
3323 2548 3414 2594 est.

1853 2608 2132 2669 —|ttcidit.
2156 2610 2344 2661 scilii‘et
2371 2610 2421 2659 in
2455 2625 2670 2671 pwuam,
2704 2610 2740 2662 l.

1921 2677 2045 2732 552.
2092 2679 2352 2746 Debeaut,
2380 2679 2569 2731 scilicet
2599 2680 2710 2746 alii,
2741 2679 2781 2734 Ι.

1510 2765 2073 2824 COMMENTARIUS.

237 2862 350 2918 525.
380 2859 720 2919 Parrhasius.
754 2857 1000 2912 Heinsius
1021 2871 1142 2911 cum
1176 2855 1381 2919 Atnbr.,
1406 2855 1732 2919 Ruinartiué,

181 2932 326 3001 rrgon‘
350 2931 650 3001 cachinnis;
693 2928 1020 3001 ﬂailsbt'ottq
1061 2925 1348 3001 rgo;_alii.‘
1380 2926 1537 3001 etiam
1568 2926 1737 2980 codex

181 2995 424 3073 Μηδικὴ,
459 3000 598 3073 egon‘
621 2998 903 3073 cachinnis.
928 2997 1092 3065 Bong.
1118 2996 1275 3073 mmale,
1299 2995 1627 3073 cltachinnus.

239 3075 354 3129 εει.
385 3065 511 3124 ναί
545 3073 611 3132 A,
661 3067 990 3132 Parrhasius,
1042 3082 1103 3119 ac
1143 3065 1320 3120 Romae
1361 3067 1612 3134 festivum,
1651 3082 1738 3119 re-

182 3153 355 3197 nuente
381 3153 561 3196 metro
587 3149 643 3194 et
664 3155 844 3192 sensu.
876 3137 1144 3192 Heinsiani
1189 3139 1392 3202 scripti,
1439 3136 1585 3199 Ald.,
1615 3135 1736 3189 Vat.

182 3214 234 3277 Β.
262 3214 406 3275 Μδτ..
432 3226 680 3274 acroma;
701 3209 809 3272 alii.
841 3224 1096 3266 acroama.
1137 3207 1276 3272 quod
1303 3205 1512 3260 defendi
1539 3216 1733 3272 potest.

182 3286 427 3344 Arroama.
459 3283 577 3337 sive
610 3280 762 3333 malis
783 3281 1016 3332 scribere
1041 3292 1269 3342 acroma,
1299 3277 1486 3330 Latine
1518 3285 1600 3331 est
1641 3291 1736 3328 an—

184 3355 313 3415 ilitio,
355 3355 448 3407 sed
482 3351 742 3414 af‘clttllltt‘
775 3364 871 3412 pro
901 3348 1084 3401 festiva
1108 3346 1447 3415 jnt-uudaque
1478 3350 1742 3400 narratio-

182 3440 257 3484 ne.
281 3433 332 3478 et
356 3423 628 3478 interdum
657 3435 752 3486 pro
778 3419 990 3472 homine
1011 3421 1096 3481 qui
1127 3431 1244 3470 eam
1270 3418 1479 3471 reeitat.
1504 3416 1744 3470 Pruden-

183 3495 275 3548 tius
297 3494 525 3548 fortasse
567 3492 802 3545 imitatus
838 3500 920 3542 est
958 3490 1269 3541 Ciceronem
1313 3492 1344 3539 ti
1385 3488 1438 3539 in
1478 3485 1738 3539 Verrem:

183 3563 273 3616 Hie
305 3566 449 3632 quasi
482 3564 721 3632 festivum
747 3575 1000 3632 acroama,
1039 3558 1238 3632 uesine
1269 3557 1542 3632 corollario
1583 3557 1746 3608 disce-

178 3627 330 3698 deret}
357 3644 413 3689 et
442 3627 543 3702 pro
578 3628 762 3686 Sex'tio
788 3648 800 3680 :
829 3627 926 3681 Ille
961 3631 1065 3696 ipse
1111 3629 1280 3702 ludius
1308 3627 1744 3702 non_solum__spe-

179 3696 344 3769 stator,
376 3696 469 3757 sed
499 3705 657 3757 etiam
677 3710 817 3752 actor
839 3708 883 3752 et
903 3714 1162 3769 acroama.
1190 3698 1495 3769 Ruinartius
1521 3696 1744 3769 auditio-

177 3790 285 3828 nem
331 3767 429 3829 seu
483 3774 781 3827 auditorem
837 3769 996 3823 etiam
1048 3767 1371 3835 ejuscemodi
1425 3767 1743 3819 narrationis

176 3847 488 3900 acroamatis
536 3843 753 3896 nomine
781 3837 1068 3906 aliquando
1089 3837 1356 3905 designari
1403 3844 1570 3904 putat,
1602 3835 1743 3901 quod

177 3923 266 3982 ego
285 3917 510 3970 dubium
542 3927 662 3969 esse
689 3909 756 3964 de
785 3905 1026 3982 auditore
1048 3905 1255 3982 judico.

233 3985 356 4040 525.
391 3982 747 4044 Parrhasiu~,
797 3977 926 4031 adeo
967 3979 1141 4041 nulla;
1183 3977 1332 4042 Ald.,
1378 3975 1572 4029 adeone
1612 3975 1743 4029 ulla.

176 4054 460 4124 Utrumque
488 4055 646 4124 male.

235 4123 357 4188 526,
373 4115 642 4180 Heinsius
665 4136 768 4176 non
789 4117 1371 4178 asseutiturSalmasio,
1392 4117 1481 4186 qui
1506 4115 1605 4188 hoc
1629 4118 1746 4170 loco

171 4187 448 4250 censuram
488 4196 639 4258 capit
683 4207 779 4258 pro
819 4189 1074 4259 dignitate
1106 4204 1120 4240 :
1147 4189 1224 4242 sic
1260 4203 1485 4259 censura
1530 4187 1661 4250 oris.
1690 4197 1748 4240 ut

171 4267 260 4330 ait,
291 4275 344 4319 et
371 4266 458 4319 vir
488 4263 769 4318 censorius
796 4258 1023 4315 sumitur
1046 4274 1141 4327 pro
1166 4258 1749 4330 pulcltro.ACbamillar-

175 4328 266 4390 itus
289 4336 435 4390 favet
463 4335 752 4389 Salmasio.
777 4331 964 4386 Melius
989 4338 1162 4383 tamen
1204 4328 1516 4394 intelligitur
1557 4343 1750 4380 censu—

173 4422 275 4458 ram
305 4422 432 4460 esse
476 4405 852 4466 severitatem,
900 4400 983 4454 cui
1033 4414 1155 4453 mox
1204 4397 1491 4465 respondet
1537 4398 1742 4450 lenitas.

174 4475 302 4530 Nihil
325 4477 481 4531 enim
531 4476 687 4529 obest
723 4473 864 4542 quod
906 4469 1239 4539 prtecesserit
1277 4469 1592 4533 austeritas;
1624 4483 1748 4521 nam

172 4549 350 4601 eadem
378 4546 656 4602 sententia
685 4544 1060 4611 amplilicatur.

235 4616 360 4670 527.
389 4619 558 4678 Man,
589 4607 790 4668 adeone
818 4613 1052 4675 securim,
1095 4609 1234 4677 quod
1267 4625 1370 4664 non
1399 4609 1568 4662 ausim
1597 4607 1749 4662 dam-

175 4699 314 4740 nare.
353 4687 530 4742 Vocat
551 4685 767 4738 securim
797 4683 1070 4752 publicam,
1098 4689 1156 4752 ut
1183 4680 1366 4752 bymn.
1390 4695 1573 4752 super.
1605 4693 1745 4733 vers.

175 4756 258 4818 55.
287 4757 565 4826 bipennem
594 4750 871 4826 publicam.
903 4751 1227 4826 Parrhasius
1242 4750 1426 4804 scribit
1444 4765 1688 4804 securem.

236 4821 360 4881 δίε.
391 4828 552 4890 Ald.,
586 4821 861 4887 Parrbas.,
884 4822 1094 4882 retudit,
1127 4821 1284 4874 male.

235 4899 361 4952 529.
395 4884 613 4951 Glosstn
641 4884 859 4964 etymon
887 4907 988 4944 non
1019 4891 1243 4964 accipio.
1279 4884 1528 4959 Opprtere
1560 4890 1754 4944 dicitur

170 4969 253 5033 qui
282 4985 398 5022 rem
432 4966 544 5020 sibi
569 4963 893 5019 contrariam
919 4966 1058 5030 petit
1100 4980 1123 5033 εγ
1144 4963 1221 5014 sic
1243 4973 1480 5033 appetere
1516 4973 1749 5033 mortem,

171 5031 222 5090 et
241 5039 571 5105 simpliciter
599 5045 840 5103 oppetere
863 5034 1056 5086 dicitur
1095 5032 1162 5085 de
1205 5032 1318 5105 viro
1345 5031 1466 5084 forti
1493 5032 1580 5100 qui
1610 5047 1755 5084 mor-

168 5120 270 5163 tem
296 5104 462 5177 petit,
490 5106 745 5177 quamvis
763 5114 944 5158 contra
973 5112 1213 5177 naturam
1244 5104 1333 5156 sit.

231 5169 360 5234 552.
393 5169 618 5233 Vanum
651 5186 705 5230 et
734 5175 968 5242 ineptum
996 5171 1502 5242 credebantethnici
1535 5169 1759 5242 inichri-

169 5249 349 5303 stianis
379 5249 538 5301 velle
563 5246 703 5300 mori
734 5241 835 5311 spe
863 5245 1052 5296 futura:
1081 5245 1226 5296 vine.
1259 5241 1516 5295 Minucius
1545 5259 1556 5294 :
1581 5241 1757 5294 Proh!

167 5322 290 5373 mira
311 5319 552 5374 stultitia
578 5326 628 5370 et
667 5314 949 5369 incredibili
977 5313 1196 5365 audacia
1229 5325 1475 5378 spernunt
1507 5321 1755 5365 tormenta

167 5392 469 5458 prmia,
501 5389 628 5440 dum
649 5387 841 5439 incerta
870 5393 1099 5458 metuunt
1119 5395 1164 5436 et
1188 5387 1392 5458 futura;
1419 5392 1466 5458 et
1487 5382 1608 5435 dum
1628 5383 1760 5458 mori

166 5453 270 5526 post
281 5472 524 5514 mortem
539 5460 737 5526 timent.
751 5457 951 5508 interim
966 5455 1093 5507 mori
1105 5469 1203 5507 non
1220 5454 1413 5506 timent.
1430 5453 1757 5526 Lactantius,

165 5521 250 5585 lib.
269 5548 370 5598 ut,
394 5545 536 5597 cap.
551 5525 717 5582 5:1ta
737 5543 934 5580 necesse
951 5534 1024 5577 est
1034 5526 1309 5592 sapientem
1331 5522 1588 5598 prostulto
1607 5521 1760 5598 habe-

164 5602 223 5661 ri,
244 5604 336 5671 qui
353 5593 501 5654 Iuni
526 5600 716 5668 appetit
743 5599 873 5650 bona
897 5610 1006 5671 quis
1032 5610 1134 5671 non
1169 5605 1461 5671 cernuntur,
1498 5593 1702 5645 dimittit
1733 5608 1761 5644 e

165 5665 399 5726 inanibus
426 5665 904 5740 qita'oidentur....
935 5666 1089 5740 Quod
1109 5665 1292 5740 accidit
1309 5665 1451 5716 nobis
1470 5677 1584 5740 cum
1602 5675 1759 5730 neque

164 5733 458 5798 cruciatum
527 5755 682 5795 neme
705 5749 912 5792 martem
936 5753 1029 5795 pro
1048 5735 1155 5795 ﬁde
1172 5749 1482 5789 recusamus.
1507 5733 1636 5788 Nota
1665 5746 1754 5786 vo-

1843 2875 1958 2914 cem
1990 2859 2358 2922 persuasionis,
2384 2875 2501 2928 quae
2531 2875 2626 2923 pro
2665 2859 2970 2925 opinatione
2997 2875 3128 2913 vana
3161 2867 3215 2913 et
3241 2859 3416 2926 inepta

1844 2932 1979 2982 sumi
1995 2932 2222 2994 solebat,
2239 2941 2290 2982 et
2305 2932 2646 2996 praesumptio
2658 2933 2814 2984 etiam
2830 2931 3121 2985 dicebatur.
3133 2930 3416 2984 Minucius:

1847 3000 2013 3052 Audio
2039 3017 2122 3053 eos
2149 3001 2455 3067 turpissima!
2486 3003 2692 3066 pecudis
2736 3011 2885 3068 caput
2910 3001 3040 3052 asini
3068 3013 3416 3052 consecratum

1846 3072 2017 3136 inepta
2063 3073 2230 3123 nescio
2269 3087 2368 3136 qua
2413 3073 2739 3137 persuasione
2780 3071 3028 3124 venerari.
3077 3070 3413 3134 Ammianus,

1846 3142 2088 3206 quamvis
2130 3141 2406 3203 ethnicus,
2458 3140 2595 3194 hanc
2635 3143 2988 3194 constantiam
3019 3143 3068 3192 in
3101 3140 3419 3193 Christianis

1852 3211 2065 3264 laudare
2087 3211 2294 3265 videtur
2320 3211 2411 3263 lib.
2437 3226 2555 3265 xxu
2583 3231 2596 3266 :
2623 3213 2720 3275 Qui
2747 3213 2945 3263 deviare
2964 3227 2994 3266 α
3021 3211 3261 3280 religione
3281 3226 3415 3262 com-

1850 3281 2004 3345 pulsi,
2038 3283 2291 3349 pertulere
2330 3281 2628 3334 crttciabtles
2666 3297 2837 3347 paruus
2882 3281 3107 3342 adusque
3147 3281 3422 3343 gloriosam

1848 3360 2054 3403 mortem
2079 3353 2382 3405 intemerata
2403 3351 2503 3415 [ide
2525 3353 2799 3421 progressi,
2829 3361 2875 3405 et
2903 3368 3033 3404 nunc
3055 3357 3306 3419 martyres
3328 3367 3422 3420 ap-

1847 3422 2120 3488 pel/antur.

1917 3492 2042 3544 555.
2075 3491 2386 3561 Parrhasius
2417 3505 2718 3556 perperam,
2750 3490 2839 3543 sed
2857 3494 2993 3561 jam.

1918 3560 2045 3614 556.
2077 3561 2340 3614 Arnobius
2373 3560 2464 3615 lib.
2496 3576 2553 3625 ll,
2599 3563 2652 3614 in
2684 3562 2790 3616 line
2833 3559 3061 3614 {Itidem
3086 3569 3130 3611 et
3158 3576 3243 3612 vos
3274 3562 3424 3624 ﬂam-

1847 3631 1967 3695 mis,
1993 3629 2206 3692 exsiliis,
2250 3631 2582 3691 cruciatibus,
2611 3631 2811 3692 bclluis.
2851 3632 3028 3697 quibus
3067 3637 3278 3693 carpam
3311 3634 3424 3684 lan-

1846 3701 2028 3751 cinatis
2059 3709 2103 3750 rt
2128 3699 2214 3752 diu
2237 3699 2428 3750 vexatis
2454 3709 2645 3752 nostra.
2678 3701 2780 3753 Alii
2811 3702 2964 3764 paulo
2995 3700 3148 3752 aliter
3181 3701 3379 3763 legunt.

1921 3769 2046 3823 557.
2074 3769 2132 3824 S.
2157 3769 2498 3834 Augustinus,
2527 3778 2678 3822 tract.
2707 3770 2776 3822 27
2801 3771 2849 3821 in
2873 3769 3090 3827 Joann..
3118 3772 3185 3821 de
3205 3771 3259 3822 S.
3288 3770 3426 3822 Latt-

1849 3841 2022 3893 rentio
2050 3857 2060 3890 :
2096 3837 2216 3891 Non
2242 3838 2373 3890 enim
2401 3840 2597 3890 occisus
2626 3850 2699 3891 est
2725 3840 2846 3903 cito,
2880 3841 2968 3890 sed
2991 3839 3244 3891 cruciatus
3266 3850 3340 3891 est
3369 3842 3425 3893 in

1846 3911 1982 3976 igne.
2013 3910 2116 3961 Diu
2137 3910 2298 3961 vivere
2322 3909 2595 3976 permissus
2621 3919 2693 3962 est
2722 3925 2740 3962 :
2767 3911 2867 3962 imo
2889 3925 2986 3961 non
3009 3910 3097 3958 diu
3121 3908 3282 3960 sit-ere
3308 3926 3424 3973 per-

1849 3975 2032 4033 missus
2061 3986 2155 4041 est,
2185 3977 2274 4031 sed
2303 3975 2447 4030 tarde
2474 3981 2602 4030 mori
2623 3981 2916 4044 compulsus
2937 3989 3026 4030 est.
3053 3978 3108 4032 S.
3129 3975 3424 4043 Cyprianus

1849 4051 1914 4103 ad
1952 4049 2348 4103 Demetriauum
2389 4067 2401 4100 :
2443 4047 2554 4101 Nec
2585 4051 2764 4101 saltent
2805 4057 3064 4102 contentus
3103 4064 3153 4101 es
3192 4048 3425 4100 dolorum

1848 4129 2137 4172 nostrorum
2161 4120 2480 4190 contpmtlio,
2511 4130 2557 4171 et
2607 4121 2847 4184 simplici,
2887 4135 2947 4170 ac
2987 4120 3143 4171 veloci
3186 4119 3424 4171 brevitate

1851 4205 2110 4256 panaruat
2129 4205 2148 4241 :
2163 4189 2400 4242 admoves
2419 4190 2676 4242 lauiandis
2691 4190 2980 4260 corporibus
2994 4191 3144 4258 longa
3159 4199 3424 4252 tormenta,

1849 4261 2162 4320 multiplicas
2189 4261 2471 4312 lacerandis
2497 4261 2768 4313 uisceribus
2796 4276 3061 4312 numerosa
3088 4260 3364 4326 supplicia.

1921 4330 2047 4384 558.
2077 4329 2262 4382 Petrus
2289 4328 2480 4392 Faber,
2514 4329 2668 4384 lib.tu
2694 4331 3064 4392 Semcstrium,
3090 4345 3206 4389 cap.
3239 4329 3272 4381 8
3293 4329 3427 4381 mal-

1851 4400 1924 4454 let
1944 4409 2212 4452 moratam.
2236 4399 2342 4454 Sed
2378 4401 2505 4452 nihil
2527 4410 2610 4453 est
2632 4415 2871 4462 necesse.
2889 4411 2945 4452 nt
2965 4412 3143 4452 monet
3159 4399 3424 4453 Heinsius.

1921 4471 2047 4524 559.
2077 4470 2256 4540 Prag..
2309 4470 2441 4523 Mar.
2485 4473 2709 4540 aiprima
2758 4485 2939 4532 manu,
2995 4481 3050 4523 ut
3097 4470 3323 4532 videtur,
3372 4479 3428 4521 ut

1821 4590 1832 4600 ,
1851 4557 2024 4605 mors;
2066 4541 2177 4603 alii,
2225 4549 2273 4592 et
2311 4557 2471 4593 mors.
2506 4539 2646 4593 Mors
2673 4540 3040 4593 inextricabilis
3070 4540 3297 4593 stituitur
3327 4554 3423 4608 pro

1857 4620 2028 4664 morte
2049 4611 2222 4681 lenta,
2269 4618 2324 4664 et
2344 4626 2462 4681 qua:
2492 4613 2649 4665 linem
2700 4609 2945 4665 invenire
2975 4613 3200 4676 nesciat,
3235 4619 3293 4663 ut
3323 4624 3426 4663 no-

1857 4682 1985 4733 tavit
2016 4680 2310 4735 Mariettus.

1928 4751 2052 4805 540.
2082 4751 2236 4816 Man,
2265 4751 2439 4817 Prag.,
2473 4751 2616 4814 εἴη,
2649 4750 2851 4804 Widtn.
2880 4765 3060 4819 supra,
3106 4751 3236 4805 Urb.
3260 4766 3288 4803 a
3322 4750 3430 4816 pri-

1857 4837 1942 4875 ma
1967 4836 2124 4874 manu
2152 4822 2436 4887 protrahat.
2461 4820 2553 4876 Sic
2582 4821 2792 4889 melius,
2821 4833 2942 4875 ut...
2982 4838 3120 4874 mors
3143 4821 3427 4892 protrahat.

1858 4895 1981 4953 Atii,
2014 4892 2294 4956 protrahet.

1928 4961 2052 5015 5i5.
2105 4961 2274 5029 Vapor
2301 4976 2398 5028 pro
2419 4961 2596 5015 calore
2622 4961 2758 5030 apud
2789 4963 3022 5029 optimos
3043 4977 3279 5028 tutosque
3301 4959 3430 5013 scri-

1859 5044 2063 5099 ptores.
2093 5031 2418 5094 Lucretium,
2455 5032 2754 5101 Virgilium.
2794 5035 3091 5094 Horatium.
3123 5043 3229 5089 etc.
3252 5076 3265 5097 ,
3290 5044 3431 5095 sa-pe

1863 5101 2372 5173 pttttilllra‘dl'gillus
2403 5103 2494 5155 lii).
2529 5118 2582 5167 ν,
2613 5102 2894 5173 beatusque
2924 5109 3126 5155 carinas
3143 5102 3228 5154 Est
3250 5115 3424 5168 vapor.

1868 5172 1998 5227 Vide
2025 5171 2292 5226 Gifauium
2329 5173 2496 5226 verbo
2537 5173 2715 5227 Vltrou
2741 5171 2905 5228 indic.
2941 5175 3097 5227 Lucr.

1932 5244 2058 5296 548.
2109 5243 2230 5296 Ald.
2251 5283 2268 5309 ,
2300 5252 2355 5298 et
2393 5243 2559 5298 codex
2612 5244 2852 5300 Bolland.
2872 5283 2888 5310 ,
2919 5240 3274 5298 semustulati:
3307 5239 3426 5293 Par-

1863 5311 2074 5366 rhasius
2093 5323 2147 5366 et
2167 5314 2258 5367 alii
2280 5354 2296 5379 ,
2328 5315 2686 5368 semiustulati.

1933 5383 2058 5437 550.
2103 5377 2521 5451 Mysteriarches
2544 5385 2776 5446 dicitur,
2807 5383 2930 5449 quia
2976 5382 3180 5451 primus
3198 5388 3258 5451 et
3289 5377 3422 5446 priu~

1867 5465 1993 5514 ceps
2021 5464 2136 5505 erat
2158 5449 2535 5516 diacmiorum,
2565 5455 2758 5517 quibus
2783 5467 2906 5506 cura
2943 5449 3284 5502 incumbebat
3313 5465 3436 5501 ern-

1865 5521 2044 5574 diendi
2076 5523 2257 5578 fideles
2287 5525 2355 5579 de
2383 5526 2650 5594 mysteriis
2678 5522 2823 5576 lidei.
2878 5520 3011 5573 Vide
3041 5529 3333 5574 comment.
3367 5517 3434 5571 ad

1863 5607 2002 5644 vers.
2045 5594 2166 5646 l60.

1859 5731 1904 5785 Μ
1931 5661 2286 5784 552.PWeitz.
2314 5705 2329 5732 ,
2380 5664 2493 5719 Gis.
2529 5661 2596 5715 ad
2629 5675 2799 5728 oram,
2833 5661 2970 5729 quod
2997 5675 3148 5726 mox;
3179 5660 3249 5716 ita
3265 5659 3435 5744 ριίηιιι

1913 5747 2027 5785 ar..
2106 5747 2216 5785 raa.

1913 5747 1987 5785 ar.
2012 5771 2027 5797 ,
2062 5736 2216 5798 Prag.
