4052 6184
585 292 693 352 519

771 398 1078 457 Conscende
1110 406 1437 453 constratum
1474 410 1659 467 rogum
1685 412 1701 459 ;
2178 401 2232 458 Α

844 491 1109 546 Decumbe
1130 490 1289 557 digno
1318 487 1546 542 lectulo:

590 582 700 638 555
842 583 1012 647 Tunc,
1042 582 1085 634 si
1116 579 1321 644 libebit,
1356 579 1586 648 disputa,

838 672 921 726 Nil
942 686 1062 726 esse
1084 669 1378 726 Vulcanum
1400 684 1599 724 meum.

765 763 928 832 918
957 763 1080 816 Haec
1096 762 1236 815 fante
1258 759 1530 827 praefecto,
1561 768 1738 811 ttuccs

836 849 969 908 Hinc
998 853 1123 907 inde
1153 859 1383 905 tortores
1413 859 1604 918 parant

842 947 1051 1001 Nudare
1068 947 1263 999 amictu
1290 955 1601 1012 martyrem,

839 1036 1052 1089 Vincire
1080 1033 1335 1093 membra,
1361 1040 1415 1084 et
1440 1030 1679 1084 tendere.

774 1126 850 1180 Illi
877 1141 938 1180 os
958 1127 1151 1181 decore
1182 1124 1487 1193 splenduit,

843 1219 1141 1286 Fulgorque
1159 1216 1512 1272 circumfusus
1532 1222 1636 1269 est.

846 1308 1027 1363 Talem
1050 1316 1324 1381 revertens
1347 1305 1535 1375 legifer

844 1398 917 1451 De
941 1407 1117 1452 monte
1144 1398 1343 1453 vultum
1372 1396 1586 1457 detulit,

600 1486 705 1543 565
775 1487 954 1543 Judaza
977 1503 1132 1556 quem
1156 1488 1335 1556 plebs,
1363 1501 1526 1541 aureo

848 1580 992 1633 Bove
1016 1580 1309 1649 inquinata,
1338 1586 1393 1632 et
1421 1576 1639 1632 decolor

849 1670 1093 1737 Expavit,
1126 1679 1180 1724 et.
1210 1670 1395 1724 faciem
1425 1678 1570 1722 retro

856 1761 1088 1814 Detorsit
1126 1761 1404 1829 impatiens
1433 1760 1551 1821 Dei,

786 1850 1073 1918 Talemque
1093 1859 1148 1903 et
1174 1850 1263 1904 ille
1290 1852 1519 1918 praetulit

853 1942 989 1995 Oris-
1005 1941 1214 1996 corusci
1245 1940 1467 2010 gloriam

596 1031 698 1089 560

607 1941 711 1996 570

1657 284 1929 344 AURELII
1970 282 2331 342 PRUDENTII
2372 274 2706 339 CARMIMA.

3722 281 3818 340 5‘20

2507 394 2812 462 Stephanus
2832 433 2846 456 ,
2877 407 2975 463 per
3002 393 3225 450 imbrem
3256 409 3478 452 saxeum

2515 485 2690 539 Caelus
2712 493 2925 553 apertos
2966 486 3199 539 intuens.

2437 576 2796 630 llluminatum
2827 574 2929 628 hoc
2957 574 3166 628 eminus

2511 667 2720 721 Recens
2741 665 2899 733 piatis
2924 665 3199 733 fratribus,

2507 756 2673 826 919
2704 755 2967 823 Baptisma
2990 771 3124 824 quos
3153 771 3324 826 nuper
3351 758 3533 813 datum

2511 848 2707 902 Christi
2735 862 2957 915 capaces
2980 848 3180 902 fecerat
3203 865 3217 903 :

2440 920 2536 993 Kst
2560 938 2840 1007 impiorum
2862 940 2986 993 caici
2996 951 3095 1004 tas,

2517 1033 2588 1085 Os
2613 1031 2832 1084 oblitum
2871 1031 3041 1085 noctis
3070 1030 3177 1085 situ

2512 1120 2766 1187 Nigrante
2801 1119 2901 1173 sub
2930 1120 3196 1176 velamine

2513 1212 2772 1274 Obducta,
2797 1210 3001 1265 clarum
3036 1228 3141 1265 non
3172 1212 3336 1269 videt.

2445 1300 2710 1371 Egyptian
2738 1301 2908 1369 plaga:
2930 1300 2985 1353 in
3008 1302 3246 1369 modum,

2516 1392 2667 1457 Qum,
2688 1405 2831 1459 .cum
2866 1392 3100 1446 tenebris
3138 1393 3391 1449 barbaros

2266 756 2369 812 575

2269 1214 2369 1269 580

2519 1481 2802 1534 Damnaret
2818 1521 2831 1543 ,
2864 1481 3099 1536 Hehrzeis
3128 1481 3271 1537 diem

2517 1572 2660 1627 Sudo
2677 1573 2961 1626 exhibebat
2989 1574 3203 1630 lumine.

2274 1662 2377 1718 585
2448 1662 2584 1729 Quin
2610 1664 2722 1730 ipsa
2750 1662 2930 1717 odoris
2952 1665 3214 1731 qualitas,

2524 1753 2724 1808 Adusta
2751 1768 2911 1822 quam
2942 1753 3119 1807 reddit
3148 1765 3309 1823 cutis,

2517 1842 2733 1899 Diversa
2763 1855 3013 1912 utrosque
3035 1858 3304 1912 permovet
3330 1863 3343 1899 :

2524 1934 2615 1987 llis
2643 1934 2819 2003 nidor,
2852 1934 2954 1988 illis
2971 1945 3155 1990 nectar
3181 1945 3285 1990 est.

1958 2068 2239 2127 GLOSS/E
2278 2067 2615 2125 VETERES.

677 2181 801 2235 556.
844 2181 1169 2246 Vulcanum,
1201 2199 1399 2250 ignem,
1433 2182 1471 2236 l.

676 2251 800 2306 559.
843 2252 1075 2315 Nudare,
1101 2253 1412 2319 despoliare,
1444 2252 1485 2305 l.

678 2321 804 2391 560.
845 2320 1077 2391 Vincire,
1113 2324 1290 2391 ligare,
1326 2323 1364 2375 Ι.

677 2389 799 2444 561.
839 2390 931 2456 0s,
968 2393 1121 2459 facies
1139 2389 1163 2450 ,ἡ
1187 2392 1203 2445 1

680 2431 807 2514 Ξῖιὲζ
843 2431 1339 2529 ἰὲξίἆθῖξᾟιᾶεῇεε,
1386 2459 1427 2515 ι.

682 2529 808 2584 568.
852 2529 1158 2598 Impatiens,
1187 2547 1286 2582 non
1315 2531 1595 2593 sustinens,
1633 2530 1670 2583 1.

679 2600 803 2653 571.
845 2599 947 2653 Per
974 2601 1219 2664 imbrem,
1251 2616 1339 2666 per
1366 2601 1665 2653 densitatem
1687 2642 1701 2664 ,
1737 2600 1776 2654 l.

681 2668 808 2742 575.
863 2668 1271 2742 IlluminatumJ
1330 2670 1763 2742 manifestatum,
1818 2668 2167 2742 manifestum.

612 2738 816 2806 —lloc,
848 2755 1003 2808 genus
1034 2739 1468 2807 [uin—Eminus,
1498 2738 1751 2808 elonge,l.

679 2807 803 2863 576.
844 2807 1070 2878 Recens,
1101 2807 1641 2875 recentem—Platis,
1672 2810 1962 2877 baptizatis,
1996 2810 2035 2863 l.

2353 2182 2479 2303 5:8.
2519 2180 2608 2302 Osl,
2637 2178 3166 2248 faciem.—0blitum,
3197 2184 3585 2242 circumdatum.
3608 2219 3680 2229 —
3709 2189 3817 2246 Situ

2353 2268 2393 2303 te
2428 2268 2529 2303 ris.
2605 2289 2618 2303 .

2281 2260 2499 2306 tenebris
2513 2291 2529 2314 ,
2580 2260 2618 2303 Ι.

2351 2320 2476 2376 579.
2518 2319 2789 2391 Nigrante,
2816 2322 2961 2391 nigro
2979 2361 2993 2384 ,
3025 2322 3065 2376 Ι.

2348 2391 2477 2445 580.
2515 2389 2729 2445 Clarum
2750 2431 2765 2455 ,
2798 2389 3113 2457 claritatem,
3148 2392 3186 2445 l.
3762 2434 3769 2439 ι

2352 2462 2478 2536 584.
2516 2459 2691 2536 Sudo,
2749 2478 2944 2516 sereno.
2999 2461 3199 2536 Sudum
3247 2465 3462 2519 dicimus
3495 2504 3510 2529 ,
3551 2469 3701 2536 quasi
3752 2468 3837 2522 sub

2284 2531 2446 2601 udum
2470 2533 2714 2601 serenitas
2736 2548 2849 2600 qua:
2875 2540 2988 2601 post
3019 2535 3215 2598 pluvias
3250 2536 3304 2601 ﬁt
3326 2576 3340 2597 ,
3374 2536 3413 2587 l.

2508 2599 2671 2673 Quin,
2688 2599 3265 2673 insuper.—7Qualitas,
3285 2606 3472 2659 scilicet
3494 2604 3776 2673 Laurentii,
3802 2608 3838 2661 I.

2344 2672 2471 2727 588.
2512 2670 2697 2735 Nidor,
2730 2672 2876 2740 fetor.
2899 2700 2970 2712 --
2992 2672 3212 2738 Nectar,
3245 2674 3483 2731 dulcedo.
3524 2677 3706 2733 Omnis
3732 2670 3840 2733 sua.

2278 2740 2403 2795 vitas
2428 2740 2600 2796 odoris
2629 2741 2817 2794 dicitur
2845 2751 3018 2795 nectar
3036 2784 3050 2810 ,
3086 2743 3216 2797 odor
3239 2746 3427 2809 suavis,
3452 2746 3491 2803 l.

1962 2931 2508 2993 COMMENTARIUS.

681 3075 805 3129 555.
838 3073 953 3127 Gis.
984 3071 1049 3126 ad
1079 3086 1227 3125 oram
1254 3110 1268 3137 ,
1300 3070 1561 3126 Weitzius
1589 3086 1708 3126 cum
1752 3070 2024 3139 plerisque
2046 3073 2178 3139 suis,

613 3152 973 3199 constructum.
1001 3141 1204 3207 Μειιιιε,
1227 3150 1560 3207 constratum,
1578 3149 1635 3196 ut
1661 3156 1843 3211 supra,
1872 3141 2078 3196 Prunas
2105 3154 2182 3197 te-

615 3224 786 3281 pentes
810 3212 1034 3281 sternite.

2352 3071 2479 3142 566.
2508 3069 2646 3142 Male
2657 3067 2894 3124 nonnulli
2919 3069 3086 3139 vulg.,
3115 3079 3164 3124 et
3178 3070 3260 3123 die
3283 3072 3423 3125 color
3446 3087 3543 3142 pro
3560 3079 3607 3127 et
3626 3077 3831 3132 decolor

2514 3140 2648 3220 Vide
2674 3143 2796 3196 Act.
2826 3150 3000 3220 apost.
3028 3149 3163 3220 vae!
3188 3152 3278 3194 vn.
3319 3211 3347 3220 Α.
3399 3193 3414 3220 ,

2353 3211 2476 3267 572.
2519 3210 2682 3264 Calas
2702 3223 2924 3263 numero
2941 3210 3127 3277 plurali
3141 3210 3416 3265 Lucretius
3436 3212 3587 3276 dixit,
3607 3216 3693 3269 vis
3713 3216 3844 3270 alius

839 3279 1599 3374 (gallonius,_eap..'l-,_tabulaa
1634 3281 1740 3374 1.7.,
1768 3281 2026 3374 describit
2054 3297 2173 3338 cra-
2279 3295 2331 3374 εξΔ
2352 3281 2618 3374 profanis:
2649 3279 3591 3374 =apuduchri‘stianos'usitatissimum
3618 3286 3670 3340 id
3702 3296 3786 3341 est
3819 3300 3847 3341 e

609 3351 821 3405 ticulam
852 3350 1078 3404 ferream
1096 3365 1197 3419 qua
1218 3360 1427 3405 assatus
1448 3359 1532 3405 est
1559 3351 1615 3406 S.
1650 3350 1966 3405 Laurentius
1992 3394 2007 3417 ,
2037 3369 2159 3419 qua:

612 3421 857 3489 religiose
891 3432 1195 3475 asservatur
1219 3420 1411 3489 partim
1456 3422 1509 3475 in
1555 3420 1780 3475 ecclesia
1807 3420 1866 3475 S.
1898 3421 2174 3477 Laurentii

611 3489 664 3544 in
696 3490 913 3552 Lucina,
956 3490 1147 3557 partim
1178 3490 1229 3544 in
1262 3490 1591 3558 Paneperna.
1622 3489 1940 3560 Sagittarius
1968 3492 2174 3547 descri-

615 3561 849 3627 ptionem
872 3560 1239 3630 Gallonianam
1270 3560 1320 3612 in
1351 3560 1568 3613 dubium
1600 3570 1761 3614 vertit
1789 3574 1908 3630 cap.
1944 3560 2030 3627 lO,
2056 3576 2174 3617 cum

612 3644 720 3683 non
746 3632 1030 3698 possimus,
1062 3638 1119 3683 ut
1160 3629 1256 3693 ait,
1300 3630 1667 3698 Laurentianze
1692 3629 1961 3685 craticula:
1990 3630 2175 3686 Romae

611 3697 898 3754 asservatte
928 3698 1165 3768 reliquiis
1194 3708 1307 3769 tuto
1352 3710 1604 3765 praestare
1633 3697 1814 3769 fidem.
1869 3702 1940 3753 At
1982 3712 2177 3769 praeter

613 3769 970 3824 venerabilem
1016 3768 1412 3837 antiquitatem,
1452 3783 1518 3822 eo
1566 3768 1820 3835 majorem
1875 3768 2036 3823 fidem
2094 3770 2176 3824 his

610 3839 852 3909 reliquiis
874 3848 1132 3909 praestare
1154 3852 1455 3906 possumus,
1477 3838 1616 3906 quod
1642 3838 1810 3892 tribus
1830 3837 1995 3909 costis
2014 3839 2176 3893 cratis

613 3908 704 3962 illa
731 3907 956 3964 Constet.
1007 3909 1121 3961 Ado
1149 3909 1218 3960 ita
1249 3908 1497 3961 lectulum
1539 3908 1652 3962 sive
1691 3916 1894 3961 cratem
1944 3907 2174 3962 ferream

610 3979 864 4034 describit
888 3996 902 4031 :
934 3978 1134 4031 Allatas
1159 3986 1230 4029 est
1266 3984 1436 4029 autem
1474 3977 1630 4030 lectus
1655 3991 1770 4029 cum
1794 3976 1951 4029 tribus
1976 3978 2130 4031 costis
2155 4022 2171 4046 ,

612 4058 660 4119 et
685 4049 991 4119 θεωροῦσιν
1021 4046 1328 4119 Laurentius
1350 4046 1656 4119 uestimentis
1683 4046 1810 4119 suis,
1833 4056 2065 4119 extentus
2095 4057 2170 4101 est

609 4117 664 4171 in
686 4115 871 4171 cratem
896 4119 1113 4185 ferream
1135 4130 1155 4168 :
1183 4124 1229 4168 et
1257 4115 1402 4167 allati
1430 4123 1546 4167 sunt
1566 4115 1724 4167 batuli
1747 4131 1862 4167 cum
1900 4117 2098 4182 prunis,
2127 4126 2174 4170 et

609 4188 851 4239 miserunt
872 4186 964 4239 sub
1006 4194 1191 4237 cratem
1222 4185 1456 4251 ferream.
1502 4185 1621 4253 Qui
1644 4199 1755 4253 cum
1802 4186 1958 4252 furcis
1999 4185 2174 4253 ferreis

611 4263 953 4324 coarctaretur
968 4254 1200 4324 desuper,
1232 4253 1580 4324 dixit,getc._A
1613 4252 1813 4324 batulo,
1841 4254 1930 4324 qui
1952 4252 2035 4308 eat
2057 4256 2172 4324 pala

613 4323 807 4393 ferrea,
858 4326 921 4393 tit
958 4321 1331 4376 diminutivum
1384 4322 1636 4393 batillus,
1692 4321 1975 4393 Hispanis,
2012 4321 2171 4380 badil.

611 4390 884 4464 Gallonius
909 4392 1049 4464 inter
1085 4400 1285 4446 cratem
1312 4400 1365 4447 et
1397 4392 1589 4447 lectum
1618 4390 2170 4464 ferreu'mgdistingnit,

610 4461 753 4528 quod
780 4462 947 4517 lectus
976 4462 1186 4516 ferreus
1227 4470 1370 4517 esset
1395 4464 1561 4515 instar
1576 4462 1688 4516 veri
1718 4462 1895 4528 strati,
1915 4461 2172 4519 craticula

608 4529 852 4650 lpluribus
879 4532 1039 4612 costis
1066 4530 1134 4585 ad
1175 4530 1390 4599 longum
1428 4532 1567 4586 inter
1591 4545 1652 4613 se
1679 4531 2000 4614 distantibus
2025 4544 2171 4614 esset

630 4599 886 4650 abrtcata.
929 4599 1064 4650 Vide
1109 4599 1339 4650 tabulam
1385 4602 1472 4650 17.
1506 4602 1821 4650 Sagittarius
1858 4602 1925 4650 de
1965 4601 2064 4650 hac
2092 4602 2171 4650 dl-

630 4599 886 4671 'a_bric_ata.
929 4599 1064 4671 Vide
1109 4599 1339 4671 tabulam
1385 4602 1472 4656 17.
1506 4601 1821 4671 Sagittarius
1858 4602 1925 4655 de
1965 4601 2064 4657 hac
2092 4602 2172 4657 di-

607 4667 892 4741 stinctione
934 4668 1158 4741 dubitat.
1206 4668 1318 4741 Hoc
1361 4667 1603 4740 quidem'
1629 4670 1748 4725 loco
1799 4671 2024 4741 lectulus
2073 4688 2172 4741 pro
2201 4672 2255 4733 D
2350 4671 2477 4726 579.

607 4747 755 4821 crate
786 4738 957 4821 ferrea
972 4739 1216 4821 ponitur.
1246 4738 1695 4821 Reverteratione
1718 4755 1820 4821 qua
1845 4740 1904 4795 S.
1934 4738 2172 4821 [τρυφη-

607 4806 666 4861 tii
693 4809 955 4881 craticula
966 4807 1075 4877 jam
1097 4821 1125 4860 a
1146 4806 1427 4881 Justiniani
1444 4806 1787 4881 imperatoris
1808 4822 1870 4881 et
1898 4826 1930 4865 a
1950 4810 2007 4867 8.
2039 4810 2176 4867 Gre-

791 4878 960 4998 ‘Bilagni
1001 4877 1330 4947 temporibus
1374 4877 1687 4948 colebatur,
1730 4880 1903 4935 videri
1951 4895 2172 4948 possunt

726 4964 789 4998 .n
832 4963 958 4998 tam.

632 4948 958 5003 lollandiani.

832 5017 1104 5083 Rat.,Vat.
1134 5018 1196 5087 Β,
1226 5019 1380 5081 Mar.,
1411 5020 1589 5089 Prag.,
1614 5028 1732 5074 tunc
1746 5020 1796 5073 si
1820 5018 2004 5074 licebit.
2029 5020 2157 5087 Alii,

606 5087 800 5211 "‘é‘é‘é‘.
833 5157 986 5226 Prag.
1036 5157 1225 5211 scribit
1265 5155 1564 5211 Volcanum.
1614 5157 1932 5226 Intelligitur
1970 5160 2037 5214 de
2062 5158 2164 5212 deo

605 5237 657 5282 et
684 5228 750 5280 de
779 5228 915 5283 iane.
945 5226 1075 5281 Nam
1098 5226 1411 5282 Laurentius
1434 5228 1561 5281 deos
1584 5228 1868 5282 irridebat:
1896 5230 1975 5283 sic
2021 5244 2163 5282 vers.

605 5244 657 5282 et
684 5244 750 5280 ae
779 5244 915 5349 igne.
945 5244 1075 5308 Nam
1098 5244 1411 5307 Laurentius
1434 5244 1561 5281 aeos
1584 5244 1868 5282 trrtuenat:
1896 5244 1975 5283 διο
2021 5244 2163 5282 vers.

605 5298 748 5367 405;
830 5306 848 5350 t
864 5298 947 5367 [ac
960 5298 1225 5365 penclum,
1246 5296 1370 5365 quid
1390 5307 1506 5349 tuus
1533 5295 1785 5350 Vulcanus
1797 5296 1978 5352 ardens
1989 5300 2164 5367 egerit.

676 5364 801 5421 558.
844 5364 1070 5421 Hailsbr.
1088 5367 1248 5432 male,
1272 5373 1517 5419 torrentes
1535 5375 1737 5429 parant.

674 5435 801 5491 559.
817 5437 973 5502 Man,
991 5437 1322 5498 Parrhasius,
1338 5434 1747 5499 Rat.,amictum.
1760 5432 1944 5490 Melius
1954 5438 2166 5493 amictu.

676 5505 798 5575 560.
842 5507 994 5561 Alex.
1025 5520 1056 5559 a
1087 5509 1253 5571 prima
1305 5519 1484 5575 manu,
1532 5504 1758 5570 vincere;
1789 5505 1909 5561 Vat.
1950 5507 2027 5575 A,
2061 5508 2170 5561 vin-

605 5572 717 5644 ciri.
752 5574 1042 5644 Utrumque
1065 5574 1454 5644 corrigendum.

676 5643 804 5735 585.
844 5643 975 5699 Vide
1005 5644 1174 5701 Exod.
1202 5643 1350 5700 issu
1377 5654 1432 5699 et
1475 5657 1632 5697 xxnv

2276 3348 2445 3407 sacris
2479 3348 2773 3404 Litteris‘et
2800 3348 3060 3403 Hebraico
3090 3351 3248 3419 stylo.

2350 3422 2473 3492 575.
2502 3419 2757 3492 Nebrissa
2775 3422 3072 3492 suspicatus
3101 3431 3183 3492 est
3207 3421 3359 3492 aliter
3383 3435 3501 3476 esse
3518 3424 3805 3492 legendum
3833 3442 3849 3489 ,

2277 3491 2493 3560 exponit
2537 3499 2713 3560 autem
2743 3490 3089 3543 illuminatum
3115 3489 3182 3544 de
3211 3489 3415 3560 fulgore
3434 3532 3448 3553 ,
3478 3489 3638 3560 quem
3690 3495 3848 3548 vide-

2275 3560 2405 3613 bant
2449 3558 2719 3629 baptizati,
2742 3568 2802 3629 et
2829 3574 2941 3629 non
2965 3562 3151 3629 pagani
3179 3577 3191 3611 :
3225 3559 3317 3613 sed
3347 3558 3514 3615 haeret
3542 3562 3744 3617 dubius
3784 3579 3847 3617 au

2276 3643 2453 3699 sermo
2491 3629 2563 3699 sit
2590 3629 2657 3682 de
2681 3627 2886 3697 fulgore
2923 3627 3179 3696 Stephani
3200 3643 3265 3682 an
3292 3629 3357 3699 de
3383 3631 3682 3699 Laurentii;
3718 3648 3840 3686 nam

2278 3697 2404 3774 huic
2432 3697 2592 3751 etiam
2640 3714 2697 3751 os
2742 3700 2920 3751 decore
2969 3700 3246 3774 splenduit.
3278 3697 3846 3774 Gis_elinus_1Eg'yptiis

2276 3768 2529 3820 caeciores
2571 3781 2718 3839 esse,
2734 3768 3065 3839 pronuntiat,
3091 3769 3181 3837 qui
3212 3769 3460 3822 mendum
3490 3768 3848 3839 subesse-pu—

2277 3844 2414 3899 tant,
2443 3850 2643 3904 eosque
2671 3837 2900 3890 affirmat
2945 3837 2998 3891 in
3031 3840 3204 3892 media
3245 3839 3361 3892 luce
3404 3840 3693 3894 mentire:
3731 3837 3848 3896 rem

2278 3914 2455 3960 tamen
2479 3905 2578 3959 sibi
2604 3907 2803 3977 claram
2829 3908 3038 3977 exteris
3061 3924 3165 3961 nun
3182 3907 3454 3977 explicuit.
3484 3907 3752 3965 Cellarius
3776 3915 3853 3966 alt

2277 3990 2491 4029 sensum
2525 3989 2647 4047 esse
2674 3973 3007 4031 Christianus
3031 3991 3215 4031 omnes
3237 3973 3324 4046 qui
3355 3981 3616 4047 astabant,
3645 3982 3851 4036 malum

2276 4054 2517 4112 apertum
2540 4043 2763 4100 vidisse:
2800 4061 2905 4100 non
2935 4059 3113 4101 autem
3146 4043 3396 4115 paganos,
3426 4043 3672 4117 indignos
3699 4061 3851 4104 tanta

2277 4113 2660 4185 luce.Videtur
2688 4129 2816 4185 ergo
2843 4116 2892 4170 id
2922 4117 3165 4185 accipere
3192 4116 3258 4170 de
3284 4117 3422 4185 cmlo
3449 4132 3639 4184 aperto
3664 4164 3678 4185 ,
3712 4121 3847 4175 dum

2277 4182 2579 4251 Stephanus
2603 4184 2868 4252 lapidibus
2897 4182 3234 4240 obrueretur.
3268 4182 3687 4243 Certum'tamen
3714 4190 3854 4245 mihi

2277 4262 2362 4327 est
2410 4252 2861 4327 Prudentiu_m_de
2903 4254 3105 4327 fulgore
3133 4256 3191 4310 8.
3226 4255 3494 4327 Laurentii
3541 4256 3730 4327 loqui:
3784 4261 3856 4315 de

2277 4322 2433 4394 cuius
2455 4324 2627 4394 odore
2667 4323 2839 4378 simile
2870 4322 3183 4378 miraculum
3226 4325 3394 4394 pergit
3432 4322 3653 4384 narrare
3699 4345 3853 4386 vers.

2275 4391 2403 4457 585,
2422 4391 2571 4463 Quin
2599 4394 2711 4461 ipsa
2739 4394 2909 4463 odoris
2935 4394 3178 4463 qualitas.

2345 4461 2470 4517 575.
2500 4463 2774 4539 Reinsius,
2805 4462 2896 4517 lib.
2915 4461 3111 4529 t'Adv.,
3135 4479 3254 4533 cap.
3278 4464 3567 4539 6,_conjicit
3591 4468 3860 4539 baptisma

2274 4539 2462 4585 ratum.
2500 4531 2641 4587 Nihil
2686 4540 2767 4587 est
2798 4546 3017 4587 necesse
3060 4531 3285 4589 mutare.
3319 4531 3399 4590 'Hi
3445 4531 3692 4592 videntur
3724 4554 3857 4594 esse

2275 4602 2482 4667 Patres,
2511 4602 2600 4671 qui
2629 4610 2811 4671 postea
2840 4601 3118 4657 laudantur
3141 4619 3283 4657 vers.
3313 4605 3437 4660 490.

2558 4671 2668 4747 ath.
2699 4672 2883 4747 hymn.
2919 4671 2970 4738 7,
3000 4686 3143 4728 vers.
3192 4673 3295 4730 154
3315 4714 3330 4739 ,
3361 4673 3621 4747 Nigrante
3649 4675 3860 4730 vultum

2279 4741 2497 4796 conteait
2534 4741 2796 4796 velamine.

2518 4811 2885 4883 Virgiliuslib.
2911 4826 2988 4883 ιιι
3008 4830 3027 4883 γε
3058 4810 3403 4877 Nidoremque
3430 4814 3662 4868 ambusta
3679 4816 3860 4871 dedit.

2282 4879 2884 4953 VidegElmenhorstium
2905 4882 2971 4936 ad
2991 4882 3282 4953 Arnobium
3304 4884 3397 4938 lib.
3430 4898 3525 4949 vu,
3558 4899 3680 4953 pag.
3720 4886 3861 4940 116.

2347 4950 2472 5005 587.
2504 4951 2647 5013 Rat.,
2679 4951 2899 5014 diverse,
2931 4967 3036 5005 non
3059 4952 3218 5006 male.

2347 5018 2472 5074 588.
2506 5020 2584 5076 De
2623 5020 2809 5075 nidore
2834 5020 2953 5073 vide
2973 5035 3169 5074 comm.
3217 5021 3282 5074 ad
3324 5036 3467 5077 vers.
3511 5024 3615 5079 759
3641 5025 3862 5090 Apoth.

2277 5088 2471 5143 Nectar
2495 5092 2721 5144 sumitur
2750 5104 2845 5157 pro
2885 5090 3050 5145 odore
3074 5105 3138 5144 ex
3181 5102 3395 5146 nectare
3419 5088 3703 5148 emuente.
3723 5094 3866 5149 Ovi-

2275 5161 2395 5213 dius
2443 5159 2656 5233 Metam.
2681 5159 2773 5212 lib.
2820 5174 2919 5233 tv:
2969 5158 3193 5233 Nectare
3239 5162 3450 5233 adaque
3490 5164 3684 5233 spargit
3738 5181 3867 5218 cor-

2275 5244 2466 5295 pusque
2510 5231 2793 5302 locumque.
2827 5229 3100 5302 Lucretius
3129 5230 3200 5302 lib
3236 5246 3306 5285 tt:
3339 5230 3406 5285 Et
3437 5229 3588 5285 nardi
3615 5229 3821 5301 ﬂorum
3841 5276 3861 5302 ,

2274 5307 2446 5373 nectar
2473 5298 2559 5365 qui
2587 5300 2792 5373 naribus
2818 5300 2993 5373 halat.
3014 5299 3351 5369 Prudeut'us,
3379 5303 3562 5373 hymn.
3717 5298 3867 5357 Vin;

2273 5368 2460 5435 ceutii,
2489 5382 2626 5421 vers.
2669 5368 2796 5430 280,
2832 5368 3105 5423 Redolente
3145 5379 3321 5423 nectar
3342 5368 3568 5425 carcere.
3592 5369 3865 5428 Gifanius

2274 5436 2504 5490 advertit
2555 5437 2928 5491 translationes
2968 5454 3034 5491 ex
3065 5454 3171 5493 uno
3211 5454 3373 5494 sensu
3423 5442 3474 5493 in
3502 5441 3663 5494 alium
3703 5443 3871 5497 sumi

2275 5506 2471 5571 solere,
2504 5506 2732 5574 ideoque
2780 5506 2905 5574 poni
2933 5515 3113 5561 nectar
3144 5522 3239 5575 pro
3283 5509 3451 5564 odore
3496 5509 3868 5566 suavissimo.

2273 5575 2378 5653 sed
2402 5575 2591 5630 melius
2609 5575 2812 5653 diceret
2827 5591 3046 5653 causam
3061 5578 3189 5653 _po_ni
3212 5593 3305 5646 pro
3323 5578 3517 5633 effectu
3535 5598 3549 5633 :
3574 5589 3631 5634 ut
3647 5580 3697 5633 si
3728 5583 3875 5651 quis

2274 5645 2454 5697 vinum
2487 5659 2582 5714 pro
2602 5644 2767 5701 odore
2794 5646 2899 5701 vini
2924 5644 3241 5704 suavissimo
3279 5659 3513 5718 usurpet.
