2026 3092
199 205 326 241 Idemque
337 211 444 238 sensu,
457 204 557 240 dispari

241 251 359 279 v’ariatus
373 259 450 284 aura,
464 256 509 278 aut
523 251 607 279 allicit

233 296 349 324 Honore
363 303 442 324 nares
456 296 560 324 vindice
569 316 578 329 ,

232 342 315 376 920
328 341 381 369 Aut
402 340 501 369 mulcet
515 341 704 369 oblectamine.

195 387 243 414 Sic
256 387 324 422 ignis
337 392 455 415 aeternus
469 387 557 414 Deus:

230 432 297 459 Nam
311 432 435 460 Christus
449 432 516 468 ignis
526 439 609 461 verus
622 437 683 462 est:

232 479 257 507 Is
270 479 327 514 ipse
341 479 458 514 complet
467 479 567 507 lumine

231 524 332 559 Justos,
346 529 374 553 et
390 525 443 552 urit
457 525 563 552 noxios.

197 570 339 605 Postquam
354 578 438 605 vapor
450 570 569 598 diutinus

233 615 343 643 Decosit
355 620 479 642 exustum
494 616 576 647 latus,

233 660 308 689 Ultro
320 668 335 688 e
347 666 448 688 catasta
460 661 577 695 iudicem

232 707 383 741 Compellat
402 706 483 734 aﬂatu
498 707 571 735 brevi
581 717 589 736 :

196 752 328 780 Converte
341 757 443 787 partem
453 754 572 788 corporis

230 799 301 827 Satis
307 806 395 826 crema
399 804 451 826 tam
460 799 568 834 iugiter,

231 845 266 872 Et
278 845 320 872 fac
334 845 462 879 periclum
477 846 539 880 quid
553 851 614 874 tuus

235 890 367 917 Vulcanus
374 890 470 917 ardens
481 891 575 925 egerit.

111 936 159 964 605
195 936 341 963 meectus
350 935 446 963 inverti
453 936 538 970 jubet.

229 980 304 1007 Tunc
315 980 376 1007 ille:
392 980 503 1007 Coetum
520 984 573 1013 est,
590 978 700 1014 devora,

229 1024 262 1051 Et
274 1024 485 1058 erperimeutum
499 1031 581 1059 cape,

228 1071 268 1098 Sit
284 1071 396 1098 crudum
416 1078 449 1097 an
469 1077 557 1098 assum
584 1071 702 1099 suavius.

193 1116 257 1143 llaec
270 1115 432 1143 ludibundus
442 1115 567 1147 dixerat;

229 1162 308 1197 921
323 1161 425 1188 Caelum
435 1161 530 1188 deinde
539 1162 663 1197 suspicit,

231 1207 267 1234 Et
279 1206 482 1240 cOngemiscens
496 1206 630 1240 obsecrat,

230 1251 371 1277 Miseratus
383 1250 474 1277 urbem
490 1250 629 1279 Romulam
642 1262 650 1280 τ

193 1297 217 1324 0
229 1296 343 1332 Christe,
359 1296 461 1324 Numen
475 1297 592 1331 unicum,

111 251 163 279 590

108 478 160 506 395

108 708 161 736 ιοο

111 1161 159 1190 H0

690 147 973 178 PERISTEPHANON
993 151 1099 181 IIYMN.
1120 152 1152 182 ΙΙ.

912 210 936 239 Α
1075 209 1097 236 0
1111 210 1249 244 splendor,
1263 218 1279 237 ο
1294 211 1376 239 virtus
1389 211 1485 245 Patris,

1677 158 1734 189 3!!

949 254 1002 282 “5
1072 255 1094 282 Ο
1109 256 1192 283 laetor
1201 256 1273 283 orbis
1286 261 1314 284 et
1326 258 1390 291 poli,

1075 302 1159 334 Atque
1171 306 1264 328 auctor
1279 301 1372 329 horum
1386 302 1512 330 montium
1525 311 1532 330 :

1036 343 1086 377 Qui
1100 350 1204 379 sceptra
1222 346 1312 373 Romae
1326 346 1351 373 in
1365 347 1465 374 vertice

1076 390 1175 417 Rerum
1188 390 1292 425 locasti,
1307 392 1433 420 sanciens

1074 434 1200 463 Mundum
1211 436 1339 470 Quirinali
1351 443 1419 473 togae

1071 479 1190 514 Servire,
1204 486 1231 508 et
1243 482 1325 508 armis
1339 484 1446 515 cedere,

1038 523 1070 552 Ut
1084 524 1283 560 discrepantum
1299 527 1417 561 gentium

1074 569 1172 604 Mores,
1189 574 1216 597 et
1227 571 1434 604 observantiam,

1070 614 1249 651 thlglﬂlsqlle,
1261 621 1288 643 ct
1302 616 1417 651 ingenia.
1429 621 1457 645 et
1468 624 1554 651 sacra,

1072 660 1137 687 Unis
1148 661 1270 689 domares
1286 662 1388 697 legibus
1400 672 1409 697 ;

945 704 998 733 425
1032 705 1071 733 Εη
1086 714 1165 734 omne
1178 708 1226 735 su‘b
1239 715 1349 743 regnum
1362 708 1439 737 Remi

1070 752 1181 780 Mortale
1194 754 1328 781 concessit
1337 762 1420 789 genus
1434 764 1441 782 :

1068 797 1140 825 Idem
1155 798 1297 833 loquuntur
1311 799 1411 827 dissoni

1067 847 1149 883 922
1164 847 1249 881 Ritus,
1265 848 1291 876 id
1305 849 1390 883 ipsum
1403 850 1532 877 sentiunt.

946 477 1002 506 6ῒύ

908 890 933 921 Β
1034 897 1091 925 Hoc
1102 899 1273 933 destinatum,
1287 908 1340 936 quo
1354 902 1438 936 magis

942 946 995 975 430
1066 947 1113 975 Jus
1128 948 1272 976 Christiani
1287 950 1413 984 nominis,

1067 1000 1248 1035 Quodcunque
1259 1005 1389 1029 terrarum
1400 1002 1484 1037 jacet.

1068 1050 1127 1078 Uno
1137 1050 1253 1085 illigaret
1264 1052 1381 1080 vinculo.

1033 1099 1081 1133 Da.
1096 1099 1211 1132 Christe,
1228 1100 1356 1129 Romanis
1369 1102 1432 1135 tuis,

1066 1153 1107 1180 Sit
1118 1152 1268 1180 Christiana
1283 1159 1312 1181 ut
1325 1152 1419 1182 civitas
1431 1163 1438 1181 :

1069 1202 1121 1229 Per
1135 1210 1213 1237 quam
1230 1202 1328 1231 dedisti
1343 1208 1372 1231 ut
1384 1204 1489 1232 caloris

1064 1254 1138 1281 Mens
1150 1263 1200 1281 una
1212 1262 1350 1283 sacrorum
1365 1256 1445 1283 foret.

1029 1303 1250 1331 Confmderentur
1270 1306 1360 1332 omnia

941 1201 995 1229 435

762 1342 903 1371 GLOSStE
922 1345 1091 1375 VETERES.

139 1389 204 1417 590.
225 1389 293 1416 Aura
305 1409 312 1421 ,
328 1389 414 1415 odore.
426 1403 462 1408 —-
477 1389 582 1421 Afﬁcit,
610 1389 696 1424 afﬂigit
708 1410 714 1421 ,
737 1389 841 1423 afﬂixit,
865 1388 886 1416 l.

140 1425 205 1451 591.
228 1424 336 1450 Vindice
347 1445 353 1455 ,
369 1424 521 1455 vindicante,
540 1425 558 1450 Ι.

141 1459 205 1486 592.
226 1459 422 1489 Oblectamine,
449 1460 626 1492 delectatione,
645 1459 664 1486 1.

140 1494 204 1522 597.
226 1493 359 1524 Diutinus.
375 1495 474 1528 longus,
492 1494 512 1520 l.

141 1530 205 1557 ὅδε).
226 1529 312 1560 Ultro,
327 1529 493 1564 sponte.-—E
516 1533 627 1561 catasta,
653 1537 665 1555 e
689 1530 811 1556 trnlicula
825 1537 835 1557 :
849 1529 891 1564 qui

111 1564 133 1591 il
146 1570 244 1591 catasta
259 1569 322 1596 erat,
339 1563 359 1590 Ι.
376 1563 396 1589 Ε
409 1564 540 1595 craticula,
565 1564 630 1589 Mar.

142 1599 206 1626 405.
228 1598 369 1630 Periclum,
385 1599 586 1632 inquisitionem,
605 1599 799 1633 separationem,
817 1598 836 1625 Ι.

142 1634 207 1661 ιω.
228 1634 373 1665 Vulcanus,
389 1634 481 1659 dicitur
496 1634 572 1668 ignis,
590 1633 609 1659 l.

142 1670 206 1697 406.
224 1668 300 1695 Tunc
315 1668 369 1700 ille,
385 1669 479 1695 scilicet
503 1669 552 1700 ait,
570 1668 589 1694 l.

976 1393 1037 1420 409.
1061 1393 1249 1426 Ludibundus,
1266 1395 1356 1421 similis
1372 1396 1479 1427 ludenti,
1494 1395 1513 1422 Ι.

975 1428 1038 1454 419.
1054 1428 1191 1461 Quirinali,
1210 1429 1338 1461 Romamn,
1355 1431 1373 1456 Ι.

975 1463 1038 1489 42ἴὶ.
1057 1465 1141 1494 Remi,
1155 1464 1316 1497 imperatoris
1335 1465 1516 1495 Romanorum,
1534 1466 1552 1491 l.

977 1498 1038 1535 426.
1055 1498 1203 1535 Concessit,
1221 1500 1346 1530 convenit,
1360 1501 1453 1526 scilicet
1471 1501 1603 1534 Dominus,
1616 1501 1637 1535 Ι,

977 1533 1040 1560 450.
1056 1533 1114 1564 .Ius,
1129 1533 1179 1563 lex,
1195 1534 1260 1561 Mur.

981 1567 1042 1594 455.
1058 1569 1177 1597 Cmteris.
1192 1570 1316 1602 gentibus,
1330 1570 1348 1596 l.

905 1593 928 1623 C
980 1593 1043 1630 436.
1061 1593 1265 1636 ῐὶιιέιιέζῇὶίέέξιῖ

980 1638 1043 1664 437.
1059 1638 1290 1671 (Σοιιῐωᾱεῑειηυτ,
1306 1641 1502 1675 conjungantur,
1516 1641 1536 1668 l.

779 1712 1057 1741 COMMENTARIUS.

143 1759 206 1787 590.
222 1759 317 1791 Aldus,
333 1759 463 1785 variatur:
479 1758 572 1785 melius
592 1762 715 1785 variatus.

144 1795 205 1821 593.
221 1795 354 1828 Rupertus
365 1793 520 1825 Tuitientis,
537 1793 583 1820 lib.
594 1801 638 1821 vin
652 1793 686 1820 de
703 1793 787 1821 Divin.
801 1794 892 1826 0fﬁc.,

112 1837 167 1861 cap.
181 1831 223 1861 ll),
245 1827 280 1856 de
293 1829 322 1856 S.
339 1827 481 1864 [augentia
494 1837 500 1854 :
514 1828 593 1864 Cujus
614 1832 730 1855 ussatura
743 1829 853 1856 suaviter
867 1829 893 1855 in

114 1870 160 1891 tota
172 1864 268 1891 Christi
280 1864 383 1925 gagrat
395 1862 521 1903 Ecclesia:

147 1898 271 1925 593.Cur
303 1906 350 1925 eus
357 1903 521 1925 voceturtunt

147 1899 208 1926 59⁸5.
217 1898 271 1926 Cur
280 1897 350 1925 Deus
357 1903 464 1925 vocetur
470 1898 547 1931 ignis,
554 1898 615 1925 vide
621 1897 764 1933 Hamartig.
772 1898 877 1925 vers.'ll
885 1917 891 1924 .

145 1934 208 1961 396.
224 1934 310 1967 Egm.,
323 1933 420 1964 Palat.,
436 1938 511 1965 uret;
526 1933 583 1965 alii,
599 1934 662 1959 urit.

146 1969 208 1996 59!).
229 1968 386 1995 Parrhasius
399 1967 489 1994 scribit
510 1969 637 1994 cat/utsin.
653 1967 783 2002 Josephus
797 1968 844 1994 lib.
860 1967 894 1994 de

113 2004 229 2031 Mat-hab.
244 2006 376 2030 memorat
387 2008 495 2028 catastas
507 2003 639 2037 {ria-arias,
656 2007 682 2029 et
694 2004 730 2029 ait
742 2003 793 2037 igni
811 2004 836 2029 in
850 2010 898 2029 (εει

114 2043 178 2066 taste
190 2044 333 2073 martyrem
345 2037 435 2071 objici.
447 2037 574 2070 Suspicor
585 2045 599 2063 a
614 2038 757 2073 lfrudentio
771 2039 820 2064 hoc
836 2039 895 2073 loco

115 2078 237 2101 catasuim
259 2072 328 2100 sumi
344 2080 391 2106 pro
410 2076 483 2098 crate
508 2073 603 2099 terrea.
621 2072 685 2099 Vide
699 2076 843 2099 comment.
861 2072 894 2099 ad

115 2116 181 2137 vers.
193 2109 227 2136 56
247 2108 341 2142 hymn.
359 2107 369 2133 l
393 2106 542 2140 Perisleph.
558 2107 714 2140 Sagittarius
735 2115 795 2142 cap.
812 2107 845 2134 10
860 2107 897 2134 ait

117 2145 141 2171 id
153 2144 279 2177 explicari
292 2149 370 2176 posse
382 2142 416 2169 de
429 2142 534 2168 editiuri
550 2149 683 2176 pegmate.
700 2143 726 2169 in
739 2150 791 2177 quo
801 2150 896 2169 eaeru-

116 2176 210 2206 ciatuin
225 2185 285 2205 esse
299 2176 471 2204 Laurentium
486 2176 631 2204 verisimile
647 2181 701 2204 est.

150 2214 208 2240 £00.
225 2213 354 2242 Hailsbr.,
369 2210 462 2244 affectu
483 2212 568 2243 brevi;
591 2219 672 2245 supra
692 2211 784 2246 aﬂ'atu,
799 2211 894 2246 probe.

149 2249 208 2275 407.
225 2248 323 2281 Bong.,
335 2247 503 2281 experimento
516 2254 567 2273 non
584 2246 621 2273 ita
637 2247 714 2274 bene.
732 2247 896 2280 Antepenul-

118 2283 176 2309 tima
190 2283 216 2310 in
235 2280 436 2315 experimentum
450 2280 537 2308 brevis
558 2282 626 2308 solet
648 2282 776 2314 indicari;
799 2290 811 2306 τι
832 2282 898 2308 Pru-

120 2318 205 2345 dentio
216 2316 373 2353 producitur
381 2323 429 2353 per
442 2315 574 2353 diastolen
585 2316 626 2343 vel
641 2316 798 2353 necessitate
807 2316 896 2344 metri.

152 2351 358 2383 ιοεζιιείισιπ..
373 2351 409 2377 sic
428 2351 553 2377 crudum:
569 2351 626 2385 lege
641 2352 682 2378 sit.

153 2387 211 2414 409.
231 2387 340 2420 Quatrat
353 2385 448 2420 aliquis
462 2393 496 2412 an
517 2385 561 2412 hic
571 2385 646 2419 jocus
659 2386 684 2412 in
701 2391 817 2420 martyre
828 2385 897 2412 Lau-

122 2422 204 2449 rentio
227 2421 325 2448 debeat
349 2420 460 2447 laudari.
485 2420 664 2453 Quiestionem
689 2422 827 2448 resolvunt
846 2421 896 2448 SS.

120 2455 218 2489 Patres,
234 2457 278 2489 qui
302 2455 454 2483 laudarunt.
472 2454 635 2489 Augustinus
656 2463 739 2482 serm.
754 2455 816 2486 505,
832 2456 897 2482 alias

121 2491 170 2518 125
189 2491 221 2518 de
235 2489 354 2518 Diversis
372 2498 390 2524 :7
402 2490 469 2521 Quid
484 2489 621 2524 pluribus?
643 2489 770 2517 Craticula
794 2490 898 2516 admota

121 2530 166 2558 est,
176 2530 199 2553 et
207 2530 286 2552 tostus
305 2530 352 2551 est.
368 2523 470 2550 Etcum
480 2523 511 2551 ex
529 2532 578 2551 uno
590 2525 665 2551 latere
678 2526 790 2556 arsisset,
807 2525 900 2550 dieitur

121 2564 189 2586 tanta
211 2559 397 2593 tranquillitate
411 2559 457 2585 illa
471 2564 595 2594 tormenta
610 2561 738 2591 tolerasse,
760 2565 788 2586 ut
806 2560 898 2594 imple-

120 2600 187 2621 retur
199 2595 224 2621 in
239 2603 267 2622 eo
279 2596 346 2629 quod
361 2594 478 2629 modarin
494 2593 632 2628 Evangelia
642 2595 785 2620 audivimus
795 2593 843 2620 :lu
854 2602 901 2628 pa-

122 2629 206 2655 tientia
232 2635 315 2656 uestra
339 2628 498 2663 possidebitis
521 2630 619 2655 animas
647 2633 753 2655 uestras.
789 2629 901 2662 Denique

121 2665 221 2698 flamma
239 2669 321 2697 ustus,
339 2662 385 2690 sed
399 2663 520 2697 patientia
540 2662 691 2697 tranquillus
703 2671 712 2689 :
726 2663 795 2695 Jam,
808 2664 901 2697 inquit,

122 2702 217 2734 c_odum
233 2705 287 2726 est:
300 2699 368 2734 quod
383 2702 510 2734 superest,
525 2702 620 2734 versate
637 2706 686 2730 me,
699 2703 723 2724 et
737 2699 899 2725 manducata.

127 2731 187 2759 Tale
198 2735 270 2760 duxit
281 2731 431 2767 martyrium
440 2754 447 2765 ,
461 2733 509 2759 ista
524 2733 605 2767 gloria
619 2738 753 2758 coronatus
767 2738 813 2759 est.

159 2767 215 2795 H3.
232 2770 303 2799 Put..
316 2768 421 2800 Ambr.,
434 2775 522 2794 nomen
537 2767 649 2797 unicum,
663 2774 742 2801 quam
756 2767 897 2794 lectionem

124 2801 244 2837 Beinsius
258 2803 353 2830 fulcire
365 2807 487 2834 conatur,
499 2802 559 2836 quia
575 2809 645 2828 vers.
663 2801 714 2829 l59
734 2802 827 2837 hymni
842 2809 900 2837 seq.

124 2835 215 2867 legitur
227 2848 234 2864 ε
251 2838 352 2865 Nomen
366 2841 390 2863 et
407 2837 463 2870 ipsa
478 2835 578 2863 suerunt
592 2837 703 2871 loquitur
716 2835 831 2872 purpura
841 2835 903 2864 sari-

944 1760 1026 1795 guinis
1054 1759 1264 1795 elititt'mVerum
1288 1760 1366 1795 longe
1391 1761 1524 1787 diversum
1547 1766 1587 1787 est
1606 1768 1725 1790 cruorem

944 1793 1139 1827 quodammodo
1154 1794 1223 1828 loqui
1249 1793 1344 1821 nomen
1364 1796 1472 1826 Christi.
1494 1803 1523 1821 ac
1535 1795 1668 1823 Christum
1682 1806 1727 1823 vo.

943 1828 998 1854 cari
1015 1836 1103 1854 nomen
1120 1830 1231 1860 unicum,
1248 1829 1310 1855 dum
1336 1830 1483 1857 invircutur.
1501 1832 1592 1857 Melius
1615 1831 1727 1859 fortasse

944 1863 1040 1889 allusit)
1056 1864 1133 1889 lierct
1147 1863 1178 1889 ad
1195 1871 1284 1889 nomen
1298 1873 1372 1898 super
1387 1873 1458 1891 autne
1473 1874 1571 1891 nonien.

978 1898 1040 1924 4M.
1058 1898 1084 1924 In
1103 1898 1221 1934 Romano
1235 1906 1306 1934 vers.
1320 1899 1383 1930 MSS,
1397 1900 1510 1925 Christus
1522 1908 1632 1932 paterme
1642 1902 1728 1934 gloria!

945 1933 1074 1965 splendor.
1101 1933 1149 1964 Ep.
1173 1934 1204 1958 ad
1232 1933 1324 1965 llelir.,
1347 1942 1406 1967 cap.
1430 1942 1446 1965 ι,
1463 1935 1533 1960 ν.5;
1552 1935 1600 1967 Qui
1622 1933 1678 1961 cum
1697 1938 1728 1963 sit

945 1968 1066 2001 splendor
1078 1968 1176 2001 glorite,
1192 1973 1214 1993 et
1227 1968 1309 2001 [igura
1321 1969 1466 1994 substantia:
1479 1971 1544 2002 ejus.

981 2003 1042 2029 M9.
1056 2003 1120 2029 Mar.
1138 2010 1286 2035 perperam,
1302 2008 1325 2029 et
1339 2004 1471 2029 "tundunt.

980 2038 1041 2063 421.
1062 2038 1126 2064 Vitle
1141 2038 1289 2071 l’rolegnnt.
1302 2046 1362 2071 Cap.
1380 2040 1404 2064 8.

981 2072 1044 2098 425.
1062 2074 1090 2099 S.
1109 2074 1279 2106 Augtminus,
1294 2074 1337 2099 ΙΙΙ).
1355 2081 1395 2099 xtx
1413 2073 1445 2099 de
1459 2072 1536 2100 Civil.
1550 2073 1606 2105 Dei,
1623 2079 1680 2106 cap.
1698 2074 1728 2100 7:

947 2108 978 2133 Αι
991 2109 1057 2134 enim
1071 2116 1147 2140 opera
1162 2108 1221 2133 data
1235 2112 1280 2138 esi,
1295 2113 1321 2133 ut
1332 2109 1465 2142 imperiosa
1481 2108 1568 2133 civitas
1588 2117 1638 2133 non
1648 2108 1729 2134 solum

941 2145 1045 2178 jugum,
1062 2151 1147 2168 verum
1162 2143 1236 2168 etiam
1248 2144 1359 2176 lingttrtm
1371 2151 1441 2168 suam
1453 2144 1553 2168 domitis
1563 2143 1676 2176 gentibus
1688 2152 1730 2176 per

948 2186 1032 2211 pacem
1045 2179 1170 2203 societatis
1182 2178 1318 2209 imponeret
1330 2185 1338 2208 ;
1353 2186 1395 2212 per
1408 2186 1483 2210 quam
1498 2186 1547 2203 non
1562 2179 1667 2212 deesset,
1681 2179 1730 2205 imo

947 2218 970 2239 et
986 2213 1126 2238 abundaret
1142 2213 1214 2238 etiam
1225 2213 1389 2246 interprttum
1402 2214 1483 2244 copia.

982 2248 1045 2273 428.
1062 2247 1134 2278 ΛΙι1.,
1151 2248 1184 2271 (ιιι
1200 2249 1300 2279 ipsum:
1317 2248 1411 2273 tneluts
1426 2247 1452 2272 id
1469 2248 1560 2281 ipsum.

982 2283 1050 2318 429.
1066 2282 1130 2318 rAld.
1149 2281 1258 2313 Weitz.,
1277 2282 1432 2307 Parrhasius
1446 2287 1472 2308 et
1495 2281 1551 2313 alii,
1567 2289 1615 2316 quo
1639 2283 1731 2318 magis.

948 2316 1071 2344 Nonnulli
1086 2317 1162 2349 quod.

984 2352 1046 2378 451.
1070 2350 1125 2377 Gis.
1141 2352 1172 2376 ad
1187 2359 1272 2381 oram,
1290 2351 1347 2377 κη.
1364 2358 1378 2376 a
1394 2351 1508 2377 secun-ln
1526 2359 1604 2377 manu
1620 2360 1731 2385 quaeuti-

949 2395 1013 2421 que:
1035 2386 1134 2418 010m,
1151 2394 1313 2421 quacunque;
1333 2389 1542 2421 ρι’ςι-ὶβιθιιιίοτθε,
1556 2388 1730 2421 quodcunque.

983 2421 1046 2447 45-2.
1069 2421 1162 2453 Ilong.,
1180 2421 1270 2452 Faba,
1290 2420 1362 2454 Rat.,
1380 2420 1434 2447 Gis.
1451 2421 1483 2447 ad
1498 2429 1583 2454 oram,
1601 2422 1676 2448 Teot.
1699 2421 1732 2448 ad

949 2464 1033 2483 oram.
1050 2456 1170 2489 illigares.

983 2488 1046 2517 151.
1060 2491 1119 2517 Ald.
1134 2490 1270 2519 mendoso,
1287 2489 1437 2516 Christiani.

984 2526 1046 2551 437.
1060 2525 1133 2556 Ald,
1148 2525 1313 2555 Parrhasius,
1331 2525 1505 2556 Put.,0xon..
1523 2524 1624 2554 Heins.,
1637 2524 1732 2557 confar-

951 2560 1082 2589 derantur,
1102 2564 1128 2586 ct
1151 2564 1239 2591 postea
1262 2561 1422 2586 mansuescit.
1440 2560 1476 2586 Ita
1493 2560 1571 2586 etiam
1594 2559 1732 2589 Cellarins,

951 2595 994 2628 qui
1007 2602 1055 2628 pro
1067 2595 1115 2620 hac
1128 2594 1240 2620 lectione
1257 2601 1320 2620 mss.
1335 2596 1413 2621 codd.
1427 2596 1505 2626 citat;
1521 2600 1547 2620 et
1561 2594 1680 2621 Teotius,
1691 2594 1734 2625 qui

953 2628 1117 2662 probatiores
1132 2636 1178 2662 pro
1194 2628 1285 2655 eadem
1300 2629 1406 2662 allegat.
1420 2629 1596 2656 Nihilominus
1611 2628 1736 2660 confoede—

951 2669 1038 2690 rentur
1052 2668 1137 2690 exstat
1153 2663 1178 2688 iu
1197 2663 1254 2690 Vat.
1277 2664 1308 2695 A,
1324 2664 1399 2695 Man,
1414 2665 1503 2697 l’rag.,
1522 2663 1594 2695 Rat"
1610 2662 1730 2689 Weima

953 2699 1005 2730 nis,
1018 2698 1150 2732 plerisque
1164 2697 1323 2731 Ileinsianis,
1339 2699 1398 2725 cod.
1412 2696 1544 2728 Bollattd.,
1555 2704 1581 2724 et
1593 2697 1660 2723 aliis.
1675 2696 1732 2723 Gnl-

953 2734 1057 2760 landius
1073 2733 1187 2766 praetulit
1213 2733 1423 2767 confuderentur,
1447 2736 1475 2759 et
1498 2736 1655 2759 mansuescat
1677 2738 1738 2757 cum

952 2767 1166 2794 emendatissima
1184 2767 1301 2795 editione
1315 2767 1496 2798 Tornazsiana,
1511 2767 1540 2794 S.
1560 2767 1615 2794 Leo
1628 2767 1737 2801 Magnus

952 2809 1034 2829 serm.
1056 2802 1091 2829 88
1106 2809 1159 2829 non
1181 2802 1266 2828 solum
1280 2801 1437 2828 sententiam
1453 2801 1521 2829 hanc
1532 2799 1683 2831 esuressitf
1690 2799 1736 2828 sed

952 2837 1034 2864 etiam
1054 2837 1135 2864 verba
1148 2837 1204 2870 ipsa
1220 2836 1354 2863 Prudentii
1374 2836 1523 2870 sumpsisse
1536 2835 1642 2865 videtur
1658 2844 1665 2864 :
1682 2835 1736 2863 Dis-
