4052 6184
523 297 630 354 M3

737 406 1168 478 Corporibusqne
1197 406 1296 481 piis
1327 404 1539 460 inhians
1558 448 1572 472 ,

729 497 942 554 Viscera
973 499 1149 553 sobria
1173 497 1454 560 dilacerat,

518 590 586 641 90
729 587 935 643 Gaudet
958 599 1011 644 et
1049 588 1361 642 excruciare
1383 587 1560 641 fidem.

658 679 794 746 Ergo
820 692 938 748 age,
969 686 1163 745 tortor,
1193 676 1383 743 adure,
1418 691 1564 742 seca,

728 769 911 824 Divide
937 768 1174 824 membra
1203 776 1386 822 coacta
1414 768 1548 822 luto.

725 859 943 915 Solvere
970 874 1080 914 rem
1108 859 1344 927 fragilem
1368 859 1522 912 facile
1543 855 1625 913 est
1650 873 1663 909 :

726 951 840 1005 Non
873 949 1233 1018 penetrabitur
1265 949 1491 1004 interior

517 1041 586 1096 93
732 1043 1045 1112 Exagitante
1074 1041 1262 1096 dolore
1291 1040 1521 1094 animus.

661 1131 879 1186 Talibus
909 1130 1114 1185 excitus
1136 1130 1186 1183 in
1220 1129 1382 1182 furias

730 1221 956 1285 Praetor,
980 1220 1054 1274 ait
1079 1236 1093 1272 :
1125 1218 1269 1286 Rape
1297 1217 1622 1289 praecipitem
1645 1254 1672 1280 ,

731 1312 931 1379 Lictor,
961 1320 1012 1365 et
1032 1310 1198 1364 obrue
1226 1309 1502 1379 suppliciis
1532 1326 1546 1361 :

733 1403 960 1470 Sentiat,
991 1417 1112 1459 esse
1139 1403 1268 1456 deos
1297 1402 1518 1469 patrios,

521 1493 620 1550 100
727 1494 836 1550 Nec
859 1495 975 1558 leve
1007 1493 1256 1562 principis
1279 1491 1582 1561 imperium.

657 1586 827 1654 Quam
857 1599 1106 1655 cuperem
1135 1593 1312 1638 tamen
1345 1592 1470 1638 ante
1493 1596 1706 1648 necem,

722 1679 886 1750 950
924 1677 981 1734 Si
1015 1675 1153 1746 potis
1181 1682 1284 1740 est,
1313 1688 1566 1729 revocare
1588 1681 1759 1740 tuam,

728 1770 904 1826 Torva
925 1767 1179 1840 puellula,
1212 1765 1500 1836 nequitiam
1522 1766 1535 1819 !

1620 295 1892 351 AURELH
1939 292 2299 349 PRUDENTH
2341 291 2664 346 (IARMINA.

2129 411 2177 466 Α

2423 403 2668 472 Respice,
2701 401 2889 471 gaudia
2920 409 3116 472 quanta
3148 408 3348 471 metas,

2419 495 2545 560 Quae
2572 495 2667 549 tibi
2701 495 2796 548 fert
2828 494 3055 563 genialis
3085 493 3276 546 honor.

2341 582 2416 637 Te
2446 583 2693 653 lactymis
2725 581 2980 637 labefacta
3013 581 3203 634 domus

2411 671 2788 740 Prosetuitur,
2818 671 3135 740 generisque
3165 669 3241 724 tui

2415 763 2633 832 ingemit
2663 777 2821 816 anna
2849 763 3132 825 nobilitas,

2413 865 2570 920 Flore
2598 865 2738 935 quod
2768 864 2971 918 occidis
3003 865 3053 916 in
3079 871 3290 930 tenero,

2196 966 2298 1022 110
2407 965 2654 1019 Proxima
2686 963 2917 1028 dotibus,
2958 973 3010 1016 et
3038 962 3285 1017 thalamo.

2332 1065 2445 1118 Non
2478 1073 2654 1118 movet
2682 1077 2842 1117 aurea
2873 1076 3064 1131 pompa
3089 1061 3215 1126 turi,

2405 1163 2518 1217 Non
2543 1163 2710 1232 pietas
2743 1161 3042 1216 veneranda
3075 1175 3262 1214 senum
3285 1199 3300 1225 ,

2405 1266 2550 1330 Quos
2578 1262 2856 1317 temeraria
2903 1262 3192 1317 debilitas?

2435 1365 2592 1435 951
2637 1367 2770 1417 Ecce
2801 1373 2980 1432 parata
3010 1363 3310 1418 ministeria

2441 1462 2821 1518 Excruciabilis
2851 1461 3026 1516 exitii.

2365 1567 2471 1620 Ant
2499 1563 2676 1633 gladio
2709 1563 2898 1618 leriere
2924 1571 3079 1631 caput
3096 1600 3113 1627 ,

2441 1665 2545 1718 Aut
2570 1661 2842 1716 laniabere
2870 1661 3107 1715 membra
3135 1658 3280 1722 feris,

2440 1764 2543 1816 Aut
2565 1760 2765 1816 lacibus
2786 1759 2907 1814 data
2931 1758 3198 1828 fumificis,

2208 493 2308 548 105

2194 1466 2296 1521 Ub

1811 1873 2089 1934 CLOSSAS
2129 1874 2462 1932 VETERES.

585 1969 675 2040 88.
699 1967 912 2040 inhians
930 2010 944 2033 ,
968 1979 1228 2040 appetens,
1259 1968 1337 2021 vel
1363 1966 1513 2040 nimis
1533 1965 1760 2038 cupiens,
1786 1965 1828 2020 ι.

586 2039 675 2094 90.
706 2035 1048 2099 Ειετιιοίθτεὲζ
1068 2047 1384 2104 extorquere,
1413 2035 1456 2089 Ι.

514 2151 525 2164 .
586 2108 677 2164 9Ξ.
703 2108 896 2163 Coacta
915 2147 930 2172 ,
953 2109 1245 2172 coniuncta,
1276 2107 1315 2162 1.

589 2177 680 2234 94.
707 2176 1094 2239 Penetrabitur,
1119 2177 1439 2240 interﬁcitur,
1465 2175 1504 2231 l.

591 2249 682 2304 95.
701 2248 1044 2317 Exngitaute,
1079 2248 1344 2317 fatigante,
1361 2245 1415 2317 _I.

525 2386 561 2443 Β
588 2317 677 2440 Mli.
695 2315 1213 2381 Talibus,verbis.-¥
1245 2315 1482 2379 Excitus,
1505 2325 1804 2370 comnotus.
1836 2316 2087 2371 Eaa'tiubi-

561 2403 607 2443 s.
661 2425 676 2443 .

713 2459 906 2523 Lictor,
941 2455 1168 2526 carnifex
1190 2473 1221 2512 α
1247 2455 1484 2527 ligando,
1520 2456 1568 2515 Ι..

595 2527 717 2584 101.
743 2530 931 2596 Quam,
963 2529 1014 2582 in
1037 2538 1304 2596 quantum,
1336 2530 1374 2584 Ι.

2116 1971 2166 2032 Β
2264 1967 2390 2022 102.
2415 1966 2474 2022 Si
2503 1965 2646 2036 potis
2671 1975 2752 2020 est
2769 2005 2784 2031 ,
2815 1965 2865 2020 si
2889 1963 3126 2030 possibile
3153 1975 3248 2031 est,
3266 1965 3324 2036 Vl.

2268 2038 2389 2092 105.
2422 2035 2618 2098 Torva.
2648 2051 2834 2105 aspera
2861 2036 2937 2088 vel
2963 2037 3164 2098 minax,
3195 2035 3272 2089 vel
3297 2045 3588 2098 contumax,
3618 2037 3664 2092 I.

2265 2107 2387 2229 1‘05.
2417 2106 2679 2229 fenialis,
2716 2105 2979 2176 nuptialis,
3012 2106 3168 2160 lectus
3199 2107 3461 2177 nuptialis,
3490 2109 3566 2161 uel
3593 2109 3760 2162 honor

2265 2194 2281 2229 ι
2307 2193 2387 2229 us.
2445 2214 2464 2229 .

2223 2185 2387 2242 ratus,
2421 2185 2464 2229 Ι.

2190 2196 2387 2246 gratus,
2421 2196 2464 2229 ι.

2263 2246 2388 2318 110.
2411 2245 2704 2318 jhalamo,
2737 2246 2994 2318 conjugio,
3015 2243 3055 2298 1.

2262 2317 2382 2372 115.
2409 2315 2738 2386 Temeraria,
2771 2314 3149 2386 pricsnmptrix.
3182 2343 3252 2386 τ-
3283 2314 3572 2386 υθνὺίιίίιτη,
3622 2317 3764 2386 delu-

2191 2386 2290 2449 dis,
2321 2387 2598 2449 excrucies,
2625 2382 2817 2455 foedas;
2844 2385 3116 2453 inﬁrmitas
3152 2384 3321 2454 (forte
3350 2385 3632 2455 infirmas),
3663 2382 3704 2437 Ι.

2265 2455 2388 2510 114.
2419 2455 2578 2520 Ecce,
2610 2454 2796 2526 aspice.
2819 2484 2895 2526 7—
2921 2455 3128 2526 Parata,
3158 2455 3350 2508 scilicet
3375 2465 3514 2523 sunt,
3547 2454 3586 2509 ι.

2263 2526 2387 2582 115.
2420 2526 2601 2590 Exilii,
2635 2524 2846 2593 periculi
2869 2524 2943 2579 vel
2978 2525 3174 2591 mortis,
3204 2527 3306 2580 lso.

1846 2615 2404 2676 COMMENTARIUS.

522 2732 648 2796 Quae
698 2729 974 2798 inscriptio
1001 2730 1200 2784 Cluniae
1239 2731 1291 2784 in
1342 2730 1590 2800 Hispania
1617 2732 1865 2786 esSIabat
1895 2733 1947 2786 in
1969 2732 2087 2800 pul-

521 2801 646 2854 chra
671 2800 937 2855 columna.
970 2800 1165 2856 Ibidem
1191 2815 1256 2855 ex
1281 2799 1727 2856 schedis-Schotti
1756 2801 1945 2858 similis
1967 2799 2084 2856 haec

522 2870 792 2939 inscriptio
822 2869 1043 2939 Cluniae.

994 2937 1421 2992 DlOCLETIAN.
1451 2937 1637 2992 CAES'

959 3007 1115 3061 AVG.
1150 3006 1465 3060 GALERH).
1497 3005 1561 3059 ΙΝ
1588 3007 1701 3061 ΟΙὶΙ

919 3075 1050 3130 ΕΝΤ
1061 3076 1121 3130 Ε.
1155 3075 1396 3130 ADOPT.
1427 3075 1735 3132 SVPERST

1013 3144 1305 3198 Tl'flONE.
1338 3143 1608 3199 CHRIST.

942 3214 1117 3280 VRIQ.
1155 3213 1441 3270 DELETA.
1475 3214 1560 3270 ET
1585 3213 1718 3269 CVL

913 3335 916 3337 .
943 3284 1054 3338 TV.
1085 3285 1283 3338 DEOR.
1315 3284 1726 3341 PHOPAGATO

525 3354 656 3412 Vide
686 3354 967 3409 Baroninm
997 3354 1062 3407 ad
1091 3370 1180 3408 an.
1205 3355 1331 3419 504,
1355 3369 1408 3406 n.
1439 3354 1472 3408 9
1496 3363 1550 3410 et
1578 3355 1660 3410 10.

2264 2729 2387 2784 109.
2418 2727 2540 2782 Put.
2569 2728 2676 2782 sole
2714 2740 2809 2794 pro
2835 2727 2980 2794 ﬂore,
3009 2727 3148 2792 quod
3181 2741 3284 2780 non
3324 2741 3444 2782 esse
3472 2741 3536 2782 ex
3569 2727 3764 2788 nihilo,

2191 2802 2266 2854 ait
2288 2798 2529 2852 Heinsius
2554 2815 2566 2849 :
2591 2797 2850 2862 siquidem
2873 2796 3163 2851 Salinasius
3185 2797 3414 2850 Sillllit'lll
3444 2813 3516 2856 ett
3546 2797 3779 2850 Hatnar.

2193 2869 2386 2939 tigenia
2417 2867 2732 2939 ascripserat
2756 2867 2949 2928 locum,
2981 2865 3050 2939 Ut
3083 2884 3261 2936 pueros
3291 2868 3367 2920 sol
3397 2868 3590 2936 primus
3636 2870 3764 2939 gqir.

2199 2936 2389 2994 verum
2413 2937 2684 3005 epitheton
2716 2946 2884 2988 tenero
2908 2936 3067 3003 exigit
3096 2939 3242 3002 flore,
3273 2951 3324 2990 et
3356 2939 3502 2990 locus
3532 2953 3596 2989 es
3636 2936 3767 3004 Psy-

2195 3009 2503 3064 chomachia
2535 3007 2674 3075 (non
2703 3021 2768 3061 ex
2803 3005 3267 3075 Hatnartigenia),
3304 3023 3442 3061 vers.
3477 3007 3580 3061 845
3609 3024 3627 3060 :
3670 3008 3771 3061 δτι

2199 3094 2383 3148 pueros
2423 3075 2499 3131 sol
2530 3078 2722 3145 primus
2764 3086 2902 3148 agat,
2934 3092 3043 3148 seu”
3065 3079 3228 3145 feruor
3276 3079 3488 3144 ephebos
3523 3077 3771 3132 Incendit

2199 3145 2404 3211 nimius,
2434 3157 2564 3208 etc.,
2597 3162 2702 3200 non
2731 3145 2881 3200 valde
2909 3145 3096 3200 similis
3131 3157 3212 3200 est
3243 3149 3364 3200 huic
3396 3150 3572 3215 phrasi
3629 3150 3767 3200 occi-

2200 3219 2318 3271 dere
2341 3218 2394 3270 in
2414 3217 2521 3272 sole
2558 3227 2745 3269 tenero.
2773 3217 3017 3270 Heinsius
3042 3231 3161 3268 cum
3194 3216 3313 3269 Put.
3337 3229 3388 3270 ct
3419 3216 3620 3280 0mm,
3655 3223 3770 3270 tha-

2199 3289 2368 3352 lamis,
2393 3303 2456 3340 ex
2485 3301 2589 3353 quo
2605 3285 3153 3353 snSpicatur-thalanti.
3185 3286 3286 3340 Alii
3311 3287 3492 3355 probe,
3513 3286 3768 3340 thalamo.

2203 3357 2563 3419 Recentiores,
2593 3356 2856 3424 thalamis,
2886 3371 3006 3410 cum
3037 3355 3274 3409 lleiusio.

591 3425 680 3496 88.
713 3425 867 3496 Prag.
900 3423 1095 3480 omittit
1144 3439 1262 3491 que,
1303 3423 1443 3493 quod
1466 3424 1804 3479 desideratur
1831 3422 1897 3478 ad
1927 3426 2085 3483 metri
2113 3429 2168 3496 ο
2265 3427 2385 3480 114.
2418 3425 2703 3480 Ministeria
2744 3422 2850 3493 pro
2878 3425 3120 3496 ministris
3155 3436 3207 3478 ct
3247 3426 3615 3480 instrumentis
3647 3445 3773 3495 sup-

525 3493 807 3550 rationem.

595 3564 683 3618 93.
712 3563 934 3618 Ovidius
979 3579 1034 3618 Ill
1063 3564 1256 3633 Trist.,
1307 3564 1444 3634 eleg.
1477 3565 1564 3633 tt,
1609 3564 1679 3618 Et
1708 3564 1932 3620 minima:
1958 3553 2090 3622 uiris

525 3637 760 3704 frangere
787 3649 970 3704 quassa
991 3635 1172 3704 solent.

595 3702 683 3776 99.
713 3702 967 3776 Caligulae
1009 3703 1134 3776 illud
1171 3705 1392 3761 traditur
1421 3705 1586 3762 fuisse
1613 3715 1936 3776 praeceptum
1968 3723 1980 3758 :
2006 3705 2093 3760 Ita

525 3773 640 3843 feri,
670 3783 723 3826 ut
742 3790 806 3827 se-
819 3775 948 3827 mori
969 3773 1169 3828 sentiat.

596 3844 716 3898 100.
747 3844 980 3900 Breviar.
1026 3843 1183 3909 Moz.,
1215 3861 1276 3897 ne
1299 3855 1517 3900 temneat
1545 3860 1572 3900 :i
1594 3846 1819 3901 emenda
1845 3862 1934 3900 nec
1961 3844 2087 3899 leve.

596 3912 719 3968 102.
752 3913 898 3979 A-ld-.,
933 3913 1172 3968 Breviar.
1221 3915 1378 3978 Μυκη
1413 3915 1657 3970 Heinsius
1692 3931 1810 3970 cum
1860 3916 1969 3970 suis
1994 3931 2090 3968 Ve-

529 3983 860 4048 tustioribus,
903 3984 1086 4044 Fabr..
1115 3983 1370 4049 Hailsbr.,
1400 3985 1587 4053 Bong.,
1626 3983 1935 4053 Rninartius
1964 3986 2091 4038 alii-

525 4067 647 4123 que,
689 4055 734 4108 si
779 4055 910 4123 potis
951 4070 1028 4108 es.
1075 4053 1232 4119 Urb.,
1285 4053 1422 4106 Vatt.
1457 4052 1613 4119 P,Q,
1646 4052 1863 4117 Weitz.,
1913 4055 2088 4118 Egm.,

526 4121 749 4186 \Vidm.,
773 4121 816 4175 si
854 4125 987 4188 potis
1031 4133 1124 4189 est,
1158 4123 1298 4190 quod
1329 4123 1536 4177 videtur
1573 4131 1785 4177 exstare
1816 4125 1868 4176 in
1909 4124 2086 4184 Alex.,

526 4199 580 4244 et
606 4206 670 4244 ex
692 4201 797 4244 vet.
830 4193 924 4260 lib.
956 4193 1254 4246 defenditur
1282 4209 1308 4243 a
1349 4191 1557 4247 Gifanio
1589 4193 1640 4244 in
1670 4193 1918 4252 viridam.
1947 4193 2088 4260 quod

527 4269 746 4313 venuste
769 4259 874 4331 dici
905 4269 1084 4331 putat,
1102 4272 1158 4314 ut
1187 4262 1326 4329 apud
1353 4263 1684 4331 Terentium,
1707 4272 1761 4316 et
1780 4259 2024 4331 antiquos
2046 4263 2091 4316 si

527 4337 708 4401 potest,
737 4329 782 4382 si
803 4331 1004 4401 poterit.
1039 4330 1091 4383 ld
1135 4345 1239 4399 non
1286 4333 1453 4401 placet
1487 4330 1722 4396 Heinsio,
1755 4335 1875 4401 quia
1906 4329 1967 4386 ex
1996 4348 2090 4386 an-

534 4399 804 4464 tiqnornnt
835 4398 1128 4456 imitatione
1169 4398 1535 4456 dici'deberet
1562 4403 1606 4455 si
1632 4413 1746 4467 pote
1775 4398 1883 4464 'est,
1912 4419 2014 4456 nun
2047 4405 2090 4454 si

527 4467 666 4589 gotis
697 4479 788 4520 est.
820 4467 960 4550 Vide.
1004 4479 1292 4553 comment.
1327 4471 1391 4553 ad
1419 4487 1557 4526 vers.
1591 4472 1658 4526 84
1692 4472 1842 4540 ρωοΐ.
1875 4473 1964 4526 lib.
1994 4487 2009 4524 l
2037 4473 2087 4524 in

570 4537 831 4589 vmmacb.
851 4538 966 4589 Etsr
984 4550 1165 4589 autem
1195 4539 1434 4589 thantns
1462 4541 1560 4589 hoc
1580 4556 1794 4589 carmen
1826 4543 1891 4589 tle
1917 4543 1972 4589 S.
1991 4544 2087 4589 Ett-

569 4537 831 4605 ymmach.
851 4538 966 4593 Etsi
984 4550 1165 4596 autem
1195 4539 1434 4596 Gilanius
1462 4541 1560 4596 hoc
1580 4537 1794 4596 carmen
1826 4543 1891 4593 de
1917 4543 1972 4595 S.
1991 4544 2089 4595 Eu-

529 4605 650 4680 lalia
683 4618 833 4680 vocet
863 4609 1339 4680 elegantissimum,
1368 4619 1545 4666 tamen
1572 4612 1701 4666 satis
1722 4611 1936 4680 sordide
1965 4627 2090 4680 pro-

530 4676 713 4750 tulisse
742 4676 1083 4750 Prudentium
1104 4681 1185 4750 ait
1221 4698 1454 4736 revocare
1499 4682 1794 4750 nequitiam.
1841 4676 2089 4734 Fortasse

529 4746 628 4820 hoc
660 4747 828 4820 vitare
875 4749 1040 4803 voluit
1087 4749 1374 4820 Giselinus.
1407 4753 1496 4820 qui
1549 4746 1598 4804 in
1645 4760 1893 4814 contextu
1925 4751 2090 4804 edidit

527 4815 590 4870 Si
619 4818 753 4885 potis
781 4833 853 4890 es,
879 4834 1110 4890 reuocare
1150 4821 1282 4872 viam
1323 4815 1486 4873 Tor'va
1526 4821 1773 4890 puellula,
1816 4823 2088 4888 nequitiaz:

525 4889 664 4953 qnol
697 4888 883 4941 eodem
932 4887 1043 4942 fere
1094 4898 1331 4957 tempore
1377 4887 1637 4955 expressit
1665 4887 1953 4945 Fabricius.
1981 4891 2084 4944 Re«

528 4965 763 5026 pugnant
799 4959 980 5026 scripti
1038 4959 1271 5013 codices.
1325 4959 1388 5011 Et
1442 4961 1662 5014 Ovidius
1713 4960 1871 5014 simili
1926 4975 2086 5014 sensu

527 5025 659 5078 dixit
688 5041 738 5097 ix
766 5025 942 5081 Metr:
976 5027 1035 5082 Si
1067 5032 1201 5097 facta
1235 5029 1372 5097 rmilti
1397 5044 1632 5084 revocare
1678 5031 1878 5092 liceret;
1911 5041 1964 5084 et
1992 5031 2089 5085 Se-

527 5109 656 5147 neca
682 5095 750 5150 de
779 5097 960 5151 Benei.
983 5095 1140 5152 lib.|v
1169 5115 1182 5150 :
1221 5096 1469 5150 Iievocare
1491 5100 1909 5165 promissnm.Sic
1927 5100 2087 5152 etiam

526 5179 755 5235 reuocare
780 5183 833 5220 se
859 5183 953 5235 pro
980 5178 1174 5220 mutare
1193 5169 1488 5220 sententiam
1517 5171 1657 5235 apud
1683 5171 2013 5223 Ciceronem.

600 5234 720 5288 105.
753 5234 903 5303 Quod
952 5238 1151 5291 Eulalia
1198 5234 1565 5290 duodeccnnis
1605 5239 1831 5304 puellula
1861 5255 1963 5292 non
1993 5240 2091 5292 im-

525 5305 719 5358 merito
758 5315 996 5372 vocetur,
1046 5307 1254 5361 ostendi
1301 5306 1350 5359 in
1385 5306 1678 5374 Hymnodia
1727 5309 2006 5371 HiSpanica
2037 5310 2089 5363 in

529 5383 654 5452 nota
683 5375 747 5429 ad
786 5375 1039 5452 hymnum
1070 5377 1126 5432 S.
1157 5375 1381 5452 Eulaliae
1411 5385 1466 5430 et
1494 5375 1732 5446 pluribus
1759 5378 1875 5432 aliis
1903 5393 2088 5432 exem-

527 5443 627 5510 plis
657 5443 838 5507 posset
863 5447 1191 5502 confirmari.

752 5514 867 5584 V_at.
902 5515 962 5579 Β,
989 5527 1128 5584 petas
1151 5534 1169 5570 :
1195 5517 1384 5571 melius
1411 5525 1587 5572 melas.

599 5578 719 5662 105.
748 5578 1158 5662 ΟεςιξαΙὶξῚιοηον
1189 5601 1284 5662 pro
1313 5588 1506 5662 nuptiis
1533 5602 1564 5644 a
1595 5585 1764 5645 Genio
1783 5585 1885 5645 deo
1929 5600 2090 5658 gone.

527 5652 749 5706 rationis
778 5667 792 5706 :
824 5652 947 5708 hinc
968 5653 1134 5720 lectus
1156 5652 1390 5724 genialis.

2119 4791 2166 4850 Β

2193 3497 2354 3568 plicii.
2389 3496 2640 3568 Apuleius
2669 3511 2724 3568 ut
2747 3496 2868 3568 Met.
2901 3513 2913 3568 ς
2942 3493 3084 3548 Tunc
3111 3509 3190 3568 nte
3216 3511 3302 3563 per
3328 3498 3650 3568 proscenium
3671 3493 3773 3552 me-

2192 3563 2330 3621 ilium
2352 3567 2483 3636 velut
2505 3566 2777 3635 quamdam
2795 3566 3043 3636 victimam
3067 3563 3260 3636 publice
3281 3567 3555 3618 ministeria
3577 3585 3664 3636 pet
3678 3570 3774 3622 du—

2191 3645 2330 3691 cunt.
2358 3633 2810 3702 Adde'utrumque
2841 3633 3090 3698 Plinium,
3111 3634 3367 3696 Tacitum.
3393 3638 3550 3690 alios.

2264 3705 2386 3760 115.
2415 3705 2619 3768 Oxon.,
2664 3704 3018 3758 Excruciatilis
3051 3705 3222 3766 exitii,
3261 3707 3432 3759 minus
3456 3705 3595 3762 bene
3633 3726 3646 3760 :
3679 3709 3771 3764 sed

2193 3776 2339 3847 pejus
2370 3774 2792 3847 Breviar._Moz.,
2826 3773 2906 3827 Ea:
2928 3775 3276 3847 cruciabilibus
3299 3777 3480 3828 exitiis.

2265 3847 2384 3900 116.
2411 3844 2568 3898 Natat
2599 3843 2884 3900 Peveratns
2908 3844 3078 3914 gladio
3101 3846 3316 3914 feriatur
3336 3860 3454 3900 esse
3480 3845 3770 3901 formulam

2190 3931 2292 3982 qua
2342 3915 2606 3968 interdum
2657 3915 2732 3967 rei
2781 3914 3202 3978 damnabantur,
3254 3923 3310 3969 ut
3355 3916 3406 3968 itt
3455 3931 3549 3970 eos
3590 3919 3773 3976 aladio

2191 3986 2719 4058 animadverteretur.
2763 3983 2980 4058 Pontius
3026 3984 3284 4058 diaconus
3329 3987 3379 4058 in
3430 3985 3543 4058 Vita
3581 3987 3646 4040 S.
3676 3991 3776 4058 (Ly-

2194 4055 2361 4120 priani
2392 4074 2403 4106 :
2439 4054 2700 4108 Sententia
2729 4069 2789 4106 ea:
2818 4053 2998 4105 tabella
3025 4055 3234 4106 rccitata
3264 4064 3334 4106 est
3362 4057 3414 4108 in
3444 4057 3550 4108 Iure
3577 4053 3734 4112 verba
3756 4074 3775 4111 :

2190 4123 2474 4193 Cyprianus
2497 4123 2667 4194 gladio
2681 4123 2929 4194 feriatur.
2959 4123 3116 4194 Plura
3139 4124 3240 4176 alia
3268 4124 3413 4176 addit
3442 4125 3773 4194 Sagittarius

2191 4191 2307 4261 cap.
2351 4195 2380 4246 7
2425 4191 2511 4246 de
2538 4191 2769 4264 Cruciat.
2815 4193 2882 4245 de
2921 4192 3276 4264 haefonnula
3307 4191 3559 4264 feriatur]
3597 4200 3776 4264 gladio

2193 4265 2424 4329 feriatur,
2457 4263 2618 4316 securi
2657 4264 2902 4328 feriatur,
2930 4277 2990 4315 ex
3018 4262 3135 4330 jure
3163 4263 3333 4330 civili,
3367 4263 3464 4318 SS.
3499 4262 3771 4331 I’ati‘ibus,

2193 4331 2599 4404 Martyrologiis.
2638 4331 2765 4404 Vide
2796 4333 3026 4404 tabulam
3061 4348 3166 4404 ut.

2264 4401 2385 4456 lt7.
2436 4401 2660 4470 intelligi
2701 4411 2875 4474 potest
2921 4402 2988 4474 de
3018 4401 3288 4474 supplicio
3319 4403 3492 4456 crucis
3517 4446 3530 4469 ,
3565 4405 3623 4458 in
3672 4421 3774 4474 qua

2193 4474 2630 4542 relinquebantur
2660 4473 2733 4524 rei
2779 4472 3128 4542 dilaniaudia
3159 4473 3377 4526 canibus
3406 4484 3453 4526 et
3485 4472 3776 4540 rapacibus

2194 4541 2527 4612 volucribus;
2557 4541 2623 4594 de
2643 4556 2749 4612 quo
2780 4541 3040 4612 Horatius,
3072 4541 3186 4612 Non
3209 4559 3384 4612 pasces
3404 4544 3452 4594 in
3483 4560 3640 4598 cruce
3662 4562 3778 4597 cor-

2192 4630 2296 4664 vos.
2349 4611 2480 4664 Vide
2512 4610 2742 4677 Lipsiutn
2777 4611 2843 4664 de
2883 4611 3050 4664 Cruce
3094 4611 3186 4665 lib.
3210 4610 3300 4674 tn,
3334 4628 3452 4679 cap.
3491 4614 3573 4675 11,
3607 4627 3664 4668 et
3695 4626 3777 4668 ta-

2192 4683 2365 4737 bulam
2397 4697 2408 4733 ι
2437 4689 2490 4732 et
2520 4695 2576 4746 tt,
2601 4680 2688 4731 ubi
2722 4694 2983 4749 martyres
3014 4683 3064 4733 in
3095 4696 3304 4735 crucem
3332 4686 3432 4736 acti
3456 4685 3777 4749 exprimun-

2188 4762 2298 4811 tur.
2325 4749 2562 4822 Gii'anitts
2583 4763 2752 4822 tamen
2772 4759 2936 4816 putat,
2957 4751 3122 4822 accipi
3143 4767 3296 4814 posse
3317 4752 3450 4818 feros
3475 4769 3567 4816 pru
3591 4758 3776 4822 equis,

2195 4835 2249 4875 ut
2276 4821 2605 4888 accipiuntur
2632 4820 2685 4871 in
2717 4820 2913 4890 hymno
2955 4820 3012 4874 S.
3055 4819 3361 4891 Hippolyti,
3398 4825 3487 4892 qui
3516 4823 3585 4875 ab
3617 4819 3779 4892 cunis

2193 4892 2479 4945 distractus
2507 4897 2607 4942 est.

2266 4963 2386 5013 118.
2438 4957 2695 5028 Barthius
2728 4958 2953 5011 affirmat
3004 4959 3061 5028 id,
3099 4959 3493 5028 elegantissime
3543 4964 3780 5027 dictum,

2194 5031 2332 5094 quod
2363 5027 2730 5100 vulgoaliquis
2759 5029 2959 5082 diceret
2993 5045 3005 5080 :
3043 5027 3103 5080 lu
3130 5027 3276 5082 usum
3322 5032 3505 5100 facula:
3531 5050 3777 5088 accensa.

2193 5100 2455 5160 Catullus,
2483 5098 2546 5150 fit
2569 5114 2668 5150 non
2690 5100 2904 5167 pistrino
2925 5099 3162 5163 traderis,
3189 5098 3338 5167 atque
3355 5103 3496 5153 asino
3521 5119 3540 5156 :
3567 5108 3675 5158 hoc
3698 5117 3781 5160 est

2195 5170 2260 5222 ad
2307 5170 2501 5221 tnolatn
2548 5171 2662 5220 vice
2707 5168 2862 5220 asini.
2920 5168 3052 5221 Vide
3109 5180 3406 5223 comment.
3439 5172 3504 5223 ad
3559 5173 3779 5236 prmfat.

2196 5239 2421 5308 Psych.,
2456 5251 2594 5290 vers.
2628 5237 2679 5291 5.
2721 5236 2884 5308 Hujus
2913 5239 3120 5305 generis
3147 5240 3384 5307 Supplicii
3433 5247 3480 5292 in
3510 5240 3782 5296 Christia-

2193 5307 2292 5362 nos
2327 5307 2542 5362 Tacitus
2580 5307 2821 5360 tnetniuit
2851 5320 2918 5359 xv
2951 5308 3229 5361 Annalium
3265 5325 3276 5360 :
3313 5309 3653 5364 Prreuntibus
3683 5317 3782 5365 ad-

2193 5379 2300 5430 dita
2326 5376 2568 5439 ludibria,
2599 5385 2653 5427 ut
2683 5377 2904 5444 ferarum
2936 5380 3086 5446 tergis
3115 5381 3329 5430 contecti
3357 5379 3550 5432 laniatu
3581 5399 3782 5435 canum

2192 5448 2474 5510 interirent,
2499 5456 2584 5518 aut
2606 5446 2834 5499 crucibus
2854 5447 3011 5514 affixi,
3034 5459 3120 5498 aut
3151 5451 3482 5518 ﬂammandi;
3512 5465 3668 5518 atque
3695 5456 3782 5505 ubi

2195 5519 2456 5586 defecisset
2494 5516 2645 5586 dies,
2684 5518 2736 5567 in
2780 5531 2927 5568 usum
2967 5519 3196 5569 nocturni
3235 5517 3440 5571 luminis
3482 5516 3783 5576 urerenttu.

2195 5585 2346 5651 Quod
2381 5587 2494 5642 fere
2521 5585 2738 5638 totidem
2769 5586 2939 5639 verbis
2973 5598 3152 5640 narrat
3181 5587 3438 5655 Sulpicius
3470 5589 3599 5643 Hist.
3629 5607 3781 5646 sacr.

2198 5657 2292 5711 lib.
2331 5671 2386 5710 tt.
2419 5655 2550 5711 Vide
2581 5656 2805 5710 tabulam
2843 5671 2966 5710 xvtt.
2997 5656 3248 5714 Ccllarius
3277 5669 3578 5716 consuetam
3617 5675 3778 5717 com-
