4052 6184
737 401 904 470 Quam
935 401 1084 471 juvat
1111 401 1210 456 bos
1245 401 1422 470 apices
1451 401 1645 468 legere,

735 494 833 559 Qui
865 501 975 556 tua,
1005 493 1235 560 Christe,
1265 502 1460 562 troptca
1498 494 1709 546 nolam!

737 583 901 654 955.
925 583 1128 637 Nomen
1157 592 1207 638 et
1245 583 1355 652 ipsa
1385 599 1594 639 sacrum
1623 585 1853 654 loquitur

745 676 980 744 Purpura
1017 676 1290 744 sanguinis
1319 675 1502 730 eliciti.

676 767 796 820 llme
825 766 940 822 sine
971 767 1180 821 ﬂetibus
1213 777 1267 822 et
1293 769 1492 837 gemitu

748 855 887 910 Laeta
919 856 1160 922 canebat,
1189 867 1240 910 et
1271 857 1552 925 intrepida.

748 945 900 998 ltirus
927 943 1077 1000 abeSt
1107 946 1258 1000 dolor
1286 961 1350 998 cx
1392 946 1591 1010 animo,

749 1035 1088 1103 Membraque
1109 1035 1247 1104 picta
1270 1049 1458 1090 cruore
1479 1050 1618 1088 novo

751 1127 917 1182 Fonte
943 1137 1117 1182 cutem
1149 1128 1420 1183 recalente
1453 1127 1654 1182 lavant.

679 1217 871 1272 Ultima
899 1218 1205 1272 carniliciua
1230 1217 1439 1284 dehinc,

747 1303 860 1362 Non
892 1310 1143 1364 laceratio
1168 1309 1435 1376 vulnifica,

745 1400 904 1455 Crate
934 1408 1086 1455 tenus
1117 1415 1214 1455 nec
1250 1410 1394 1454 arata
1429 1401 1564 1454 cutis
1600 1415 1614 1453 :

747 1495 983 1548 Flamma
1015 1491 1108 1550 sed
1135 1491 1365 1560 undique
1395 1490 1727 1557 lampadibus

755 1589 810 1642 In
843 1572 1007 1642 latera
1038 1591 1480 1659 stomachumque
1511 1580 1657 1643 furit.

678 1677 852 1732 Crinis
880 1678 1077 1732 odorus
1101 1687 1156 1733 et
1181 1680 1232 1733 in
1255 1679 1466 1749 jugulos

746 1769 1030 1838 Fluxerat,
1070 1771 1355 1826 involitans
1389 1771 1645 1832 humeris,

742 1859 904 1931 955
933 1861 1046 1926 Quo
1075 1860 1376 1928 pudibunda
1408 1861 1682 1930 pudicitia,

749 1948 1136 2020 VirgineuSque
1165 1951 1354 2007 lateret
1383 1951 1572 2017 bonos,

499 676 597 729 HO

503 1129 602 1181 11ῖὶ

504 1587 606 1641 151)

1587 289 1864 344 Αυῐιιίιιι
1906 289 2267 346 l'llUDENl‘ll
2305 293 2629 352 CARMINA.

2097 407 2143 464 Δ
2183 407 2281 462 1δῦ

2121 1767 2161 1824 Β
2199 1769 2292 1823 I70

3635 293 3747 350 352

2424 405 2684 475 Tegmine
2715 405 2927 460 verticis
2954 404 3220 475 opposito.

2346 494 2584 549 Flamma
2610 510 2834 562 crepans
2863 496 3004 550 volat
3024 497 3076 551 in
3109 495 3319 560 faciem,

2420 587 2620 656 Perque
2641 601 2819 641 comas
2849 597 3108 656 vegetata,
3140 599 3298 657 caput

2414 681 2668 748 Occupat,
2701 690 3092 748 exsuperatque
3112 682 3317 747 apicem
3339 699 3352 732 :

2427 769 2610 840 Virgo,
2638 771 2798 824 citum
2822 770 3044 838 cupiens
3070 773 3296 836 obitum,

2424 862 2638 929 Appetit
2667 871 2720 916 et
2747 861 2879 915 bibit
2908 878 3003 916 ore
3033 875 3239 932 rogum.

2357 950 2563 1004 Emicat
2588 949 2714 1006 inde
2739 951 2982 1006 columba
3008 966 3224 1018 repens,

2425 1043 2674 1114 Martyris
2697 1058 2757 1098 os
2784 1044 2906 1099 nive
2929 1044 3205 1101 candidior

2428 1132 2552 1188 Visa
2583 1134 2907 1202 relinquere,
2939 1147 2991 1190 et
3016 1143 3158 1188 astra
3183 1135 3362 1204 sequi:

2425 1222 2654 1291 Spiritus
2686 1223 2772 1278 hic
2796 1235 2912 1279 erat
2935 1224 3150 1278 Eulalia:

2432 1315 2735 1380 lacteolus,
2765 1315 2928 1382 celer,
2955 1315 3232 1370 innocuus.

2357 1405 2504 1465 Colla
2535 1407 2726 1475 (luunt,
2751 1408 2980 1463 abeunte
3009 1409 3208 1476 anima,

2438 1497 2502 1550 Et
2530 1513 2686 1566 rogus
2718 1497 2902 1567 igneus
2921 1497 3179 1553 emoritur
3205 1515 3220 1550 :
3445 1556 3461 1570 .

2435 1585 2600 1656 956
2632 1583 2734 1640 Pax
2765 1587 2923 1640 datur
2946 1586 3168 1640 artubus
3191 1583 3473 1648 exanimis,

2435 1676 2612 1729 Flatus
2638 1676 2690 1729 in
2719 1677 2918 1731 aethere
2942 1676 3140 1745 plaudit
3167 1689 3356 1741 ovans,

2437 1769 2762 1837 Tetnplaque
2792 1769 2929 1824 celsa
2963 1769 3092 1838 petit
3121 1769 3356 1824 volucer.

2362 1855 2502 1911 Vidit
2529 1867 2584 1910 et
2611 1857 2724 1925 ipse
2747 1858 2982 1923 satelles,
3012 1872 3162 1911 avem

2425 1947 2660 2002 Feminae
2683 1948 2750 2001 ab
2769 1962 2862 2001 ore
2891 1959 3067 2002 meare
3104 1947 3304 2018 palam;

2179 859 2281 918 160

2185 1313 2288 1369 165

1813 2082 2100 2139 ccossn:
2143 2082 2492 2152 VETERES.

578 2194 890 2316 13:7."Qqam
919 2193 1084 2264 juvat,
1109 2197 1161 2250 in
1182 2205 1426 2266 quantum
1439 2195 1726 2268 jucundum
1747 2204 1838 2250 est.
1861 2225 1927 2234 ——
1951 2194 2082 2262 llos,

578 2281 613 2313 ir
641 2281 754 2316 imi.
810 2306 821 2316 .

507 2273 754 2328 martyrii,
784 2273 821 2317 I.

581 2333 700 2406 149.
739 2334 933 2406 Eliclti,
968 2337 1189 2406 expressi
1216 2335 1292 2389 vel
1317 2336 1562 2406 extracti.
1595 2334 1694 2390 lso.

581 2403 701 2473 M6.
733 2403 1070 2467 Caruillciua,
1099 2406 1238 2461 locus
1264 2407 1340 2460 vel
1367 2404 1692 2473 rxcrnciatio,
1721 2403 1762 2458 l.

581 2472 701 2527 151.
736 2473 791 2529 In
812 2475 1058 2545 jugulos,
1090 2477 1141 2530 in
1169 2485 1390 2542 pectora.
1428 2473 1557 2529 Mar.

2263 2194 2387 2249 161.
2414 2191 2635 2260 Emicat,
2665 2195 2802 2247 salit.
2835 2221 2899 2232 --
2933 2193 3159 2258 Repens,
3188 2192 3375 2260 subita,
3406 2191 3444 2246 1.

2266 2264 2390 2318 165.
2417 2262 2699 2327 lnnocuus,
2726 2261 2856 2316 sicut
2881 2263 3111 2316 columba
3137 2273 3231 2319 eu.
3264 2263 3305 2316 1.

2261 2333 2387 2390 169.
2422 2334 2646 2396 Plaudt,
2679 2334 2828 2395 ludit,
2852 2336 3084 2401 jocatnr,
3119 2333 3159 2387 Ι.

2262 2405 2386 2461 171.
2419 2404 2666 2473 Satelles,
2687 2405 2947 2468 minister;
2971 2407 3044 2458 rel
3072 2419 3279 2472 sequax,
3309 2402 3348 2458 1.

1836 2597 2397 2673 cottttcnrantus.

581 2759 703 2818 114.
737 2761 972 2818 Breviar.
1003 2761 1136 2818 Moz.
1157 2803 1174 2827 ,
1207 2763 1366 2816 tincta
1391 2802 1405 2828 ,
1438 2760 1664 2818 fortasse
1707 2757 1898 2816 me‘uius
1925 2774 2083 2831 quam

508 2845 641 2905 picta
657 2851 685 2905 _:
715 2834 1310 2905 tramisequiturlavant.

586 2903 703 2957 HS.
732 2898 955 2969 Widm.,
983 2902 1231 2956 recalente
1251 2901 1449 2965 levant;
1480 2915 1660 2970 supra,
1685 2900 1872 2965 lavant,
1899 2898 2083 2968 probe.

581 2972 702 3026 118.
737 2971 858 3026 Vat.
889 2975 928 3025 Λ
951 3012 966 3037 ,
999 2971 1249 3031 llailsbr..
1282 2969 1459 3039 Egm.,
1489 2969 1628 3037 PaL,
1657 2973 1821 3040 Bong.
1855 2985 1882 3022 a
1917 2971 2086 3038 prima

510 3053 690 3105 manu,
715 3057 800 3094 ore
825 3052 988 3095 tenus.
1014 3041 1116 3095 Alii
1143 3042 1328 3096 melius
1351 3049 1631 3094 cratetenus
1653 3039 1738 3094 vel
1759 3039 1895 3092 crate
1921 3050 2083 3092 tenus.

510 3113 747 3166 Breviar.
779 3105 938 3174 Moz.,
967 3113 1127 3175 male,
1151 3111 1307 3164 cratis
1335 3119 1498 3165 tenus.
1529 3109 1641 3162 Non
1666 3110 1834 3164 semel
1857 3109 2088 3162 Pruden-

513 3163 618 3234 tius
647 3163 831 3234 cratem
870 3163 1583 3248 procosti'srusurrpavitputi
1612 3163 1863 3249 Virgilius
1889 3179 2087 3247 aliique
2115 3163 2159 3224 (ἶ

514 3259 704 3317 poetar.
753 3251 905 3304 Boria
947 3251 1047 3304 loc.
1089 3251 1216 3316 cit.,
1245 3260 1434 3302 cratem
1466 3249 1671 3306 videtur
1696 3249 1966 3318 accepisse
1996 3264 2091 3318 pro

514 3320 720 3383 eculeo,
745 3320 884 3387 quod
911 3320 1118 3374 defendi
1153 3321 1351 3386 nequit.

583 3389 706 3445 iit).
740 3390 812 3446 De
840 3391 940 3446 hoc
958 3391 1220 3459 supplicio
1239 3389 1440 3456 inspice
1463 3389 1692 3444 tabulam
1717 3405 1765 3443 ιι
1790 3397 1844 3443 et
1870 3404 1978 3443 xw.
2008 3387 2089 3442 An

511 3462 614 3514 alia
642 3462 900 3528 supplicia
925 3457 1043 3528 (μιαὲ
1065 3457 1136 3515 de
1163 3457 1484 3514 Emeritensi
1510 3460 1707 3515 Eulalia
1735 3460 1786 3514 in
1815 3461 1930 3523 ejus
1958 3459 2093 3515 actis

515 3530 849 3594 referuntur,
879 3546 974 3598 pro
1003 3531 1165 3585 certis
1197 3529 1436 3584 habenda
1464 3531 1605 3595 sint,
1642 3529 1915 3598 disputant
1951 3543 2088 3582 non-

515 3601 666 3655 nu'li.
699 3599 944 3654 Narratio
977 3599 1244 3655 Prudentii
1282 3609 1431 3655 certa
1471 3601 1599 3656 tnilti
1639 3609 1758 3665 est;
1810 3599 1942 3666 alia,
1973 3614 2092 3668 qua:

513 3669 798 3734 adduntur,
830 3681 919 3724 aut
946 3671 1070 3724 falsa
1102 3681 1193 3725 aut
1215 3671 1388 3724 minus
1419 3679 1564 3725 certa
1592 3679 1734 3724 sunt.

587 3735 708 3796 151.
744 3741 977 3796 Breviar.
1013 3741 1146 3795 Moz.
1169 3783 1183 3807 ,
1217 3751 1485 3808 corrupte,
1517 3739 1686 3794 Crinis
1714 3749 1762 3792 et
1794 3738 1920 3792 odor
1954 3747 2007 3791 ut
2039 3738 2092 3792 in

515 3811 739 3884 iugulos.
768 3812 910 3884 Ald.,
939 3812 1081 3876 Put.,
1103 3810 1335 3884 Tliuatt.,
1361 3809 1501 3884 Alt.,
1521 3812 1692 3884 Roth,
1716 3809 1884 3884 Crinis
1905 3811 2093 3884 odorus

515 3878 656 3952 nt'in
675 3882 888 3952 jngnlos
913 3898 939 3952 :7
954 3895 1124 3952 neque
1155 3881 1206 3934 id
1236 3881 1504 3952 immutari
1535 3881 1804 3952 debuisse.
1831 3878 2092 3952 ait__i_lein-

513 3949 645 4005 slus.
675 3949 1051 4006 Nihilominus
1082 3950 1196 4003 Vat.
1232 3951 1288 4014 Β,
1326 3951 1482 4013 Man,
1513 3952 1655 4014 ltat.,
1687 3949 1863 4018 Ptag.,
1896 3949 2090 4004 Weitz.

516 4029 573 4076 et
600 4021 911 4091 aliiliabent
937 4031 982 4075 et
1008 4023 1060 4074 in
1077 4021 1308 4091 jugulati.
1341 4019 1789 4091 Giseliuusetiam
1817 4028 1885 4084 et,
1917 4021 2010 4073 sed
2040 4019 2092 4072 in

515 4089 863 4147 emendandis
891 4089 1098 4146 monuit
1130 4089 1180 4144 in
1208 4091 1473 4159 plerisque
1503 4090 1652 4144 libris
1682 4089 1782 4158 legi
1815 4100 1864 4140 ut
1895 4103 1990 4156 pro
2021 4098 2090 4152 et,

518 4171 573 4212 et
598 4161 892 4215 orationem
938 4176 1058 4215 es-e
1103 4161 1529 4226 sustiemlendam
1569 4175 1738 4226 usque
1769 4159 1833 4211 ad
1863 4162 2092 4213 alterum

519 4228 824 4296 quinionetn
848 4231 958 4283 sive
979 4233 1273 4296 strepitum.
1299 4231 1497 4283 Crinem
1524 4230 1739 4282 odorum
1760 4239 1932 4292 vocat,
1951 4229 2092 4296 quod

519 4297 715 4369 div_’no
741 4300 1255 4369 miraculosuaviler
1295 4301 1638 4369 fragraverit,
1669 4309 1725 4352 ut
1748 4298 1994 4366 Virgilius
2022 4301 2096 4353 ait

521 4365 777 4438 trlEneid.
812 4385 950 4423 vers.
987 4368 1112 4434 403,
1146 4365 1521 4438 Ambrosiasque
1548 4385 1704 4422 comta
1733 4365 1958 4422 divinum
1988 4386 2096 4422 rer-

522 4437 847 4509 tice_odorem
878 4440 1166 4509 Spiravere.
1197 4437 1445 4496 Nebrissa
1479 4440 1622 4495 hunc
1650 4454 1860 4494 versum
1895 4439 2094 4504 Virgilii

2197 2775 2333 2814 cem.
2367 2758 2604 2814 Breviar.
2638 2758 2797 2818 Moz.,
2822 2758 3038 2826 replens.
3070 2757 3305 2814 Latinius
3330 2773 3394 2816 ex
3431 2761 3667 2827 ingenio,
3715 2770 3774 2816 ut

2200 2842 2348 2894 puto,
2381 2829 2474 2884 sed
2504 2836 2678 2891 acute,
2724 2829 2956 2881 columba
2995 2839 3182 2899 tepens.
3211 2830 3398 2885 Petrus
3425 2830 3670 2896 Lazzeri,
3720 2836 3772 2890 in

2188 2900 2457 2954 dissertat.
2484 2899 2551 2953 de
2574 2900 2767 2965 regulis
2789 2901 3018 2966 rritices,
3074 2899 3100 2968 §
3148 2901 3204 2966 6,
3253 2900 3488 2956 afﬁrmat
3529 2905 3581 2955 in
3629 2905 3774 2958 actis

2189 2971 2248 3024 S.
2282 2968 2743 3037 Polycarpi-verba
2785 2970 2892 3024 illa.
2943 2968 3160 3036 Egresaa
3189 2979 3262 3023 est
3289 2971 3544 3031 columba.
3589 2975 3775 3028 solum

2190 3040 2487 3109 signiﬁcare
2532 3040 2760 3112 animam
2806 3039 3034 3094 exivisse
3069 3055 3081 3090 :
3113 3053 3264 3112 nam,
3306 3051 3370 3112 ut
3409 3057 3472 3095 ex
3523 3044 3776 3112 Aringho

2190 3113 2412 3178 aliiSque
2467 3119 2696 3172 constat,
2747 3111 2798 3163 iu
2855 3109 3299 3164 coztneterialibus
3336 3109 3777 3168 Cbristianofum

2195 3181 2588 3241 monumentis,
2629 3191 2774 3233 certe
2804 3179 2854 3232 in
2885 3179 3270 3243 sepulcralibus
3297 3182 3608 3236 eorumdt-rn
3639 3186 3779 3236 titu-

2193 3249 2258 3303 lis
2282 3249 2586 3319 frequenter
2613 3248 3030 3319 deprehenditur
3066 3249 3310 3304 columba
3350 3251 3416 3304 ad
3456 3252 3780 3307 iudicandas

2191 3318 2396 3372 animas
2438 3319 2724 3387 iustorum.
2778 3318 3042 3373 Recenset
3091 3320 3223 3373 alias
3272 3320 3520 3375 blsturlas
3575 3323 3784 3388 quibus

2192 3404 2404 3459 egressa
2432 3389 2677 3442 columba
2707 3388 2919 3448 dicitur,
2953 3400 3006 3440 ut
3048 3389 3184 3459 hanc
3217 3389 3274 3446 S.
3303 3391 3520 3446 Eulalia:
3543 3392 3595 3445 in
3629 3393 3781 3446 Pru-

2193 3458 2374 3516 dentio
2418 3469 2473 3514 et
2521 3461 2571 3511 in
2621 3460 2816 3530 missali
2864 3458 3284 3530 Mozarabieoﬁde
3313 3471 3536 3530 utraque
3563 3462 3782 3517 En'a‘ia

2197 3530 2512 3584 Emeritensi
2555 3527 3034 3598 etiBarcinoncnsi,
3079 3529 3136 3581 S.
3187 3529 3362 3594 Potiti,
3414 3527 3470 3586 S'.
3504 3531 3779 3598 Quintilii,

2193 3600 2252 3654 S.
2287 3600 2583 3668 Reparatzn,
2609 3597 2669 3652 S.
2702 3599 2932 3660 Devoue,
2964 3599 3018 3654 S.
3063 3598 3187 3663 Spei
3231 3600 3456 3662 abbatis,
3491 3597 3546 3655 S.
3577 3602 3782 3657 Felicis

2193 3669 2545 3736 Trevirensis,
2578 3669 2635 3724 S.
2667 3669 2890 3736 Meningi
2921 3669 3178 3732 Fullonis,
3208 3669 3264 3724 S.
3301 3671 3456 3724 Blasii
3485 3671 3783 3726 Armenta-

2194 3739 2279 3804 rii,
2319 3738 2416 3794 SS.
2442 3731 2570 3804 Viti,
2621 3731 2866 3794 Modesti:
2909 3749 2964 3793 et
2991 3731 3332 3802 Crescentiae.
3372 3739 3430 3795 S.
3464 3740 3652 3806 Olivae,
3710 3745 3776 3796 S.

2193 3810 2484 3873 Amatoris,
2516 3809 2571 3863 S.
2601 3808 3272 3878 ScliulasticteLLazzerus
3313 3811 3612 3878 suspicatur
3661 3813 3779 3866 ali-

2194 3895 2326 3948 quos
2357 3895 2425 3935 ex
2453 3871 2686 3950 simplici
2710 3879 2910 3950 pbrasi,
2956 3871 3174 3950 Egresca
3201 3889 3276 3933 est
3303 3871 3554 3950 columba,
3599 3883 3780 3936 mira-

2195 3953 2371 4004 culum
2401 3949 2709 4002 adornasse.
2749 3948 3017 4016 Quidquid
3055 3958 3234 4003 autem
3264 3950 3333 4003 slt
3358 3949 3425 4004 de
3450 3952 3568 4004 aliis
3597 3951 3784 4005 histo-

2197 4020 2320 4083 riis,
2382 4019 2699 4073 Prudentius
2739 4019 3032 4072 clarissime
3072 4027 3254 4072 narrat
3294 4017 3597 4074 columbam
3633 4023 3784 4075 emi-

2195 4093 2372 4144 cuisse
2401 4090 2520 4144 nive
2551 4089 2938 4151 candidiurem,
2977 4103 3095 4156 qua:
3142 4103 3203 4144 os
3235 4091 3488 4157 martyris
3530 4095 3642 4144 visa
3675 4092 3785 4147 fuit

2197 4161 2520 4228 relinquere,
2553 4168 2605 4214 et
2635 4171 2777 4212 astra
2809 4158 2958 4227 sequi
2984 4175 2996 4210 :
3020 4173 3186 4228 quam
3230 4160 3473 4226 spiritum
3514 4174 3637 4214 esse
3665 4161 3785 4214 Eu-

2198 4230 2334 4284 laliae
2354 4227 2761 4297 interpretatur.
2798 4229 2926 4284 Vide
2951 4227 3084 4282 infra
3107 4243 3247 4282 vers.
3273 4228 3391 4282 l7l.
3423 4230 3786 4285 Decolumbis

2197 4315 2490 4371 earumque
2529 4299 2915 4371 signiﬁcatione
2949 4297 3134 4353 confer
3160 4308 3449 4353 comment.
3478 4299 3544 4353 ad
3576 4302 3774 4371 bymu.

2197 4371 2231 4426 5
2256 4369 2525 4434 Catltem.,
2557 4385 2695 4424 vers.
2732 4369 2847 4423 165.

2273 4441 2395 4494 165.
2425 4439 2690 4501 Barthius,
2722 4439 2900 4501 lib.vr,
2922 4452 3038 4506 cap.
3061 4436 3153 4504 9.8,
3180 4437 3431 4503 Advers.,
3457 4440 3531 4494 ait
3551 4441 3785 4495 lacteum

522 4505 728 4580 laudat;
760 4509 853 4562 sed
875 4505 1065 4580 adoras
1097 4512 1323 4580 explicat
1363 4528 1463 4565 non
1491 4521 1609 4564 tunc
1628 4549 1643 4574 ,
1680 4509 1768 4580 sed
1795 4509 1878 4578 qui
1903 4509 2094 4580 solebat
2128 4521 2174 4578 υ
2202 4526 2229 4563 a
2261 4511 2458 4564 Latinis
2487 4509 2611 4574 dici,
2640 4508 2778 4580 quod
2800 4517 2883 4563 est
2911 4508 2977 4562 ab
2991 4505 3149 4580 lomni
3185 4508 3302 4580 labe
3323 4509 3566 4580 alienum
3599 4521 3774 4578 atque

523 4575 764 4649 odoribus
791 4577 968 4648 suﬁiri.
999 4575 1253 4636 Recte'ab
1287 4583 1404 4636 aliis
1431 4575 1815 4649 interpretibus
1838 4578 2094 4646 rejicitur.

523 4644 1021 4714 Suspicabar'crinis
1055 4652 1298 4706 Itonorus.
1353 4654 1484 4706 Puto
1521 4644 1700 4704 autem
1737 4644 1939 4702 crinem
1968 4651 2100 4704 odo-

524 4731 641 4770 rum
670 4717 803 4782 dici,
842 4719 963 4788 quia
992 4735 1108 4773 cum
1152 4737 1244 4786 per
1288 4737 1468 4776 comas
1499 4729 1832 4784 vegetaretur
1863 4720 2096 4780 ﬂamma,

529 4795 585 4840 ut
613 4797 790 4854 postea
817 4800 1017 4854 narrat,
1039 4790 1201 4843 crinis
1227 4794 1447 4846 fetorem
1471 4791 1715 4844 emittere
1737 4788 1985 4855 debebat,
2003 4789 2098 4843 sed

525 4855 745 4911 odorem
800 4873 1015 4914 suavem
1072 4861 1362 4914 emittebat.
1427 4861 1611 4915 Simile
1673 4858 1984 4914 miraculum
2042 4859 2098 4914 iu

525 4925 691 4981 odore
715 4932 803 4994 qui
830 4945 860 4983 e
887 4943 1109 4997 corpore
1146 4927 1202 4982 S.
1240 4929 1507 4984 Laurentii
1542 4930 1845 4993 emanabat,
1888 4929 2100 4997 exposi-

526 5004 637 5051 tum
657 4998 770 5069 fuit
800 5014 936 5069 vers.
968 4998 1071 5054 385
1100 5007 1153 5052 et
1181 5014 1328 5069 chq.
1374 5000 1524 5056 Adde
1559 5002 1772 5054 odorum
1800 5013 1956 5068 posse
1981 4999 2100 5068 capi

527 5083 622 5136 pro
655 5067 789 5124 bene
819 5065 900 5123 vel
929 5070 1066 5124 male
1091 5065 1287 5123 olente".

600 5137 721 5192 152.
776 5137 975 5208 Palat.,
1029 5139 1294 5207 humeros,
1343 5155 1446 5195 non
1505 5138 1663 5194 male.
1711 5137 1864 5192 Alex.
1913 5136 2101 5194 scribit

527 5224 732 5264 ιιηιενοε.

528 5345 546 5397 ι
600 5279 721 5335 153.
753 5279 808 5335 1η
842 5281 1088 5352 passione
1110 5280 1350 5350 Agnetis,
1375 5294 1514 5334 vers.
1537 5277 1626 5342 42,
1651 5287 1802 5332 vocat
1831 5276 2101 5332 verendum

549 5364 710 5397 ocunL

549 5364 710 5406 OCUHL

600 5418 720 5474 154.
775 5422 1010 5477 Breviar.
1054 5420 1211 5488 Πολ,
1255 5422 1451 5475 lateat:
1492 5415 1775 5488 legendum
1815 5416 1991 5471 lateret
2032 5417 2100 5472 ad

529 5493 738 5551 regulas
768 5494 939 5546 metri.

600 5557 718 5628 tas.
748 5557 874 5614 Mar.
907 5577 934 5614 a
961 5563 1125 5628 prima
1149 5577 1326 5625 manu,
1358 5566 1628 5628 exsuperat
1654 5557 1867 5626 apicem.

752 5627 1000 5700 ﬁenuulli
1029 5632 1192 5698 vulg.,
1225 5633 1323 5685 cito
1348 5627 1573 5700 cupiens.

599 5693 722 5749 161.
755 5697 884 5750 Har.
918 5701 982 5752 ad
1023 5716 1074 5753 tn
1111 5693 1188 5768 Eg:
1212 5717 1310 5766 pro
1347 5693 1554 5756 diversa
1586 5700 1734 5765 lcc'.,
1762 5696 1992 5752 columba
2021 5712 2093 5750 re-

2204 4591 2485 4643 remotum,
2546 4589 2602 4633 ut
2639 4579 2883 4633 lacteolus
2921 4593 2960 4649 _a
2991 4577 3280 4634 Prudentio
3319 4579 3421 4632 hoc
3467 4581 3609 4649 loco,
3650 4577 3709 4634 et
3751 4595 3786 4635 a

2205 4649 2480 4718 (iltaleidio
2523 4651 2576 4703 in
2630 4647 2964 4718 Empedoclis
3011 4662 3260 4718 versuum
3303 4647 3784 4718 interpretatione,

2201 4717 2385 4773 Etiali
2412 4736 2536 4774 sexu
2558 4719 2673 4773 inde
2703 4716 2917 4784 animal,
2947 4726 3049 4770 tum
3075 4717 3237 4771 lactea
3263 4717 3423 4787 virgo.

2277 4791 2396 4844 l68.
2432 4790 2538 4843 Pax
2565 4790 2722 4843 datur
2749 4787 2981 4854 corpori,
3033 4795 3285 4856 tanquam
3328 4786 3376 4842 si
3420 4786 3624 4845 bellum
3651 4804 3786 4844 cum

2206 4869 2431 4929 tyranno
2461 4868 2518 4914 et
2547 4857 3101 4929 tormentisfgesserit.

2270 4932 2390 4985 170.
2424 4929 2478 4983 1η
2509 4929 2630 4983 Vat.
2660 4930 2702 4982 A
2733 4927 3065 4982 desideratur
3084 4942 3180 4994 que
3221 4935 3341 4992 post
3389 4928 3602 4995 templa.
3645 4926 3789 4983 Pru-

2201 4999 2435 5054 dentium
2463 4997 2754 5054 credidisse
2783 5010 2948 5065 puras
2971 4997 3176 5051 animas
3207 4995 3335 5065 hinc
3363 4995 3690 5054 decedentes
3711 4999 3787 5052 ad

2201 5069 2397 5125 ciuium
2452 5071 2686 5134 evolare,
2724 5063 2850 5134 quin
2888 5068 2941 5122 in
2977 5075 3182 5122 secreta
3227 5063 3405 5136 aliqua
3451 5067 3582 5124 sede
3635 5067 3789 5123 deti-

2203 5149 2444 5198 neantur.
2474 5137 2878 5195 resurrecuonis
2905 5137 3041 5192 diem
3071 5145 3462 5204 exspectantes,
3488 5136 3784 5192 manifeste

2201 5227 2264 5264 ex
2295 5211 2395 5264 hoc
2418 5211 2534 5264 loco
2558 5218 2716 5278 atque
2743 5208 2865 5264 aliis
2887 5207 3151 5263 similibus
3194 5207 3248 5261 in
3289 5207 3390 5262 boc
3422 5209 3557 5263 libro
3582 5206 3651 5263 de
3674 5207 3786 5263 Co-

2201 5281 2348 5336 ronis
2378 5279 2695 5337 ostenditur.
3821 5327 3828 5344 ,

2277 5352 2398 5405 171.
2435 5351 2682 5404 Heinsius
2706 5349 2872 5403 edidit
2898 5347 3022 5402 vidit
3048 5357 3094 5402 et
3116 5347 3260 5416 ipse;
3298 5346 3391 5402 sed
3433 5348 3484 5400 in
3522 5346 3782 5416 notisvi-
3821 5351 3825 5358 '

2204 5421 2358 5475 detur
2386 5421 2523 5476 velle
2544 5421 2664 5491 vidit
2689 5430 2741 5474 ut
2761 5422 2887 5491 ipse,
2913 5419 3015 5473 nisi
3045 5409 3293 5491 mendum
3321 5416 3622 5488 irrepscrit.
3643 5409 3785 5491 [Γςυ-
3820 5427 3828 5446 τ

2204 5491 2304 5545 lius
2342 5492 2500 5565 etiam
2542 5490 2666 5544 vidit
2706 5484 2940 5565 ut'_i_p§e,
2989 5489 3169 5544 nescio
3203 5484 3608 5565 quprum’mss.
3638 5484 3780 5565 fide:

2203 5575 2322 5616 nam
2349 5561 2583 5628 plerique
2607 5577 2726 5616 cum
2753 5555 2882 5614 editi
2909 5569 3018 5613 tum
3050 5573 3180 5614 mss.
3204 5555 3402 5617 habent
3425 5556 3547 5613 cidit
3575 5566 3623 5612 et
3642 5555 3782 5626 ipse.

2277 5630 2397 5687 l72.
2427 5631 2593 5687 Aldus
2624 5629 2899 5700 mendose,
2936 5629 3142 5702 femina.
