3994 6176
413 258 518 320 579

627 377 795 444 Quam
828 375 978 429 testis
1009 373 1348 427 indomabilis
2019 377 2064 426 Α

629 468 775 522 [tivis
813 467 1022 521 cruoris
1053 464 1281 517 lateras.

559 561 689 614 Cum
721 566 771 612 te
797 557 1010 611 satelles
1033 554 1182 619 idoli,

628 650 957 706 Prmcinctus
985 647 1113 699 atris
1139 645 1358 712 legibus,

428 743 488 800 l5
631 739 798 811 986
824 737 1003 792 Litare
1028 736 1166 790 divis
1196 734 1430 802 gentium

641 831 805 886 Ferro
831 839 884 884 et
910 826 1116 882 catenis
1143 833 1355 895 cogeret
1387 861 1404 887 ,

563 929 641 980 Ac
671 923 831 978 verba
855 921 1080 990 primum
1111 917 1288 972 moliia

635 1010 925 1070 Suadendo
958 1007 1150 1063 blande
1174 1005 1434 1062 ell‘uderat
1453 1047 1467 1068 ,

637 1104 889 1172 Captator
915 1111 969 1155 ut
997 1101 1216 1154 vitulum
1247 1099 1406 1167 lupus

426 1198 492 1248 Et!
638 1195 926 1262 ltapturus,
966 1191 1151 1245 alludit
1183 1190 1350 1256 prius.

572 1287 704 1345 llev,
734 1282 927 1352 inquit,
955 1281 1100 1334 orbis
1124 1279 1402 1344 mznimus,

639 1375 740 1440 Qui
772 1380 982 1440 sceptra
1019 1380 1189 1439 gestat
1219 1369 1468 1435 Romula,

647 1465 860 1521 Sen-ire
888 1466 1062 1520 sanxit
1083 1464 1258 1516 oumia

645 1557 711 1610 l’r
735 1556 840 1610 scis
863 1555 1084 1609 deorum
1123 1553 1374 1607 c-iltibus.

436 1650 505 1703 25
586 1648 710 1712 Vos,
737 1645 1016 1710 Nazareni,
1050 1645 1302 1711 assistite,

1523 250 1797 308 AUBELII
1841 247 2202 307 PRUDENTII
2243 244 2566 302 CARMINA.

2349 359 2658 424 liudemquc
2682 356 2836 406 tiium
2857 370 2896 416 si
2920 353 3110 411 eruite,

2350 451 2471 504 ll:cc
2495 464 2637 511 saxa,
2670 462 2702 516 τι
2728 465 2785 498 ue
2817 445 3062 514 princeps
3085 442 3230 506 colit,

2345 541 2555 594 l’lacate
2580 538 2740 591 fumo.
2769 546 2821 589 ct
2844 535 3078 588 victima.

2287 630 2557 684 Exclamat
2581 627 2664 682 hic
2696 626 3022 690 Vincentius,

2109 728 2176 780 5t)
2353 723 2514 794 987
2547 720 2724 774 Levita
2753 720 2820 774 de
2852 719 2990 773 tribu
3019 733 3192 782 sacra,

2357 814 2596 868 Minister
2620 812 2803 866 altaris
2836 811 2954 876 Dei,

2367 904 2583 974 Septem
2611 919 2641 957 e
2666 902 2928 956 culuuuds
2959 901 3133 955 lactei-
3157 916 3172 954 :

2285 998 2402 1052 Tibi
2426 998 2526 1051 ista
2548 995 2766 1065 pricsint
2789 993 3001 1048 numina
3027 1009 3042 1057 ;

2363 1090 2441 1143 Tu
2470 1104 2624 1150 saxa,
2657 1097 2712 1140 tu
2741 1087 2937 1155 lignum
2969 1084 3152 1138 Colas:

2363 1182 2441 1236 Tu
2475 1189 2804 1234 mortuorum
2838 1184 3078 1230 mortuus

2367 1273 2488 1328 Fias
2513 1271 2736 1324 deorum
2772 1267 3028 1335 pontifex.

2299 1365 2404 1420 Nos
2431 1364 2562 1417 lucis
2589 1372 2860 1415 auctorem
2898 1360 3129 1422 Patrem,

2386 1455 2618 1525 Ej'tsqtte
2648 1453 2916 1508 Christum
2951 1451 3162 1513 Filium,

2373 1548 2473 1614 Qui
2504 1546 2670 1611 solus,
2695 1561 2757 1598 ac
2787 1561 2946 1599 verus
2979 1545 3139 1608 Deus,

2126 1644 2194 1698 40
2377 1639 2618 1708 Datiane,
2653 1637 3054 1694 conﬁtebimur.

2114 1183 2194 1239 εει

1734 1733 2018 1790 GLOSSJ‘I
2061 1735 2098 1788 ν
2111 1733 2400 1792 ETERES.

508 1831 595 1884 ll.
617 1829 810 1896 Quam,
834 1829 1038 1883 scilicet=
1055 1837 1128 1890 tu,
1156 1826 1198 1879 l.

511 1901 599 1954 15.
626 1894 778 1963 ldoli,
803 1901 992 1969 species
1021 1897 1128 1969 doli
1154 1896 1216 1948 ab
1245 1896 1382 1959 idea,
1406 1894 1446 1948 1.

510 1971 602 2032 21.
623 1967 903 2034 Maximus,
927 1969 1033 2030 ille,
1063 1967 1101 2020 Ι.

509 2042 601 2096 95.
634 2041 841 2100 Sanxit.
875 2038 1107 2095 ttecretit,
1141 2035 1180 2092 Ι,

509 2109 600 2166 24.
632 2111 846 2174 Priscis,
875 2108 1149 2178 prioribus,
1188 2107 1317 2162 Mar.

513 2180 604 2235 25.
631 2177 910 2246 Nazareni,
948 2177 1205 2231 Nazareni
1237 2177 1544 2230 vocabantur
1591 2178 1732 2246 prius
1782 2177 1867 2246 qui
1895 2193 2026 2228 nunc

446 2250 754 2315 Ghristiani,
817 2249 965 2320 quod
1006 2248 1400 2320 nomeuJirius
1463 2259 1715 2320 repertum
1767 2257 1837 2320 est
1889 2247 2029 2311 apud

447 2315 838 2385 Alexandriam,
884 2319 967 2372 ubi
997 2317 1170 2372 beatus
1213 2315 1394 2372 Petrus
1431 2319 1715 2389 episcopus
1745 2319 1907 2387 [actus
1931 2326 2028 2380 est,

2049 1829 2094 1889 Β
2126 1826 2242 1880 Vat.
2287 1827 2351 1880 A.

2199 1896 2290 1952 ‘26.
2324 1894 2552 1958 Rudem,
2585 1907 2786 1951 novum,
2828 1891 2958 1944 alar.

2197 1967 2288 2020 29.
2314 1965 2501 2026 Fumo,
2547 1965 2732 2024 t-hurt's.
2761 1963 2889 2015 Mar.

2201 2039 2288 2091 50.
2325 2037 2527 2100 Levita,
2558 2035 2610 2087 in
2642 2036 2827 2099 temp'o
2851 2031 3081 2095 additus,
3125 2028 3163 2082 I.
3205 2060 3275 2068 —
3312 2029 3498 2094 Sacra,
3543 2029 3718 2084 [ἔκιε.

2137 2109 2233 2168 sia.
2267 2107 2302 2160 Ι.
2339 2106 2412 2159 De
2439 2113 2615 2158 sancta
2642 2101 2887 2163 Ecclesia,
2925 2103 3053 2154 Mar.

2205 2177 2294 2231 ὀὶ.
2323 2175 2617 2237 Columnis,
2641 2184 2829 2238 septem
2853 2172 3001 2224 donis
3026 2171 3247 2233 Spiritus
3273 2171 3454 2230 sancti,
3481 2171 3718 2224 l.—Co-

2137 2249 2336 2300 lunmas
2359 2258 2548 2313 septem
2577 2245 2801 2314 appellat
2840 2260 2863 2296 s
2895 2252 3025 2310 ptem
3055 2242 3309 2314 ministros
3341 2239 3583 2314 Ecclesia
3609 2251 3718 2294 :tot

2138 2319 2270 2371 enim
2302 2311 2444 2386 prius
2466 2315 2528 2368 ab
2559 2311 2800 2377 apostolis
2827 2317 3030 2382 {uerunt
3064 2312 3306 2379 ordinati,
3343 2311 3461 2366 Vat.
3495 2312 3560 2364 Α.

1792 2446 1980 2502 (ΣΟΜ-ὶι
1993 2445 2357 2502 ΕΝΤΑΒΙΗΞ.

449 2543 534 2598 dte
553 2541 874 2606 Graeviantn,
902 2539 1136 2595 collueis.
1163 2540 1408 2596 Gilauius
1448 2536 1574 2607 legit
1601 2535 1842 2607 cellares,
1874 2545 1935 2607 et
1959 2553 1985 2587 a
2015 2543 2034 2589 t

449 2611 801 2682 Prudentium
832 2628 884 2666 es
914 2626 1058 2680 smpe
1083 2613 1377 2682 corripere,
1402 2606 1536 2682 utin
1555 2607 1733 2676 fartres.
1758 2606 2034 2682 Barthius,

450 2681 546 2742 lib.
579 2697 630 2736 tv
660 2682 914 2748 Δάνα-8.,
957 2678 1076 2752 cap.
1107 2683 1161 2748 9,
1192 2678 1338 2750 putat
1371 2681 1592 2734 colluces
1646 2678 1889 2752 eras~iu_s_
1920 2692 2035 2728 om-

451 2754 580 2808 nino
609 2763 844 2807 erratum
867 2748 1277 2821 esse,'quam'ut
1306 2760 1474 2821 poeta:
1501 2757 1644 2821 tanto
1671 2748 1889 2821 concedi
1916 2762 2051 2821 post.

452 2826 560 2879 sit:
593 2822 835 2892 adeoque
862 2837 928 2877 ex
957 2817 1261 2888 conjectura
1309 2817 1539 2892 corrigit
1581 2817 1740 2892 l_.uces
1785 2817 2035 2892 c_oinsigni

456 2892 608 2947 stola.
651 2888 919 2947 Giselinus
949 2893 1168 2958 pariter,
1225 2902 1283 2946 ut
1327 2891 1466 2945 idem
1516 2888 1702 2942 vitium
1751 2888 2032 2958 ellugeret.

456 2963 623 3018 edidit
653 2961 814 3016 Luces
837 2961 890 3014 in
911 2956 1100 3031 insigni
1134 2956 1289 3027 stola,
1317 2959 1458 3031 quod
1475 2973 1576 3031 cur
1603 2971 1709 3010 non
1732 2956 2040 3031 observavit

457 3032 727 3095 Barthius,
758 3031 811 3084 in
832 3026 1234 3086 commentariis
1263 3026 1483 3085 Gisetini
1508 3027 1639 3080 alias
1665 3026 1942 3080 versatus?
1976 3026 2046 3078 At

459 3115 590 3157 vero
620 3115 741 3154 cum
765 3099 916 3154 multi
945 3099 1154 3155 nobiles
1193 3100 1408 3155 codices
1439 3098 1668 3152 habeant
1706 3095 1938 3154 collucis.
1993 3104 2046 3148 et

463 3171 688 3238 plurima
721 3169 829 3224 sint
877 3169 1184 3236 huiusmodi
1235 3169 1398 3224 verba
1426 3184 1543 3238 qua:
1574 3166 1962 3238 adsecundam
1993 3176 2048 3238 et
2081 3203 2091 3212 ο

463 3235 676 3296 tertiam
704 3235 1130 3310 conjugationcm
1162 3235 1533 3310 spectant,'de
1548 3236 1753 3310 quibus
1794 3237 1902 3310 agit
1932 3235 2046 3289 Pri-

462 3312 679 3366 scianus
709 3306 890 3375 libJs,
924 3317 1120 3366 etcum
1155 3306 1478 3366 Prudentius
1510 3307 1561 3361 id
1607 3306 1765 3362 etiam
1798 3307 2051 3360 ob-erv::-

637 3380 689 3436 in
731 3351 1030 3451 percenseo:
1064 3351 1391 3450 éiriiﬁif
1413 3379 1632 3432 omnino
1664 3376 1942 3447 legendum
1967 3384 2050 3432 est
2075 3351 2118 3411 (ἶ

466 3451 696 3506 collucis.

541 3521 628 3576 15.
656 3519 844 3576 Glossa
876 3519 943 3574 de
967 3520 1107 3576 idolo
1129 3518 1517 3577 contemnenda
1539 3526 1660 3574 est:
1689 3519 1772 3574 vel
1803 3518 1919 3589 lege
1940 3533 2054 3588 spe-

469 3590 593 3646 cies.
631 3590 838 3643 Idolum
863 3590 926 3643 ab
953 3591 1089 3646 idea.

546 3662 633 3717 ﬂ.
673 3661 934 3730 Conjiciat
960 3660 1154 3730 aliquis
1183 3661 1339 3715 arctis
1369 3674 1466 3728 pro
1491 3659 1639 3715 atris.

546 3731 631 3786 15.
659 3727 893 3794 Thuan.,
917 3727 1297 3801 divis'gentibus
1320 3747 1338 3786 :
1368 3727 1598 3786 fortasse
1639 3727 1796 3784 fuerit
1825 3728 1906 3782 dis
1931 3745 2058 3801 gen-

473 3801 666 3864 tilibus,
695 3809 753 3854 ut
781 3801 998 3870 conjicit
1031 3801 1306 3856 Heinsius.

548 3871 636 3925 18.
669 3870 787 3925 Vat.
826 3871 893 3937 A,
924 3871 1190 3940 e/fuderet,
1221 3871 1378 3927 male.

541 3941 632 4003 ‘20.
670 3941 784 3995 Vat.
815 3942 880 4007 Α,
918 3944 1058 4010 prius
1083 3958 1100 4007 ;
1124 3957 1302 4011 supra,
1335 3942 1470 4011 pius.

543 4012 634 4066 29.
667 4011 811 4077 Put.,
835 4021 888 4066 et
919 4008 1014 4081 pro
1034 4008 1462 4081 diversaﬂscript.
1493 4008 1932 4081 Oxou.,_p_ubliea
1950 4023 2058 4076 pro

482 4082 723 4152 Romula,
773 4078 932 4152 quoil'
962 4097 1066 4136 non
1121 4078 1651 4152 displicet'lleinsio.
1699 4078 1894 4152 _Weitz.
1936 4095 2058 4132 cum

479 4148 734 4216 ilailsbr.,
770 4148 823 4205 et
853 4151 1050 4205 Widrn.
1084 4166 1112 4206 a
1147 4148 1313 4222 prima
1353 4165 1536 4218 manu,
1584 4149 1730 4219 gestit
1753 4163 1850 4217 pro
1875 4158 2058 4219 gestat,

479 4223 657 4272 minus
690 4223 844 4272 bene.

479 4237 657 4277 minus
690 4236 844 4275 neue.

549 4290 639 4347 25.
675 4290 817 4353 Put.,
855 4288 1129 4343 Nazareni.
1163 4290 1267 4345 Pro
1289 4289 1510 4345 assistite
1543 4288 1731 4357 conjici
1766 4298 1944 4358 posset
1973 4289 2062 4343 ab-

480 4361 658 4425 sistite,
685 4360 834 4428 quasi
859 4360 1100 4414 desistite
1121 4376 1151 4413 a
1175 4371 1348 4416 vestra
1379 4359 1652 4423 religione.
1683 4361 1772 4412 Sic
1801 4359 2062 4414 absistere

485 4431 646 4493 bello,
702 4431 953 4498 incmpto,
1007 4441 1062 4485 et
1110 4431 1425 4498 simpliciter
1454 4429 1700 4499 Virgilius
1729 4431 1825 4484 lib.
1860 4444 1873 4482 I
1905 4429 2058 4498 Ain,

487 4499 608 4555 196.
647 4499 755 4553 Nec
777 4502 919 4567 prius
947 4501 1164 4556 absistit.
1208 4501 1494 4556 Christiani
1527 4501 1653 4556 olim
1699 4515 1728 4554 a
1775 4501 2063 4569 gentilibus

483 4579 537 4625 et
558 4569 755 4624 Judzeis
781 4572 1164 4626 contumeliose
1209 4572 1364 4640 vulgo
1393 4569 1650 4635 Nazsraei,
1683 4584 1775 4624 seu
1804 4571 2062 4625 Nazareni

487 4641 814 4694 vocabantur
837 4682 851 4704 ,
903 4655 1010 4704 quo
1059 4642 1125 4695 de
1177 4641 1392 4697 nomine
1424 4641 1574 4708 plura
1603 4643 1894 4709 scriptores
1923 4641 2066 4695 auti-

2135 2536 2296 2590 centii
2335 2533 2621 2604 colligitur,
2664 2541 2718 2589 et
2757 2531 2924 2587 fusius
2963 2531 3172 2604 ostendi
3214 2532 3266 2586 in
3317 2541 3610 2604 comment.
3653 2533 3718 2587 ad

2139 2606 2324 2676 hymn.
2358 2606 2418 2676 ll
2455 2603 2634 2668 Cath.,
2662 2619 2805 2659 vers.
2839 2604 2945 2676 4557.
2978 2603 3159 2676 Neque
3188 2603 3434 2676 apposite
3454 2603 3720 2656 diceretur

2136 2674 2282 2729 sacra
2318 2675 2518 2731 placare
2544 2678 2703 2745 funto,
2735 2681 2781 2728 et
2806 2674 3024 2745 uictima.
3054 2674 3311 2745 tlolebant
3341 2685 3516 2745 autem
3547 2684 3712 2745 genti-

2139 2748 2214 2798 les
2237 2759 2385 2806 saxa.
2415 2743 2552 2817 quia
2572 2745 2711 2800 intus
2737 2744 2974 2800 habitare
2996 2743 3217 2814 spiritus
3243 2743 3556 2799 credebant.
3590 2743 3715 2796 Vile

2140 2831 2279 2870 vers.
2323 2818 2410 2870 77.

2217 2887 2299 2940 50.
2337 2885 2416 2941 Ad
2449 2900 2559 2939 rem
2609 2883 2670 2940 S.
2701 2883 2936 2940 Isidorus
2977 2883 3069 2938 lib.
3095 2899 3166 2938 vu
3209 2883 3410 2950 Etym.,
3452 2901 3572 2950 cap.
3614 2885 3716 2939 l2:

2146 2954 2333 3010 Levfta:
2359 2972 2424 3011 ex
2448 2956 2652 3010 nomine
2681 2955 2901 3008 auctoris
2931 2955 3093 3008 uocati
3129 2954 3234 3009 :de
3265 2954 3384 3008 Levi
3405 2957 3539 3008 enim
3563 2957 3720 3008 leritte

2147 3029 2308 3081 exorti
2334 3035 2473 3091 sunt,
2498 3042 2528 3078 a
2557 3024 2737 3094 quibus
2763 3025 2818 3078 in
2853 3025 3040 3092 templo
3070 3024 3167 3078 Dei
3194 3025 3394 3094 mystici
3418 3027 3723 3079 sacramenti

2147 3097 2426 3150 ministeria
2460 3094 2813 3165 explebantur.
2869 3095 2939 3148 lli
2969 3094 3143 3148 Gra'ce
3163 3097 3386 3161 diaconi,
3425 3095 3605 3149 Latine
3633 3099 3726 3148 mi-

2149 3168 2296 3220 nistri
2325 3168 2587 3231 dicuntur,
2609 3167 2730 3234 quia
2757 3167 2886 3219 sicut
2923 3166 2974 3218 in
3004 3169 3267 3219 sacerdote
3293 3169 3624 3233 consecratio,
3654 3169 3728 3220 ita

2151 3239 2204 3291 in
2228 3237 2444 3291 diacono
2467 3253 2514 3288 tu
2553 3237 2690 3290 sterii
2715 3235 3024 3306 dispensatio
3051 3236 3280 3290 trahetur.

2222 3305 2313 3360 3‘2.
2345 3307 2497 3360 Apud
2518 3254 2784 3360 ilisnanos
2811 3306 3018 3360 videtur
3039 3308 3270 3360 viauisse

2222 3305 2313 3364 3‘2.
2345 3307 2497 3376 Apud
2522 3305 3018 3376 llispanos’videtur
3039 3308 3270 3375 viguisse
3296 3305 3481 3361 eadem
3503 3322 3728 3362 consue-

2154 3377 2280 3432 tudo
2309 3394 2426 3446 quae
2459 3379 2510 3430 in
2536 3377 2771 3432 Ecclesia
2791 3376 3027 3430 Romana
3056 3378 3123 3430 de
3150 3386 3353 3441 septem
3377 3378 3726 3431 diaconorum

2155 3463 2400 3511 numero,
2449 3462 2605 3516 quem
2653 3448 2876 3516 apostoli
2928 3458 3248 3511 statuerunt,
3295 3447 3420 3501 dum
3472 3450 3732 3502 diaconos

2155 3518 2411 3586 eligerent
2440 3521 2559 3573 Act.
2591 3532 2712 3586 cap.
2744 3532 2816 3570 vr.
2846 3517 2955 3570 Cur
2998 3527 3174 3570 autem
3201 3518 3443 3572 dicantur
3480 3519 3734 3572 calumnia

2156 3589 2350 3649 lactem,
2376 3587 2458 3642 lso
2481 3597 2686 3654 septem
2711 3587 2847 3641 dona
2870 3588 3099 3655 Spiritus
3119 3589 3286 3642 sancti
3317 3599 3731 3653 commemorat,

2159 3656 2553 3714 Chamillardus
2584 3658 2943 3716 innocentiam
2985 3667 3036 3711 et
3064 3658 3364 3712 castitatem
3392 3675 3492 3726 qua
3526 3660 3736 3727 pra-diti

2156 3743 2277 3783 esse
2305 3727 2593 3792 debebant,
2619 3737 2672 3782 et
2697 3728 2838 3795 quod
2868 3739 2994 3781 tunc
3023 3729 3314 3783 Ecclesiam
3339 3731 3499 3782 veluti
3523 3739 3737 3784 susten-

2160 3806 2354 3852 tarent.
2406 3798 2668 3853 Existimo
2721 3798 3066 3853 Prudentium
3112 3799 3351 3854 alludere
3405 3799 3468 3853 ad
3517 3801 3737 3862 stolam,

2159 3869 2312 3938 cujus
2343 3884 2501 3937 supra
2529 3869 2792 3934 meminit,
2829 3880 2883 3921 et
2913 3868 2978 3922 ad
3010 3885 3215 3923 morem
3245 3869 3417 3924 διπηιιί
3447 3880 3574 3924 ante
3601 3872 3737 3923 alta-

2161 3956 2239 3994 re.
2283 3939 2464 3994 Canou
2504 3941 2538 3992 4
2567 3940 2776 3993 concilii
2821 3939 3268 3993 Barcinrnensis:
3305 3939 3370 3994 Ut
3411 3942 3661 3994 diaconus
3690 3943 3739 3992 in

2161 4026 2399 4063 consessu
2447 4010 2724 4079 presbymri
2763 4025 2868 4062 non
2915 4011 3107 4063 sedeat.
3161 4011 3226 4064 Et
3265 4025 3381 4076 cap.
3421 4011 3492 4079 βο
3528 4013 3743 4065 Collect.

2162 4080 2372 4134 Martini
2397 4074 2615 4134 Bracar:
2637 4096 2652 4132 :
2674 4078 2795 4132 Non
2819 4079 2933 4134 licet
2955 4081 3230 4134 diaconum
3256 4074 3374 4132 ante
3395 4074 3743 4149 presbyterum

2161 4155 2353 4216 sedere,
2403 4151 2503 4204 nisi
2541 4165 2657 4202 cum
2693 4151 2922 4218 jussione
2961 4151 3260 4220 presbyteri.
3315 4151 3441 4204 Vide
3484 4168 3625 4206 vers.
3677 4154 3744 4206 58

2165 4222 2347 4291 hymni
2375 4229 2430 4275 ὃ.
2463 4221 2733 4291 Laurentii
2759 4239 2769 4271 τ
2795 4221 2894 4286 Qui
2916 4232 3048 4275 stunt
3077 4224 3143 4274 ad
3163 4238 3306 4275 arant
3340 4223 3577 4288 proximi.

2235 4290 2326 4344 35.
2354 4293 2485 4346 Acta
2510 4309 2523 4343 ε
2553 4290 2687 4344 Nam
2709 4308 2836 4360 quos
2860 4292 3009 4360 jubes
3035 4292 3154 4344 deos
3186 4292 3438 4358 conﬁteri,
3462 4292 3602 4344 idola
3629 4300 3746 4345 sunt

2167 4361 2333 4430 lignea
2362 4373 2408 4416 et
2431 4363 2656 4428 lapidea.
2691 4361 2767 4414 Tu
2796 4362 2869 4414 illi
2887 4377 3001 4414 rum
3045 4363 3202 4424 testis,
3231 4371 3380 4431 tuque
3426 4371 3747 4414 mortuarum

2167 4434 2263 4500 [ius
2291 4443 2521 4502 mortuus
2569 4431 2819 4502 pontifex.
2869 4432 2965 4486 Ubi
3009 4432 3155 4487 clare
3202 4433 3517 4502 perspicitur
3551 4447 3751 4486 convc-

2171 4503 2371 4556 uieutia
2401 4501 2541 4556 inter
2567 4500 2680 4556 aeta
2711 4500 2764 4556 et
2792 4500 3160 4557 Prudentium.

2239 4572 2328 4627 57.
2359 4571 2411 4626 lu
2443 4572 2649 4642 prolcg.
2680 4587 2800 4640 cap.
2832 4572 2924 4642 ‘22,
2955 4573 3173 4638 exposui
3205 4571 3567 4642 conjecturam
3605 4572 3662 4625 ν.
3687 4571 3748 4624 C.

2171 4641 2506 4696 Giovenaziii
2534 4641 2810 4712 legendum
2832 4641 2942 4712 Nos
2971 4644 3097 4694 luris
3119 4653 3375 4696 auctorem
3401 4641 3630 4711 Patrem,
3653 4642 3750 4712 0.ρὶ

485 4711 746 4784 quitatum
802 4711 1226 4784 Christianarum
1250 4753 1265 4776 ,
1305 4711 1661 4784 Mamacbius,
1704 4711 2062 4784 Dinghamus,
2098 4721 2146 4781 ι)
2174 4714 2336 4778 solus,
2385 4730 2446 4766 ac
2492 4710 2638 4784 verus
2674 4710 2832 4775 Deus,
2858 4711 3088 4784 Ejusque
3119 4713 3373 4767 Utristum
3400 4710 3622 4777 Filium,
3644 4711 3752 4764 Da-

485 4781 597 4851 alii.
619 4780 672 4834 In
699 4781 1166 4851 glossalegendum
1194 4782 1534 4846 Antiochiam,
1557 4796 1661 4836 non
1679 4782 2066 4838 Alexandriam.

491 4850 742 4906 Fortasse
763 4853 924 4924 etiam
957 4854 1239 4924 legendum
1285 4854 1388 4906 erit
1430 4863 1706 4924 receptum,
1761 4868 1864 4906 non
1897 4869 2069 4920 reper-

488 4930 596 4974 tum
619 4939 638 4976 :
665 4937 784 4976 nam
815 4922 1077 4990 scriptura
1103 4921 1346 4992 ambigua
1364 4932 1465 4976 e~t.
1495 4921 1600 4978 sed
1633 4924 1766 4977 bene
1795 4933 1876 4977 cst
1899 4939 2066 4987 reper-

489 4999 618 5132 ;urn.
669 4993 725 5046 In
753 4994 874 5048 aliis
899 4992 1076 5048 verbis
1121 4997 1284 5062 [actus
1329 5002 1404 5046 est
1452 4993 1712 5064 intelligo,
1744 4994 1828 5048 vel
1859 4995 2069 5064 Corrige

516 5071 607 5117 uit.

557 5133 649 5189 26.
683 5133 798 5188 Vat.
831 5135 890 5202 Β,
932 5140 1203 5202 corrupte,
1234 5133 1536 5204 rudemque.

559 5205 651 5259 27.
683 5205 951 5261 Giselinus
981 5205 1174 5258 fatetur
1224 5219 1409 5257 omnes
1432 5202 1606 5257 libros
1663 5202 1848 5257 {armis
1895 5202 2070 5258 editos

491 5272 693 5332 habere
715 5277 823 5329 hare
850 5291 1012 5330 sata:
1044 5274 1173 5329 nihil
1197 5273 1322 5328 dicit
1350 5275 1418 5327 de
1447 5287 1600 5337 mss.,
1630 5273 1681 5325 in
1709 5273 1901 5342 quibus
1932 5274 2069 5328 idem

492 5345 826 5401 observatur.
877 5345 1228 5400 Nihilominus
1271 5344 1396 5414 legit
1443 5345 1549 5396 Iure
1596 5359 1776 5406 sacra,
1828 5354 1900 5414 ut
1937 5344 2073 5398 iul'ra

494 5430 635 5471 vers.
671 5417 772 5471 105
797 5426 851 5471 et
881 5430 1021 5484 seq.,
1057 5415 1168 5469 Tibi
1193 5431 1311 5486 ergo
1333 5413 1476 5480 soli,
1525 5413 2083 5486 contumaa',_Tarpcia

493 5487 755 5540 calcentur
776 5502 924 5540 saera
947 5483 972 5541 .9
992 5487 1106 5541 Non
1141 5483 1304 5549 enim,
1337 5486 1502 5549 addit,
1539 5484 1791 5537 Datianus
1821 5483 2081 5538 fateretur

495 5572 621 5627 saxa
642 5570 671 5609 a
693 5556 880 5627 secoli
909 5572 1004 5625 pro
1031 5557 1340 5612 numinibus
1375 5573 1492 5627 qua:
1533 5555 2082 5627 saxisdrepra'seuta-

497 5625 711 5679 bantur.
749 5625 886 5680 Vera
907 5637 1082 5681 tamen
1111 5627 1270 5682 lectio
1307 5625 1574 5689 est’saxa,
1616 5625 1808 5694 quibus
1838 5625 2082 5678 divinita-

500 5703 606 5754 tem
637 5695 815 5752 inesse
837 5696 1092 5763 putabant
1116 5698 1360 5766 gentiles,
1390 5708 1445 5753 ut
1475 5713 1539 5754 ex
1573 5711 1630 5753 re
1661 5696 1921 5766 pensione
1959 5695 2083 5753 Vin-

2176 4784 2330 4849 tiaue,
2363 4782 2734 4854 conﬁtebimur.
2761 4782 2953 4854 ‘Qua'm
2986 4783 3075 4838 ille
3105 4784 3284 4838 multis
3322 4785 3754 4853 gravissimisque

2177 4852 2474 4907 rationibus
2517 4869 2579 4908 es
2631 4852 2893 4922 theologia
2943 4864 2996 4907 et
3043 4854 3359 4923 antiquitate
3388 4852 3754 4909 ecclesiastica

2179 4926 2360 4991 petitis
2387 4924 2786 4980 cniroboratam
2811 4932 2994 4978 servat
3016 4924 3066 4977 iu
3109 4938 3207 4977 suo
3237 4939 3337 4978 ms.
3367 4926 3756 4979 commentario

2178 4995 2228 5047 iu
2263 4995 2527 5064 llymuum
2555 4995 2612 5048 S.
2647 4993 2854 5064 Hilarii,
2878 4992 3142 5062 Hynmum
3169 4995 3305 5047 dicat
3335 4995 3483 5048 turba
3512 5000 3754 5064 fratrum,

2174 5063 2448 5132 quodjam
2477 5066 2566 5118 diu
2595 5063 2730 5120 votis
2770 5073 2822 5118 ct
2850 5065 3064 5118 utilitati
3093 5065 3447 5119 litteratorum
3476 5063 3758 5121 hominum

2175 5141 2228 5188 dt
2247 5136 2356 5190 bet.
3630 5152 3634 5155 '

2245 5209 2334 5260 39.
2365 5207 2510 5267 ηδε..
2557 5205 2646 5271 qui
2694 5212 2766 5259 est
2803 5204 2964 5258 solus.
3005 5203 3060 5258 lu
3091 5205 3241 5261 Actis
3272 5223 3287 5255 -.
3319 5204 3632 5271 Pro/itemur
3664 5221 3758 5258 nos

2183 5274 2484 5330 Christianae
2505 5276 2763 5345 religionis
2792 5291 2897 5328 esse
2923 5275 3162 5338 cultores,
3195 5289 3237 5328 et
3269 5277 3418 5329 unius
3446 5293 3507 5330 ac
3537 5277 3640 5330 veri
3664 5275 3756 5330 Dei

2186 5346 2525 5416 permanentis
2554 5347 2604 5398 in
2629 5347 2811 5399 sa'cula
2840 5345 3062 5414 famulos
3083 5362 3142 5400 ac
3174 5355 3340 5399 testes.

2255 5419 2343 5472 Mt.
2378 5416 2522 5479 ΒΜ..
2554 5416 2845 5486 fatebimur,
2867 5427 3050 5469 contra
3081 5427 3331 5470 metrum.
3359 5416 3524 5485 llujus
3546 5417 3621 5470 Da
3650 5414 3756 5470 iani

2187 5488 2443 5541 memoria
2474 5495 2648 5540 exstat.
2674 5488 2724 5539 in
2759 5486 3102 5557 inscriptione
3143 5488 3421 5557 llispauica
3448 5489 3587 5554 apud
3621 5487 3756 5541 (ἓως

2187 5565 2380 5622 terum,
2431 5572 2547 5624 pag.
2576 5572 2756 5611 cscrx.
2807 5556 3026 5610 Scilictt
3057 5556 3308 5610 Datianus
3341 5573 3536 5623 prtcses
3563 5557 3756 5623 Hispa-

2190 5629 2394 5680 uiarum
2425 5629 2650 5693 lapidem
2676 5628 2796 5695 poni
2821 5628 3025 5680 curavit
3054 5626 3334 5680 terminum
3364 5629 3498 5682 inter
3521 5630 3759 5681 Elmeno

2187 5712 2273 5754 ses
2305 5709 2357 5754 et
2385 5697 2668 5763 Paccnscs,
2712 5697 3097 5762 impetautibus
3130 5699 3456 5755 Diocletiano
3487 5708 3540 5755 ct
3590 5699 3757 5755 Masi-
