3994 6176
463 328 738 398 Ipsumque
773 332 940 386 vulsis
968 341 1191 387 uexrtms

453 417 892 476 Obambulantem
923 438 1171 493 pangere.

226 508 319 564 535
389 509 674 576 Implentur
693 527 852 568 aures
885 515 1079 568 turbidi

457 600 707 656 Praetoris
749 602 851 658 hoc
881 605 1141 660 miraculo
1164 625 1175 659 :

458 692 572 746 Flet
603 693 799 762 victus,
833 704 887 749 et
915 695 1080 750 volvit
1105 712 1327 767 gemens

455 783 608 850 Iram,
638 785 900 850 dolorem,
932 787 1186 845 dedecus.

387 878 698 946 Exemptus,
723 879 918 950 inquit,
951 884 1178 948 carceri,

453 969 669 1024 Paulum
691 972 932 1041 benignis
963 971 1157 1028 fotibus

454 1063 664 1134 1008
696 1063 1011 1129 Rucreetur,
1044 1077 1098 1118 ttt
1131 1077 1340 1133 pastum
1373 1083 1568 1126 novum

457 1151 634 1206 Poenis
659 1153 890 1209 reiectus
921 1156 1176 1223 praebeat.

377 1247 529 1303 Coire
567 1257 678 1304 toto
706 1265 772 1307 ex
799 1253 996 1321 oppido

440 1340 670 1394 Turbam
703 1342 908 1397 lidelem
939 1357 1212 1410 cerneres,

439 1431 641 1488 Mollire
669 1434 971 1503 praefultum
1002 1446 1196 1503 torum,

443 1521 660 1578 Siccare
681 1527 842 1580 cruda
877 1528 1119 1582 vulnera.

376 1612 462 1668 ille
485 1615 804 1683 ungularum
834 1617 1077 1684 duplices

439 1703 630 1760 Sulcoe
663 1717 904 1775 pererrat
931 1709 1130 1764 osculis
1155 1729 1166 1762 :

435 1795 527 1849 Hic
555 1807 938 1865 purpurantem
969 1801 1206 1868 corporis

437 1886 647 1942 Gaudet
671 1904 917 1944 cruorem
951 1890 1208 1946 lambere.

225 970 316 1026 530

221 1429 310 1488 535

222 1887 310 1945 διο

1395 224 1759 281 PERISTEPll

1882 227 1959 284 DN
2003 229 2218 287 HYMN.
2262 233 2325 286 Υ.
3380 244 3487 302 598

1820 345 1868 400 Α
2079 342 2321 410 Plerique
2354 354 2552 399 vestam
2587 347 2802 402 linteam

2152 438 2362 508 1009
2385 438 2628 493 Stillante
2657 440 2863 511 tingunt
2891 444 3168 514 sanguine,

2148 527 2410 584 Tutamen
2440 539 2497 583 ut
2519 546 2730 585 sacrum
2761 535 2872 589 suis

2143 619 2294 673 Domi
2327 632 2601 676 reservent
2630 626 2878 691 posteris.

1893 707 1996 760 355
2069 709 2220 764 Tunc
2248 710 2360 779 ipse
2383 726 2634 783 manceps
2657 719 2909 780 carceris.

2143 800 2208 854 Et
2232 799 2566 858 vinculorum
2589 805 2810 873 janitor,

2143 891 2208 948 Ut
2239 893 2342 948 fert
2369 904 2608 950 vetustas
2630 899 2869 964 conscia,

2142 984 2378 1052 Repente
2407 985 2676 1042 Christum
2707 990 2953 1048 credidit.

2067 1077 2164 1131 llic
2192 1078 2454 1133 obseratis
2477 1081 2722 1136 vectibus

2138 1169 2328 1224 Densa:
2353 1185 2568 1239 specum
2586 1173 2830 1241 cal'ginis

2137 1259 2432 1328 Splendore
2452 1261 2584 1318 lucis
2606 1264 2826 1320 advena)

2139 1352 2386 1408 Micuisse
2413 1354 2652 1410 clausum
2676 1357 2902 1416 viderat.

2064 1443 2133 1495 At
2163 1457 2290 1497 vero
2318 1452 2596 1514 postquam
2628 1448 2807 1508 lectuli

2140 1533 2338 1604 Martyr
2375 1536 2606 1605 quietem
2632 1541 2857 1610 contigit
2886 1591 2901 1612 ,

2135 1625 2301 1696 βεϐι-
2325 1643 2594 1684 morarum
2624 1633 2806 1700 ttedin,

2133 1719 2200 1774 Et
2228 1723 2416 1776 mortis
2448 1723 2699 1780 incensus
2725 1727 2810 1781 siti
2835 1746 2847 1780 :

2067 1809 2122 1864 Si
2156 1827 2304 1866 mors
2333 1813 2572 1870 habenda
2596 1817 2858 1886 ejusmodi
2895 1829 2995 1886 est,

2141 1902 2351 1973 1010
2377 1903 2507 1970 Quae
2535 1909 2800 1976 corporali
2825 1912 3094 1981 ergastulo

1888 1168 1955 1187 ηι-

1889 1169 1992 1223 550

1888 1623 1993 1678 555

1495 1985 1779 2042 οιοδδ.Ε
1827 1987 2163 2046 VETERES.

275 2115 384 2186 527.
425 2115 626 2177 Volvit.
663 2118 873 2186 cogitat.
911 2119 949 2172 1ο

241 2184 376 2308 βῆ).
417 2186 670 2258 Benignis
718 2184 936 2256 fotibus,
984 2193 1209 2256 blandis,
1241 2191 1447 2245 mitibus
1476 2194 1768 2244 nutrimen-

241 2273 296 2308 18.
351 2295 363 2307 .

220 2265 269 2308 lis
331 2265 363 2308 Ι.

273 2296 381 2381 ἑδι.
416 2326 704 2393 Cerneres,
734 2331 780 2382 si
805 2331 1024 2397 adesses,
1059 2333 1100 2387 1.

272 2397 378 2451 553'.
411 2399 742 2464 Prmfttltttnt,
771 2411 1009 2467 stratum,
1037 2404 1075 2456 Ι.

271 2468 378 2523 556.
417 2470 658 2535 Siccare,
693 2481 900 2541 tergere,
933 2475 972 2526 Ι.

1949 2122 2073 2198 ξᾷ
2112 2123 2377 2198 l_.inteam,
2407 2127 2476 2198 ad
2498 2129 2738 2195 reliquias
2755 2129 3037 2198 faciendas,
3064 2131 3083 2186 l

1946 2195 2072 2269 ξξξ.
2112 2194 2397 2269 '_l‘_tttamen,
2437 2194 2833 2263 ﬁrmamentum,
2862 2203 3244 2269 protectionem,
3275 2206 3313 2260 Ι.

1945 2265 2072 2345 545i.
2114 2265 2386 2346 Manceps,
2417 2279 2607 2346 custos,
2635 2281 2791 2322 manu
2812 2265 3052 2346 capiens;
3091 2265 3348 2346 manceps,
3375 2283 3460 2346 qui

1873 2335 2154 2414 mancipat,
2183 2345 2245 2414 et
2271 2337 2360 2403 qui
2389 2339 2734 2414 mancipatur,
2762 2335 2932 2414 aereus
2961 2335 3079 2414 inde
3115 2335 3462 2414 emancipale

1871 2405 1997 2458 liber
2019 2421 2050 2457 a
2065 2407 2266 2459 servitio
2291 2423 2380 2460 nec
2398 2405 2638 2477 mancipi,
2657 2411 2710 2462 id
2729 2423 2824 2476 est,
2849 2412 2991 2480 liber,
3024 2405 3400 2482 indeclinabile,
3419 2420 3457 2474 Ι.

1537 2563 2097 2622 COMMENTARIUS.

270 2699 377 2754 39.9.
426 2700 537 2755 Duo
572 2699 847 2755 Heinsiani
896 2714 1015 2754 cum
1047 2700 1428 2761 Tbttan.,Vat.
1486 2700 1554 2768 Q,
1609 2701 1767 2757 Alex.

215 2771 519 2834 recentiores,
548 2780 818 2831 exemptus
838 2771 1027 2825 carceri
1051 2773 1183 2836 ;alii
1203 2813 1218 2834 ,
1249 2787 1468 2824 carcere.

269 2841 378 2896 335.
405 2843 671 2896 Cellarius
699 2857 761 2895 ex
801 2842 991 2907 oppido
1032 2844 1412 2911 interpretatur
1447 2842 1764 2913 Saguntum.

215 2913 466 2966 Atcertum
489 2922 573 2966 est
608 2927 672 2966 ex
699 2913 842 2966 Actis
863 2927 984 2968 e-se
1016 2913 1330 2968 Valentiam.
1368 2912 1558 2982 Hymn.
1589 2912 1613 2964 l
1668 2912 1770 2967 Per

213 2982 475 3048 Calagurris
524 2983 675 3035 dicta
706 2991 789 3035 est
814 2983 1083 3052 oppidum,
1140 2992 1193 3036 et
1219 2983 1421 3049 quaevis
1451 2983 1578 3035 urbs
1621 2993 1765 3036 recte

214 3053 425 3119 oppidum
455 3053 680 3106 dicitur.
715 3053 846 3105 Cod.
881 3053 1110 3117 Tlteod.,
1142 3053 1244 3122 leg.
1276 3054 1312 3106 2
1350 3054 1418 3108 de
1462 3053 1760 3117 Monacbis,

214 3123 364 3176 civitas
389 3133 440 3177 et
458 3139 525 3192 op
568 3123 721 3176 idum
747 3138 841 3190 pro
861 3124 1047 3178 eodem
1071 3125 1357 3192 ponuntur.
1385 3123 1597 3177 Diaconi
1629 3137 1764 3190 prae-

213 3199 336 3254 cipue
359 3195 416 3245 ad
448 3193 749 3246 visitandos
781 3202 1043 3262 martyres
1093 3194 1146 3247 in
1185 3193 1490 3248 carceribus
1515 3193 1764 3247 detentus

213 3264 421 3316 \‘ideuttlt'
457 3264 632 3318 fuisse
674 3265 940 3316 destinati.
992 3263 1097 3317 Sed
1128 3264 1346 3317 dubium
1375 3278 1481 3317 non
1527 3273 1609 3318 est
1633 3264 1762 3330 quin

213 3334 282 3385 alii
306 3336 450 3388 etiam
477 3333 776 3387 Christiani
802 3335 898 3387 viri
921 3343 974 3388 et
1002 3333 1215 3387 femina:
1246 3335 1297 3389 id
1337 3334 1581 3397 fecerint,
1613 3341 1672 3387 ut
1698 3347 1765 3389 ex

214 3403 414 3458 historiis
438 3409 713 3474 Actisquer
731 3413 1023 3473 martyrum
1053 3405 1237 3474 liquet.

267 3477 372 3546 3335.
411 3474 545 3538 Gis.,
595 3473 907 3540 perfultum;
953 3475 1084 3538 alii,
1130 3475 1443 3546 prcefultum.
1496 3473 1765 3529 Giselinns

212 3544 650 3600 rthamillardus
700 3546 966 3611 explicant
1013 3546 1204 3599 durum
1238 3544 1304 3598 et
1350 3559 1594 3612 aSperum
1633 3560 1765 3612 quo-

211 3615 341 3668 modo
366 3618 530 3672 solent
567 3629 700 3670 csse
739 3616 966 3669 distenta
994 3624 1048 3668 et
1095 3617 1227 3668 l’arta
1259 3633 1270 3668 :
1330 3629 1360 3668 a
1389 3616 1582 3684 quibus
1608 3614 1764 3685 longe

210 3685 451 3754 dissentio.
472 3686 616 3741 Nam
645 3701 765 3738 cum
798 3686 1022 3738 lulcrum
1048 3694 1291 3739 sumatur
1321 3700 1415 3749 pro
1439 3686 1597 3747 lecto,
1619 3686 1761 3754 quod

212 3753 364 3809 tuleris
393 3759 555 3812 lectus
581 3757 826 3814 eriaatur
850 3765 906 3809 et
928 3756 1196 3820 fulciatur,
1229 3764 1284 3809 et
1309 3755 1533 3825 lulcrum
1563 3753 1760 3808 dictum

213 3828 314 3897 sita
353 3829 548 3894 fultum,
610 3828 738 3881 hinc
791 3825 1089 3893 praalultum
1136 3837 1312 3880 torum
1343 3836 1496 3897 vocat
1542 3825 1610 3878 ab
1633 3826 1762 3897 ipsis

215 3895 384 3961 lulrris,
415 3902 558 3964 quasi
592 3898 736 3953 bene
766 3905 1002 3950 erectum
1031 3907 1085 3951 et
1110 3899 1315 3949 fultum.
1350 3896 1404 3949 lu
1427 3895 1673 3950 sermone
1701 3897 1760 3950 3.

216 3964 441 4030 Leandri,
474 3968 539 4022 de
565 3982 680 4035 quo
723 3982 883 4035 supra
918 3985 929 4018 :
961 3965 1112 4022 lubet
1149 3967 1322 4020 invida
1347 3982 1518 4032 meus,
1552 3966 1763 4020 lenioris

213 4039 334 4087 strati
355 4039 512 4103 fulcra
535 4039 799 4092 substitui.

268 4106 374 4163 537.
403 4109 653 4177 Duplices
683 4108 816 4161 sulci
837 4108 1105 4170 dicuntur,
1139 4107 1259 4173 quia
1293 4106 1505 4175 ungulis
1541 4106 1763 4161 bisulcis

211 4182 582 4234 rxcaruiticatus
624 4188 831 4248 martyr
874 4179 1065 4234 fuerat.
1095 4177 1230 4232 Vide
1278 4177 1458 4247 bymn.
1518 4179 1538 4231 Ι
1611 4177 1756 4241 Pen,

213 4258 329 4300 vere.
353 4250 435 4305 li.

265 4318 371 4372 338.
423 4319 665 4374 Notanda
693 4329 774 4374 est
801 4318 1132 4374 consuetudo
1159 4327 1396 4372 veterum
1424 4316 1756 4371 Christiano-

213 4400 325 4452 rum,
353 4401 432 4455 qut
458 4401 681 4445 catenas
709 4398 763 4444 et
806 4391 1022 4444 vulnera
1054 4399 1345 4458 martyrum
1391 4387 1636 4453 religiose
1665 4390 1762 4442 de-

214 4462 573 4514 osculabantur.
604 4459 966 4513 Tertullianus
1009 4459 1098 4512 lib.
1130 4473 1164 4510 ll
1194 4457 1259 4510 ad
1291 4457 1521 4513 Uxorem
1563 4473 1578 4512 :

213 4526 457 4600 (paganus)
484 4534 553 4584 ad
583 4529 871 4584 osculanda
890 4530 1114 4600 oinculaA
1130 4529 1367 4600 martyris
1384 4538 1581 4600 reptare
1601 4528 1759 4597 (uxo-

215 4611 302 4668 rem
344 4598 723 4667 Christianam)
780 4601 1042 4667 patietur?
1077 4598 1274 4652 Confer
1325 4598 1755 4668 Martyrologium

215 4667 382 4724 Adonis
406 4675 560 4728 nonis
587 4672 755 4736 Junii,
789 4687 838 4724 vt
880 4670 999 4724 idus
1030 4669 1384 4738 Septembris.
1407 4667 1470 4722 et
1498 4668 1757 4738 Martyro-

215 4738 374 4802 l«vgiutu
405 4744 703 4798 Romanum
735 4757 786 4794 ts
828 4742 930 4795 Cal.
981 4739 1126 4793 Jutii.
1172 4737 1579 4792 Constantinum
1611 4737 1754 4793 cica-

216 4809 398 4867 l'iribus
418 4829 604 4867 eorum
635 4813 724 4882 qui
753 4811 1021 4882 Christum
1049 4810 1278 4882 confessi
1311 4808 1518 4882 [nerant
1565 4818 1625 4882 et
1646 4818 1754 4862 tor-

214 4893 356 4932 menta
385 4879 681 4948 subieraut,
722 4882 863 4935 labra
908 4881 1209 4933 admovisse
1252 4879 1415 4934 refert
1444 4879 1753 4934 Theodore-

213 4952 384 5022 Inslib.
421 4969 463 5018 t,
496 4969 619 5022 cap.
650 4956 704 5007 2.
735 4953 957 5019 Optatus
978 4951 1072 5004 lib.
1101 4959 1318 5022 icontra
1342 4949 1750 5022 Parmeuianum

217 5017 263 5069 ad
287 5021 406 5076 hanc
426 5017 872 5078 consuetudinem
903 5022 1171 5087 re-picere
1201 5019 1407 5073 videtur
1438 5037 1450 5070 :
1485 5019 1556 5072 Us
1585 5020 1752 5072 nescio

212 5090 331 5164 cuius
367 5096 624 5164 martyris,
649 5095 691 5146 si
739 5104 903 5164 tamen
945 5091 1202 5160 martyris,
1257 5089 1415 5142 libare
1453 5087 1714 5142 dicebatur
1733 5105 1751 5142 :

213 5161 326 5223 Ψιθά
359 5164 427 5216 ait
447 5161 515 5218 de
544 5163 746 5218 Lucilla
777 5163 1169 5216 Donatistarum
1203 5168 1441 5226 patrona.

271 5230 376 5296 3“,
423 5234 564 5298 Ald.,
623 5232 759 5295 Gis.,
805 5235 1027 5295 lincunt;
1060 5231 1312 5300 potiores,
1345 5228 1754 5300 linteamiblfra-

213 5296 300 5353 bile
327 5302 416 5356 fuit
434 5296 672 5358 venerum
703 5296 1126 5357 Christianorum
1152 5300 1383 5353 studium
1414 5300 1466 5352 in
1511 5299 1754 5367 reliquiis

211 5379 470 5441 martyrum
496 5374 901 5440 conservandis,
948 5373 1243 5439 praesertim
1273 5370 1323 5422 iu
1352 5371 1612 5441 sanguine
1638 5373 1752 5424 col-

212 5436 416 5512 ligendo,
443 5443 585 5512 quod
618 5457 649 5496 a
690 5436 901 5497 nemine
939 5436 1140 5496 clarius
1180 5454 1336 5508 quam
1390 5455 1417 5490 a
1439 5438 1757 5512 “Prudentia

213 5507 500 5579 descriptum
521 5524 634 5568 est:
655 5518 734 5567 cui
748 5524 930 5580 aperte
947 5507 1230 5566 concinunt
1249 5512 1405 5562 Acta:
1439 5507 1645 5562 Videres
1668 5511 1759 5562 cir-

215 5584 544 5636 cumtuntium
582 5584 908 5652 frequentiam
947 5583 1106 5633 sancti
1140 5581 1357 5652 uestigia
1379 5582 1625 5652 certatim
1665 5582 1754 5633 de-

213 5651 463 5706 oscslando
475 5650 818 5722 prolaubere,
834 5655 1040 5707 vulnera
1057 5651 1211 5704 totius
1233 5650 1388 5702 laceri
1414 5652 1642 5705 corporis
1668 5653 1753 5705 aia

1872 2701 2166 2775 curiositate
2193 2702 2425 2775 palpare,
2465 2702 2765 2775 sanguinem
2802 2704 2971 2775 linteis
3009 2709 3262 2775 excipere,
3307 2729 3455 2768 sacra

1871 2773 2191 2849 veneratione
2227 2774 2440 2842 posteris
2479 2774 2822 2849 profuturum.
2862 2774 3129 2849 ﬂeretici,
3175 2773 3264 2849 qui
3295 2798 3456 2838 vene-

1871 2843 2136 2919 rationem
2168 2856 2438 2919 sacrarutu
2477 2843 2817 2919 reliquiarum
2862 2843 3211 2919 insectantur,
3237 2852 3451 2919 vellem,

1871 2913 2381 2992 adverterent._ba3c
2421 2913 2532 2992 ipsa
2561 2912 2693 2968 Acta
2733 2914 2786 2967 in
2819 2915 3131 2992 ecclesia_S.
3173 2912 3452 2992 Augustini

1873 2993 2114 3105 tempore
2152 2983 2254 3054 legi
2278 2984 2639 3053 consuevisse,
2671 2993 2726 3038 et
2753 2984 2950 3054 saepius
2975 3001 3003 3040 a
3048 2987 3109 3043 S.
3154 2983 3451 3062 Aug'ustiuo

1893 3068 1956 3105 au
1999 3069 2100 3105 art.

1893 3068 2100 3107 auoart.

1939 3123 2067 3198 545Ἰ
2105 3121 2827 3198 Chamillardusmancipem
2866 3126 3114 3197 intelligit
3140 3131 3450 3198 pra'l'ectum

1866 3195 2122 3260 carceris,
2145 3205 2201 3248 ut
2241 3196 2292 3248 in
2319 3197 2450 3267 cod.
2471 3195 2678 3250 Theod.
2712 3196 2910 3250 dicitttr
2935 3195 3186 3267 manceps
3210 3201 3451 3258 therma-

1867 3279 2008 3325 rum,
2058 3280 2311 3332 manceps
2356 3265 2679 3327 salinarum;
2726 3267 2853 3333 quin
2897 3265 3254 3325 necessarium
3297 3274 3456 3330 situt

1867 3347 2122 3409 manceps
2157 3337 2391 3409 carceris
2438 3337 2519 3409 illi
2555 3337 2852 3409 minittterio
2891 3338 3051 3394 fuerit
3095 3344 3447 3409 mancipatus,

1865 3404 2008 3479 quod
2036 3405 2150 3460 vult
2192 3406 2572 3479 Nebrisseusis.
2611 3405 2832 3479 Proprie
2881 3418 3057 3464 autem
3099 3404 3348 3479 manceps
3371 3404 3454 3468 est

1865 3476 1952 3542 qui
1985 3489 2145 3552 manu
2171 3477 2332 3552 capit.
2365 3476 2646 3552 Turnebus
2689 3476 2977 3552 Adversar.
3012 3481 3106 3552 lib.
3137 3498 3185 3546 ι,
3213 3476 3330 3552 cap.
3361 3485 3447 3549 15,

1864 3546 2159 3616 mancipem
2187 3546 2239 3598 in
2290 3545 2577 3599 Prudentia
2610 3546 2845 3616 explicat
2874 3551 3146 3605 custodem
3170 3545 3446 3616 rar'rcria,

1866 3628 2024 3681 quem
2055 3615 2310 3683 optionem
2356 3618 2573 3668 carceris
2613 3615 2682 3668 ab
2723 3617 3002 3674 Ambrosio
3052 3622 3304 3690 appellari
3355 3615 3450 3678 ob;

1865 3695 2066 3738 servat.

1936 3754 2060 3808 547.
2121 3755 2219 3810 Hic
2266 3755 2424 3809 etiam
2473 3753 2792 3810 Prudentius
2848 3767 3143 3813 vetustatem
3189 3767 3443 3818 consciam

1864 3824 2115 3900 appellat
2151 3835 2210 3880 ttt
2255 3827 2308 3879 in
2357 3826 2556 3895 hymno
2603 3823 2898 3900 trctodeeim
2941 3840 3256 3900 martyrum,
3306 3849 3445 3888 vers.

1866 3893 1993 3954 164,
2036 3898 2258 3964 priscam
2296 3893 2612 3949 vetustatem.
2656 3896 2815 3964 Atqui
2843 3897 3042 3950 saeculo
3068 3893 3117 3952 tv
3150 3893 3441 3958 res'is'tbtet

1864 3965 2074 4019 accidit.

1935 4035 2059 4090 548.
2095 4037 2273 4108 Prag.,
2304 4034 2528 4108 Christo.
2561 4035 2740 4098 Alex.,
2774 4033 3032 4101 reddidit;
3063 4035 3243 4108 supi’i,
3275 4043 3435 4097 credi-

1863 4105 1966 4167 dit,
1996 4107 2137 4171 quod
2160 4107 2378 4161 retineri
2409 4107 2583 4160 debet.

1936 4175 2064 4231 350.
2116 4177 2261 4239 Rat.,
2289 4177 2408 4249 Yat.
2453 4177 2492 4229 Β
2518 4191 2546 4229 a
2579 4175 2747 4249 prim'a
2777 4189 2972 4249 manu.
3000 4177 3231 4249 densum.
3285 4181 3439 4249 Man,

1865 4246 2057 4310 deusta,
2084 4249 2176 4301 sed
2206 4264 2277 4301 ste
2304 4246 2522 4307 factum,
2555 4246 2763 4299 abrasis
2792 4246 3058 4314 prioribus
3090 4248 3300 4306 litteris.

1937 4317 2062 4374 55L
2109 4319 2262 4382 Man,
2293 4318 2539 4380 contulit;
2566 4316 2630 4370 ad
2659 4331 2850 4384 πῖθι-α..
2879 4317 3122 4382 contigit,
3152 4332 3273 4374 cum
3302 4323 3439 4378 aliis.

1865 4385 2229 4461 _Nebrissensis
2256 4390 2473 4461 quietem
2501 4387 2762 4461 explicat,
2789 4387 2912 4453 quia
2954 4387 3283 4461 obdormivit
3320 4408 3442 4461 pan.

1637 4458 1763 4524 Quis
1789 4471 1841 4532 ι)
1867 4457 2055 4533 lu_lu_m.
2096 4461 2226 4533 Acta
2256 4459 2325 4510 ita
2366 4457 2564 4533 habent
2593 4473 2604 4508 :
2643 4455 2856 4509 Delatus
2883 4472 3096 4533 namque
3127 4458 3223 4514 Dei
3249 4455 3443 4533 martyr

1865 4526 1932 4577 ad
1973 4525 2242 4588 lectulum,
2273 4543 2334 4579 ac
2361 4527 2458 4595 piis
2485 4535 2776 4580 sanctorum
2803 4527 3038 4580 manibus
3066 4528 3118 4580 in
3141 4535 3288 4585 strati
3315 4525 3444 4588 mtil-

1859 4596 1968 4649 litie
2013 4599 2287 4663 repositus,
2334 4611 2455 4650 mox
2503 4597 2774 4661 pretiosam
2824 4597 3074 4651 resolutus
3124 4600 3178 4653 in
3230 4615 3442 4659 mortem

1858 4668 1982 4719 caelo
2009 4669 2242 4733 spiritum
2264 4667 2507 4719 reddidit.

1929 4736 2051 4791 356.
2081 4736 2195 4792 Gis.
2228 4737 2252 4790 1
2280 4737 2393 4799 ed.,
2421 4745 2492 4790 est
2519 4737 2726 4800 mortis;
2751 4735 2804 4790 in
2834 4735 2999 4800 29¢,
3031 4749 3079 4792 et
3116 4742 3314 4803 mortis.
3345 4743 3439 4797 sed

1855 4807 2163 4861 emendavit
2186 4817 2260 4862 est
2288 4808 2487 4870 mortis,
2516 4807 2658 4876 quod
2701 4822 2806 4861 non
2845 4806 3114 4875 displicet.
3146 4812 3248 4866 Alii
3281 4812 3439 4876 pleri-

1855 4892 1960 4945 que
1989 4887 2058 4939 et,
2077 4887 2138 4930 ut
2160 4877 2516 4942 suspendamr
2538 4879 2712 4931 oratio
2755 4885 2923 4943 usque
2946 4879 3013 4932 ad
3037 4895 3181 4934 vers.
3211 4880 3336 4935 367.
3370 4882 3437 4935 Et

1857 4959 1982 5001 tunc
1998 4948 2154 5000 victor
2181 4949 2392 5013 spiritus
2421 4959 2504 5002 est
2531 4947 2801 5014 npposltio
2826 4963 2840 5001 :
2870 4949 3021 5015 quasi
3053 4950 3282 5013 dicatur,
3309 4950 3436 5004 Viu-

1855 5019 2085 5081 centius,
2123 5017 2220 5072 hoc
2250 5027 2328 5071 est
2365 5019 2535 5071 victor
2556 5018 2674 5086 ejus
2702 5018 2922 5086 spiritus
2949 5022 3145 5074 calum
3172 5020 3430 5086 capessit.

1926 5089 2049 5162 δυ.
2094 5088 2237 5162 Διά..
2279 5087 2496 5162 Wei_tz.,
2529 5088 2640 5142 Gts.
2689 5090 2743 5143 in
2793 5098 3068 5155 contextu,
3119 5090 3437 5162 hujusmodi.

1857 5158 2123 5225 Plerique,
2155 5159 2425 5230 ejusmodi.

1928 5230 2052 5284 358.
2091 5230 2149 5282 S.
2175 5227 2504 5297 Fulgentius
2546 5229 2597 5282 in
2627 5243 2878 5284 sermone
2921 5227 2989 5283 de
3027 5229 3083 5283 S.
3113 5228 3389 5284 Stephano
3420 5271 3431 5282 .

1862 5298 2029 5351 Hodie
2054 5299 2200 5353 miles
2237 5316 2468 5369 egressus
2493 5310 2567 5354 est
2592 5300 2656 5351 de
2683 5300 2939 5366 ergastulo
2965 5299 3154 5351 carnis.
3188 5299 3320 5352 Cum
3345 5315 3433 5354 er-

1865 5371 2128 5431 gastulum
2156 5375 2225 5424 sit
2255 5386 2531 5438 pinnarum
2561 5371 2707 5422 locus
2726 5370 2777 5438 in
2801 5382 2906 5434 quo
2931 5370 3092 5423 vineti
3120 5381 3433 5438 Operamur,

1867 5441 2003 5495 belle
2054 5443 2106 5494 id
2135 5437 2347 5508 corpori
2395 5437 2970 5509 convenireqobservat
3019 5437 3433 5507 Cbaniillardus,

1862 5511 1946 5564 cui
1977 5518 2150 5564 tamen
2183 5507 2466 5565 barbarum
2501 5522 2551 5564 et
2578 5507 2809 5560 insolens
2834 5507 3053 5562 verbum
3087 5509 3297 5564 videtur
3320 5526 3437 5564 eor-

1864 5582 2074 5655 parulis.
2110 5581 2176 5634 At
2212 5582 2419 5655 Seneca
2445 5594 2530 5655 ep_.
2562 5577 2630 5628 58
2658 5585 2712 5630 et
2737 5575 2807 5655 τῇ
2836 5592 2942 5632 non
2985 5579 3153 5635 semel
3183 5594 3250 5636 eo
3307 5594 3437 5638 tum

1859 5644 1962 5718 est,
1985 5653 2144 5706 etiam
2180 5644 2477 5718 composito
2498 5644 2851 5716 incorporalis.
