3994 6176
518 263 619 318 107

770 379 980 451 1020
1005 376 1123 433 Jam
1145 372 1274 444 pace
1297 374 1459 442 jUSliS
1481 372 1711 438 reddita,

766 470 917 523 Altar
938 470 1169 538 quietem
1199 465 1431 520 debitam

770 560 990 614 Praestat
1021 556 1191 613 beatis
1222 557 1453 610 ossibus.

696 652 943 723 Subjecta
975 666 1096 706 nam
1129 650 1386 712 sacrario.

774 746 1045 813 lmamque
1072 743 1137 798 ad
1166 758 1311 798 aram
1339 740 1570 805 condita,

764 834 1012 890 Caelestis
1049 849 1231 888 auram
1264 832 1501 887 muneris

770 928 978 998 1021
1010 924 1226 978 Perfusa
1258 924 1447 977 subtus
1478 922 1747 977 hauriunt.

696 1017 784 1072 Sic
804 1030 1001 1085 corpus
1027 1033 1039 1067 :
1080 1026 1161 1069 ast
1192 1016 1363 1083 ipsum
1398 1015 1490 1068 Dei

769 1105 939 1162 Sedes
968 1120 1243 1172 receptum
1267 1106 1527 1167 continet,

767 1196 899 1253 cum
926 1198 1242 1251 Machabaeis
1273 1196 1542 1259 fratribus,

769 1290 1035 1361 Sectoque
1064 1291 1212 1345 lsaite
1241 1291 1560 1359 proximum.

518 470 624 527 5i5

517 927 619 981 5Ξο

1616 257 1891 313 AURELII
1931 255 2300 312 pnuuca‘ru
2339 255 2639 311 CARMINA
2686 212 2689 215 ’

3658 257 3759 314 (08

2124 377 2170 431 Α
2202 370 2308 425 5:25
2380 371 2611 438 Sunplex
2638 370 2731 425 sed
2764 368 2870 425 illis
2900 369 3124 440 contigit

2453 459 2662 515 Corona
2696 476 3006 531 poenarum:
3040 463 3233 532 quibus

2461 553 2646 608 Finem
2671 555 2931 608 malorum
2966 555 3215 623 praestitit

2455 644 2641 700 Mortis
2669 660 2963 715 supremus
2982 646 3187 703 exitus.

2383 738 2520 805 Quid
2554 740 2659 793 tale
2684 751 2863 795 sector
2889 755 3053 795 ausus
3082 740 3199 795 est?

2464 831 2727 885 Truncata
2757 833 2991 902 nunquid
3014 836 3260 901 corporis

2470 925 2679 995 1022
2703 924 2987 994 Segmenta
3017 937 3135 993 post
3159 942 3359 981 serram
3394 927 3518 982 feris

2456 1015 2686 1084 Objecit,
2714 1027 2807 1069 aut
2836 1016 2994 1071 undis
3024 1017 3211 1071 dedit?

2385 1110 2520 1164 Num
2552 1110 2841 1165 Machabrui
2874 1111 3124 1181 martyris

2462 1202 2715 1269 Linguam
2745 1212 3001 1273 tyrannus
3030 1212 3259 1263 erutam,

2466 1296 2761 1367 Raptamve
2783 1296 2976 1366 pellem
3007 1295 3226 1351 verticis
3295 1358 3302 1366 ,

2216 831 2319 887 530

2213 1296 2320 1348 535

1821 1382 1871 1437 ιϐ
1881 1382 2116 1439 ιοδδΑῖ
2163 1387 2198 1437 ν
2210 1390 2291 1442 ΕΤ
2302 1391 2385 1443 ER
2397 1390 2494 1446 ES.

590 1479 715 1534 515.
750 1478 923 1542 Altar,
956 1495 1202 1541 recessus.
1235 1478 1274 1531 1.

590 1548 716 1604 517.
748 1550 1019 1617 Subiecta,
1049 1550 1294 1611 membra,
1326 1548 1369 1602 1.

592 1621 717 1676 519.
751 1623 971 1683 Auram,
1000 1622 1239 1689 gratiam,
1267 1620 1309 1673 1.

590 1691 716 1746 520.
748 1687 1205 1751 Pertusa—scilicet
1224 1689 1413 1743 σανιεηί
1433 1689 1619 1759 gratia,
1647 1687 1687 1740 1.

592 1762 720 1834 ξῑὲίε
747 1758 974 1834 ﬁerent:-
999 1761 1159 1834 ωειςεν
1177 1761 1227 1834 ,1-

589 1830 717 1886 525.
746 1830 874 1894 Illis,
902 1830 1234 1892 Mucltabwis.
1261 1831 1301 1884 1.

2137 1823 2185 1881 Β

2287 1482 2410 1535 52⁸7.
2444 1483 2725 1548 Malorum,
2755 1482 3011 1544 laborum,
3043 1481 3085 1535 1.

2281 1552 2406 1605 528.
2440 1555 2758 1619 Supremus,
2792 1553 3117 1618 novissimus,
3149 1551 3186 1604 1.

2281 1622 2403 1677 529.
2437 1625 2647 1691 Sector,
2681 1622 2857 1685 Isaiw,
2890 1623 2930 1674 I.

2282 1695 2405 1749 531.
2440 1688 2748 1763 Segrueuta,
2784 1701 2952 1757 partes
2972 1707 3001 1763 :7
3028 1696 3233 1763 proprie
3260 1701 3378 1743 sunt
3413 1700 3570 1743 vestes
3614 1688 3771 1742 mulie-

2210 1764 2341 1828 bres,
2372 1765 2462 1816 sed
2491 1762 2588 1816 nan
2615 1764 2668 1816 in
2699 1763 2796 1816 Itoc
2826 1764 2959 1825 loco,
2989 1762 3053 1827 l.,
3080 1762 3197 1814 Vat.
3230 1764 3294 1815 A.

1868 1917 2428 1975 CO‘JMENTAHIUS.

521 2014 621 2067 hus
652 2014 751 2067 rite
786 2012 1098 2066 decernere.
1136 2011 1375 2067 Advertit
1402 2014 1480 2066 sic
1507 2027 1536 2065 a
1574 2010 1867 2066 Prudentio
1899 2020 2102 2064 utram-

522 2099 627 2152 que
668 2083 997 2151 sepulturam
1044 2084 1353 2144 memorari,
1387 2093 1444 2135 ut
1493 2081 1669 2149 priore
1701 2083 1844 2148 justa
1891 2091 2103 2133 mortuo

592 2153 815 2222 rsoluta,
841 2152 1142 2219 posteriore
1163 2168 1426 2207 sumuutm
1464 2152 1722 2205 honorem
1757 2153 1973 2222 martyri
2014 2152 2107 2203 ha-

561 2226 690 2278 itum
743 2221 897 2277 facile
955 2222 1302 2292 intelligatur.
1373 2223 1542 2289 Quam
1612 2221 2102 2291 interpretationem

522 2294 698 2349 libens
735 2293 988 2361 exposui,
1030 2302 1091 2347 ut
1138 2308 1258 2347 eam
1309 2302 1524 2348 teneant
1570 2292 1762 2357 quibus
1812 2293 2104 2356 probetur:

523 2374 680 2419 acute
706 2362 848 2418 enim
880 2362 1181 2429 evcogitata
1210 2378 1271 2417 ea
1302 2372 1404 2417 est.
1432 2361 1538 2417 Sed
1581 2362 1903 2415 Prudentius
1949 2363 2101 2427 nihil,

526 2446 587 2488 ut
614 2443 759 2500 puto,
801 2433 945 2487 aliud
972 2432 1105 2501 vult,
1155 2433 1253 2487 nisi
1291 2433 1349 2489 S.
1385 2432 1667 2487 Vincentio
1710 2447 1816 2486 uon
1869 2434 2109 2499 potuisse

524 2504 874 2559 honorificum
894 2504 1023 2569 erigi
1052 2503 1219 2556 altare
1242 2503 1630 2571 persecutionis
1655 2513 1914 2571 tempore,
1939 2502 2104 2571 quod.

524 2589 657 2644 pace
689 2574 916 2639 reddita,
944 2582 1181 2628 erectum
1199 2572 1405 2644 fuerit:
1430 2587 1550 2627 cum
1581 2574 1783 2626 interea
1810 2588 1930 2644 eum
1955 2574 2111 2644 Chri-

526 2642 685 2698 stiani
730 2659 828 2713 pro
860 2654 1096 2714 martyre
1127 2642 1386 2697 haberent
1416 2652 1472 2696 et
1496 2644 1755 2705 colerent,
1787 2642 1939 2710 cujus
1983 2643 2111 2697 reli-

526 2714 702 2782 quias,
729 2714 892 2769 etiam
918 2714 1045 2767 dum
1072 2714 1297 2776 viveret,
1325 2725 1688 2778 reservarunt,
1709 2723 1768 2767 ut
1796 2717 1906 2768 suis
1930 2724 2111 2782 poste-

526 2787 602 2840 ris
631 2794 812 2854 essent
851 2794 1109 2838 tutamen.
1144 2785 1196 2837 lu
1226 2784 1372 2838 Actis
1401 2784 1450 2837 id
1483 2784 1777 2839 luculenter
1796 2799 2108 2854 expressum

526 2865 646 2909 est:
685 2853 869 2936 Itaque
916 2865 1122 2936 propter
1158 2856 1423 2936 gentilium
1473 2858 1698 2936 furorem
1739 2870 1840 2936 non
1895 2855 2113 2936 valentes

530 2942 644 2978 eum
683 2924 838 2992 digno
869 2924 1198 2997 venerationis
1229 2925 1481 2997 tumulare
1524 2924 1802 2997 cultuLad
1842 2927 2113 2997 qu_amdam

526 2990 795 3065 parvulam
845 2990 1131 3046 detulerunt
1177 2993 1435 3065 basilicam
1466 2990 1829 3065 sepeliendum.
1888 2993 2115 3047 Tandem

527 3062 700 3117 autem
725 3073 950 3117 cessante
972 3065 1282 3131 perﬁdorum
1303 3062 1623 3125 crudelitate,
1655 3080 1714 3116 ac
1739 3062 1970 3131 ﬁdelium
2000 3079 2114 3118 cre-

527 3142 699 3187 scente
721 3133 998 3202 devotione,
1016 3133 1333 3185 beatissimus
1353 3142 1548 3202 martyr
1567 3135 1636 3184 ad
1658 3136 1929 3201 sepultura:
1954 3133 2115 3187 hono-

528 3203 833 3272 riﬁcentiam
864 3201 984 3256 inde
1011 3204 1226 3267 levatus,
1255 3204 1413 3271 digna
1435 3201 1547 3255 cum
1569 3205 1844 3256 reverentia
1875 3205 2115 3267 deporta-

529 3283 637 3353 tur,
670 3272 1025 3353 absab-sacro
1053 3273 1208 3325 altari
1248 3283 1393 3353 extra
1421 3289 1590 3353 m_uros
1625 3275 1853 3353 ejusdem
1896 3276 2114 3328 civitatis

537 3342 789 3397 Valentia:
808 3343 876 3394 ad
906 3343 1122 3413 quietem
1149 3345 1429 3413 reponitur.
1463 3344 1520 3395 In
1556 3342 1689 3397 actis
1714 3344 1773 3399 S.
1799 3347 2111 3404 Saturnini:

528 3413 884 3468 Tumulariam
907 3413 1002 3480 (al.
1036 3412 1446 3483 tumultuariam)
1473 3430 1532 3466 eo
1564 3425 1787 3480 tempore
1830 3417 2010 3468 nteruit
2039 3432 2118 3469 se-

529 3484 816 3547 pulturam,
846 3483 1053 3537 scilicet
1084 3493 1299 3551 propter
1331 3483 1561 3537 furorem
1591 3485 1888 3551 gentilium.
1920 3485 1975 3540 8.
2018 3486 2115 3540 Va-

530 3554 742 3619 lerium,
774 3555 861 3624 qui
894 3568 998 3606 non
1027 3553 1117 3607 diu
1151 3562 1269 3614 post
1302 3553 1360 3610 S.
1395 3553 1735 3609 Vincentium
1783 3556 1936 3617 obiit,
1982 3566 2117 3609 tetu-

532 3625 677 3695 plum
705 3625 761 3677 S.
801 3624 1059 3678 Vincentii
1089 3626 1171 3679 sui
1201 3624 1410 3678 diaconi
1460 3626 1675 3679 nomine
1711 3626 1840 3693 erigi
1881 3627 1933 3680 in
1964 3628 2114 3695 oppi-

529 3694 658 3748 dulo
705 3697 876 3749 Aneto
899 3709 1118 3749 curasse
1141 3696 1396 3750 lectiones
1425 3696 1584 3749 ofticii
1618 3696 1816 3763 proprii
1843 3694 2113 3763 Hispattici

528 3763 803 3835 referunt:
828 3767 967 3835 quod
992 3765 1354 3819 monumentis
1371 3766 1602 3829 antiquis
1617 3781 1722 3820 non
1747 3770 2111 3822 continuatur.

601 3834 727 3890 5l5.
760 3834 903 3898 Rat.,
933 3836 1176 3905 quietam,
1213 3837 1305 3887 sed
1352 3848 1649 3890 correctum
1686 3838 1920 3904 quietem.
1965 3839 2111 3906 Ald.,

530 3906 776 3971 debitum,
801 3906 1049 3960 videlicet
1078 3908 1214 3959 altar
1239 3907 1488 3959 debitum.
1521 3906 1792 3959 Giselinus
1820 3908 1887 3960 ita
1926 3908 2113 3962 edide-

529 3986 631 4035 rat.
658 3977 750 4031 sed
774 3978 1007 4031 correxit
1030 3977 1268 4042 debitam,
1292 3977 1433 4045 quod
1458 3977 1653 4031 habent
1676 3978 1833 4031 codd.
1859 3981 2117 4032 vetustio-

530 4061 618 4101 res
649 4048 814 4100 nostri
847 4059 899 4101 et
924 4045 1219 4101 lleiusiaui.

602 4119 729 4172 517.
755 4118 1148 4171 Chamillardus
1171 4118 1245 4169 ait
1278 4114 1623 4169 Prudentium
1647 4116 1921 4184 accepisse
1949 4134 2115 4172 sacra-

530 4188 665 4241 rium
686 4201 784 4254 pro
809 4188 1155 4256 pastophorio
1183 4203 1277 4239 seu
1303 4186 1613 4249 secretario,
1640 4201 1833 4254 nempe
1860 4188 1946 4241 illa
1981 4198 2116 4242 tem-

531 4257 603 4324 pli
636 4264 786 4323 parte
815 4257 905 4324 ubi
943 4271 1093 4311 sacra
1136 4265 1487 4323 reponuntur,
1531 4268 1583 4309 et
1625 4257 1711 4310 ubi
1756 4266 1883 4311 sunt
1929 4268 2112 4313 sant-ta

532 4323 862 4381 sanctorum.
887 4323 991 4396 Sed
1012 4341 1131 4379 cum
1154 4326 1444 4380 sacrarium
1462 4327 1724 4396 signiticet
1740 4328 1902 4381 etiam
1925 4330 2111 4394 altare,

531 4397 598 4466 de
619 4396 772 4447 altari
798 4394 971 4466 potius
994 4396 1044 4449 id
1067 4397 1298 4466 accipio,
1325 4398 1393 4451 de
1416 4394 1530 4466 quo
1552 4400 1706 4465 paulo
1732 4409 1855 4452 ante
1880 4398 2115 4452 Pruden-

532 4464 658 4537 t_ius,
685 4475 743 4537 et
764 4465 851 4537 cui
890 4481 1012 4521 ossa
1052 4465 1153 4520 SS.
1193 4464 1484 4537 martyrum
1528 4464 1743 4535 subjici,
1795 4478 2025 4521 tesmtur
2062 4471 2112 4522 in

535 4532 638 4588 ﬁne
684 4534 905 4589 Eulaliae
941 4545 997 4591 et
1036 4532 1655 4609 octodecim'martyrmu
1684 4538 2115 4607 Caesaraugusta-

533 4619 747 4660 norum.

603 4672 905 4750 518.__Vatt.
933 4674 999 4750 ᾼ,
1031 4675 1090 4738 Β,
1120 4676 1450 4750 Mar.,_Rat.,
1484 4678 1659 4747 Prag.,
1682 4682 1799 4750 jam
1818 4680 2029 4746 jamque
2049 4680 2116 4731 ad
2147 4664 2196 4724 Ι)

530 4759 698 4796 aram.
731 4744 917 4798 Melius
943 4746 1195 4814 imamque
1222 4746 1290 4799 ad
1307 4764 1474 4800 aram.
1506 4744 1659 4803 Alex.
1682 4744 1717 4801 'a
1745 4744 1908 4813 prima
1932 4744 2114 4813 manu,

530 4815 790 4885 imamque
827 4816 896 4868 ad
925 4831 1087 4880 oram,
1121 4818 1295 4871 minus
1334 4819 1598 4885 apposite.
1643 4820 1865 4873 Videtur
1895 4822 2117 4873 iuuuere

531 4883 855 4939 Prudentius
899 4887 1296 4941 distinctionem
1345 4883 1485 4942 inter
1528 4898 1673 4944 a‘ram
1724 4902 1777 4944 et
1822 4891 2018 4956 altare,
2064 4900 2119 4943 et

532 4968 756 5025 corpora
794 4966 1100 5009 sanctorum
1141 4957 1305 5011 fuisse
1342 4958 1553 5013 condita
1585 4960 1685 5014 sub
1714 4962 1890 5025 altari,
1926 4971 1982 5013 et
2012 4976 2118 5021 non

531 5024 635 5078 sub
659 5040 773 5092 ara,
801 5027 894 5080 sed
918 5026 983 5078 ad
1006 5041 1153 5079 aram
1184 5028 1370 5081 subter
1390 5028 1629 5083 humum.
1666 5031 1795 5085 Vide
1825 5024 2115 5086 cummeut.

532 5096 597 5148 ad
632 5111 770 5149 vers.
805 5096 905 5151 no
940 5096 1208 5150 Passionis
1241 5098 1528 5165 Hippolyti.

602 5165 728 5221 519.
760 5166 1150 5229 Nebrissensis,
1182 5166 1595 5240 Cliaunllardus,
1640 5169 1899 5225 Cellarius
1937 5172 2109 5240 expli-

533 5248 653 5307 cant
685 5250 807 5291 ossa
849 5248 1141 5307 martyrum
1186 5238 1387 5303 integra
1431 5254 1645 5293 manere
1674 5254 1986 5295 conservata
2011 5238 2108 5295 ‘d:-

533 5306 660 5360 vino
679 5323 923 5364 munere.
952 5306 1167 5366 Teolius
1206 5308 1374 5361 multo
1419 5308 1608 5360 melius
1638 5310 1885 5378 intelligit
1912 5314 1979 5367 de
2022 5326 2108 5364 sa-

535 5388 810 5443 cramento
835 5379 1192 5443 eucharistite,
1222 5379 1360 5446 quod
1402 5378 1455 5430 in
1502 5378 1654 5431 altari
1699 5390 1751 5432 et
1799 5396 1969 5449 super
1998 5398 2120 5435 ossa

536 5456 828 5521 martyrum
854 5454 1225 5521 peragebatur.
1263 5449 1392 5503 Vide
1424 5459 1715 5521 comment.
1740 5450 1804 5503 ad
1842 5453 2030 5521 hymn.
2060 5454 2118 5505 S.

539 5516 758 5591 Eulaliae
779 5516 919 5591 vers.
948 5516 1075 5575 215.
1115 5520 1379 5591 Existimo
1405 5520 1564 5591 etiam
1592 5516 1947 5591 Prudentium
1990 5523 2125 5574 a‘lu-

536 5583 753 5660 dere_ad
785 5588 1021 5643 foramen
1050 5591 1133 5646 vel
1166 5590 1420 5645 foramina
1442 5583 1562 5659 q'ute
1590 5590 1641 5642 in
1670 5592 1947 5656 superiore
1975 5604 2124 5660 parte

537 5656 901 5715 Sepulcrorum
955 5660 1050 5715 SS.
1099 5670 1390 5731 martyrum
1438 5656 1836 5731 aperiebantur,
1879 5656 2121 5731 per—qua:

2206 2009 2405 2073 oraria,
2438 2009 2654 2073 uardus,
2682 2018 2737 2063 et
2762 2009 2939 2063 oleum
2964 2007 3407 2071 immittebantur,
3441 2016 3504 2061 ut
3543 2022 3633 2074 per
3660 2022 3772 2060 con-

2208 2089 2405 2134 tactum
2438 2079 2624 2134 tumuli
2660 2080 2826 2134 virtus
2850 2078 3230 2133 miraculorum
3257 2078 3589 2132 manifestior
3608 2079 3773 2131 redde-

2209 2160 2384 2203 retur:
2421 2152 2572 2219 quasi
2596 2150 2755 2216 vellet
2796 2150 3118 2203 Prudentius
3150 2163 3267 2202 eam
3296 2147 3550 2203 virtutem
3576 2164 3606 2219 e
3635 2151 3774 2219 crete-

2210 2221 2308 2273 stis
2331 2218 2588 2283 muneris.
2621 2221 2735 2274 sive
2760 2219 3101 2274 eucharistize
3136 2234 3263 2273 aura
3295 2218 3623 2273 elﬂuere.S.
3654 2218 3775 2272 Pau-

2217 2291 2357 2364 linus
2389 2291 2440 2344 in
2471 2291 2661 2364 fragm.
2689 2290 2889 2364 Natalis
2917 2290 3123 2355 incerti,
3152 2291 3278 2364 sive
3304 2291 3369 2345 9:
3407 2287 3476 2342 Et
3513 2293 3618 2343 licet
3645 2306 3674 2341 α
3707 2305 3776 2342 ve-

2214 2361 2308 2413 teri
2350 2358 2921 2415 tumulis—‘abscduditus
2965 2376 3093 2418 two.
3152 2358 3275 2414 Vica
3317 2372 3512 2423 tamen,
3547 2368 3777 2428 vegetants

2214 2429 2342 2498 Deo,
2381 2432 2711 2491 membrisque
2753 2441 3007 2501 superstes
3058 2429 3239 2483 Gratia
3278 2432 3511 2483 divinum
3552 2431 3777 2495 spirantia

2212 2502 2452 2570 martyris
2480 2518 2594 2555 ossa
2622 2501 2882 2570 Clariﬁcat
2911 2501 3137 2569 populis,
3168 2501 3350 2554 merito
3370 2501 3567 2570 vivente
3589 2501 3776 2568 sepulti;

2212 2580 2268 2625 et
2292 2569 2464 2625 Natali
2498 2572 2585 2637 15,
2619 2574 2687 2625 de
2715 2569 2966 2639 sepulcro
2995 2572 3051 2640 8,
3090 2570 3285 2632 Felicis
3317 2590 3330 2625 :
3372 2569 3488 2624 Ista
3516 2571 3778 2640 superﬁcies

2213 2642 2400 2695 tabulae
2426 2644 2626 2712 gemino
2649 2637 2790 2712 patet
2803 2658 2907 2701 ore.
2938 2637 3177 2695 Prtébvus
3202 2643 3391 2709 infusae
3407 2637 3637 2710 subjecta
3660 2640 3779 2707 fora-

2213 2714 2352 2765 mina
2381 2714 2564 2766 nardo.
2598 2714 2725 2777 Qua:
2754 2712 2936 2766 cineris
2967 2713 3133 2765 sancti
3174 2716 3376 2765 veniens
3400 2713 3577 2765 a-sede
3602 2722 3779 2777 reposta

2216 2781 2518 2850 Sanctiﬁcat
2557 2784 2817 2836 medicans
2844 2798 3038 2835 arcana
3069 2782 3282 2848 spiritus
3311 2799 3463 2837 aura.
3503 2782 3558 2836 lu
3606 2783 3779 2850 hymno

2174 2886 2191 2903 κ
2216 2853 2272 2908 8.
2309 2852 2575 2922 Hippolyti
2614 2855 2680 2907 de
2719 2855 2836 2922 ejus
2879 2854 3144 2920 sepulcro,
3194 2851 3435 2907 Balsama
3481 2852 3774 2921 diﬁ'undunt,

2214 2922 2421 2991 ﬂetibus
2446 2940 2537 2976 ora
2567 2925 2755 2992 rigant.

2288 2993 2414 3048 520.
2449 2994 2596 3059 Ald.,
2615 2994 2753 3053 Gis.,
2777 2994 2969 3047 subter.
2991 2993 3186 3046 Weilz.
3206 3009 3327 3047 cum
3354 2993 3621 3062 plerisque
3642 3008 3777 3047 mss..

2215 3065 2409 3118 subtus.
2432 3064 2693 3118 Cellarius
2724 3064 2789 3117 ad
2824 3078 3009 3118 vocem
3041 3063 3282 3117 PLBFUSA
3312 3064 3511 3132 allegat
3536 3077 3671 3117 vers.
3692 3062 3775 3116 151

2217 3133 2518 3202 Fructuosi,
2552 3135 2618 3187 Et
2651 3138 2861 3204 perfusa
2900 3150 3036 3187 mero
3070 3134 3306 3203 leguntur
3333 3151 3450 3187 ossa
3474 3150 3496 3187 :
3525 3134 3661 3202 quod
3688 3134 3778 3199 jam

2220 3205 2546 3258 indicaverat
2572 3205 2821 3258 Barthius
2852 3205 2945 3259 lib.
2987 3221 3107 3274 ιλιι,⁸
3126 3218 3244 3272 cap.
3276 3204 3309 3259 9
3343 3206 3479 3259 Adv.
3530 3205 3599 3257 At
3643 3207 3689 3257 in
3728 3217 3783 3257 eo

2222 3274 2421 3343 hymno
2446 3288 2625 3329 sermo
2652 3287 2733 3330 est
2762 3275 2828 3329 de
2856 3276 3066 3329 ossibus
3098 3275 3335 3329 nondum
3370 3274 3634 3344 sepultis:
3663 3288 3781 3327 nunc

2222 3345 2290 3399 de
2316 3344 2528 3398 ossibus
2555 3346 2792 3399 sacrario
2812 3345 3088 3413 subjectis.

2288 3415 2413 3469 523.
2444 3415 2559 3469 Lib.
2603 3432 2636 3469 u
2681 3416 2947 3479 Machah"
2979 3431 3096 3480 cap.
3142 3429 3233 3476 vu,
3275 3414 3517 3479 historia,
3561 3424 3613 3471 et
3657 3429 3782 3467 mors

2218 3495 2423 3554 septem
2483 3488 2669 3539 horum
2723 3487 2945 3541 fratrum
3004 3484 3331 3539 describitur
3381 3488 3467 3553 qui
3516 3484 3780 3539 Machabri

2217 3556 2345 3609 dicti
2377 3565 2521 3623 sunt,
2554 3557 2694 3624 quod
2728 3558 2779 3610 in
2822 3572 2886 3609 eo
2917 3557 3053 3609 libro
3089 3556 3325 3609 narratio
3364 3557 3431 3609 de
3460 3571 3645 3609 eorum
3685 3568 3779 3606 tor-

2219 3627 2410 3680 mentis
2437 3634 2493 3682 et
2520 3627 2665 3680 obitu
2693 3629 3049 3682 contineatur.
3088 3624 3285 3679 Confer
3313 3629 3363 3678 in
3394 3626 3633 3680 Itomauo
3657 3640 3780 3680 vers.

2218 3697 2316 3752 75l
2348 3707 2401 3751 et
2428 3711 2579 3763 seqq.

2287 3765 2416 3823 5'24.
2440 3767 2592 3821 Alex.
2619 3769 2806 3821 scribit
2834 3765 3009 3821 Esaia:
3023 3781 3142 3819 cum
3162 3764 3390 3821 Weitzio
3412 3775 3465 3819 et
3492 3767 3628 3820 aliis.
3654 3763 3779 3827 Ald.,

2216 3839 2339 3890 (iis:
2358 3838 2522 3904 prima
2554 3838 2665 3901 ed.,
2700 3837 2884 3899 Faltr..
2908 3849 3044 3891 secto
3072 3838 3188 3888 sine
3213 3853 3325 3900 que.
3352 3838 3540 3889 Isaiam
3571 3836 3779 3902 protibe-

2221 3919 2327 3960 tam
2354 3923 2500 3960 serra
2530 3910 2699 3974 lignea
2725 3910 3013 3963 dissectum
3039 3907 3226 3966 fuisse.
3262 3908 3687 3962 constantis‘sima
3712 3915 3781 3957 est

2216 3978 2525 4031 Iudaeorum
2558 3980 2795 4043 traditio,
2823 3994 2942 4047 qua:
2987 3978 3229 4045 pluribus
3260 3979 3665 4031 auctoritatibus
3703 3976 3782 4030 ln-

2217 4048 2365 4111 stini,
2396 4048 2667 4116 Origenis,
2709 4048 2992 4115 Lactantii,
3027 4048 3229 4108 Basilii.
3267 4048 3473 4108 llilarii.
3507 4047 3781 4107 Ambrosii,

2220 4119 2551 4188 Hieronymi,
2576 4129 2630 4173 et
2668 4119 2892 4172 aliorum
2953 4119 3167 4172 Patrum
3205 4117 3575 4171 conﬁrmatur.
3621 4116 3782 4171 Adisis

2219 4190 2539 4256 interpretes
2585 4189 2650 4242 ad
2701 4204 2844 4245 vers.
2877 4191 2944 4244 57
2976 4205 3093 4257 cap.
3132 4203 3207 4242 st.
3240 4188 3413 4255 Epist.
3460 4188 3693 4258 Apostoli
3726 4188 3781 4240 ad

2218 4258 2508 4313 Hebraeos:
2544 4258 2786 4328 Lupiuati
2813 4270 2953 4330 sunt,
2987 4260 3109 4313 secti
3136 4268 3275 4327 sunt,
3304 4270 3410 4314 etc.
3442 4260 3553 4313 lloc
3593 4267 3783 4330 notatur

2217 4330 2506 4399 discrimen
2532 4330 2671 4384 inter
2694 4329 2992 4396 proximum
3018 4340 3069 4383 ct
3092 4331 3347 4395 vicinum,
3370 4332 3511 4399 quod
3533 4329 3781 4396 proximus

2219 4400 2263 4452 is
2288 4398 2482 4452 dicitur
2508 4414 2613 4468 quo
2642 4415 2800 4454 nemo
2827 4414 2902 4454 est
2945 4400 3193 4464 vicinior,
3224 4398 3430 4453 vicinus
3461 4413 3588 4453 vero
3626 4406 3781 4468 potest

2220 4483 2325 4522 nou
2357 4484 2478 4523 esse
2503 4467 2800 4536 proximus,
2831 4472 2873 4522 si
2902 4471 3037 4525 alius
3069 4471 3136 4523 sit
3164 4469 3407 4524 vic‘inior.
3444 4471 3675 4534 Plautus,
3695 4467 3779 4520 Te-

2219 4539 2445 4600 rentius,
2473 4538 2684 4605 Cicero,
2719 4551 2774 4595 et
2813 4541 2902 4593 alii
2937 4542 3212 4609 eleganter
3238 4543 3567 4610 coniungunt
3606 4540 3779 4592 vicinus

2224 4611 2520 4681 proximus;
2550 4620 2723 4677 potest
2744 4613 2885 4665 enim
2927 4612 3120 4681 aliquis
3148 4625 3267 4664 esse
3292 4615 3589 4679 prasitum,
3612 4617 3663 4663 et
3690 4623 3780 4681 non

2224 4680 2450 4748 vicinus,
2490 4693 2548 4734 ut
2585 4682 2724 4748 apud
2776 4678 3050 4746 Virgilium
3096 4680 3189 4735 lib.
3244 4678 3305 4748 v,
3342 4681 3615 4735 Proximus
3658 4678 3781 4739 huic,

2223 4751 2376 4820 longo
2398 4757 2487 4822 sed
2510 4753 2771 4822 proximus
2790 4752 3075 4806 intervallo.
3105 4752 3375 4804 Interdum
3401 4750 3783 4806 hocdiscrimen

2182 4832 2194 4842 '
2226 4837 2329 4873 non
2366 4820 2706 4888 observatur,
2730 4831 2788 4876 et
2816 4823 3081 4893 proximus
3104 4823 3320 4890 ponitur
3360 4838 3455 4891 pro
3482 4823 3648 4877 vicino
3673 4836 3782 4888 pro-

2229 4906 2397 4945 tumo.

2293 4961 2420 5035 525.
2453 4961 2576 5035 Ald.
2600 4962 3101 5035 vitiose.rontingit.

2293 5031 2421 5087 552.
2466 5034 2738 5102 Giseliuus
2778 5034 2851 5087 ait
2892 5031 3161 5102 receptam
3194 5034 3514 5102 scripturam
3552 5046 3667 5086 esse
3710 5037 3786 5082 aut

2223 5102 2407 5155 vinclis
2439 5098 2611 5175 didit,
2629 5106 2722 5159 sed
2758 5120 2858 5156 non
2889 5098 3187 5175 sine—gravi
3220 5098 3448 5159 mendo:
3487 5104 3703 5175 fortasse
3726 5102 3785 5154 ita

2222 5182 2345 5225 erat
2395 5175 2445 5226 in
2486 5173 2722 5228 editione
2768 5173 3158 5240 Daventrie‘nsi,
3191 5191 3348 5242 quam
3391 5191 3497 5229 non
3544 5173 3785 5242 vidimus:

2227 5245 2299 5297 ita
2330 5254 2475 5298 certe
2500 5255 2578 5297 ρει
2612 5246 2661 5298 in
2690 5244 2837 5299 Sich.
2870 5254 2924 5300 et
2966 5246 3151 5309 Fahr.,
3192 5241 3286 5300 sed
3326 5246 3378 5299 in
3416 5247 3550 5300 Aldo
3569 5245 3704 5297 clare
3724 5241 3789 5296 ls-

2226 5315 2366 5382 gitur
2392 5326 2478 5367 aut
2509 5317 2659 5366 υήιῖἱδ
2682 5317 2838 5371 dedit.

2300 5386 2426 5438 555.
2457 5385 2607 5458 Ald_.,
2638 5384 2953 5458 Girs._prima
2978 5387 3088 5450 ed.,
3121 5404 3239 5440 nam
3262 5402 3361 5458 pro
3385 5405 3525 5442 num.
3555 5382 3789 5458 Weitz‘ius

2231 5471 2328 5536 pro
2372 5470 2489 5507 nam
2527 5455 2654 5508 citat
2688 5449 3020 5523 Fabricium,
3051 5449 3137 5527 qui
3189 5449 3364 5513 tamen
3412 5459 3537 5530 legit
3573 5471 3702 5511 num.
3740 5449 3788 5504 Id

2230 5540 2386 5578 uutce
2415 5540 2596 5577 verum
2625 5537 2729 5579 est.

2303 5594 2427 5649 555i.
2454 5594 2654 5648 Widm.
2704 5612 2885 5668 supra.
2923 5597 3037 5653 Gis.
3085 5599 3149 5654 ad
3182 5614 3358 5665 oram,
3390 5611 3658 5668 raptamve.
3689 5591 3788 5668 bic-

2252 5665 2356 5720 lius
2386 5676 2658 5725 ravtunwe.
2700 5667 2860 5723 l‘ellis
2890 5681 3035 5739 raptu
3068 5673 3281 5739 proprie
3307 5663 3389 5726 est
3417 5663 3606 5725 viventi
3629 5663 3790 5718 adi.tt-'
