4032 6180
263 252 373 309 ιοο

518 365 716 420 Avibus
743 366 981 421 eruentis
1004 367 1229 421 obtulit?

444 456 520 510 Tu
548 459 717 522 solus,
743 472 777 509 o
806 457 887 510 bis
916 458 1129 527 inclyte,

513 547 672 601 Solus
704 547 868 600 brabii
898 547 1121 617 duplicis

520 638 755 692 Palmam
782 639 980 693 tulisti:
1008 651 1061 693 tu
1088 641 1219 694 duas

514 729 681 783 Simul
706 730 900 798 parasti
925 732 1154 783 laureas.

445 820 499 873 In
529 830 698 872 morte
732 819 903 874 victor
926 834 1133 888 aspera.

516 910 650 963 Tum
680 909 874 963 deinde
906 919 1025 977 post
1050 919 1275 964 mortem
1311 915 1417 979 ιιςιτὶ

520 1002 702 1057 Victor
727 1002 1001 1071 triumpho
1030 1006 1258 1070 proteris

519 1092 649 1147 Solo
680 1092 943 1146 latronem
972 1107 1217 1161 corpore.

259 1187 368 1241 515
447 1186 642 1240 Adesto
667 1201 830 1249 nunc,
855 1199 902 1239 et
940 1185 1153 1253 percipe

520 1278 725 1348 1023
756 1276 927 1332 Voces
964 1286 1269 1342 precantum
1298 1280 1588 1348 supplices,

513 1368 692 1422 Nostri
721 1378 900 1422 reatus
928 1368 1118 1422 efficax

520 1461 712 1513 Orator
741 1458 807 1512 ad
833 1459 1086 1513 thronum
1126 1460 1315 1515 Patris.

444 1550 547 1606 Per
572 1560 647 1617 te,
676 1566 771 1620 per
801 1551 948 1604 illum
972 1567 1269 1617 carcerem,

522 1643 751 1699 Honoris
772 1654 1114 1712 augmentum
1155 1646 1252 1707 tui,

513 1735 615 1791 Per
644 1736 835 1802 vincla,
862 1736 1124 1800 ﬂammas,
1156 1735 1399 1805 ungulas,

514 1820 626 1880 'Per
654 1827 977 1881 carceralem
1009 1827 1291 1891 Stipitem.,

444 1915 545 1970 Per
578 1915 817 1985 fragmen
851 1916 979 1968 illud
1013 1925 1264 1982 testeum,

515 2006 632 2073 Quo
663 2017 810 2075 parta
842 2010 1016 2063 crevit
1045 2008 1235 2077 gloria,

262 732 370 785 510

261 1643 372 1698 556

1430 256 1990 315 PERISTEPHANON
2029 259 2236 317 liYMN.
2282 262 2341 316 V.

1870 374 1919 430 Α
1947 376 2051 430 555

1894 1739 1935 1796 Β
1963 1748 2066 1803 5ῗο

3411 262 3522 323 ιω

2194 378 2297 433 Per
2324 393 2482 447 quem
2512 389 2802 438 trementes
2832 383 3028 452 posteri

2189 472 2597 539 Exosculamur,
2629 475 2880 529 lectulum
2905 494 2918 529 :

2118 562 2367 618 Miserere
2394 574 2692 619 nostrarum
2720 582 2962 635 precum,
3003 623 3019 630 ,

2193 655 2438 709 Placatus
2467 668 2521 709 ut
2551 658 2798 712 Christus
2823 661 2933 713 suis

2195 745 2420 801 Inclinet
2445 764 2627 802 aurem
2659 766 2995 818 prosperam,

2200 838 2376 894 Noxas
2406 855 2504 893 nec
2534 856 2719 894 omnes
2745 844 2989 907 imputet.

2128 932 2182 987 Si
2220 932 2323 985 rite
2352 931 2641 985 solemnem
2665 932 2804 984 diem

2208 1020 2417 1092 1024
2443 1021 2769 1075 Veneramur
2796 1038 2889 1078 ore
2918 1035 2969 1078 et
2996 1036 3241 1093 pectore:

2182 1113 2252 1166 κεί
2277 1112 2376 1167 sub
2401 1119 2610 1166 tuorum
2639 1112 2835 1179 gaudio

2199 1201 2554 1271 Vestigiorum
2586 1207 2874 1260 sternimur
2892 1249 2907 1273 ,

1956 1292 2061 1347 565
2135 1291 2408 1359 Paulisper
2440 1292 2544 1345 huc
2576 1294 2817 1357 illaliere,

2201 1382 2397 1439 Christi
2435 1384 2669 1438 favorem
2699 1385 2970 1456 deferens,

2204 1471 2405 1528 Sensus
2435 1476 2633 1542 gravati
2667 1487 2723 1528 ιη
2752 1478 2983 1532 sentiant
3070 1505 3081 1516 -

2211 1563 2473 1618 Levamen
2501 1566 2862 1636 indulgentiae.

2136 1655 2224 1712 Sic
2255 1657 2395 1710 nulla
2423 1657 2530 1723 jam
2555 1666 2720 1712 restet
2744 1674 2911 1724 mora,

2210 1746 2345 1811 Quin
2376 1746 2665 1801 excitatam
2708 1750 2901 1803 nobilis

2203 1837 2429 1893 Carnem
2466 1852 2697 1893 resumat
2724 1842 2932 1909 spiritu,

2204 1930 2411 1985 Virtute
2433 1932 2759 1998 perfunctam
2789 1933 2917 1999 pari.

2137 2022 2228 2087 Ut,
2260 2038 2378 2093 qua!
2400 2023 2640 2077 laborum
2666 2024 2927 2093 particeps

1949 837 2054 891 560

1615 2109 1895 2167 GLOSSJE
1936 2115 2253 2173 VETERES

337 2202 468 2257 538.
498 2202 698 2266 Brabii,
731 2204 953 2255 muneris
976 2203 1054 2255 vel
1080 2202 1342 2263 mercedis,
1370 2204 1409 2256 l.

337 2273 465 2328 ὅθί),
497 2272 750 2332 Laurens.
781 2288 1028 2330 coronas.
1071 2274 1148 2325 vel
1190 2273 1457 2337 victorias;
1503 2272 1678 2325 laurus
1714 2274 1848 2327 enim

267 2360 363 2414 pro
384 2358 575 2395 corona
607 2343 834 2410 ponitur,
860 2343 898 2395 l.

339 2415 468 2467 511.
507 2414 698 2473 Victor,
724 2414 916 2465 scilicet
942 2422 1016 2477 tu,

339 2484 466 2538 551.
496 2481 765 2547 Stipitem,
780 2500 867 2552 per
888 2498 1118 2541 nervum,
1141 2483 1368 2546 cippum,
1386 2482 1427 2535 1.

296 2550 308 2562 ⁸
338 2554 466 2609 555.
494 2554 747 2608 Testeum
769 2550 789 2613 ,⁷
834 2561 973 2605 testa:
1004 2553 1136 2604 enim
1184 2552 1633 2623 confringebantur
1677 2551 1869 2605 subtus

268 2634 566 2695 martyrem,
597 2631 648 2678 ut
678 2624 856 2676 durius
876 2626 1094 2691 juceret,
1128 2623 1167 2679 l.

2026 2210 2148 2284 554.
2180 2213 2359 2276 Parta,
2390 2232 2626 2284 syncope,
2658 2219 2696 2268 l.

2029 2282 2152 2335 561.
2187 2284 2358 2350 Diem,
2391 2282 2537 2338 suum
2570 2286 2722 2350 diem,
2757 2286 2793 2339 I.

2029 2352 2150 2405 56:2.
2180 2355 2284 2408 Ore
2305 2366 2356 2408 et
2385 2366 2619 2417 pectore,
2654 2357 2807 2409 laude
2835 2367 2879 2409 et
2910 2366 3040 2422 voto,
3072 2358 3111 2411 Ι.

2033 2422 2159 2475 566.
2196 2425 2473 2488 Pavorem,
2500 2427 2767 2490 auxilium,
2804 2428 2842 2480 1.

2034 2493 2157 2545 57-3.
2186 2493 2545 2556 Perlunctam,
2572 2498 2875 2561 servitutem,
2908 2497 2948 2551 I.

2035 2562 2156 2615 575.
2177 2564 2323 2631 Quae,
2359 2580 2497 2631 caro,
2532 2567 2569 2619 i.

1618 2710 2174 2766 COMMENTARIUS.

268 2806 531 2867 detracta,
567 2813 623 2856 ut
650 2803 789 2872 apud
812 2803 1092 2862 Senecam,
1127 2799 1287 2853 Fibra
1314 2803 1437 2856 vivis
1464 2812 1612 2867 rapta
1638 2801 1855 2872 pectori-

270 2876 402 2938 bus;
425 2874 564 2941 apud
599 2872 894 2939 Virgilium,
935 2872 1137 2925 Viscera
1162 2872 1281 2924 vivis
1309 2874 1517 2942 eripuit.
1552 2872 1683 2925 Vide
1710 2872 1853 2925 Bris-

164 2974 175 2981 -
269 2945 485 2997 sonium
526 2944 595 2999 de
636 2944 903 2997 Formulis
956 2959 1076 3009 pag.
1119 2944 1211 3006 23,
1271 2943 1360 3011 qui
1418 2943 1568 3010 plura
1612 2952 1850 2996 veterum

270 3015 512 3078 exempla
556 3011 777 3081 profert,
806 3024 861 3066 et
901 3024 1079 3068 monet
1126 3014 1245 3067 ideo
1272 3014 1383 3080 rapi
1416 3023 1559 3076 exta,
1589 3023 1645 3065 ut
1676 3014 1854 3082 exspi-

271 3086 445 3138 rantia
475 3084 651 3138 adhuc
681 3095 728 3138 et
757 3084 1062 3153 palpitantia
1091 3082 1295 3137 consuli
1328 3094 1566 3149 possent.

343 3156 472 3210 537.
504 3155 558 3208 In
587 3152 853 3207 nonnullis
868 3154 1008 3222 vulg.
1033 3153 1246 3222 irrepsit
1266 3168 1416 3205 error
1435 3153 1542 3205 obis
1568 3168 1660 3221 pro
1683 3169 1713 3206 ο
1740 3152 1815 3206 bis
1839 3169 1857 3206 :

272 3208 457 3278 ansam
491 3224 636 3280 dedit
669 3224 853 3288 Aldus,
888 3208 987 3292 qui
1005 3232 1097 3276 aut
1137 3208 1214 3276 sic
1244 3222 1432 3285 edidit,
1466 3208 1695 3275 aut'uon
1728 3226 1857 3277 satis
1884 3208 1928 3267 C

274 3298 418 3349 clare
436 3295 636 3349 divisit.
664 3294 1028 3348 Nebrissensis
1060 3309 1169 3359 iam
1203 3292 1327 3360 legit
1355 3309 1384 3344 ο
1415 3293 1510 3358 bis,
1540 3304 1592 3347 et
1618 3293 1858 3357 legerant

274 3368 436 3419 etiam
484 3364 574 3418 alii
632 3374 755 3418 ante
804 3363 1100 3423 Barth'um,
1158 3362 1248 3431 qui
1296 3363 1453 3430 hujus
1510 3364 1861 3417 correctionis

278 3438 499 3503 ignarus
524 3434 682 3488 aliam
709 3450 990 3500 aggre~sus
1020 3445 1095 3486 est
1133 3433 1224 3485 lib.
1259 3448 1368 3493 LXI,
1420 3448 1537 3501 cap.
1572 3436 1604 3489 9
1636 3434 1855 3487 ἐκάνετε.

274 3505 366 3559 Sic
388 3520 516 3571 ergo
541 3505 668 3571 legit
696 3523 707 3556 :
735 3505 891 3557 Solus
930 3514 984 3557 tu
1014 3503 1121 3557 obis
1148 3504 1220 3557 bis
1263 3504 1471 3571 inclyte.
1506 3503 1683 3557 LeetEo
1711 3503 1862 3556 codi-

278 3591 403 3629 cum
433 3576 712 3629 retinenda
737 3584 839 3628 est.

346 3647 474 3700 538.
537 3645 778 3698 Brabium
818 3653 902 3699 est
945 3644 1190 3698 victoriae
1240 3647 1538 3711 praemium.
1592 3642 1861 3697 Brdveium

274 3718 483 3771 malunt
523 3718 870 3780 recentiores,
892 3724 946 3769 et
972 3714 1364 3769 Clnunillardus
1385 3716 1455 3768 ait
1476 3721 1725 3781 corrupte
1752 3714 1857 3767 dici

224 3804 231 3809 ·
276 3787 550 3839 bravium:
592 3789 659 3839 ita
693 3795 867 3838 tamen
910 3785 962 3837 in
1011 3785 1218 3852 vulgata
1264 3786 1474 3853 legitur,
1525 3799 1699 3852 neque
1751 3792 1857 3835 tam

281 3866 542 3919 corrupte
587 3870 743 3923 quam
786 3855 991 3907 videtur
1033 3853 1415 3908 Cltamillardo.
1476 3855 1578 3910 Alii
1627 3853 1867 3907 scribunt

279 3928 542 3990 brabium,
572 3926 659 3977 alii
692 3926 940 3991 bravium,
976 3926 1067 3978 sed
1096 3941 1124 3978 a
1159 3923 1379 3987 Gmcis,
1407 3940 1436 3978 a
1464 3923 1654 3993 quibus
1679 3924 1743 3976 ad
1782 3938 1868 3977 cc-

278 3997 617 4050 clesiasticos
642 3999 933 4065 scriptores
964 4010 1025 4049 ea
1058 4010 1160 4048 vox
1183 3995 1419 4060 devenit,
1452 3994 1705 4049 scribitur
1736 3994 1870 4068 βρα-

281 4069 337 4122 ετ
343 4075 425 4122 ἴον
434 4107 447 4118 .

355 4138 485 4191 514.
537 4136 811 4189 Latronem
862 4135 1095 4203 intelligo
1142 4134 1422 4189 Datianum
1473 4134 1648 4202 potius
1709 4149 1869 4203 quam

283 4207 615 4269 daemonem,
639 4215 694 4258 ut
720 4206 959 4259 nonnulli
993 4209 1427 4269 interpretantur.
1457 4206 1511 4259 In
1545 4205 1744 4274 hymno
1772 4219 1868 4257 oc-

286 4279 522 4330 todecim
565 4287 882 4345 martyrum,
908 4290 1047 4329 vers.
1082 4276 1205 4338 l36,
1237 4277 1393 4329 Ambo
1426 4277 1646 4344 confossi
1696 4275 1873 4329 Domi-

286 4364 411 4400 num
439 4355 680 4401 steterunt
706 4346 900 4400 Acriter
921 4356 1094 4398 contra
1120 4346 1376 4413 fremitum
1399 4346 1698 4410 latronum.)

360 4417 493 4473 548.
520 4415 786 4470 Cellarius
811 4417 1053 4482 opponit,
1078 4416 1175 4468 soli
1217 4417 1431 4469 Christo
1472 4417 1520 4468 id
1558 4415 1868 4469 caiivenire.

294 4486 491 4540 Verum
538 4487 778 4541 doctrina
828 4492 894 4540 ne
925 4486 1308 4539 intercessione
1355 4498 1660 4540 sanctorum
1703 4499 1805 4537 non
1841 4499 1869 4536 a

1972 2801 2154 2876 ,556
2195 2801 2469 2857 Lectulum
2501 2804 2553 2857 in
2594 2819 2699 2871 quo
2750 2804 2806 2860 S.
2839 2805 3152 2862 Vincentius
3189 2807 3377 2876 jacuit,
3411 2810 3529 2864 reli-

1957 2872 2131 2939 gionis
2153 2886 2310 2926 causa
2340 2884 2709 2927 conservatum
2761 2876 2941 2941 fuisse,
2972 2893 3074 2930 non
3110 2872 3224 2931 leve
3251 2893 3527 2945 argumen-

1961 2947 2070 2996 tiim
2105 2953 2188 2996 cst
2239 2958 2383 2998 cura:
2435 2952 2673 3017 veterum
2715 2945 3142 3000 Christianorum
3194 2948 3249 3001 in
3295 2949 3533 3017 reliquiis

1961 3022 2251 3087 martyrum
2272 3016 2645 3087 comparandis
2670 3024 2726 3069 et
2754 3027 2908 3071 caute
2924 3016 3303 3071 custodiendis.
3333 3016 3534 3087 Ex’quo

1961 3082 2115 3138 facile
2139 3085 2493 3151 respondetur
2523 3087 2887 3152 qumreotibus
2914 3088 3001 3154 qui
3036 3088 3150 3140 fieri
3177 3089 3343 3153 potuit
3371 3096 3429 3142 ut
3450 3082 3534 3154 tot

1961 3161 2015 3206 et
2044 3159 2110 3208 ex
2143 3164 2251 3207 tant
2287 3154 2474 3219 priscis
2505 3157 2832 3224 temporibus
2857 3158 3095 3225 reliquias
3132 3170 3422 3227 martyrum
3463 3159 3530 3213 ad

1961 3236 2057 3276 nos
2084 3228 2334 3278 continua
2363 3227 2699 3281 successione
2720 3227 3050 3281 devenerint.

2033 3294 2158 3348 561.
2188 3294 2436 3353 Formnla
2463 3297 2654 3350 similis
2680 3297 2931 3363 precandi
2974 3298 3110 3364 apud
3138 3296 3353 3352 Graeco:
3394 3296 3535 3350 Lati-

1964 3377 2166 3436 nosque
2194 3380 2337 3433 smpe
2380 3368 2634 3421 occurrit.
2677 3368 2957 3421 Terentius
2989 3372 3038 3420 in
3069 3368 3274 3435 prolog.
3318 3367 3533 3436 εἰπεῖν..

1966 3431 2027 3513 Si
2066 3431 2322 3500 nunquam
2367 3453 2514 3489 avare
2547 3438 2703 3491 statui
2729 3439 2941 3507 pretium
2983 3431 3081 3491 arti
3109 3431 3347 3492 meai..."
3375 3431 3537 3491 Sinite

1961 3516 2232 3571 impetrare
2267 3521 2361 3555 me.

2036 3574 2159 3627 569..
2192 3573 2426 3655 Breviar.
2459 3574 2615 3639 Μαι,
2643 3592 2966 3630 veneremur:
2997 3578 3110 3647 lege
3140 3593 3453 3644 veneramur,
3481 3586 3537 3631 ut

1964 3655 2149 3713 postea
2175 3654 2467 3697 sternimur.

2040 3713 2160 3767 565.
2188 3712 2307 3767 Vat.
2334 3713 2398 3779 A,
2432 3713 2587 3787 Mary,
2610 3713 2754 3780 Rat.,
2780 3714 2998 3782 Weitz.,
3028 3718 3238 3787 gaudia.
3271 3717 3535 3787 Plerique,

1966 3784 2125 3839 etiam
2149 3792 2379 3849 vett-res,
2405 3782 2610 3853 gaudio.

2036 3853 2163 3909 565.
2198 3853 2381 3917 Fabr.,
2406 3854 2575 3907 Sich..
2603 3851 2737 3917 Οἱς..
2764 3854 2861 3907 huc
2883 3864 2936 3908 tu
2958 3854 3186 3911 illabere.
3217 3855 3540 3911 Concinnius

1967 3922 2132 3979 Aldus
2158 3934 2211 3979 el
2238 3938 2388 3981 mss..
2412 3924 2508 3975 huc
2534 3923 2757 3977 illabere.

2040 3995 2160 4048 567.
2196 3994 2314 4065 Vat.
2338 3994 2408 4065 β,
2441 3994 2582 4055 Rau.
2610 3994 2763 4059 Man,
2818 4010 2846 4048 a
2879 3996 3047 4065 prima
3101 4009 3284 4060 manu,
3316 4003 3371 4048 et
3406 4009 3540 4048 non-

1972 4066 2099 4119 nulli
2130 4067 2266 4132 apud
2302 4064 2516 4123 Weitz..
2548 4080 2717 4119 sensu.

2039 4133 2163 4187 568.
2197 4136 2327 4189 Mar.
2355 4151 2450 4204 pro
2478 4135 2585 4188 div.
2610 4136 2817 4201 script.,
2840 4136 3066 4190 solamen
3086 4132 3433 4204 indulgentiae.

2042 4206 2164 4260 569.
2199 4208 2352 4268 Man,
2387 4207 2531 4270 liat.,
2580 4204 2768 4259 intz.
2822 4221 2940 4260 cum
2982 4207 3111 4268 suis,
3161 4214 3339 4257 restat.
3391 4204 3540 4267 Ald.,

1973 4273 2111 4334 Οἱς..
2129 4285 2185 4330 et
2206 4276 2443 4345 plerique
2463 4276 2664 4341 scripti,
2681 4286 2853 4339 restet,
2875 4276 3013 4345 quod
3038 4274 3257 4345 probum
3287 4284 3389 4329 est.
3412 4274 3542 4329 Nam

1980 4346 2233 4413 particula
2259 4347 2349 4406 sic,
2376 4362 2494 4401 cum
2517 4353 2633 4412 post
2651 4361 2833 4412 preces
2857 4347 3088 4412 ponitur,
3112 4346 3404 4413 optativum
3430 4361 3543 4399 mo-

1974 4419 2097 4467 dum
2126 4417 2397 4485 imponat.
2433 4415 2572 4468 Idem
2607 4416 2925 4469 Prudentius
2975 4417 3025 4469 iu
3059 4416 3369 4485 Hippolyto,
3395 4428 3540 4479 post-

1974 4500 2129 4552 quam
2182 4483 2517 4537 Valerianum
2572 4487 2876 4552 cpi~copum
2926 4495 3202 4554 rogaverat
3249 4483 3304 4538 ut
3349 4484 3541 4538 festum

286 4556 682 4626 grammaticis,
715 4572 820 4608 non
860 4570 905 4626 a7
935 4555 1164 4626 Cellario
1200 4556 1425 4624 ejusque
1448 4555 1751 4620 gregalibus
1777 4569 1873 4626 pe-
1900 4567 1949 4624 ι)
1972 4554 2246 4623 Hippolyti
2286 4554 2426 4626 diem
2467 4556 2517 4606 in
2559 4569 2650 4605 sua
2682 4555 2900 4609 dioecesi
2924 4558 3238 4617 celebraret,
3265 4570 3406 4609 vers.
3440 4555 3544 4610 ‘25:)

288 4625 448 4681 teoda
473 4637 575 4692 est,
597 4626 690 4682 sed
718 4642 746 4678 a
771 4625 1063 4680 Prudentio
1086 4625 1308 4693 ejusque
1330 4626 1619 4691 aequalibus
1638 4626 1738 4679 SS.
1772 4625 1871 4677 Pa-

287 4698 484 4758 tribus,
510 4700 597 4765 qui
628 4712 735 4750 uno
758 4711 944 4750 omnes
975 4711 1069 4748 ore
1093 4696 1160 4746 ita
1194 4695 1499 4762 loquuntur.

363 4767 487 4819 549.
525 4763 782 4821 Precaudi
814 4765 1040 4819 formula
1074 4765 1246 4832 poclis
1271 4766 1682 4835 oratoribusque
1711 4763 1867 4818 valde

287 4836 592 4891 familiaris.

365 4908 491 4961 552.
516 4906 759 4959 Gifanius
781 4905 947 4960 verbo
973 4905 1152 4959 Bonna
1179 4912 1325 4969 putat
1357 4904 1590 4956 carceris
1632 4903 1861 4971 stipitem

284 4991 321 5029 a
358 4976 649 5029 Prudentio
677 4976 855 5030 vocari
896 4978 1158 5029 eculeum.
1192 4973 1296 5028 Sed
1329 4990 1393 5027 ex
1417 4974 1654 5041 epitheto
1695 4990 1866 5027 carce-

260 5047 443 5114 ralis,
465 5056 521 5100 et
548 5046 739 5099 ordine
761 5046 1009 5099 narrandi
1050 5044 1306 5110 supplcia
1349 5055 1578 5108 constat,
1627 5057 1870 5097 carcera-

284 5117 403 5170 lem
428 5116 660 5184 stipitem
682 5130 800 5170 esse
824 5116 1018 5181 lignum
1042 5114 1122 5167 vel
1147 5116 1447 5181 cippum,ut
1472 5117 1545 5167 ait
1572 5115 1867 5182 glossa,cui

283 5187 459 5256 pedes
471 5187 685 5240 fuerunt
697 5185 1037 5240 iuserti.Vide
1049 5200 1204 5256 supra
1219 5195 1502 5256 comment.
1521 5189 1583 5236 ad
1611 5200 1722 5237 ver.
1740 5185 1839 5238 25l
1852 5223 1866 5237 .

372 5256 496 5311 555.
530 5256 778 5311 Heinsius
804 5270 922 5309 cum
954 5257 1099 5320 Ald.,
1128 5255 1322 5319 Oxon.,
1355 5254 1520 5315 Sicb.,
1554 5272 1643 5318 per
1688 5270 1867 5321 quem:

281 5328 440 5395 quod
468 5347 494 5376 ει
523 5326 753 5379 Weitzio
797 5343 900 5380 non
946 5327 1193 5381 debuisse
1224 5328 1439 5391 mutari,
1487 5327 1674 5380 definit
1706 5326 1867 5378 llein-

280 5402 432 5451 sius.
468 5400 532 5449 At
558 5396 811 5451 Wettzius
860 5396 1016 5449 fidem
1056 5398 1319 5465 potiorum
1368 5398 1607 5450 cndicnm
1659 5405 1870 5450 secutus

280 5479 419 5521 est:
452 5481 569 5520 nam
608 5468 788 5533 legunt
827 5476 875 5518 et
921 5484 1069 5532 quem
1106 5467 1240 5518 Vatt.
1295 5469 1361 5527 Α,
1408 5466 1465 5529 Β,
1497 5467 1556 5529 L’,
1588 5467 1651 5529 ρ.
1688 5466 1869 5530 Alex.,

283 5540 463 5595 Man,
496 5536 637 5601 liat.,
673 5537 849 5604 l’rag.,
881 5537 1113 5605 aliique;
1157 5551 1326 5604 neque
1352 5536 1597 5589 lleinsius
1632 5535 1868 5588 codicem

279 5608 470 5661 ullum
499 5609 828 5673 tns.allegat,
856 5618 1081 5672 excepto
1106 5606 1333 5659 Umnio.
1361 5605 1662 5672 Elegantius
1694 5614 1867 5659 tamen

280 5686 392 5733 est
419 5691 503 5737 per
527 5692 693 5741 quem,
726 5678 998 5745 magisque
1018 5674 1383 5743 superioribus
1412 5676 1709 5730 cohaerens.

1976 4635 2027 4676 et
2057 4640 2205 4696 seqq.
2239 4625 2311 4676 ait
2335 4624 2470 4696 :__Sic
2497 4635 2541 4677 te
2563 4640 2654 4694 pro
2675 4627 2881 4696 populo,
2926 4628 3073 4696 cujus
3114 4626 3202 4678 tibi
3227 4627 3415 4679 credita
3443 4627 3543 4679 vita

1974 4704 2048 4745 est
2073 4694 2313 4746 Orantem
2334 4692 2757 4748 Christus‘audiat
2785 4692 3121 4764 omnipotens.
3170 4696 3246 4749 Ac
3271 4697 3387 4750 vide
3429 4696 3545 4750 feli-

1973 4766 2239 4817 cissimam
2273 4776 2438 4830 poene
2456 4780 2666 4834 venam,
2690 4775 2743 4820 ct
2765 4776 2884 4819 nota
2918 4767 3041 4833 quid
3072 4765 3354 4819 Valeriano
3373 4775 3542 4834 optet,

1971 4834 2097 4903 quid
2132 4834 2427 4886 Vincentio.
2459 4832 2587 4886 Nam
2636 4851 2701 4887 ex
2738 4832 2943 4890 unione
2963 4838 3202 4903 corporis
3225 4851 3344 4888 cum
3371 4832 3544 4889 anima

1975 4901 2029 4957 iu
2058 4904 2144 4957 die
2163 4904 2348 4971 judicii
2378 4905 2696 4969 completam
2733 4906 2960 4959 hominis
2980 4901 3200 4973 gloriam
3222 4920 3544 4972 consurgere

1974 4985 2177 5028 certum
2200 4983 2299 5038 esi,
2332 4984 2385 5027 et
2409 4974 2503 5039 ipsi
2534 4974 2723 5029 animai
2752 4977 2919 5043 gloria
2953 4978 3125 5043 aliqua
3176 4975 3541 5038 accidentalis,

1978 5054 2034 5097 ut
2058 5044 2289 5107 theologi
2320 5044 2627 5110 loquuntur.
2662 5046 2715 5099 in
2748 5048 3141 5101 rcsurrecdooe
3184 5044 3422 5110 corporis
3456 5059 3546 5098 ac-

1974 5116 2148 5168 cedet.
2177 5115 2465 5177 Mariettus,
2518 5117 2604 5182 qni
2655 5117 2707 5169 in
2761 5133 2859 5172 suo
2912 5117 3096 5171 codice
3130 5116 3329 5184 legerat
3366 5124 3543 5175 restat,

1974 5185 2255 5254 colligebat
2278 5184 2625 5238 Prudentium
2655 5186 2709 5240 in
2742 5203 2803 5242 ea
2847 5188 3009 5240 fuisse
3043 5186 3314 5254 opinione,
3349 5185 3399 5237 in
3440 5202 3541 5251 qua

1976 5255 2124 5307 multi
2148 5255 2236 5307 alii
2272 5254 2478 5316 Patres,
2502 5256 2785 5310 adventum
2821 5256 3027 5312 Domini
3059 5266 3113 5308 et
3143 5255 3284 5308 diem
3317 5259 3541 5310 extremi

1973 5324 2151 5393 judicii
2183 5326 2479 5393 proximum
2506 5340 2645 5380 esse.

2044 5395 2167 5448 570.
2203 5397 2440 5450 Breviar.
2470 5395 2628 5461 Moz.,
2653 5412 2765 5448 cum
2796 5395 3080 5446 excitatam.

2044 5464 2166 5518 57L
2216 5465 2499 5535 Pragensis
2542 5465 2861 5533 trajicithos
2889 5478 3097 5529 versus,
3128 5462 3356 5532 primum
3399 5466 3548 5533 ponit

1980 5534 2197 5599 Virtute,
2230 5534 2340 5589 tum
2370 5534 2606 5590 Carnem.

2044 5605 2170 5658 572.
2200 5605 2447 5659 Nonnulli
2475 5605 2616 5671 vulg.
2650 5604 2809 5665 male,
2842 5606 3128 5672 perfuncta.

2044 5675 2167 5728 575.
2207 5676 2280 5730 De
2313 5674 2703 5729 resurrectione
2732 5677 2974 5743 corporis
3002 5674 3122 5731 vide
3151 5673 3406 5744 hymnum
3440 5672 3547 5729 Ex-
