3994 6176
469 251 573 309 419

715 358 1072 415 Flammarum
1101 359 1490 430 trepidantibus
1517 359 1763 413 caminis.

641 450 824 506 Nexus
851 453 1102 522 denique,
1131 453 1218 520 qui
1248 466 1437 507 manus
1469 460 1734 506 retrorsus

716 545 771 600 In
801 556 1004 616 tergum
1030 555 1411 601 revocaverant
1433 545 1722 610 revinctas,

469 636 569 693 103
708 637 907 692 Intacta
936 646 1056 692 cute
1079 638 1332 693 decidunt
1357 639 1551 692 adusti.

644 729 759 784 Non
781 744 906 784 ausa
931 737 1016 784 est
1037 730 1294 786 cohibere
1317 745 1472 799 paena
1497 731 1722 798 palmas,

712 824 769 878 in
793 841 999 880 morem
1026 827 1204 880 crucis
1234 826 1300 879 ad
1335 825 1545 882 Patrem
1578 827 1828 882 levandas
1858 847 1870 880 :

720 916 930 986 1035
958 916 1130 971 Solvit
1147 915 1389 983 brachia,
1411 931 1531 986 qua:
1550 916 1718 971 Deum
1747 927 2051 987 precentur.

644 1008 947 1062 Priscorum
978 1007 1253 1076 specimen
1284 1006 1442 1060 trium
1472 1016 1688 1076 putares
1713 1047 1732 1074 ,

474 1101 576 1156 110
718 1100 862 1164 Quos
892 1099 1020 1154 olim
1052 1097 1436 1167 Babylonicum
1469 1113 1564 1167 per
1590 1100 1767 1169 ignem

721 1190 1007 1244 Cantantes
1039 1188 1239 1258 stupuit
1271 1196 1507 1243 tremens
1537 1199 1811 1259 tyrannus.

649 1279 756 1334 Illis
777 1279 868 1334 sed
903 1279 986 1348 pia
1015 1279 1226 1334 ﬂamma
1261 1289 1369 1334 tum
1398 1279 1656 1348 pepercit,

721 1369 964 1424 Nondum
992 1381 1230 1439 tempore
1262 1371 1522 1439 passionis
1550 1382 1691 1440 apto,

727 1460 836 1514 Nec
866 1459 1056 1514 mortis
1079 1460 1244 1514 decus
1275 1460 1557 1515 inchoante
1585 1461 1818 1516 Christo.

477 1551 577 1607 115
648 1551 758 1607 llos
779 1566 902 1606 cum
933 1550 1207 1621 defugeret
1230 1566 1467 1621 vaporus
1495 1553 1678 1617 ardor,

2157 1250 2262 1306 125

1589 245 1866 302 AUBELII
1905 243 2271 301 PRUDENTII
2311 241 2641 299 CARMINA.
3626 243 3716 300 ﬂii

2078 369 2128 426 Δ

2401 356 2588 421 Orant,
2623 365 2680 410 ut
2709 357 2852 411 celer
2884 356 3019 425 ignis
3048 355 3350 423 advolaret.

2413 449 2478 504 Et
2501 449 2659 504 ﬁnem
2687 448 2834 503 daret
2858 449 3032 504 anxiis
3057 449 3295 519 periclis.

2336 542 2567 596 Exorata
2592 556 2720 596 suos
2741 541 2892 596 obire
2922 542 3136 596 tandem

2404 643 2654 713 Majestas
2683 643 2910 698 famulos
2936 644 3112 712 jubet,
3135 644 3352 699 caducis

2405 745 2596 801 Missos
2623 743 2960 814 corporibus,
2983 744 3190 815 sibique
3216 743 3385 800 reddi.

2339 845 2480 901 Vidit
2509 845 2758 916 praesidis
2784 861 2848 900 ex
2875 844 3038 900 domo
3066 845 3285 900 satelles

2414 948 2626 1019 1036
2659 947 2864 1002 Caelum
2907 947 3232 1018 martyribus
3259 954 3446 1017 patere
3473 955 3723 1018 apertum,

2409 1048 2932 1130 lnsignesque‘viros
2961 1063 3060 1115 per
3085 1057 3232 1102 astra
3264 1047 3414 1104 ferri.

2334 1151 2471 1216 Quin
2502 1159 2558 1204 et
2581 1149 2760 1203 ﬁliola:
2781 1163 3006 1203 monens
3038 1149 3190 1203 herili

2407 1248 2653 1304 Ostendit
2681 1249 2902 1304 sceleris
2931 1259 3108 1302 uetant
3147 1247 3352 1316 paterni
3379 1265 3394 1301 :

2408 1349 2559 1405 Caelo
2591 1350 2791 1414 vivere,
2822 1362 2957 1418 quos
2985 1347 3159 1403 forum
3194 1347 3438 1416 peremit.

2346 1426 2470 1509 Hace
2501 1463 2613 1508 tum
2643 1453 2918 1523 virginitas
2949 1451 3123 1520 palam
3152 1450 3333 1506 videre

2416 1553 2518 1608 Per
2545 1553 2738 1608 sudum
2773 1552 2988 1617 meruit,
3020 1560 3242 1621 parente
3267 1563 3430 1615 caeo,

2160 745 2262 801 120

1771 1642 2054 1701 GLOSSA'I
2096 1646 2433 1702 VETERES.

547 1764 667 1816 10’».
694 1761 891 1826 Nasus,
925 1776 1186 1830 ligamina,
1215 1769 1255 1823 1.

549 1833 672 1888 106.
700 1832 982 1904 Cohibere,
1008 1833 1371 1904 constringere,
1405 1831 1446 1886 1.

551 1905 667 1956 109.
703 1901 1003 1970 Specitnen,
1027 1901 1263 1970 ﬁguram,
1298 1902 1339 1957 l.

549 1973 670 2026 111.
701 1972 935 2040 Stupuit,
966 1972 1243 2040 obstupuit,
1276 1972 1316 2026 Ι.

2092 1768 2142 1829 Β
2239 1763 2362 1820 120.
2398 1763 2611 1828 Missos,
2643 1780 2734 1828 pro
2760 1763 3016 1828 dimissos,
3048 1761 3085 1814 1.

2246 1835 2369 1887 121.
2407 1835 2589 1893 linum,
2628 1833 2847 1902 familia,
2887 1833 3015 1885 Mar.

2246 1905 2369 1958 125.
2404 1903 2764 1972 Insignesque,
2793 1904 3060 1974 gloriosos,
3093 1902 3130 1955 Ι.

2249 1975 2371 2029 125.
2402 1975 2612 2038 Notam,
2638 1973 2858 2042 signum,
2894 1973 2995 2026 Isn.

553 2044 672 2097 115.
706 2033 971 2110 Vaporus,
1000 2033 1295 2108 calidum].
1923 2033 1956 2063 ⁹
2246 2044 2367 2100 126.
2401 2033 2616 2106 Forum,
2649 2033 2935 2110 concilium,
2977 2042 3078 2096 lso.

557 2116 674 2171 H6.
701 2113 888 2177 Orant,
920 2113 1103 2176 sancti,
1133 2113 1172 2167 Ι.
2245 2114 2366 2171 128.
2389 2115 2614 2180 Sudum,
2640 2115 2980 2175 serenitatem,
3015 2113 3051 2166 l.

1827 2202 2381 2267 COMMENTARIUS.

481 2335 586 2387 tur,
617 2321 706 2373 alii
728 2320 844 2374 cwsi
873 2320 926 2372 in
955 2317 1239 2371 verberibus
1286 2318 1634 2388 gratulantur,
1691 2319 1782 2373 alii
1831 2322 2064 2388 potestati

481 2336 586 2387 tur,
617 2336 844 2374 amotas:
873 2336 926 2372 tn
955 2336 1239 2371 verberibus
1323 2336 1634 2384 ratutantur,
1691 2336 1780 2373 am
1831 2336 2060 2388 patestatt

480 2392 880 2461 irreligiosorum
947 2390 1229 2442 desecanda
1276 2336 1498 2459 felicium
1551 2391 1686 2443 colla
1739 2392 2060 2455 submittunt,

483 2463 658 2536 plures
679 2463 739 2536 in_
761 2468 1042 2536 casti-uetas
1079 2474 1234 2536 rogos
1285 2469 1532 2536 currunt,
1561 2471 1668 2536 _et,_
1698 2461 2065 2536 trepidantibus

481 2528 642 2603 pinna:
671 2531 934 2603 ministris,
964 2530 1133 2603 ignem
1157 2531 1290 2603 saltu
1319 2528 1534 2603 devotte
1551 2528 1890 2599 festinationis
1929 2532 2062 2585 insi-

482 2600 650 2667 liunt;
678 2601 769 2655 alii
798 2603 852 2652 in
875 2600 1186 2668 profundum
1214 2600 1535 2667 demergendi
1567 2615 1667 2653 non
1719 2603 1771 2654 in
1792 2618 1948 2664 aquas
1976 2617 2066 2654 ne-

480 2685 705 2736 caturas,
723 2672 809 2725 sed
839 2672 890 2722 in
909 2671 1235 2741 refrigerium
1257 2678 1459 2724 ceterum
1471 2669 1792 2725 beatitudinis
1805 2672 2064 2726 decidunt.

481 2743 536 2799 In
569 2743 714 2798 Actis
737 2741 931 2796 dicitur
969 2741 1197 2811 stipites,
1229 2741 1425 2811 quibos
1463 2751 1728 2811 martyres
1778 2744 1918 2811 ligati
1951 2741 2066 2796 fue-

481 2824 625 2878 rant,
655 2812 1044 2881 permansisse:
1068 2810 1310 2880 adeoque
1361 2809 1634 2866 Florezius
1679 2809 1887 2881 poetice
1925 2814 2070 2866 iocu-

481 2894 592 2939 tntu
633 2882 982 2937 Prudentium
1011 2890 1221 2945 censet,
1252 2895 1373 2935 cum
1396 2881 1560 2935 eosin
1593 2882 1768 2951 ignem
1799 2883 2071 2938 insiluisse

482 2962 687 3010 narrat.
721 2953 917 3006 Verum
943 2951 1075 3022 Acta
1123 2951 1320 3014 exponi
1362 2959 1591 3022 possunt
1633 2951 1700 3005 de
1724 2952 1898 3022 turea,
1952 2968 2070 3022 quae

483 3039 628 3090 saepe
648 3022 788 3077 collo
811 3020 1406 3092 inserebati_Ir,_retor_tis
1429 3022 1478 3073 in
1499 3027 1713 3092 tergum
1723 3021 1954 3079 brachiis
1973 3020 2074 3079 reo-

483 3089 627 3156 rum,
660 3091 750 3161 qui
782 3094 834 3143 iu
865 3105 1052 3159 rogum
1093 3089 1364 3158 injiciendi
1398 3100 1570 3145 erant.
1590 3089 1751 3146 'Vide
1778 3103 2068 3149 comment.

483 3165 548 3218 ad
576 3178 716 3217 vers.
752 3161 848 3215 85l
885 3163 936 3214 in
966 3161 1228 3213 Romano.

557 3234 680 3290 102.
715 3231 970 3295 liailsbr.,
998 3231 1162 3299 liong.
1195 3246 1225 3284 a
1255 3229 1422 3297 prima
1456 3231 1772 3297 manu,Gis.
1796 3232 1864 3288 ad
1892 3245 2065 3299 oram,

487 3302 886 3376 crepitantibus:
920 3300 1110 3376 melius
1139 3300 1532 3376 trepidantibus.

559 3369 684 3430 105.
715 3370 950 3446 Breviar.
973 3441 985 3446 _
1011 3369 1168 3446 βιοῖ.2
1203 3369 1404 3446 _"[‘e_ol.,
1457 3385 1752 3446 retrorsum.
1812 3374 2072 3446 Martyres

486 3441 838 3514 ennthurendi
863 3441 1054 3514 stipiti,
1086 3439 1416 3514 velAl'unibus
1435 3443 1814 3514 oalligabantur,
1847 3447 1931 3500 vel
1952 3439 2072 3501 'cla-

486 3517 566 3570 vis
591 3509 958 3581 alligebantur.
990 3512 1122 3565 llinc
1157 3509 1601 3569 Christianidiéti
1620 3516 1832 3569 semaxii
1855 3517 1922 3570 ab
1952 3532 2070 3580 tua,

486 3587 571 3640 vel
601 3583 801 3653 stipite.
832 3582 967 3635 Licet
991 3598 1123 3635 nunc
1150 3583 1513 3646 sarmentitios,
1537 3597 1584 3638 et
1609 3589 1859 3640 semaxios
1893 3588 2075 3653 appel-

487 3658 623 3720 letis,
655 3654 742 3723 qui
769 3653 836 3705 ad
862 3654 1081 3722 stipitem
1102 3653 1303 3706 dimidii
1321 3654 1436 3709 axis
1474 3657 1682 3708 revincti
1701 3667 2074 3711 sarmentorum

487 3727 679 3797 ambitu
694 3725 984 3797 esuriatur,
1012 3733 1068 3776 ut
1088 3724 1160 3777 ait
1177 3723 1542 3797 Iertnllianus
1565 3727 1615 3779 in
1641 3729 1925 3797 Apologet.
1949 3743 2070 3796 cap.

487 3798 576 3852 50.
607 3795 739 3850 Vide
756 3795 987 3848 tabulam
1013 3809 1144 3849 xvu.
1177 3793 1287 3848 Hoc
1313 3793 1431 3848 loco
1449 3793 2070 3861 .inteiiiguntur'brachia

487 3867 541 3923 in
575 3876 779 3936 tergum
807 3874 1023 3927 retorta,
1052 3875 1335 3936 antequam
1360 3879 1542 3934 pyram
1568 3869 1998 3936 ingrederentur.

561 3935 684 3992 104.
715 3937 871 3990 Brev.
913 3936 1046 3989 Moz.
1081 3935 1241 4001 male,
1273 3935 1656 3990 renovaverunt.

559 4007 682 4064 106.
743 4007 883 4060 Vatt.
941 4006 1000 4069 Β,
1033 4007 1098 4071 Ο,
1128 4004 1309 4073 Prag.,
1363 4023 1509 4076 paena
1555 4006 1806 4073 cohibere,
1864 4007 1957 4062 sed
1987 4009 2070 4063 icx

487 4079 644 4141 metri
678 4079 846 4146 poscit
877 4077 1109 4130 cohibere
1140 4091 1285 4143 ptena
1314 4079 1528 4140 palmas.

563 4149 683 4203 107.
715 4147 934 4202 Veteres
959 4146 1270 4206 Christiani,
1303 4146 1431 4200 dum
1478 4157 1714 4212 orarent,
1741 4148 2069 4202 hrachia.le-

487 4219 682 4272 valiant
702 4226 756 4271 et
782 4216 1138 4271 extendebant
1169 4218 1220 4269 in
1269 4232 1472 4271 morem
1503 4220 1697 4272 erucis.
1730 4218 1988 4273 Usitatuut
2021 4220 2071 4272 id

488 4303 700 4358 quoque
733 4286 918 4358 foit_ab
950 4287 1208 4349 liebrteis,
1241 4297 1298 4341 ut
1348 4287 1476 4358 ipse,
1509 4288 1826 4343 Prudentius
1877 4289 2074 4342 cecinit

491 4355 690 4426 hymno
721 4355 786 4428 12
811 4355 964 4428 Catii.
998 4371 1148 4428 vers.
1181 4358 1299 4420 170,
1341 4359 1406 4412 de
1438 4357 1656 4428 Moyse:
1690 4360 1873 4412 Pansis
1901 4361 1951 4411 in
1995 4361 2074 4410 al-

488 4425 599 4480 tum
644 4427 953 4500 brae/disp).
1000 4425 1176 4500 Cruot's
1223 4425 1581 4500 _qttod_instar
1612 4440 1728 4484 tunc
1763 4431 1898 4500 fuit.
1945 4430 2071 4484 Vide

2167 2336 2240 2380 Vl,
2266 2318 2407 2372 Illud
2435 2320 2488 2372 in
2512 2318 2765 2386 rigoribus
2792 2317 3168 2390 algidum,__hoc
3191 2335 3454 2383 vaporum,
3480 2320 3568 2373 ubi
3599 2321 3745 2390 aliqui

2168 2390 2343 2444 minus
2367 2390 2503 2462 bene
2529 2390 2706 2462 legunt
2731 2388 3392 2462 vaporeum.Net_nesianus
3413 2391 3562 2444 clare
3586 2388 3745 2462 eclog.

2169 2465 2224 2522 4.
2254 2475 2396 2514 vers.
2430 2459 2500 2514 65
2530 2474 2544 2512 :
2572 2457 2672 2511 Ter
2699 2460 2854 2522 vittis,
2880 2467 2955 2510 ter
2985 2459 3168 2528 fronde
3195 2475 3359 2524 sacra,
3391 2468 3467 2511 ter
3495 2462 3646 2515 thure
3670 2457 3747 2516 ra-

2171 2547 2294 2602 poro
2317 2529 2590 2602 Lustrovit.
2621 2529 2683 2582 Et
2710 2544 2866 2602 vapor
2889 2542 2987 2602 pro
3010 2529 3187 2602 calore
3204 2530 3348 2602 apud
3371 2531 3606 2602 optimos
3627 2535 3749 2602 scri-

2173 2599 2349 2672 ptores
2363 2600 2638 2672 sumi,jam
2657 2599 2836 2672 mooui
2853 2601 2902 2651 in
2923 2599 3184 2672 hymnos.
3203 2601 3466 2656 Laurentii
3481 2603 3546 2654 ad
3563 2618 3616 2655 ν.
3635 2601 3749 2658 Sid.

2252 2672 2371 2727 116.
2404 2671 2544 2724 Vatt.
2574 2671 2638 2733 A,
2672 2671 2756 2733 8.,
2789 2678 2937 2721 orant
2966 2671 3125 2722 sancti
3154 2680 3247 2725 ut:
3275 2687 3378 2724 non
3417 2674 3621 2738 patitur
3650 2689 3754 2728 tue-

2179 2756 2340 2802 trum.
2372 2741 2492 2795 Vat.
2524 2741 2590 2808 ρ,
2621 2741 2921 2804 advocaret;
2947 2754 3103 2808 supra
3136 2751 3302 2805 recte,
3331 2742 3619 2796 advolaret.

2246 2814 2367 2867 117.
2401 2813 2556 2867 Brcv.
2593 2810 2750 2877 Μυκη
2780 2811 3038 2880 periculis,
3066 2819 3249 2864 contra
3281 2823 3527 2865 metrum.

2250 2884 2374 2938 120.
2409 2883 2586 2949 Prag.,
2619 2882 2728 2936 Gis.
2780 2882 2844 2932 ad
2891 2895 3058 2944 orant,
3104 2881 3293 2950 Bnng.,
3338 2880 3518 2946 Faitr.,
3568 2884 3756 2945 missis,-

2181 2953 2294 3016 alii,
2331 2954 2532 3007 missos.
2583 2950 2950 3007 Nebrissensis
2987 2953 3208 3013 exponit
3255 2952 3370 3015 sibi,
3402 2954 3501 3008 hoc
3545 2965 3631 3008 est
3672 2955 3758 3005 sibi

2178 3024 2321 3094 ipsis.
2370 3022 2556 3094 Melius
2605 3032 2781 3094 tamen
2829 3021 2944 3086 sibi,
2993 3021 3201 3076 scilicet
3247 3023 3344 3093 ipsi
3395 3023 3525 3077 Deo.
3571 3024 3759 3078 Confer

2183 3093 2873 3166 liymnumiExsequiarum.
3039 3162 3098 3166 Ψ
3255 3163 3266 3166 _
3496 3137 3503 3144 .
3635 3113 3640 3118 ι

2251 3166 2374 3219 121.
2411 3165 2562 3235 Egm.
2594 3162 3010 3235 scribitsatellis.
3035 3162 3172 3235 illnc
3199 3163 3357 3235 etiam
3382 3171 3521 3232 patet
3543 3164 3761 3235 animas

2179 3234 2388 3303 piorum
2416 3233 2480 3289 ex
2513 3233 2785 3289 Prudentii
2816 3233 3078 3287 sententia
3110 3233 3176 3287 ad
3208 3233 3402 3287 omium
3433 3234 3620 3298 evehi,
3649 3249 3762 3287 enni

2178 3305 2309 3359 nihil
2356 3304 2688 3375 purgandum
2729 3304 3416 3375 remanet._Chamiilardns
3453 3305 3552 3370 ait,
3590 3305 3762 3357 hocin

2176 3375 2295 3429 loco
2322 3369 2575 3430 nonnulla
2610 3375 2901 3428 mutavisse
2946 3369 3314 3437 PFudentiam,
3345 3375 3468 3443 quia
3514 3369 3575 3428 in
3624 3375 3764 3428 Actis

2175 3445 2390 3516 legitur,
2443 3446 2786 3514 Babylonium
2837 3451 2893 3516 et
2940 3443 3277 3516 Mygdonium
3328 3445 3527 3499 Vidisse
3573 3448 3763 3499 eminm

2174 3514 2438 3584 apertum,
2486 3531 2694 3571 necnon
2740 3529 2806 3568 ex
2849 3514 3043 3568 familia
3092 3514 3366 3570 Emiiiani
3410 3516 3604 3576 tiliam,
3651 3530 3763 3583 qua:

2177 3587 2332 3641 matri
2377 3602 2488 3641 sua:
2531 3586 2884 3640 Fructuosum
2933 3592 2986 3637 et
3030 3587 3206 3639 socios
3245 3587 3296 3638 in
3335 3587 3532 3638 caelum
3580 3598 3763 3639 euntes

2179 3657 2520 3711 Ostendebat.
2555 3655 2749 3710 Verum
2787 3655 2989 3723 optime
3033 3655 3321 3709 Prudentio
3357 3657 3620 3710 convenit
3651 3672 3767 3708 eum

2176 3727 2341 3792 Actis,
2357 3742 2476 3795 quae
2492 3727 2558 3780 ita
2577 3727 2772 3780 habent
2787 3743 2798 3777 :
2815 3725 3153 3794 Apertumque
3175 3736 3246 3779 est
3262 3726 3462 3784 calum,
3481 3728 3768 3779 videntibus

2180 3796 2408 3863 Babylon
2433 3807 2480 3850 et
2513 3796 2791 3868 Mygdonio
2815 3796 3058 3868 fratribus
3079 3798 3264 3868 nostris
3284 3811 3347 3851 ex
3365 3796 3572 3868 [amilia
3597 3795 3770 3850 ΑΞηιὶ·

2177 3868 2300 3933 (iani
2333 3865 2711 3938 pra’sidis’fqui
2738 3868 2889 3920 etiam
2921 3867 3042 3938 ﬁlia:
3069 3867 3294 3936 ejusdem
3328 3865 3646 3938 ﬁmiliani,
3680 3868 3769 3919 do-

2176 3940 2328 3991 minre
2354 3955 2527 3992 eorum
2557 3936 2774 3999 carnali,
2803 3936 3129 3989 ostendebant
3157 3947 3388 3991 sanctum
3418 3936 3769 3989 Frucrnosum

2176 4014 2466 4076 episwpum
2496 4024 2607 4061 cum
2637 4008 2955 4078 diaconibus,
2987 4007 3157 4060 adhuc
3180 4007 3451 4078 stipitibus,
3483 4008 3675 4074 quibus
3706 4007 3772 4060 li-

2176 4080 2283 4150 gati
2310 4083 2536 4150 fuerant,
2569 4077 2994 4150 permittentibus,
3025 4081 3076 4130 in
3105 4077 3285 4130 calum
3320 4079 3662 4150 ascendentes
3689 4095 3773 4150 co-

2177 4145 2399 4202 ronatos.
2429 4148 2654 4210 Cumque
2679 4145 3022 4200 /Emilianum
3054 4158 3310 4210 vocarent,
3337 4148 3586 4209 dicentes,
3620 4147 3769 4210 Veni,

2176 4228 2224 4271 et
2265 4221 2492 4274 vide.....
2537 4215 2664 4271 Cum
2707 4216 3024 4271 {Emilianus
3071 4218 3303 4284 venisset,
3344 4219 3514 4271 videre
3544 4235 3638 4272 eos
3671 4235 3772 4271 non

2213 4291 2359 4342 aluit.

2177 4307 2369 4414 pallui?
2406 4359 2616 4422 Atnbr.,
2648 4374 2747 4428 quo
2777 4361 2906 4427 foro,
2937 4371 3002 4412 ex
3030 4373 3135 4425 quo
3170 4356 3416 4412 Heinsius
3445 4357 3777 4428 conﬁciebat

2179 4446 2304 4498 quos
2344 4434 2476 4499 (oro.
2523 4431 2631 4482 line
2675 4432 2792 4483 loco
2821 4428 2992 4480 lorum
3025 4430 3189 4497 accipi
3231 4437 3406 4499 potest
3433 4443 3531 4494 pro
3564 4431 3689 4481 loco
3725 4431 3774 4480 in

491 4501 649 4571 otiam
679 4513 825 4571 vers.
852 4497 920 4551 52
943 4497 1123 4568 hymni
1153 4499 1185 4551 4
1211 4498 1362 4571 Catii.
1388 4498 1656 4571 Victorius
1687 4497 1854 4555 edidit
1886 4499 2071 4553 liotore
2100 4511 2152 4571 Ι)
2177 4497 2283 4568 quo
2319 4497 2394 4554 rei
2434 4499 2710 4571 suppliciis
2735 4499 3058 4571 afficiuntur
3089 4515 3102 4551 :
3135 4497 3276 4571 quod
3313 4499 3520 4553 solebat
3567 4500 3689 4555 lieri
3724 4503 3774 4552 in

494 4567 634 4622 1760
662 4568 857 4621 veteris
883 4581 1109 4635 gemmae
1161 4569 1226 4621 ad
1270 4570 1636 4622 Christianum
1680 4587 1831 4623 usum
1863 4572 2072 4623 exscul-

493 4646 596 4706 ptae
625 4638 1072 4710 explanationem,
1107 4638 1198 4710 ubi
1233 4638 1452 4693 exhibet
1494 4640 1730 4710 [ieiparze
1755 4641 2073 4709 imaginem,

492 4723 612 4773 quae
641 4723 669 4760 a
702 4724 805 4761 non
831 4708 1156 4778 paenitendo
1193 4712 1400 4763 artilice
1455 4708 1638 4764 επιειιῂιί
1690 4728 1739 4765 tx
1797 4708 2072 4778 cxscalpta

497 4778 728 4832 Victorio
754 4777 964 4849 videtur
990 4782 1040 4830 in
1072 4779 1405 4849 sardonyche
1431 4781 1661 4836 hicolore
1684 4782 1950 4844 manibus,
1989 4777 2073 4834 ita

493 4859 551 4901 ut
573 4849 706 4912 dixi,
735 4849 790 4901 in
813 4847 1037 4901 formam
1066 4848 1239 4902 crucis
1269 4847 1541 4918 expansis,
1573 4854 1621 4904 in
1655 4856 1887 4918 speciem
1913 4865 2072 4904 oran-

492 4921 581 4983 tis,
605 4935 698 4973 seu
729 4919 894 4972 Deum
922 4917 1278 4986 deprecantis.
1330 4917 1516 4975 Plures
1563 4917 1954 4976 vetustissimas
1994 4921 2076 4979 ,si-

493 4991 650 5043 tniies
669 4993 920 5055 pieturas,
943 4999 997 5042 et
1026 5004 1322 5043 marmorea
1347 5001 1640 5046 toreumata
1669 4995 1877 5054 Bosius,
1915 4992 2072 5044 Arin-

492 5060 650 5128 ghus,
673 5060 1026 5127 Ciampinius,
1057 5059 1454 5122 Bunuarrotius,
1481 5065 1771 5128 Itnldettus,
1825 5063 2076 5116 Blanchi-

494 5145 635 5193 u.us,
695 5132 981 5194 Bottarius,
1014 5130 1296 5200 Broverius
1323 5131 1516 5200 aliique
1567 5135 1850 5188 illnsraut.

567 5200 688 5255 110.
722 5203 1033 5254 Parrhasius
1062 5197 1403 5269 Babylonium
1432 5197 1615 5255 'minns
1661 5205 1815 5258 bene.
1857 5203 1932 5259 De
1973 5203 2074 5258 hac

498 5269 718 5324 historia
750 5272 908 5324 trium
941 5285 1225 5342 puerorum
1257 5270 1459 5324 dictum
1494 5272 1546 5326 in
1575 5275 1774 5342 Apoth.

573 5342 692 5396 IM.
724 5342 846 5398 Ald.
875 5340 1064 5397 scribi.
1087 5340 1372 5394 fuco/tante.

569 5411 692 5483 115.
722 5412 954 5466 Breviar.
991 5412 1119 5464 an.
1158 5420 1623 5483 contratnetrmn,
1655 5429 1920 5483 vaporeus.
1953 5414 2066 5470 Gis.

500 5481 527 5534 1
559 5482 646 5534 ed.
670 5485 887 5546 vaporis.
923 5483 1310 5537 Chamitlardus
1336 5482 1525 5535 durum
1557 5492 1610 5535 et
1642 5481 1920 5538 barbarum
1948 5501 2071 5538 esse

498 5553 812 5617 pronuntiat
847 5568 1068 5619 vaporus
1105 5554 1282 5618 ardor,
1323 5568 1494 5620 neque
1524 5555 1659 5618 apud
1690 5555 1851 5606 alium
1888 5569 2072 5609 occur-

500 5632 621 5696 rere
648 5635 867 5686 vaporus
887 5623 1352 5696 _pro_vap_ortfero,
1389 5626 1485 5677 nisi
1517 5625 1654 5696 apud
1707 5626 2068 5696 Prudentium.

503 5686 698 5740 Verum
737 5698 858 5743 ante
887 5686 1231 5746 Prudentium
1268 5710 1480 5758 vaporus
1519 5686 1650 5748 dixit
1683 5697 1945 5751 Arnobius
1975 5695 2067 5750 lib.

2179 4567 2296 4623 foro
2322 4571 2460 4637 ipso.
2488 4573 2536 4623 in
2567 4567 2994 4634 amphitheatris,
3021 4570 3071 4621 in
3100 4569 3279 4623 circis.

2253 4642 2372 4695 127.
2408 4645 2535 4694 Mar.
2563 4657 2589 4690 a
2617 4640 2787 4708 prima
2833 4655 3014 4702 manu,
3043 4639 3221 4708 Prag.,
3254 4639 3362 4693 haec
3402 4639 3550 4702 dum,
3593 4640 3776 4692 minus

2181 4720 2348 4764 recte.
2379 4711 2665 4779 Virginitas
2697 4725 2792 4779 pro
2838 4709 3067 4777 virgine,
3109 4723 3167 4762 ut
3207 4710 3344 4774 apud
3387 4709 3774 4771 Claudinnum,

2179 4795 2344 4835 carm.
2384 4780 2466 4843 18,
2483 4778 2596 4834 ﬂlib.
2627 4795 2642 4833 t
2676 4780 2728 4832 in
2762 4778 3008 4851 Eutrop.,
3031 4779 3322 4851 ii’irginitas
3352 4781 3558 4833 testnlis
3587 4783 3727 4851 adit.

2254 4851 2374 4904 128.
2422 4852 2569 4909 Ald..
2622 4851 2759 4903 Vatt.
2801 4851 2860 4913 li,
2893 4850 2957 4916 Q,
3003 4850 3154 4915 Urb.,
3198 4851 3355 4912 Man,
3401 4851 3585 4911 Prae“
3629 4850 3778 4910 Rau,

2184 4920 2419 4976 l-lailsbr.
2445 4937 2474 4974 a
2497 4921 2726 4976 secunda
2757 4934 2933 4984 manu,
2959 4921 3128 4985 Sit-in,
3151 4919 3290 4986 Gis.,
3319 4921 3470 4979 Ald..
3503 4919 3721 4974 Wtdm.
3752 4939 3781 4970 a

2221 4994 2349 5045 rima
2399 5007 2582 5060 manu,
2635 4990 2853 5055 Weitz.,
2920 5001 3117 5054 patente
3168 4993 3312 5044 (telo.
3363 4991 3583 5052 Amhr.,
3645 4991 3781 5050 Alt.,

2229 5064 2416 5128 huan.,
2453 5062 2570 5116 Vat.
2616 5066 2656 5115 A
2700 5075 2728 5112 a
2772 5077 2935 5128 prima
2971 5076 3150 5124 manu,
3199 5061 3314 5113 Vat.
3364 5061 3424 5122 P.
3471 5062 3719 5116 liai'sbr.
3753 5077 3780 5110 ει

2178 5132 2345 5201 prima
2379 5147 2562 5196 manu,
2589 5143 2796 5202 parente
2835 5147 2986 5185 meo.
3020 5133 3198 5191 Alex.,
3228 5131 3428 5185 Widm.
3461 5148 3660 5200 supra,
3685 5149 3784 5200 pa-

2176 5213 2316 5256 rente
2348 5204 2495 5258 ctelo.
2521 5203 2640 5258 Vat.
2667 5204 2708 5256 Λ
2732 5217 2916 5270 supra,
2949 5203 3166 5270 patendo
3194 5202 3340 5256 etvlo.
3367 5203 3606 5256 Breviar.
3639 5204 3781 5256 Μαι.

2177 5283 2450 5342 corrupte,
2483 5274 2746 5340 Perﬁdum
2771 5275 2954 5325 meruit
2983 5284 3244 5342 parentem
3283 5289 3496 5326 aecum.
3532 5273 3588 5330 In
3627 5276 3784 5325 Acris

2181 5343 2408 5425 legitur:
2440 5343 2760 5425 {limiti-anus
2789 5345 2990 5423 veniens
3016 5343 3182 5396 videre
3210 5358 3294 5395 eos
3317 5359 3416 5395 non
3435 5343 3535 5425 fuit
3558 5342 3784 5411 dignus.

2177 5416 2232 5468 Si
2284 5419 2410 5468 Acta
2459 5413 2574 5468 haec
2614 5413 2956 5467 Prudentium
3008 5423 3154 5482 certe
3196 5413 3628 5482 praeceSsissent,
3673 5427 3785 5465 non

2175 5484 2392 5538 dubium
2419 5493 2582 5548 esset,
2616 5488 2741 5552 quin
2771 5487 2873 5537 huc
2896 5481 3215 5537 Prudentius
3246 5486 3592 5552 respexisset.
3622 5486 3788 5536 Alto-

2175 5555 2300 5622 quin
2341 5565 2539 5622 patente
2578 5555 2702 5608 ctrlo
2743 5570 2846 5606 non
2884 5561 2968 5606 est
3006 5553 3162 5608 lectio
3203 5551 3620 5622 gentiamnenda.
3677 5552 3792 5606 Per

2177 5620 2364 5747 sapam
2413 5625 2759 5695 Virgilianum
2800 5632 2883 5679 est
2918 5623 3014 5678 lib.
3049 5638 3161 5690 Vill,
3198 5620 3302 5676 Per
3335 5625 3522 5677 sudum
3550 5624 3791 5677 rutilare

2177 5705 2361 5747 ruent.

2176 5705 2361 5749 t‘ttlenl.
