3994 6176
245 387 332 442 1Ξ5

457 488 660 560 1041
688 487 970 553 Quirinum
1005 487 1252 556 placitum
1288 489 1425 549 Deo,

459 581 616 635 llrbis
636 582 832 635 moenia
875 579 1059 635 Sisciae

447 673 773 725 Concessum
805 671 907 725 sibi
939 681 1231 738 martyrem

238 767 264 819 5
457 761 662 833 1042
691 762 988 830 Complexu
1023 760 1194 828 patrio
1223 761 1422 814 l'ovcnt.

383 853 474 906 llic
501 854 600 906 sub
629 851 844 906 Galerio
869 850 1026 913 dure,

451 943 550 1007 Qui
581 950 706 995 tunc
729 939 971 1010 Illyricos
996 939 1150 992 sinus

452 1029 684 1098 llrgebat
723 1027 1038 1091 ditionibus,

447 1118 634 1172 Fertur
666 1117 982 1172 catholicam
1016 1117 1173 1171 fidem

236 1214 287 1266 l0
451 1210 750 1263 lllustrasse
774 1223 869 1275 per
895 1209 1117 1261 exitum.

380 1301 490 1354 Non
521 1299 670 1352 illum
699 1295 866 1365 gladii
897 1295 1060 1363 rigor,

452 1389 569 1442 Non
601 1385 869 1448 incendia,
899 1401 1003 1441 non
1029 1387 1150 1440 lene

445 1476 667 1532 Crudeli
700 1475 920 1532 interitu
945 1487 1137 1530 necant
1165 1493 1176 1526 :

1358 377 1919 436 PElllSTEPiiANON
1960 375 2168 429 ΙΙΥΜΝ.
2215 374 2319 428 \‘Il.

1807 489 1857 546 Δ

3355 363 3458 416 426

2132 480 2235 534 Sed
2275 479 2500 550 lymphis
2528 479 2826 532 ﬂuvialibus

1888 571 1953 623 15
2135 571 2340 640 Gurges
2363 571 2487 623 dum
2512 569 2670 637 rapit,
2705 568 2888 621 abluit.

2059 659 2138 714 Nil
2166 659 2332 714 refert
2359 660 2530 712 vitreo
2559 671 2796 724 minore,

2129 749 2296 803 Aude
2317 747 2530 801 ﬂumine
2559 746 2828 815 sanguinis

2126 839 2314 908 Tingat
2333 838 2511 905 passio
2541 847 2827 907 martyrem

2127 931 2299 999 IEque
2328 930 2491 1000 gloria
2517 929 2760 996 provenit

1880 1020 1950 1076 20
2135 1019 2344 1090 1043
2376 1019 2564 1072 Fluctu
2587 1017 2830 1086 quolibet
2854 1017 3034 1070 uvida.

2056 1111 2276 1168 Summo
2308 1110 2480 1176 pontis
2509 1108 2577 1162 ab
2607 1109 2757 1161 ardui

2129 1201 2338 1254 Sanctm
2370 1199 2539 1266 plebis
2565 1200 2850 1267 episcopus

2131 1294 2184 1345 In
2218 1306 2455 1360 praeceps
2479 1291 2638 1344 ﬂuvio
2678 1291 2853 1356 datur,

2131 1381 2460 1449 Suspensum
2491 1381 2680 1447 laqueo
2699 1395 2890 1446 gerens

1879 1474 1950 1528 25
2131 1471 2363 1541 lugentis
2390 1468 2621 1539 lapidem
2652 1471 2823 1523 molae.

1472 1564 1763 1623 GLOSSAS
1809 1564 2144 1620 VETERES.

369 1663 607 1725 Fovent,
641 1661 928 1727 colligunt,
963 1659 1002 1712 l.

282 1735 358 1788 10.
397 1733 639 1796 Exitum,
671 1741 900 1796 mortem,
945 1731 982 1781 Ι.

286 1803 363 1857 15.
404 1803 624 1867 Abluit,
660 1801 880 1866 penitus,
913 1799 950 1852 Ι.

285 1881 358 1930 16.
397 1873 602 1935 Refert,
625 1872 801 1937 distat,
825 1871 902 1922 vel
924 1867 1097 1935 di/fert
1116 1907 1130 1933 ,
1165 1867 1204 1923 l.

1955 1659 2039 1710 17.
2083 1658 2195 1722 An,
2225 1665 2420 1722 utrum,
2453 1658 2496 1711 1.

1945 1728 2034 1780 20.
2065 1727 2331 1790 Quolibet.
2368 1740 2598 1794 utroque,
2631 1728 2670 1781 Ι.

1948 1797 2036 1849 21.
2069 1797 2312 1858 Summo,
2344 1800 2648 1862 summitate,
2679 1797 2721 1852 1.

1948 1868 2037 1920 23.
2077 1867 2258 1932 Datur,
2277 1869 2494 1936 jacitur,
2526 1870 2563 1922 Ι.

1513 1959 2065 2017 COMMENTARIUS.

225 2061 470 2123 rabantur,
503 2057 839 2113 renuntiatus
863 2065 964 2122 est,
997 2070 1170 2125 neque
1198 2055 1461 2125 lllyricum
1494 2065 1641 2123 post,
1667 2056 1763 2111 sed
1801 2062 1842 2122 Β
1872 2055 2002 2110 nihil
2031 2063 2260 2110 constat.
2291 2054 2421 2123 Ejus
2443 2067 2655 2123 corpus,
2694 2064 2749 2109 ut
2773 2057 3008 2112 referunt
3037 2063 3184 2125 Acta,
3221 2061 3271 2114 in
3303 2064 3445 2117 basi-

225 2133 470 2186 Orieutem
499 2129 725 2182 rexisse.
757 2126 862 2180 Sed
891 2127 1179 2180 notandum
1210 2125 1628 2180 Chamillardum
1657 2137 1769 2178 sta-

225 2211 384 2265 tuere,
412 2199 520 2254 sub
547 2197 834 2263 Masimino
865 2196 1002 2249 Daza
1029 2198 1136 2265 jam
1165 2193 1377 2250 Cmsare
1409 2210 1626 2263 passum
1646 2195 1774 2262 Qui-

223 2270 394 2334 rinum,
423 2283 535 2324 non
565 2276 845 2336 antequam
874 2266 1058 2320 Caesar
1085 2266 1259 2320 ﬂeret.
1291 2266 1415 2336 Mihi
1450 2265 1637 2336 placet
1650 2279 1772 2319 seu-

223 2341 364 2394 tentia
389 2337 614 2394 Giselini
635 2377 650 2401 ,
690 2335 781 2404 qui
817 2351 845 2389 a
889 2336 1181 2390 Prudentio
1207 2336 1282 2388 ait
1306 2335 1578 2404 designari
1609 2335 1770 2390 Gale-

227 2411 345 2462 rium
368 2403 771 2472 Maximianum,
795 2406 885 2474 qui
912 2409 964 2458 in
988 2403 1300 2460 Diocletiani
1329 2403 1501 2458 locum
1525 2405 1768 2473 allectus,

224 2480 506 2550 Illyricum,
551 2478 731 2532 Asiam
752 2487 822 2550 _et
847 2476 1117 2550 Orientem
1147 2474 1439 2550 obtinebat,
1474 2476 1772 2550 tabulisque

223 2546 357 2604 {areis
392 2550 468 2604 de
497 2549 713 2602 interitu
741 2547 1167 2601 Christianorum
1207 2546 1378 2601 edicta
1416 2549 1764 2615 proponebat.

221 2618 460 2674 Maximus
507 2628 685 2672 autem
736 2616 822 2670 ille
869 2624 924 2670 et
960 2615 1228 2670 Amantius
1271 2617 1337 2670 de
1383 2616 1578 2684 quibus
1615 2619 1768 2680 Acta,

220 2692 458 2758 praesides
502 2689 716 2758 fuerunt
739 2687 838 2758 sub
881 2685 1094 2758 Galerio
1126 2685 1469 2758 Maximiano,
1502 2696 1559 2739 ut
1585 2698 1771 2754 aperte

221 2755 419 2813 inuuuut
447 2761 587 2812 Acta
629 2773 659 2809 a
685 2755 1043 2811 Bollandianis
1073 2757 1138 2810 ad
1182 2755 1304 2809 cod.
1351 2771 1453 2810 ms.
1486 2768 1720 2810 correcta
1754 2775 1767 2812 :

219 2825 552 2883 Prementibus
596 2827 765 2894 itaque
819 2826 1124 2879 Maximiani
1169 2828 1490 2894 imperatoris
1533 2827 1726 2895 legibus
1752 2867 1766 2890 ,

221 2899 521 2952 Christianus
549 2896 885 2965 infestabatur
913 2897 1162 2950 exercitus
1191 2913 1210 2950 :
1242 2911 1336 2965 per
1364 2895 1630 2965 Illyricum
1655 2913 1768 2949 rero

221 2967 553 3022 Diocletianus
599 2963 859 3037 sacrilegis
901 2967 1162 3036 praeceptis
1195 2967 1260 3037 in
1303 2963 1492 3020 Christi
1523 2967 1769 3037 pOpulum

222 3039 444 3092 hostiliter
475 3039 736 3101 saeviebat,
783 3035 960 3090 addito
1001 3036 1260 3106 tyrannidi
1287 3049 1394 3090 sua:
1443 3035 1550 3090 alio
1597 3035 1768 3088 Maxi-

220 3115 388 3173 miano,
411 3111 460 3162 in
491 3125 649 3179 regno
671 3109 940 3179 participe,
970 3109 1055 3173 qui
1083 3117 1131 3161 et
1152 3122 1298 3179 suam
1325 3106 1514 3179 rabie_m
1531 3147 1546 3166 ,
1573 3114 1621 3160 et
1643 3107 1769 3158 Dio-

223 3181 400 3232 detinui
439 3197 531 3248 per
552 3176 760 3230 'omnem
787 3178 1054 3246 Illyricum
1094 3177 1400 3248 ostenderet.
1436 3176 1568 3230 Fere
1599 3189 1765 3229 tamen

221 3249 274 3300 ad
299 3266 458 3303 omnes
488 3251 866 3316 provinciarum
889 3249 1090 3315 judices
1117 3247 1455 3313 nefandorum
1479 3247 1763 3310 principum

220 3320 424 3388 sacrilegi
473 3319 652 3383 apices
692 3317 1044 3388 mittebantur,
1085 3328 1137 3369 ut.
1167 3317 1220 3368 in
1253 3317 1458 3388 templis
1478 3319 1765 3388 da’monum

223 3386 454 3442 immolare
482 3398 722 3456 cogerent
760 3387 1093 3440 Christianos.
1121 3422 1136 3438 .
1166 3425 1181 3441 .
1211 3428 1223 3440 .
1252 3423 1274 3456 ,ν
1293 3423 1307 3438 .
1339 3425 1352 3436 .
1382 3426 1393 3438 .
1424 3386 1485 3438 Β.
1520 3387 1763 3448 Quirinus

220 3460 453 3527 cpiscopus
479 3455 753 3527 Siscianae
779 3474 810 3509 a
844 3456 1068 3509 Maximo
1090 3455 1306 3527 praeside
1324 3457 1501 3525 jussus
1513 3466 1588 3527 est
1619 3471 1757 3527 t‘om-

223 3525 464 3594 preltendi.
492 3567 506 3581 .
548 3564 563 3578 .
597 3526 723 3581 Post
753 3528 978 3579 triduum
1008 3534 1176 3579 autem
1201 3525 1458 3578 Mamurius
1491 3525 1761 3589 Quirinum

218 3598 483 3668 {viswpum
505 3599 669 3668 jussit
708 3597 776 3649 ad
819 3595 1108 3668 Amantium
1133 3595 1405 3668 praesidem
1444 3595 1511 3647 ad
1544 3595 1761 3668 primum

220 3663 524 3720 Pannbniani
575 3669 714 3720 duci.
763 3669 929 3719 Antea
981 3663 1256 3732 legebatur
1284 3664 1461 3716 addito
1498 3663 1762 3733 tyrannidi

219 3752 308 3790 tute
352 3737 715 3792 Maximiano:
765 3735 1095 3788 Bollandiaui
1123 3749 1188 3788 ex
1233 3749 1332 3787 ms.
1375 3734 1492 3786 Vat.
1517 3733 1765 3787 restitue-

217 3815 324 3860 runt
343 3809 446 3860 alio
475 3807 816 3871 Maximiano,
847 3820 951 3874 quo
982 3805 1330 3858 Maximianus
1354 3801 1596 3858 Galerius
1615 3813 1764 3857 certo

217 3878 529 3945 intelligitur.
583 3877 888 3930 Ruiuartius
939 3883 993 3929 et
1042 3874 1367 3945 Bollandinni
1415 3888 1480 3928 ea
1509 3881 1650 3945 acta“
1670 3888 1764 3939 pro

219 3943 420 4001 sinceris
445 3949 678 4008 habent;
701 3947 793 4000 sed
825 3957 929 3997 tam
964 3947 1012 3997 hi
1044 3959 1199 4013 quam
1229 3944 1322 3997 ille
1351 3944 1605 4012 hymnum
1635 3943 1766 3996 Pru-

215 4015 361 4069 dentii
406 4017 636 4070 addunt.
673 4016 727 4068 lu
773 4014 1149 4083 martyrologio
1179 4013 1419 4067 Romano
1443 4015 1630 4066 .-verha
1677 4013 1766 4066 illa

221 4085 303 4137 sub
329 4084 539 4139 Galerio
566 4088 779 4155 praeside
809 4087 1031 4139 fortasse
1069 4084 1268 4155 melius
1287 4086 1336 4136 in
1363 4083 1474 4155 inec
1499 4090 1768 4155 mutaren-

218 4163 292 4207 tur
318 4159 404 4208 sub
454 4152 669 4209 Galerio
717 4157 1041 4221 imperatore,
1091 4169 1212 4206 nam
1245 4152 1562 4206 Prudentius
1590 4153 1768 4204 ducent

215 4227 508 4292 appellavit,
546 4235 603 4277 'ut
632 4228 1003 4292 imperatorem
1036 4223 1354 4292 designaret,
1388 4230 1447 4274 ut
1475 4222 1766 4274 llouoriuni

217 4291 297 4346 hb.
345 4311 377 4348 n
409 4299 459 4346 in
509 4298 688 4364 Sym.,
712 4291 875 4348 ’vers.
908 4291 1160 4364 illi,iTe
1182 4308 1378 4360 precor,
1423 4292 1631 4343 Ausonii
1662 4293 1770 4364 dum

215 4363 568 4432 augustissime
606 4364 781 4433 regni,
815 4374 864 4416 et
899 4364 1032 4415 duos
1064 4363 1254 4433 fratres
1283 4363 1633 4433 imperatores
1665 4363 1770 4412 lio-

216 4429 408 4488 noiium
433 4449 489 4488 et
519 4429 807 4488 Arcadium
837 4434 964 4486 ibid.
997 4447 1131 4486 vers.
1158 4432 1245 4493 H,
1281 4429 1402 4482 ΙΙωε
1431 4430 1514 4481 ubi
1541 4431 1768 4498 legatus:

217 4503 443 4556 lteddunt
473 4503 827 4571 placidissima
865 4503 1084 4566 fratrum
1108 4499 1224 4571 _0ra
1239 4500 1461 4571 _du_cum.
1495 4499 1558 4571 Et
1580 4501 1631 4571 in
1662 4500 1772 4571 Bo-

214 4587 356 4625 mano
379 4575 448 4626 de
475 4569 673 4627 eodem
700 4572 910 4625 Galerio
935 4585 1078 4625 vers.
1107 4569 1192 4630 51,
1223 4569 1459 4623 Galerius
1480 4569 1614 4621 orbis
1644 4570 1773 4639 forte

217 4640 420 4695 Romani
440 4653 636 4695 statuat
671 4641 861 4694 Ductor
888 4644 1104 4708 regebat.
1137 4640 1473 4702 Ruinartius,
1501 4654 1656 4707 quem
1683 4641 1772 4692 alii

217 4722 516 4780 sequuntur,
547 4713 818 4765 existimat
847 4712 1132 4763 Maximum
1162 4710 1442 4778 pr.:-sidem
1471 4711 1645 4762 vocari
1680 4725 1712 4777 p
1736 4733 1773 4756 1-

1879 2127 1982 2180 lica
2009 2125 2074 2179 ad
2101 2124 2566 2190 {Scarabetensem
2590 2137 2806 2197 portam
2852 2129 2948 2182 fuit
2977 2124 3303 2197 depositum.
3335 2135 3440 2190 Sed

1875 2210 1996 2250 cum
2028 2198 2158 2250 Acta
2199 2205 2418 2248 narrent
2444 2210 2549 2249 non
2581 2196 2799 2262 Sisciae,
2827 2198 2920 2254 sed
2945 2197 2996 2252 in
3029 2196 3244 2256 civitate
3277 2203 3443 2260 Sabu-

1874 2265 2040 2320 riensi
2078 2279 2291 2332 passum
2323 2265 2626 2332 Quirinum,
2680 2265 2794 2321 haec
2839 2279 2989 2333 porta
3039 2271 3444 2328 Scarabetensis

1873 2336 1940 2389 ad
1957 2335 2233 2391 Sabariam
2255 2335 2470 2411 videtur
2495 2340 2786 2411 pertinere.
2812 2339 3208 2396 Chamillardus
3241 2357 3442 2411 narrat,

1873 2417 2080 2476 postea,
2105 2421 2224 2461 cum
2255 2407 2463 2461 barbari
2495 2407 2792 2462 Pannonias
2821 2411 3185 2476 devastarent,
3219 2407 3443 2470 Remaui

1875 2478 2192 2552 transiatum
2211 2477 2402 2552 luisse,
2427 2486 2479 2531 et
2506 2478 2630 2552 inde
2661 2478 3008 2552 Mediolanum
3039 2497 3132 2545 per
3158 2484 3448 2552 Angilher--

1875 2556 1985 2600 tum
2030 2546 2480 2616 Mediolanensem
2504 2550 2830 2616 epiSmpum.
2876 2550 3184 2605 Ruinartius
3206 2592 3221 2616 ,
3245 2546 3306 2616 Es
3337 2555 3448 2608 Ru-

1875 2570 1985 2600 ιυιιι
2030 2570 2480 2600 aleuuuuneuscm
2504 2570 2830 2616 cptsrupum.
2876 2570 3184 2605 numaruus
3206 2592 3221 2616 ,
3245 2570 3274 2606 e
3338 2570 3443 2608 litt-

1871 2616 2071 2684 dolpho
2098 2615 2414 2670 scholastico
2438 2616 2489 2669 in
2520 2619 2622 2670 vita
2654 2618 2711 2669 Β.
2749 2617 2948 2671 Rabaui
2981 2622 3179 2674 saeculo
3201 2637 3253 2674 iv
3274 2570 3443 2677 riene-

1872 2686 2027 2751 dict.,
2053 2695 2189 2754 part.
2217 2701 2277 2750 n,
2297 2699 2417 2754 pag.
2444 2685 2512 2738 12
2532 2726 2546 2750 ,
2569 2686 2800 2740 affirmat
2830 2687 2995 2741 Roma
3029 2691 3079 2741 in
3101 2688 3443 2746 Germaniam

1874 2758 2210 2818 translatum,
2236 2765 2289 2809 et
2313 2754 2363 2808 in
2386 2754 2584 2808 celebri
2618 2756 2868 2809 Fuldensi
2897 2760 3223 2816 monasterio
3251 2775 3444 2818 recou~

1870 2826 2059 2879 ditum.
2100 2826 2256 2878 Plura
2286 2824 2490 2878 addunt
2523 2825 2875 2880 Bollandiani.

1942 2897 1996 2968 7.
2039 2895 2116 2968 Egt
2143 2895 2370 2968 Virgilio
2397 2911 2412 2950 t
2452 2894 2694 2968 Ᾰηὶιιςία..
2729 2894 2966 2968 lilyricos
2991 2909 3250 2968 penetrare
3275 2903 3438 2958 sinus.

1943 2967 2027 3020 11.
2069 2965 2387 3034 Sagittarius
2417 2979 2532 3034 cap.
2565 2966 2598 3018 6
2618 3007 2631 3029 ,
2665 2966 2729 3020 de
2757 2963 3227 3025 Ciuciat.'curiose
3253 2975 3438 3026 obser-

1869 3047 1958 3089 vat
1978 3036 2174 3110 saepius
2212 3035 2462 3110 conjungi
2493 3051 2521 3087 a
2547 3037 2643 3090 SS.
2691 3035 3011 3110 Patr_ibus_in
3048 3042 3321 3110 martyriis
3349 3059 3439 3097 re-

1868 3105 2154 3159 censendis
2197 3105 2454 3174 gladium,
2509 3120 2765 3176 crucem.
2806 3105 3037 3170 beatias,
3096 3105 3308 3176 ignem,
3342 3115 3437 3164 ali-

1867 3177 2080 3249 quando
2126 3185 2305 3228 tamen
2350 3191 2543 3249 unum,
2589 3176 2672 3229 \‘el
2721 3175 2946 3230 alterum
2983 3192 3048 3231 ex
3090 3175 3192 3233 hoc
3217 3192 3409 3249 quater

1869 3247 2017 3301 nario
2056 3261 2280 3299 numero
2323 3247 2531 3308 omitti,
2574 3255 2866 3298 utcrucem
2912 3260 2940 3298 a
2991 3249 3173 3303 multis
3211 3247 3354 3316 aliis,
3386 3267 3440 3306 et

1869 3317 1968 3438 hpc
1999 3316 2115 3369 loco
2138 3330 2167 3368 a
2196 3317 2506 3370 l’rudeutio.
2547 3316 2732 3370 Plures
2771 3317 2884 3384 ipse
2924 3320 3266 3375 auctoritates
3296 3337 3442 3376 coni-

1869 3402 1902 3438 ι)
1923 3389 2134 3438 et-titur.

1923 3389 2134 3440 ct-titur.

1869 3402 2300 3510 plﬁ‘slimgblutus
2345 3462 2428 3508 est
2456 3453 2707 3521 Quirinus
2755 3466 3004 3525 tanquam
3052 3457 3264 3514 lavacro
3286 3443 3439 3515 ‘mar-

1868 3527 2014 3595 tyrii,
2060 3525 2207 3593 quod
2259 3525 2556 3595 baptiSmns
2600 3526 2873 3592 sanguinis
2902 3528 3004 3581 dici
3046 3530 3204 3592 solet,
3238 3541 3334 3591 et,
3381 3548 3435 3584 111

1865 3594 2104 3660 (11111116³1
2133 3594 2470 3656 Prudentius,
2504 3595 2634 3647 nihil
2681 3610 2738 3648 re
2753 3599 2876 3653 fert.
2913 3598 3027 3652 sive
3067 3613 3193 3653 vero
3224 3601 3442 3654 ﬂumine

1867 3665 2146 3739 sanguinis
2171 3668 2292 3739 quis
2318 3664 2598 3739 abluatur,
2633 3664 2802 3718 ell'uso
2832 3667 3039 3739 scilicet
3059 3671 3316 3739 sanguine
3345 3686 3442 3736 pro

1865 3734 2116 3799 Christo,
2145 3736 2260 3788 sive
2305 3735 2411 3786 alio
2463 3733 2622 3787 modo
2665 3742 2892 3787 mortem
2939 3733 3237 3791 subeatfln
3264 3733 3442 3792 oili'cio

1869 3805 2238 3859 ecclesiastico
2283 3805 2573 3873 Martyrum
2626 3819 2770 3870 saepe
2817 3807 2874 3856 tit
2915 3809 3116 3859 mentio
3164 3809 3439 3861 eil'usionis

1868 3875 2169 3945 sanguinis,
2210 3888 2452 3945 quaums
2500 3888 2629 3945 vere
2668 3888 2772 3926 non
2823 3873 2981 3945 luerit
3032 3876 3232 3930 ellusus
3271 3880 3435 3945 :qnia

1870 3942 2091 4068 perinde
2119 3957 2231 4008 est,
2260 3942 2550 3998 dummodo
2582 3945 2740 3997 vitam
2765 3944 2987 4013 pro-ﬁde
3007 3957 3210 4015 martyr
3235 3942 3440 4015 iumen-

1907 4026 2027 4068 erit.

1907 4017 2027 4072 erit.

1942 4085 2029 4139 16.
2072 4085 2194 4138 Vat.
2228 4087 2294 4149 A,
2323 4082 2472 4136 mut.
3041 4110 3054 4121 .

1941 4156 2033 4207 21).
2065 4156 2252 4209 Glossa
2285 4154 2438 4206 unius
2484 4151 2603 4206 Vat.
2647 4151 2784 4220 apud
2834 4152 3098 4219 Teolium,
3154 4153 3438 4225 Sanguine,

1873 4240 1939 4275 an
1967 4241 2097 4290 aqua
2129 4227 2434 4292 humefacta.

1942 4295 2032 4348 23.
2063 4297 2117 4345 In
2146 4291 2377 4347 editioiie
2415 4291 2702 4347 V'erOnensi
2739 4291 2998 4346 Ruinartii
3021 4310 3086 4348 ex
3139 4295 3260 4349 cod.
3301 4295 3440 4350 Ger-

1876 4365 2082 4416 manico
2119 4363 2185 4416 ad
2213 4379 2360 4434 oram
2388 4365 2578 4434 ingenti
2602 4363 2833 4434 lapidum
2862 4365 2992 4416 mole
3015 4405 3030 4428 ,
3081 4367 3220 4433 quod
3253 4366 3444 4426 depra-

1875 4445 2051 4486 vatum
2077 4443 2178 4486 est.
2212 4433 2288 4486 De
2317 4435 2416 4486 hoc
2447 4432 2700 4502 martyrio
2732 4432 3056 4496 Lactantius,
3096 4432 3215 4502 cap.
3267 4437 3333 4488 15
3373 4437 3441 4489 de

1876 4502 2128 4573 Mortibus
2147 4510 2416 4573 persecut.
2447 4502 2512 4554 de
2539 4501 2866 4573 Diocletiano
2891 4519 2905 4555 :
2941 4501 3235 4568 Domestici,
3259 4507 3443 4573 alliga-

1877 4572 2046 4642 tisiad
2072 4571 2263 4642 collum
2290 4569 2566 4642 molaribus
2587 4572 2866 4642 lapidibus,
2899 4574 3030 4624 mari
3067 4569 3441 4642 mergebantur.

1877 4641 2150 4696 Gallonius
2187 4654 2302 4708 cap.
2337 4641 2362 4692 1
2396 4643 2503 4710 agit
2527 4640 2592 4692 de
2617 4641 2952 4713 ponderibus
2967 4643 3156 4710 quibus
3177 4640 3442 4713 martyres

1877 4714 2249 4766 cruciahantur
2271 4749 2285 4771 ,
2326 4720 2378 4762 et
2427 4713 2649 4763 advertit
2677 4710 2858 4764 Romae
2890 4711 3064 4766 adhuc
3092 4710 3356 4767 asservari
3389 4714 3441 4767 iu

216 4778 665 4858 tuissepaleriuiti
699 4782 1007 4858 hiasiniuin,
1036 4781 1282 4858 adeoque
1311 4789 1436 4858 apte
1458 4781 1729 4858 cohaerere
1752 4820 1766 4844 ,
1797 4799 1850 4858 Ι)
1878 4781 2110 4858 basilicis
2259 4781 2654 4858 Aptisioiorum,
2689 4789 2848 4858 atque
2879 4782 2994 4858 Αρο
3019 4784 3203 4858 linat-is
3230 4793 3282 4858 et
3302 4788 3443 4836 Ana-

215 4852 336 4915 quod
365 4852 626 4917 Quirinus
649 4852 748 4905 sub
776 4849 987 4903 Galerio
1018 4850 1172 4914 duce,
1206 4859 1261 4901 ut
1287 4849 1362 4902 ait
1403 4850 1724 4903 Prudentius
1750 4889 1764 4912 ,

212 4929 258 4974 et
295 4921 396 4975 sub
428 4923 670 4974 Maximo
701 4923 925 4988 praeside
953 4934 1140 4987 passus
1175 4919 1350 4982 fuerit,
1385 4929 1440 4973 ut
1471 4922 1599 4972 Acta
1632 4917 1768 4972 refe-

212 5002 342 5044 runt.
373 4991 429 5044 id
465 4992 600 5044 mihi
632 4993 806 5044 minus
833 4991 1104 5058 probatur.
1139 4989 1303 5043 Versu
1336 4991 1384 5042 1.
1414 4990 1559 5053 Α111.,
1589 4988 1768 5057 Alex.,

213 5058 344 5128 Yatt.
372 5060 438 5128 Β,
464 5062 536 5126 ρ,
573 5060 833 5122 Hailshr.,
859 5061 1090 5124 'l‘huau.,
1123 5059 1301 5113 Noms.
1331 5099 1346 5122 ,
1399 5059 1572 5128 llat.._
1593 5060 1768 5125 Prag.,

211 5127 382 5184 Heins.
424 5125 495 5184 et
522 5125 900 5196 recentiores,
929 5130 1116 5192 meriti,
1145 5139 1202 5182 ut
1228 5143 1347 5182 cum
1377 5125 1611 5181 secundo
1647 5142 1774 5182 casu

209 5201 564 5268 conjungatur
588 5200 904 5267 adjectivum
929 5199 1157 5265 insignis.
1193 5199 1318 5258 Alii,
1342 5199 1530 5251 meritis
1547 5237 1564 5263 ,
1591 5204 1647 5252 et
1675 5213 1773 5250 nc-

211 5267 314 5324 scio
333 5267 648 5331 animelius,
679 5279 736 5321 ut
754 5268 966 5335 insignis
990 5270 1172 5334 pietate
1198 5267 1274 5321 vel
1295 5269 1467 5319 armis.

271 5339 326 5391 2.
376 5339 548 5404 Man,
570 5338 792 5404 Widm.,
827 5339 941 5390 Vat.
969 5337 1028 5401 Β,
1063 5336 1240 5406 Prag.,
1265 5337 1557 5407 placidum:
1583 5336 1775 5390 melius

208 5408 473 5474 placitum.

272 5477 326 5532 5.
374 5478 501 5530 Vat.
541 5478 580 5529 Β
607 5477 882 5539 mendose,
943 5477 1158 5530 mmniw.
1211 5477 1287 5530 Dc
1331 5476 1542 5528 diversa
1574 5477 1781 5528 ratione

208 5549 478 5601 scribendi
533 5561 722 5600 nomen
775 5547 954 5600 Siscite
981 5547 1177 5599 dictum
1203 5546 1313 5613 jam
1344 5554 1425 5598 est
1452 5545 1516 5596 ad
1549 5559 1689 5598 vers.
1727 5547 1777 5597 1.

274 5618 329 5668 4.
369 5618 591 5671 Alicubi
618 5618 792 5671 iuveni
825 5626 1069 5669 notatum
1111 5619 1484 5684 confessumcx
1516 5623 1623 5684 vet.
1656 5618 1779 5667 cod.

271 5684 326 5739 5.
370 5685 458 5740 An
484 5688 601 5738 haec
625 5688 785 5741 verba
811 5688 1074 5752 complexu
1101 5683 1267 5750 patrio
1297 5685 1525 5743 innuant
1553 5683 1778 5736 Sisciam

208 5758 434 5824 patriam
460 5757 823 5822 esseQuirini,
855 5758 1047 5811 merito
1067 5755 1298 5811 dubitari
1322 5762 1514 5823 potest.
1536 5753 1609 5807 Ex
1634 5755 1782 5808 Actis

501 5849 771 5909 ιἈτιιοι..
820 5849 944 5910 LX.

1873 4853 2018 4905 staszi
2048 4850 2113 4902 ad
2143 4852 2318 4922 Aquas
2347 4849 2550 4922 Salvia_s
2581 4849 2792 4922 maximi
2813 4849 3074 4922 ponderis
3103 4853 3326 4922 lapides,
3362 4855 3442 4905 ui-

1873 4934 2059 4989 guque
2089 4919 2306 4989 coloris,
2341 4919 2619 4982 rotundos,
2651 4919 2734 4989 vel
2774 4919 3050 4989 oblongos,
3087 4919 3314 4977 ferreum
3346 4935 3442 4974 an-

1877 4987 2057 5060 nulum
2093 5003 2223 5042 saxo
2278 4988 2561 5060 impactum
2596 4987 2868 5060 habentes
2891 5032 2906 5056 ,
2944 4987 3058 5060 quo
3085 4991 3344 5044 funiculus
3371 4991 3439 5043 ad

1876 5058 2143 5125 ligandum
2175 5067 2228 5110 et
2274 5057 2701 5129 suspendendum
2741 5060 2806 5112 ad
2841 5057 3001 5129 pedes
3034 5062 3110 5112 vel
3141 5075 3326 5129 manus
3352 5059 3443 5113 Su-

1879 5131 2039 5181 hlitne
2071 5127 2414 5198 pendentium
2440 5129 2821 5198 imtnittebatur
2842 5127 2866 5182 ἐ
2896 5130 2981 5198 qui
3015 5130 3213 5195 lapides
3243 5128 3443 5181 orbicu-

1885 5198 2014 5251 laria
2039 5197 2282 5250 dicuntur
2325 5213 2362 5267 ai
2390 5197 2624 5265 Josepho
2666 5197 2760 5252 lib.
2803 5199 2868 5253 de
2903 5199 3143 5252 Machab.
3182 5200 3245 5251 ad
3288 5198 3444 5267 Poly-

1885 5269 2048 5321 bium.
2106 5266 2511 5336 Eornmiforma
2557 5269 2871 5336 exprimitur
2913 5268 3203 5336 tabulas,
3249 5267 3326 5320 lit.
3380 5266 3441 5320 1).

1884 5337 2078 5390 Probat
2104 5339 2261 5389 etiam
2295 5335 2570 5391 Gallonius
2617 5335 2737 5404 post
2784 5337 3054 5388 Baronium
3101 5335 3153 5389 in
3197 5337 3335 5389 notis
3377 5340 3441 5388 ad

1887 5407 2340 5476 Inarlyrnlogium,
2376 5406 2678 5476 hujusmodi
2704 5405 2888 5472 globos
2917 5405 3153 5470 lapideos
3194 5407 3443 5459 inventos

1884 5474 2048 5529 fuisse
2089 5475 2482 5529 inferendorum
2532 5474 3006 5528 cruciamentorum
3070 5488 3224 5527 causa
3259 5515 3276 5540 ,
3337 5492 3442 5530 non

1884 5545 2323 5599 aestimandorutn
2372 5558 2591 5598 onerum
2635 5541 2800 5609 gratia
2833 5579 2847 5601 ,
2893 5555 2954 5594 ac
3006 5541 3252 5597 diversos
3281 5547 3443 5601 etiam

1884 5616 2047 5668 fuisse
2073 5616 2141 5668 ab
2170 5615 2270 5668 illis
2303 5613 2624 5682 ponderibus
2654 5625 2769 5676 quia
2807 5609 2920 5672 lege
2948 5611 3014 5664 t9.
3043 5611 3203 5666 tabul.
3236 5614 3444 5668 debito-

1885 5684 2034 5738 ribus
2059 5678 2463 5738 exhibebantur.
2520 5678 2589 5732 Ut
2613 5689 2788 5731 autem
2816 5693 2936 5732 vera
2985 5681 3094 5735 hinc
3121 5686 3298 5738 omnia
3325 5700 3444 5741 esse

1887 5753 2217 5825 concedam,
2268 5753 2396 5807 illud
2441 5747 2783 5818 qumrcudum
2827 5761 3158 5821 supercstau
3191 5754 3303 5811 huc
3334 5757 3442 5825 ipsa

3095 5842 3166 5902 1b
