3994 6176
267 447 367 503 829

266 559 332 612 70
505 554 822 624 Confugisse
847 554 1132 609 meatibus.

437 645 555 698 Ilaec
585 646 840 699 miracula
867 655 992 700 sunt
1023 656 1130 700 tua:

508 736 745 804 Virtutis,
781 737 1028 802 Domine,
1063 746 1120 790 ut
1143 736 1302 791 modo

503 829 838 898 Suspendor,
879 830 998 884 leve
1025 842 1348 898 praenatans,

501 921 726 976 Sumtuo
754 922 966 991 gurgite
996 920 1255 983 ﬂuminis.

263 1014 328 1067 75
502 1014 635 1067 Cum
665 1013 812 1068 collo
834 1015 1111 1082 scopulum
1141 1013 1371 1068 traham.

426 1103 545 1158 lam
577 1106 770 1174 plenus
795 1105 980 1162 titulus
1011 1106 1086 1160 tui
1111 1115 1216 1170 est,

502 1197 569 1252 Et
595 1199 674 1252 vis
697 1197 903 1266 prodita
928 1199 1182 1264 nominis,

499 1292 668 1356 Quam
695 1290 910 1360 gentilis
939 1290 1104 1346 habet
1129 1301 1336 1360 stupor.

501 1381 782 1445 Absolvas,
817 1395 1030 1450 precor,
1062 1381 1289 1452 optime,

254 1473 320 1527 so
499 1474 670 1543 llujus
701 1490 843 1528 nunc
870 1473 1066 1528 animae
1095 1489 1294 1529 moras.

422 1568 566 1633 Quid
600 1569 776 1636 possis
805 1567 997 1636 probat
1015 1567 1259 1622 amnicus

503 1659 709 1730 1047
738 1661 836 1726 Qui
865 1666 1043 1714 vectat
1067 1658 1272 1714 silicem
1302 1658 1495 1728 liquor.

496 1753 608 1808 lloc
627 1752 758 1822 jam,
791 1751 936 1821 quod
962 1760 1230 1822 superest,
1261 1753 1416 1820 cedo,

1333 444 1894 504 PERISTEPIIANON
1937 449 2148 507 IIYMN.
2197 454 2333 509 VIII.

1872 568 1923 623 Α

2199 566 2317 630 Quo
2347 564 2418 618 nil
2449 576 2533 622 est
2564 571 2870 639 pretiosius,

1949 651 2016 703 85
2199 653 2301 707 Pro
2329 667 2401 720 te,
2431 655 2643 713 Christe
2678 661 2834 725 Deus,
2867 665 3024 718 mori.

2125 745 2379 802 Orantem
2411 750 2566 805 simul
2597 751 2814 822 halitus,

2197 839 2261 893 Et
2289 855 2392 894 vox
2419 841 2640 912 deserit,
2672 855 2726 900 et
2757 849 2930 914 calor;

2193 930 2414 984 Scandit
2443 933 2664 1002 spiritus
2693 937 2858 990 ardua
2883 957 2896 998 ;

2191 1021 2275 1074 Fit
2306 1024 2516 1092 pondus
2543 1041 2706 1094 grave
2731 1043 2958 1108 saxeum
2987 1049 3000 1085 :

1941 1114 2011 1169 90
2188 1112 2397 1186 Corpus
2425 1120 2725 1188 suscipiunt
2747 1135 2924 1192 aquzc.

2523 1272 2633 1328 VIII
2673 1274 2953 1332 HYMNUS

1941 1398 2009 1438 DE
2047 1399 2179 1441 ιοοο
2218 1401 2270 1440 IN
2307 1400 2409 1450 QUO
2455 1403 2732 1443 ιιΑιιτγιιες
2780 1405 2922 1445 PASSI
2971 1409 3128 1456 SUNT‘,
3178 1410 3314 1450 NUNC
3355 1413 3534 1452 EAPTI-

2540 1476 2763 1514 STERIUI
2808 1478 2926 1515 EST.

2121 1569 2336 1623 Electus
2359 1567 2574 1624 Christo
2606 1570 2754 1625 locus
2785 1581 2866 1626 est
2892 1572 2981 1626 ubi
3007 1573 3166 1628 corda
3194 1577 3414 1642 probata

2197 1658 2411 1731 1048
2434 1660 2700 1716 Provehat
2728 1661 2792 1717 ad
2823 1667 3018 1719 caelum
3048 1666 3323 1734 sanguine,
3347 1676 3533 1736 purget

3281 1759 3459 1830 [aqum

1551 1846 1837 1904 GLOSSIE
1878 1845 2219 1901 VETERES.

313 1980 396 2034 70.
435 1977 717 2040 Meatibus,
751 1976 1070 2040 tramitibus,
1097 1974 1178 2029 vel
1203 1975 1323 2039 viis,
1353 1974 1457 2030 Iso.

311 2050 396 2104 75.
430 2048 598 2107 Leve.
634 2048 829 2112 leviter,
862 2049 901 2100 Ι.

311 2121 395 2175 76.
434 2119 668 2184 Titulus,
699 2120 884 2187 gloria,
916 2118 957 2170 Ι.

1860 1979 1910 2040 Β
1968 2049 1973 2050 γ
2013 1973 2101 2028 78.
2132 1975 2324 2050 Ilebet,
2352 1983 2542 2050 stupet,
2573 1977 2731 2042 timet,
2771 1976 2848 2030 t-e'l
2877 1981 3261 2050 mollescit,"ut‘
3285 1997 3386 2037 non
3429 1999 3526 2037 au-

1943 2049 2118 2109 deant,
2153 2049 2284 2099 sicut
2312 2048 2476 2115 prius,
2513 2047 2553 2098 l.

2006 2117 2094 2172 83.
2120 2117 2290 2182 Cedo,
2321 2119 2408 2182 da,
2441 2133 2639 2185 precor,
2677 2118 2714 2170 Ι.

1590 2231 2146 2289 COMMENTARIUS.

311 2366 394 2422 72.
435 2365 688 2421 Ileinsins
715 2364 995 2434 distinguit
1023 2361 1258 2417 Domine.
1287 2363 1356 2419 Ut
1389 2366 1562 2428 modo,
1593 2375 1649 2420 et
1683 2375 1826 2434 post,

248 2454 383 2494 vers.
441 2438 533 2500 '75,
582 2436 823 2490 traham!
868 2433 991 2490 cum
1039 2433 1412 2488 admirationis
1460 2446 1604 2490 nota.
1639 2433 1830 2492 Melius

246 2509 567 2576 intelligitur
593 2518 650 2560 ut
683 2507 989 2575 signiﬁcare
1015 2505 1170 2571 sicut,
1196 2506 1402 2561 scilicet
1437 2508 1569 2562 sicut
1598 2507 1827 2560 miracu-

245 2581 344 2632 lum
369 2591 453 2632 est
487 2581 606 2641 hoc,
635 2577 773 2642 quod
799 2578 971 2640 modo,
1009 2585 1114 2630 etc.

308 2651 395 2704 73.
420 2649 570 2710 Rat.,
603 2649 760 2712 Man,
781 2647 920 2701 Vatt.
949 2648 1010 2711 Β,
1047 2646 1114 2713 Q,
1138 2644 1502 2711 Gis.,Weitz.,
1520 2647 1826 2714 suspendar.

247 2721 354 2775 Vat.
380 2725 458 2784 A,
496 2721 678 2784 Alex.,
717 2719 954 2785 'l‘buao.,
999 2717 1206 2783 Nonis.,
1249 2718 1464 2781 Ambr.,
1498 2719 1706 2783 lleins.,
1737 2735 1824 2772 su-

242 2793 488 2845 suettdor.

269 2810 659 2916 pggfabrlariett.
683 2858 942 2914 mendose
965 2874 1178 2927 scopum
1202 2859 1422 2910 traham.
1439 2859 1572 2912 Acta
1597 2857 1824 2913 habent:

241 2931 427 2996 Jussit,
465 2943 640 2985 sancto
671 2931 769 2984 Dei
786 2929 1064 2994 sacerdoti,
1089 2928 1167 2982 vel
1186 2929 1384 2995 famulo
1403 2931 1593 2980 motam
1625 2930 1692 2980 ad
1716 2932 1825 2982 col-

240 3001 340 3054 lum
365 3003 601 3072 alligari.
634 3000 909 3057 Usuardus
943 3017 955 3072 ξ
992 2998 1093 3063 Qui
1122 3015 1214 3069 pro
1237 3000 1340 3066 ﬁde
1361 2998 1550 3072 Christi
1575 2998 1655 3072 (ut
1687 2997 1828 3054 Pru—

239 3074 438 3127 dentius
466 3069 668 3142 scribit)
702 3072 861 3142 ligato
889 3071 957 3122 ad
984 3086 1200 3142 manant
1237 3069 1421 3142 molari
1461 3085 1587 3123 saxo
1623 3071 1676 3123 in
1721 3073 1823 3138 [lu-

237 3141 755 3214 tlten.prwclpilalus,
775 3151 907 3205 etc.,
939 3141 1080 3214 quod
1112 3141 1212 3214 alii
1224 3141 1393 3214 etiam
1418 3151 1822 3214 expresserunt.

241 3210 604 3269 Fortasseoliic
631 3227 785 3267 error
812 3228 876 3266 ex
907 3211 1084 3264 verbis
1107 3210 1166 3265 S.
1199 3211 1509 3281 llieronytni
1537 3221 1694 3264 natus
1717 3223 1822 3278 est,

237 3287 318 3351 qui
347 3285 653 3339 manualem
678 3282 876 3337 molam
904 3281 970 3336 ad
997 3281 1192 3335 collum
1221 3281 1437 3348 ligatam
1462 3282 1668 3336 scribit.
1692 3281 1822 3335 Nam

237 3359 297 3408 ad
325 3371 547 3410 manum
597 3355 781 3407 molari
832 3368 959 3406 saxo
1010 3351 1205 3406 factum
1239 3353 1450 3406 Videtur
1491 3367 1558 3407 ex
1598 3354 1826 3406 mannuli

239 3431 390 3491 mola,
417 3426 559 3488 sive,
583 3436 640 3479 ut
667 3425 757 3477 alii
787 3425 1096 3489 loquuntur.
1124 3423 1414 3476 manuario.

299 3499 390 3553 76.
417 3496 576 3554 Man.
600 3510 754 3556 cum;
783 3510 967 3562 supra,
990 3495 1123 3564 jam.

298 3569 387 3621 77.
415 3572 620 3638 ()rxonq
642 3569 756 3638 jam
793 3565 875 3638 vis
889 3580 991 3638 pro
1021 3573 1075 3638 et_
1089 3564 1186 3638 vis.

298 3640 387 3730 L18.
430 3637 549 3730 Vat.
579 3633 1374 3730 Αὔξει...ξπᾟξὶιιξῑένλεοθ,
1419 3633 1657 3730 illicita,
1680 3633 1820 3730 Gisg,
1850 3665 1897 3730 ο

236 3709 372 3762 hebet
403 3718 606 3776 stupor.
641 3707 838 3773 Scripti
873 3717 1062 3776 omnes
1096 3705 1389 3776 lleinsiani,
1421 3705 1584 3776 etalii
1627 3705 1816 3776 nostri,

236 3780 400 3833 habet.
445 3774 664 3832 Tcolius
713 3777 887 3831 solum
928 3775 1060 3829 vidit
1107 3791 1268 3828 unum
1315 3774 1434 3828 Vat.
1467 3775 1558 3828 ubi
1589 3789 1671 3829 est
1703 3774 1817 3840 Qua

232 3853 436 3916 gentilis
466 3848 607 3901 hebet
629 3859 827 3917 stupor,
865 3846 1008 3916 quod
1051 3845 1180 3917 fecit
1223 3859 1380 3899 suum
1423 3845 1703 3917 Weitzius.
1761 3844 1816 3917 In

237 3919 350 3976 Vat.
377 3921 426 3986 ρ
459 3929 541 3974 est
565 3915 735 3983 habet,
765 3929 820 3972 et
849 3915 1007 3983 supra
1034 3916 1213 3987 glossa
1241 3917 1295 3968 id
1322 3924 1415 3980 est,
1444 3915 1611 3969 debet.
1646 3916 1818 3970 IaOﬂIS

233 3992 405 4060 glossa
442 3991 575 4043 facta
603 4001 689 4042 est
718 4004 831 4060 prof
843 3987 1007 4060 hebet.

294 4062 383 4115 8|.
414 4060 657 4113 Amnicus
687 4057 786 4112 vox
814 4059 992 4121 Plinii,
1026 4057 1238 4126 AptIIeii
1269 4066 1324 4110 et
1349 4057 1598 4112 aliorum.

295 4131 388 4187 85.
414 4132 698 4184 Terentius
719 4169 732 4194 ,
779 4130 1000 4184 Plautus
1025 4169 1040 4194 ,
1088 4128 1306 4183 Persius
1345 4139 1399 4184 et
1437 4128 1527 4182 alii
1560 4136 1818 4198 usurpant

229 4209 348 4256 cedo
377 4217 479 4272 pro
503 4201 592 4272 da.
705 4249 748 4272 Α,
793 4203 800 4211 ’

296 4267 396 4328 84.
414 4271 592 4337 Aliqui
617 4270 777 4324 codd.
807 4270 937 4322 nihil
959 4283 1055 4338 pro
1076 4269 1152 4322 nil
1181 4269 1441 4324 scribunt.
1455 4267 1578 4324 Vat.
1604 4267 1816 4339 P,quod

230 4343 302 4396 nil
328 4353 438 4406 est;
458 4342 578 4395 Vat.
595 4341 660 4408 Q,
677 4357 778 4409 quo
794 4341 869 4394 nil
894 4341 1165 4411 pretiosius
1179 4355 1199 4391 :
1222 4349 1507 4411 utrumque
1532 4340 1810 4411 mendose.

228 4412 351 4467 Post
377 4411 719 4484 hy'tttonnt_S.
743 4409 954 4484 Quirini
985 4412 1038 4463 in
1060 4411 1239 4484 Al_ex.,
1269 4409 1387 4484 Vat.
1423 4411 1463 4462 B
1489 4418 1544 4484 e_t
1571 4409 1702 4484 Mar.
1728 4426 1814 4484 se-

226 4488 406 4554 quitur
417 4478 611 4554 'passio
623 4481 887 4554 Cassiani,
905 4491 967 4554 et_
979 4491 1096 4554 post
1123 4479 1258 4554 hanc
1272 4478 1351 4554 De
1371 4481 1483 4554 loco
1497 4479 1812 4554 Baptisterii.

292 4557 344 4609 1.
368 4553 605 4620 Ascripsi
631 4551 838 4605 titulum
861 4567 925 4604 ex
951 4549 1080 4603 Mar.
1101 4561 1156 4604 et
1175 4552 1293 4604 ttat.
1313 4549 1389 4602 lta
1416 4552 1574 4604 etiam
1594 4551 1712 4603 Vat.
1739 4555 1808 4614 A,

224 4625 316 4680 sed
348 4635 470 4692 post
495 4634 568 4677 est
594 4622 743 4676 addit
763 4620 1080 4691 Calagorraz.
1107 4621 1292 4685 Aldus,
1321 4622 1485 4692 Locus
1515 4621 1599 4672 ubi
1619 4629 1813 4692 marty-

224 4710 300 4748 res
317 4690 453 4763 passi
463 4703 604 4756 sunt,
617 4693 756 4762 quod
775 4690 908 4745 nunc
926 4692 1278 4760 baptisterium
1295 4690 1610 4759 appellatur.
1625 4690 1783 4745 Alex.
1796 4731 1812 4754 ,

225 4763 414 4832 Incipit
462 4771 526 4817 de
575 4764 720 4828 loco,
753 4773 806 4816 et
835 4763 970 4828 alia,
1019 4771 1077 4814 ut
1105 4762 1156 4814 in
1190 4762 1324 4832 Mar.
1369 4761 1620 4832 Heinsius
1647 4761 1811 4832 etiam

223 4802 1156 4901 ‘bla'i'ielt’o:sex-postve;
1179 4802 1812 4901 jitugil'Calaggugiex.

223 4906 442 4959 tlsnnio.
466 4905 619 4970 Egm.
642 4899 790 4958 addit
807 4899 1107 4974 Calagorra,
1129 4899 1361 4974 Hailsltr.
1379 4899 1690 4972 Calagurra.
1705 4900 1810 4954 Fa-

225 4975 438 5040 bricius,
470 4975 706 5044 Hymnus
722 4973 1048 5045 imperfeCtus
1066 4973 1128 5026 de
1143 4974 1255 5045 loco
1276 4973 1502 5045 duorum
1518 4981 1804 5045 martyrum

1937 2366 2232 2422 Processus
2279 2374 2334 2420 ct
2375 2364 2721 2420 Martinianns
2765 2366 2928 2422 occisi
2978 2377 3123 2422 sunt.
3175 2372 3436 2428 Praeterea
3471 2379 3522 2432 in

1939 2438 2038 2492 hoc
2064 2439 2305 2492 carmine
2333 2451 2515 2508 sermo
2545 2445 2626 2489 est
2651 2439 2718 2508 de
2763 2438 3078 2506 baptisterio
3105 2443 3246 2508 quod
3273 2446 3524 2503 omnibus

1935 2517 2082 2563 esset
2127 2517 2369 2574 apertum
2403 2507 2528 2559 dum
2559 2507 2829 2562 scribebat
2866 2507 3203 2566 Prudentius.
3242 2516 3308 2568 At
3337 2515 3523 2571 lloma:

1936 2577 2308 2644 baptisterium
2340 2576 2612 2644 publicum
2658 2586 2776 2631 erat
2820 2580 2886 2633 ad
2938 2578 2994 2634 S.
3037 2579 3260 2636 Joannis
3290 2585 3340 2637 in
3370 2585 3526 2640 Late-

1934 2663 2087 2714 rano,
2122 2647 2173 2700 in
2201 2660 2421 2702 carcere
2447 2647 2761 2701 Mamertino
2788 2648 2948 2702 fuisse
2976 2665 3080 2704 non
3108 2661 3338 2707 constat.
3370 2655 3521 2712 Ἠοί-

1935 2720 2071 2772 tzius
2117 2715 2398 2783 ignorabat
2426 2731 2582 2785 quam
2617 2717 2770 2782 longe
2801 2734 2826 2768 a
2863 2721 3114 2773 VatiCanO
3135 2725 3377 2776 custodia
3412 2727 3525 2780 Ma-

1933 2789 2164 2842 mertina
2195 2788 2392 2852 distet,
2425 2803 2546 2842 cum
2575 2786 2806 2842 afﬁrmet
2835 2787 3201 2857 baptisterium
3231 2793 3334 2848 hoc
3361 2797 3522 2853 luisse

1936 2863 2110 2912 locum
2148 2858 2330 2912 Romae
2360 2857 2412 2912 in
2445 2857 2699 2912 Vaticano
2731 2875 2895 2928 prope
2924 2862 3220 2915 cusmdiam
3252 2864 3522 2921 Mattterti-

1933 2929 2346 2984 nam.Fortasse
2376 2929 2544 3000 voluit
2563 2929 2808 3000 scribere
2837 2932 2889 2983 in
2920 2929 3193 3000 Capitolio.
3217 2934 3519 2993 Cancellie-

1933 3000 2043 3053 rius
2074 3002 2124 3053 in
2151 2998 2529 3054 dissertatione
2561 2999 2737 3052 Italica
2768 2999 2836 3055 de
2865 3001 2965 3056 hoc
2985 2998 3235 3068 carcere,
3253 3005 3362 3069 iam
3393 3020 3520 3063 ante

1931 3085 1962 3124 a
1985 3085 2077 3144 me
2105 3072 2476 3144 lattdata,cap.
2503 3070 2568 3123 l7
2594 3081 2820 3144 tesmtur
2847 3086 2906 3126 se
2932 3073 3162 3127 carceris
3193 3074 3516 3144 Mamertini,

1929 3141 1996 3195 ad
2027 3143 2270 3195 ecclesiae
2301 3157 2453 3194 usum
2486 3141 2784 3195 t'onsecrati
2810 3183 2826 3206 ,
2878 3143 3201 3198 mentionem
3236 3161 3338 3200 non
3367 3141 3519 3201 inve;

1932 3212 2078 3266 nisse
2107 3212 2464 3284 antiquiorem
2496 3226 2559 3284 ea
2588 3227 2706 3284 qtae
2738 3212 2794 3284 lit
2823 3227 2851 3267 a
2883 3214 3124 3278 Maphazo
3160 3214 3326 3284 chio
3356 3218 3406 3271 in
3433 3219 3518 3272 hi-

1930 3284 2094 3336 storia
2125 3283 2356 3351 antiquae
2387 3282 2618 3336 basilicae
2656 3283 2920 3352 \‘aticanze
2961 3284 3199 3352 Eugenio
3229 3282 3293 3339 IV
3321 3288 3519 3352 dicata,

1929 3353 2021 3407 ubi
2053 3354 2126 3406 ait
2152 3371 2164 3404 :
2191 3351 2237 3405 E
2261 3355 2469 3421 regione
2503 3352 2737 3406 (edicqu
2767 3351 2830 3406 Β.
2864 3352 3005 3409 Petri
3034 3351 3086 3407 in
3114 3359 3402 3412 carceribus
3428 3351 3518 3413 sub

1928 3440 2048 3478 arce
2074 3423 2336 3492 Capitolii.
2354 3422 2622 3478 C.Riscus
2649 3424 2880 3477 al'lirmat
2903 3426 3103 3479 nullum
3135 3428 3409 3482 dubitandi
3442 3432 3518 3484 lo-

1927 3508 2050 3565 cum
2078 3494 2187 3562 jam
2210 3494 2483 3565 esse_quin
2510 3493 2580 3565 de
2603 3493 2883 3565 Calagurri
2912 3495 2983 3549 sit
3011 3510 3210 3560 sermo,
3236 3510 3514 3565 postquam

1931 3563 2181 3636 Heinsius
2228 3562 2874 3636 exOxon._CaIagnrrint
2923 3569 2974 3618 in
3030 3566 3278 3620 lemmate
3308 3562 3513 3636 posuit;

1928 3635 2170 3708 adeoque
2219 3635 2500 3708 opinatur_
2523 3634 2624 3708 hos
2669 3649 2856 3708 versus
2885 3638 3064 3689 statim
3108 3647 3229 3704 past
3258 3634 3513 3708 hymnum

1929 3705 2026 3758 SS.
2060 3704 2348 3758 Hemeterii
2379 3712 2433 3756 et
2463 3703 2739 3758 Celedonii
2772 3721 2894 3759 esse
2921 3703 3512 3774 reponettdos.'Vertttn

1920 3776 2026 3843 jam
2045 3783 2168 3829 ante
2184 3773 2454 3829 Heinsiutn
2474 3774 2706 3827 similem
2727 3776 2935 3830 titulum
2959 3773 3010 3829 in
3033 3777 3182 3843 Egm.
3203 3788 3256 3831 et
3272 3779 3510 3834 Ilailsbr.

1926 3845 2184 3918 Weitzi‘us
2239 3855 2547 3918 notaverat;
2591 3859 2766 3918 neque
2814 3846 2962 3918 satis,
2993 3848 3201 3899 lirmum
3247 3860 3330 3902 est
3368 3851 3513 3918 quod

1921 3932 1987 3971 ex
2036 3915 2340 3984 huiusmodi
2387 3915 2828 3982 inscriptionibus
2859 3917 3057 3982 petitur
3099 3915 3511 3984 argumentum,

1921 3987 2217 4055 praesertim
2245 3985 2332 4041 ubi
2363 3986 2571 4040 variant
2595 3987 2807 4040 codices
2835 3999 3066 4040 veteres.
3114 3986 3228 4040 Non
3257 3992 3400 4041 enim
3435 3990 3505 4043 li-

1918 4065 2049 4124 quet
2077 4072 2198 4126 quae
2227 4067 2282 4112 et
2309 4058 2487 4126 qualia
2515 4057 2764 4112 lemmata
2810 4056 3128 4112 Prudentius
3171 4058 3507 4124 ascripserit.

1920 4128 2070 4182 Adde
2101 4130 2154 4180 in
2182 4127 2328 4181 nullo
2357 4127 2542 4183 codice
2571 4126 2669 4181 hos
2701 4143 2885 4181 versus
2914 4137 3049 4182 cum‘
3070 4127 3268 4196 hymno
3287 4126 3384 4183 SS.
3409 4129 3508 4183 lle-

1921 4198 2130 4253 tneterii
2179 4208 2234 4252 et
2273 4197 2552 4253 Celedonii
2599 4197 2872 4266 conjungi.
2918 4197 3295 4264 Baptisterium
3344 4199 3508 4268 igitur

1917 4269 2061 4336 quod
2091 4269 2274 4325 laudat
2297 4270 2637 4333 Prudentius,
2656 4270 2932 4324 exstitisse
2953 4267 3229 4336 Calagurri
3261 4267 3505 4324 veterum

1917 4340 2162 4394 codicum
2194 4341 2572 4409 inscriptiones
2601 4339 2851 4403 suadent,
2884 4340 2978 4394 sed
3011 4353 3117 4393 non
3150 4342 3518 4406 persuadent,

1916 4411 2182 4478 siquidem
2217 4427 2322 4465 non
2348 4411 2416 4464 ab
2445 4409 2680 4464 auctoris
2707 4424 2886 4472 manu,
2921 4409 3016 4464 sed
3047 4424 3110 4463 ex
3138 4411 3362 4464 alterius
3389 4413 3508 4479 opi-

1919 4481 2099 4545 nione,
2129 4481 2219 4548 qui
2254 4484 2322 4534 ita
2351 4481 2760 4546 existimaverit,
2778 4480 3045 4550 Avidcntur
3072 4494 3193 4535 esse
3219 4483 3502 4550 appositae.

1916 4550 2103 4620 Neque
2133 4551 2466 4613 exitloratum
2492 4552 2664 4604 habeo
2685 4548 3042 4618 anCalagurri
3065 4565 3130 4602 eo
3153 4548 3269 4618 ipso
3300 4553 3352 4606 itt
3386 4553 3506 4606 loco

1916 4623 2006 4676 ubi
2035 4623 2131 4677 55.
2165 4621 2506 4692 liemeterius
2536 4631 2590 4675 et
2633 4621 3126 4692 Celedoniusipassi
3159 4631 3303 4684 Sunt,
3331 4622 3506 4692 bapti-

1917 4693 2138 4746 sterium
2166 4691 2323 4745 fuerit
2353 4701 2612 4747 erectum.
2641 4691 2822 4761 Itaque
2851 4691 2976 4746 illud
3010 4701 3216 4746 tantum
3247 4693 3502 4746 aflirtnari

1916 4773 2094 4825 potest
2136 4763 2235 4815 hos
2261 4778 2448 4816 versus
2479 4763 2648 4815 factos
2675 4761 2726 4814 in
2761 4761 2972 4817 laudem
3005 4762 3305 4830 baptisterii
3331 4761 3506 4816 alicu-

1910 4833 2002 4902 jus
2044 4835 2158 4887 sive
2187 4834 2371 4886 llontaa
2393 4871 2408 4896 ,
2455 4833 2570 4885 sive
2596 4831 2871 4900 Calagurri
2899 4872 2914 4895 ,
2952 4833 3071 4886 sive
3099 4831 3286 4902 quovis
3315 4831 3424 4884 alio
3449 4833 3504 4886 in

1915 4900 2114 4971 oppido
2135 4904 2300 4974 erecti
2329 4902 2417 4956 ubi
2437 4902 2580 4974 prius
2602 4905 2708 4954 duo
2731 4911 2993 4974 martyres
3015 4917 3111 4970 pro
3122 4900 3339 4974 Christo
3361 4902 3505 4974 passi

1917 4975 2144 5028 fuerant.
2177 4972 2496 5039 Ilujusmodi
2535 4971 2920 5040 epigrammata
2964 4974 3028 5026 ad
3059 4972 3295 5027 ornanda
3323 4971 3504 5035 bapti-

221 5047 303 5098 ubi
327 5062 456 5100 nunc
487 5041 838 5112 baptisterium
869 5057 963 5097 est.
985 5044 1105 5095 .tlih't
1135 5041 1425 5112 perfectum
1457 5041 1672 5097 videtur
1701 5045 1804 5097 hoc
1830 5041 1883 5102 D
1908 5045 2072 5098 steria
2101 5043 2213 5098 fieri
2245 5043 2514 5096 solebant.
2547 5044 2698 5109 Apud
2732 5045 3035 5099 Ennodium
3082 5043 3172 5095 lib.
3209 5057 3242 5094 ιι
3269 5084 3282 5106 ,
3325 5041 3500 5109 epigr.

225 5117 528 5182 poemation
555 5111 569 5167 ὲ
596 5126 718 5168 sunt
761 5114 901 5168 enim
933 5128 1119 5168 versus
1140 5111 1281 5166 lacti
1323 5121 1378 5165 ιιι
1409 5111 1462 5167 in
1494 5113 1676 5180 aliquo
1707 5114 1798 5167 ba-

224 5188 463 5249 ptisteria
492 5186 862 5253 adigerentur,
902 5193 958 5237 ut
990 5198 1089 5252 ego
1116 5183 1332 5252 quidem
1368 5193 1515 5248 puto,
1545 5195 1599 5236 et
1628 5185 1798 5238 innuit

222 5255 491 5325 inscriptio
511 5255 568 5309 in
596 5255 784 5325 codice
813 5253 1120 5309 Florentino
1146 5254 1216 5308 de
1236 5267 1342 5325 quo
1368 5254 1475 5306 dixi
1498 5254 1795 5325 prolegOm.

222 5339 366 5382 num.
383 5323 519 5382 85et
541 5341 720 5393 seqq.,
745 5324 934 5377 Versus
956 5326 1009 5376 in
1033 5326 1236 5377 laudem
1264 5323 1548 5391 baptisterii
1579 5323 1800 5378 duorum

223 5407 499 5466 martyrum
521 5398 771 5466 sanguine
806 5395 1071 5458 illustrati,
1105 5394 1210 5466 vel,
1254 5403 1310 5447 ιιι
1338 5394 1528 5463 legitur
1556 5396 1606 5448 in
1641 5393 1796 5459 Urb.,

222 5465 450 5521 illustris.
494 5467 773 5535 Quodnam
816 5466 976 5535 luerit
1005 5468 1105 5518 hoc
1149 5465 1521 5535 baptisterium
1553 5475 1799 5534 quaerunt

221 5534 554 5602 interpretes.
567 5535 857 5598 Giselinus,
880 5534 1161 5600 Weitzius,
1191 5534 1579 5590 Chamillardus
1611 5546 1795 5602 putant

221 5620 338 5661 esse
362 5605 730 5676 baptisterium
764 5607 816 5658 in
843 5619 1062 5661 carcere
1091 5605 1405 5660 Mamertino
1431 5605 1522 5658 ubi
1553 5605 1652 5662 SS.
1670 5606 1794 5660 Pro-

220 5691 400 5732 cessus
427 5689 481 5731 et
515 5677 860 5730 Martinianus
897 5676 1147 5744 baptizati
1190 5685 1334 5730 sunt.
1386 5676 1577 5730 Parum
1611 5685 1789 5731 tanmn

221 5748 276 5798 id
305 5749 572 5814 probabile
597 5749 804 5802 videtur
838 5763 852 5799 :
876 5761 998 5800 nam
1033 5747 1354 5802 Prudentius
1382 5747 1583 5800 diserte
1623 5747 1697 5799 ait
1725 5761 1790 5800 eo

215 5815 332 5887 ipso
376 5820 425 5872 in
453 5819 576 5873 loco
613 5818 750 5871 duos
783 5819 1091 5887 martyrium
1132 5817 1317 5871 tulisse
1342 5855 1357 5880 ,
1393 5826 1448 5871 et
1481 5817 1535 5870 in
1566 5831 1788 5886 carcere

224 5885 527 5945 )larncrtino
571 5904 744 5958 nequc
791 5885 1014 5957 apostoli
1046 5887 1236 5944 Petrus
1262 5897 1316 5944 et
1345 5887 1540 5944 Paulus
1565 5928 1581 5954 ,
1604 5885 1788 5957 neque

1906 5114 2000 5179 9.0,
2031 5112 2097 5168 In
2140 5113 2436 5181 baptisteria
2458 5114 2656 5183 Agella,
2683 5115 2766 5166 ubi
2804 5115 2926 5184 picti
2958 5122 3078 5166 sunt
3109 5123 3349 5184 martyres
3373 5125 3502 5184 qua-

1905 5201 2024 5237 rum
2052 5179 2283 5254 reliquia:
2311 5179 2533 5238 mnditia
2556 5193 2693 5237 sunt.
2725 5184 2783 5238 S.
2804 5179 3065 5238 Paulinus
3093 5183 3248 5248 epist.
3278 5179 3344 5230 I2
3372 5180 3501 5254 mit:

1909 5259 1972 5324 tit
1991 5255 2057 5309 ad
2085 5250 2343 5310 Severum
2373 5256 2472 5308 tria
2497 5257 2888 5324 epigrammata
2910 5268 3028 5324 qua:
3059 5258 3275 5324 possent
3299 5250 3500 5324 apponi

1908 5323 2262 5394 baptisteria,
2310 5340 2339 5378 a
2369 5321 2829 5381 Severo-duabus
2878 5322 3110 5394 basilicis
3147 5321 3496 5394 interposito,

1908 5389 2016 5469 duo
2043 5389 2253 5469 scilicet
2277 5395 2346 5450 de
2379 5393 2940 5469 picturisbaptisterii,
2961 5400 3017 5469 et
3038 5389 3256 5469 tertium
3287 5393 3354 5444 de
3371 5391 3499 5469 ipso

1910 5466 2250 5534 baptisteria,
2281 5460 2428 5534 quod
2458 5482 2579 5521 cum
2613 5460 2713 5518 hoc
2745 5471 2929 5534 nostro
2958 5460 3231 5534 Prudentii
3263 5463 3498 5534 conferri

1905 5531 2120 5606 potest:
2154 5547 2238 5592 est
2265 5531 2409 5590 enim
2447 5535 2796 5606 simillimum.
2841 5531 2974 5606 lant
3004 5531 3058 5585 in
3089 5531 3114 5583 l
3139 5544 3304 5606 versu
3339 5532 3496 5606 ligni.

1901 5599 1956 5661 et
1988 5607 2180 5670 Palat.,
2219 5607 2334 5661 Vat.
2363 5607 2424 5672 P,
2461 5604 2683 5666 Weitz.,
2729 5603 2894 5672 locus
2923 5602 3045 5672 hic,
3095 5599 3203 5655 ubi.
3239 5599 3500 5658 Weitiius

1901 5677 2078 5732 nullas
2125 5679 2334 5747 glossas
2361 5693 2392 5730 θ
2412 5670 2528 5747 suis
2557 5671 2834 5747 codicibus
2884 5670 3009 5747 huic
3036 5671 3238 5740 hymno
3278 5672 3492 5747 adjecit.

1902 5747 2106 5802 Desunt
2129 5741 2292 5802 ctiam
2324 5747 2376 5799 in
2418 5743 2572 5813 Vatt.
2593 5741 2866 5813 plerisque
2893 5744 3088 5813 glosste
3117 5741 3355 5798 veteres.
3382 5744 3489 5797 Ma-

1899 5819 2092 5871 riettus
2116 5833 2148 5870 e
2174 5831 2272 5870 suo
2297 5814 2484 5870 codice
2513 5811 2789 5870 adnotavit
2809 5814 2880 5871 ad
2902 5811 3046 5872 vers.
3077 5814 3135 5882 2,
3169 5818 3408 5884 provehat
3427 5840 3498 5858 ~-

1896 5889 1949 5942 itl
1974 5897 2068 5953 est,
2099 5887 2348 5941 Christus.
