3994 6176
1386 273 1950 330 PERISTEPHANON
1991 274 2196 330 llY\IN.
2241 277 2330 332 ΙΧ.

509 388 709 460 1051
743 385 942 440 Vocant
969 383 1035 436 ab
1063 383 1176 450 ipso
1197 381 1490 436 conditoris
1521 384 1754 436 nomine.
1854 389 1902 444 Α
1936 385 1998 437 10

438 478 524 532 llic
539 479 686 540 mihi,
701 491 822 530 cum
841 484 1075 543 peterem
1095 483 1166 541 te,
1185 488 1360 528 rerum
1385 475 1612 527 maxima
1635 473 1822 540 lloma,

503 570 635 638 Spes
678 578 762 622 est
798 567 1015 634 oborta,
1047 580 1360 634 prosperum
1387 562 1658 618 Christum
1691 565 1823 618 fore.

279 658 308 712 5
433 660 637 715 Stratus
665 659 848 724 humi,
881 657 1082 711 tumulo
1105 656 1456 720 advolvebar,
1489 669 1645 726 quem
1675 671 1826 710 sacer

3395 287 3500 341 158

2178 386 2334 440 Fucis
2361 373 2598 441 colorum
2633 390 2766 457 picta
2801 391 2972 460 imago
3003 394 3270 464 martyris,
3411 404 3416 408 '

2109 477 2298 546 Plagas
2330 479 2472 532 mille
2499 495 2720 547 gerens,
2763 490 2902 538 totos
2932 485 3163 539 lacerata
3199 501 3295 554 per
3332 497 3495 552 artus,

2176 569 2400 636 lluptam
2433 571 2648 624 minutis
2679 573 2966 640 praeferens
2995 577 3202 643 punctis
3230 586 3425 632 cutem.

2104 658 2373 715 lnnumeri
2402 662 2601 716 circum
2633 667 2805 731 pueri,
2837 667 3138 723 miserabile
3167 670 3304 737 visu,

1578 749 1756 819 [ornat

497 841 694 912 Martyr
716 839 891 893 dicato
912 839 1198 893 Cassianus
1222 848 1469 907 corpore.

433 930 557 985 Dum
596 932 899 1002 lacrymans
941 945 1151 985 mecum
1196 941 1384 999 reputo
1420 943 1536 984 mea
1576 930 1819 994 vulnera,

1457 1020 1544 1092 [et
1565 1034 1752 1073 omnes

500 1110 704 1182 1052
745 1111 881 1165 Vitae
918 1110 1152 1178 labores,
1180 1125 1244 1166 ac
1269 1111 1511 1166 dolorum
1551 1111 1818 1173 acumina,

426 1203 581 1258 Erexi
610 1204 676 1258 ad
703 1203 899 1258 caelum
929 1203 1154 1268 faciem;
1201 1204 1349 1258 stetit
1379 1202 1530 1258 obvia
1563 1211 1747 1256 contra

2172 749 2430 804 Confossa
2460 753 2640 820 parvis
2671 755 2907 808 membra
2939 756 3167 825 ﬁgebant
3201 759 3393 828 stylis:

1929 842 1996 894 l3
2101 840 2253 895 Unde
2284 843 2564 912 pugillares
2603 846 2743 899 soliti
2777 828 3084 914 percurrere
3109 864 3282 918 ceras,

2174 931 2430 987 Scholare
2465 949 2705 989 murmur
2733 937 3050 993 adnotantes
3079 939 3419 1009 scripserant.

2102 1020 2353 1078 )Edituus
2396 1027 2674 1080 consultus
2717 1028 3000 1094 aitzQuod
3046 1034 3322 1103 prOSpicis,
3369 1036 3492 1090 hos-

2177 1210 2383 1282 1053
2422 1211 2534 1267 Non
2565 1223 2642 1268 est
2670 1215 2842 1270 inanis
2870 1224 2960 1269 aut
2985 1216 3140 1272 anilis
3169 1124 3388 1274 eum?

1573 1291 1853 1349 CLOSSAS
1894 1296 2231 1357 VETERES.

327 1415 374 1467 4.
404 1414 738 1481 Prosperum,
768 1412 1072 1481 propitium,
1092 1411 1216 1466 Vat.
1246 1412 1311 1464 A.

329 1485 375 1536 7.
407 1480 625 1548 Repeto,
661 1499 752 1548 pro
779 1483 1025 1551 reputavi,
1057 1480 1098 1535 l.

329 1554 404 1607 10.
437 1554 610 1620 Facis,
640 1554 798 1622 nigris
825 1549 1096 1622 coloribus,
1127 1550 1457 1613 aromatibus,
1492 1549 1529 1601 Ι.

328 1625 404 1678 11.
434 1623 618 1689 Stylis,
648 1621 898 1691 graphiis,
928 1621 966 1673 Ι.

1991 1412 2014 1465 1
2023 1415 2076 1491 ξ.
2117 1415 2424 1486 Pugillares,
2457 1419 2671 1491 tabulas.
2707 1451 2774 1462 -—-
2805 1422 3146 1491 Percurrere,
3179 1425 3418 1490 scribere,
3449 1426 3487 1480 Ι.

1930 1513 1991 1523 —
2017 1485 2397 1552 Gramen-eas
2426 1489 2642 1554 tabulas,
2675 1491 2792 1544 Vat.
2825 1496 2888 1546 A.
3135 1485 3144 1491 ’
3260 1515 3272 1534 ι

1994 1557 2080 1608 17.
2113 1557 2418 1624 Consulttts,
2450 1561 2802 1630 interrogatus,
2837 1563 2875 1615 l.

1575 1708 2134 1768 COMMENTARIUS.

267 1826 515 1904 nn’lisqne
535 1827 768 1904 antiqan
788 1823 1146 1904 monumentis
1168 1823 1811 1904 confirmatamﬂassiani
1845 1823 1892 1883 B
1918 1823 2342 1904 carminibuss.
2383 1826 2586 1904 Paulini
2633 1829 2807 1904 Vitam
2855 1828 3148 1904 S_._Felicls
3191 1833 3487 1904 presbyteri

266 1893 458 1959 ratritm
487 1893 884 1950 fuisse'Fornm
915 1894 1144 1949 Cornelii
1178 1896 1406 1948 inuuunt
1435 1893 1702 1947 nonnulla:
1734 1894 1814 1946 in-

264 1966 561 2031 scriptiones
599 1965 812 2035 hymni;
852 1967 945 2020 sed
973 1963 1290 2035 Prudentus
1330 1964 1546 2035 minime
1588 1963 1637 2018 id
1668 1963 1813 2016 affir-

265 2045 436 2098 mat,el
461 2033 863 2104 inscriptiones,
879 2044 1070 2104 utpote
1086 2034 1154 2088 ab
1179 2035 1298 2088 aliis
1324 2033 1538 2104 addite,
1553 2035 1808 2104 exiguum

262 2104 430 2157 habent
460 2102 716 2160 robur'ad
746 2103 1192 2172 persuadendum,
1225 2112 1283 2157 ιιι
1307 2103 1415 2156 dixi
1447 2103 1512 2158 ad
1550 2102 1808 2173 hymnttm

263 2173 345 2228 SS.
379 2176 586 2230 Hcmet.
620 2183 674 2227 et
699 2175 882 2228 Celetl.
914 2175 987 2227 De
1015 2175 1115 2226 hoc
1139 2182 1375 2239 martyre
1400 2173 1499 2227 alia
1530 2185 1670 2227 certa
1703 2189 1806 2226 non

262 2253 368 2314 sunt
394 2255 587 2310 prater
625 2244 676 2298 id
709 2243 1037 2314 quodlradit
1065 2243 1386 2298 Prudentius
1409 2285 1424 2308 ,
1471 2258 1537 2297 ex
1580 2257 1686 2312 quo
1713 2244 1806 2297 alii

259 2313 368 2366 Acti
394 2316 803 2370 cnncinnarunt.
848 2313 1010 2367 Dubia
1042 2321 1204 2378 sunt,
1237 2323 1291 2368 et
1314 2353 1330 2378 ,
1376 2322 1433 2366 ut
1469 2327 1569 2382 ego
1595 2314 1805 2379 opinor,

261 2383 370 2436 fal~a
395 2383 487 2437 alia
529 2390 678 2442 Acta.
706 2386 757 2438 in
786 2385 979 2453 quibus
1006 2383 1290 2437 Cassianus
1319 2383 1599 2450 episcopus
1632 2382 1813 2436 Brixi-

260 2456 416 2507 ncnsis
443 2455 644 2509 dicitur
675 2469 702 2506 a
734 2469 833 2522 qua
864 2453 1080 2508 dioecesi
1110 2457 1292 2521 pulsus
1333 2453 1548 2507 Intolam
1577 2453 1808 2506 advene-

258 2524 632 2579 rit.’Antonium
658 2523 1109 2590 Roschmannum,
1126 2524 1216 2592 qui
1243 2525 1603 2591 episcopatum
1635 2522 1805 2576 Briti-

257 2607 451 2648 nensetn
480 2637 494 2657 ,
575 2610 668 2650 seu
720 2593 1098 2648 Subionensetn
1151 2593 1210 2648 8.
1269 2592 1509 2648 Cassiani
1560 2605 1805 2646 asserere

255 2674 452 2719 conatus
502 2676 592 2718 est
618 2706 633 2728 ,
684 2665 1035 2733 Ilieronymus
1065 2662 1402 2717 Tartarottus
1428 2661 1722 2716 confutavit
1751 2663 1801 2716 in

255 2733 390 2796 t‘pid.
436 2735 498 2787 ad
561 2735 803 2788 eumdem
825 2773 842 2798 ,
869 2733 1010 2788 edita
1045 2733 1281 2787 Venetiis
1309 2733 1464 2788 1750.
1507 2734 1712 2800 Corpus
1742 2733 1800 2788 S.

256 2801 464 2857 Cassiani
522 2805 706 2874 rlmolat
735 2805 753 2874 (
777 2805 854 2858 sic
881 2804 1021 2857 enim
1054 2819 1193 2858 nunc
1219 2803 1414 2874 Forum
1443 2801 1677 2874 Cornelii
1709 2817 1804 2870 ap-

257 2875 488 2940 pellamus
515 2873 542 2944 )
571 2875 671 2928 sub
695 2872 784 2927 ara
830 2874 1066 2942 principe
1099 2873 1339 2927 ecclesiae
1360 2872 1690 2944 icatltedralis
1719 2888 1803 2925 as-

255 2942 727 2998 servaturJVideri
779 2951 1002 3011 possunt
1049 2943 1372 2997 liollandiani
1435 2943 1499 2996 ad
1548 2942 1687 2995 diem
1734 2944 1802 2996 13

253 3013 467 3084 Augusti.
526 3014 602 3069 De
631 3014 847 3082 legenda
895 3014 1050 3084 hujus
1077 3014 1347 3084 martyris,
1375 3027 1494 3082 quae
1520 3012 1573 3066 in
1602 3011 1802 3084 codice

256 3081 355 3151 Vat.
387 3100 415 3136 x
454 3093 639 3138 exsmt
661 3081 813 3144 [dixi
857 3081 976 3149 cap.
1007 3083 1040 3135 4
1068 3081 1390 3151 prologum”
1423 3099 1568 3137 num.
1600 3082 1688 3136 79.
1717 3083 1797 3136 Ad

254 3150 388 3241 ltpjus
434 3156 628 3241 hymni.
671 3150 1098 3241 explana-tipnetn
1141 3153 1722 3241 {tetigerunt‘epistolan
1741 3154 1796 3241 8.,
1827 3176 1872 3241 ρ

254 3220 330 3276 lib.
361 3239 406 3284 v,
436 3220 653 3287 Bembi,
685 3220 990 3291 et'cpistola
1023 3224 1183 3292 Lipsii
1215 3223 1304 3286 32,
1331 3231 1474 3276 cent.
1513 3225 1558 3286 l,
1590 3223 1656 3275 ad
1685 3223 1802 3276 Bel-

252 3307 346 3353 gas.
382 3294 619 3355 Uterque
646 3305 814 3348 artem
841 3301 1072 3347 veterem
1115 3294 1441 3348 n0tariorttm
1474 3293 1680 3346 restitui
1711 3294 1803 3345 de-

251 3362 461 3417 siderant
484 3405 498 3426 ,
543 3365 770 3420 Bembus
799 3365 956 3418 etiam
986 3364 1176 3417 librum
1206 3363 1480 3431 antiquum
1523 3363 1710 3432 llygini
1735 3363 1803 3416 de
1835 3391 1840 3397 -

253 3432 491 3489 sideribus
548 3435 630 3488 his
675 3434 814 3488 notis
857 3434 1112 3499 scriptum
1153 3434 1304 3487 vidit.
1340 3433 1532 3487 Joann.
1563 3433 1802 3487 Clericus

252 3502 307 3575 de
329 3506 481 3575 Stylis
514 3514 756 3559 \eterurn
777 3545 791 3567 ,
821 3505 1088 3575 variisque
1132 3507 1440 3575 chartarum
1481 3502 1798 3575 generibus,

252 3569 575 3628 llernianntts
613 3575 762 3640 llugo
803 3573 872 3628 de
911 3569 1127 3640 Origine
1177 3569 1802 3640 scribendifpluresque

252 3641 325 3694 alii
355 3648 513 3698 multa
546 3645 611 3698 ad
646 3648 784 3699 hunc
813 3645 1066 3714 hymnum
1097 3643 1388 3714 spectantia
1419 3651 1710 3714 exponunt.
1739 3643 1799 3714 plu

251 3715 471 3783 catalogo
526 3716 770 3770 codicum
799 3711 926 3768 mss.
979 3714 1315 3768 htbliothecie
1348 3713 1630 3766 Bernensis
1660 3711 1699 3764 ι.
1731 3713 1795 3772 lt,

251 3781 427 3853 ﬁinner
464 3785 718 3839 meminit
761 3785 961 3838 codicis
994 3783 1334 3853 Bongarsiani
1363 3825 1376 3850 ,
1419 3797 1526 3850 quo
1555 3797 1684 3853 usus
1719 3797 1801 3838 est

251 3848 502 3923 Weitzius,
532 3855 597 3907 de
628 3880 636 3897 ο
665 3871 733 3909 uo
753 3857 873 3908 vide
904 3848 1285 3923 prolegfnum.‘
1301 3848 1371 3908 99
1396 3848 1450 3905 et
1476 3860 1585 3904 not.
1612 3852 1645 3923 _lt
1676 3854 1796 3914 (σοι.

254 3921 342 3993 βξδϐ
358 3933 457 3978 not.
475 3924 556 3993 ά).
590 3925 848 3980 Sinnerus
871 3921 990 3978 eum
1012 3921 1248 3978 codicem
1273 3923 1572 3993 distinctius
1593 3921 1798 3976 descri-

249 3988 331 4053 bit,
361 4002 412 4047 ct
438 3996 488 4048 in
520 3988 839 4059 "praefatione
864 3996 943 4048 sui
972 3995 1194 4052 catalogi
1242 4004 1420 4048 narrat
1451 3992 1516 4045 ad
1546 3991 1681 4062 hunc
1709 3994 1800 4062 hy-

251 4074 411 4133 ntnum
439 4065 678 4118 exhiberi
707 4077 900 4133 pictam
935 4064 1206 4117 historiam
1237 4064 1294 4118 S.
1317 4061 1800 4121 Cassiani.duabus

253 4131 425 4205 tabulis
441 4135 666 4189 carmini
699 4131 972 4202 appositis,
988 4149 1208 4205 quarum
1240 4134 1411 4201 prima
1426 4133 1710 4205 Cassianus
1732 4133 1798 4187 ad

248 4199 489 4272 pulpitum
514 4207 709 4260 sedens
735 4199 926 4272 pueros
954 4199 1108 4259 docet
1134 4221 1146 4255 :
1175 4204 1224 4260 hi
1244 4199 1484 4257 scamnis
1505 4201 1800 4257 insidentes

248 4271 400 4336 Slyltts
425 4290 530 4328 una
558 4290 716 4328 manu
739 4271 759 4338 7,
789 4275 954 4328 altera
999 4275 1162 4329 libros
1188 4281 1426 4341 gestant;
1467 4273 1516 4326 in
1565 4273 1797 4326 secunda

251 4341 408 4415 tabula
438 4347 585 4412 pueri
615 4346 928 4399 Cassianum
957 4347 1108 4415 stylis
1138 4342 1706 4415 conl'odiu_nt.uFornta
1736 4345 1798 4396 li-

248 4406 448 4466 broruin
469 4429 606 4482 quos
629 4417 775 4482 pueri
803 4406 1232 4482 gestant'nostris
1252 4421 1334 4466 est
1353 4412 1543 4465 similis
1567 4429 1581 4465 :
1607 4428 1670 4466 ex
1693 4429 1797 4480 quo

248 4491 405 4555 arguat
449 4485 748 4555 Sinnerus,
779 4486 886 4552 jam
917 4485 1154 4539 Cassiani
1197 4482 1392 4555 Stet‘ulo
1423 4482 1795 4555 huncqmorem

248 4550 294 4599 in
319 4550 484 4607 locum
527 4550 858 4607 voluminum
903 4555 1217 4609 obtinuisse.
1249 4552 1364 4607 Non
1393 4553 1691 4606 assentior:
1721 4555 1799 4617 pi-

246 4626 349 4692 ctor
375 4626 572 4678 saeculo
603 4640 651 4677 tx
676 4664 689 4686 ,
720 4639 828 4692 quo
856 4626 1021 4678 codex
1047 4634 1295 4679 exaratos
1324 4624 1518 4676 dicitur
1538 4662 1553 4686 ,
1586 4623 1664 4676 sui
1696 4639 1795 4676 sa-

248 4690 358 4754 culi,
392 4708 496 4746 non
525 4695 709 4747 saeculi
739 4690 998 4757 Lamiam,
1031 4710 1232 4748 murem
1261 4694 1472 4747 videtur
1502 4692 1792 4746 effinxisse.

249 4757 305 4809 Su
323 4763 438 4816 culo
470 4780 499 4816 ν
532 4764 698 4819 libros
741 4765 939 4818 nostris
984 4763 1188 4818 similes
1234 4763 1463 4834 ccepisse
1509 4762 1687 4817 verior
1713 4771 1798 4818 est

246 4840 414 4884 semen
423 4835 513 4885 tia.

274 4967 283 4974 _
305 4898 354 4950 2.
389 4903 638 4959 lleinsius
658 4919 775 4957 cum
805 4903 1274 4974 Amhr.,_tmcitant,
1299 4901 1438 4970 quod
1464 4901 1659 4974 rectius
1681 4916 1800 4957 esse

244 4971 306 5039 ait
333 4986 486 5039 quam
515 4985 714 5027 vocant.
745 4976 996 5028 Adhaeret
1023 4971 1356 5034 Parrhasius,
1391 4974 1476 5039 qui
1506 4972 1574 5025 ita
1604 4975 1801 5038 pariter

246 5037 388 5105 legit;
434 5051 490 5096 et
522 5045 866 5103 Prudentius,
901 5043 1081 5112 hymn.
1119 5044 1183 5095 l8
1217 5037 1505 5111 martyrum
1526 5081 1541 5105 ,
1573 5037 1714 5112 vers.
1745 5046 1799 5105 5,

243 5114 387 5164 εἰτηηι
412 5112 546 5167 dixit
570 5132 582 5166 :
607 5110 1043 5181 Ctesaraugustum
1067 5114 1340 5164 vocitamus
1361 5110 1554 5165 urbem.
1570 5112 1671 5165 Sed
1694 5110 1801 5166 illic

244 5189 456 5235 tut-trum
487 5184 724 5252 exigebat
753 5192 1047 5245 metamus,
1073 5182 1154 5234 hic
1175 5184 1287 5235 sive
1313 5190 1507 5252 vocant,
1533 5183 1799 5252 siverttaci-

244 5254 338 5298 lunt
363 5249 600 5318 dicatur,
632 5262 842 5305 constat
880 5267 1082 5305 versus.
1116 5251 1424 5304 Gallantlius
1455 5249 1686 5315 prtetnlit
1712 5266 1799 5303 vo-

242 5329 344 5389 ffmt
365 5338 382 5374 :
411 5321 472 5373 Et
495 5335 641 5385 recte,
659 5324 846 5389 inquit,
864 5324 982 5389 quia
1005 5330 1073 5373 est
1093 5337 1262 5374 versus
1282 5321 1510 5373 senarius
1534 5321 1795 5374 iambicus.

241 5384 339 5442 "ac
362 5393 569 5445 ratione
598 5384 700 5444 nun
732 5384 905 5444 minus
936 5401 1079 5444 recte
1122 5391 1327 5443 dicetur
1374 5391 1613 5444 vocitant.
1661 5391 1794 5443 Cum

242 5455 334 5530 huc
363 5459 630 5516 Pruilentii
678 5464 873 5530 hymno
913 5459 1142 5514 conferri
1174 5470 1391 5525 possunt
1433 5472 1608 5512 vetera
1641 5464 1792 5530 Acta,

240 5528 323 5598 sed
352 5545 415 5582 ex
451 5531 553 5585 hoc
575 5528 760 5586 eodem
794 5535 986 5598 hymno
1015 5532 1287 5597 desumpta
1314 5547 1326 5581 :
1353 5529 1418 5583 de
1443 5531 1632 5594 quibus
1659 5529 1794 5582 Beda

240 5595 286 5644 in
326 5601 544 5663 prologo
589 5602 653 5654 ad
697 5595 861 5653 Vitam
911 5602 968 5654 S.
1001 5595 1372 5664 Felicis'apud
1425 5599 1794 5653 Bollandianos

241 5674 360 5720 tum.
397 5671 413 5723 l
444 5671 657 5726 .lanuar.
687 5673 750 5725 ad
779 5673 916 5724 diem
955 5669 1049 5736 11,
1095 5669 1181 5723 ubi
1211 5670 1282 5722 ait
1312 5671 1573 5739 placuisse
1600 5670 1698 5724 sibi
1729 5685 1794 5724 ex

1918 1895 2101 1967 Nolani
2125 1895 2464 1967 concinnare,
2486 1900 2692 1967 ejusque
2714 1900 2904 1951 imitari
2924 1895 3227 1954 industriam
3247 1905 3333 1967 qui
3355 1895 3488 1956 inor.

1915 1966 2105 2031 tyrium
2146 1964 2210 2017 B.
2238 1964 2469 2019 Cassiani
2494 1964 2554 2018 de
2587 1964 2792 2021 metrico
2818 1986 2968 2028 opere
2991 1964 3332 2024 Prudentii'in
3353 1990 3486 2026 rom-

1913 2050 2064 2109 mun_e
2095 2043 2420 2109 apertumque
2454 2038 2683 2109 omnibus
2713 2039 2966 2109 eloquium
2995 2043 3224 2109 protulit.
3259 2041 3486 2096 Exstant

1912 2119 1972 2156 ea
2009 2106 2247 2158 Cassiani
2288 2105 2417 2159 Acta
2463 2107 2600 2169 apud
2634 2105 3016 2161 Mombritium‘.
3071 2109 3198 2165 Fide
3244 2112 3404 2166 etiam
3435 2123 3486 2166 et

1911 2175 2228 2246 auctoritate
2275 2175 2545 2230 Prudentii
2595 2177 2832 2230 nituntur
2875 2186 3134 2246 quotquot
3173 2189 3380 2236 veteres
3418 2181 3485 2234 tlo

1910 2243 2164 2314 Cassiano
2189 2247 2516 2314 scripserunt
2536 2285 2552 2308 ,
2579 2247 2867 2309 Gregorius
2896 2243 3220 2302 Turonensis
3244 2251 3338 2304 lih.
3371 2268 3385 2304 ι
3417 2253 3486 2306 de

1909 2313 2056 2368 Glor.
2091 2323 2246 2368 mart.
2272 2313 2466 2381 ,Ado,
2501 2317 2808 2382 Usuardus,
2837 2316 3134 2385 Notkerus,
3169 2320 3356 2375 Petrus
3387 2322 3485 2374 Da-

1909 2386 2069 2438 ntiani
2099 2395 2154 2438 et
2180 2386 2293 2440 alii.

1977 2454 2031 2507 4.
2066 2455 2178 2510 (iis.
2207 2458 2376 2523 prima
2404 2455 2534 2511 edit.
2559 2497 2574 2522 ,
2603 2457 2897 2528 prapitiunt,
2926 2473 3044 2522 ane
3074 2468 3157 2515 est
3184 2461 3355 2529 glossa
3389 2475 3484 2527 pro

1907 2539 2229 2594 prosperum.

1975 2595 2028 2651 5.
2062 2593 2116 2646 lu
2152 2595 2351 2649 Eulalia
2379 2609 2521 2648 vers.
2553 2597 2606 2658 5,
2641 2595 2850 2650 Ossibus
2880 2607 3045 2650 ornat.

1978 2663 2029 2718 7.
2081 2663 2326 2718 Vulnera.
2367 2665 2626 2718 Cellarius
2650 2676 2702 2720 et
2731 2666 2944 2720 Tvolius
2973 2667 3192 2721 crimina
3219 2709 3232 2730 ,
3261 2677 3477 2734 peccata

1905 2743 2196 2806 exponunt.
2245 2735 2359 2787 Non
2411 2735 2617 2800 abnuo;
2670 2736 2763 2806 sed
2804 2735 3020 2804 intelligi
3070 2737 3228 2790 etiam
3263 2750 3482 2806 possunt

1904 2803 2142 2857 adversm.
2172 2805 2396 2858 fortuna;
2422 2819 2598 2858 rasus.
2643 2805 2772 2858 Vide
2801 2821 2938 2860 vers.
2977 2803 3067 2861 101
3103 2818 3150 2859 et
3183 2803 3332 2873 seqq.

1977 2874 2030 2928 9.
2056 2875 2189 2947 Mar.
2212 2890 2306 2942 pro
2319 2875 2425 2947 div.
2442 2875 2884 2947 st'ript.,obviam.
2911 2876 3097 2930 Retine
3110 2876 3273 2932 Obl'ia.
3290 2877 3480 2947 lmagi~

1905 2958 2024 2997 nem
2043 2942 2280 2998 Cassiani
2306 2947 2356 2997 in
2387 2946 2500 3011 ipso
2525 2946 2677 3000 altari
2705 2948 2929 3010 positam
2955 2948 3114 3000 fuisse
3139 2942 3472 3015 perspicuum

1903 3023 2013 3067 est:
2032 3030 2204 3086 neque
2229 3025 2333 3086 tam
2351 3016 2495 3068 claro
2507 3017 2750 3084 exemplo
2768 3018 2997 3086 ltazretici
3022 3015 3218 3069 habent
3237 3018 3361 3085 quid
3383 3035 3476 3086 np-

1903 3097 2124 3154 ponant,
2151 3085 2462 3155 nisiﬁgerras
2489 3095 2544 3138 et
2581 3102 2765 3155 nugas.
2797 3085 2910 3155 iam
2939 3087 3078 3141 enim
3111 3097 3233 3141 tunc
3262 3089 3326 3141 ad
3357 3085 3473 3142 eam

1902 3155 2184 3218 imaginem
2235 3154 2516 3209 Christiani
2579 3154 2763 3222 preces
2814 3154 3103 3210 fundebant
3145 3174 3156 3208 :
3200 3171 3340 3212 vers.
3381 3160 3468 3222 97,

1906 3225 2084 3290 Audit,
2113 3226 2281 3290 crede,
2315 3240 2486 3292 preces
2516 3236 2709 3295 martyr
2743 3228 3110 3296 prosperrimus
3137 3243 3340 3294 omnes,
3373 3229 3478 3282 Ra-

1905 3305 2081 3361 tasque
2127 3296 2291 3348 reddit
2339 3312 2465 3362 quas
2512 3298 2641 3350 videt
2679 3298 2978 3362 probabiles.
3025 3296 3336 3363 Exemplum
3378 3301 3477 3352 hoc
3572 3340 3577 3347 .

1906 3365 2150 3432 imaginis
2181 3364 2232 3418 in
2261 3367 2411 3420 altari
2439 3366 2710 3420 collocatae
2730 3407 2744 3429 ,
2773 3378 2826 3421 et
2852 3367 2994 3420 aliud
3028 3368 3207 3419 Roma:
3229 3367 3278 3420 itt
3305 3369 3478 3421 eccle-

1904 3437 1978 3488 sia
2009 3433 2067 3490 S.
2094 3436 2404 3505 Hippolyti,
2429 3437 2688 3500 eiusmodi
2715 3446 2866 3491 erant
2894 3451 3010 3505 qua:
3040 3450 3210 3505 neque
3237 3451 3265 3489 a
3301 3438 3478 3505 Iltllllis

1904 3505 2255 3559 sanctissimis
2285 3502 2548 3573 episcopis
2575 3507 2800 3573 ignorari
2830 3502 3076 3574 poterant
3099 3502 3317 3571 {neque
3345 3502 3475 3560 lole-

1903 3574 2009 3627 rari
2039 3577 2080 3626 si
2117 3575 2230 3630 hate
2257 3577 2335 3628 eis
2363 3575 2560 3628 inesset
2611 3576 2908 3630 idololatria
2944 3592 3101 3642 quam
3142 3576 3242 3630 sibi
3275 3576 3478 3642 fingunt

1904 3643 2250 3708 heterodoxi,
2283 3645 2503 3711 aliisque
2529 3645 2712 3698 volunt
2744 3649 3085 3712 persuadere.

1976 3713 2062 3768 10.
2111 3713 2280 3767 Fttcus
2327 3716 2377 3766 in
2417 3715 2619 3778 pictura
2671 3716 2866 3782 passim
2911 3717 3202 3769 dicebatur.
3255 3715 3308 3767 ln
3354 3715 3472 3771 cod.

1904 3783 2110 3838 Theod.
2140 3785 2264 3852 lege
2281 3783 2369 3846 17,
2399 3783 2466 3836 de
2492 3783 2664 3849 ptenis
2695 3803 2708 3836 :
2747 3785 2930 3836 Omnia
2951 3786 3222 3837 simulacra
3260 3784 3477 3853 (Eutro-

1904 3853 1997 3923 pii)
2023 3863 2126 3906 tam
2153 3870 2218 3907 ea:
2237 3869 2338 3907 aare
2370 3869 2521 3917 quam
2543 3869 2607 3906 ex
2634 3869 2912 3915 marmore,
2939 3869 3025 3906 seu
3055 3870 3115 3907 ex
3144 3854 3297 3918 fucis,
3323 3872 3474 3920 quam

1903 3941 1965 3977 ex
1984 3939 2280 3993 quacunque
2302 3923 2511 3993 materia
2531 3939 2643 3990 qua!
2661 3933 2785 3991 apta
2819 3932 2889 3976 est
2917 3923 3201 3993 eiﬁngendis
3222 3962 3236 3975 .
3263 3961 3278 3976 .
3300 3963 3314 3978 .
3346 3941 3476 3992 pra:-

1902 3991 2114 4062 cipimus
2136 3991 2348 4046 aboleri.
2379 3991 2511 4045 Vide
2537 3993 2916 4048 Gothofredum
2945 3991 3008 4044 ad
3031 3991 3175 4045 hunc
3207 3991 3399 4044 locum.

1977 4063 2062 4116 14.
2102 4064 2309 4117 Thuan.
2342 4105 2357 4128 ,
2405 4079 2639 4117 concessa
2669 4079 2764 4130 pro
2806 4065 3037 4129 confossa
3063 4102 3078 4124 ,
3124 4062 3262 4128 quod
3294 4063 3475 4116 mallet

1902 4135 2150 4201 amplecti
2197 4133 2581 4187 tibamillartlus
2605 4176 2618 4194 ,
2657 4143 2710 4186 et
2750 4133 2966 4186 Teolius
2998 4147 3061 4184 ex
3101 4131 3471 4185 nonnullorum

1901 4204 2060 4258 codd.
2086 4205 2189 4258 fide
2217 4204 2442 4257 fortasse
2465 4211 2666 4256 rectum
2694 4203 2839 4257 dicit.
2872 4201 3234 4264 Casaubonus,
3259 4203 3310 4256 in
3336 4202 3474 4256 Julia

1902 4273 2147 4338 Caesare,
2185 4289 2303 4342 pag.
2334 4275 2438 4337 42,
2470 4272 2534 4326 ad
2567 4273 2725 4326 verba
2765 4272 3022 4335 Suetonii,
3056 4273 3327 4342 Arreptum
3355 4289 3476 4336 gra-

1903 4343 2023 4412 phio
2050 4341 2290 4415 trajecit,
2321 4343 2388 4415 de
2419 4343 2739 4415 martyribus
2771 4342 2995 4410 altisque
3038 4341 3146 4410 agit
3188 4342 3277 4408 qui
3323 4343 3476 4412 stylis

1902 4415 1982 4467 vel
2010 4413 2230 4467 calamis
2258 4413 2486 4467 confossi
2523 4413 2787 4466 obit-runt.

1976 4484 2063 4537 15.
2091 4483 2235 4548 Altl.,
2262 4496 2583 4546 trwrurrere.
2617 4480 2942 4535 Bollandiani
2977 4488 3157 4534 notant
3183 4479 3317 4532 unde
3338 4481 3473 4534 sumi

1829 4539 1876 4598 Ι)
1903 4566 2000 4621 pro
2029 4539 2240 4619 quibus,
2262 4539 2492 4622 'scilicet
2520 4551 2696 4622 stylis.
2735 4549 3126 4622 Chamillardns
3154 4552 3228 4602 ait
3254 4550 3475 4604 tabellas

1900 4620 2086 4676 cereas
2113 4623 2284 4676 dictas
2321 4620 2639 4688 pugillares,
2672 4622 2793 4688 quia
2833 4620 2973 4690 ston
3012 4621 3063 4673 in
3093 4621 3166 4672 eis
3193 4624 3475 4690 pungendo

1901 4692 2260 4755 scribebatur;
2286 4691 2497 4745 Teolius
2520 4706 2546 4742 a
2573 4706 2745 4758 pugno
2766 4705 2858 4743 seu
2882 4690 3100 4756 pugillo,
3123 4704 3229 4755 quo
3250 4689 3477 4743 circum-

1902 4762 2027 4814 ferri
2065 4763 2309 4815 solcbaut
2342 4761 2574 4814 assidue.
2624 4760 2816 4814 Putant
2842 4759 2983 4812 enim
3026 4759 3187 4826 aliqui
3221 4759 3476 4828 pugillare

1903 4845 2022 4886 esse
2046 4831 2188 4896 quod
2212 4831 2277 4883 ad
2308 4831 2560 4899 pugillum
2591 4832 2840 4896 pertinet,
2863 4842 2956 4883 seu
2989 4829 3240 4897 pugillunt
3270 4831 3466 4894 imp'et.

1907 4903 1962 4954 ln
1997 4901 2197 4969 hymno
2236 4902 2302 4954 l0
2343 4899 2516 4963 Cath.,
2554 4901 2618 4952 ad
2663 4915 2805 4954 vers.
2841 4899 2942 4952 144
2967 4941 2981 4960 ,
3009 4899 3114 4952 dixi
3149 4911 3378 4964 pugnum
3414 4907 3476 4969 Aet

1910 4965 2164 5038 pugiilum
2193 4984 2359 5036 genus
2385 4984 2503 5023 esse
2545 4984 2808 5022 mensura:
2835 4969 2971 5035 apud
3009 4975 3283 5038 coquos_et
3307 4965 3475 5038 rnedi-

1909 5035 2032 5104 eos;
2078 5048 2132 5093 et
2181 5041 2319 5108 apud
2363 5054 2560 5105 coquos
2597 5041 2805 5105 quidem
2846 5039 2898 5091 id
2943 5035 3227 5108 significari
3269 5035 3475 5088 videtur

1908 5105 2254 5183 quotl‘pugtto
2283 5117 2458 5178 potest
2487 5108 2895 5183 comprehendi;
2923 5107 3060 5183 apud
3092 5105 3325 5183 medicos
3351 5118 3475 5183 vero

1909 5175 2171 5246 pugillttm'
2193 5175 2311 5233 esse
2335 5189 2588 5247 quantum
2615 5181 2848 5247 quinque
2868 5176 3087 5247 sutnmis
3114 5175 3290 5247 digitis
3313 5175 3473 5247 pugni

1907 5241 2068 5301 lev'ari
2103 5258 2200 5318 aut
2242 5241 2567 5317 apprehendi
2601 5241 2800 5318 potest,
2845 5246 3052 5318 AmOIlllll
3091 5244 3275 5318 tnecl.
3309 5241 3475 5318 Fran-

1905 5318 2078 5394 ciscus
2103 5312 2364 5394 Petraglia
2384 5358 2400 5384 ,
2430 5335 2534 5373 non
2561 5312 2732 5394 solum
2760 5316 2887 5368 artis
2909 5328 3018 5366 suae
3050 5312 3267 5366 medicae
3294 5316 3475 5394 cogni-

1908 5389 2138 5442 tionibus
2170 5389 2454 5442 instructns
2477 5429 2492 5453 ,
2524 5388 2836 5454 scriptisque
2867 5394 3025 5436 nctus
3045 5421 3060 5447 ,
3093 5396 3272 5435 verum
3312 5388 3473 5438 etiam

1896 5458 2280 5513 atumnioribus
2309 5459 2498 5512 litteris
2532 5465 2768 5510 ornatus.

1971 5529 2057 5581 16.
2091 5529 2205 5581 Vat.
2238 5531 2281 5582 A
2311 5530 2584 5592 mendose,
2613 5529 2902 5592 annotante.
2954 5519 3110 5592 Mar”
3135 5521 3474 5590 scripserunt;

1898 5613 2058 5666 supra
2081 5599 2298 5660 rectius,
2312 5588 2633 5666 scripserant.
2647 5588 3039 5670 Chamillardns
3054 5591 3180 5670 intet
3199 5602 3436 5660 pretatnr
3459 5588 3472 5651 ὲ

1902 5669 2147 5723 Scholare
2171 5683 2377 5736 pensum
2404 5671 2731 5727 annotarant,
2757 5669 3081 5726 scripserant.
