3994 6176
234 267 318 324 657
1377 265 1951 324 PERISTEPHANON
1996 267 2204 323 HYD'N.
2247 268 2336 325 IX.

461 372 1036 447 10556regis,quod
1055 374 1162 429 aris
1177 374 1481 444 supplicare
1499 388 1794 446 spreverat.
1826 385 1880 443 Α

387 467 668 522 Poenarum
697 467 888 520 artifici
917 471 1198 538 quaerenti,
1228 469 1369 537 quod
1399 483 1568 538 genus
1592 471 1724 526 artis

456 558 551 612 Vir
580 567 784 620 nosset,
816 557 925 612 alto
949 567 1056 613 tam
1084 558 1302 614 rebellis
1323 560 1542 630 spiritu,

233 653 292 709 55
388 649 734 719 Respondent
780 667 794 704 :
840 648 1046 718 Agmen
1073 657 1338 716 tenerum,
1370 666 1434 708 ac
1459 653 1666 722 puerile
1695 668 1793 723 gu-

1491 741 1720 813 [bcrnat,

459 835 619 890 Fictis
645 842 833 889 notare
860 834 1024 888 verba
1055 832 1222 902 signis
1249 833 1516 889 imbuens.

390 926 596 992 Ducite,
639 925 960 990 conclamat,
989 925 1255 994 captivum
1285 942 1298 978 :
1341 925 1543 991 ducite,
1579 934 1635 980 et
1662 925 1799 980 ultro

467 1018 706 1071 Donetur
734 1015 863 1086 ipsis
890 1015 1204 1070 verberator
1230 1015 1489 1084 parvulis.

391 1111 459 1168 Ut
485 1111 635 1174 libet,
668 1110 916 1172 illudant,
949 1110 1187 1164 lacerent
1218 1109 1456 1178 impune,
1500 1122 1798 1178 manusque

233 1204 292 1260 l0
461 1202 687 1270 Tingant
715 1199 957 1269 magistri
987 1199 1206 1253 feriatas
1229 1199 1518 1268 sanguine.

392 1293 596 1349 Ludum
636 1292 934 1362 discipulis,
959 1293 1154 1361 volupe
1183 1299 1281 1356 est,
1323 1302 1379 1345 ut
1412 1291 1643 1360 praebeat
1683 1291 1797 1358 ipse

1525 1380 1804 1437 GLOSSAS
1843 1382 2181 1439 VETERES.

292 1477 375 1532 36.
405 1477 587 1540 Fictis,
620 1475 873 1545 formatis.
904 1504 974 1517 -——
1000 1473 1268 1537 lmbuens,
1300 1473 1505 1539 docens,
1539 1473 1671 1528 Mar.

295 1549 377 1603 57.
415 1547 587 1606 Ultro.
617 1546 740 1609 cito,
765 1547 955 1607 statim,
991 1545 1029 1598 l.

294 1620 376 1673 ιο.
411 1617 674 1679 Feriatas,
701 1625 946 1678 armatas,
974 1613 1049 1668 vel
1072 1614 1228 1667 otium
1259 1614 1514 1679 habentes,
1551 1612 1588 1666 l.

291 1689 372 1742 42.
405 1687 675 1752 Coercuit,
703 1686 930 1751 strinxit,
957 1685 998 1738 l.

3382 279 3489 334 458

2157 379 2354 436 Doctor
2385 393 2624 445 severus.
2655 396 2792 451 quos
2822 385 2981 439 nimis
3004 388 3259 441 coercuit.

2085 470 2327 526 Vincitur
2348 481 2467 541 post
2495 481 2642 544 terga
2674 489 2884 544 manus,
2912 477 3168 546 spoliatus
3195 479 3415 546 amictu,

2153 563 2322 618 Adest
2347 565 2518 618 acutis
2544 579 2733 634 agmen
2767 579 3029 622 armatum
3059 570 3237 640 stylis.

1902 655 1972 708 45
2087 657 2299 728 1056
2320 656 2588 722 Quantum
2612 657 2835 727 quisque
2860 659 2965 714 odii
2989 661 3145 713 tacita
3168 672 3488 730 conceperat

3292 753 3413 825 lira.

2153 839 2386 894 Effundit
2414 841 2608 896 ardens
2632 842 2753 896 felle
2781 844 2991 898 tandem
3033 845 3222 900 libero.
3290 831 3299 840 ’

2081 930 2389 999 Conjiciunt
2418 933 2508 987 alii
2537 931 2750 1003 fragiles
2780 937 2940 1002 inque
2967 950 3058 988 ora
3095 937 3321 990 tabellas

2157 1021 2467 1090 Frangunt:
2501 1022 2660 1078 relisa
2692 1023 2868 1080 fronte
2896 1025 3095 1094 lignum
3126 1027 3342 1081 dissilit.

2079 1110 2232 1165 Busa
2265 1121 2488 1182 crepant
2515 1122 2720 1182 cerata,
2752 1117 2905 1184 genis
2936 1117 3168 1185 impacta
3193 1122 3450 1182 cruentis.

1903 1203 1972 1257 50
2151 1201 2434 1273 Rubetque
2461 1205 2530 1258 ab
2559 1205 2663 1259 ictu
2692 1220 2880 1273 curva,
2910 1218 2962 1262 et
2985 1207 3212 1264 humens
3243 1211 3457 1280 pagina.

2083 1294 2290 1364 1057
2317 1293 2441 1350 Inde
2462 1296 2551 1350 alii
2575 1296 2839 1361 stimulos,
2857 1307 2911 1352 et
2938 1299 3182 1354 acumina
3211 1299 3382 1355 ferrea
3408 1304 3486 1354 vi.

3209 1392 3412 1463 [brant,

2101 1476 2360 1552 Vincitur.
2395 1477 2607 1552 ligatur.
2642 1479 2760 1533 1.-
2783 1479 2986 1545 Manus,
3011 1499 3101 1551 per
3122 1499 3323 1552 manus,
3349 1484 3481 1539 Mar.

1977 1547 2068 1600 46.
2102 1547 2272 1610 Felle.
2307 1553 2501 1615 furore,
2534 1549 2636 1603 lso.

2093 1616 2346 1690 impacta.
2375 1619 2624 1681 immissa,
2657 1619 2868 1690 ingesta,
2905 1620 2940 1673 Ι.

1972 1683 2058 1738 51.
2093 1687 2334 1754 Vibrant,
2366 1689 2620 1756 quatiunt,
2653 1691 2690 1742 Ι.

1565 1773 2124 1834 COMMENTARIUS.

233 1906 394 1974 narrat
418 1911 540 1950 eum
567 1895 959 1974 Julianiiegem
988 1895 1316 1974 amplexum,
1345 1893 1619 1974 loquacem
1650 1895 1813 1974 sclio-
1845 1897 1888 1954 Β
1916 1913 2112 1974 quoque
2140 1900 2499 1953 elementorum
2543 1901 2770 1974 apicibus
2796 1903 2951 1974 rutilis
2994 1906 3361 1974 exprimendis,
3395 1908 3487 1960 levi

231 1968 320 2020 iam
347 1967 600 2021 deserere
630 1966 884 2020 maluisse
921 1980 1078 2033 quam
1120 1964 1344 2017 verbum
1377 1963 1585 2018 Domini
1621 1982 1632 2016 :
1664 1965 1807 2018 idem

235 2039 383 2092 reicit
411 2037 481 2092 de
511 2038 756 2091 Musonio
783 2036 1083 2103 Eunapius.
1117 2042 1170 2089 et
1193 2033 1260 2088 de
1289 2033 1587 2087 Prozeresio
1620 2035 1807 2088 Hiero-

235 2123 414 2178 nymus
448 2110 500 2161 in
523 2106 788 2178 Chronico
813 2124 827 2159 :
859 2104 1195 2178 Procerest'us,
1205 2103 1451 2178 sophista
1471 2105 1808 2178 Atheniensis,

234 2175 328 2248 lege
362 2179 491 2231 data
517 2222 530 2239 .
587 2194 651 2231 ne
699 2177 976 2230 Christiani
1015 2175 1302 2248 liberalium
1354 2176 1811 2248 artiunrdoctores

231 2243 414 2308 edent.
467 2263 584 2300 cum
623 2248 718 2300 sibi
761 2248 1049 2301 specialiter
1087 2243 1332 2298 Julianus
1377 2246 1705 2310 concederet,
1755 2254 1810 2298 ut

234 2317 542 2372 Christianos
568 2320 789 2381 doceret,
826 2317 1052 2371 scholam
1081 2324 1259 2382 sponte
1289 2315 1528 2368 deseruit.

293 2388 376 2444 3L
403 2389 744 2451 Parrhasius,
771 2387 982 2452 rebelli,
1015 2402 1119 2438 non
1149 2395 1318 2439 recte.

291 2460 375 2514 55.
403 2457 743 2521 Parrhasius,
773 2457 1054 2527 respondit,
1087 2455 1250 2509 male.

291 2529 374 2583 56.
405 2529 580 2591 Rott.,
607 2539 718 2581 tres
744 2523 924 2585 Torr..
951 2527 1168 2593 strictis,
1193 2539 1290 2594 pro
1325 2523 1482 2592 ﬁctis,
1515 2539 1613 2594 nec
1643 2523 1804 2591 male,

231 2599 396 2722 aiebat.
424 2598 838 2654 Cbamillsrdus.
873 2596 1020 2653 Ficta
1053 2593 1206 2667 signa
1233 2604 1358 2648 sunt
1389 2604 1551 2659 notae,
1585 2593 1652 2649 de
1682 2595 1804 2664 qui-

264 2685 318 2722 us
338 2685 528 2722 supra.

264 2685 318 2722 IIS
338 2685 528 2724 supra.

292 2685 689 2807 pSrti‘riptor,
738 2738 1030 2792 Prudentio
1069 2736 1356 2807 antiquior.
1401 2749 1505 2788 non
1548 2735 1810 2807 occurrrit

229 2812 307 2876 qui
335 2811 535 2864 dixerit
554 2805 871 2864 uerberatur.
906 2809 1059 2877 Apud
1085 2806 1400 2862 Ciceronem
1432 2813 1605 2860 exstat
1632 2805 1808 2859 verbe-

232 2895 377 2935 1⁵³110.

298 2952 382 3005 40.
437 2949 666 3004 Feriatas
715 2957 796 3002 est
841 2948 1000 3004 ferias
1043 2948 1396 3002 celebrantes.
1430 2944 1618 3000 Postea
1664 2960 1804 2999 vers.

231 3018 332 3092 75:
367 3022 492 3074 Non
525 3023 744 3092 petimus
779 3021 936 3092 toties!
962 3027 1011 3092 te
1046 3028 1349 3088 praeceptore
1378 3026 1606 3087 negatas,
1645 3019 1810 3070 Avare

231 3091 422 3154 doctor.
445 3090 562 3182 βαιὴ
590 3091 883 3143 scholarum
912 3090 1088 3159 ferias.

304 3161 351 3182 ιι
414 3162 441 3182 1
466 3171 512 3182 ,ι
592 3161 631 3182 n
686 3161 857 3182 “7-2--
952 3161 1065 3182 -.-1-

296 3161 382 3217 41.
414 3157 536 3215 Vat.
592 3161 653 3226 Β,
686 3157 918 3225 Ἧθίιῑ..
951 3161 1068 3213 volo
1113 3175 1242 3214 sese.
1295 3158 1556 3222 Hailsbr.,
1611 3157 1804 3224 Bong.,

233 3228 426 3286 Widm.
472 3231 538 3285 ad
569 3246 740 3296 oram,
772 3233 884 3284 volo
913 3246 1002 3297 per
1039 3246 1112 3284 se.
1143 3229 1373 3283 Probum
1414 3237 1497 3282 est
1527 3227 1708 3297 volupe
1735 3237 1808 3281 est

232 3316 319 3369 pro
331 3302 634 3373 jucundum
660 3316 753 3373 est,
785 3302 1093 3373 auctoribus
1114 3301 1366 3373 Terentio
1387 3309 1438 3352 et
1469 3297 1674 3373 Plauto.

293 3369 378 3426 si.
422 3373 566 3431 Διό..
599 3371 821 3436 Gellar.,
850 3371 1088 3438 'l‘huau.,
1133 3371 1249 3426 Gis.
1291 3370 1355 3424 ad
1407 3383 1577 3433 oram,
1611 3369 1764 3421 minis
1790 3383 1810 3421 :

230 3441 307 3495 alii
337 3444 601 3512 plerique,
630 3443 803 3496 nimis.

293 3513 379 3567 45.
420 3509 571 3579 lla’t.,
599 3515 839 3565 amictum
871 3511 1046 3564 minus
1072 3511 1226 3566 bene.
1253 3509 1306 3566 In
1345 3509 1616 3564 nonnullis
1640 3509 1810 3578 vulg.,

231 3585 511 3649 spoliatur;
537 3583 730 3637 melius
758 3584 1028 3651 spoliatus.

293 3655 381 3706 «14.
412 3647 602 3708 Simile
629 3647 938 3723 martyrium
966 3651 1195 3708 refertur
1216 3653 1280 3706 de
1309 3651 1372 3708 S.
1395 3649 1655 3723 FeliceAin
1689 3647 1814 3703 Piu-

231 3723 322 3788 cis,
351 3724 447 3793 qui
477 3723 658 3777 Romae
687 3719 874 3792 passus
897 3731 978 3777 est
1007 3739 1094 3777 XIX
1119 3731 1222 3778 cst.
1252 3723 1433 3793 Febr.,
1457 3719 1599 3789 quod
1631 3729 1810 3773 tamen

231 3791 427 3846 meriio
458 3791 706 3860 rejiciunt
749 3793 1076 3847 Bullaudiani
1131 3795 1217 3848 die
1250 3793 1315 3846 14
1361 3791 1483 3846 Jan.
1517 3793 1568 3843 in
1611 3805 1821 3844 comm.

232 3868 434 3933 praevio
462 3865 529 3918 ad
562 3863 730 3918 Vitam
759 3863 818 3920 S.
847 3863 1042 3918 Felicis
1074 3863 1282 3927 Nolani,
1319 3862 1345 3933 §
1375 3864 1428 3916 6.
1459 3861 1811 3933 Nicephorius,

235 3932 325 3986 lib.
357 3949 456 3998 xv,
477 3948 597 4002 cap.
625 3934 712 3997 18,
738 3944 919 3988 narrat
941 3933 1267 4001 Stephanum
1295 3930 1592 3986 Antiochia:
1613 3930 1816 4002 episco-

236 4017 354 4068 pum
403 4020 437 4057 a
495 4000 674 4072 pueris
727 4000 1060 4058 inter-lectum
1109 4005 1330 4059 calamis
1371 4005 1537 4056 instar
1586 4000 1811 4054 telorum

228 4071 530 4139 praeacutis.
574 4076 942 4129 Theodoretus
983 4075 1074 4128 lib.
1123 4091 1180 4129 Ill
1220 4075 1444 4139 llistor.,
1484 4071 1816 4126 Suzumenus

229 4144 314 4197 Ib.
351 4162 405 4212 v,
438 4155 492 4200 et
512 4159 635 4201 ante
676 4146 775 4200 ltus
803 4148 859 4200 S.
889 4146 1178 4211 Gregorius
1207 4146 1574 4199 Nazianzenus
1599 4151 1735 4212 orat.
1763 4142 1814 4212 in

228 4213 434 4272 Julian.
493 4217 726 4270 Marcum
786 4215 1192 4270 Arctimsiorum
1261 4211 1816 4284 episcopum_cult_ris

231 4286 505 4350 pennariis
536 4303 562 4340 a
596 4287 777 4356 pueris
804 4299 1048 4340 verutum
1079 4281 1504 4356 commemorant
1527 4299 1553 4356 :_
1575 4281 1641 4337 de
1665 4282 1816 4348 cujus

229 4366 371 4410 recta
418 4360 520 4412 title
571 4353 626 4412 et
664 4359 806 4412 cultu
853 4356 990 4422 apud
1039 4357 1336 4412 catholicos
1386 4353 1556 4406 videri
1593 4359 1818 4422 possunt

227 4425 570 4480 Bollandiani
602 4429 667 4480 ad
702 4429 841 4481 diem
867 4427 931 4480 ’21
969 4426 1165 4482 Martii.

297 4499 387 4550 46.
427 4499 572 4559 Ald..
623 4497 844 4564 Weilz.,
869 4497 1072 4564 e/fudit.
1121 4497 1273 4565 Ald.,
1306 4495 1426 4550 Vat.
1470 4492 1538 4560 Χ,
1582 4500 1818 4553 tantum;

227 4566 338 4633 alii,
376 4574 605 4621 tandem.

1917 1970 2322 2041 materia,usum
2353 1987 2532 2024 manus
2557 1973 2767 2040 puerilis
2787 1970 3228 2041 informabflnde
3248 1977 3320 2028 ait
3350 1977 3487 2030 Scri-

1911 2047 2063 2107 ptura
2093 2055 2110 2092 :
2142 2039 2317 2112 Scribe
2346 2042 2399 2112 in
2434 2039 2597 2112 buxo.
2633 2042 2806 2096 Locus
2845 2039 3027 2098 exstat
3076 2059 3191 2112 cap.
3226 2061 3261 2098 ll
3313 2046 3490 2100 [laba-

1911 2123 2028 2174 cuc,
2060 2124 2200 2163 vers.
2223 2109 2279 2172 2,
2313 2111 2400 2164 ubi
2431 2110 2650 2178 Vulgata
2683 2113 2842 2167 habet
2873 2131 2884 2167 :
2921 2112 3096 2168 Scribe
3118 2109 3300 2178 uisum,
3321 2128 3370 2168 et
3394 2133 3487 2170 ex-

1913 2178 2071 2256 plana
2099 2196 2212 2256 eum
2239 2197 2390 2256 super
2407 2181 2633 2256 tabulas,
2651 2192 2705 2235 ut
2733 2195 3017 2256 percurrat,
3041 2186 3128 2254 qui
3151 2185 3325 2256 legerit
3353 2203 3487 2243 eum.

1913 2249 1972 2301 S.
2006 2249 2322 2322 Ambrosius
2349 2267 2470 2306 cum
2499 2251 2639 2306 LXX
2667 2249 2825 2307 vertit
2853 2254 2904 2306 in
2934 2249 3088 2319 buxo,
3111 2249 3378 2322 aut'super
3401 2256 3488 2308 bu~

1910 2335 2054 2372 xum.
2107 2319 2310 2374 Dicitur
2351 2333 2530 2375 autem
2562 2323 2748 2382 bamus.
2792 2325 2931 2388 buxi,
2987 2334 3042 2378 et
3087 2319 3301 2387 buxum,
3349 2325 3489 2379 barri.

1914 2389 2136 2462 Pulchra
2170 2400 2252 2445 est
2271 2389 2438 2460 elegia
2473 2392 2733 2462 Propertii
2762 2393 2854 2448 lib.
2886 2409 2938 2446 ιιι
2963 2394 3032 2448 de
3060 2395 3285 2449 Amissis
3318 2395 3490 2462 Pugil-

1912 2458 2134 2522 laribus.
2166 2461 2250 2515 ubi
2277 2458 2413 2532 inter
2441 2461 2541 2516 alia
2570 2458 2642 2516 ait
2667 2481 2678 2516 :
2710 2463 2829 2517 Non
2856 2463 2974 2517 illas
3007 2465 3164 2532 [istim
3191 2481 3338 2518 caras
3363 2458 3487 2530 elle-

1911 2539 2052 2603 cerat
2074 2531 2529 2603 aurunt,_Vulqari
2553 2533 2684 2603 buxo
2705 2534 2916 2603 sordida
2939 2550 3055 2586 cera
3083 2536 3199 2603 fuit.

1983 2598 2072 2655 50.
2122 2599 2240 2652 Vat.
2287 2599 2345 2660 Β.
2380 2602 2538 2665 Mar.,
2573 2601 2717 2664 Rat,
2755 2602 3039 2665 Weitzius,
3079 2598 3230 2656 curva
3276 2611 3490 2656 tumens.

1913 2667 2063 2742 ᾼΙά..
2091 2668 2391 2742 _Widman.ﬁ
2421 2685 2604 2742 supra,
2645 2673 2886 2742 plerique
2917 2672 3189 2726 lleinsiani
3209 2715 3222 2737 ,
3257 2673 3400 2726 Vati.
3431 2674 3492 2736 l’,

1911 2737 1974 2803 Q.
2005 2740 2173 2795 codex
2205 2756 2342 2794 unus
2371 2737 2814 2803 Bolland..'curta
2841 2751 3056 2795 tumens.
3087 2742 3204 2797 Vat.
3239 2742 3304 2808 X,
3336 2758 3489 2796 curvo

1911 2818 2129 2880 tumens.
2181 2810 2434 2880 Hailsbr.,
2467 2827 2614 2865 curve
2638 2824 2853 2866 tumens.
2902 2812 3037 2874 PaL,
3084 2823 3223 2865 custe
3272 2822 3490 2866 tumens.

1911 2877 2174 2933 Cauchius
2199 2897 2374 2941 curva.
2399 2877 2445 2935 et
2477 2883 2706 2936 humcns.
2735 2883 2940 2946 Ambr.,
2967 2883 3154 2935 charta:
3179 2893 3228 2936 et
3256 2882 3470 2936 humens

1911 2947 2248 3021 Parrhasius,
2285 2951 2579 3021 [iubentque
2617 2952 2678 3005 ab
2708 2953 2810 3004 ictu
2839 2951 3048 3015 chartas.
3081 2961 3128 3005 et
3151 2952 3363 3005 humens
3394 2969 3489 3020 pa-

1912 3019 2049 3086 gina.
2085 3021 2406 3085 Gronovius,
2431 3019 2551 3090 cap.
2578 3023 2608 3077 5
2632 3021 2911 3076 Observat.
2942 3023 3160 3088 eccles.,
3185 3019 3489 3090 coniecerat

1911 3099 2078 3155 curta,
2108 3100 2153 3144 et
2174 3091 2386 3144 humans
2410 3094 2619 3162 pagina.
2641 3091 2858 3148 Scilicet
2879 3107 3050 3147 CUR'I'A
3071 3092 3327 3156 mutilata,
3350 3101 3495 3147 trun-

1911 3169 2049 3232 cata,
2080 3163 2244 3216 recisa
2271 3177 2290 3214 :
2325 3177 2554 3224 nuusas.
2585 3178 2765 3232 cruore
2806 3163 3066 3232 martyris.
3103 3162 3173 3215 Ita
3206 3163 3364 3216 etiam
3407 3177 3494 3217 ca-

1914 3231 2204 3298 stigaverat
2233 3232 2484 3286 Heinsius
2506 3232 2570 3286 ad
2603 3231 2976 3298 Claudianum.
3006 3241 3059 3288 et
3090 3234 3140 3286 in
3171 3241 3370 3287 textum
3402 3234 3495 3286 ad-

1915 3301 2063 3355 misit
2106 3316 2227 3355 cum
2281 3301 2493 3356 'l'huan.
2547 3300 2815 3358 Giselinus
2871 3311 3161 3371 agnoverat
3211 3304 3495 3358 varietates

1915 3371 2232 3436 lectionum,
2283 3373 2334 3426 in
2383 3373 2708 3444 pervulgatis
2753 3389 2909 3444 curva
2953 3383 3168 3444 tumens,
3200 3373 3252 3426 in
3281 3372 3494 3426 Ganda-

1914 3443 2062 3495 vensi
2092 3453 2238 3495 curta
2267 3443 2481 3503 tumens.
2515 3445 2567 3496 in
2603 3443 2970 3497 Daventriensi
3010 3458 3159 3496 curve
3189 3453 3410 3510 turgens,
3443 3445 3494 3496 in

1913 3513 2020 3566 alio
2045 3529 2195 3565 curva
2236 3514 2494 3582 tundens(
2518 3515 2588 3566 ita
2630 3513 2795 3567 edidit
2841 3512 3160 3582 Fabricius).
3203 3514 3307 3565 Sed
3343 3527 3494 3566 suam

1914 3582 2200 3637 lectionem
2226 3599 2380 3635 curva
2404 3583 2616 3635 humans
2647 3583 2699 3635 in
2731 3583 3002 3651 plerisque
3029 3583 3261 3648 antiquis
3282 3590 3494 3636 exstare

1914 3653 2165 3715 affirmat,
2199 3667 2424 3722 eamque
2453 3652 2690 3706 defendit
2712 3653 3030 3722 auctoritate
3061 3652 3251 3722 Bedae,
3272 3653 3360 3720 qui
3393 3651 3492 3722 do-

1915 3731 2000 3776 cet
2027 3723 2080 3774 in
2111 3721 2387 3791 poetarum
2411 3721 2634 3776 arbitrio
2661 3723 2786 3774 olim
2819 3721 3001 3786 fuisse,
3026 3733 3202 3774 utrum
3232 3721 3265 3771 h
3294 3721 3497 3786 aspira-

1916 3794 1990 3847 tio
2019 3791 2188 3846 instar
2212 3793 2424 3846 fortium
2447 3792 2853 3845 consonantium
2878 3791 3245 3858 synalmpbam
3266 3801 3496 3854 arceret,

1915 3879 1982 3916 an
2016 3878 2111 3931 pro
2140 3861 2298 3916 modo
2335 3877 2446 3916 suae
2491 3861 2785 3927 fragilitatis
2825 3860 2956 3912 nihil
2993 3859 3498 3931 valeretiadducit-

1915 3929 2028 4002 que
2065 3934 2369 3998 exemplum
2432 3931 2748 4002 Fortunati,_
2781 3945 2935 4002 quem
2993 3938 3166 3982 tamen
3211 3929 3498 4002 Prudentia

1918 3997 2056 4072 pene
2086 4001 2344 4070 aequalem
2391 4017 2669 4071 perperam
2700 4000 2846 4072 dicit.
2896 3999 3112 4072 Fatetur
3142 3997 3496 4072 vero‘Gisulif

1919 4067 2017 4127 itus
2060 4067 2276 4126 mollius
2307 4067 2428 4127 esse
2457 4067 2611 4124 curva
2670 4080 2715 4124 et
2748 4067 2977 4123 huntens.
3023 4067 3174 4133 Quod
3203 4067 3393 4122 attinet
3429 4069 3494 4121 ad

1917 4144 2088 4211 legem
2130 4144 2306 4206 metri.
2350 4143 2599 4196 Ιίυἱιιείιιε
2643 4157 2746 4194 non
2789 4141 3304 4211 deberetrecusare
3334 4154 3498 4211 _curi_-a

1917 4207 2156 4278 huntens;
2186 4213 2420 4266 admisso
2451 4213 2540 4266 illo
2570 4211 2739 4272 hiatu.
2759 4225 2914 4278 quem
2950 4208 3108 4262 toties
3131 4211 3183 4262 in
3212 4207 3498 4262 Prudentia

1917 4285 2180 4348 agnoscit.
2209 4283 2428 4337 Teolius
2456 4281 2529 4335 ait
2560 4281 2837 4336 lectionem
2869 4288 3012 4333 curta
3041 4287 3235 4331 tumens
3262 4293 3498 4332 commo-

1920 4354 2042 4407 dam
2066 4354 2352 4408 admittere
2375 4354 2890 4420 interpretationem,
2914 4359 2966 4402 et
2991 4349 3227 4420 omnium
3255 4348 3499 4420 codicum

1921 4424 2300 4478 Vaticanorum
2345 4437 2482 4477 esse.
2520 4418 2752 4475 ‘Verum
2798 4421 2893 4475 etsi
2938 4418 3224 4473 concedam
3271 4419 3500 4484 aliquam

1920 4495 2218 4564 excogitari
2242 4507 2400 4561 posse
2425 4491 2757 4564 commodam
2783 4489 3296 4555 interpretationem,
3323 4497 3500 4564 tamen

1922 4579 1985 4619 ea
2019 4559 2176 4619 lectio
2222 4559 2395 4616 metro
2424 4561 2740 4629 refragatur,
2784 4574 2959 4624 neque
2989 4573 3116 4629 vere
3152 4568 3234 4612 est
3261 4559 3500 4612 omnium

294 4628 389 4691 4⁷7.
427 4638 573 4692 Multi
597 4639 839 4693 scribunt
865 4638 1144 4692 coniciunt.
1176 4637 1325 4703 Λίδη
1358 4645 1512 4691 vetus
1542 4633 1712 4687 codex
1744 4633 1807 4684 ad
1837 4632 1889 4691 D
1916 4635 2159 4690 codicum
2213 4628 2612 4703 Vaticanorum,
2667 4639 2724 4682 ut
2773 4629 3025 4703 vidimus.
3079 4628 3190 4681 lmo
3232 4630 3399 4703 _A|ox.
3447 4640 3501 4703 et

230 4723 400 4778 marg.
455 4710 583 4762 edit.
631 4708 827 4762 Weitz.
877 4711 1014 4776 apud
1064 4711 1133 4763 cl.
1183 4708 1465 4778 prmsulem
1515 4706 1808 4773 chgium,

228 4777 400 4834 Toru.
439 4779 488 4830 iu
515 4788 795 4845 contextu,
829 4779 1025 4848 lapides
1057 4794 1152 4844 pro
1194 4777 1423 4848 fragiles,
1466 4779 1810 4848 quod_exstat

229 4851 281 4919 in
333 4851 627 4919 plerisque.
681 4849 784 4902 Pro
824 4845 918 4901 ora
968 4849 1166 4903 habent
1194 4845 1300 4901 'ore
1353 4845 1582 4919 Vat.’A_,
1618 4845 1809 4919 Bong.,

233 4917 532 4974 “'eitziusJ
561 4919 669 4974 Sed
713 4920 1024 4973 concinnius
1066 4929 1148 4973 est
1186 4920 1240 4972 in
1281 4934 1391 4972 ora.
1423 4919 1480 4970 S.
1525 4917 1814 4978 Gregorius

226 4990 564 5059 Turonensis
604 4993 671 5044 de
700 4990 880 5044 Gloria
926 5002 1215 5059 martyrum
1249 4989 1345 5041 lib.
1384 5003 1419 5050 t,
1453 5003 1572 5059 cap.
1612 4987 1703 5046 45.
1746 4999 1811 5059 ex

229 5058 550 5124 Prudentia,
580 5071 637 5114 ut
680 5069 828 5130 puto,
859 5060 996 5113 idem
1031 5056 1141 5115 fere
1166 5059 1460 5130 exprimit:
1495 5056 1722 5130 Cera_tas_
1747 5057 1806 5130 in

225 5141 389 5198 caput
431 5132 636 5184 illidunt
665 5125 896 5185 tabellas.
945 5131 1161 5184 Plautus
1208 5125 1454 5182 lfaccbid.
1500 5143 1579 5189 Ill,
1609 5127 1662 5192 5,
1695 5125 1760 5178 56
1793 5140 1806 5177 :

227 5202 293 5251 At
346 5218 508 5258 nunc.
553 5206 852 5268 priusquam
892 5202 1181 5268 septuennis
1219 5209 1314 5259 est.
1357 5199 1402 5250 si
1445 5199 1667 5264 attingas
1696 5211 1810 5249 eum

225 5286 410 5333 manu,
434 5271 698 5338 Extemplo
721 5287 844 5339 puer
866 5273 1142 5341 pivdagogo
1173 5271 1343 5341 tabula
1367 5269 1607 5336 dirumpit
1637 5275 1809 5336 caput.

297 5341 399 5394 48.
435 5342 750 5396 Scribehant
781 5350 987 5394 veteres
1016 5339 1419 5400 in‘corticibus,
1449 5352 1668 5406 papyro,
1695 5352 1816 5403 pcr-

225 5424 468 5476 gameno
495 5414 664 5475 curio,
701 5411 974 5464 lrondibus
1017 5410 1278 5477 arbOreis,
1327 5409 1419 5462 sed
1467 5408 1731 5476 praecipue
1762 5407 1812 5458 in

229 5481 440 5534 tabulis
464 5485 678 5536 ceratis.
717 5481 854 5534 Fieri
884 5489 1060 5535 autem
1097 5482 1339 5535 solebant
1369 5479 1673 5547 pugillares,
1704 5479 1816 5530 sive

226 5551 540 5617 huiusmodi
576 5551 768 5606 tabulae
794 5562 986 5605 cerata:
1027 5567 1057 5604 e
1089 5551 1251 5620 ligno.
1287 5550 1425 5620 fago,
1453 5563 1628 5620 acere,
1659 5547 1814 5608 citro.

224 5623 434 5680 ebore.
465 5623 746 5688 aliquando
788 5623 1037 5691 crystallo
1088 5618 1146 5674 et
1167 5619 1375 5688 unyche
1401 5660 1415 5683 ,
1451 5618 1759 5691 plerumque
1785 5633 1815 5670 c

222 5691 407 5745 buxo.
441 5693 494 5748 S.
516 5686 831 5748 Ambrosius
849 5686 946 5747 lib.
976 5707 1031 5748 lli
1065 5686 1342 5755 llesaeut.,
1367 5704 1484 5758 cap.
1514 5690 1608 5742 l5:
1635 5686 1813 5740 Buxus

1922 4706 2049 4760 Urb.
2093 4705 2293 4759 diserte
2329 4701 2524 4756 habent
2554 4716 2728 4765 curva,
2758 4709 2804 4752 ct
2845 4699 3074 4760 Immens.
3106 4696 3246 4767 quod
3276 4699 3500 4766 proinde

1918 4776 2127 4830 videtur
2157 4772 2566 4843 praeferendum.
2595 4769 2936 4843 Heumannns
2964 4769 3015 4822 in
3057 4768 3240 4843 Pmcil.
3277 4778 3404 4821 tom.
3432 4769 3497 4843 ll,

1919 4846 2012 4900 lib.
2043 4861 2118 4910 nt,
2143 4839 2263 4913 pug.
2295 4843 2421 4908 564,
2455 4850 2601 4910 putat
2641 4839 2986 4894 Prudentium
3027 4840 3310 4908 scripsisse
3337 4839 3497 4906 nuda,

1917 4928 1964 4972 it
1991 4917 2228 4967 humens.

1990 4988 2080 5040 51.
2125 4983 2424 5038 Althelmus
2456 4981 2509 5035 in
2539 4981 2821 5048 aenigmate
2849 4979 2915 5034 de
2935 4978 3314 5048 pugillaribus;
3345 4977 3500 5031 Nunc

1921 5057 2044 5127 ferri
2075 5053 2316 5127 stimulus
2350 5053 2533 5127 {aciem
2570 5047 2848 5127 proscindit
2876 5065 3124 5127 apiaenam
3157 5047 3420 5127 Flexibus,
3454 5057 3498 5100 et

1920 5116 2072 5180 sulcis
2115 5116 2360 5192 obliquat
2379 5123 2445 5175 ad
2485 5116 2648 5176 instar
2676 5123 2858 5174 aratri.
2902 5119 3136 5192 ln_stylo
3174 5116 3421 5192 stimulus
3449 5127 3501 5170 ct

1920 5210 2141 5249 acumen
2167 5186 2248 5247 esi
2279 5208 2398 5262 pars
2424 5201 2576 5246 acuta
2607 5192 2730 5246 ferri
2771 5189 3018 5262 aut_;cris
3038 5186 3140 5255 qua
3172 5186 3496 5262 scribebant.

1921 5267 2108 5319 Cicero
2131 5266 2196 5318 de
2224 5257 2372 5318 Oiat.
2409 5281 2421 5315 :
2459 5263 2645 5316 Omnia
2661 5262 2750 5316 sub
2779 5260 2907 5331 styli
2922 5273 3131 5311 acumen
3161 5257 3386 5331 subeant,
3410 5273 3502 5331 ne-

1923 5352 2060 5388 cesse
2081 5345 2172 5388 est.
2206 5335 2385 5388 Altera
2413 5343 2530 5388 erat
2559 5335 2680 5404 styli
2709 5328 2840 5402 pars
2863 5330 3016 5404 plana
3043 5341 3145 5404 qua
3177 5328 3375 5394 scripta
3403 5328 3496 5380 de-

1924 5407 2188 5460 le-bantur.
2239 5405 2371 5458 llinc
2411 5396 2876 5474 styluntluertcre,‘
2906 5396 3036 5466 stylo
3091 5397 3502 5474 depascere_pro

1924 5477 2199 5546 corrigere,
2244 5465 2480 5546 mutare:
2505 5478 2560 5527 S.
2596 5465 2961 5546 Hieronymus
2992 5478 3077 5532 O'p.
3121 5467 3187 5546 ὃς)
3217 5466 3296 5546 vel
3327 5465 3385 5520 51
3421 5466 3501 5546 ⁸τιιι

1923 5536 2272 5600 Domnionem
2304 5562 2318 5597 :
2350 5545 2552 5600 Stultus
2591 5556 2698 5609 ego,
2723 5539 2806 5606 qui
2836 5552 2912 5589 me
2946 5536 3218 5609 putaverint
3247 5537 3353 5588 lucc
3380 5536 3499 5609 abs:

1921 5632 2017 5685 que
2059 5614 2376 5681 philosophis
2419 5614 2544 5666 scire
2584 5606 2902 5685 non-posse;
2943 5607 3029 5674 qui
3086 5606 3504 5685 ntelioreinustyli

1916 5679 2113 5754 partem
2137 5703 2244 5740 cam
2266 5679 2492 5753 legerim,
2524 5695 2638 5748 qua:
2680 5679 2888 5742 deleret,
2919 5693 3069 5747 quam
3099 5692 3210 5747 qua:
3245 5680 3504 5732 scriberet.
