3994 6176
532 253 597 308 39
1591 242 1870 298 AURELII
1905 241 2260 297 PRlIDENTil
2300 241 2621 298 CABMINA.

739 367 854 434 Qua
873 373 1022 435 parte
1047 363 1215 418 aratis
1238 376 1360 417 cera
1392 361 1553 415 sulcis
1579 361 1827 415 scribitur
1853 378 1864 411 :

673 459 737 512 Et
759 473 859 526 qua
885 457 1018 513 secti
1047 456 1224 528 apices
1250 453 1553 517 abolentur,
1596 462 1651 505 et
1680 453 1910 520 aequoris
1941 450 2062 504 hirti
2100 437 2105 442 ’

747 549 949 601 Rursus
981 547 1245 599 nitescens
1267 545 1548 596 innovatur
1563 556 1707 596 area.

502 641 568 695 55
676 639 810 692 lliuc
840 637 1036 690 foditur
1055 635 1249 690 Christi
1272 633 1568 698 confessor,
1589 642 1643 686 et
1665 631 1789 686 inde
1810 639 2025 687 secatur
2048 647 2060 682 :

751 727 960 798 1058
992 726 1119 779 Pars
1151 725 1329 778 viscus
1360 724 1526 777 intrat
1557 722 1738 790 molle,
1769 736 1894 790 pars
1923 719 2066 774 sciu-

1664 811 1762 884 [dit
1793 820 1990 866 cutem.

673 907 863 962 Omnia
893 905 1131 961 membra
1163 919 1351 958 manus
1383 902 1581 970 pariter
1604 904 1767 957 fixere
1803 903 2070 966 ducentae,

750 999 1102 1067 Totidemque
1131 1005 1292 1065 gutta:
1323 995 1599 1048 vulnerum
1629 994 1837 1049 stillant
1858 993 2037 1048 simul.

674 1090 839 1159 Major
859 1099 1026 1142 tortor
1047 1097 1182 1152 erat,
1198 1086 1286 1154 qui
1315 1101 1520 1140 summa
1545 1093 1856 1154 pupugerat,
1876 1084 2072 1150 infans,

447 1213 450 1216 λ
502 1179 565 1237 30
749 1179 916 1246 Quam
944 1179 1033 1248 qui
1067 1176 1322 1242 profunda
1351 1175 1649 1243 perforarat
1680 1176 1906 1228 viscera.

680 1270 768 1324 Ille
793 1270 950 1334 levis,
983 1257 1231 1336 quoniam
1264 1280 1550 1334 percussor
1574 1274 1745 1320 inerte
1776 1273 1965 1334 negata

750 1358 950 1414 Saevire
979 1356 1108 1411 solis
1130 1357 1233 1410 scit
1260 1355 1504 1409 dolorum
1533 1355 1770 1423 spiculis.

679 1449 776 1504 llic
798 1457 997 1519 quanto
1027 1447 1250 1502 interius
1278 1445 1461 1499 vitalia
1491 1445 1703 1501 condita
1729 1445 1923 1514 pulsat,

751 1541 875 1594 Plus
900 1539 990 1594 dat
1010 1537 1252 1602 medelas,
1270 1536 1393 1591 dum
1423 1550 1607 1591 necem
1631 1551 1794 1605 prope
1814 1534 2060 1603 applicat.

507 1631 578 1687 65
683 1631 830 1698 Este,
863 1645 1070 1698 precor,
1101 1627 1285 1691 fortes,
1314 1636 1366 1680 et
1387 1625 1582 1679 vincite
1611 1626 1809 1679 viribus
1839 1639 2008 1677 annos
2039 1665 2056 1674 -

3644 248 3736 303 4ὂο

2409 361 2560 426 Quod
2584 357 2720 416 desit
2740 376 2872 428 ravo,
2907 361 3150 428 suppleat
3178 362 3487 416 crudelixas.

2350 450 2457 505 Sed
2489 451 2627 504 male
2653 460 2878 505 conatus
2907 462 3080 515 tener,
3115 451 3468 517 inﬁrmusque
3499 449 3691 503 laborat
3728 494 3737 506 .

2417 538 2705 593 Tormenta
2734 549 3003 598 etest-unt.
3032 539 3157 592 dum
3191 538 3386 591 fatiscit
3417 539 3671 592 carnifex.

2351 631 2483 699 Quid
2509 632 2724 700 gemis?
2751 634 3017 687 exclamat
3042 633 3280 702 quidam,
3309 642 3421 687 tute
3452 634 3563 702 ipse
3585 636 3742 702 magi-

3548 725 3676 796 [star

2171 813 2239 865 70
2419 813 2559 866 Istud
2585 814 2775 868 dedisti
2809 815 3026 878 ferrum,
3058 824 3111 871 et
3137 817 3354 871 armasti
3381 832 3586 871 manus.

2361 901 2653 957 lleddimus
2680 919 2806 960 ecce
2835 905 2926 958 tibi
2957 914 3063 958 tam
3092 907 3253 959 millia
3289 908 3454 960 multa
3485 915 3740 965 notarum,

2428 992 2597 1058 Quam
2622 994 2834 1058 stando,
2857 993 3056 1060 ﬂendo,
3086 1006 3136 1050 te
3157 998 3402 1059 docente,
3425 996 3743 1063 excepimus.

2365 1084 2576 1154 1059
2617 1085 2732 1139 Non
2781 1099 2932 1154 p0tes
2981 1089 3172 1152 irasci,
3237 1088 3378 1157 quod
3424 1088 3744 1142 scribimus:

3264 1183 3413 1254 [ipse
3433 1179 3681 1247 jubebas,

2427 1262 2708 1334 Nunquam
2730 1266 2966 1336 quietum
3005 1269 3226 1324 dextera
3254 1278 3312 1322 ut
3339 1269 3503 1324 ferret
3528 1270 3720 1340 stylun.

2183 1354 2252 1407 7‘)’
2363 1356 2477 1410 Non
2507 1359 2736 1423 petimus
2766 1360 2923 1415 toties
2939 1369 2992 1415 te
3019 1371 3345 1430 praeceptore
3371 1371 3613 1430 negatas.

2423 1449 2596 1503 Avare
2622 1449 2830 1513 doctor,
2863 1451 2973 1518 jam
3005 1451 3304 1505 scholarum
3335 1451 3520 1506 ferias.

2349 1537 2586 1610 Pangere
2642 1553 2833 1610 puncta
2871 1544 3032 1607 libet,
3065 1543 3332 1612 sulcisque
3376 1544 3613 1597 intexere
3652 1540 3754 1594 sul-

3623 1632 3754 1701 (ωε,

1810 1737 2096 1792 61.Οὸὃῶ
2140 1739 2480 1799 VETERES.

573 1860 662 1916 55.
696 1858 970 1927 Εαυοτίς.
998 1857 1246 1924 plauitiei,
1281 1855 1321 1908 Ι.

572 1931 661 1986 54.
696 1933 853 1993 Area,
889 1928 1148 1994 planities,
1182 1927 1220 1980 l.

574 1999 662 2055 56.
703 2001 909 2061 Viscus,
939 1999 1150 2062 viscera,
1185 1997 1222 2049 l.

577 2071 668 2124 69.
703 2070 921 2124 Summa
972 2073 1285 2136 pupugerat,
1327 2073 1570 2128 extrema,
1605 2064 1793 2118 scilicet
1826 2063 1990 2124 cutis;
2021 2062 2074 2113 id

510 2150 598 2206 rst,
625 2156 807 2210 parum
835 2138 1053 2202 ltcserat,
1082 2137 1120 2190 l.

2116 1852 2162 1911 B
2259 1855 2346 1908 65.
2371 1856 2618 1922 Condita,
2650 1861 2963 1923 abscondita,
2996 1860 3030 1913 I.

2266 1925 2355 1980 65.
2389 1929 2536 1994 Este,
2568 1939 2744 1990 estote,
2779 1931 2815 1983 1.

2258 1998 2345 2050 76.
2378 1997 2580 2064 Ferias,
2615 2001 2937 2064 cessationes,
2967 2003 3008 2053 Ι.

2258 2068 2344 2121 77.
2378 2069 2636 2138 Pangere,
2670 2070 2901 2139 inﬁgere,
2933 2071 2971 2123 Ι.

1848 2270 2400 2328 COMMENTARIUS.

511 2389 822 2459 Symposius
853 2388 907 2440 in
944 2384 1226 2459 aenigmate
1268 2384 1336 2438 de
1370 2382 1599 2459 graphio
1633 2381 1753 2459 sive
1791 2381 1938 2459 stylo
1963 2397 1975 2433 :
2006 2379 2084 2433 De

513 2451 705 2513 summa
751 2457 968 2524 planus,
1009 2451 1098 2508 sed
1134 2470 1230 2507 non
1269 2451 1584 2524 ego'planus
1627 2453 1680 2506 in
1725 2452 1848 2524 into,
1898 2451 2084 2503 Versor

513 2522 947 2595 utrinquemanu,
979 2526 1173 2577 diverso
1203 2532 1248 2577 et
1278 2522 1480 2595 munere
1519 2522 1724 2595 fungar.
1757 2522 1930 2595 _Altera
1961 2537 2081 2595 pars

514 2589 705 2654 revocat
725 2595 974 2664 quidquid
1000 2610 1120 2664 pars
1158 2595 1318 2646 altera
1349 2593 1486 2663 fecit.
1525 2591 1718 2644 Verum
1759 2589 1874 2664 haec
1904 2590 2082 2644 omnia

514 2685 545 2722 ει
587 2660 965 2721 ηυΙΙοόΙθί-ἰυε
1002 2660 1164 2730 "quam
1213 2679 1242 2716 a
1296 2660 1478 2716 nostro
1529 2671 1683 2728 poeta
1731 2660 2082 2728 explicantur,

515 2738 653 2806 quod
681 2735 978 2803 pluresjam
1002 2743 1272 2806 notarunt.
1301 2731 1693 2806 Formamstyli
1714 2732 1913 2806 veteris
1935 2730 2086 2806 ethi-

515 2799 605 2862 bet
652 2799 926 2873 Pignorius
971 2805 1037 2857 tle
1081 2803 1282 2866 Servis,
1337 2817 1474 2873 pag._
1504 2799 1635 2873 H2,
1675 2800 1762 2852 uhi
1811 2799 2082 2873 praemittit

520 2870 862 2931 Prudentium
906 2875 1177 2942 antiquam
1210 2871 1477 2926 scribendi
1516 2870 2089 2942 irationemnadamus-

519 2948 619 2999 sim
677 2937 1652 3012 explicuisseCSimilemimaginem
1705 2938 1827 3007 styli
1879 2937 2090 3012 profert

521 3006 852 3069 Hermannus
881 3013 1029 3080 Hugo
1049 3026 1167 3075 cap.
1200 3013 1254 3080 gl,
1284 3010 1370 3062 ubi
1403 3006 1848 3080 stylumferreum
1879 3008 1930 3060 iu
1959 3006 2088 3080 νυιτ

520 3096 639 3152 gata
666 3083 897 3152 editione
925 3076 1041 3152 cap.
1074 3095 1163 3152 xix
1189 3079 1288 3132 Job
1317 3076 1510 3152 celtem
1535 3078 1618 3131 vel
1655 3077 1860 3152 cmltem
1909 3076 2087 3129 vocari

520 3147 772 3206 afﬁrmat.
813 3151 980 3216 Quam
1025 3148 1329 3212 lectionem,
1375 3148 1563 3210 inquit,
1592 3147 1843 3216 omnium
1871 3159 2088 3216 accura-

522 3223 729 3276 tissime
778 3215 1008 3274 defendit
1049 3229 1101 3271 et
1137 3218 1422 3285 explicavit
1460 3215 1762 3285 Ludovicus
1797 3215 1988 3268 Molina
2035 3217 2088 3266 in

524 3292 692 3360 prima
721 3299 872 3360 parte
915 3289 976 3360 S.
1006 3284 1242 3360 Thomas,
1278 3301 1330 3360 q.
1361 3286 1451 3347 26,
1493 3295 1597 3360 art.
1623 3286 1696 3360 Α,
1736 3284 1875 3360 disp.
1917 3285 1981 3360 2,
2006 3285 2094 3338 ubi

523 3354 820 3430 probat—ex
854 3357 1061 3430 Lexicis
1095 3367 1150 3430 et
1191 3354 1578 3430 Orthographia
1621 3354 1858 3430 Manutii,
1890 3356 2094 3430 emltem

526 3424 645 3485 esse
672 3429 870 3482 ferrum
901 3425 1266 3493 sculptor-ium,
1297 3428 1373 3478 sic
1400 3425 1597 3478 dictum
1621 3439 1649 3475 a
1679 3424 1929 3493 ctelo,ﬂvel
1959 3425 2099 3476 anti-

527 3515 631 3567 quo
663 3498 822 3551 verbo
849 3492 1032 3567 ctrllo,
1064 3496 1200 3567 quod
1235 3495 1498 3560 signiﬁcat
1534 3494 1691 3567 cardo.
1726 3493 1782 3567 In
1811 3492 2100 3567 orthogra-

529 3564 650 3636 pltia
680 3567 894 3621 Manutii
929 3565 1090 3619 verbo
1119 3566 1292 3636 cloaca
1316 3565 1603 3636 inscriptio
1617 3564 1928 3627 sepulcralis
1968 3564 2096 3620 Ser-

527 3633 600 3692 vii
625 3647 717 3690 aut
759 3636 928 3704 Sergii
957 3636 1196 3689 Polensis
1229 3635 1440 3704 legitur,
1475 3633 1561 3704 ubi
1593 3633 1708 3704 haec
1735 3644 1858 3686 sunt
1887 3637 2048 3688 verha
2080 3650 2096 3687 :

531 3707 796 3770 Mallealo,
823 3703 880 3760 et
897 3707 1023 3758 celte
1051 3705 1302 3758 litteratus
1323 3705 1469 3758 silex.
1495 3703 1760 3757 Plurimos
1787 3705 1887 3757 hoc
1907 3719 2100 3757 monu-

531 3785 768 3832 mentum
813 3776 1044 3842 decepit,
1101 3777 1242 3844 quod
1285 3775 1482 3829 saeculo
1511 3789 1581 3827 xv
1627 3771 1912 3828 conﬁctam
1963 3775 2100 3828 inter

531 3846 851 3902 eruditiores
881 3853 1110 3899 constat.

600 3917 686 3970 52.
721 3915 778 3969 ln
808 3915 1074 3968 nonnullis
1102 3913 1244 3981 vulg.
1278 3915 1437 3976 male,
1461 3927 1623 3966 cerea.
1669 3911 1724 3966 ln
1754 3911 1918 3967 Torn.
1950 3911 2101 3966 deest

530 4001 665 4039 cera.
717 3984 952 4039 Latinius
997 3985 1244 4052 ascripsit
1269 3982 1465 4034 charta.
1522 3983 1633 4035 Hoc
1676 3995 1832 4036 versu
1877 3996 2100 4036 acumen

529 4056 653 4125 styli
675 4055 1009 4125 describitur.

601 4127 693 4180 55.
726 4124 849 4178 Haec
878 4133 960 4178 est
987 4121 1232 4191 planities
1271 4120 1384 4174 sive
1415 4118 1806 4191 latitudo_styli
1834 4132 1936 4187 qua
1965 4119 2098 4172 cha-

532 4207 769 4246 racteres
798 4187 1341 4259 scripti-delabantur,
1373 4199 1427 4244 et
1451 4187 1804 4259 innovabatur
1825 4202 1976 4259 cerea
2000 4198 2100 4259 ita-

533 4262 683 4323 bula,
733 4269 792 4312 ut
837 4257 1028 4312 iterum
1082 4260 1244 4313 scribi
1289 4268 1488 4326 posset.
1539 4258 1808 4312 Ausonius
1867 4257 2100 4311 tabulam

534 4345 707 4398 regnor
729 4327 860 4382 dixit
888 4328 1111 4398 loc.reit.
1139 4345 1153 4380 :
1185 4327 1248 4380 Et
1277 4338 1415 4381 mota
1439 4343 1588 4397 parce
1605 4327 1812 4380 dextera
1845 4326 1995 4398 Volat
2017 4345 2105 4394 per

535 4413 707 4520 teqtﬁmr
729 4413 946 4518 ceiieum.
995 4397 1074 4452 De
1102 4397 1200 4452 hac
1227 4413 1357 4452 voce
1386 4413 1560 4467 mquor
1583 4412 1768 4451 rursus
1807 4397 1862 4452 in
1907 4397 2104 4466 hynuto

537 4470 595 4520 b‘.
675 4468 793 4520 iooo
821 4469 913 4520 vti.

537 4470 595 4521 b‘.
626 4468 913 4534 Hippolyti.

2189 2381 2319 2435 Mar.
2344 2395 2372 2433 a
2394 2378 2560 2432 veteri
2593 2391 2774 2441 manu,
2798 2375 3112 2445 perfoderat,
3143 2377 3323 2446 Prag.,
3346 2379 3639 2448 perfoderit.
3665 2382 3759 2437 Le-

2191 2451 2422 2522 gendum
2453 2450 2758 2518 perforarat.

2265 2519 2355 2575 6|.
2389 2517 2579 2586 BOng.,
2611 2531 2911 2588 prtecurspr,
2940 2530 3045 2588 non
3069 2517 3223 2572 bene.

2259 2591 2347 2659 62.
2385 2585 2789 2659 Vat.’B,vM_a_r._.
2820 2585 2964 2659 Rat,
3001 2587 3278 2659 P_ra::eus.,
3311 2589 3530 2651 Widm.,
3569 2591 3759 2659 Bong.,

2190 2658 2418 2715 llailsbr.
2446 2673 2628 2725 supra,
2662 2656 2836 2722 Sich.,
2869 2657 3101 2715 solescit:
3129 2659 3321 2712 melius
3350 2662 3474 2713 solis
3501 2663 3615 2713 scit.

2264 2730 2351 2784 65.
2397 2727 2658 2799 Cellarius
2695 2736 2749 2780 et
2786 2726 3002 2799 Teolius
3043 2728 3138 2780 has
3179 2743 3333 2782 voces
3371 2733 3619 2799 martyris
3643 2745 3763 2785 esse

2191 2799 2396 2853 dicunt.
2425 2797 2527 2869 Sed
2559 2805 2782 2869 possunt
2817 2795 2978 2850 etiam
3005 2811 3126 2851 esse
3157 2800 3443 2863 narrantis,
3472 2795 3584 2866 qui,
3614 2803 3762 2869 quasi

2191 2884 2430 2938 przesens
2463 2867 2695 2929 adesset,
2741 2866 2807 2938 in
2832 2881 2924 2938 eas
2965 2870 3407 2938 voceseruperit.
3453 2866 3765 2924 Parrhasius

2190 2934 2356 2993 edidit
2384 2946 2508 2999 esto,
2539 2947 2591 2990 et
2618 2938 2669 2990 in
2701 2936 2841 2988 notis
2869 2936 2964 3002 ait,
2991 2945 3095 2990 esto
3125 2934 3212 2990 hic
3239 2934 3342 2991 non
3371 2954 3490 2994 esse
3519 2942 3764 3003 verbum,
3806 2942 3810 2944 ’

2192 3019 2283 3061 aut
2315 3005 2615 3061 afﬁrmandi
2649 3005 2985 3076 particulam,
3015 3005 3108 3060 sed
3151 3006 3396 3063 hortandi
3425 3009 3757 3066 adverbium.

2191 3079 2456 3134 Caeterum
2484 3079 2675 3130 merito
2701 3085 2884 3129 censet
2907 3076 3189 3145 legendum
3220 3085 3340 3131 este.

2264 3149 2354 3202 66.
2386 3146 2543 3214 Vulg.
2578 3145 2837 3204 nonnulli,
2868 3146 2997 3198 desit
3022 3160 3118 3214 pro
3145 3145 3290 3214 deﬁt.

2271 3218 2360 3291 69.
2387 3215 2595 3291 Vat._B,
2631 3215 2775 3275 Rat.,
2801 3215 2928 3291 Mar.
2962 3231 2989 3266 a
3018 3217 3190 3291 prisca
3215 3231 3393 3281 manu,
3427 3215 3493 3271 Ut
3514 3219 3638 3287 quid
3661 3222 3768 3291 jam

2199 3289 2378 3359 gentis,
2408 3286 2718 3359 egcrlantant,
2761 3295 2863 3336 tute
2890 3286 2998 3355 ipse
3026 3287 3282 3353 magister.

2271 3358 2360 3412 7i.
2393 3355 2539 3424 Ald.,
2569 3355 2660 3409 tibi
2699 3371 2854 3416 nunc,
2886 3364 2940 3408 et
2984 3370 3125 3410 vers.
3155 3372 3268 3423 seq.
3302 3372 3435 3424 quae.
3471 3355 3656 3421 Fabr.,
3689 3357 3772 3410 tibi

2194 3429 2327 3497 jam,
2356 3433 2411 3480 et
2454 3439 2636 3497 postea
2663 3425 2966 3497 qute._Gall.
3014 3441 3135 3497 cum
3162 3425 3331 3497 ifl‘oru.
3379 3435 3433 3480 et
3473 3426 3560 3480 ed.
3608 3426 3772 3480 Paris.

2203 3494 2412 3550 l’atrnn
2454 3495 2690 3548 adhaeret
2739 3495 3000 3548 Fabricio.
3032 3494 3314 3564 Plerique,
3345 3497 3506 3551 etiam
3548 3497 3777 3552 Parrba-

2199 3569 2332 3625 sius,
2363 3566 2558 3618 habent
2597 3575 2654 3616 ut
2678 3564 2965 3618 edidimus.

2271 3635 2360 3688 72.
2392 3635 2724 3697 Parrhasius,
2752 3651 2904 3702 quant
2928 3635 3133 3700 stando,
3156 3645 3202 3688 et
3223 3636 3414 3705 ﬂendo.
3449 3637 3609 3702 Man,
3641 3637 3777 3691 exci-

2200 3706 2399 3768 dimus;
2421 3719 2580 3772 supra
2613 3705 2830 3769 rectius,
2859 3707 3166 3771 excepimus.
3233 3718 3238 3723 '

2271 3777 2358 3828 75.
2382 3775 2560 3835 Prag..
2583 3774 2918 3840 scripsimus:
2946 3773 3136 3827 melius
3163 3775 3445 3829 scribimus.
3478 3777 3578 3829 ills.
3608 3776 3772 3830 codex

2198 3843 2556 3966 $.b1lllichaelis
2583 3844 2722 3914 apud
2757 3843 3114 3907 lluinartium,
3155 3845 3372 3909 vivebas,
3418 3848 3635 3910 vitiose,
3686 3862 3776 3914 pro

2201 3931 2256 3966 iu
2292 3930 2318 3966 ε
2351 3929 2428 3966 as.
3499 3945 3504 3950 .

2225 3929 2428 3967 uacuas.
3499 3945 3504 3950 .

2192 3934 2508 4038 Juo'lczﬁmt.
2529 3982 2592 4046 A,
2615 3983 2750 4054 PaL,
2781 3983 2916 4054 Αιι..
2934 3981 3160 4054 Cauch.,
3182 3983 3388 4037 dextera
3417 3945 3547 4052 ferre
3566 3986 3777 4054 stylum.

2200 4054 2416 4116 Ambr.,
2459 4053 2669 4104 dextera
2708 4052 2834 4121 fere.
2877 4052 3127 4107 Heinsius
3169 4054 3539 4122 suspicabatur
3574 4052 3781 4108 dextera

2203 4123 2326 4190 ferri
2361 4123 2572 4190 stglum,
2623 4122 2886 4193 quamvis
2909 4134 3162 4189 agnoscat
3190 4125 3352 4176 etiam
3383 4125 3434 4176 in
3466 4128 3604 4193 ferre
3631 4141 3659 4177 e
3685 4138 3775 4191 po-

2203 4201 2464 4261 stremum
2495 4205 2650 4258 posse
2675 4191 2891 4257 produci
2924 4193 2992 4245 ob
3021 4203 3065 4245 st
3084 4193 3331 4248 dictionis
3355 4191 3648 4261 sequentis.
3687 4194 3785 4245 Ve—

2203 4276 2318 4314 rum
2348 4259 2505 4314 lectio
2543 4262 2844 4314 communis
2883 4262 3123 4315 codicum
3162 4277 3265 4315 non
3307 4272 3390 4316 est
3425 4259 3779 4317 sollicitanda.

2206 4330 2358 4397 Apud
2389 4329 2727 4400 Ruinartium
2772 4340 2999 4385 metrum
3051 4332 3288 4385 vitiatum
3332 4341 3416 4387 est
3460 4334 3685 4400 quietum
3732 4342 3782 4384 ut

2206 4401 2413 4454 dextera
2439 4399 2609 4467 ferret.
2644 4397 2820 4470 [abeo
2859 4417 2978 4453 cum
3024 4413 3078 4454 ut
3106 4411 3248 4464 saepe
3271 4397 3614 4468 Prudentius,
3645 4418 3783 4470 saepe

2208 4470 2295 4522 alii
2327 4469 2887 4536 usurpant.,Notatum
2920 4485 2947 4523 a
2973 4472 3125 4524 nobis
3148 4473 3257 4536 jam
3287 4473 3413 4524 alibi
3439 4483 3537 4526 est.

608 4537 698 4591 55.
745 4537 1002 4607 Aenmine
1048 4537 1171 4605 διγῐί
1217 4536 1434 4602 foditur,
1479 4547 1689 4593 secatur
1724 4550 1853 4607 vero
1887 4536 2106 4601 planitie
2137 4540 2188 4600 D
2284 4540 2373 4592 77.
2411 4537 2558 4604 Ald.,
2591 4536 2704 4592 Gis.
2750 4539 2801 4592 in
2836 4549 3003 4605 textu,
3053 4542 3221 4595 codex
3258 4542 3603 4595 Buslidieusis
3650 4540 3783 4607 apud

537 4619 632 4660 seu
661 4613 809 4671 parte
832 4605 955 4658 lata.
985 4606 1116 4658 llinc
1146 4607 1418 4670 discimus,
1455 4607 1524 4659 ita
1557 4605 1829 4673 p'anitiem
1859 4607 1982 4676 styli
2015 4614 2108 4661 aut

539 4689 752 4743 semper
791 4685 882 4728 aut
913 4677 1174 4729 interdum
1205 4679 1366 4730 lui~se
1397 4677 1608 4740 factam,
1637 4685 1693 4728 ιιι
1719 4676 1784 4728 ad
1814 4677 2105 4730 secundum

537 4760 601 4798 ea
626 4743 771 4798 utilis
787 4753 942 4798 esset.
979 4745 1264 4801 Gregorius
1291 4745 1615 4801 Turonensis
1638 4747 1843 4799 loc.cit.
1870 4763 1882 4798 :
1911 4745 2105 4799 Secan.

537 4824 610 4868 tes
633 4812 986 4884 latitudinibus
1007 4812 1274 4881 stylorum,
1317 4818 1612 4884 punctisque
1629 4816 1834 4868 minutis
1856 4824 2106 4869 transver-

540 4887 766 4938 berantes
797 4883 1294 4955 ntembraptugistri,
1325 4883 1538 4952 dignum
1567 4886 1671 4938 Deo
1699 4897 1967 4955 martyrem
1990 4886 2109 4952 effe-

538 4963 712 5008 cerunt
744 4968 764 5007 .'
793 4953 932 5019 quod
961 4967 989 5004 a
1025 4951 1308 5004 Prudentio
1336 4951 1626 5007 mutuatur.

609 5022 698 5076 56.
750 5022 826 5076 Ex
858 5021 1044 5077 Servio
1072 5029 1218 5072 notat
1247 5021 1534 5086 Giseliuus,
1564 5024 1728 5078 viscus
1761 5039 1866 5078 non
1900 5033 2100 5078 tantum

539 5093 813 5158 intestina,
841 5091 932 5145 sed
964 5089 1217 5162 quidquid
1247 5089 1346 5141 sub
1366 5091 1516 5162 corio
1543 5101 1645 5157 est,
1676 5095 1994 5162 signiﬁcare.
2027 5096 2107 5149 Ab

540 5164 691 5216 initio
722 5163 878 5226 hujus
907 5160 1086 5231 hymni
1113 5161 1384 5231 hucusque
1411 5159 1745 5216 desideratur
1769 5165 1819 5215 in
1844 5165 1995 5231 Prag.

608 5233 698 5286 5⁸1.
734 5231 875 5295 Ald,.
903 5227 1073 5295 Sicb.,
1093 5238 1145 5283 et
1173 5227 1579 5298 Gall.,Acruentae
1601 5244 1694 5295 pro
1714 5227 1967 5296 ducenas,
1989 5245 2107 5298 quae

537 5309 619 5354 est
646 5301 779 5421 cogi:
801 5317 889 5355 um
934 5301 1112 5363 lectio,
1142 5307 1196 5352 et
1220 5295 1566 5352 conﬁrmatur
1599 5300 1857 5355 adverbio
1896 5295 2106 5370 pariter,

538 5383 590 5421 ΘΙ.
619 5380 705 5421 1οη
746 5387 844 5421 em.

538 5383 590 5423 et
619 5371 844 5424 totidem.

608 5441 696 5494 58.
726 5439 904 5508 Prag.,
938 5454 1026 5503 per
1048 5438 1289 5498 uulnera;
1318 5436 1818 5508 melittsvulnerum.

611 5506 982 5633 53.2%iesc'unda
1006 5509 1057 5562 in
1085 5516 1367 5578 pupugerat
1400 5506 1727 5576 producitur.
1754 5507 1884 5562 Vide
1905 5509 2106 5578 proleg.

537 5589 688 5632 num.
713 5589 840 5633 205.

609 5644 697 5699 60.
742 5646 796 5700 ln
845 5648 1112 5702 nonnullis
1145 5648 1316 5717 vulg.,
1362 5651 1640 5719 perforata,
1672 5647 1829 5704 male.
1875 5645 1994 5705 Vat.
2043 5649 2104 5718 Β,

2216 4607 2532 4671 Giselinum,
2561 4624 2803 4676 pungere,
2835 4609 2977 4677 quod
3009 4610 3246 4665 Giselino
3277 4612 3449 4676 placet
3478 4613 3548 4664 ob
3569 4611 3784 4679 elegan-

2217 4689 2322 4751 tem
2367 4680 2851 4751 agnominationem
2906 4696 3128 4751 pungere
3184 4689 3406 4746 puncta,
3463 4695 3583 4749 qua:
3633 4682 3786 4732 durat

2214 4748 2375 4819 etiam
2423 4748 2492 4819 in~
2517 4747 2694 4816 phrasi
2739 4747 3299 4819 sequenti,'sulcisque
3340 4747 3564 4804 intexere
3597 4751 3783 4802 sulcos.

2219 4818 2297 4871 Ad
2328 4817 2620 4886 marginem
2668 4822 2911 4889 apposuit
2951 4818 3174 4889 pingere,
3218 4817 3280 4874 iet
3307 4829 3522 4889 agnam
3550 4819 3692 4889 alios,
3716 4818 3787 4871 le-

2216 4902 2344 4954 gere
2372 4903 2622 4957 pangere,
2666 4886 2758 4940 sed
2792 4886 3053 4941 neutrum'
3073 4899 3177 4943 tam
3209 4886 3490 4943 ventismm
3522 4889 3621 4953 ipsi
3645 4887 3786 4940 vide-

2219 4959 2372 5009 hatur
2392 4971 2549 5026 quam
2579 4973 2818 5026 pungere.
2873 4958 3118 5026 Plerique
3165 4961 3329 5012 nostri
3377 4959 3554 5026 legunt
3587 4961 3788 5026 pingere

2213 5025 2355 5095 Vati.
2389 5027 2453 5090 A,
2486 5025 2547 5089 Β,
2594 5029 2770 5089 Alex.,
2819 5027 2972 5088 Man.
3027 5025 3170 5090 Rat.,
3222 5029 3375 5095 Prag.
3419 5025 3538 5082 cum
3571 5025 3786 5086 Weitz..

2213 5094 2413 5164 Widm.
2443 5110 2472 5147 a
2506 5094 2671 5160 prima
2704 5112 2882 5161 manu,
2913 5107 2963 5150 et
2990 5099 3130 5154 aliis.
3158 5094 3494 5164 Parrhasius,
3515 5099 3784 5155 Ambros.

2213 5175 2321 5236 tres
2350 5163 2644 5236 Heinsiani,
2690 5165 2891 5220 Widm.
2926 5181 3108 5236 supra,
3159 5169 3292 5232 PaL,
3350 5185 3597 5236 pangere,
3649 5167 3786 5232 quod

2212 5235 2382 5305 etiam;
2399 5233 2599 5305 habent
2630 5235 2819 5302 Boug.,
2868 5233 3052 5302 Fabri,
3101 5248 3157 5292 et
3202 5233 3501 5305 sequuntur
3529 5237 3786 5292 recentio-

2213 5318 2320 5376 res.
2353 5303 2626 5370 Siquidem
2655 5320 2872 5373 pangere
2902 5306 3058 5361 Festo
3090 5315 3174 5362 est
3217 5303 3371 5376 [igere
3391 5349 3406 5372 ,
3452 5308 3532 5362 sic
3573 5321 3786 5375 pangere

2215 5373 2432 5442 clavum,
2466 5388 2679 5442 pangere
2703 5375 2949 5441 plantam,
2983 5377 3082 5430 hoc
3103 5373 3284 5441 est,rin
3315 5387 3514 5432 terram
3536 5373 3782 5442 deligere.

2215 5441 2308 5494 His
2350 5443 2510 5503 addo,
2554 5441 2902 5498 Columellam
2951 5448 3140 5501 eodem
3189 5447 3353 5500 verbo
3402 5449 3455 5501 in
3503 5441 3684 5501 eadem
3728 5460 3785 5495 re

2214 5510 2413 5585 sacpius
2443 5525 2562 5585 esse
2586 5527 2757 5585 usum,
2790 5523 2844 5567 et
2871 5515 3055 5585 eadem
3089 5516 3420 5585 metaphora,
3473 5518 3564 5570 lib.
3594 5531 3644 5577 x,
3685 5514 3786 5566 Ceu

2215 5582 2382 5656 littera
2411 5582 2647 5656 progima
2672 5582 2850 5650 prima:
2883 5583 3136 5656 Ifangilur
3179 5582 3371 5640 iit—cera
3401 5587 3534 5640 docti
3558 5600 3787 5636 mucrone

2218 5652 2464 5720 magistri.
2500 5650 2600 5706 Pro
2630 5651 2852 5708 intexere
2882 5650 3110 5711 llailsbr.
3139 5658 3315 5714 minus
3342 5665 3485 5714 recte
3510 5657 3783 5709 intendere.
