3994 6176
205 280 301 338 Ml

461 388 652 444 Flexas
680 384 888 441 catenis
915 381 1175 453 impedire
1203 383 1455 450 virgulas.

393 479 662 537 Emendes
690 478 815 532 licet
841 478 1110 543 inspectos
1146 475 1304 543 longo
1343 476 1532 529 ordine
1573 491 1787 541 versus,

225 578 289 629 80
465 568 711 624 Mendosa
745 567 882 621 forte
910 565 1082 634 siquid
1112 566 1310 620 erravit
1337 580 1551 620 manus.

397 661 603 734 1060
625 660 831 714 Exerce
855 657 1134 727 imperium
1163 659 1288 727 :jus
1315 665 1398 712 est
1438 658 1529 712 tibi
1559 657 1790 726 plectere

1448 749 1465 820 [
1487 749 1716 818 culpam,

462 842 644 910 Siquis
662 849 872 894 tuorum
897 848 949 893 te
976 839 1176 894 notavit
1197 840 1432 908 segnius.

389 935 534 990 Talia
563 933 817 988 ludebant
841 932 991 1001 pueri
1018 945 1115 1002 per
1139 931 1376 986 membra
1401 932 1640 1000 magistri
1664 948 1677 983 :

459 1026 566 1080 Nec
593 1025 754 1094 longa
787 1025 981 1078 fessum
1010 1037 1170 1091 paena
1197 1022 1440 1078 solvebat
1465 1023 1660 1076 virum.

221 1117 285 1175 83
386 1116 620 1172 Tandem
641 1115 890 1169 luctantis
910 1113 1192 1168 miseratus
1211 1113 1278 1168 ab
1299 1112 1500 1170 aatbere
1520 1113 1780 1178 Christus,

456 1206 615 1260 Jubet
645 1205 842 1260 resolvi
868 1203 1100 1273 pectoris
1128 1203 1375 1272 ligamina
1401 1221 1416 1258 :

386 1299 750 1368 Dillicilesque
774 1310 952 1351 moras
979 1295 1192 1360 animae,
1232 1308 1295 1348 ac
1338 1294 1629 1348 retinacula
1660 1294 1779 1349 vita:

458 1390 706 1453 Relaxat,
729 1395 904 1442 arctas
927 1395 982 1440 et
1008 1386 1238 1440 latebras
1262 1383 1497 1452 expedit.

385 1480 635 1550 Sanguis,
669 1480 737 1532 ab
765 1479 976 1532 interno
998 1490 1254 1530 venarum
1279 1478 1422 1530 fonte
1446 1482 1690 1544 patentes

221 1572 283 1628 90
460 1570 582 1624 Vias
610 1579 847 1634 secutus,
875 1568 1075 1623 deserit
1089 1566 1412 1637 praecordia,

383 1663 594 1733 Totque
619 1661 966 1717 foraminibus
989 1660 1251 1730 penetrati
1281 1656 1524 1729 corporis
1551 1655 1660 1710 exit

1361 271 1919 329 PERISTEPIIANON
1964 273 2173 330 IIYMN.
2215 275 2305 330 IX.

3377 281 3480 338 “‘2

2155 386 2435 441 Fibrarum
2465 387 2724 442 anhelans
2750 389 2839 445 ille
2861 389 3036 446 vitalis
3063 393 3229 448 calor.

2076 477 2199 532 [hec
2248 487 2370 532 sunt
2427 494 2546 549 quae
2595 480 2813 549 liquidis
2865 498 3118 551 expressa
3181 484 3473 549 coloribus,

3145 575 3161 646 l
3187 585 3401 646 hospes,

2141 657 2385 714 Miraris:
2419 661 2516 715 ista
2545 671 2628 717 est
2657 661 2898 718 Cassiani
2928 665 3119 734 gloria.

1892 748 1961 804 95
2058 749 2317 818 Suggere,
2332 752 2518 821 siquod
2538 753 2702 809 habes
2716 754 2914 824 justum
2929 756 3010 810 vel
3023 756 3253 812 amabile
3268 766 3466 824 votum,

2145 841 2263 894 Tibi
2295 842 2446 911 siqua
2476 858 2600 912 spes
2625 842 2730 910 est,
2763 845 2936 914 siquid
2979 848 3118 902 intus
3145 858 3359 903 aestuas.

2062 931 2248 1000 Audit,
2299 934 2493 1002 crede,
2559 949 2742 1003 preces
2807 945 3012 1007 martyr
3073 939 3466 1006 prosperrimus

3141 1028 3390 1099 [omnes,

2140 1113 2345 1184 1061
2363 1111 2635 1184 natasque
2649 1114 2822 1169 reddit
2837 1130 2970 1184 quas
2987 1116 3130 1170 videt
3145 1118 3462 1186 probabiles.

2067 1207 2260 1270 Pareo,
2291 1204 2619 1273 complector
2641 1206 2926 1271 tumulum,
2962 1207 3224 1276 lacrymas
3251 1224 3465 1279 quoque

2134 1297 2284 1351 Altar
2311 1298 2531 1367 tepescit
2559 1313 2676 1363 ore,
2707 1311 2896 1354 saxum
2927 1309 3162 1368 pectore.
3238 1302 3461 1374 [fundo:

2071 1385 2211 1440 l‘uuc
2233 1400 2426 1441 arcana
2453 1387 2555 1442 mei
2586 1402 2878 1454 percenseo
2907 1399 3096 1444 cuncta
3124 1391 3322 1446 laboris
3349 1410 3391 1444 ε-

2135 1476 2283 1532 'l‘unc
2304 1522 2318 1545 ,
2351 1478 2488 1547 quod
2528 1478 2795 1548 petebam,
2825 1480 2964 1551 quod
3001 1481 3250 1535 timebam
3275 1523 3290 1548 ,
3327 1497 3461 1535 mur-

3195 1575 3392 1645 [muro,

2068 1657 2136 1712 Et
2157 1666 2277 1728 post
2308 1667 2454 1730 terga
2484 1660 2705 1716 domum
2735 1662 2894 1718 dubia
2917 1663 3016 1718 sub
3035 1672 3181 1719 sorte
3198 1664 3458 1729 relictam,

1889 1296 1991 1351 100

1513 1747 1800 1807 GLUSSE
1842 1748 2182 1806 VETERES.

285 1847 366 1901 78.
397 1845 684 1911 ltupedire,
717 1844 933 1910 volvere,
965 1844 1006 1898 Ι.

276 1917 358 1971 80.
387 1915 552 1981 Quid,
581 1916 796 1982 aliquid,
830 1916 869 1971 I.

279 1986 360 2039 8%.
392 1986 552 2052 Quis,
583 1986 769 2053 aliquis
796 1985 1183 2054 discipulorum,
1214 1986 1254 2040 1.

276 2058 357 2110 88.
393 2055 641 2122 Expedit,
669 2055 873 2118 exolvit,
902 2057 1154 2120 uacttavit,
1186 2055 1227 2109 Ι.

275 2126 359 2179 95.
390 2125 684 2194 Expressa,
726 2125 1026 2190 imaginata,
1052 2127 1091 2178 Ι.

273 2197 356 2250 05.
384 2197 646 2265 Suggere,
677 2194 848 2247 indica
878 2195 976 2260 illi,
1009 2203 1137 2262 pete.
1169 2225 1236 2235 —
1263 2195 1436 2263 Quod,
1467 2197 1682 2266 aliquid.
1712 2229 1782 2241 —

1807 1846 1856 1905 Β
1887 1842 2101 1906 Votum.
2132 1860 2348 1910 precem,
2382 1843 2423 1898 Ι.

1955 1918 2045 1972 96.
2075 1916 2315 1980 Ᾰιέθιυαδ,
2346 1916 2554 1981 cupias,
2585 1913 2622 1967 l.

1956 1989 2048 2058 99.
2082 1989 2268 2058 Pareo,
2293 1989 2490 2058 obedio.
2523 2017 2592 2026 —
2623 1983 3171 2058 Fundoaabtempero.
3203 1989 3246 2045 l.

1958 2056 2080 2111 100.
2112 2057 2329 2118 Saxum.
2359 2057 2720 2124 pavimentum,
2752 2056 2815 2117 l.,
2846 2057 2975 2110 Mar.

1963 2127 2087 2197 101.
2122 2125 2444 2191 Percenseo,
2473 2128 2781 2197 prazteritum
2807 2143 2899 2197 pro
2927 2129 3179 2196 prtesenti,
3211 2129 3250 2183 l.

1963 2195 2084 2252 105.
2111 2198 2355 2262 Domum,
2383 2212 2612 2258 uxorem,
2642 2196 2683 2250 l.

1553 2306 2114 2364 COMMENTARIUS.

217 2396 504 2452 Notandum
538 2398 589 2451 in
615 2397 817 2452 Eulalia
846 2398 1027 2465 plagas
1050 2407 1105 2451 et
1131 2396 1355 2452 verbera
1381 2397 1560 2451 vocari
1608 2408 1779 2462 notas,

215 2477 262 2522 et
282 2469 608 2538 scriptionem
650 2467 1010 2532 metaphorice
1063 2483 1204 2538 vers:
1233 2469 1300 2522 55
1321 2507 1336 2528 .
1371 2466 1582 2538 Eulalia
1608 2485 1785 2538 nume-

215 2548 341 2591 rante
367 2536 540 2594 notas.
577 2538 826 2592 Scriberis
851 2554 963 2592 ecce
991 2538 1134 2599 mihi,
1170 2537 1408 2591 Domine.
1463 2536 1573 2591 Hac
1597 2537 1782 2592 eadem

214 2610 516 2672 metaphora
568 2607 784 2661 Plautus
804 2608 1020 2676 aliique
1064 2607 1142 2661 usi
1185 2619 1330 2672 sunt,
1381 2615 1436 2660 et
1462 2621 1603 2661 nunc
1633 2608 1784 2676 pueri

214 2677 487 2731 illudentes
512 2679 766 2746 magistro
789 2674 1062 2731 Cassiano.
1089 2677 1324 2732 Catullus
1353 2691 1524 2731 carm.
1554 2674 1666 2731 25—:
1701 2677 1784 2730 Ne

213 2747 399 2800 laneum
438 2748 766 2810 latusculum,
808 2759 1042 2815 naresque
1071 2748 1371 2801 mollicellas
1403 2746 1585 2800 lnusta
1615 2749 1779 2811 turpi-

213 2826 278 2870 ter
305 2818 388 2870 tibi
425 2819 638 2886 ﬂagella
665 2818 1058 2871 conscribillent.
1096 2817 1194 2872 Ubi
1220 2819 1393 2873 obiter
1417 2828 1547 2871 noto
1575 2818 1776 2885 eorripi

214 2903 240 2940 a
263 2887 470 2941 Catullo
500 2890 726 2955 primum
759 2891 775 2939 i
806 2889 854 2940 in
883 2887 1258 2941 conscribillent
1281 2905 1307 2942 :.
1331 2887 1470 2956 quod
1499 2897 1775 2954 peccatqu

213 2958 250 3009 si
276 2958 580 3011 admisisset
621 2957 958 3027 Prudentius,
1003 2967 1131 3027 quot
1175 2958 1505 3027 grammatici
1554 2958 1605 3011 in
1653 2972 1774 3010 eum

215 3028 666 3083 insurrexissent?
691 3026 950 3081 Craterum
982 3026 1094 3081 haec
1123 3026 1238 3093 ipSa
1262 3026 1568 3096 metaphora
1601 3027 1774 3081 adhuc

213 3111 452 3151 sermone
481 3099 665 3152 Ital'co
692 3098 990 3152 celebratur
1009 3099 1272 3167 gra/ﬁare,
1327 3098 1468 3164 quod
1495 3109 1574 3151 est
1607 3112 1776 3165 ungu-

215 3167 718 3237 lisconscribillare,
771 3177 824 3222 et
849 3168 1041 3221 dicitur
1088 3184 1116 3221 a
1163 3169 1401 3237 graphio,
1453 3175 1511 3220 ut
1548 3169 1776 3222 advertit

215 3206 510 3304 Vulpiu:atl
540 3208 731 3290 Catulli
763 3206 1116 3292 mirm‘e'nuéST
1130 3206 1344 3292 Videyitt
1372 3206 1612 3290 liomano.
1804 3206 1848 3269 Ο

175 3338 193 3356 .
215 3308 326 3373 557,
356 3307 620 3361 Charaxat
646 3308 816 3361 ambas
844 3309 1048 3376 ungulis
1072 3307 1398 3362 scribentibus
1427 3306 1615 3361 Genus.

273 3377 355 3432 78.
384 3378 780 3432 Cbamillardus
805 3378 858 3431 id
889 3378 1106 3446 intelligi
1150 3378 1224 3432 ait
1265 3387 1356 3430 aut
1385 3378 1450 3431 de
1480 3381 1618 3431 notEs
1647 3393 1778 3446 quas

215 3445 456 3511 diximus,
503 3457 596 3501 aut
640 3447 708 3502 de
755 3450 1021 3512 scriptura
1059 3445 1280 3512 Runica,
1335 3462 1436 3516 qua
1468 3447 1628 3502 Gothi
1657 3460 1776 3502 ute-

214 3517 391 3587 bantur
417 3527 701 3587 antequam
728 3516 912 3574 Ullilas
955 3517 1159 3572 litteras
1202 3519 1281 3572 eis
1329 3519 1640 3579 invenisset.
1689 3527 1780 3571 aut

213 3585 272 3640 de
296 3585 572 3656 scribendi
599 3589 806 3641 ratione
837 3588 1087 3656 singulari
1129 3602 1231 3656 qua
1259 3587 1392 3642 Galli
1427 3588 1504 3640 usi
1534 3599 1658 3641 sunt
1688 3603 1776 3640 us-

215 3671 307 3722 que
329 3658 398 3710 ad
427 3655 716 3712 Chlodovei
751 3655 1011 3726 tempora.
1055 3657 1354 3726 Specimiua
1386 3657 1596 3710 illarum
1627 3669 1772 3710 vete-

217 3742 320 3779 rum
345 3729 729 3794 scripturarum
761 3728 1100 3782 Mabillonius
1143 3729 1192 3781 in
1230 3727 1488 3796 praeclaro
1517 3742 1680 3794 opere
1708 3727 1775 3782 de

217 3797 282 3850 Ite
307 3797 650 3859 diplomatica
683 3799 943 3859 exlnbuit.
986 3797 1072 3851 ubi
1115 3797 1402 3851 observare
1449 3796 1571 3851 licet
1611 3797 1775 3851 ﬂexas

217 3812 282 3850 tte
307 3812 650 3919 oqnomauca
683 3812 943 3859 exuiuutt.
986 3812 1072 3851 unt
1115 3812 1402 3851 Observare
1449 3812 1571 3851 ucet
1611 3812 1772 3851 nexas

214 3867 354 3935 virgu
383 3881 444 3920 as
469 3867 987 3937 cateniscolligatas,
1020 3868 1133 3921 sive
1162 3867 1464 3937 impeditas.
1487 3936 1496 3937 ί
1516 3867 1652 3920 Vide
1679 3867 1772 3920 lib.

213 3949 248 3994 ι,
269 3953 386 4000 cap.
418 3937 470 4002 9,
499 3946 553 3990 et
592 3937 686 3991 lib.
712 3953 764 4002 v,
819 3936 926 3992 tab.
958 3953 1019 3992 ll.
1066 3937 1327 3991 Caeterum
1361 3936 1679 3992 Prudentius
1707 3937 1774 3990 de

214 4007 339 4076 uotis
367 4005 751 4072 Romanorum,
791 4023 923 4076 quas
960 4009 1186 4062 docebat
1223 4007 1530 4074 Cassianus,
1572 4023 1676 4061 nou
1707 4006 1776 4061 de

212 4075 320 4128 aliis
344 4077 692 4146 barbarorum
723 4075 914 4131 litteris
939 4077 1192 4146 loquitur.

275 4147 360 4200 83.
381 4145 681 4201 Genitivum
696 4147 858 4202 verbo
870 4145 1153 4202 miserandi
1169 4147 1406 4215 junctum
1422 4147 1543 4202 alibi
1567 4146 1774 4200 Bollan-

213 4213 344 4269 diani
372 4231 477 4270 non
503 4217 772 4285 legerant:
794 4216 888 4272 sed
912 4219 981 4270 ita
1005 4231 1071 4272 eo
1085 4213 1248 4271 verbo
1265 4218 1346 4271 usi
1364 4227 1484 4271 sunt
1498 4218 1660 4274 Silius
1677 4217 1772 4270 lib.

214 4296 286 4350 at,
308 4300 442 4340 vers.
462 4286 589 4347 581.
615 4286 898 4354 Minucius,
925 4287 1117 4342 Accius
1141 4288 1278 4354 apud
1307 4287 1553 4353 Nouium,
1579 4298 1633 4342 et
1658 4288 1770 4339 alii.

275 4357 360 4408 87.
391 4357 524 4409 Mar.
556 4371 584 4408 a
617 4359 782 4424 prima
812 4372 990 4422 manu,
1019 4357 1349 4424 diﬁicilisque.

277 4427 363 4480 88.
395 4426 542 4489 ΑΜ..
570 4425 682 4481 Gis.
718 4427 883 4494 prima
915 4431 1024 4492 ed.,
1052 4427 1268 4481 Relaxot
1293 4436 1457 4492 artus,
1479 4435 1525 4479 et
1554 4426 1774 4480 latebras

216 4497 427 4562 capedit.
462 4497 598 4563 PaL,
629 4499 752 4548 istas
781 4511 876 4563 pro
901 4509 1087 4550 arctas.

1889 2397 1981 2463 21,
2011 2407 2066 2452 et
2093 2398 2474 2471 Hieronymum
2505 2399 2661 2467 epist.
2707 2399 2778 2454 55
2817 2399 2882 2471 ad
2925 2399 3218 2468 Riparium.
3263 2401 3455 2459 Verum

1891 2479 2081 2523 auctor
2108 2469 2628 2524 Commentariorum
2669 2471 2721 2524 in
2755 2469 2927 2538 Epist.
2968 2471 3032 2522 ad
3067 2471 3290 2528 Roman.
3335 2476 3455 2539 (tle-

1888 2553 1993 2608 que
2021 2539 2161 2592 enim
2193 2540 2506 2592 Ambrosius
2534 2555 2692 2594 verus
2720 2551 2802 2594 est
2831 2541 3047 2608 auctor)
3087 2540 3214 2593 nihil
3246 2558 3310 2594 eo
3342 2543 3456 2594 loco

1887 2607 2061 2673 aﬂ'ert,
2091 2609 2230 2678 quod
2268 2608 2586 2673 Prudentio,
2630 2609 2771 2678 quod
2805 2625 2930 2662 vero
2969 2607 3276 2676 Ambrosio,
3316 2613 3456 2678 quod

1887 2678 2144 2731 doctrinm
2175 2679 2450 2733 catholicas
2478 2679 2544 2731 de
2593 2679 2925 2732 invocatione
2957 2687 3256 2732 sanctorum
3288 2696 3456 2745 oppo-

1889 2757 2062 2818 natur.
2091 2747 2446 2817 Hieronymus
2472 2747 2537 2800 ad
2569 2747 2843 2815 Riparium
2893 2749 3075 2803 scribit
3099 2761 3279 2802 contra
3318 2751 3455 2818 Vigi-

1885 2817 2130 2878 lantinu,
2163 2819 2251 2886 qui
2283 2833 2412 2870 ausu
2433 2837 2442 2860 ι
2472 2827 2552 2873 est
2575 2835 2629 2872 os
2651 2819 2884 2888 foetidum
2910 2819 3128 2883 aperire,
3152 2828 3199 2871 et
3222 2817 3452 2880 putorem

1883 2889 2268 2956 spurcissimam
2312 2898 2488 2940 contra
2535 2901 2822 2942 sanctorum
2869 2900 3146 2957 martyrum
3193 2888 3454 2956 reliquus,

1884 2966 1931 3010 et
1948 2975 2069 3027 nos,
2093 2958 2178 3027 qui
2207 2975 2292 3011 eas
2320 2960 2638 3027 suscipimus.
2669 2960 2931 3021 appellare
2951 2959 3246 3021 cinerarios,
3276 2970 3321 3012 et
3347 2961 3456 3011 ido-

1881 3026 2116 3090 lolatras,
2148 3030 2235 3096 qui
2264 3026 2577 3081 mortuorum
2612 3029 2872 3081 hominum
2902 3045 3013 3081 ossa
3043 3043 3452 3082 veneremur.....

1885 3096 2212 3150 Honoremus
2241 3107 2412 3169 autem
2437 3099 2678 3169 reliquias
2704 3110 3004 3167 martyrum,
3049 3109 3102 3150 ut
3150 3114 3263 3151 eum
3307 3103 3455 3169 cujus

1882 3177 2002 3220 sunt
2031 3177 2275 3236 martyres
2306 3167 2593 3221 adoremus.
2628 3168 2675 3220 Η
2684 3185 2960 3222 oneramus
2985 3184 3174 3231 servos,
3209 3177 3264 3221 ut
3293 3167 3455 3222 honor

1880 3253 2132 3290 servorum
2163 3238 2407 3291 redundet
2433 3239 2501 3290 ad
2533 3237 2824 3291 Dominum.
2857 3238 2991 3304 Quid
3022 3237 3134 3290 haec
3160 3247 3344 3292 contra
3377 3240 3455 3292 in-

1883 3308 2213 3361 vocationem
2245 3307 2588 3361 sanctorum?
2633 3307 2801 3373 Negat
2843 3310 3056 3377 quidem
3100 3306 3456 3377 Hieronymus

1883 3379 2132 3443 reliquias
2162 3388 2462 3433 sanctorum
2491 3387 2780 3446 martyrum
2810 3378 3061 3432 colendas
3083 3385 3135 3430 et
3155 3377 3455 3432 adorandas

1880 3461 2021 3502 esse.
2055 3447 2159 3502 Sed
2191 3448 2562 3514 uegantetiam
2607 3449 2872 3511 catholici,
2925 3447 3012 3515 qui
3065 3449 3234 3500 solum
3267 3447 3448 3514 hujus-

1879 3518 2025 3571 modi
2051 3517 2333 3582 vocabula,
2364 3531 2393 3570 a
2424 3517 2604 3570 multis
2635 3518 2730 3571 SS.
2767 3518 3009 3572 Patribus
3040 3527 3289 3584 usurpata
3313 3558 3327 3577 ,
3353 3520 3442 3568 ad.

1879 3586 2051 3640 hiberi
2101 3600 2258 3655 posse
2295 3587 2617 3648 concedunt,
2663 3589 2900 3653 exposita
2952 3589 3229 3641 commoda
3259 3588 3450 3641 distin-

1877 3655 2054 3710 etione
2079 3657 2146 3710 de
2174 3657 2320 3710 cultu
2347 3665 2440 3709 aut
2467 3656 2779 3710 adoratioue
2803 3657 2966 3710 Iatrize
2991 3669 3046 3711 et
3075 3656 3252 3709 dulim.

1951 3726 2040 3800 98.
2074 3727 2252 3800 Pra‘g.,
2300 3725 2478 3800 redde,
2513 3740 2811 3800 perperam.
2847 3725 3193 3800 hiennitare,
3227 3725 3444 3800 κνοω..

1881 3796 2076 3859 reddet,
2111 3797 2285 3850 minus
2315 3797 2471 3850 bene.
2520 3795 2776 3859 Hailsbr.,
2825 3795 2968 3848 vidit.
3019 3795 3241 3849 Metrum
3286 3797 3449 3862 exigit

1878 3866 2030 3920 videt.
2065 3867 2180 3918 Vat.
2213 3865 2258 3918 X
2289 3865 2565 3927 mendose,
2597 3875 2834 3934 ratasque
2865 3864 2969 3917 Deo
2997 3864 3194 3918 reddet.

1947 3937 2036 3992 99.
2066 3935 2253 3992 Glossa
2283 3934 2451 3988 lsonis
2481 3935 2664 4004 fundo,
2697 3932 3006 4002 abtempero,
3040 3934 3252 4004 videtur
3270 3932 3443 3999 appli-

1877 4007 2047 4087 canda
2070 4005 2234 4087 verbo
2259 4021 2430 4087 pareo,
2463 4006 2664 4087 scilicet
2696 4021 2870 4087 pareo,
2903 4004 3098 4087 obedio,
3140 4003 3444 4087 obtempero.

1949 4077 2071 4130 100.
2104 4071 2342 4130 Latinius
2383 4076 2620 4130 correxit
2665 4071 2831 4128 altare
2859 4091 2876 4127 :
2929 4075 3151 4141 probum
3182 4083 3260 4127 est
3289 4071 3442 4124 altar.

1881 4145 2000 4200 Vat.
2034 4145 2076 4199 Χ
2125 4155 2395 4213 corrupte,
2442 4145 2614 4198 Altare
2656 4160 2807 4214 posco
2850 4159 2963 4214 ore.
3002 4145 3189 4214 Alex.,
3223 4144 3443 4210 tepessft,

1878 4224 2176 4271 correctum
2209 4212 2303 4285 per
2331 4218 2554 4281 tepescit.
2591 4212 2966 4285 H_ujuscemodi
3011 4212 3223 4284 pietatis
3267 4226 3443 4285 exem-

1877 4288 2021 4351 plum
2057 4282 2404 4354 praecesserat
2433 4287 2484 4338 in
2515 4285 2570 4338 S.
2610 4282 2864 4352 Gregorio
2894 4282 3132 4354 Nysseno
3162 4292 3297 4354 orat.
3328 4283 3361 4336 5
3391 4282 3443 4334 ἰη

1878 4351 2234 4424 Quadraginta
2267 4351 2563 4425 martyres:
2611 4351 3168 4425 lpsamqueisacrarunt
3195 4351 3435 4425 reliquia-

1877 4442 1988 4494 runt
2019 4423 2214 4480 thecam
2241 4423 2475 4494 lacrymis
2502 4425 2690 4478 amaris
2719 4424 2929 4492 aspersi.
2973 4423 3246 4494 Lacrymte
3273 4423 3439 4494 genti:

1881 4491 2007 4549 lium
2034 4497 2099 4549 ad
2131 4510 2252 4549 aras
2277 4491 2514 4552 deorum.
2564 4494 2631 4547 de
2683 4496 2872 4562 quibus
2902 4493 3181 4546 Broverius
3226 4505 3344 4558 cap.
3379 4491 3446 4544 ‘23

275 4564 363 4636 89.
396 4565 684 4630 Mariettus,
715 4562 1014 4633 patescens;
1057 4582 1236 4635 supra,
1270 4574 1495 4636 patentes
1515 4608 1527 4632 ,
1557 4567 1763 4620 melius.
1803 4569 1851 4629 D
1875 4563 1943 4636 de
1964 4567 2207 4629 Adorat.,
2242 4581 2269 4618 a
2301 4565 2402 4636 piis
2423 4564 2844 4617 Christianorum
2876 4562 3145 4636 lactiymis,
3181 4564 3439 4631 ptenitcn-

276 4635 361 4708 93.
395 4636 666 4708 Horatius,
701 4637 794 4691 lib.
827 4653 902 4700 tv,
930 4637 1030 4692 ode
1058 4638 1110 4701 8,
1141 4635 1372 4708 Liquidis
1403 4638 1490 4690 ille
1521 4637 1772 4690 coloribus

219 4703 381 4775 Solers
410 4723 542 4758 nunc
567 4707 822 4760 hominem
846 4723 1048 4775 ponere,
1074 4703 1414 4762 nunc'Deum.

398 4775 515 4846 Vat.
551 4777 612 4838 Β,
638 4777 710 4829 ita
733 4792 751 4829 :
772 4773 979 4846 corrige
1003 4780 1118 4830 ista.

1875 4635 1961 4689 tite
1987 4651 2144 4689 causa
2177 4633 2330 4699 fusis,
2363 4633 2592 4688 immane
2621 4646 2874 4701 quantum
2901 4633 3171 4687 dill‘erunt.

1948 4706 2068 4760 102.
2089 4705 2326 4758 Latinius
2350 4706 2398 4757 in
2421 4704 2585 4756 Torn.
2609 4699 2846 4758 correxit
2869 4703 3102 4755 timebam
3122 4716 3216 4769 pro
3242 4699 3444 4754 timebo.

1873 4775 2144 4829 Parrhasii
2173 4774 2456 4842 singularis
2481 4785 2561 4827 eSt
2608 4775 2785 4833 lectio,
2833 4771 2962 4825 Tum
3012 4774 3147 4840 quod
3194 4771 3442 4842 petebam,

275 4844 360 4898 95.
397 4845 571 4914 Prag.,
606 4847 724 4898 Rat.
752 4862 780 4899 a
804 4839 972 4913 prima
1001 4863 1183 4916 manu,
1212 4847 1340 4901 Mar.
1365 4861 1394 4900 a
1416 4845 1588 4916 prima
1612 4860 1770 4901 manu
1871 4847 2103 4916 quodque
2149 4839 2386 4916 aveb'am,
2430 4859 2711 4916 murmuro.
2738 4845 2842 4916 _l)e
2873 4839 3260 4916 signiﬁcatione
3291 4839 3447 4916 huius

215 4914 375 4982 siquid
400 4916 569 4979 habes,
600 4931 703 4970 non
732 4917 802 4970 ita
831 4918 982 4972 bene.

277 4985 362 5038 9G.
389 4985 582 5053 Scripti
630 4997 935 5041 constanter
955 5001 1072 5040 cum
1095 4986 1230 5042 Aldo
1254 4995 1309 5041 et
1330 4986 1633 5051 Parrhasio,
1654 5003 1767 5052 spes

215 5053 355 5125 siqua
381 5057 468 5125 tibi
496 5064 590 5118 est,
619 5057 756 5123 quod
782 5072 902 5110 cum
936 5056 1077 5110 hiatu
1106 5058 1353 5110 sustineri
1388 5065 1580 5125 potest.
1613 5056 1764 5110 Gise-

215 5120 366 5196 linus,
398 5124 622 5180 fortasse
637 5120 712 5179 ἰιι
739 5126 790 5178 id
822 5127 1030 5186 vitaret,
1085 5127 1359 5196 tibiﬁsiqua
1386 5120 1497 5196 spes
1523 5136 1616 5178 est.
1667 5125 1768 5179 Fa-

213 5188 420 5260 bricius,
455 5212 582 5266 spes
621 5197 664 5248 si
716 5197 804 5248 tibi
853 5203 924 5248 est
963 5212 1084 5266 qua.
1138 5188 1422 5250 Weit'zius'
1455 5196 1772 5264 conjiciebat

215 5266 352 5329 siqua
379 5265 462 5317 tibi
491 5282 621 5333 spes,
657 5266 842 5330 siquid.

283 5333 562 5400 07.Alex.,
588 5337 740 5398 audi;
761 5349 941 5403 supra,
959 5335 1120 5400 audit,
1147 5333 1330 5402 probe.
1361 5334 1478 5388 Vat.
1506 5335 1564 5399 Β,
1585 5337 1768 5390 credo:

216 5404 534 5457 retinendum
570 5406 740 5458 crede.
782 5405 1039 5458 Cellarius
1086 5419 1299 5468 rursus,
1348 5419 1379 5459 e
1423 5407 1771 5473 gtatnmatico

217 5473 479 5540 theologus
530 5475 730 5538 lactus,
791 5474 1094 5540 hujusmodi
1151 5475 1539 5528 invocationem
1600 5476 1774 5528 labem

218 5540 333 5613 fidei
355 5553 521 5608 vocat,
555 5559 673 5610 quze
705 5559 819 5596 aavo
845 5545 1118 5599 Prudentii
1153 5543 1270 5607 fuit,
1310 5555 1403 5598 aut
1441 5559 1562 5600 esse
1589 5546 1773 5613 cmpit.

218 5609 326 5662 Nec
349 5614 492 5685 enim,
522 5609 616 5685 ait,
648 5615 873 5667 omnium
902 5615 1131 5685 ejusdem
1161 5615 1323 5667 retritis
1351 5614 1458 5667 ha'c
1484 5609 1778 5682 opinio,'vel

214 5695 353 5734 error
370 5683 483 5751 fuit.
510 5683 1174 5755 AllegatqtteAmbrosiuIn
1198 5685 1250 5738 in
1275 5685 1497 5739 lioman.
1533 5701 1548 5738 ι
1577 5699 1770 5740 comm.

1877 4908 2314 4969 vocis'murmuro
2338 4913 2442 4966 dixi
2474 4912 2537 4966 ad
2570 4927 2706 4967 vers.
2737 4912 2804 4965 36
2829 4913 3031 4980 praefat.
3067 4913 3156 4965 lih.
3179 4928 3193 4964 ι
3216 4908 3437 4980 ἱηδγιιι-

1875 4986 2051 5038 mach.
2095 4985 2246 5038 Adde
2271 4984 2580 5038 Broverium
2611 4984 2677 5036 de
2705 4979 2925 5036 Aderat.
2954 4997 3071 5048 cap.
3104 4981 3157 5043 8,
3208 4979 3294 5045 qui
3326 4992 3446 5048 pre-

1870 5065 2052 5109 cantes
2081 5055 2263 5108 solitos
2295 5067 2646 5116 murmurare,
2695 5067 2788 5107 seu
2819 5066 2948 5106 voce
2975 5051 3238 5104 submissa
3266 5047 3440 5116 loqui,

1875 5126 2055 5178 multis
2079 5124 2335 5196 exemplis
2368 5122 2595 5196 probat._
2638 5191 2650 5196 Δ
3158 5195 3161 5196 ν
3270 5189 3287 5196 ,
3326 5193 3333 5196 Α
3408 5185 3420 5196 .

1945 5197 2064 5250 105.
2099 5195 2179 5246 lso
2201 5189 2409 5245 domum
2430 5191 2676 5260 intelligit
2700 5205 2941 5250 uxorem,
2967 5197 3022 5242 et
3051 5195 3232 5260 postea
3259 5189 3440 5254 futuri,

1875 5264 2032 5331 ﬁlios.
2065 5262 2313 5336 Fortasse
2342 5263 2423 5317 hae
2453 5263 2569 5336 dua:
2598 5256 2786 5336 glosste
2814 5262 3085 5336 pertinent
3111 5256 3177 5309 ad
3202 5260 3442 5336 domum,

1875 5326 2108 5394 uxorem.
2153 5335 2330 5400 ﬁlios:
2360 5326 2762 5401 perinde'qttasi
2781 5326 2980 5401 domus
3010 5333 3176 5401 totum
3202 5326 3251 5378 id
3283 5326 3445 5401 signi-

1879 5403 2019 5458 ﬁcet.
2055 5393 2129 5458 Ex
2153 5393 2263 5457 hoc
2295 5393 2434 5463 loco.
2465 5413 2520 5458 ut
2543 5393 2690 5470 puto,
2742 5399 2920 5470 aliqui
2941 5395 3271 5470 collegerunt
3312 5393 3444 5470 [fru-

1877 5475 2114 5528 deutium
2149 5475 2308 5528 fuiSSe
2329 5463 2665 5542 conjuga'tum
2698 5509 2713 5531 ,
2741 5477 2802 5542 u_t_
2823 5463 3013 5534 legitur
3035 5465 3086 5542 in
3114 5465 3299 5542 codice
3324 5463 3442 5517 Vat.

1881 5544 1941 5610 F,
1975 5562 2118 5599 num.
2149 5545 2215 5598 77
2246 5535 2467 5613 prolegI,
2490 5535 2728 5613 inmota.
2762 5536 2953 5613 Verum
2986 5535 3443 5613 etiam_si_uxot_'etn

1879 5603 1987 5668 non
2017 5603 2260 5675 duxerit:
2282 5603 2424 5667 recte
2455 5607 2796 5665 nihilominus
2825 5606 3040 5658 domum
3067 5604 3158 5675 vel
3190 5603 3444 5658 familiam

1885 5685 2134 5740 habuisse
2181 5684 2411 5748 dicetur,
2463 5677 2720 5748 siquidem
2764 5675 2952 5732 domus
2980 5685 3030 5732 et
3057 5674 3274 5746 familia,
3321 5689 3442 5730 cum
