3994 6176
568 277 670 334 147

814 388 1018 444 llastile
1049 387 1208 442 ﬁxum
1237 385 1332 441 sed
1361 391 1542 438 manet
1565 383 1911 453 profundius,

565 481 636 537 50
814 479 922 533 Nec
947 494 1097 534 cassa
1123 479 1288 532 sentit
1314 490 1586 530 morsuum
1619 475 1875 543 pericula.

743 571 990 626 Galerius
1016 571 1164 624 orbis
1192 569 1329 623 forte
1359 567 1585 621 Romani
1612 575 1808 620 statum

815 662 1016 716 Ductor
1042 662 1278 730 regebat,
1306 671 1366 716 ut
1390 661 1559 716 rel’ert
1583 661 1895 730 antiquitas.

821 755 1069 817 Immitis,
1097 764 1271 818 atrox,
1301 769 1481 823 asper,
1512 751 1899 823 implacabilis:

814 844 1001 898 Edicta
1028 845 1133 900 late
1161 845 1418 900 mundum
1449 845 1501 898 in
1529 859 1742 899 omnem
1771 843 2012 906 miserat,

568 939 638 994 55
813 938 1089 999 Christum
1115 947 1355 1006 negaret.
1384 937 1612 1006 quisque
1637 935 1823 990 mallet
1847 935 2056 990 vivere.

749 1029 872 1083 lltec
902 1029 995 1082 ille
1023 1042 1246 1095 serpens
1271 1041 1368 1082 ore
1393 1027 1559 1082 dictat
1589 1026 1760 1095 regio,

821 1122 1028 1191 1067
1056 1120 1155 1186 Qui
1187 1128 1518 1173 mortuorum
1545 1117 1614 1172 de
1639 1116 1906 1188 sepulcris
1943 1117 2153 1179 exiens,

814 1212 1054 1267 Clamat:
1085 1212 1222 1279 Quid
1248 1221 1373 1264 ante
1404 1219 1616 1280 tempus
1642 1209 1874 1264 adventu
1905 1207 2014 1263 cito

815 1303 932 1360 Mea
959 1317 1122 1374 regna
1150 1302 1353 1359 solvis?
1385 1302 1571 1372 Parce,
1600 1301 1674 1356 illi
1703 1299 1990 1363 Altissimi,

1685 269 1958 326 AURELII
1997 263 2364 325 PRUDENTII
2405 261 2734 320 CARMINA.

2175 379 2324 443 Αω

3719 266 3812 323 με

2507 379 2599 432 Vel
2628 375 2906 446 possidere
2930 375 3091 431 corda
3120 390 3406 445 porcorum
3430 376 3574 448 jube.

2435 468 2724 524 Praefectus
2755 467 2872 522 istis
2903 468 3196 523 imminens
3225 470 3454 540 negotiis

2503 559 2870 629 Asclepiades,
2903 561 2981 616 ire
3009 560 3228 614 mandat
3255 562 3451 617 milites

2509 652 2749 706 Ecclesia
2780 661 2955 718 tenus,
2985 661 3149 721 atque
3172 653 3242 708 de
3267 655 3512 710 sacrariis

2507 745 2738 814 Raptarc
2766 744 2999 815 plebem,
3030 748 3440 816 mancipandam
3468 750 3706 816 v’ncnlis,

2257 838 2328 895 45
2505 839 2570 895 Ni
2597 839 2935 909 disciplinam
2963 841 3295 897 Nazarenam
3327 855 3544 912 respuat

2436 932 2552 988 Mox
2585 934 2720 1002 ipse,
2753 934 3008 1003 templum
3039 936 3282 1004 cogitans
3315 937 3628 1002 irrumpere,

2513 1025 2727 1096 1068
2762 1024 2832 1080 Et
2867 1023 3133 1096 dissipare
3163 1035 3352 1082 sancta
3387 1037 3685 1096 sanctorum
3717 1041 3814 1084 stu-

3596 1121 3756 1193 [ιίειιεν

2508 1209 2689 1264 Armis
2719 1209 2978 1279 profanus
3010 1212 3344 1280 pratparabat
3373 1213 3550 1281 impiis

2513 1301 2710 1356 Altaris
2736 1317 2886 1356 aram
2916 1301 3156 1357 funditus
3184 1305 3557 1373 pessumdare,

1880 1389 2168 1448 GLOSSAE
2208 1390 2546 1448 VETERES.

638 1512 728 1568 29.
762 1511 982 1573 liastile,
1007 1511 1228 1581 gladius,
1255 1509 1296 1563 1.

638 1584 728 1638 50.
763 1582 945 1645 Cassa,
969 1581 1166 1641 inania.
1190 1581 1230 1634 l.

640 1655 730 1706 3‘2.
761 1653 961 1716 Refert,
989 1661 1186 1715 narrat,
1219 1649 1254 1704 I.

639 1722 728 1777 56.
764 1723 946 1790 Legio,
969 1738 1081 1785 qua:
1103 1723 1176 1774 sic
1199 1728 1426 1782 vocatur,
1451 1717 1584 1773 Mar.
1608 1749 1678 1759 —-
1713 1717 1788 1772 De
1819 1717 2023 1790 legione,
2042 1717 2152 1769 dte-

569 1811 773 1845 mnnum
796 1809 930 1846 nunc
950 1792 1095 1856 dicit,
1111 1807 1221 1859 qua:
1243 1793 1497 1844 invaserat
1519 1789 1744 1843 homines
1767 1789 2024 1859 duos,qni
2049 1804 2151 1859 non

570 1864 622 1916 in
662 1865 923 1926 domibus,
963 1863 1050 1914 sed
1089 1857 1142 1916 in
1183 1861 1428 1932 sepulcris
1467 1861 1816 1932 morabantur.
1866 1858 1982 1912 Alia
2019 1857 2153 1912 illud

569 1934 898 2014 dmittOItjitm,
927 1934 1064 2014 quod
1095 1930 1305 2014 vocatur
1327 1930 1512 2014 Legiot
1535 1930 1654 1984 Vat.
1679 1934 1744 1984 Α.

640 2004 730 2061 40.
763 2003 880 2070 Vel,
906 2005 1105 2066 saltem,
1135 2005 1175 2058 Ι.

2183 1506 2226 1566 Β
2323 1503 2415 1561 45.
2451 1505 2689 1561 Ecclesia
2715 1515 2890 1573 tenus,
2919 1523 3078 1577 usque
3103 1507 3173 1560 ad
3200 1509 3485 1576 ecclesiam,
3508 1509 3550 1564 1.

2331 1577 2422 1647 44.
2455 1577 2888 1647 Mancipandam.
2913 1579 3199 1647 ligandam,
3224 1579 3263 1632 Ι.

2333 1645 2426 1718 45.
2459 1646 2805 1712 Nazarenam,
2831 1645 3196 1718 Christianam,
3222 1649 3288 1718 I.,
3312 1649 3444 1704 Mar.

2331 1716 2421 1772 46.
2455 1718 2596 1785 Ipse,
2623 1719 2912 1788 amfractus,
2938 1717 2979 1772 1.

2331 1788 2423 1842 49.
2456 1789 2678 1852 Alteris,
2714 1790 3036 1842 sacramenti.
3059 1819 3131 1831 --
3170 1788 3547 1851 Pessumdare.
3597 1791 3821 1857 perditum

2261 1859 2483 1924 tradere,
2510 1859 2588 1912 vel
2617 1861 2849 1927 perdere,
2892 1877 2997 1912 una
3037 1876 3157 1926 pars
3200 1869 3276 1914 est
3322 1862 3450 1916 sicut
3494 1864 3822 1916 circumdare:

2263 1931 2552 1996 pessumdo,
2580 1929 2636 1982 id
2661 1938 2735 1984 est
2763 1929 2944 2000 perdo,
2970 1929 3045 1984 vel
3073 1931 3291 2000 dissipa,
3319 1931 3360 1986 Ι.

1935 2089 2495 2168 COMMENTARIUS.

639 2207 731 2264 29.
765 2206 1100 2268 Parrhasius,
1129 2213 1326 2258 manat.
1359 2203 1590 2259 Metrum
1616 2202 1783 2270 exigit
1808 2210 1998 2255 manet.

645 2280 736 2333 50.
771 2278 953 2347 Prag.,
1003 2277 1110 2331 haec
1157 2291 1333 2338 cassa;
1383 2272 1577 2347 melius
1623 2288 1737 2347 nec.
1789 2272 2042 2347 Virgilius
2087 2288 2159 2326 xu

571 2347 725 2413 En,
779 2342 901 2402 Non
945 2363 1091 2401 cassa
1139 2347 1192 2399 in
1242 2356 1357 2399 vota
1403 2344 1620 2398 vocavit.
1679 2342 2156 2408 Elmenhorstius,

573 2435 695 2490 pag.
717 2420 784 2475 58
815 2421 864 2471 in
891 2417 1184 2490 Arnobium
1217 2416 1310 2490 lib.
1334 2415 1587 2490 t.__s_i_milia
1619 2413 1824 2490 profert
1854 2422 1910 2490 ut
1932 2414 2160 2490 illustret

579 2483 797 2544 Arnobii
829 2490 988 2544 verba
1015 2503 1028 2541 :
1062 2486 1289 2540 Periculi
1317 2486 1447 2539 niltil
1474 2493 1568 2551 est,
1595 2485 1658 2552 si,
1682 2484 1818 2554 quod
1847 2483 2036 2537 dicitur
2064 2486 2159 2537 im-

573 2561 788 2622 minere,
822 2575 1026 2614 cassum
1052 2557 1144 2626 ﬁat
1173 2567 1219 2610 et
1247 2573 1479 2610 vacuum.

643 2633 730 2686 51.
767 2631 945 2697 Prag.,
989 2624 1218 2682 Valerius
1261 2643 1280 2681 :
1314 2626 1508 2697 Egm.,
1537 2624 1787 2697 Galerius.
1852 2625 2157 2694 chendnm

573 2701 828 2765 Galerius,
852 2704 937 2768 qui
970 2709 1099 2754 tunc
1117 2697 1298 2752 Caesar
1323 2707 1457 2768 erat.
1499 2696 1630 2768 Vide
1663 2696 2006 2768 bytnnumf‘t.
2033 2697 2163 2761 Qui.

573 2773 674 2826 rini
704 2787 844 2826 vers.
865 2765 918 2825 6.
956 2771 1120 2824 Aldus
1145 2768 1313 2822 edidit
1335 2767 1572 2820 Galerius
1601 2766 1737 2819 urbis
1767 2770 1896 2832 forte
1923 2765 2163 2820 Romana:

573 2853 804 2896 statum:
853 2843 923 2896 ita
966 2841 1126 2894 etiam
1156 2839 1396 2898 Teolius,
1445 2837 1572 2905 quin
1620 2837 2034 2902 discrepantiam
2082 2839 2160 2890 le-

573 2914 809 2966 ctionum
840 2911 1194 2965 adnotavcrit.
1237 2908 1510 2976 Plerique.
1544 2907 1679 2960 orbis
1714 2905 1972 2962 Romani:
1999 2917 2051 2960 et
2079 2907 2164 2961 hic

573 2999 767 3036 sensus
813 2991 894 3035 est
941 2979 1252 3042 Prudentii,
1301 2979 1390 3046 qui
1437 2978 1825 3038 comprobatur
1874 2992 2014 3030 vers.
2059 2979 2162 3041 5i,

575 3026 766 3106 vagi;
794 3026 896 3104 ei;
922 3026 1253 3103 tangis;
1283 3026 1753 3101 .:.‘.‘.‘...;.’;;;.=...;.;:
1782 3026 2164 3114 Αρηδέτιῖιέεέ
2194 3026 2239 3089 c

575 3139 691 3176 rum
725 3137 843 3189 pag.
869 3122 998 3186 280,
1028 3121 1094 3173 de
1124 3117 1337 3172 Galerio
1364 3125 1532 3172 exstat
1557 3117 1865 3189 inscriptio,
1894 3132 2052 3186 quam
2082 3133 2169 3174 re-

579 3194 672 3245 tuli
707 3185 770 3245 ad
795 3185 989 3246 bvmn.
1024 3190 1080 3244 S.
1114 3189 1337 3243 Eulaliae
1371 3202 1514 3240 vers.
1549 3187 1638 3240 87.
1684 3187 1740 3238 In
1774 3185 1990 3239 RatJad
2023 3189 2165 3243 hunc

575 3277 789 3316 versum
822 3261 1046 3329 Erplicit
1076 3259 1312 3329 prazfatio
1337 3275 1356 3312 :
1388 3256 1580 3325 Incipit
1609 3256 1781 3326 passio
1807 3272 1825 3309 :
1855 3260 1944 3324 qui
1979 3258 2166 3313 titulus

574 3343 699 3387 ante
721 3332 969 3386 eumdem
992 3344 1206 3384 versum
1231 3329 1282 3382 in
1305 3329 1493 3382 Ambr.
1518 3337 1715 3394 exsuat,
1739 3335 1795 3382 et
1818 3329 1980 3382 simili
2007 3333 2166 3386 modo

575 3403 716 3473 apud
750 3402 1088 3473 Parrhasium
1121 3400 1306 3452 Passio
1331 3399 1667 3473 Saliantani.

649 3476 740 3528 54.
773 3473 970 3528 Galerii
1003 3471 1236 3525 edictum
1268 3478 1352 3524 est
1383 3469 1511 3524 illud
1558 3472 1732 3536 ipsum
1763 3468 1830 3522 de
1860 3485 1965 3539 quo
1993 3469 2164 3525 Euse-

575 3545 696 3598 bius
744 3544 837 3598 lib.
873 3559 966 3596 vnt
1017 3543 1176 3602 llist..
1225 3555 1343 3608 cap.
1376 3542 1410 3592 Ξ
1455 3557 1471 3594 :
1507 3539 1854 3594 Mandabatttr
1891 3549 1947 3595 ut
1991 3557 2166 3596 omnes

577 3615 861 3680 ubicunque
896 3613 1239 3668 Ecclesiarum
1265 3611 1516 3664 antistites
1558 3611 1774 3672 primum
1803 3613 2006 3681 quidem
2038 3629 2163 3666 con-

577 3687 856 3757 ficerentur
874 3685 927 3737 in
950 3684 1171 3747 vincula,
1202 3682 1652 3757 deiltdeuvcrojiis
1682 3683 1972 3757 sacriﬁcare
2001 3684 2164 3757 omni-

578 3752 671 3810 bus
710 3756 874 3809 modis
913 3763 1233 3824 cOgerentur.
1270 3753 1336 3807 Et
1359 3753 1451 3809 lib.
1474 3767 1508 3806 lt
1538 3752 1668 3804 Vitae
1689 3753 1897 3824 Const.,
1925 3768 2045 3822 cap.
2070 3754 2157 3807 ill:

579 3827 993 3895 Sanguinolenta
1023 3825 1185 3878 edicta
1213 3825 1462 3888 cruentis,
1507 3832 1560 3876 ut
1592 3824 1665 3875 ita
1694 3823 1933 3895 dixerim,
1962 3841 2166 3876 macro-

577 3894 728 3952 nilms
748 3898 985 3966 scripsit;
1007 3909 1051 3948 et
1071 3895 1335 3968 judicibus
1363 3895 1601 3968 percepit
1623 3903 1674 3946 ut
1695 3894 1884 3968 ingenii
1905 3895 2163 3968 solertiam

575 3969 670 4022 sibi
694 3985 724 4020 a
749 3965 933 4022 natura
960 3965 1165 4021 insitam
1187 3967 1252 4018 ad
1276 3965 1535 4018 acerbiora
1556 3966 1810 4033 supplicia
1833 3965 2164 4034 excogitanda

575 4040 917 4093 intenderent.

651 4104 741 4164 56.
773 4109 992 4163 Teolius
1035 4105 1326 4169 mendose,
1377 4104 1512 4156 dicta
1559 4118 1656 4171 pro
1706 4102 1882 4156 dictat.
1936 4104 2160 4171 Widm.,

578 4180 748 4246 Bong.
793 4194 822 4231 a
866 4179 1039 4246 prima
1085 4193 1275 4239 manu,
1329 4175 1485 4234 Man,
1519 4169 1637 4246 vat.
1683 4172 1742 4236 Β,
1788 4173 1966 4243 Prag.,
2012 4169 2159 4241 liat.,

579 4243 754 4317 legio:
784 4247 851 4299 de
871 4243 976 4315 qua
1007 4263 1138 4302 voce
1165 4247 1288 4301 vide
1321 4246 1550 4317 glossas.
1593 4243 1699 4317 Lex
1741 4247 1897 4296 metri
1931 4261 2034 4317 non
2055 4261 2161 4315 pa.

579 4314 710 4371 titur
735 4314 990 4386 legisz
1016 4318 1209 4383 regium
1238 4316 1551 4386 intelligitur
1579 4329 1639 4367 os
1667 4314 2030 4386 imperatoris,
2069 4314 2162 4370 aut

2268 2199 2476 2254 didicit.
2510 2199 2763 2254 Fortasse
2791 2201 2930 2256 alios
2955 2209 3040 2257 est
3069 2201 3156 2256 hic
3182 2201 3353 2257 codex
3383 2203 3698 2268 Tbuaneus;
3724 2220 3827 2258 nam

2265 2270 2424 2324 aliam
2455 2270 2738 2341 lectionem
2780 2286 2844 2326 es
2877 2271 3136 2327 Tbuaneo
3166 2273 3416 2328 lleinsius
3441 2275 3550 2341 jam
3585 2276 3828 2330 indicave-

2269 2349 2370 2396 rat.
2405 2340 2623 2396 lleinsio
2647 2342 2975 2397 recentiores
2997 2343 3297 2408 adhaerent,
3327 2340 3488 2400 etiam
3517 2346 3827 2401 Gallandius.

2269 2411 2583 2483 Parrhasius
2615 2413 2687 2464 ita
2723 2412 2942 2480 legerat,
2964 2422 3018 2468 et
3041 2413 3384 2483 distinxerat,
3411 2417 3491 2470 ire
3517 2421 3719 2470 mandat
3744 2418 3827 2468 mi-

2267 2482 2378 2557 lites
2402 2481 2660 2557 Ecclesias
2696 2499 2805 2557 per,
2835 2500 2994 2557 usque
3021 2485 3092 2557 de
3109 2487 3352 2557 sacrariis
3371 2481 3614 2552 'Raptare
3639 2487 3829 2557 plebem.

2267 2552 2541 2628 Giselinus
2566 2552 3010 2628 cutnhiurnrellio
3031 2555 3271 2628 ediderat
3294 2552 3759 2628 Ecclesiatentisqtte
3778 2559 3830 2609 de

2263 2623 2502 2676 sacrariis
2534 2638 2552 2676 :
2581 2622 2674 2677 sed
2699 2625 2751 2676 in
2777 2623 2918 2678 notis
2942 2627 3146 2679 monuit
3164 2627 3324 2681 malle
3347 2643 3408 2682 se
3430 2629 3612 2694 legere
3634 2622 3830 2682 Eccl-sia

2266 2703 2432 2767 tenus,
2461 2704 2615 2767 atque
2637 2694 2700 2747 de
2726 2696 2988 2760 sacrariis,
3021 2706 3078 2749 ut
3101 2697 3367 2752 sententia
3392 2700 3460 2752 sit
3483 2699 3666 2767 jussus
3693 2699 3833 2752 fuisse

2269 2765 2469 2817 milites
2509 2765 2559 2818 in
2605 2764 2984 2836 i_psam_nsqoe
3015 2768 3297 2825 ecclesiam
3340 2764 3666 2836 irrumpere,
3693 2779 3832 2836 atque

2268 2845 2483 2900 raptare
2525 2834 2734 2904 p'ebem
2773 2834 2842 2888 de
2881 2838 3150 2892 sacrariis.
3208 2839 3331 2893 llaec
3370 2834 3701 2894 milii—lectio
3740 2834 3831 2904 pro:

2267 2906 2479 2959 caeteris
2510 2902 2703 2972 placet,
2729 2916 2776 2958 et
2803 2915 2978 2960 exstat
2999 2907 3050 2960 in
3075 2910 3212 2974 Alt.,
3245 2919 3298 2962 et
3329 2909 3380 2962 in
3409 2909 3524 2963 Vat.
3555 2909 3614 2963 P.
3639 2902 3832 2965 Pltrasis

2269 2985 2353 3029 est
2373 2975 2733 3030 Prudentiana
2751 2974 2982 3029 Ecclesia
3006 2987 3167 3043 tenus,
3194 2989 3250 3032 ut
3271 2991 3406 3033 crate
3426 2990 3576 3033 tenus
3593 2979 3770 3034 Perist.
3786 2979 3830 3040 5,

2271 3061 2408 3100 vers.
2440 3046 2575 3117 MS;
2625 3063 2748 3100 aure
2795 3056 2939 3100 tenus
2987 3047 3194 3115 Symm.
3231 3050 3289 3107 2.
3335 3065 3476 3104 vers.
3504 3051 3648 3114 729;
3691 3052 3832 3117 funda

2269 3126 2415 3169 tenus
2453 3116 2754 3185 Peristepb.
2786 3119 2872 3177 15,
2912 3132 3054 3173 vers.
3083 3119 3185 3184 85;
3232 3136 3430 3174 summa
3473 3133 3624 3176 tenus
3665 3116 3833 3176 nam

2269 3196 2406 3240 tactu
2437 3186 2630 3260 l’sych.
2659 3202 2798 3241 vers.
2829 3187 2964 3249 699.;
3013 3201 3066 3245 et
3113 3193 3334 3253 fortasse
3364 3207 3428 3244 ex
3459 3193 3653 3258 aliqua
3674 3193 3830 3260 gloss:

2267 3274 2427 3322 usque
2452 3261 2520 3310 ad
2552 3273 2647 3326 pro
2673 3268 2817 3311 tenus
2845 3269 3024 3324 postea
3057 3261 3264 3315 turbata
3292 3270 3374 3316 est
3397 3277 3518 3315 vera
3553 3263 3730 3321 lectio.
3756 3263 3834 3315 ad-

2267 3330 2430 3382 missa
2463 3329 2640 3396 glossa
2667 3329 2719 3381 ili
2753 3337 2920 3382 textu.
2971 3330 3026 3384 ln
3057 3331 3213 3385 Alex.
3245 3341 3421 3386 tamen
3453 3332 3664 3388 videtur
3691 3333 3834 3386 luisse

2271 3397 2607 3473 Ecclesiasten
2653 3415 2810 3466 usque
2855 3400 2918 3473 de
2963 3403 3223 3473 sacrariis,
3243 3403 3366 3473 sed
3415 3401 3620 3457 factum
3673 3415 3834 3473 pnsum

2271 3467 2499 3540 Ecclesia
2547 3470 2914 3540 tenusqueiide,
2961 3471 3102 3540 quod
3154 3472 3206 3526 in
3241 3471 3371 3528 Urb.
3403 3483 3486 3528 est
3533 3475 3606 3528 ita
3649 3467 3833 3528 unitum

2267 3538 2764 3607 Ecclesiatenusque.
2800 3539 2970 3594 Tenus
2983 3538 3089 3611 pro
3115 3559 3271 3610 usque
3291 3545 3359 3596 ad
3383 3558 3503 3597 cum
3534 3546 3718 3600 verbis
3739 3560 3835 3598 mo-

2267 3619 2352 3665 tus
2379 3611 2446 3664 ab
2473 3611 2597 3680 aliis
2624 3612 2783 3664 etiam
2815 3626 3127 3680 usurpatum
3157 3624 3259 3668 est.
3291 3613 3421 3667 Vide
3452 3613 3656 3670 lexica.

2335 3681 2424 3736 45.
2458 3679 2629 3734 Judaei
2659 3679 3054 3748 contumeliosa
3067 3683 3408 3738 Christianos
3435 3683 3738 3740 Nazarenos
3757 3700 3837 3736 vo-

2266 3752 2494 3822 cabant,
2514 3753 2760 3822 aquibus
2787 3752 3012 3808 fortasse
3037 3755 3265 3822 gentiles
3296 3755 3347 3808 id
3374 3757 3695 3810 vocabulum
3722 3772 3837 3811 con-

2267 3831 2343 3874 tra
2373 3819 2708 3875 Christianos
2731 3823 2955 3876 mutuati
2980 3819 3124 3878 sunt.
3157 3825 3290 3878 Vide
3313 3839 3454 3879 vers.
3471 3825 3543 3880 ‘25
3566 3827 3835 3881 Vincentii.

2264 3892 2621 3968 Nihilominus
2645 3891 3113 3968 Prudentiosipse
3139 3896 3210 3948 ita
3241 3897 3521 3968 loquitur}
3561 3897 3616 3952 in
3644 3898 3834 3968 Symm.

2263 3977 2408 4017 vers.
2434 3965 2559 4027 550,
2588 3963 2668 4016 Ad
2705 3965 2902 4018 sincera
2938 3967 3100 4018 virum
3141 3967 3420 4032 penetralia
3451 3963 3836 4022 Nazareorum:

2265 4034 2366 4106 nisi
2394 4035 2552 4106 etiam
2583 4042 2692 4086 tum
2723 4035 2969 4106 intellig't
2997 4038 3096 4089 hoc
3125 4052 3316 4092 nomen
3347 4052 3441 4106 per
3465 4040 3837 4093 contumeliam

2264 4104 2393 4158 olim
2423 4103 2745 4157 Christianis
2774 4105 2977 4161 datum.

2333 4176 2421 4249 47.
2457 4173 2651 4249 sancta
2684 4185 2977 4228 sanctorum
3019 4191 3084 4249 ex
3124 4176 3306 4249 phrasi
3341 4177 3600 4233 llebraira
3634 4194 3732 4249 pro
3757 4195 3837 4232 sa-

2263 4245 2456 4300 crario.
2495 4243 2779 4304 Psvcltom.
2800 4261 2942 4299 vers.
2961 4247 3087 4310 8l5,
3109 4246 3420 4302 Sanctorum
3441 4260 3624 4304 sancta
3637 4243 3834 4303 ret-isat.

2267 4315 2529 4370 Eusebius
2565 4315 2658 4368 lib.
2694 4315 2762 4369 de
2796 4315 3011 4386 Martyr.
3045 4317 3254 4386 Palmst.
3290 4319 3364 4372 ait
3392 4323 3833 4386 comprehensum

577 4379 910 4464 C.esa_ris,___et
939 4379 1165 4442 fortasse
1198 4379 1518 4464 Prudentius
1545 4379 1764 4453 respicit
1791 4385 1951 4439 etiam
1975 4388 2038 4440 ad
2062 4403 2157 4442 vo-
2194 4406 2240 4464 D
2268 4386 2584 4464 Romanum,
2615 4386 2734 4454 quia
2762 4379 3375 4464 gItOStlatttEltri~tianos
3398 4379 3597 4458 templa
3627 4394 3835 4445 deorum

577 4465 691 4528 cetn
721 4457 1000 4528 basiliscus,
1029 4473 1148 4527 (μιν
1178 4465 1334 4510 sonat
1357 4458 1611 4528 regulum.

649 4527 735 4580 57.
773 4527 904 4598 Vide
925 4525 1093 4596 caplv
1113 4528 1298 4592 Marci,
1315 4539 1368 4582 et
1389 4525 1643 4598 b'ymnum
1659 4525 1691 4580 9
1713 4525 2155 4598 Catltemer'nctn.

648 4599 739 4653 58.
768 4597 936 4651 Aldus
980 4610 1166 4654 contra
1211 4596 1464 4667 metrum,
1513 4599 1786 4652 clamabat.
1837 4596 2063 4662 Vatt.A,
2097 4599 2156 4665 Β,

578 4668 794 4722 adventa
816 4682 834 4720 :
863 4667 979 4733 lege
1009 4671 1249 4722 adventu.

647 4738 738 4793 4i.
771 4736 1051 4792 Imminere
1079 4749 1328 4795 conatum
1359 4739 1642 4809 quemdam
1673 4746 1727 4793 et
1755 4738 2046 4794 efﬁcaciam
2079 4741 2159 4793 in-

577 4809 737 4864 dicat.

647 4882 739 4934 42.
775 4880 953 4948 Prag.,
975 4879 1209 4943 iudices;
1238 4894 1418 4949 supra,
1448 4883 1647 4934 milites.

645 4952 734 5006 45.
769 4951 914 5005 ΛΜ..
953 4951 1119 5003 Torn.
1145 4989 1161 5012 ,
1209 4949 1587 5004 Ecclesiatcnus
1635 4967 1750 5019 qum
1794 4952 1855 5004 de
1899 4952 2160 5004 sacrariis.

578 5021 703 5076 Vat.
731 5024 794 5084 Α,
822 5021 1075 5078 llailsbr..
1104 5019 1209 5072 duo
1235 5021 1316 5073 vel
1351 5029 1458 5072 tres
1489 5022 1626 5086 apud
1658 5022 1951 5088 Heinsium,
1989 5020 2164 5074 Eccle-

551 5137 553 5142 .
577 5093 827 5160 siateuus,
851 5107 910 5144 ac
933 5094 1012 5144 de.
1058 5092 1201 5160 llat.,
1233 5088 1724 5160 Ecclesiatenusque,
1754 5111 1812 5146 ac
1841 5095 1921 5145 de.
1960 5092 2076 5144 Vat.
2103 5091 2160 5151 Β,

479 5218 489 5225 ,
578 5159 1009 5225 ἚνρὶιῑηίΜηικ,
1051 5159 1528 5231 Ecclesiatenusque
1565 5159 1645 5214 de.
1705 5163 1886 5231 Prag.,
1932 5160 2164 5215 Ecclesia

579 5243 722 5287 tenus
751 5249 909 5302 usque
937 5233 1020 5285 de.
1079 5230 1256 5302 Egm.,
1291 5231 1430 5302 PaL,
1469 5229 1750 5284 Evt-lesiam
1782 5229 1949 5292 tenus,
1986 5249 2046 5283 ac
2073 5232 2156 5284 de.

580 5305 792 5367 Amhr.,
823 5299 1070 5365 'Thuan.,
1116 5299 1373 5353 Ecclesiae
1403 5308 1647 5367 tenusque
1685 5303 1766 5355 de.
1819 5303 1994 5355 Editio
2028 5302 2160 5354 Mcl-

579 5373 780 5428 cltioris
816 5374 1018 5429 Lotteri
1047 5386 1189 5425 anno
1221 5371 1378 5435 1515,
1421 5381 1644 5422 cor-ante
1676 5372 1983 5424 Ilermanno
2011 5371 2158 5426 Tuli-

579 5445 710 5508 clto.
763 5445 990 5499 Ecclesia
1036 5452 1278 5509 tcnusque
1319 5441 1382 5494 de
1423 5440 1711 5502 sacriﬁciis.
1771 5442 2019 5494 Heinsius
2064 5457 2163 5494 suo

583 5516 822 5575 periculo
859 5515 1021 5568 scribi
1059 5514 1211 5582 jubet
1255 5511 1598 5582 Ecclesiasten
1642 5527 1800 5580 usque
1825 5512 1888 5582 de
1923 5512 2163 5565 sacrariis

584 5583 811 5647 Raptare
840 5585 1030 5652 plebem
1056 5581 1074 5638 ὲ
1113 5584 1235 5653 quia
1266 5581 1780 5653 ecclesiastesrapud
1810 5581 2027 5635 Gra‘cos
2055 5593 2160 5645 est,

580 5661 686 5706 tam
718 5654 808 5720 qui
837 5654 983 5709 audit
1011 5652 1320 5718 conCinnes,
1352 5667 1511 5722 quam
1542 5652 1630 5722 qui
1663 5653 2035 5719 concinnatur,
2081 5664 2161 5705 at-

578 5736 680 5791 que
720 5724 792 5776 ita
830 5731 1043 5777 exstare
1088 5724 1140 5777 in
1169 5724 1424 5780 Tttuanco
1463 5737 1529 5781 cx
1569 5723 1784 5780 schcdis
1815 5724 2160 5780 Salmasiauis

2265 4456 2524 4510 adeuntes
2552 4456 2890 4524 increpabat:
2923 4467 2976 4510 et
3001 4459 3094 4512 lib.
3118 4474 3151 4512 ιι
3181 4458 3246 4512 de
3276 4459 3493 4514 Resurr.
3514 4456 3705 4516 narrat
3725 4476 3835 4516 eum

2265 4527 2331 4580 ad
2349 4526 2585 4595 judicem
2607 4526 2995 4596 objurgandum
3017 4543 3350 4598 aggressum.
3373 4530 3509 4586 Vera
3535 4535 3652 4588 haec
3672 4531 3834 4587 omnia

2266 4611 2386 4652 esse
2417 4605 2724 4665 potuerunt.

2336 4668 2426 4722 48.
2463 4667 2606 4730 Ald.,
2638 4668 2889 4738 profanis,
2923 4669 3099 4722 minus
3127 4678 3292 4724 recte.

2338 4739 2428 4810 49.
2463 4738 2502 4791 Τ
2510 4741 2694 4803 buan.,
2727 4755 2944 4810 arcam:
2997 4741 3112 4810 lege
3149 4757 3318 4794 aram.
3375 4743 3667 4810 Distinguit
3713 4743 3834 4798 Pru-

2269 4807 2483 4881 dentius
2512 4823 2658 4862 aram
2689 4809 2756 4863 ab
2783 4810 2958 4881 altari,
2991 4807 3060 4863 ut
3078 4809 3262 4881 hymn.
3288 4813 3318 4865 7
3340 4813 3522 4878 Catb.,
3551 4807 3692 4870 vers.
3719 4815 3833 4873 205,

2270 4879 2462 4932 Altaris
2493 4895 2637 4950 aram
2664 4880 2801 4950 quod
2829 4881 2952 4946 facit
2984 4879 3305 4949 placabilem.
3339 4885 3672 4939 Murmt-llius
3703 4901 3835 4936 suto-

2268 4963 2408 5019 mam
2457 4949 2640 5004 altaris
2680 4949 2888 5019 partem
2930 4967 3075 5004 aram
3118 4962 3291 5006 vocat.
3351 4956 3453 5009 Alii
3500 4957 3670 5010 altare
3713 4954 3838 5008 divis

2265 5018 2420 5087 erigi,
2451 5035 2598 5073 aram
2634 5018 2740 5075 Deo
2768 5021 2890 5090 poni
2922 5023 3136 5076 docent.
3169 5021 3420 5079 Nonnulli
3453 5027 3621 5081 altare
3647 5027 3832 5079 dictum

2266 5090 2417 5165 quasi
2458 5106 2603 5165 aram
2629 5094 2805 5165 altam
2845 5091 3175 5165 existimant.
3210 5093 3495 5165 _Giselinus
3535 5097 3834 5165 simpliciter

2270 5159 2445 5212 locum
2476 5162 2836 5214 oblationibus
2863 5161 3145 5225 dicatum;
3179 5163 3292 5218 sive
3337 5165 3388 5219 in
3436 5159 3652 5221 summo
3691 5164 3832 5219 altari

2267 5231 2520 5297 positum,
2555 5233 2665 5282 sive
2696 5231 2844 5298 alibi,
2876 5248 3021 5285 aram
3051 5235 3231 5288 vocari
3261 5248 3468 5291 censet.
3513 5240 3694 5291 Altare
3717 5249 3834 5289 vero

2265 5299 2338 5352 ait
2367 5314 2486 5354 esse
2515 5301 2798 5355 aedilicium
2842 5317 2874 5356 e
2915 5312 3053 5357 terra
3083 5305 3398 5366 exaltatum.
3435 5307 3834 5372 hominibusque

2265 5372 2709 5444 convenientibus
2761 5373 2824 5425 ad
2884 5385 3178 5444 martyrum
3234 5379 3470 5434 tumulos
3525 5377 3835 5444 recipiendis

2265 5439 2606 5516 destinatum.
2643 5443 2791 5496 Nunc
2819 5456 2965 5516 certe
2994 5439 3082 5497 ara
3110 5447 3177 5497 ab
3201 5447 3352 5500 altari
3383 5451 3452 5501 ita
3481 5439 3834 5516 distinguitur.

2267 5520 2325 5562 ut
2351 5526 2438 5563 ara
2471 5514 2537 5587 sit
2575 5529 2698 5587 pars
2728 5515 2991 5587 sacratior
3020 5516 3220 5576 altaris,
3251 5527 3308 5572 et
3336 5519 3389 5572 in
3416 5535 3518 5587 qua
3545 5514 3840 5573 sacramen-

2267 5587 2378 5634 tum
2409 5583 2749 5638 eucharistia:
2777 5586 3049 5649 perficitur
3078 5596 3131 5640 et
3159 5583 3478 5643 collocatur.
3518 5591 3633 5644 [hoc
3663 5596 3841 5641 nostra

2265 5655 2598 5707 consuetudo
2623 5670 2742 5708 cum
2772 5655 3043 5711 Prudentii
3068 5656 3241 5710 verbis
3265 5660 3524 5716 cohaeret.
3554 5658 3687 5713 utin
3719 5657 3834 5717 [litt-

2269 5724 2448 5794 polyto
2480 5728 2671 5779 iterum
2705 5725 2968 5782 dicemus.
3023 5727 3362 5797 Bertbaldus,
3395 5731 3461 5786 de
3491 5734 3591 5786 Ara
3629 5743 3751 5798 cap.
3786 5726 3841 5791 εξ,
