3994 6176
531 345 632 400 131

638 454 897 521 l’opulare
924 450 1178 522 quiddam
1207 448 1314 503 sub
1338 447 1520 502 colore
1545 448 1732 518 gloriae

711 546 984 600 "litterata
1006 540 1234 597 credidit
1259 539 1584 610 frequentia,

710 635 778 692 Ut
802 649 860 689 se
889 649 985 702 per
1007 647 1179 686 aevum
1209 629 1608 685 consecrandos
1636 639 1934 694 autument,

709 729 765 785 Si
798 729 934 782 bella
966 727 1127 789 divis,
1160 741 1256 780 ceu
1287 727 1558 794 gigantes,
1591 723 1843 788 inierant,

715 820 921 892 1071
952 818 1200 885 Victique
1229 815 1462 869 ﬂammis
1505 815 1801 868 obruamur
1837 815 2118 869 montium.

641 911 750 964 Iloc
779 920 830 963 tu
865 909 1084 976 parasti,
1119 906 1345 974 perdite,
1379 904 1742 972 spectaculum

711 1002 894 1056 Cladis
920 1007 1156 1054 cruenta:
1181 998 1249 1053 de
1277 997 1534 1051 necandis
1565 997 1770 1052 civ-ibus
1797 1016 1808 1050 :
1839 1019 1846 1024 ·

709 1094 854 1161 Quos
877 1100 935 1146 ut
955 1092 1222 1160 profanos,
1257 1088 1460 1158 impiati
1491 1097 1546 1142 et
1572 1089 1752 1142 saeculi

716 1189 879 1246 Reos,
914 1196 1134 1237 neces-e
1159 1189 1242 1234 est
1271 1191 1324 1235 te
1355 1179 1611 1249 magistro
1635 1178 1863 1234 interﬁci
1893 1197 1906 1233 :

714 1279 792 1331 Tu
825 1291 985 1330 causa
1016 1274 1223 1339 mortis,
1257 1283 1313 1328 tu
1344 1273 1606 1327 malorum
1639 1273 1880 1342 signiler.

646 1371 706 1425 Ni
737 1368 912 1432 l‘allor,
944 1381 1154 1435 xquum
1186 1375 1287 1429 est,
1318 1373 1396 1428 ut,
1426 1364 1565 1432 quod
1593 1372 1780 1416 auctor
1803 1363 2078 1432 improbus

716 1459 974 1514 Tolerare
1003 1456 1197 1511 multos
1217 1454 1550 1522 compulisti,
1579 1454 1846 1518 carnifex,

718 1550 773 1604 In
806 1558 856 1602 te
880 1554 1140 1609 recurrat,
1175 1558 1377 1612 proque
1409 1545 1568 1598 tantis
1597 1543 1854 1610 caedibus,

714 1643 845 1709 Quae
875 1655 997 1694 mox
1030 1639 1239 1702 iuturze,
1267 1637 1471 1706 primus
1497 1636 1715 1691 exitium
1741 1637 1878 1699 luas,

721 1734 883 1788 Feras
910 1741 962 1786 et
987 1732 1123 1800 ipse,
1147 1728 1286 1797 quod
1315 1727 1589 1782 ferendum
1619 1743 1887 1784 suaseras.

644 1825 734 1880 llis
763 1824 854 1878 ille
878 1831 1062 1877 contra
1093 1818 1268 1894 reddit
1295 1832 1394 1873 ore
1422 1817 1592 1874 libero
1619 1835 1632 1871 :

532 824 602 878 £5

531 1282 602 1335 90

539 1737 610 1792 95

611 2009 697 2064 8|.
732 2007 1015 2075 Populare,
1039 2008 1438 2078 renerabile,vel
1467 2008 1767 2078 gloriosum,
1801 2003 1843 2057 l.

614 2080 703 2199 8}.
735 2079 1035 2201 Illitterata,
1061 2077 1367 2134 indocta.+
1390 2077 1703 2148 Frequentta
1720 2116 1735 2139 ,
1759 2091 1939 2145 agmen
1955 2115 1969 2137 ,
1993 2077 2129 2128 mul-

614 2168 631 2201 ‘t
673 2166 723 2201 ο.
781 2188 794 2201 .

541 2152 723 2212 titudo,
759 2152 794 2201 Ι.

612 2219 700 2272 85.
737 2221 1044 2280 Autument,
1076 2222 1354 2283 tt’stiment,
1382 2219 1419 2272 I.

612 2293 700 2346 85.
736 2289 1019 2352 Flaminis,
1071 2291 1318 2358 ﬂammeis
1366 2289 1654 2349 montibus,
1699 2286 1830 2340 Mar.
1871 2315 1939 2325 —
1981 2285 2134 2358 blun-

543 2364 706 2426 tiu.u,
746 2361 1062 2428 principum;
1100 2377 1219 2412 nam
1254 2362 1364 2427 dii,
1402 2362 1456 2414 in
1484 2357 1737 2412 montibus
1781 2365 2000 2420 stantes,
2031 2357 2135 2425 {ul-

544 2435 681 2484 mina
709 2431 984 2495 mittebant,
1019 2431 1059 2484 Ι.

614 2501 702 2554 88.
737 2500 966 2571 ltnpiati,
994 2503 1243 2571 corrupti,
1275 2501 1316 2554 l.

613 2571 702 2625 91.
735 2570 966 2638 Aiqttutn
991 2570 1311 2640 est,justum
1331 2581 1423 2635 est,
1452 2571 1492 2623 1.

615 2643 704 2695 94.
738 2637 972 2706 Futura,
1000 2637 1189 2697 scilicet
1217 2652 1384 2698 erunt.
1408 2669 1478 2682 -
1501 2641 1734 2696 Exilium
1766 2637 1901 2705 luas,
1932 2639 2131 2709 pericu-

545 2714 648 2766 lum
680 2714 955 2778 persolvas,
993 2712 1030 2764 Ι.

615 2782 703 2837 96.
738 2783 850 2850 llis,
879 2783 1061 2846 verbis,
1098 2783 1137 2836 Ι.

1636 333 1912 388 AUREIJI
1954 333 2321 389 PRUDENT"
2359 332 2685 389 CARMINA.

2145 460 2183 508 Α

2162 1814 2209 1872 Β

1827 1911 2118 1968 CLOSSAB
2165 1905 2502 1968 VETERES.

3689 339 3778 396 459.

2367 513 2373 518 ,
2401 446 2734 515 Amplector,
2769 459 2802 498 ο
2830 443 3103 514 prtelecte,
3139 459 3238 499 nec
3268 458 3354 500 me
3377 444 3642 512 subtraho,

2407 540 2599 608 Utpro
2630 538 2771 594 lideli
2802 539 2958 608 plebe
2982 539 3130 593 solus
3161 539 3429 598 immoler.

2412 630 2610 699 Dignus
2630 629 2811 685 subire
2835 640 3048 695 cuncta,
3073 631 3116 684 si
3148 645 3232 684 me
3256 632 3514 694 consulis,

2231 721 2334 776 100
2410 721 2756 789 ριιωουηαυθ
2787 730 2964 775 vestra
2990 720 3214 791 jusserit
3239 721 3546 775 crudelitas.

2343 814 2550 883 1072
2583 812 2788 866 Intrare
2815 814 2988 867 servis
3019 813 3284 866 idolorum
3308 827 3372 867 ac
3399 813 3687 870 daemonum

2408 905 2661 958 Sanctam
2691 904 2880 957 salutis
2909 919 3016 957 non
3045 898 3171 958 licet
3198 917 3394 958 nostra:
3421 905 3652 976 domum,

2408 995 2486 1049 Ne
2510 995 2776 1063 polluatur
2802 1010 2970 1062 purus
2993 998 3179 1050 orandi
3209 997 3356 1052 locus
3385 1014 3399 1049 :

2413 1086 2640 1141 Conﬁdo
2661 1095 2848 1142 sancto
2877 1090 2928 1141 in
2957 1089 3178 1156 Spiritu,
3212 1106 3484 1161 nunquam
3516 1095 3606 1148 tibi
3665 1109 3667 1112 ‘

2236 1178 2340 1234 105
2417 1178 2678 1240 nandum.
2706 1187 2763 1231 ut
2795 1179 3006 1232 beatum
3037 1179 3198 1234 limen
3227 1183 3459 1252 attingas
3486 1185 3638 1252 pede.

2340 1269 2404 1323 Ni
2433 1271 2566 1324 forte
2592 1281 2774 1323 noster
2799 1269 2993 1334 iactus,
3024 1271 3076 1324 in
3109 1281 3348 1326 nostrum
3377 1290 3590 1344 gregem

2412 1365 2652 1417 Mercare
2681 1363 2816 1415 sumi
2852 1380 2866 1416 :
2899 1363 3040 1431 quod
3072 1361 3228 1415 Pater
3259 1363 3390 1418 faxit
3416 1365 3578 1420 Deus.

2411 1455 2666 1508 Incensus
2699 1452 2783 1506 bis
2810 1453 3161 1520 Asclepiades
3186 1454 3441 1521 iusserat,

2413 1545 2839 1600 Eviscerandum
2867 1559 3063 1614 corpus
3085 1544 3271 1599 eculeo
3297 1547 3512 1600 eminus

2238 1637 2340 1692 HO
2413 1636 2676 1700 Pendere,
2704 1646 2758 1690 et
2781 1637 2950 1700 uncis,
2976 1637 3311 1706 vinculisque
3339 1652 3608 1692 crescere.

2365 1728 2572 1799 1073
2597 1729 2939 1796 Apparitores
2959 1727 3052 1782 sed
3077 1727 3271 1783 furenti
3295 1738 3604 1799 suggerunt,

2413 1820 2570 1874 illum
2599 1831 2806 1874 vetusta
2838 1819 3068 1875 nobilem
3093 1821 3335 1890 prosapia
3354 1860 3369 1887 ,

2311 2005 2402 2059 97.
2437 2006 2770 2072 Amplector,
2805 2014 2891 2056 tua
2912 2005 3061 2071 jussa
3083 2005 3244 2058 libens
3265 2004 3510 2070 suscipio.
3545 2003 3580 2056 1.

2311 2077 2399 2130 99.
2431 2075 2633 2130 Cuncta
2653 2114 2669 2140 ,
2700 2084 2967 2128 tormenta.
2992 2105 3060 2115 —
3085 2077 3327 2130 Consulis
3346 2115 3360 2138 ,
3392 2075 3585 2128 scilicet
3617 2091 3792 2144 respon-

2241 2145 2787 2274 deli(t’l’0!.(3rudelilas.
2819 2216 3008 2268 εείίίεεῑ
3035 2217 3220 2285 Pam"
3256 2216 3298 2270 l'

2317 2287 2440 2340 108.
2473 2285 2722 2355 Gregem,
2753 2288 3080 2345 consortium.
3109 2289 3146 2342 Ι.

2320 2357 2442 2410 10⁷.
2476 2355 2649 2420 Fam,
2680 2357 2835 2426 [uciat
2861 2371 2880 2409 :
2901 2359 3125 2418 aptanda
3153 2357 3298 2421 dicit,
3329 2356 3365 2410 I.

2239 2496 2284 2551 Μ
2310 2426 2434 2482 109.
2469 2427 2686 2493 Eculeo,
2717 2426 2967 2496 patibulo.
3002 2456 3072 2466 —
3102 2427 3358 2493 Eminus,
3396 2428 3581 2499 longe,
3611 2428 3650 2483 l.
3676 2429 3794 2494 Alte,

2290 2513 2371 2550 ar.

2290 2513 2371 2550 ar.

2318 2564 2443 2621 110.
2470 2565 2750 2632 Crescere,
2778 2576 3072 2631 tumescere,
3102 2565 3172 2630 l.,
3202 2567 3334 2622 Mar.

2315 2639 2439 2692 111.
2457 2640 2822 2707 Apparitores,
2838 2648 3067 2692 tortores.
3081 2646 3152 2678 ι-
3167 2639 3498 2709 Suggerunt,
3512 2639 3744 2706 indicant,
3761 2638 3796 2691 1.

2318 2709 2440 2765 112.
2467 2710 2741 2778 Prosapia,
2773 2709 2825 2762 in
2849 2725 2943 2762 suo
2971 2726 3172 2777 genere,
3203 2709 3241 2764 l.

1903 2868 2458 2925 COMMENTARIUS.

617 2963 707 3017 83.
739 2964 886 3029 Ald.,
909 2963 1059 3016 Alex.
1093 2976 1275 3027 supra,
1303 2970 1594 3015 autmnans.

619 3035 706 3087 85.
745 3033 829 3086 Iso
872 3034 1117 3085 montium
1157 3035 1534 3099 interpretatur
1573 3029 1882 3100 principum.
1927 3029 2129 3084 Praele-

549 3114 666 3156 rtus
694 3103 879 3156 alludit
901 3103 964 3154 ad
995 3101 1226 3154 fabulam
1257 3101 1324 3155 de
1349 3101 1680 3170 gigantibus,
1712 3100 1972 3156 adversus
1999 3115 2133 3169 quos

547 3172 753 3241 Jupiter
778 3182 990 3225 montes
1008 3173 1269 3235 iaculatus
1291 3183 1393 3225 est.

620 3246 711 3297 86.
744 3242 924 3312 Prag.,
955 3257 984 3293 ο
1007 3241 1219 3312 perdite.

619 3315 711 3367 88.
741 3308 884 3376 Palf,
917 3308 1092 3379 Egon,
1126 3311 1267 3365 Vatt.
1299 3313 1365 3374 A,
1394 3310 1455 3377 P,
1487 3311 1552 3378 Q,
1586 3320 1815 3379 quatuor
1838 3308 2130 3375 ileinsiani,

549 3364 1095 3452 impiatistec'ulivsine
1124 3391 1197 3452 et.
1225 3381 1278 3434 In
1314 3364 1858 3452 \‘atIB‘esiifactum
1895 3364 2129 3447 impiati;
2160 3364 2207 3426 C

549 3450 756 3508 abrasis
793 3451 1110 3520 quibusdam
1153 3450 1573 3508 characteribus.
1607 3451 1719 3505 Hoc
1753 3453 1916 3505 etiam
1944 3453 2132 3503 convi-

548 3526 691 3578 cium
712 3523 1032 3577 Christianis
1057 3523 1278 3584 illatum,
1305 3521 1576 3590 profanos,
1603 3523 1817 3589 impios,
1847 3522 2134 3590 sacrilegos

549 3610 642 3649 eos
673 3609 817 3647 esse.
845 3592 1133 3648 Suetonius
1163 3591 1215 3646 in
1247 3591 1495 3647 Nerone:
1530 3591 1830 3655 Christiani,
1862 3608 2019 3660 genus
2043 3594 2136 3643 ho-

549 3667 746 3717 minum
767 3663 1139 3732 superstitionis
1161 3677 1304 3716 nova
1332 3679 1394 3716 ac
1414 3663 1682 3732 maleﬁcae.
1718 3663 1771 3717 Id
1799 3663 2134 3716 demonstra-

553 3744 638 3789 tur
672 3737 832 3790 etiam
867 3749 929 3786 ex
963 3733 1221 3796 Arnobio,
1254 3732 1612 3798 Tertulliano,
1644 3733 1854 3788 Justino
1880 3733 2130 3798 aliisque.

554 3806 686 3858 Vide
734 3812 888 3858 notas
931 3804 1144 3858 Heraldi
1193 3814 1247 3858 et
1272 3803 1509 3859 Woweri
1558 3805 1623 3857 ad
1669 3803 1886 3856 Minucii
1924 3803 2130 3856 verba:

552 3873 758 3946 Plebem
787 3874 1018 3946 profana:
1041 3874 1410 3946 conjurationis
1432 3875 1740 3938 instituunt;
1765 3875 1852 3927 ubi
1879 3875 2028 3941 plura
2053 3872 2135 3924 bis

551 3944 928 3999 Prudentiauis
951 3945 1151 3998 similia
1173 3947 1430 3998 invenies.

621 4017 710 4070 92.
745 4016 797 4067 In
831 4017 1010 4081 Prag.,
1042 4014 1164 4067 Vat.
1198 4015 1258 4079 P,
1291 4014 1430 4068 liott.
1463 4014 1614 4067 deest
1639 4021 1693 4065 ut
1718 4021 1842 4068 ante
1871 4012 2133 4081 carnifex;

551 4094 606 4139 et
636 4087 686 4139 in
716 4087 868 4139 Alex.
897 4087 1132 4140 deletum
1163 4093 1277 4148 est,
1308 4083 1448 4152 quod
1486 4092 1700 4137 secutus
1729 4093 1814 4136 est
1852 4083 2132 4152 Heinsius,

552 4166 608 4207 et
636 4172 756 4207 cum
788 4171 853 4207 eo
879 4156 1226 4210 recentiores.
1259 4153 1572 4208 Gallandius
1603 4166 1724 4206 cum
1765 4153 1995 4222 antiquis
2023 4151 2136 4206 edi-

551 4225 651 4284 dit,
685 4234 740 4275 ut
768 4225 1015 4290 carnifex.
1047 4223 1153 4277 Sed
1178 4225 1364 4278 melius
1383 4232 1438 4277 ut
1466 4223 1760 4278 omittatur.

623 4293 711 4345 9t.
745 4291 901 4359 Prag.
936 4308 964 4344 a
995 4308 1161 4360 prima
1203 4309 1361 4346 manu
1397 4295 1569 4361 male,
1603 4294 1767 4361 primo
1794 4306 1888 4361 pro
1918 4291 2130 4361 primus.

553 4360 742 4426 Aldus,
773 4364 962 4415 exitum
993 4379 1012 4416 ε
1045 4364 1235 4417 melius
1264 4366 1492 4417 exitium.

626 4432 716 4485 96.
751 4434 903 4502 Egm.
949 4447 1228 4500 corrupte,
1277 4435 1563 4488 redduntur
1609 4450 1636 4488 e
1676 4433 1854 4488 libero.
1900 4433 2135 4489 Reddere

555 4517 653 4572 pro
673 4504 979 4571 respondere
1001 4504 1172 4574 poetis
1198 4507 1470 4558 usitatum.

625 4573 716 4628 99.
749 4576 904 4642 l’rag.
931 4573 1115 4628 contra
1145 4585 1369 4629 metrum
1387 4616 1402 4640 ,
1431 4575 1616 4644 dignus
1643 4592 1754 4629 sum
1780 4573 1967 4629 subire.
1989 4573 2131 4644 Mar.

555 4659 586 4699 ι
609 4645 775 4713 prima
809 4661 985 4708 manu,
1019 4645 1162 4709 liat.,
1187 4648 1424 4699 nonnulli
1448 4643 1630 4714 Vulg,
1653 4647 1695 4700 si
1724 4662 1801 4698 me
1820 4643 2076 4698 consulas.

2237 2965 2390 3029 rique
2415 2959 2553 3028 apud
2588 2957 2879 3029 lleinsium,
2912 2958 3114 3025 conﬁdo
3143 2959 3196 3011 in
3219 2967 3394 3012 sancto
3423 2957 3642 3024 Spiritu.
3678 2956 3796 3010 Vatt.

2237 3028 2387 3096 ΒΛ),
2411 3030 2614 3099 conﬁdo
2633 3030 2686 3082 in
2713 3028 2913 3098 Spiritu
2934 3040 3125 3082 sancto.
3150 3030 3362 3092 Amlir.,
3385 3029 3623 3093 Thuan.,
3646 3029 3795 3089 Alcm,

2235 3102 2401 3155 editio
2431 3099 2650 3161 Lotteri.
2683 3099 2996 3152 Parrhasius
3019 3100 3085 3153 ad
3114 3099 3268 3153 metri
3302 3100 3595 3164 rationem,
3622 3099 3798 3164 conﬁdo

2235 3181 2410 3227 sancto
2443 3173 2497 3224 in
2535 3170 2757 3236 Spiritu.
2801 3171 3072 3223 Ciselinus
3111 3171 3315 3236 conﬁdo
3349 3170 3402 3222 in
3438 3171 3580 3223 almo
3615 3170 3798 3235 spiritu,

2249 3242 2314 3294 ad
2346 3242 2640 3310 marginem
2671 3254 2792 3294 cum
2821 3240 2977 3294 Aldo.
3010 3240 3259 3295 Nonnulli
3286 3241 3454 3310 vulg.,
3487 3240 3680 3309 conﬁdo
3701 3255 3800 3292 san-

2237 3323 2317 3366 cto
2341 3314 2564 3378 Spiritu.

2309 3381 2433 3438 100.
2467 3383 2587 3437 Aid.
2638 3390 2692 3452 et
2725 3381 2965 3435 nonnulli
3017 3389 3146 3438 vett.
3176 3380 3361 3447 codd,,
3392 3381 3500 3436 nisi
3526 3383 3669 3452 forte.
3696 3381 3799 3435 Vir-

2239 3453 2396 3524 gilns
2427 3453 2517 3508 lib.
2548 3468 2606 3520 tt,
2634 3451 2823 3505 Noster
2841 3454 2962 3505 eris.

2310 3525 2432 3578 107.
2470 3525 2620 3591 Egm.
2644 3524 2953 3593 depravate,
2975 3523 3218 3576 merearis
3240 3523 3349 3574 uni.
3375 3521 3496 3593 Rat.
3523 3537 3797 3593 perperam.

2236 3595 2477 3648 merearis
2507 3594 2658 3646 sumi.
2693 3591 2811 3645 Vat.
2845 3592 2907 3647 Β.
2934 3607 3209 3660 corrupte,
3241 3594 3387 3662 {exat
3414 3591 3577 3646 Deus.

2311 3665 2430 3718 110.
2460 3663 2652 3719 Weitz.
2679 3701 2692 3726 ,
2739 3663 2933 3729 Fabr.,
2978 3663 3235 3726 Iiailsbr.,
3282 3664 3474 3733 llong.,
3526 3665 3803 3733 angulisque

2239 3751 2489 3800 crescere,
2524 3736 2700 3787 minus
2733 3733 2888 3786 bene.
2918 3733 3262 3800 Parrhasius,
3297 3732 3561 3797 Pendere;
3586 3732 3630 3786 et
3657 3733 3801 3795 uncis,

2238 3805 2443 3877 ungulis
2485 3804 2793 3877 decrescere.
2840 3803 2977 3877 _Vera
3019 3803 3184 3877 lectio
3229 3804 3547 3877 uinculisqne
3587 3818 3800 3877 crescere.

2237 3874 2430 3931 Sermo
2469 3884 2554 3929 est
2603 3875 2672 3928 de
2733 3874 2884 3928 uncis
2942 3875 3136 3944 quibus
3190 3875 3400 3927 vincula
3451 3875 3803 3943 alligabanntr,

2237 3956 2292 3999 et
2340 3947 2407 3999 de
2453 3944 2537 3998 bis
2581 3947 2710 4012 ipsis
2758 3943 2981 3998 vinculis
3019 3943 3216 4012 quibus
3266 3947 3548 4011 torqueudi
3603 3949 3650 3997 in
3693 3959 3805 3997 ecu-

2239 4017 2323 4070 leo
2349 4015 2798 4079 extendehantur,
2823 4017 3062 4084 adeoque
3082 4015 3412 4070 crescebant.
3438 4019 3639 4070 Seneca
3663 4015 3804 4081 epist.

2239 4088 2308 4140 66
2349 4102 2378 4140 a
2421 4086 2708 4154 Sagittario
2754 4085 3000 4139 laudatus
3042 4101 3054 4136 :
3100 4085 3200 4137 Aut
3245 4085 3418 4155 eculeo
3465 4088 3663 4155 longior
3709 4085 3806 4152 fac-

2238 4166 2340 4210 tus.
2387 4153 2582 4216 Silius.
2623 4156 2717 4210 lib.
2779 4171 2825 4218 1,
2869 4170 3012 4211 vers.
3059 4155 3194 4218 175,
3244 4153 3346 4208 Per
3397 4153 3570 4209 artcm'
3613 4155 3807 4209 Saenia

2237 4231 2447 4280 exstanti
2469 4267 2484 4290 ,
2513 4237 2759 4291 quantum
2782 4236 3030 4279 tormenta
3054 4225 3296 4295 jubebant
3316 4266 3330 4290 ,
3359 4224 3632 4279 Creverunt
3661 4235 3805 4277 artus.

2242 4297 2315 4351 De
2359 4297 2546 4351 eculeo
2584 4297 2665 4364 egi
2707 4297 2760 4350 in
2803 4297 3085 4351 Vincentio
3126 4298 3192 4348 ad
3237 4311 3379 4364 vers.
3426 4297 3552 4351 109.
3601 4295 3807 4349 Thomas

2238 4369 2507 4435 Hurtado,
2551 4361 2796 4422 ϐένθη)
2845 4367 3130 4437 Martyrio,
3177 4361 3399 4421 res'olut.
3451 4367 3549 4432 55,
3599 4367 3807 4437 digress.

2237 4437 2300 4502 2,
2335 4449 2466 4493 sect.
2497 4434 2556 4502 3,
2593 4439 2864 4493 existimat
2903 4434 3144 4491 eculeum
3187 4452 3307 4490 esse
3338 4448 3660 4490 tormentum
3698 4434 3807 4488 illud

2238 4509 2379 4579 quod
2420 4509 2639 4576 Hispani
2677 4518 2870 4562 vocant
2911 4516 3086 4577 potro,
3125 4523 3243 4574 qua:
3274 4523 3370 4560 vox
3413 4509 3678 4576 signiﬁcat
3702 4523 3810 4579 rcu-

2241 4576 2402 4642 leum,
2433 4580 2546 4632 sive
2574 4581 2879 4645 equuleum,
2913 4576 3005 4632 aut
3031 4593 3248 4646 parvum
3281 4595 3477 4646 equum
3505 4597 3519 4633 :
3547 4592 3654 4645 quo
3683 4576 3811 4630 scili-

2239 4662 2324 4704 cet
2353 4651 2589 4704 membra
2623 4650 2814 4702 lidibus
2843 4663 3012 4717 usque
3049 4649 3115 4701 ad
3147 4649 3327 4702 sulcos
3363 4651 3806 4717 eon-tringuntm,

628 4716 752 4793 101.
783 4715 989 4768 Recens
1015 4726 1282 4793 corrector
1314 4717 1366 4768 in
1385 4717 1509 4793 llat.
1546 4731 1640 4785 pro
1671 4716 1925 4793 idolorum
1945 4755 1960 4778 ,
1992 4714 2131 4793 quod

2239 4731 2293 4774 et
2327 4736 2496 4789 usque
2523 4722 2588 4773 ad
2619 4714 3170 4793 ossituul'ra‘ctu‘ram,
3201 4720 3258 4793 si
3291 4719 3448 4793 nimis
3480 4718 3705 4793 ﬁdiculae
3727 4716 3812 4793 .in-

554 4785 764 4838 videtur
791 4799 1000 4838 erasum
1022 4824 1036 4846 ,
1062 4785 1236 4855 posuit
1263 4789 1614 4854 pessimorum,
1647 4789 1784 4855 quod
1821 4802 1926 4838 non
1951 4797 2032 4838 est
2059 4788 2135 4838 fe-

557 4860 800 4909 rendum.
829 4855 1029 4908 Servus
1057 4854 1315 4908 idolorum
1337 4866 1392 4910 et
1417 4854 1721 4912 daemonum
1753 4858 1930 4924 pltrasi
1959 4862 2135 4910 eccle-

557 4929 770 4979 stastiea
809 4941 904 4992 pro
934 4925 1025 4977 Dei
1061 4927 1213 4977 hoste
1244 4930 1474 4992 ponitur.
1521 4928 1821 4982 Inlideltbus
1860 4931 1985 4981 olim
2027 4943 2131 4981 non

559 4997 750 5050 licebat
775 4999 828 5050 in
852 4997 1129 5048 ecclesiam
1161 4996 1394 5062 ingredi;
1423 4997 1516 5050 sed
1540 4999 1590 5051 in
1615 5000 1868 5052 na-rthece
1893 4999 2132 5052 interiori

558 5071 940 5128 consistebant,
969 5080 1078 5138 non
1103 5064 1236 5116 ultra
1270 5069 1555 5138 progressi,
1585 5077 1643 5121 ut
1666 5069 1824 5138 liquet
1849 5085 1911 5122 ex
1937 5069 2130 5122 concil.

561 5138 807 5208 Carthag.
841 5154 912 5200 tv,
943 5137 1698 5208 Clirysostotno,Augustino,
1726 5137 1976 5206 aliisque.
2001 5138 2138 5191 Vide

565 5208 665 5263 lul.
701 5205 856 5262 Laur.
891 5207 1224 5276 Selvaggium
1252 5206 1433 5273 Antiq.
1460 5205 1658 5261 Christ.
1689 5205 2014 5262 instit.’t0tn.
2043 5209 2130 5274 ill,

568 5280 655 5336 Itb.
683 5295 742 5343 It,
777 5289 908 5344 part.
934 5280 986 5342 1,
1013 5278 1039 5347 §
1069 5279 1122 5332 5.

631 5352 751 5404 illi.
791 5345 1033 5402 Ecclesia
1072 5350 1209 5402 inter
1248 5345 1349 5399 alia
1395 5346 1608 5399 nomina
1642 5346 1932 5400 vocabatur
1973 5350 2134 5401 etiam

560 5425 864 5485 oratorium,
895 5419 1074 5472 domus
1105 5418 1366 5479 orationis,
1397 5423 1472 5482 et,
1501 5425 1557 5469 ut
1580 5424 1723 5484 patet
1742 5431 1805 5469 ex
1834 5419 1933 5468 hoc
1953 5433 2134 5482 versu,

561 5493 742 5542 damus
774 5491 993 5544 salutis:
1023 5503 1323 5558 quanquam
1357 5487 1583 5558 fortasse
1625 5488 1736 5558 haec
1770 5499 1872 5558 non
1897 5497 2009 5558 erat
2041 5503 2136 5555 pe-

561 5560 777 5614 culiaris
807 5555 1090 5629 appellatio
1117 5555 1385 5621 ecclesitc;
1417 5559 1511 5612 sed
1552 5557 1619 5611 ita
1651 5573 1678 5609 a
1723 5555 2010 5629 Prudentia
2041 5572 2138 5612 ec-

563 5628 723 5682 clesia
759 5627 1232 5684 circumscribitur.
1262 5629 1380 5683 Non
1425 5630 1568 5684 enim
1618 5641 1758 5684 nunc
1803 5627 2038 5681 occurrit
2064 5629 2138 5682 si-

565 5699 708 5754 milis
731 5702 799 5753 ab
825 5702 944 5751 aliis
971 5703 1163 5754 u~itata
1193 5701 1501 5768 appellatio.

642 5770 763 5826 104.
795 5767 936 5832 Ald.,
964 5768 1119 5834 Man,
1151 5767 1374 5839 Wtd’m.,
1406 5770 1711 5837 i’al.,Urb.,
1733 5778 1789 5826 et
1810 5770 1994 5840 scripti
2025 5769 2136 5838 ple-

1987 6045 2194 6103 ,Α

2239 4787 2608 4857 torqueantur.
2643 4791 2916 4858 Approbat
2948 4790 3088 4843 enim
3120 4789 3529 4856 explicationem
3561 4787 3807 4858 Culepiui,

2241 4862 2482 4915 iidit-ulas
2526 4857 2769 4928 Hispanis
2807 4874 2929 4914 esse
2969 4867 3100 4912 trato
3142 4861 3202 4911 de
3231 4860 3441 4913 cuerdu.
3477 4863 3668 4912 \erutn
3709 4857 3809 4928 ili-

2241 4936 2361 4996 paui
2397 4933 2496 4984 hoc
2539 4927 2754 4986 nomine
2784 4939 2975 4984 vocant
3012 4931 3365 4983 elevatioaetn
3402 4931 3544 4984 illam
3585 4927 3808 4996 corporis

2240 5016 2334 5082 per
2365 5002 2665 5082 troel_tleas,_
2680 5002 2746 5055 de
2774 5001 3013 5082 quagdixi
3045 5000 3096 5053 in
3131 5000 3412 5082 Vincentio
3441 5001 3507 5053 ad
3531 5015 3670 5082 vers:
3700 4997 3806 5082 illi.

2240 5081 2296 5124 ιιι
2319 5070 2434 5138 ipse
2466 5073 2732 5125 Ilurtadus
2755 5070 2964 5125 videtur
2985 5071 3265 5132 amovisse
3290 5074 3338 5122 in
3364 5070 3806 5135 Anacepbalamsi.

2241 5140 2444 5194 ibidem
2474 5143 2812 5209 amplectitur
2840 5143 3038 5195 Barthii
3063 5141 3383 5195 sententiam
3413 5141 3504 5195 lib.
3529 5154 3636 5193 χιιι
3657 5179 3672 5205 ,
3702 5152 3805 5209 cap.

2237 5211 2306 5264 27
2336 5207 2588 5274 Adversf,
2615 5213 2701 5278 qui
2727 5221 2891 5276 tenet,
2917 5227 3076 5266 omne
3103 5220 3489 5265 tormentorum
3516 5227 3701 5278 genus,
3733 5207 3803 5258 cui

2239 5282 2472 5346 impositi
2497 5281 2572 5335 rei
2596 5281 3033 5348 extendereotur,
3057 5297 3085 5335 a
3111 5281 3462 5336 similitudine
3489 5278 3805 5335 ascensionis

2238 5352 2504 5420 equestris
2533 5351 2765 5402 eculeum
2809 5351 2972 5407 iuis~e
3011 5353 3370 5421 appellatum,
3415 5367 3588 5419 neque
3622 5353 3689 5402 ab
3719 5351 3806 5398 hoc

2243 5423 2459 5474 nomine
2481 5423 2773 5474 abhorrere
2799 5422 3144 5485 caballe:tum,
3174 5422 3314 5490 quod
3337 5422 3567 5475 Thomas
3599 5421 3807 5490 Srgetus

2243 5491 2866 5561 Mirandulaisuperesse
2895 5492 3126 5561 scripsit.
3155 5488 3298 5545 Italis
3318 5491 3568 5545 cavallett-i
3597 5505 3699 5542 vox
3721 5488 3808 5538 hoc

2243 5562 2415 5630 ipsum
2441 5559 2834 5630 quodammodo
2856 5559 3056 5616 indicat
3080 5582 3090 5615 :
3121 5578 3239 5630 quae
3261 5563 3448 5617 Latine
3474 5563 3687 5616 eculeus
3711 5564 3804 5609 est.

2312 5629 2437 5688 112.
2464 5629 2720 5684 Weitzius
2739 5647 2860 5688 cum
2891 5634 3008 5687 solo
3029 5629 3228 5687 Widm.
3257 5633 3424 5686 edidit
3447 5631 3669 5702 genitum
3701 5641 3809 5694 pro-

2239 5717 2417 5769 sapia,
2445 5711 2775 5771 repugnante
2811 5715 2985 5758 metro
3011 5704 3104 5757 lib.
3149 5719 3248 5765 vn,
3285 5719 3406 5770 cap.
3436 5699 3502 5756 de
3542 5699 3760 5753 Malelic.
3792 5708 3807 5747 :

2246 5772 2472 5840 Excepta
2499 5777 2758 5827 tormentis
2787 5785 2904 5827 sunt
2927 5791 3140 5841 corpora
3163 5775 3438 5828 honoribus
3459 5771 3804 5843 pra-diturum;
