3994 6176
201 371 292 430 45³

426 475 734 546 Meritisque
765 474 948 531 multis
966 489 1087 532 esse
1117 475 1345 544 primum
1373 475 1592 529 civium.

427 566 587 620 Jubet
614 567 858 622 amoveri
883 567 1148 622 noxialem
1179 565 1445 635 stipitem,

203 658 294 712 ll5
430 657 642 712 Plebeia
673 658 876 712 clarum
909 673 1068 728 pinna
1097 672 1164 712 ne
1199 657 1419 719 damnet
1445 658 1638 712 virum.

359 749 657 819 Tundatur,
686 751 878 820 inquit,
906 759 1054 817 terga
1082 750 1285 805 crebris
1313 751 1525 814 ictibus,

426 835 760 916 Plumboqne
780 847 964 902 cervix
996 846 1274 902 verberata
1304 846 1584 900 extuberet
1609 863 1624 900 :

432 937 645 1009 1071‘
682 939 921 994 Persona
962 953 1190 1009 quaeque
1249 947 1618 1008 competenter
1658 937 1771 1006 ple-

1496 1029 1697 1102 [ctitur,

423 1118 708 1189 Magnique
739 1117 926 1185 refert,
958 1119 1103 1185 vilis,
1133 1134 1200 1173 an
1223 1119 1294 1174 sit
1317 1119 1513 1174 nobilis
1542 1138 1554 1172 :

430 1212 608 1266 Gradu
640 1225 854 1265 reorum
886 1210 1054 1264 lorma
1087 1211 1372 1265 tormentis
1391 1212 1567 1265 datur.

357 1301 513 1357 Pulsa
524 1310 609 1356 tus
627 1316 756 1370 ergo
777 1312 983 1370 martyr
1009 1301 1099 1354 illa
1126 1301 1410 1370 grandine,

428 1393 714 1462 Postquam
729 1393 872 1447 inter
888 1394 1020 1446 ictus
1036 1391 1172 1446 dixit
1189 1392 1446 1462 hymnum
1466 1393 1761 1463 plumbeos,

195 1211 289 1265 121)

1502 1503 1788 1560 (31.0δὸΑὲ
1830 1505 2166 1565 VETERES.

249 1620 364 1674 115.
394 1616 664 1680 Primum,
695 1616 1000 1684 principem,
1034 1615 1073 1670 l.

253 1689 365 1743 115.
393 1688 633 1752 Plebeia,
663 1687 874 1749 rustica,
909 1687 1044 1741 vilis.
1073 1717 1142 1728 —
1169 1689 1409 1756 Clarum,
1443 1689 1684 1757 nobilem,
1721 1691 1760 1744 l.

250 1759 368 1813 116.
399 1760 657 1826 Tergum.
691 1772 782 1825 per
809 1765 1029 1826 tergunt,
1063 1758 1167 1812 lso.

251 1830 362 1951 :l7.
389 1829 711 1951 Elxtuheret,
737 1837 1002 1893 tumescat,
1026 1830 1102 1883 vel
1125 1836 1338 1896 crescat,
1369 1839 1622 1885 strumosa
1644 1830 1761 1900 ﬁat;

267 1910 397 1951 atur.
464 1939 474 1950 .
1122 1931 1124 1933 »

185 1902 397 1968 inﬂatur,
437 1902 474 1951 Ι.

382 1931 637 2024 Ῥξνεοηιι
677 1982 922 2036 quaeque,
957 1931 1124 2022 omnis
1142 1969 1311 2022 homo.
1344 1969 1761 2035 —Competen-
1796 1941 1843 2002 Β

187 2049 274 2104 ler,
301 2040 585 2093 secundum
605 2054 749 2092 suam
771 2052 1027 2092 naturam.
1057 2067 1125 2079 -—
1149 2041 1422 2104 l’leclitnr,
1451 2043 1682 2108 punitur.
1715 2042 1756 2096 Ι.

245 2111 355 2164 119.
389 2110 695 2179 Magnique,
725 2111 910 2178 pretii;
933 2125 1117 2178 magna
1146 2111 1412 2174 distantia,
1441 2109 1480 2164 l.

247 2182 358 2233 1‘20.
383 2180 596 2243 Gradu,
629 2191 830 2232 natura.
861 2207 935 2219 —
965 2180 1148 2248 Datur,
1182 2192 1541 2249 competenter,
1575 2182 1612 2234 I.

245 2251 357 2305 121.
384 2251 688 2313 Giandlne,
725 2249 1086 2316 persecutione,
1117 2252 1194 2306 vel
1220 2252 1444 2316 ictuum,
1478 2253 1518 2305 Ι.

242 2321 353 2374 121.
387 2323 643 2384 Ρτωεῑθι,
678 2322 868 2390 faciat;
900 2320 1168 2375 sublimem
1199 2325 1376 2390 faciat,
1407 2323 1446 2378 l.

1376 361 1941 420 PERISTEPHANON
1982 361 2192 417 IIYMN.
2233 359 2300 416 Χ.

1794 484 1845 536 Α
2121 473 2347 527 Erectus
2377 470 2530 526 inﬁt:
2564 473 2738 536 Absit,
2768 484 2825 528 ut
2851 490 2936 531 me
2959 477 3188 533 nobilem

3346 367 3461 422 ιλιι

2123 565 2353 635 Sanguis
2376 576 2650 634 parentum
2680 577 2918 637 praestet,
2948 584 3038 623 aut
3067 572 3149 626 lex
3179 574 3340 628 curia;

2120 658 2392 714 Generosa
2414 657 2615 712 Christi
2638 669 2782 713 secta
2806 661 3053 716 nobilitat
3075 664 3236 718 viros.

2051 749 2107 804 Si
2134 750 2302 817 prima
2330 749 2526 803 nostris
2554 766 2672 820 qua:
2701 752 2770 805 sit
2795 753 3150 822 incunabulis

2119 842 2282 911 Origo
2333 850 2480 897 textu
2504 845 2803 898 stemmatis
2829 862 3146 915 recenseas,

2123 932 2218 987 Dei
2249 935 2483 1001 parentis
2512 948 2632 989 esse
2657 935 2725 988 ab
2753 949 2848 990 ore
2872 939 3132 1005 ccepimus
3157 955 3172 996 :

2137 1026 2350 1099 1075
2397 1027 2496 1082 Cui
2543 1027 2768 1097 quisque
2819 1029 3024 1095 servit,
3069 1030 3157 1084 ille
3204 1046 3330 1087 vere
3377 1042 3456 1090 est

3129 1127 3346 1199 [nobilis
3377 1147 3389 1180 :

2120 1213 2267 1269 Patri
2289 1213 2525 1280 rebellis,
2558 1215 2826 1269 invenitur
2850 1215 3102 1283 degener.

2054 1305 2240 1361 Honos
2264 1307 2458 1361 deinde
2483 1308 2750 1362 stemmati
2773 1310 2982 1363 accedit
3004 1326 3194 1376 novus,

2126 1400 2192 1452 Et
2216 1398 2470 1468 splendor
2491 1399 2702 1470 ingens,
2730 1411 2790 1456 ut
2810 1403 3174 1473 magistratus,
3205 1407 3349 1463 venit
3376 1444 3392 1471 ,

1872 660 1976 712 125

1874 1213 1978 1269 150

1946 1623 2069 1678 125.
2103 1625 2280 1692 Secta,
2314 1628 2571 1688 doctrina,
2606 1627 2647 1683 Ι.

1943 1693 2068 1774 126,
2105 1696 2464 1775 Ιιιοιι-ηξιδιιιὶε,
2495 1698 2836 1775 incunabula,
2871 1718 3038 1770 eunte,
3091 1707 3374 1775 crepundia
3413 1717 3460 1763 et

1870 1764 2189 1829 crepitacula
2217 1767 2353 1821 idem
2377 1776 2528 1831 sunt,
2562 1768 2600 1823 Ι.

1945 1835 2068 1914 127.
2100 1834 2294 1914 Textu,
2325 1839 2524 1914 ordine.
2552 1868 2624 1878 —
2655 1838 2965 1897 Stemmatis
2985 1883 3000 1911 ,
3025 1846 3247 1914 generis,
3275 1847 3460 1902 nobili—

1873 1905 2407 1980 talistgenerationis,
2443 1908 2482 1961 l.
2570 1979 2573 1980 ν
2986 1905 2996 1911 ⁷
3025 1905 3046 1914 ν
3221 1973 3228 1980 .

1942 1975 2069 2058 ηδε
2103 1975 2391 2058 Parentis,
2442 1979 2717 2058 pa‘tris.-_—
2763 1985 2844 2058 Ab
2869 1998 2995 2050 ore,
3042 1975 3248 2054 quando
3295 1989 3460 2058 primo

1869 2047 2069 2119 parenti
2098 2048 2369 2119 insit/[lavit
2388 2049 2624 2119 spiritum
2646 2052 2780 2113 vilic,
2814 2053 2852 2106 l.

1939 2117 2084 2194 1311.¹
2114 2117 2647 2194 [legerunt—dicitur,
2699 2125 2786 2190 qui
2836 2124 2987 2192 [actis
3031 2124 3322 2194 depravatis
3360 2145 3460 2182 non

1862 2187 2136 2258 respgndet
2161 2189 2416 2241 nobilitati
2444 2187 2737 2258 parentum,
2773 2194 2813 2247 Ι.

1937 2255 2060 2308 151.
2088 2259 2393 2323 Slemmati,
2423 2255 2698 2323 nobilitati,
2733 2264 2771 2316 l.

1934 2326 2058 2380 152.
2087 2326 2156 2383 Ut
2182 2332 2550 2400 magistratus,
2585 2332 2720 2385 sicut
2740 2333 2986 2404 dignitas,
3021 2337 3062 2391 Ι.

1550 2463 2107 2522 COMMENTARIUS.

178 2587 343 2644 prseter
359 2578 467 2632 illa
482 2576 714 2631 videlicet
735 2577 950 2630 crimina
971 2592 1085 2644 quae
1104 2576 1300 2644 legibus
1317 2576 1753 2632 demonstrantur.

177 2647 295 2703 Cod.
325 2649 547 2702 'l‘heod.
569 2649 636 2702 de
663 2647 863 2715 Qumst.
897 2648 988 2701 lib.
1019 2661 1094 2712 ιιι,
1125 2649 1208 2700 tit.
1239 2647 1330 2710 55,
1358 2647 1466 2715 leg.
1497 2648 1551 2712 1,
1583 2650 1759 2716 agitur

175 2724 318 2773 etiam
344 2719 412 2774 de
453 2721 796 2787 exemptione
831 2717 1091 2771 nobilium
1128 2733 1157 2770 a
1191 2718 1488 2787 qua-stione
1509 2717 1620 2772 sive
1648 2729 1760 2770 tor-

176 2789 384 2854 mentis;
447 2791 536 2844 ubi
569 2785 720 2855 plura
747 2789 980 2856 explicat
1004 2785 1364 2843 Gothofredus
1389 2829 1404 2853 ,
1438 2788 1527 2855 qui
1569 2789 1759 2841 obser—

175 2868 285 2924 rat,
331 2860 383 2914 in
414 2860 528 2914 liac
554 2859 671 2928 lege
701 2869 907 2914 tantum
935 2873 1238 2914 sermonem
1266 2872 1385 2928 esse
1410 2857 1479 2911 de
1509 2857 1755 2928 ﬁdiculis.

240 2930 547 2995 nomen
585 2931 742 2994 Mar.,
783 2929 927 2997 Rat.,
958 2929 1098 2983 Vatt.
1147 2930 1208 2990 Β,
1236 2928 1302 2992 o.
1341 2927 1493 2996 Urb.,
1531 2927 1760 2992 \Veitz.,

183 2999 362 3070 Bong.,
389 3000 626 3066 \Vidm.,
685 2999 798 3054 Gis.
841 3001 893 3054 in
936 3007 1221 3066 contextu,
1270 2998 1444 3064 Sich.,
1493 2999 1758 3070 tundatur,

179 3069 352 3138 inquit,
391 3081 624 3141 tergum.
667 3072 849 3134 Alex.,
886 3071 1002 3124 Vat.
1030 3072 1089 3133 Ρ,
1133 3071 1268 3137 Αιι.,
1307 3072 1481 3128 liott..
1527 3069 1758 3141 Tbuan.,

180 3142 311 3208 Ald.,
335 3140 544 3210 aliique
571 3151 738 3205 recte,
772 3144 1039 3205 tundatur,
1067 3141 1252 3208 inquit,
1278 3150 1436 3209 terga,
1467 3147 1525 3192 ut
1544 3140 1614 3194 sit
1633 3155 1762 3207 grte-

185 3215 386 3267 cismus.
418 3209 633 3268 Monuit
659 3211 906 3265 Gilanius
949 3213 1001 3264 in
1034 3227 1141 3273 eas,
1177 3213 1246 3263 ita
1279 3211 1475 3264 habere
1503 3219 1632 3264 vett.
1670 3209 1763 3263 lib.

179 3294 225 3337 et
249 3285 398 3338 metri
438 3284 716 3352 rationem
747 3282 1018 3352 postulare
1052 3299 1065 3334 :
1117 3279 1353 3350 Namque
1379 3283 1433 3333 in
1455 3296 1513 3334 eo
1541 3282 1766 3334 carmine

179 3354 622 3421 prastantissimus
679 3351 910 3406 Clemens
957 3351 1054 3405 hoc
1102 3354 1316 3404 servavit
1370 3362 1610 3419 perpetuo
1635 3392 1650 3414 ,
1711 3359 1764 3402 ut

179 3398 1050 3491 ἓὰὲἱὶἇ’ἷέἷιὲῖῆἱιιιεῖἶὲἇᾶοιὶῶἷ
1077 3398 1760 3492 (Ξόὶτίῥέἶειῆἲιτῶἑὲεἱιςὲἧ
1794 3398 1839 3462 C

181 3508 353 3560 quarto
378 3496 503 3550 loco
532 3509 912 3562 nonnunquam
934 3492 1258 3548 Prudentius
1275 3491 1492 3546 admisit
1515 3509 1529 3544 :
1549 3508 1653 3545 non
1671 3508 1766 3545 au-

182 3575 276 3618 tem
290 3569 639 3632 spondamm.
655 3566 828 3634 qualis
840 3575 984 3618 esset
996 3566 1038 3618 si
1059 3565 1327 3633 legeretur
1343 3574 1538 3634 tergum
1555 3564 1761 3634 crebris.

183 3631 492 3690 Parrhasius
522 3636 577 3691 et
611 3631 862 3689 Lotterus
891 3650 996 3689 non
1022 3635 1090 3688 ita
1116 3631 1404 3697 concinne,
1437 3631 1760 3692 Tundantnr,

176 3706 347 3773 inquit,
370 3717 521 3777 terga
540 3707 727 3777 crebris
750 3707 948 3777 ictibus.
983 3707 1036 3759 In
1061 3704 1280 3777 Ambr.,
1319 3702 1581 3777 tendatur,
1604 3704 1765 3770 inquit

179 3784 342 3845 terga,
389 3773 470 3831 ex'
511 3791 620 3845 quo
665 3775 915 3845 Heinsius
953 3773 1478 3844 conjicit'l'endatnr,
1530 3775 1696 3843 inquit
1748 3789 1766 3824 :

178 3843 304 3917 terga
334 3843 543 3899 crebris
560 3847 762 3917 ictibus,
794 3843 1114 3917 Plumboque
1143 3845 1595 3917 cervisperberata
1621 3853 1767 3917 extu-

177 3914 354 3972 lm'ent.
393 3916 666 3972 Baronius
699 3917 753 3970 in
784 3917 925 3970 notis
949 3916 1016 3970 ad
1051 3917 1269 3985 Martyr.
1307 3914 1367 3967 11
1402 3914 1542 3968 Junii
1579 3930 1643 3967 ex
1689 3916 1769 3967 lc-

175 3988 318 4055 gibus
339 3991 468 4043 cod.
505 3987 717 4042 Theod.
746 3987 984 4054 colligit,
1028 3987 1434 4055 plumbatarnm
1452 3985 1766 4038 verberibus

176 4054 300 4112 viles
330 4071 548 4112 tantum
582 4071 841 4124 personas
868 4054 1043 4111 luisse
1064 4067 1306 4111 vexatas.
1335 4054 1442 4108 Sed
1475 4055 1580 4107 illae
1623 4055 1767 4124 leges

175 4131 344 4197 potius
369 4129 675 4183 Prudentia
707 4128 916 4190 lavent,
949 4142 1069 4180 cum
1101 4127 1249 4197 inde
1269 4124 1768 4197 pateatplnmbata-

175 4195 282 4252 rum
305 4200 449 4254 ictus
483 4210 616 4254 ante
644 4212 736 4252 eas
758 4198 904 4265 leges
928 4197 1064 4251 latas
1097 4195 1417 4266 supplicium
1444 4196 1608 4249 luisse
1638 4211 1764 4264 per-

173 4283 423 4325 sonarum
473 4270 641 4324 etiam
683 4284 789 4322 non
825 4269 1028 4322 vilium.
1078 4267 1440 4322 Gothofredus
1485 4267 1552 4320 ad
1587 4267 1691 4335 leg.
1735 4267 1770 4317 2

175 4339 269 4391 loc.
301 4342 397 4394 cit.
445 4340 613 4394 docet
652 4339 752 4392 hac
781 4340 897 4408 lege
927 4338 1157 4394 curiales
1178 4353 1208 4392 a
1237 4337 1466 4392 ﬁdiculis
1501 4337 1767 4392 immunes

172 4424 302 4469 esse.
336 4428 448 4465 non
479 4409 610 4463 item
639 4425 670 4463 a
699 4410 1003 4478 plumbatis.

241 4482 360 4535 117.
400 4481 648 4536 llailsbr.
673 4477 949 4543 mendose,
979 4479 1216 4534 exuberet
1242 4491 1337 4545 pro
1358 4478 1636 4532 extuberet.
1669 4477 1770 4531 Per

173 4552 554 4619 synecdochen
579 4552 842 4621 plumbum
865 4550 934 4602 ab
957 4549 1179 4614 l‘lilario,
1209 4549 1492 4621 Ambrosio
1511 4591 1526 4615 ,
1567 4559 1621 4602 et
1670 4549 1771 4602 hoc

173 4621 283 4673 loco
307 4639 336 4675 a
374 4620 680 4676 Prudentia
705 4629 992 4686 usurpatur
1016 4635 1111 4688 pro
1140 4620 1457 4688 plumbatis,
1509 4634 1659 4689 qum,
1714 4631 1772 4672 ut

176 4693 316 4763 multi
351 4695 677 4763 explicant,
709 4702 865 4763 erant
887 4691 1109 4763 ﬂagella
1130 4706 1193 4744 ex
1218 4689 1471 4763 (anniculis
1494 4700 1585 4763 aut
1620 4691 1768 4752 loris,

1864 2577 2072 2651 mentio
2115 2585 2277 2651 saepe
2303 2579 2360 2632 ﬁt
2404 2579 2456 2633 in
2494 2581 2616 2634 cod.
2661 2579 2869 2634 Theod.
2912 2581 3139 2636 diversis
3183 2579 3475 2651 formulis,

1861 2647 2412 2722 plumbatarumictus,
2431 2652 2707 2715 cruciatus,
2739 2653 2966 2714 verbera,
2985 2651 3181 2721 plumbi
3223 2647 3453 2722 verbera,

1862 2718 2070 2790 plumbo
2106 2719 2268 2790 gallici,
2323 2721 2527 2788 plumbo
2595 2722 2851 2786 coerceri,
2913 2718 3119 2790 plumbo
3163 2718 3457 2787 contundi,

1864 2787 2139 2854 plumbatis
2167 2787 2386 2843 coerceri
2437 2805 2455 2842 :
2499 2805 2632 2856 quas
2671 2805 2858 2846 omnes
2888 2787 3295 2856 comprehendit
3324 2795 3457 2847 Pru-

1865 2858 2078 2913 dentius
2111 2877 2123 2911 :
2157 2859 2429 2913 Tundatur
2459 2861 2660 2920 ictibus.
2688 2863 2890 2928 plumbo
2911 2862 3190 2924 verberata,
3226 2865 3457 2929 pulsatus

1868 2930 2146 3002 grandine,
2174 2931 2303 2984 ictus
2331 2931 2614 2998 plumbeos.
2644 2930 2898 2985 Libanius
2921 2933 3080 2984 etiam
3121 2943 3255 2987 orat.
3287 2935 3317 2986 7
3360 2951 3458 3002 pro

1870 2999 2149 3071 Aristoph,
2199 3002 2592 3068 plmnbatarnm
2635 3003 2857 3056 verbera
2889 3004 3101 3056 vocavit
3129 2999 3456 3071 grandinem.

1941 3069 2068 3123 124.
2121 3069 2378 3139 Suspicor
2429 3071 2712 3140 legendum
2746 3071 2828 3124 lea:
2858 3071 3033 3125 Curia.
3089 3069 3220 3126 Nota
3263 3091 3362 3128 ms.
3404 3076 3460 3131 in

1871 3137 2107 3212 editione
2140 3137 2339 3195 Lotleri
2364 3137 2585 3208 exponit
2615 3144 2697 3195 lea:
2729 3141 2931 3194 Portia.
2963 3143 3069 3196 Sed
3102 3144 3246 3212 leges
3271 3146 3460 3212 curim,

1871 3211 2170 3283 et_c_uriatae
2210 3213 2364 3266 dicta:
2396 3223 2542 3279 sunt,
2591 3227 2724 3283 quas
2754 3212 3012 3266 Romulus
3033 3253 3046 3271 ,
3080 3211 3363 3283 poSttham
3405 3211 3458 3270 in

1873 3281 2084 3352 triginta
2109 3286 2286 3337 curias
2322 3284 2572 3352 populum
2607 3282 2904 3337 Roinannm
2933 3281 3115 3337 divisit
3141 3324 3154 3341 .
3181 3281 3245 3337 ad
3275 3287 3453 3352 reipu-

1873 3351 2026 3423 blicae
2058 3353 2296 3422 regimen
2326 3351 2467 3407 tulit.
2498 3354 2600 3406 Alii
2632 3353 2792 3407 etiam
2826 3369 2980 3423 reges
3033 3358 3175 3423 leges
3223 3356 3457 3409 curiatas

1873 3421 2137 3492 tulerunt.
2179 3424 2238 3478 S.
2299 3425 2614 3478 Ambrosius
2671 3425 2722 3477 in
2772 3421 2909 3492 capi
2949 3439 3004 3478 ιιι
3057 3421 3214 3479 Lucae
3267 3425 3460 3479 similia

1869 3491 2112 3558 quaedam
2143 3493 2304 3548 habet
2334 3497 2400 3547 de
2432 3495 2614 3549 curiis.

1949 3561 2065 3615 l25.
2106 3561 2233 3616 Vide
2257 3563 2533 3618 Ouzclium
2563 3565 2627 3616 ad
2684 3564 2901 3618 Minucii
2932 3565 3095 3618 verba
3132 3583 3144 3618 :
3181 3564 3463 3618 Nobilitate

1867 3647 2141 3698 generosus
2158 3634 2262 3706 es?
2284 3642 2516 3706 parentes
2546 3643 2658 3685 tuos
2683 3634 2865 3706 laudas
2881 3636 2905 3686 ξ)
2921 3636 3125 3706 Omnes
3155 3646 3321 3688 tamen
3348 3637 3463 3706 pari

1867 3710 2002 3774 sorte
2022 3702 2310 3774 nascimur,
2341 3705 2452 3756 sola
2473 3705 2655 3774 virtute
2680 3703 3067 3774 distinguimur.

1941 3772 2063 3824 126.
2095 3771 2540 3840 Parrltasius,'Si
2567 3775 2731 3838 prima
2757 3771 2920 3826 nostri
2948 3788 3064 3841 qua:
3090 3775 3153 3826 sit
3183 3775 3462 3828 int‘ttttabu-

1869 3840 1951 3892 lis.
1978 3841 2209 3906 Widm.,
2237 3841 2298 3898 Si
2322 3843 2490 3909 prima
2511 3857 2625 3910 quin
2640 3845 2708 3897 sit
2728 3843 2915 3896 nostris
2939 3840 2992 3895 in
3022 3845 3307 3906 cunabulis,
3332 3863 3464 3899 con-

1871 3918 1956 3985 tra
1984 3923 2233 3985 metrum.
2264 3913 2536 3985 Plerique,
2571 3913 2630 3967 Si
2660 3914 2829 3985 prima
2875 3916 3086 3985 nostris?
3107 3930 3219 3980 qua:
3239 3916 3322 3967 sit.
3355 3916 3461 3970 Sed

1871 3979 2026 4046 Ulb.,
2058 3983 2178 4036 Vat.
2211 3985 2278 4050 Q,
2311 3979 2494 4044 Alei”
2537 3979 2894 4048 incunabulis;
2920 3985 3040 4047 alii,
3071 3979 3126 4035 in
3169 3985 3457 4041 cunabulis.

1871 4051 2118 4123 lleinsius
2140 4070 2262 4108 cum
2289 4055 2478 4108 Ambr.
2504 4055 2739 4123 printulit
2761 4055 2919 4108 nostri
2937 4071 3050 4123 qun:
3074 4054 3137 4106 sit
3159 4055 3212 4106 in
3233 4056 3462 4108 cunabu-

1871 4122 1953 4184 lis,
1985 4124 2079 4178 sed
2107 4125 2429 4194 conjicicbat
2459 4122 2642 4178 nostris
2680 4139 2794 4193 qtae
2830 4128 2894 4177 sit
2926 4122 3245 4178 incunabulis
3270 4163 3284 4190 ,
3318 4127 3460 4194 quod

1867 4194 2044 4260 reipsa
2075 4196 2124 4248 in
2157 4195 2452 4250 etnendatis
2483 4197 2724 4250 ediderat
2752 4195 3047 4250 Giselinus.
3471 4235 3475 4240 .

1943 4262 2062 4320 128.
2087 4267 2502 4335 Cbrysostomus
2532 4269 2741 4334 egregie
2774 4265 2994 4333 probat,
3028 4281 3177 4332 teque
3206 4265 3458 4321 homines

1868 4346 1990 4406 esse
2025 4337 2267 4396 nobiles.
2301 4339 2390 4406 qui
2440 4339 2600 4390 Deum
2627 4337 2840 4390 Patrem
2885 4345 3082 4388 vocant
3119 4339 3171 4389 in
3215 4338 3461 4391 oratione

1871 4405 2140 4460 dominica
2177 4405 2332 4460 Pater
2361 4417 2551 4472 noster,
2582 4407 2768 4460 bomil.
2799 4407 2852 4459 in
2879 4406 3063 4459 Matth.
3104 4407 3187 4470 l9,
3237 4408 3308 4461 al.
3343 4409 3411 4460 '20
3443 4423 3458 4461 :

1875 4474 2124 4548 Omnibus
2154 4479 2345 4548 quippe
2363 4495 2515 4530 unam
2541 4478 2752 4548 largitus
2774 4487 2846 4530 est
2873 4477 3190 4531 nobilita-rem
3211 4494 3323 4530 cum
3354 4493 3466 4530 ont-

1871 4545 2013 4596 nium
2055 4545 2287 4601 similiter
2312 4546 2471 4600 Pater
2501 4545 2668 4600 vocari
2699 4548 2940 4616 dignatus
2971 4548 3059 4600 sit.

1947 4616 2070 4688 129.
2129 4617 2446 4672 Parrhasius
2482 4629 2536 4672 et
2563 4618 2844 4682 Lotterus,
2893 4618 3123 4688 quisquis
3163 4634 3179 4672 :
3230 4628 3462 4675 metrum

1873 4687 2036 4753 exigit
2083 4691 2314 4758 quisque.
2364 4689 2482 4742 Dixi
2522 4690 2630 4753 jam
2673 4688 2800 4742 alibi
2831 4687 2911 4742 de
2941 4687 3039 4743 hac
3085 4704 3216 4743 voce
3255 4706 3466 4756 qursque

179 4762 228 4814 in
254 4760 496 4832 quorum
516 4761 930 4840 summitatibus
957 4761 1176 4840 glandes
1201 4761 1465 4840 plum-heu:
1486 4761 1773 4840 alligaban—
1803 4768 1851 4826 ι)
1880 4773 1976 4840 pro
2007 4761 2260 4840 quisquis,
2305 4761 2548 4840 ct_plﬂura
2567 4760 2740 4840 videri
2773 4770 3000 4840 possunt
3049 4760 3100 4840 in
3143 4760 3464 4839 Anlltologia

185 4840 260 4884 tur
291 4852 305 4887 :
334 4849 467 4902 qua:
494 4834 789 4899 descriptio
817 4847 1000 4900 parum
1039 4831 1230 4898 placet.
1269 4832 1374 4884 Alii
1407 4831 1550 4902 aiunt
1586 4833 1774 4902 plum—

173 4902 315 4956 liatas
349 4900 532 4957 luisse
565 4904 699 4970 pilas
729 4902 1006 4969 plumbeas
1030 4902 1182 4955 corio
1203 4915 1476 4956 consutas.
1511 4900 1767 4953 DoctiSsi—

171 4989 284 5028 tuus
330 4974 550 5043 Lupius
591 4974 643 5025 in
686 4973 910 5026 Dissert.
962 4973 1028 5026 12
1073 4972 1184 5042 agit
1212 4972 1281 5026 de
1310 4971 1612 5043 plumbatis
1653 4986 1772 5043 qua)

173 5043 353 5098 Romae
386 5042 446 5098 in
496 5043 750 5110 sepulcro
780 5043 1056 5110 cujusdam
1097 5042 1351 5112 martyris
1395 5051 1621 5110 repertae
1659 5042 1772 5112 lure-

170 5125 322 5180 rant,
378 5116 687 5168 Benedicto
729 5113 842 5167 Xlll
896 5113 1164 5182 pontiﬁce.
1217 5111 1386 5166 Erant
1434 5123 1609 5165 autem
1667 5111 1772 5165 illa:

167 5188 391 5253 glandes
419 5202 500 5239 ex
527 5199 654 5248 aere,
679 5198 785 5237 non
812 5198 876 5238 ex
898 5181 1139 5252 plumbo,
1167 5192 1222 5238 et
1244 5181 1527 5249 catenulis,
1549 5197 1654 5235 non
1682 5183 1768 5253 lu-

116 5271 126 5284 ·-
171 5252 364 5310 uiculis
397 5268 502 5309 aut
533 5255 660 5310 loris
681 5295 696 5318 ,
718 5254 972 5323 alligatae.
1007 5253 1316 5320 Suspicatur
1339 5253 1574 5324 Lupius,
1621 5252 1770 5306 initio

167 5343 229 5382 ex
261 5328 505 5396 plumbo
545 5329 712 5380 laetas
735 5326 899 5379 luisse
926 5325 1166 5392 glandes,
1201 5326 1340 5379 unde
1381 5323 1767 5393 plumbatarum

167 5414 366 5452 nomen
417 5399 682 5451 inuaserit
728 5413 740 5448 :
777 5409 950 5465 neque
979 5397 1120 5449 enim
1153 5396 1394 5448 audierat
1434 5409 1654 5462 usquam
1682 5405 1770 5446 as-

167 5472 374 5522 servari
447 5467 753 5535 plutnbatas
796 5481 861 5520 ex
905 5467 1142 5533 plumbo.
1179 5466 1255 5517 Ex
1292 5479 1399 5518 tere
1434 5465 1594 5519 etiam
1644 5471 1772 5516 sunt

166 5541 516 5607 plumbatis,
561 5552 784 5604 quarum
834 5545 1082 5607 ectyputn
1108 5535 1427 5589 exhibemus
1473 5535 1578 5607 tab.
1617 5549 1766 5586 xxva.

167 5604 404 5663 Exstant
437 5609 496 5660 in
524 5621 704 5660 musco
728 5620 883 5660 sacro
913 5606 1190 5671 Vaticano,
1216 5613 1271 5658 et
1294 5604 1555 5659 catenulis
1579 5607 1767 5657 ferreis

169 5682 253 5735 vel
286 5681 502 5744 trucis,
531 5684 585 5730 ut
601 5677 729 5732 mibi
754 5675 1055 5747 inspicienti
1085 5677 1252 5730 visum
1274 5685 1375 5742 εει,
1397 5677 1620 5745 glandes
1645 5683 1770 5729 sunt

165 5754 474 5816 colligata.

237 5813 372 5873 1-Σ1.
413 5816 764 5885 Parrhasius,
801 5817 922 5884 ille;
957 5815 1173 5883 rectius,
1218 5815 1330 5870 illa.
1365 5813 1764 5871 Plumbatarum

1880 4831 2193 4894 Burmanni,
2220 4845 2338 4897 pag.
2365 4829 2488 4884 556.
2515 4829 2721 4897 Aliquis
2737 4831 2951 4883 volebat
2971 4829 3126 4883 scribi
3155 4830 3341 4898 quique
3369 4843 3464 4896 pro

1875 4901 2106 4966 quisque,
2137 4908 2230 4953 aut
2254 4901 2482 4970 quisquis
2510 4916 2530 4956 :
2561 4900 2693 4955 nihil
2722 4903 3065 4965 mutaverim,
3091 4901 3274 4954 invitis
3317 4901 3466 4953 codié

1833 4999 1839 5006 -
1874 4970 2046 5023 cibus.
3472 4993 3476 5021 l

1949 5040 2070 5092 151.
2101 5039 2438 5102 Parrhasius,
2471 5041 2587 5094 dein
2620 5057 2638 5096 :
2672 5051 2900 5095 metrum
2931 5040 3042 5094 vult
3062 5039 3266 5093 deinde.
3472 5045 3477 5064 ε

1949 5109 2070 5164 152.
2111 5109 2388 5164 Fabricius
2417 5121 2632 5173 censet,
2682 5114 3048 5181 magistratum
3097 5111 3182 5162 hic
3211 5107 3333 5176 poni
3369 5123 3466 5181 pro

1878 5180 2208 5248 magisterio,
2249 5182 2363 5235 sive
2408 5183 2647 5250 magistri
2683 5179 2894 5244 ol‘ticio,
2922 5191 2980 5234 ut
3008 5185 3277 5235 contrario
3308 5179 3467 5230 modo

1878 5261 2115 5318 potestas
2137 5266 2235 5321 pro
2260 5261 2491 5320 praetore
2515 5253 2652 5320 apud
2678 5253 3097 5321 Ciceronem,et
3127 5250 3462 5303 Juvenalem.

1881 5322 2110 5394 Exponit
2129 5319 2359 5394 scilicet,
2390 5332 2441 5375 ut
2464 5319 2791 5394 magistratus
2814 5319 3040 5394 venit,_id
3067 5328 3168 5394 est,
3188 5326 3464 5394 postquam

1879 5391 2002 5445 ﬁdei
2055 5393 2351 5461 periculum
2402 5389 2702 5448 iaciendum
2749 5401 2851 5446 est.
2903 5390 3042 5442 Mibi'
3073 5389 3466 5461 id_o_hscurniu

1877 5458 2089 5517 videtur
2117 5479 2131 5513 :
2159 5479 2333 5533 neque
2358 5473 2509 5531 puto,
2533 5463 2878 5517 Prudentium
2909 5460 3051 5533 aliud
3079 5459 3332 5533 voluisse,
3366 5458 3469 5512 nisi

1876 5533 2220 5602 splendorem
2246 5529 2545 5603 ingentem,
2576 5532 2748 5601 qualis
2783 5546 2813 5584 e
2843 5529 3246 5603 magistratibus
3269 5544 3467 5603 prove:-

1879 5598 1955 5658 n'it
1976 5645 1992 5671 ,
2041 5598 2360 5658 Christianis
2389 5598 2647 5656 accedere
2674 5617 2704 5655 e
2728 5606 2984 5670 martyrio
3016 5617 3028 5652 :
3062 5598 3464 5669 perinde-quasi

1875 5674 2018 5728 dicat
2056 5689 2242 5729 omnes
2261 5674 2590 5728 Christianos
2628 5687 2748 5727 esse
2788 5672 3300 5740 nobiles,martyri-s
3342 5686 3468 5726 vero

1878 5744 2042 5799 veluti
2067 5745 2356 5799 honoribus
2377 5742 2778 5811 magistratuum
2801 5743 3056 5809 gaudere.
3082 5742 3169 5798 Sic
3191 5742 3243 5796 in
3270 5741 3470 5813 hymno

1877 5814 1934 5869 S.
1966 5814 2236 5870 Laurentii
2267 5817 2407 5868 hunc
2430 5828 2697 5881 perennem
2723 5820 2976 5868 consulem
3007 5817 3233 5870 vocavit.
