3994 6176
499 361 607 420 455

747 476 802 529 bl
832 468 1114 527 conlitendi
1142 465 1371 522 nominis
1401 472 1588 519 testem
1618 462 1844 532 probum

750 565 971 635 Signent
998 563 1170 616 inusta
1194 558 1336 621 ferri,
1367 566 1421 612 et
1447 557 1585 625 ignis
1605 555 1856 617 vulnera,

508 659 611 715 155
751 656 816 709 Ει
844 655 948 708 vim
978 653 1224 706 dolorum
1258 662 1403 702 mors
1431 656 1686 716 sequatur
1714 645 1927 713 inclyta.

681 747 845 805 Cave,
876 743 1134 811 benignus
1160 753 1280 794 esse
1310 751 1560 811 perverse
1578 737 1741 796 velis,

755 834 860 887 Nec
891 834 962 886 mi
994 809 1251 886 remissus
1280 809 1470 882 leniier
1495 825 1831 896 peperceris:

751 923 999 976 lncumbe
1020 919 1296 982 membris,
1323 925 1512 982 tortor,
1535 925 1594 968 ut
1616 914 1716 968 sim
1743 914 1950 968 nobilis.

763 1011 973 1081 1076
995 1010 1087 1063 His
1112 1007 1396 1075 ampliatus
1417 1005 1461 1059 si
1483 1005 1627 1058 fruar
1649 1005 2005 1071 successibus,

514 1106 616 1160 140
755 1105 936 1159 Genus
966 1101 1152 1172 patris,
1179 1099 1469 1168 matrisque
1498 1097 1650 1152 ﬂocci
1680 1098 1876 1151 fecero.

1585 348 1856 406 suam:
1900 330 2262 402 causamn
2301 337 2628 397 casuum.

3349 395 3352 401 ι
3654 327 3750 381 tas

2351 453 2478 506 lltcc
2501 452 2612 518 ipsa
2644 455 2822 502 vestra
2855 443 3169 513 dignitatum
3200 426 3437 496 culmina

2424 557 2559 623 Quid
2581 569 2701 610 esse
2723 551 2951 608 censes?
2977 565 3154 604 nonne
3178 547 3376 603 cursim
3407 554 3682 602 transeunt

2429 647 2647 711 Fasces,
2676 657 2915 706 secures,
2939 640 3092 704 sella,
3121 644 3402 708 prastexta:
3424 647 3580 706 togte,

2427 737 2628 800 Lictor,
2659 731 2909 795 tribunal,
2934 741 2990 785 et
3017 739 3257 784 trecenta
3284 727 3532 797 insignia,

2432 828 2633 894 Quibus
2662 823 2900 887 tumetis,
2935 836 3168 890 moxque
3192 817 3593 874 detumescitis?

2359 920 2492 975 Cum
2517 915 2849 972 consulatum
2877 913 3044 977 initis,
3076 921 3133 965 ut
3157 925 3334 965 vernat
3357 908 3551 973 solent,

2373 1008 2580 1080 1077
2625 1005 2792 1060 Pudet
2815 1004 2990 1068 fateri,
3027 1002 3168 1056 farre
3205 1001 3380 1070 pullus
3403 999 3652 1067 pascitis:

2367 1100 2556 1169 Aquila
2585 1114 2649 1153 ex
2677 1097 2880 1153 eburna
2919 1095 3084 1149 sumit
3110 1091 3469 1162 arrogantiam

2186 831 2290 886 145

1777 1207 2096 1264 -GLOSSrE
2139 1210 2175 1262 V
2187 1209 2474 1265 ETERES.

591 1309 708 1363 155.
733 1305 986 1368 Probum,
1015 1307 1220 1365 bonum,
1249 1301 1290 1354 1.

587 1380 708 1434 154.
741 1375 938 1441 lnusta,
972 1374 1118 1427 valde
1142 1380 1274 1434 usta,
1299 1369 1340 1424 l.

587 1449 709 1503 156.
743 1446 904 1511 Cave,
928 1437 1065 1509 cave,
1090 1443 1210 1496 velis
1241 1439 1393 1492 simul
1412 1437 1740 1509 jungendum
1762 1452 1782 1492 :
1807 1452 1924 1490 cave
1956 1438 2090 1490 enim

517 1527 868 1600 abnegativum
884 1533 972 1578 est.
1000 1538 1088 1575 nec
1108 1529 1214 1588 eget
1232 1521 1402 1600 aliqua
1416 1518 1771 1600 abnegatione,
1789 1518 1918 1600 sicut
1937 1515 2090 1583 Cave,

519 1595 678 1676 facias
705 1603 938 1676 debemus
967 1601 1160 1676 dicere;
1194 1613 1293 1676 non
1313 1596 1462 1676 Cave,
1490 1611 1553 1646 ne
1579 1595 1761 1676 facias,
1801 1595 1838 1675 Ι..

593 1676 714 1730 157.
738 1675 827 1736 Mi,
855 1685 947 1740 pro
977 1669 1119 1722 mihi.
1144 1696 1213 1705 —
1238 1667 1532 1732 Remissus,
1565 1664 1631 1717 ad
1659 1665 2058 1719 misericordiam

520 1744 858 1812 mollefactus,
887 1740 932 1812 ξι,

593 1804 717 1868 159.
745 1804 1059 1878 Ampliatus,
1086 1805 1344 1872 dilatatus,
1363 1804 1799 1878 prosperitatibus,
1823 1813 2020 1878 auctus,
2046 1806 2085 1858 Ι.

591 1883 716 1961 140.
748 1873 922 1961 Flacci
954 1879 1159 1961 fecero,
1192 1890 1282 1946 pro
1311 1873 1474 1961 nil'tilo
1498 1873 1661 1961 duco,
1683 1874 2087 1961 pa'rvipendam,

523 1950 856 2023 parvipendo;
887 1949 1068 2000 ductus
1108 1943 1270 2000 sermo
1300 1961 1331 1997 a
1351 1948 1541 2014 ﬂocco,
1569 1943 1705 2013 quod
1748 1943 1971 1997 homines
1990 1985 2005 2007 ,
2035 1946 2090 1997 in

520 2041 574 2075 re
609 2021 851 2074 vilissima
872 2026 1082 2079 utentes,
1114 2031 1145 2066 a
1175 2015 1478 2068 vestimentis
1517 2013 1790 2067 extrahunt
1833 2024 1878 2068 et
1921 2015 2087 2084 proji-

523 2094 680 2152 ciunt,
709 2089 852 2155 quasi
874 2103 964 2157 pro
991 2085 1159 2157 nihilo
1176 2096 1488 2152 reputantes,
1521 2084 1560 2136 l.

593 2160 717 2215 142.
742 2155 972 2215 (Συνείιη.
1003 2155 1256 2216 velociter,
1289 2159 1325 2206 Ι.

593 2231 716 2286 145.
742 2229 953 2292 Fasces,
980 2224 1221 2290 honores,
1249 2237 1459 2277 summae
1482 2223 1777 2294 dignitates.
1806 2252 1875 2263 —
1900 2222 2084 2287 Sellas,

2194 1315 2310 1368 qua?
2350 1299 2403 1349 in
2432 1296 2575 1368 curia
2619 1295 2972 1368 ponebanturs
2996 1322 3066 1332 ——
3094 1292 3372 1345 Prastextaa
3397 1299 3568 1368 togae.
3610 1306 3762 1368 genus

2194 1360 2468 1422 vestimenti
2508 1381 2527 1419 :
2567 1360 2808 1433 prmtexta
2849 1364 2997 1416 vestis
3049 1371 3120 1414 est
3166 1377 3265 1429 qua
3304 1360 3578 1433 utebantur
3621 1363 3762 1427 pueri

2195 1453 2353 1507 usque
2382 1435 2450 1487 ad
2470 1431 2663 1489 sextum
2686 1434 2939 1507 decimum
2967 1447 3158 1507 antrum
3177 1476 3187 1486 .
3209 1440 3261 1507 et
3278 1431 3412 1482 dicta
3440 1439 3687 1507 prietezta
3708 1446 3761 1480 eo

2194 1499 2333 1576 quod
2361 1507 2514 1576 latior
2563 1520 2792 1576 purpura
2828 1504 2874 1556 ei
2899 1503 3214 1555 intuebatur
3245 1501 3299 1552 in
3335 1499 3556 1568 capitio;
3598 1509 3765 1565 postea

2199 1521 2330 1576 quoa
2361 1521 2514 1559 latior
2563 1521 2695 1626 purp

2199 1589 2315 1647 toga
2344 1575 2633 1647 utebantur,
2686 1612 2700 1647 .

2271 1646 2394 1700 144.
2424 1645 2624 1708 Lictor,
2650 1641 2880 1710 rirgifer.
2903 1671 2972 1681 —
3000 1640 3282 1710 Trecenta,
3317 1639 3516 1707 [initum
3537 1653 3630 1708 pro
3656 1639 3767 1706 inﬁ—

2076 1707 2091 1731 ’
2121 1707 2169 1766 Β
2200 1717 2327 1769 nilo.
2359 1742 2429 1754 -—-
2454 1707 2704 1782 Insignia,
2730 1707 3060 1782 ornamenta,
3092 1709 3130 1760 l.

2267 1784 2388 1839 146.
2421 1778 2587 1845 luitis,
2619 1782 2840 1834 intratis.
2870 1809 2938 1818 —
2969 1779 3155 1833 Vernae
3176 1821 3186 1838 ,
3207 1780 3441 1848 juvenes,
3470 1778 3635 1848 servi;
3664 1793 3767 1829 ver-

2192 1858 2428 1918 naculus,
2455 1863 2510 1906 ut
2531 1852 2654 1905 dicit
2679 1849 2911 1904 Isidorus
2932 1891 2945 1912 ,
2977 1850 3144 1902 dictus
3174 1847 3442 1918 est,quasi
3472 1847 3631 1901 bonus
3669 1851 3767 1899 lue-

2192 1917 2468 1977 reditarius
2494 1931 2679 1987 natus;
2701 1922 2790 1990 qui
2817 1929 2864 1973 et
2891 1920 3160 1988 do'migena
3181 1917 3390 1982 dicitur,
3429 1917 3482 1968 id
3512 1928 3591 1970 est
3632 1918 3766 1970 domi

2193 1993 2496 2117 "mag.le
2525 2059 2992 2123 eburna,eburnew
3011 2058 3194 2122 aquilo
3225 2058 3512 2125 ferebantur
3539 2059 3593 2110 in
3614 2060 3768 2111 veril-

2194 2134 2256 2185 lis
2290 2133 2638 2256 Rlomanorunt
2683 2137 2889 2200 prapter
2916 2128 3166 2196 aquilam,
3215 2143 3330 2197 quos
3367 2129 3587 2196 armiger
3630 2127 3769 2182 locis

2191 2212 2288 2257 est.
2345 2243 2358 2256 .

1875 2312 2412 2371 COMMENTARIUS
2483 2333 2493 2347 ‘

598 2430 719 2485 155.
749 2427 952 2482 Nomen
977 2424 1360 2488 Christianum,
1392 2437 1585 2478 nomen
1614 2421 1848 2489 Christi,
1876 2433 1931 2479 et
1966 2425 2098 2479 sim-

527 2501 739 2570 pliciter
761 2513 943 2570 nome_n_
963 2509 1059 2561 pro
1079 2495 1266 2570 eadem
1286 2503 1570 2570 reveteres
1591 2491 1877 2570 Christiani
1902 2497 2099 2570 passim

529 2563 874 2638 usurpabant.
899 2564 1198 2638 blazocbius
1223 2564 1406 2638 Spicil.
1437 2563 1571 2617 Bibl.
1595 2571 1734 2638 part.
1761 2563 1816 2622 2,
1851 2578 1986 2638 ρεξς.Δ
2005 2566 2095 2630 90,

531 2633 687 2710 putai
722 2635 1055 2710 Christianos
1073 2641 1285 2688 veteres
1307 2633 1546 2710 imitatos
1558 2634 1866 2700 religionem
1888 2634 2100 2710 Judaeu-

531 2705 648 2764 rum
678 2709 729 2762 in
760 2705 975 2761 nomine
1003 2711 1456 2772 tetragrammato,
1484 2705 1722 2770 adeoque
1754 2718 1947 2757 nomen
1975 2705 2097 2758 sim-

532 2781 740 2847 pliciter
760 2778 980 2847 dixisse,
1014 2788 1135 2826 cum
1172 2788 1375 2847 nomen
1391 2773 1588 2847 Christi
1615 2773 2095 2847 vellentindicarc.

532 2841 693 2904 Certe
715 2861 857 2913 saepe
879 2846 1084 2898 videtur
1111 2857 1302 2913 nomen
1319 2841 1514 2913 Christi
1539 2843 1859 2913 significari,
1884 2853 1940 2896 ut
1957 2845 2096 2911 apud

533 2911 967 2988 Cyprianum_de
995 2912 1174 2988 Laude
1213 2912 1450 2988 martyrii
1482 2929 1496 2966 :
1527 2911 1628 2965 Per
1663 2911 1762 2988 ltoc
1788 2927 1837 2964 et
1872 2915 2100 2988 testimo-

533 2981 672 3042 nium
696 2985 888 3039 nomini
915 2983 1164 3052 redditur,
1194 2991 1240 3034 et
1279 2985 1515 3052 majestas
1538 2983 1752 3034 nominis
1791 2981 2102 3050 redamplia-

535 3068 636 3111 tur.
668 3056 772 3111 Sed
817 3051 1082 3106 interdum
1125 3053 1326 3104 clarum
1358 3051 1482 3112 est,
1529 3065 1831 3104 sermonem
1871 3065 1991 3106 esse
2031 3054 2098 3106 de

537 3132 753 3180 nomine
771 3121 1098 3183 Christiano,
1127 3120 1196 3174 ob
1215 3119 1366 3187 cujus
1385 3119 1550 3173 solius
1583 3119 1973 3176 confessionem
2016 3123 2098 3175 vel

535 3194 918 3264 professionem
944 3191 1061 3244 sine
1090 3189 1212 3264 alio
1237 3190 1478 3264 crimine
1501 3190 1764 3264 supplicio
1808 3190 2096 3245 Christiani

535 3265 904 3320 al'liciebautur
943 3276 958 3314 :

537 3334 825 3405 religionis.

609 3398 729 3460 155.
759 3403 912 3468 Prag.
946 3399 1228 3461 mendose.
1255 3407 1302 3454 et
1344 3399 1464 3452 inde
1512 3398 1766 3454 dolorum.
1799 3398 1947 3466 Rat.,
1980 3400 2103 3455 Vat.

539 3475 598 3539 Β,
627 3475 756 3528 Mar.
785 3486 815 3524 a
845 3471 1019 3539 prisca
1050 3485 1228 3533 manu,
1259 3470 1410 3539 ﬁnem
1438 3469 1693 3539 dolorum.

613 3543 732 3599 156.
757 3538 874 3595 Vat.
901 3539 964 3602 Β.
993 3541 1150 3603 Mar.,
1192 3539 1336 3604 Rat.,
1381 3538 1555 3604 Sich.,
1601 3538 1826 3604 Wcitz.,
1850 3539 2104 3608 Hailsbr.,

538 3613 727 3682 llong.,
771 3609 981 3682 Wtdm.‘
1020 3623 1048 3660 a
1099 3610 1494 3682 primamanu.
1548 3612 1917 3682 perversibilis,
1965 3616 2106 3678 quod

538 3678 710 3737 Inrtru
749 3696 852 3734 non
902 3679 1157 3750 cubaret.
1189 3678 1316 3744 Alii,
1347 3695 1578 3750 perverse
1603 3681 1747 3735 velis.
1792 3680 2066 3737 Fabricius
2088 3722 2102 3745 ,

539 3759 846 3823 perversam
872 3749 1011 3823 velis.
1184 3819 1195 3823 _
1532 3773 1536 3776 -

609 3821 730 3874 158.
756 3819 874 3872 Vat.
902 3819 942 3872 Β
967 3835 996 3871 a
1029 3819 1197 3873 veteri
1229 3834 1410 3880 manu,
1428 3829 1593 3890 tortor
1611 3821 1727 3890 jam
1767 3829 1872 3873 tum
1899 3820 2107 3884 nobilis,

540 3900 724 3948 contra
748 3899 974 3944 metrum
992 3898 1044 3942 et
1063 3891 1400 3943 sententiam.
1426 3889 1480 3941 In
1507 3890 1657 3956 l’rag.
1673 3890 1833 3944 etiam
1850 3891 2108 3945 mendose

540 3968 836 4035 famirtamen
860 3976 874 4022 ;
894 3960 1344 4035 ‘sttpraajamtum,
1375 3961 1454 4012 vel
1475 3961 1587 4035 jam
1616 3975 1749 4014 sum.

611 4033 730 4086 159.
753 4027 1000 4100 Ampliari
1017 4027 1080 4100 ad
1094 4030 1420 4100 nobilitatem
1445 4029 1686 4094 refertur,
1714 4039 1772 4084 ut
1788 4029 2099 4100 amplitudo.

543 4100 800 4168 Exempla
831 4101 953 4153 vide
975 4099 1027 4151 in
1056 4099 1261 4168 lexicis.

613 4165 735 4225 145.
765 4170 922 4230 Man,
948 4169 1092 4232 llat.,
1127 4167 1280 4235 l’rag.
1313 4181 1417 4220 non
1443 4165 1610 4228 bene,
1632 4165 1772 4220 sella:
1801 4182 1897 4236 pro
1923 4168 2047 4220 sella
2087 4183 2106 4220 :

543 4253 667 4293 nam
716 4247 906 4304 quarto
945 4237 1062 4289 loco
1112 4237 1395 4303 spondaeus
1435 4249 1555 4288 esse
1599 4238 1821 4302 nequit,
1869 4239 2111 4304 adeoque

545 4306 799 4360 Weitzius
825 4305 1040 4364 erravit,
1087 4319 1207 4358 cum
1233 4305 1400 4358 edidit
1434 4305 1592 4357 sel/te.
1634 4305 1802 4359 Aldus
1821 4345 1835 4370 ,
1865 4306 1980 4374 \‘at.
2035 4307 2073 4358 Β
2092 4346 2105 4372 ,

546 4384 812 4446 prwteata,
835 4383 983 4446 togce.
1021 4375 1145 4437 0L,
1176 4384 1424 4446 prwtezta
1447 4383 1596 4446 togae.
1621 4374 1804 4441 Fabr.,
1829 4387 2108 4441 praetextis,

546 4430 682 4515 loga.
702 4430 956 4515 ιιδίίευξ..
973 4430 1224 4508 ρνωιεεὲιὶε
1245 4453 1379 4515 toga.
1401 4430 1609 4515 Ambr.,
1629 4430 1808 4514 praete}
1823 4430 1872 4498 in
1891 4457 1937 4498 et
1959 4430 2108 4514 togaz;

547 4513 694 4569 ct'sic
713 4514 886 4585 etiam_
896 4513 1228 4585 Parrhasius.
1245 4513 1488 4569 Heinsius
1505 4516 1618 4585 vult
1632 4513 1880 4585 praetexta
1907 4526 1950 4568 et
1970 4513 2107 4585 toga.

547 4583 826 4648 Weitzius,
851 4583 1090 4638 Gifanius
1117 4585 1167 4638 in
1190 4581 1311 4654 [lere
1331 4599 1394 4638 ex
1421 4591 1529 4638 vet.
1550 4581 1666 4648 libi,
1687 4584 1807 4637 Vat.
1831 4586 1900 4647 A,
1922 4581 2103 4649 Alc'x.,
2137 4585 2192 4654 ι)

548 4663 806 4727 νγωιῳῖιω
827 4662 974 4721 togae,
993 4654 1129 4720 quod
1147 4655 1370 4722 probum
1392 4662 1494 4727 est.
1517 4654 1658 4727 Toga
1677 4655 2106 4727 communiserat

549 4723 818 4787 outnibns,
850 4731 1100 4790 praetexta
1132 4733 1248 4792 toga
1271 4723 1483 4792 propria
1505 4723 1926 4790 magistratuum.
1952 4723 2108 4777 licin-

549 4797 632 4849 sio
662 4796 988 4848 recentiores
1037 4790 1332 4847 consonant
1366 4790 1382 4845 ἑ
1422 4790 1734 4847 Gallandius
1776 4807 1903 4846 vero
1946 4793 2110 4846 edidit

549 4871 796 4936 praetexta
825 4871 872 4914 et
916 4869 1049 4929 toga,
1085 4871 1138 4914 et
1175 4876 1237 4914 ex
1272 4863 1393 4916 aliis
1409 4862 2107 4936 aduotatsellte,_prtetextae,

551 4932 701 5003 togw.
737 4932 926 5003 Fasces
947 4941 999 4982 et
1019 4944 1232 4983 secures
1258 4935 1531 4985 consulutn
1558 4945 1708 4985 erant
1741 4934 1984 4999 insignia,
2007 4935 2112 5003 sel:-

553 5002 618 5058 lte
645 5002 896 5063 aedilium,
925 5008 1191 5066 praeterire
1222 5009 1353 5069 togae
1378 5003 1778 5068 imperatorum.
1823 5004 2000 5058 Lictor
2045 5002 2110 5056 ad

552 5073 801 5128 consules
829 5076 987 5124 etiam
1014 5070 1328 5140 pertinebat,
1373 5073 1604 5126 tribunal
1636 5072 1702 5125 ad
1745 5071 1974 5140 iudices.
2023 5071 2117 5125 Ju-

552 5144 875 5264 vezialislsat.
909 5142 974 5196 10
1013 5136 1027 5192 ἑ
1053 5136 1330 5205 Prtetexta,
1357 5151 1407 5194 et
1436 5141 1636 5206 trabem,
1667 5136 1849 5209 fasces,
1895 5143 2074 5196 lectica
2095 5181 2112 5207 ,

552 5228 615 5264 trt
651 5229 753 5264 una
779 5245 794 5260 ο

552 5214 794 5266 tribunal.

624 5281 748 5337 144.
777 5279 955 5349 Egm.,
982 5277 1234 5342 Hailsbr.,
1275 5277 1528 5346 tribunal,
1572 5279 1678 5333 Itwc
1703 5289 1947 5334 trecenta.
1999 5279 2114 5334 Gis.

554 5352 621 5406 ad
649 5365 820 5412 oram,
848 5360 894 5403 et
921 5357 1151 5403 cruenta.

627 5421 748 5476 145.
781 5419 1131 5474 Detumescere
1160 5417 1351 5486 legitur
1378 5417 1538 5472 etiam
1565 5415 1704 5486 apud
1728 5417 2032 5474 Petronium
2063 5428 2118 5473 et

555 5490 801 5546 Statium.
825 5488 1056 5543 Tumoris
1074 5489 1285 5542 nomine
1299 5487 1582 5542 Christiani
1606 5488 1895 5554 scriptores
1919 5490 2112 5551 passim

555 5559 856 5628 superbiam
885 5560 1205 5626 significant,
1232 5558 1371 5628 quod
1397 5573 1460 5612 ex
1505 5554 1771 5628 Euripidis
1811 5557 2019 5628 Hecuba
2064 5568 2118 5612 et

557 5626 774 5682 Horatio
799 5639 1064 5696 sumptum
1094 5626 1276 5683 censet
1303 5628 1545 5682 Barthius
1567 5626 1662 5681 hb.
1690 5626 1965 5696 xxxrAdv.
1991 5641 2112 5694 cap.

559 5698 625 5750 19
657 5713 670 5749 :
696 5711 794 5765 ego
816 5713 878 5751 es
905 5695 1014 5763 ipsa
1041 5699 1118 5751 rei
1160 5705 1350 5751 natura
1389 5697 1555 5766 magis
1597 5697 1775 5751 credo.
1806 5695 2117 5766 Wipertus,

561 5764 832 5823 l'rudeutii
853 5776 1060 5819 amator
1088 5777 1142 5822 et
1164 5768 1417 5834 imitator,
1441 5764 1533 5825 lib.
1564 5784 1603 5837 ι,
1627 5781 1745 5836 cap.
1771 5767 1830 5822 11
1867 5782 1879 5820 :
1911 5764 2113 5836 Ingenii

1014 3235 1776 3328 ὶῖιιίῖἑοῐιῖἔὲΐίϊιιῐᾱ’ἶῖόὶιῖὲῖι
1803 3235 2101 3317 sariat;
2129 3235 2175 3299 C

2201 2427 2518 2493 excellentia,
2537 2443 2636 2495 qua
2652 2426 2811 2479 solent
2832 2423 3064 2478 carnales
3081 2439 3233 2493 super
3251 2425 3456 2478 modum
3477 2431 3768 2494 tumescere,

2202 2513 2418 2561 moxque
2443 2499 2796 2549 detumescere.

2272 2567 2397 2620 146.
2432 2566 2548 2620 Vat.
2579 2565 2639 2632 Β,
2669 2574 2722 2617 ut
2744 2580 2931 2618 vermes
2951 2564 3130 2625 solent,
3162 2562 3303 2630 quod
3332 2563 3557 2618 Colerns
3588 2564 3640 2617 in
3665 2565 3774 2618 suis

2201 2637 2526 2690 membranis
2553 2645 2764 2689 exstare
2798 2635 2872 2687 ait
2901 2635 2964 2686 ad
2999 2632 3269 2702 Valerium
3303 2634 3624 2700 Maximum,
3653 2649 3771 2702 pag.

2201 2707 2328 2761 548.
2355 2705 2535 2760 Codex
2567 2705 2818 2767 Marietti,
2849 2705 2916 2757 de
2941 2719 3046 2770 quo
3072 2696 3304 2772 quuitur
3325 2704 3549 2756 Colerus
3567 2743 3582 2765 ,
3610 2696 3774 2758 habet

2201 2785 2348 2830 certe
2369 2791 2583 2839 vermes,
2606 2784 2661 2828 et
2684 2789 2843 2841 supra
2874 2788 2968 2841 pro
3007 2772 3218 2826 diversa
3259 2773 3524 2842 scriptura
3570 2789 3772 2838 verres,

2199 2847 2413 2900 demum
2454 2846 2518 2897 ad
2541 2859 2690 2898 oram
2735 2859 2915 2897 verme.
2951 2845 3003 2895 In
3032 2843 3225 2896 eodem
3251 2841 3386 2896 Mar;
3412 2843 3622 2896 videtur
3655 2860 3775 2898 esse

2201 2918 2323 2969 dum
2347 2930 2444 2984 pro
2473 2931 2609 2968 cum.
2635 2914 3005 2984 lnterpretalio
3038 2912 3224 2984 horntit
3246 2921 3494 2984 versuum
3526 2915 3775 2984 Itascacir-

2202 2981 2513 3047 cuntfertur,
2541 2981 2834 3046 Romanos,
2856 2998 2976 3037 cum
3004 2981 3334 3037 consulatum
3360 2982 3593 3047 inibant,
3637 2982 3777 3038 farre

2201 3056 2378 3124 pullus
2409 3069 2628 3122 pascere
2657 3053 2821 3123 (quod
2837 3068 3035 3117 munus
3061 3052 3488 3124 estaservorum),
3525 3054 3775 3122 quoniam

2203 3120 2503 3180 ominosum
2550 3120 2866 3189 habebatur,
2907 3124 2951 3177 si
2993 3123 3119 3191 pulli
3148 3120 3287 3176 farre
3319 3120 3692 3186 abstinerent,
3727 3133 3780 3178 et

2207 3195 2429 3249 Romani
2462 3193 2594 3248 nihil
2620 3193 2950 3262 inauspicato
2984 3207 3142 3261 agere
3162 3192 3422 3246 solebant.
3453 3193 3737 3262 Pignorius
3759 3234 3772 3256 ,

2205 3265 2273 3320 de
2303 3265 2485 3321 Servis
2509 3279 2627 3334 pag.
2654 3264 2780 3331 270,
2807 3263 2998 3330 agitde
3021 3263 3243 3334 aviario,
3266 3263 3515 3317 altiliario
3540 3307 3555 3329 ,
3593 3264 3686 3329 qui
3714 3267 3779 3316 ab

2208 3336 2426 3389 Horatio
2453 3332 2617 3405 fartor
2643 3335 2960 3405 appellatur,
2986 3333 3137 3399 cujus
3159 3332 3411 3405 cilicium,
3447 3333 3639 3402 inquit,
3667 3345 3780 3405 erat

2207 3419 2337 3460 aves
2363 3402 2601 3470 opimare
2629 3402 2933 3458 ctobesare
2959 3405 3013 3455 in
3041 3402 3263 3470 gratiam
3292 3403 3550 3456 lautarum
3593 3404 3777 3472 epula-

2207 3491 2348 3529 rum.
2377 3474 2442 3528 Et
2465 3475 2585 3528 hinc
2623 3475 2849 3540 arripuit
2875 3473 3211 3527 occasionem
3251 3473 3391 3539 apud
3431 3472 3777 3527 Prudentium

2209 3543 2482 3600 Romanus
2513 3553 2712 3612 martyr
2740 3542 3018 3598 deridendi
3050 3543 3354 3608 prafccwm
3389 3544 3777 3606 Asclepiadem.

2209 3615 2390 3683 Itaque
2419 3615 2670 3669 existimo
2707 3613 2854 3680 ipsus
2882 3612 2970 3683 qui
2996 3613 3326 3666 consulatuum
3371 3613 3575 3666 inibant
3607 3615 3782 3679 pullus

2207 3682 2316 3752 per
2331 3700 2389 3739 se
2414 3699 2654 3752 pascere.
2687 3692 2744 3736 ut
2771 3682 3004 3749 auspicia
3035 3690 3340 3749 captarent;
3383 3693 3438 3737 et
3468 3683 3672 3736 idcirco
3710 3685 3784 3736 ait

2211 3755 2531 3824 Prudentius
2581 3769 2595 3803 :
2629 3762 2897 3824 μενέει-ηας
2933 3754 3091 3805 solent
3117 3793 3147 3824 ,_
3179 3753 3318 3824 farre
3346 3753 3780 3824 pullosﬂpascitis.

2210 3821 2481 3879 Giselinus
2508 3824 2602 3888 ait,
2625 3822 2678 3875 id
2711 3823 2904 3876 factum
2931 3835 3024 3890 per
3045 3821 3314 3890 pullarios,
3344 3822 3462 3891 quia
3508 3821 3643 3874 [tum
3665 3823 3738 3875 ani
3760 3864 3775 3887 ,

2211 3902 2346 3948 teste
2371 3895 2792 3956 Halcarnasseo,
2829 3907 2926 3945 nec
2952 3894 3320 3959 magiSIratus,
3345 3906 3442 3946 nec
3472 3893 3650 3958 magni
3683 3893 3783 3944 ali-

2213 3963 2340 4032 quid
2379 3963 2720 4032 inchoabant,
2762 3961 3066 4030 priusquam
3091 3976 3185 4032 eos
3201 3963 3561 4032 consulerent.
3587 3963 3782 4014 Parum

2210 4030 2629 4102 haecexplicatio
2659 4031 2943 4085 Prudentio
2969 4031 3240 4102 congruit.
3261 4030 3565 4102 Salvianus,
3594 4032 3697 4087 lib.
3733 4047 3783 4084 vr

2209 4104 2279 4156 de
2308 4101 2568 4164 Gubern.,
2601 4114 2718 4154 eam
2758 4101 3191 4168 snperStitiunem
3231 4101 3282 4153 in
3311 4101 3630 4156 Christianis
3665 4118 3784 4154 me-

2212 4173 2317 4226 rito
2341 4171 2686 4238 reprehendit
2714 4183 2729 4223 :
2757 4169 2892 4234 Quid
2924 4171 3055 4222 enim
3084 4171 3314 4239 nunquid
3339 4186 3438 4223 non
3469 4173 3520 4224 in
3552 4175 3788 4224 consuli-

2213 4243 2305 4294 bus
2333 4240 2659 4312 designandis
2679 4249 2726 4291 et
2749 4241 2876 4308 pulli
2901 4240 3067 4292 adhuc
3092 4240 3476 4312 sacrilegiorum
3495 4244 3638 4292 more
3669 4259 3790 4307 pas-

2212 4322 2413 4375 cuntur,
2442 4321 2487 4364 et
2526 4310 2740 4362 volantis
2760 4325 2936 4381 penna
2962 4311 3180 4381 auguria
3206 4310 3522 4376 quaeruntur,
3563 4327 3622 4362 ac
3665 4327 3790 4381 pene

2214 4382 2387 4434 omnia
2413 4380 2542 4447 ﬁunt
2567 4420 2582 4444 ,
2635 4394 2747 4443 qua:
2779 4380 2926 4430 etiam
2963 4380 3042 4431 illi
3080 4381 3339 4449 quondam
3377 4382 3564 4449 pagani
3603 4395 3792 4433 cereres

2215 4452 2401 4520 frivola
2420 4463 2469 4503 et
2495 4449 2754 4503 irridendo
2784 4449 3075 4520 duxerunt?
3105 4447 3169 4501 Et
3199 4464 3314 4500 cum
3336 4447 3459 4503 Ittec'
3480 4453 3653 4503 omnia
3693 4451 3794 4519 ipsi

2214 4519 2390 4590 agant,
2420 4536 2506 4590 qut
2528 4520 2674 4590 annis
2701 4519 2903 4590 nomina
2935 4523 3177 4590 tribuunt,
3207 4527 3313 4572 etc.

2285 4587 2439 4644 148(
2466 4587 2650 4656 Κίλιξιῖ
2681 4587 2954 4655 mendose,
2985 4589 3175 4655 sumpti
3227 4602 3320 4654 pro
3369 4591 3544 4642 sumit.
3588 4589 3664 4642 De
3693 4589 3729 4642 h
3751 4604 3795 4643 ιο

2210 4661 2382 4728 aquila
2411 4658 2608 4712 eburna
2645 4657 2839 4728 dictum
2858 4657 2971 4728 jam
3003 4656 3069 4710 ad
3094 4672 3238 4728 vers.
3271 4657 3379 4712 549
3425 4658 3519 4712 lib.
3551 4675 3568 4711 ι
3599 4670 3794 4711 contra

2215 4725 2614 4798 Symmachum.
2641 4725 3031 4779 Chamillardus
3057 4727 3150 4798 ait,
3183 4736 3274 4780 aut
3299 4742 3512 4781 errasse
3551 4729 3797 4782 Pruden-

2218 4795 2375 4864 tium,
2406 4806 2498 4850 aut
2519 4799 2784 4850 diversum
2817 4811 3019 4849 morem
3070 4795 3232 4849 fuisse
3254 4799 3584 4865 temporibus
3610 4798 3751 4852 Livii
3779 4814 3793 4848 :

2217 4882 2340 4920 nam
2393 4867 2480 4921 hic
2524 4866 2749 4920 afﬁrmat
2791 4866 3081 4932 scipionem
3137 4866 3397 4920 eburnum
3445 4881 3566 4920 cum
3611 4868 3797 4927 amita

2218 4946 2461 4990 exstante
2487 4937 2538 4990 in
2566 4937 2874 4989 summitate
2895 4935 3178 5005 exieadem
3211 4938 3431 4990 materia
3461 4937 3802 5005 trinuuphan-

2219 5005 2361 5076 tibus
2399 5005 2565 5060 fuisse
2613 5005 2905 5072 prmlatum.
2942 5004 3135 5076 Verum
3169 5006 3268 5058 hoc
3299 5006 3448 5059 nihili
3477 5022 3595 5060 c5t:
3629 5004 3799 5076 Siqui-

2219 5074 2340 5129 dem
2389 5076 2556 5143 scipio
2585 5076 2888 5144 gestabatur
2924 5075 3136 5128 nomine
3167 5076 3565 5142 triumphantis,
3591 5087 3648 5130 et
3680 5074 3800 5130 erat

2218 5154 2507 5212 sceptrum,
2531 5147 2643 5200 sive
2655 5153 2924 5211 gestamen
2946 5144 3242 5198 consulare.
3267 5145 3511 5199 Valerius
3535 5148 3802 5199 Maximus

2222 5212 2314 5267 lib.
2343 5229 2416 5279 tv,
2444 5229 2564 5281 cap.
2596 5216 2628 5268 4
2659 5213 2725 5268 de
2751 5214 2810 5266 C.
2835 5213 3020 5268 Attilio
3043 5215 3273 5268 Serrano
3297 5231 3310 5267 :
3344 5215 3451 5270 Sed
3474 5217 3579 5270 illa:
3606 5220 3801 5269 rustico

2220 5297 2368 5354 opere
2408 5285 2604 5354 attrita:
2641 5285 3081 5354 manussalutem
3116 5283 3369 5350 publicam
3422 5287 3750 5339 stabilierunt
3778 5301 3796 5338 :

2221 5351 2447 5422 ingentes
2477 5353 2693 5406 hostium
2739 5351 2910 5422 copias
2943 5353 3394 5422 pessumdederunt
3418 5372 3437 5420 ;
3465 5371 3672 5422 quisque.
3693 5373 3804 5407 mo—

2222 5423 2569 5496 adorantium
2597 5422 2745 5474 boum
2761 5423 2946 5492 jugum
2972 5434 3228 5496 rexerant,
3273 5425 3593 5496 triumphalis
3611 5442 3804 5476 currus

2225 5489 2445 5543 habenas
2472 5489 2788 5545 retinuerunt
2813 5489 2842 5544 ί
2875 5507 2965 5544 nec
2990 5492 3089 5559 fuit
3115 5492 3179 5545 iis
3206 5493 3402 5560 rubori,
3430 5489 3662 5547 'eburneo
3704 5497 3805 5544 ssi-

2222 5562 2370 5632 pione
2398 5560 2650 5629 deposito,
2673 5570 2916 5632 agrestem
2943 5564 3122 5614 stivam
3147 5564 3306 5614 aratri
3334 5576 3572 5632 repetere.
3604 5563 3805 5616 Fabri-

2221 5630 2334 5682 cius
2364 5639 2544 5683 uarrat
2568 5630 2726 5683 talem
2755 5630 2983 5698 aquilam
3007 5632 3296 5685 eburneam
3342 5630 3499 5687 crista
3526 5635 3692 5687 rubea
3726 5636 3808 5684 iu-

2223 5699 2425 5767 signem
2458 5709 2719 5767 repertam
2755 5700 2957 5764 Roma),
3011 5710 3065 5753 et
3103 5701 3262 5755 talem
3313 5704 3646 5768 exsculptatn
3683 5719 3809 5756 esse

2223 5769 2274 5825 in
2299 5768 2502 5826 fornice
2525 5784 2680 5826 arcus
2710 5769 3040 5839 Vespasiani,
3091 5771 3144 5824 in
3180 5786 3283 5840 quo
3313 5788 3470 5827 manu
3500 5787 3612 5826 eam
3653 5783 3807 5827 lcnct
