3994 6176
509 290 614 347 459

613 403 827 459 Miseret
853 409 1061 458 tuorum
1098 417 1184 462 me
1213 418 1505 468 sacrorum.
1533 414 1588 460 et
1613 404 1931 477 principum,

685 494 1015 564 ﬂorumque,
1045 494 1239 562 Roma,
1266 494 1449 550 seculi
1476 509 1750 571 summum.
1771 505 1948 566 caput.

691 586 902 657 1080
923 587 1036 656 Age
1059 585 1405 655 explicemus,
1431 586 1475 640 si
1508 586 1703 656 placet,
1737 586 2010 658 mysteria,

685 675 962 744 Praefecto,
993 682 1169 730 vestra
1194 691 1207 729 :
1226 675 1336 746 jam
1361 689 1580 732 necesse
1607 683 1709 742 est,
1741 675 1946 740 audias,

513 766 615 822 170
685 765 830 820 Nolis
857 766 1082 835 velisne,
1109 765 1235 836 quid
1259 766 1445 822 colatis
1472 766 1728 822 sordium.

614 858 724 914 Nec
751 868 914 915 terret
955 858 1055 912 ista
1091 873 1194 927 qua
1224 865 1396 913 tumes
1425 857 1661 922 vesania,

685 947 766 1014 Qu
792 948 838 1002 -d
870 949 1166 1012 vultuosus,
1195 946 1334 1016 quod
1361 947 1606 1017 supinus,
1637 944 1779 1017 quod
1809 957 2011 1015 rigens,

684 1039 972 1094 Tormenta
1014 1037 1147 1095 lethi
1175 1038 1519 1094 comminaris
1547 1037 1749 1107 asperi:

683 1132 739 1188 Si
767 1147 851 1188 me
879 1145 1098 1187 movere
1127 1130 1288 1186 rebus
1311 1129 1432 1185 ullis
1460 1129 1670 1196 niteris,

514 1223 614 1279 175
687 1221 908 1279 Rati0ne
934 1237 1163 1290 mecum,
1192 1237 1299 1277 non
1325 1220 1524 1282 furore.
1549 1219 1765 1275 dimica.

613 1312 800 1381 Juhes,
831 1312 1032 1371 relictis
1060 1312 1230 1368 Patris
1277 1321 1333 1368 et
1358 1311 1559 1370 Christi
1590 1311 1779 1380 sacris,

1592 294 1864 352 AUHELH
1903 293 2266 352 PRUDENTII
2302 292 2617 353 CAMHNA.

2107 429 2158 490 A

3659 293 3750 350 too

2364 403 2432 462 Ut
2462 413 2634 459 tecum
2666 402 2882 458 adorem
2916 401 3142 458 teminas
3173 403 3343 472 mille,
3370 418 3433 459 ac
3460 420 3653 473 mares,

2408 500 2614 571 1081
2640 499 2802 568 Deos,
2833 498 3090 566 deasque,
3115 499 3289 569 deque
3315 514 3448 555 sexu
3475 499 3667 572 duplici

2398 591 2578 657 Natos,
2608 599 2849 659 nepotes,
2872 590 3166 658 abnepotes
3187 591 3386 656 editos,

2188 665 2294 736 186
2398 681 2466 735 Et
2488 690 2565 736 tot
2586 689 2891 749 stuprorum
2915 681 3182 736 sordidam
3216 681 3538 751 prosapiam.

2326 768 2538 824 Nubunt
2566 769 2775 838 puellae,
2801 785 2942 838 saepe
2972 769 3223 824 luduntur
3251 770 3409 836 dolis,

2403 859 2748 915 Amasionum
2775 860 3200 929 comprimuntur
3225 860 3517 916 fraudibus.

2399 949 2601 1006 InceSta
2626 949 2836 1005 fervent
2860 966 2874 1004 :
2909 950 3046 1004 furta
3075 952 3405 1007 moechorum
3431 951 3642 1006 calent:

2400 1041 2564 1096 Fallit
2591 1042 2813 1098 maritus
2838 1058 2852 1094 :
2884 1042 2994 1096 odit
3023 1058 3164 1097 uxor
3193 1045 3433 1114 pellicem
3460 1062 3474 1099 :

2189 1131 2291 1188 185
2399 1133 2539 1187 Deos
2567 1143 2768 1186 catenae
2797 1133 3050 1202 colligant
3071 1132 3361 1189 adulteros.

2327 1221 2583 1288 Ostende,
2615 1237 2816 1292 quaiso,
2851 1236 2985 1292 quas
3013 1222 3078 1277 ad
3109 1236 3231 1277 aras
3259 1222 3529 1291 praecipis,

2404 1311 2639 1368 Vervece
2659 1325 2802 1367 casso
2827 1311 2995 1368 fumet
3023 1319 3082 1368 ut
3108 1326 3298 1383 cespes
3324 1313 3509 1367 meus?

1806 1421 2101 1483 (ἓωὸὃῶ
2141 1424 2475 1483 VETERES.

585 1521 703 1577 166.
747 1520 1030 1578 Sacrorum
1053 1564 1068 1589 ,
1100 1520 1374 1589 idolorum,
1406 1519 1446 1575 1.

582 1591 700 1646 172.
741 1588 1060 1656 Vultuosus,
1079 1588 1340 1657 terribilis,
1370 1589 1448 1644 vel
1475 1588 1656 1658 tristis,
1683 1588 1706 1644 1

581 1661 702 1715 177.
733 1661 928 1728 Mares,
958 1659 1238 1724 masculos,
1265 1659 1307 1713 Ι.

581 1732 701 1786 178.
736 1732 879 1788 Sexu
907 1725 1136 1798 duplici,
1167 1729 1230 1782 de
1255 1744 1395 1782 mare
1423 1736 1470 1781 et
1499 1730 1688 1798 femma
1709 1725 1798 1798 ,_I.

465 1829 469 1833 ~
578 1795 1062 1924 :79.erbnepotes
1085 1808 1230 1854 natos
1254 1799 1318 1853 de
1344 1795 1629 1871 nepotibus.
1643 1826 1712 1836 —-
1737 1795 1942 1862 Edilos,
1967 1811 2088 1866 pro-

511 1888 576 1924 na
603 1888 675 1924 os.
723 1911 737 1924 .

511 1879 675 1925 natos.
700 1879 737 1925 I.

584 1941 705 1995 181.
740 1939 1037 2006 Luduntur,
1066 1938 1405 2006 decipiuntur,
1429 1938 1474 1993 l.

464 2009 476 2020 '
584 2011 707 2066 182.
740 2004 1118 2076 Amasiouum,
1153 2004 1441 2062 amatorum
1472 2023 1492 2061 :
1520 2005 1702 2060 amasii
1729 2012 1778 2076 et
1809 2004 2094 2060 amasiones

510 2095 663 2134 unum
684 2089 821 2134 sunt.
845 2109 916 2120 —
941 2075 1397 2148 Comprimuntur,
1420 2085 1739 2148 stuprantur,
1763 2075 1805 2148 li.

585 2151 707 2205 185.
735 2151 940 2205 incesta
959 2189 974 2213 ,
1011 2144 1224 2215 stupra,
1256 2163 1358 2201 non
1384 2144 1544 2200 casta.
1573 2145 1744 2200 Distat
1773 2147 1904 2200 inter
1934 2144 2098 2214 fornin

511 2221 786 2282 rationem.
826 2231 872 2274 et
897 2218 1238 2282 adulterium,
1275 2227 1320 2272 et
1348 2218 1626 2281 incestum;
1656 2232 1778 2269 nam
1815 2215 2090 2285 fornicatio

513 2306 630 2346 cum
667 2285 852 2358 puellis
879 2297 926 2344 et
953 2287 1152 2355 viduis;
1182 2285 1489 2342 adulterium
1530 2302 1647 2341 cum
1689 2285 1934 2341 uxoribus
1965 2285 2105 2339 alio-

2194 1535 2338 1583 rum,
2371 1521 2612 1573 incestum
2643 1534 2757 1573 cum
2803 1519 3062 1574 sororibus
3098 1529 3152 1574 et
3191 1520 3686 1581 sanctimonialibus;
3719 1528 3759 1574 et

2193 1589 2383 1642 dicitur
2409 1590 2656 1643 incestum
2674 1629 2690 1653 ,
2723 1589 2868 1656 quasi
2897 1606 2999 1644 non
3033 1600 3258 1656 castum,
3286 1591 3328 1644 ι.
3356 1591 3498 1645 Jovis
3525 1601 3571 1643 et
3599 1589 3760 1644 Juno-

2193 1659 2290 1721 nis,
2323 1659 2450 1712 Mar.
2473 1687 2544 1699 —
2566 1659 2894 1715 Mtechorum
2911 1699 2925 1724 ,
2953 1658 3137 1714 Martis
3161 1671 3210 1714 et
3242 1661 3471 1726 Veneris,
3496 1661 3628 1714 Mar.

2119 1729 2168 1791 Β
2197 1797 2246 1800 __
2265 1727 2412 1800 181.-
2425 1727 2615 1800 Fallit,
2644 1743 2967 1800 ua;orem._—
2994 1730 3232 1797 Maritus,
3279 1731 3536 1784 Saturnus
3579 1729 3760 1800 Opim,

2196 1797 2329 1868 Mar.
2370 1796 2654 1868 Vulcanus,
2696 1798 2735 1852 1.
2759 1828 2829 1838 -
2865 1797 3150 1865 Pellicem,
3193 1796 3358 1868 pelles:
3397 1800 3585 1854 dicitur
3625 1796 3762 1868 quasi

2196 1866 2330 1935 pelle
2346 1867 2582 1940 illiciens,
2606 1871 2660 1922 id
2679 1877 2752 1940 e_st
2775 1869 3053 1940 decipiens;
3076 1866 3200 1940 nam
3213 1870 3592 1940 pulchritudine
3612 1866 3762 1939 depu-

2203 1946 2381 1991 tantur
2406 1938 2652 1993 homines.
2679 1936 3022 1992 Concubinam
3040 1980 3056 2002 ,
3083 1939 3124 1996 1.

2197 2077 2235 2130 Γ
2267 2007 2392 2130 αξξ.
2431 2008 2587 2132 ἷκοδ,
2619 2007 2840 2064 Martem
2867 2018 2916 2064 et
2957 2007 3230 2078 Venerem,
3256 2024 3381 2079 quos
3406 2008 3667 2065 Vulcanus
3695 2009 3764 2060 al-

2219 2094 2302 2132 taa
2393 2115 2408 2132 .
2461 2117 2478 2132 .

2219 2085 2375 2141 igavit
2393 2115 2408 2141 ,
2436 2085 2478 2132 l.

2237 2094 2408 2219 923;:
2433 2094 2684 2208 Vervece,
2727 2148 2897 2202 vervix
2935 2158 3142 2204 vocatur
3175 2165 3206 2203 α
3239 2164 3404 2219 verme
3439 2164 3588 2219 quem
3624 2146 3765 2209 [rubet

2200 2215 2254 2270 in
2277 2217 2464 2289 fronte,
2487 2219 2575 2288 qui
2599 2221 2914 2274 commovens
2934 2219 3109 2274 incitat
3129 2235 3242 2273 eum
3269 2218 3340 2271 ad
3358 2215 3619 2287 prtelium,
3647 2219 3687 2272 Ι.

1835 2393 2395 2453 COMMENTARIUS.

512 2488 766 2553 reddere;
785 2487 988 2544 scilicet
1003 2485 1201 2542 dixisse
1220 2484 1400 2553 volupe
1425 2493 1584 2538 estex
1609 2484 1779 2538 Enmo
1806 2492 1860 2538 et
1881 2482 2090 2550 Plauto,

511 2559 787 2630 ninguidos
801 2573 876 2630 ex
907 2556 1176 2630 Lucretio,
1204 2554 1366 2625 pultet
1395 2569 1491 2630 pro
1520 2554 1705 2630 pulset.
1744 2553 1893 2630 Ald.,
1923 2553 2089 2630 Torn,

512 2638 568 2686 et
595 2623 839 2684 nonnulli
868 2627 1036 2692 vulg.,
1078 2623 1213 2679 actas
1262 2638 1362 2692 pro
1411 2626 1556 2678 ictas.
1587 2623 1812 2692 Luperci
1867 2624 2088 2689 scutica,

512 2641 568 2686 ει
595 2641 839 2684 nonnulli
868 2641 953 2681 VUI
996 2666 1036 2692 .,
1078 2641 1213 2679 (161118
1262 2641 1362 2692 pro
1411 2641 1556 2678 101118.
1588 2641 1662 2678 hu
1737 2641 1812 2677 I'CI
1867 2641 2088 2689 scutlca,

512 2701 725 2770 virgave
745 2713 776 2770 e
799 2697 937 2768 pelle
958 2641 1166 2770 ﬁircjna
1189 2692 1440 2770 mulieres
1462 2641 1946 2770 ob_vi_as_?:riehant,
1971 2707 2093 2763 qua:

515 2763 707 2826 minus
729 2763 870 2824 ultro
893 2766 1221 2838 praebebant,
1249 2765 1398 2832 quasi
1417 2764 1486 2818 ita
1520 2763 1784 2819 feliciores
1815 2777 2093 2832 puerperas

512 2849 692 2895 essent
721 2838 936 2900 futurae,
966 2845 1024 2892 ut
1053 2850 1119 2891 ex
1144 2834 1353 2900 Ovidio,
1380 2833 1630 2890 Juvenali
1665 2842 1720 2889 et
1740 2833 1861 2888 aliis
1887 2833 2093 2902 colligi-

515 2873 1650 2976 3ἶῖῗῖεὸἓῖἕὲἰι“ἷη”ἓν”ιιὶἑὶι’ἷζῖνὲἓέῗὲξςῖ.
1665 2873 2098 2976 “1253;333-

513 2980 641 3035 bere
670 2979 802 3032 ictas
832 2977 1011 3039 docet,
1043 2971 1184 3045 quod
1206 2988 1273 3028 ex
1299 2972 1720 3045 Chou_lio_fus_ius
1747 2971 1913 3045 refert
1933 2972 2092 3045 Joan.

514 3049 806 3104 Sauhertus
832 3046 898 3100 de
931 3041 1082 3099 Sacr'.
1125 3052 1231 3098 vet.
1259 3056 1380 3112 cap.
1411 3041 1486 3112 κϐ.
1533 3041 1661 3108 Sed,
1713 3050 1769 3096 ut
1822 3041 1910 3096 hic
1961 3041 2096 3112 ritus

515 3125 884 3244 geragerettu‘,
910 3113 1166 3170 mulieres
1200 3110 1340 3184 ipsa!
1357 3111 1423 3166 ad
1451 3110 1698 3181 lupercos
1742 3124 1801 3167 se
1849 3110 2096 3167 coiufere-

551 3197 663 3241 ant.

551 3201 663 3241 ant.

587 3257 707 3313 166.
741 3255 885 3323 Rat.,
913 3252 1034 3309 Va-t.
1063 3252 1148 3318 Β..
1180 3252 1311 3308 Mar.
1343 3266 1374 3308 a
1403 3267 1486 3323 pr.
1517 3263 1592 3306 ω.
1639 3257 1686 3304 et
1733 3265 1831 3320 pro
1861 3266 1940 3306 me
1986 3265 2093 3307 non

517 3326 871 3474 Ϋθίὲῐιῗῗίξιη.
905 3392 991 3460 Β.,
1022 3391 1180 3459 Man,
1211 3393 1332 3447 secli
1349 3408 1381 3474 ς.
1397 3397 1621 3474 metrum
1663 3389 2120 3474 postulabseculi,

517 3468 684 3522 lioma
699 3465 890 3520 dicitur
913 3477 1180 3519 summum
1201 3462 1382 3518 smculi
1420 3469 1600 3531 caput,
1627 3468 1686 3514 ut
1709 3461 1912 3530 imperii
1938 3461 2103 3516 domi-

517 3555 582 3592 na
609 3536 809 3605 Apoth.
839 3549 978 3589 vers.
993 3533 1128 3605 507.
1167 3533 1428 3605 sarculum
1475 3545 1572 3605 p_ro
1607 3531 1825 3594 mundo,
1854 3541 1947 3585 aut
1972 3533 2102 3605 orbe

517 3600 799 3677 accipitur,
831 3605 961 3660 utin
992 3602 1190 3674 hymno
1218 3602 1418 3658 Sedulii
1444 3620 1456 3655 :
1489 3600 1675 3656 Beatus
1703 3611 1880 3654 auctor
1921 3601 2098 3670 seculi,

519 3687 573 3733 et
601 3678 660 3733 S.
685 3677 877 3731 Petrus
901 3673 1262 3733 Cbrvsulogus
1289 3688 1452 3728 serm.
1489 3687 1612 3733 cu,
1644 3669 1885 3725 Universo
1914 3671 2102 3726 swculo

519 3687 573 3733 et
601 3687 660 3733 ὃ.
687 3687 877 3731 Petrus
901 3687 1262 3744 unryStztogus
1289 3688 1452 3728 serm.
1489 3687 1612 3736 cu,
1644 3687 1885 3725 universo
1914 3687 2099 3726 δαίσειιο

518 3765 621 3802 non
665 3761 900 3816 capacem
947 3743 1181 3816 concludi
1209 3759 1418 3814 corpore
1459 3739 1761 3814 perpusillo.
1795 3741 1927 3797 Vide
1954 3755 2099 3798 vers.

519 3818 644 3874 581.
675 3814 737 3872 In
768 3814 1077 3871 Laurentio.

589 3886 716 3943 170.
753 3888 917 3951 Mar...
964 3885 1106 3950 velis,
1153 3883 1365 3938 nolisne.
1417 3882 1566 3950 H:tt.,
1622 3881 1766 3947 velis,
1823 3882 2100 3952 noi'isque:

517 3968 802 4027 utrumque
829 3964 1012 4012 contra
1039 3953 1195 4027 metri
1225 3952 1482 4027 regulam.
1513 3952 1622 4006 Nec
1652 3952 1849 4027 melius
1875 3951 2102 4027 Parrha-

514 4031 649 4092 sius,
681 4021 814 4082 notis
836 4027 1054 4090 velis,ue
1069 4024 1212 4095 quid.
1245 4022 1382 4095 Gi_s_.,
1411 4021 1660 4095 Lotterus
1692 4021 1874 4095 ,_nolis
1900 4023 2100 4095 velisve.

519 4090 716 4168 Scripti
769 4095 1031 4168 plerique,
1071 4090 1204 4148 notis
1245 4090 1582 4168 velislte._Pro
1611 4090 1765 4168 idolis
1795 4091 1984 4146 sordes
2009 4105 2103 4168 po-

520 4159 656 4222 suit:
679 4167 732 4220 In
767 4159 1076 4230 Laurentio,
1110 4178 1255 4219 vers.
1281 4162 1409 4223 263.
1437 4159 1570 4215 Dum
1599 4159 1888 4230 dramonum
1921 4159 2098 4216 sordes

521 4238 667 4290 colis.
694 4235 782 4290 Sic
812 4229 1094 4302 Ennodius
1117 4234 1170 4287 in
1200 4233 1370 4287 Natali
1398 4230 1702 4301 Epipbauii,
1738 4229 1968 4284 Numina
1993 4234 2100 4302 fat-

522 4307 623 4361 laci
648 4301 1131 4373 finxeruntsordida
1150 4312 1321 4356 cantu.

595 4371 716 4428 171.
748 4373 866 4428 Val.
898 4371 965 4439 A,
997 4387 1060 4426 ne
1089 4380 1260 4426 terret.

593 4445 716 4498 172.
748 4443 1024 4498 Vultuoms
1053 4451 1105 4498 et
1128 4442 1356 4497 vultuosa
1385 4447 1643 4510 usurpant
1688 4439 1960 4510 Apuleius,
2000 4439 2100 4494 Do-

525 4525 701 4578 natus,
730 4513 964 4582 Capella,
996 4513 1372 4580 Quintilianus,
1412 4512 1680 4569 Sidonius.
1712 4511 1953 4582 lnnujtur
1982 4511 2100 4582 vul-

2193 2499 2258 2538 ac
2283 2499 2470 2550 mares,
2500 2483 2640 2553 quod
2697 2484 2866 2554 magis
2917 2493 3089 2540 metro
3137 2494 3192 2542 et
3242 2483 3609 2540 consuetudini
3644 2485 3767 2541 Prn-

2193 2555 2364 2610 dentii
2395 2557 2658 2627 congruit.
2701 2555 3142 2627 Besse_lius,_pag.
3193 2555 3265 2610 24
3318 2555 3609 2627 ξιῑεςθιιεη.
3650 2571 3768 2627 syn-

2194 2633 2384 2696 μεσπι..
2413 2621 2718 2696 Ιεξεέειιὰιιηιἐ
2732 2624 2948 2696 coniicit
2982 2621 3243 2696 U‘twt'ecum
3272 2621 3490 2696 potiorem
3537 2621 3770 2696 feminas,

2193 2695 2372 2749 molles
2392 2709 2580 2765 mares,
2603 2704 2662 2750 ut
2677 2693 3030 2765 Ganymedes,
3049 2694 3218 2760 Hebe,
3235 2695 3432 2765 aliique
3447 2693 3639 2750 molles
3664 2713 3771 2751 ma-

2196 2778 2286 2834 res
2309 2764 2696 2832 intelligantur.
2728 2764 2805 2818 At
2818 2779 2944 2819 vero
2966 2765 3125 2820 lectio
3153 2764 3394 2820 codicum
3420 2775 3567 2820 recte
3588 2781 3770 2834 proce-

2194 2833 2303 2888 dit:
2333 2848 2507 2903 neque
2523 2834 2669 2890 Hebe
2689 2835 2828 2890 inter
2846 2848 3024 2889 mares
3047 2835 3371 2891 recensenda
3393 2843 3496 2902 est,
3514 2833 3610 2890 dea
3630 2839 3772 2892 scili-

2195 2904 2605 2976 cetjuventutis,
2627 2920 2731 2976 non
2749 2903 3117 2976 deus.Sexum
3132 2905 3354 2960 deorum
3369 2906 3635 2960 diversum
3656 2921 3773 2976 geu-

2199 2975 2382 3029 tilibus
2405 2974 2732 3040 Lactantius,
2763 2975 3044 3039 Arnobius,
3078 2975 3338 3044 multique
3364 2975 3453 3029 alii
3485 2974 3772 3031 Christiani

2197 3046 2490 3115 scriptores
2545 3045 2956 3115 exprobrarunt.
2987 3043 3276 3113 Arnobius,
3302 3044 3394 3099 lib.
3434 3051 3530 3100 m‘:
3575 3047 3775 3102 Λαάαεί

2197 3115 2333 3185 enirn
2359 3115 2579 3185 primum
2607 3115 2779 3183 hoc,ut
2822 3115 3218 3185 eralamusmon
3247 3131 3538 3185 possumus,
3567 3117 3776 3171 immor-

2122 3199 2172 3263 c
2200 3184 2354 3238 talem
2377 3183 2522 3238 illam
2549 3184 3118 3255 prmtantissimamque
3162 3183 3398 3239 naturam
3425 3186 3640 3258 divisam
3674 3202 3776 3263 esse

2205 3269 2294 3322 per
2320 3269 2493 3326 sexus,
2509 3245 2562 3326 ei
2591 3270 2700 3308 esse
2726 3265 2917 3326 partem
2940 3245 3095 3308 unam
3124 3270 3307 3326 mares,
3339 3245 3679 3326 partem°esse
3701 3258 3779 3310 al-

2205 3332 2366 3396 teram
2396 3325 2615 3396 feminas
2789 3323 2928 3396 Nam
2954 3325 3232 3396 consuestis
3257 3342 3310 3379 tn
3341 3323 3604 3396 precibus,
3641 3327 3776 3393 Sive,

2211 3403 2262 3446 tu
2291 3389 2429 3464 Deus
2455 3410 2530 3461 es,
2575 3395 2678 3448 sive
2707 3405 2760 3448 tu
2803 3394 2916 3458 dea,
2949 3393 3116 3448 dicere
3150 3409 3170 3448 :
3197 3411 3310 3464 qua
3338 3389 3671 3449 dubitationis
3696 3389 3779 3449 ex;

2205 3465 2369 3534 cepiio
2390 3463 2513 3518 dare
2532 3479 2618 3518 vos
2639 3465 2738 3519 diis
2755 3479 2930 3518 sexum
2949 3463 3288 3534 disjunctione
3309 3481 3371 3518 ea:
3391 3467 3504 3531 ipsa
3529 3467 3778 3519 declarat.

2203 3532 2396 3604 Preces
2421 3547 2552 3604 quas
2578 3535 2845 3588 Arnobius
2876 3532 3077 3588 indicat
3122 3533 3224 3604 legi
3254 3544 3477 3604 passum
3502 3536 3651 3603 apud
3677 3536 3782 3588 Ma-

2200 3603 2440 3658 crobinm
2469 3603 2565 3657 lib.
2596 3617 2651 3657 tu
2680 3605 2921 3669 Saturn.,
2955 3616 3074 3671 cap.
3099 3605 3134 3658 9
3165 3603 3196 3659 :7
3211 3603 3271 3659 Si
3320 3606 3464 3670 deus,
3491 3605 3539 3657 si
3565 3606 3668 3657 dea
3689 3615 3782 3669 est,

2201 3671 2286 3726 cui
2334 3674 2554 3744 populus
2607 3674 2876 3744 civitasque
2918 3671 3333 3744 Carthaginensis
3376 3686 3451 3728 est
3493 3676 3547 3727 in
3592 3675 3784 3738 tutela,

2199 3749 2305 3796 etc.
2336 3743 2402 3796 A.
2433 3743 2637 3798 Gellius
2660 3746 2751 3798 lib.
2786 3743 2824 3814 r7,
2852 3756 2970 3814 cap.
2992 3743 3063 3797 28
3098 3743 3240 3796 :Eas
3267 3744 3420 3811 ferias
3451 3746 3494 3814 si
3520 3745 3642 3814 quis
3673 3746 3786 3810 pol-

2202 3814 2401 3879 luisset,
2430 3814 2734 3884 piaculoque
2759 3813 2821 3884 ob
2844 3812 2976 3884 [tunc
2995 3829 3103 3884 rem
3130 3830 3259 3883 opus
3288 3824 3437 3881 esset,
3466 3812 3691 3868 hostium
3713 3829 3782 3867 st.

2204 3897 2327 3936 bno.
2359 3880 2593 3938 suum.
2624 3880 2938 3952 immolabat.
2985 3880 3150 3951 quue
3165 3880 3237 3937 ex
3253 3880 3452 3937 decreto
3475 3886 3790 3952 pontiﬁcum

2201 3952 2517 4006 observatum
2546 3969 2668 4024 esse,
2724 3951 2800 4007 Μ.
2821 3951 3001 4024 Varro
3029 3952 3195 4007 dicit:
3219 3955 3455 4021 quoniam
3479 3951 3550 4007 et
3576 3951 3684 4024 qua
3714 3956 3784 4016 ei,

2201 4029 2248 4077 et
2273 4039 2364 4090 per
2384 4038 2532 4094 quem
2555 4023 2766 4077 deorum
2795 4023 3068 4094 dearumve
3083 4031 3218 4076 terra
3245 4032 3496 4094 tremeret,
3528 4023 3791 4078 incertum

2201 4094 2428 4148 csset.ln
2446 4095 2712 4147 veteribus
2740 4093 3180 4159 inscriptionibus
3213 4093 3398 4148 eadem
3433 4093 3664 4147 formula
3696 4109 3792 4146 oc-

2202 4165 2373 4216 currit
2426 4162 2545 4217 Sive
2589 4164 2705 4228 deo,
2746 4163 2849 4215 sive
2873 4163 2998 4216 dcte.
3050 4163 3115 4218 Si
3157 4167 3300 4227 deus,
3335 4164 3380 4215 si
3410 4165 3506 4216 dea
3543 4173 3639 4217 est.
3679 4165 3793 4216 lluc

2206 4241 2412 4302 spectat
2435 4233 2576 4300 quod
2607 4233 2658 4287 in
2683 4235 2930 4301 precibus
2954 4234 3213 4287 interdum
3238 4234 3508 4297 dicebant,
3539 4233 3796 4300 Quisquis

2204 4317 2256 4385 es
2281 4302 2424 4385 deus.
2461 4303 2954 4385 Vide_13roverium,
2983 4303 3055 4385 tle
3081 4303 3300 4357 Adorat.
3332 4318 3449 4371 cap.
3479 4305 3538 4370 7,
3593 4315 3792 4372 praeter

2133 4399 2136 4402 -
2201 4373 2457 4427 Catonem
2484 4382 2539 4427 et
2567 4373 2721 4426 alios.

2278 4441 2402 4498 180.
2435 4442 2582 4505 Ald..
2607 4442 2826 4510 Weitz.,
2852 4451 2906 4497 et
2932 4441 3169 4512 plerique
3196 4442 3378 4511 scripti
3397 4482 3416 4512 ν,
3441 4451 3489 4495 et
3516 4451 3616 4498 tot.
3644 4441 3792 4504 Gis.,

2209 4527 2268 4583 ac
2289 4522 2394 4583 tot.
2409 4513 2653 4583 Heinsius
2671 4527 2792 4583 cum
2815 4512 3048 4577 Tbuan.,
3072 4511 3127 4566 ut
3147 4521 3246 4579 tot,
3271 4511 3412 4583 quod
3438 4512 3604 4568 habet
3626 4514 3794 4566 etiam

525 4594 610 4640 tus
639 4573 823 4655 asper;
844 4573 1116 4655 terribilis.
1167 4573 1539 4655 Supinu'supro
1568 4582 1798 4655 superbo
1828 4580 2098 4636 iuvenalis
2127 4573 2180 4634 D
2204 4581 2586 4655 Ales._ln_Ald.
2611 4591 2664 4655 et
2684 4581 2882 4655 onn.,
2910 4573 3222 4655 prosapiem.

523 4663 628 4711 sat.
659 4650 714 4721 1,
738 4653 802 4708 Et
823 4652 1036 4708 multum
1055 4650 1274 4724 referens
1294 4653 1356 4707 de
1377 4650 1656 4724 Mazceuate
1676 4651 1893 4724 8_1tpittO.'
1933 4665 2098 4724 quan:

526 4741 682 4796 quam
698 4725 798 4796 _hic
825 4738 920 4796 pro
946 4721 1121 4796 molli:
1148 4724 1322 4796 potius
1359 4723 1636 4796 accipitur.
1685 4721 1793 4796 Pro
1827 4722 2095 4796 arroganti

525 4791 654 4852 vero
697 4791 912 4849 Persius
959 4805 1063 4863 sa'.
1096 4791 1357 4863 1,;_Seque
1403 4794 1627 4863 aliquem
1669 4791 1905 4863 credens,

525 4867 660 4936 quod
686 4864 877 4918 honore
901 4862 1114 4932 supinus
1143 4860 1372 4934 Fregerit
1392 4860 1620 4917 heminas
1643 4862 1783 4916 Arcti
1812 4860 1979 4918 aedilis
2000 4861 2101 4915 ini-

527 4953 721 5088 ?ugs.
748 5005 878 5088 Vat.
908 5004 947 5059 Β
988 5010 1045 5059 et
1093 5001 1227 5056 Mar.
1272 5016 1379 5056 non
1421 5001 1565 5058 hene'
1597 5002 1840 5059 scribunt
1883 5001 1984 5057 [ιειί
2012 5014 2107 5071 Pro

527 5079 651 5133 letlti
671 5087 764 5132 aut
790 5077 898 5130 leti.

599 5147 723 5204 171.
764 5138 1018 5208 Hailsbr.,
1047 5142 1273 5206 moveri;
1318 5141 1495 5210 Egm.,
1526 5142 1683 5196 ullus.

600 5220 725 5273 175.
771 5217 852 5271 Ad
882 5216 1020 5270 hanc
1043 5208 1619 5280 sententiam'pertinet
1663 5211 1792 5265 illud
1842 5208 2054 5265 Minucii
2088 5225 2101 5262 :

531 5287 659 5344 Cum
681 5305 781 5341 non
803 5285 1112 5355 disputantis
1127 5281 1426 5355 auctoritas,
1448 5282 1535 5332 sed
1559 5281 1915 5355 disputationis
1944 5280 2106 5355 ipsius

530 5362 712 5415 veritas
742 5348 1050 5429 requiratur.
1075 5353 1173 5410 Ubi
1197 5353 1514 5420 interpretes
1545 5348 1696 5418 plura
1719 5350 1910 5410 similia
1941 5348 2108 5402 adno-

534 5438 728 5554 ωῐὶιῇ.
761 5497 949 5561 Aldus,
979 5495 1097 5549 Val.
1142 5493 1204 5560 Q,
1237 5491 1468 5562 feminas,
1516 5504 1575 5562 ac
1618 5487 1756 5562 mille
1805 5505 1987 5543 mares.
2032 5491 2106 5545 Ita

534 5567 654 5622 Vat.
689 5569 726 5622 Β
755 5582 784 5620 a
812 5559 1040 5623 secunda
1069 5559 1249 5629 manu,
1277 5578 1396 5618 nam
1427 5580 1455 5616 a
1487 5559 1648 5630 priori
1694 5573 1854 5630 manu
1899 5561 2108 5615 videtur

537 5637 720 5698 fuisse.
742 5646 800 5689 ut
818 5648 900 5690 est
920 5635 973 5690 in
996 5635 1148 5701 Man,
1166 5628 1349 5688 matres
1369 5649 1462 5702 pro
1481 5628 1662 5702 mares.
1692 5628 1897 5702 VatsA,
1921 5631 2101 5697 Alcm,

538 5707 804 5762 Gisclintts
820 5708 872 5759 in
893 5699 1210 5762 emendatis.
1237 5699 1482 5759 Heinsius
1502 5713 1556 5758 et
1575 5701 1687 5762 alii.
1707 5699 1926 5762 feminas
1942 5702 2103 5762 mille,

2275 4651 2396 4706 181.
2430 4652 2684 4721 Exempla
2716 4652 2878 4706 habes
2907 4653 2959 4706 in
2992 4652 3341 4720 Proserpina,
3372 4667 3492 4721 quae
3525 4651 3791 4714 Plutoni;

2205 4721 2370 4787 Hebe,
2411 4737 2529 4791 quae
2568 4723 2819 4792 Herculi;
2845 4721 3107 4792 Minerva,
3154 4737 3274 4792 quze
3321 4721 3581 4792 Vulcano,
3616 4731 3794 4784 nupta

1995 4791 2098 4845 talo
2201 4799 2302 4847 est.
2333 4792 2576 4862 Decepta:
2598 4799 2720 4846 sunt
2739 4806 2769 4845 a
2797 4791 2929 4846 Jove
2960 4791 3202 4861 Europa,
3225 4792 3450 4861 IEgina,
3475 4791 3654 4856 Leda.
3691 4793 3796 4846 Da-

2208 4877 2310 4917 nae
2332 4870 2386 4916 et
2407 4863 2549 4915 alite.

2283 4933 2406 4986 18%.
2440 4931 2614 4988 Utitur
2651 4945 2783 4987 voce
2819 4932 3138 4985 amasionum
3170 4930 3427 5000 Apuleius
3471 4931 3568 4986 lib.
3601 4945 3686 4985 vn
3736 4929 3808 4986 de

2217 5001 2383 5056 Asino
2407 5017 2590 5057 aureo.

2283 5072 2406 5126 185.
2439 5070 2604 5126 Furta
2633 5069 2951 5126 concubitus
2981 5069 3195 5125 illicitos
3235 5077 3410 5139 poetae
3435 5069 3686 5125 libenter
3718 5083 3804 5123 vo-

2211 5149 2354 5195 cant.

2287 5209 2411 5264 184.
2435 5211 2490 5264 ln
2513 5210 2642 5266 Jove
2669 5211 2787 5264 haec
2805 5210 2983 5264 omnia
3005 5209 3224 5265 crimina
3250 5209 3303 5264 in
3327 5217 3580 5279 promptu
3607 5220 3700 5265 est
3725 5225 3809 5265 re~

2213 5281 2410 5350 perire.
2437 5281 2561 5350 Ejus
2585 5291 2765 5349 stupra
2798 5295 2987 5334 novem
3019 5292 3263 5335 recenset
3290 5280 3512 5335 Ovidius
3535 5294 3596 5334 vr
3632 5283 3808 5336 Meta-

2215 5351 2511 5421 rnorphos.,
2553 5352 2689 5404 filios
2735 5351 3040 5421 "legitimos
3079 5364 3240 5420 supra
3278 5351 3466 5419 viginti
3507 5364 3790 5408 enumera

2215 5419 2451 5489 Hyginus
2479 5420 2726 5475 lab.155.
2833 5419 2846 5421 ⁷
3151 5419 3158 5420 ί
3426 5425 3438 5436 ⁸

2285 5488 2407 5545 185.
2441 5489 2620 5560 Prag,
2643 5491 2771 5544 duos
2797 5506 2891 5560 pro
2913 5492 3051 5558 deos,
3082 5490 3255 5543 minus
3284 5489 3439 5545 bene.

2283 5561 2403 5615 186.
2439 5559 2555 5613 Vat.
2579 5563 2644 5624 A,
2672 5559 2858 5615 adoras
2879 5577 2899 5615 :
2930 5564 3043 5628 Iope
3072 5561 3141 5613 ad
3168 5575 3302 5613 aras.

2284 5631 2408 5686 187.
2440 5628 2718 5696 Weitzius,
2759 5631 2890 5684 nihil
2941 5627 3168 5685 metrum
3211 5643 3427 5694 curans,
3459 5627 3644 5683 edidit
3696 5647 3816 5683 ver-

2211 5700 2343 5756 becw
2368 5716 2488 5756 cum
2519 5700 2714 5756 Witlnt.
2738 5710 2793 5755 et
2822 5702 2984 5767 lioug.
3028 5701 3082 5756 lu
3119 5700 3234 5754 Vat.
3266 5701 3304 5752 Β
3330 5715 3396 5754 ex
3439 5699 3652 5754 verbice
3703 5701 3817 5757 [ab
