3994 6176
305 357 395 414 161
1470 350 1943 406 PERlSTEPﬂAN
1952 350 2033 405 ΟΝ
2075 346 2281 406 llYMN.
2321 347 2386 403 x.

516 469 723 541 1082
755 470 1059 541 Delphosne
1084 469 1331 542 pergam?
1370 469 1465 526 sed
1504 478 1646 526 vetat
1684 470 1871 540 palms-
1901 473 1945 531 Α

1670 560 1809 630 [trici

506 648 769 720 Corrupta
792 650 985 722 ephebi
1013 650 1150 705 fama
1168 693 1181 715 ,
1204 665 1363 720 quem
1392 659 1569 707 vester
1599 650 1751 712 deus,

303 740 397 795 190
509 740 849 798 Ell'eminavit
872 742 1147 813 gymnadis
1174 742 1413 798 licentia.

438 830 557 886 Mox
593 829 738 886 ﬂevit
768 833 1060 902 impuratus
1081 834 1315 887 occisum
1342 834 1489 902 gravi

512 921 690 987 Disco,
712 933 765 976 et
792 921 988 977 dieavit
1018 921 1354 976 ﬂorulentum
1385 920 1692 977 succubam.

512 1006 819 1065 Conductus
846 1006 983 1065 idem
1014 1012 1153 1080 pavit
1180 1012 1410 1066 alienum
1443 1026 1603 1080 pecus
1628 1027 1641 1063 :

510 1098 702 1156 Furem
723 1100 917 1157 deinde
949 1102 1138 1170 perditi
1170 1116 1357 1171 passus
1383 1101 1556 1171 gregis

297 1192 396 1248 195
506 1191 697 1264 Segnis
722 1193 1001 1264 bubulcus,
1027 1194 1128 1249 tela
1157 1203 1205 1250 et
1239 1194 1349 1263 ipsa
1380 1192 1610 1264 perdidit

3445 353 3547 409 462

2121 469 2199 523 An
2230 466 2295 520 ad
2326 463 2570 536 Cybebes
2599 463 2687 519 ibo
2717 463 2892 519 lucum
2925 464 3172 531 pincum?

2196 559 2407 632 1083
2436 558 2571 613 Puer
2589 556 2683 614 sed
2707 557 2881 610 obstat
2908 556 3088 611 Gallus
3109 557 3179 611 ob
3207 556 3477 612 libidinem

2188 651 2287 705 Per
2317 649 2469 703 triste
2496 646 2708 713 vulnus,
2743 661 2939 715 perque
2958 654 3162 700 sectum
3194 645 3428 702 dedecus

2188 736 2268 801 Ab
2298 739 2574 807 impudica:
2601 747 2745 793 tutus
2774 738 3023 808 amplexu
3054 737 3205 793 deae:

1973 834 2080 889 200
2186 829 2287 884 Per
2313 830 2476 884 inulta
2510 828 2662 882 Matri
2694 840 2841 881 sacra
2873 826 3158 895 plorandus
3179 826 3364 893 spado.

2117 921 2251 985 Sed,
2278 919 2460 982 credo,
2490 918 2663 986 magni
2694 917 2855 971 limen
2885 917 3176 983 amplectar
3206 916 3387 971 lovis:

2186 1011 2285 1076 Qui
2313 1009 2357 1063 si
2385 1009 2577 1063 citetur
2605 1006 2807 1076 legibus
2833 1007 3025 1061 vvstris
3048 1020 3191 1070 reus,

2188 1100 2414 1170 Laqueis
2444 1098 2664 1154 minacis
2686 1097 2988 1166 implicatus
3017 1096 3193 1162 Juliaa,

2187 1192 2322 1247 Luat
2348 1204 2586 1245 severam
2617 1188 2826 1245 vinctus
2851 1196 2905 1243 et
2933 1186 3257 1245 Scantiniam
3275 1230 3290 1256 ,

1589 1302 1874 1361 CLUSSIE
1917 1302 2235 1359 VETERES

360 1413 489 1468 188.
522 1413 809 1469 Palaestrici
827 1455 842 1479 ,
872 1414 1145 1482 palwstrici
1165 1459 1179 1483 ,
1211 1415 1333 1485 qui,
1363 1414 1417 1468 in
1446 1414 1642 1469 theatro
1666 1413 1862 1468 saltan-

290 1493 381 1543 tes,
416 1484 588 1552 turpia
617 1486 825 1537 deorum
855 1486 1129 1550 canebant,
1158 1486 1199 1538 l.

362 1552 490 1613 189.
526 1552 724 1617 Epltebi
743 1596 758 1617 ,
788 1554 1040 1615 imberbis,
1068 1553 1106 1608 Ι.

358 1622 485 1696 190.
518 1622 872 1696 Effeminavit,
900 1626 1154 1696 castravit.
1178 1654 1246 1666 --
1270 1622 1576 1696 Gymnadis,
1596 1624 1859 1691 nuditatis,

286 1691 361 1744 rel
384 1694 617 1747 exercitii
637 1692 837 1747 licentia
864 1696 1072 1757 rustici,
1098 1694 1136 1747 ι.

352 1761 485 1835 191.
515 1763 830 1835 impuratus,
855 1765 1247 1818 commaculatus
1271 1782 1288 1819 :
1318 1765 1603 1834 impuratus
1623 1774 1671 1818 et
1694 1765 1861 1835 impu-

2038 1413 2157 1468 106.
2190 1412 2451 1484 Cybebes,
2481 1411 2682 1484 Cybele,
2709 1421 2754 1484 et
2775 1411 2976 1484 Cubele,
3004 1427 3117 1478 qua:
3140 1409 3305 1466 Mater
3333 1413 3537 1469 deorum

1966 1481 2247 1544 dicebatur,
2276 1499 2389 1553 qua!
2410 1494 2461 1553 et
2490 1481 2853 1553 Btrecynthia,
2879 1481 2918 1553 l.

2038 1555 2158 1608 197.
2196 1549 2348 1615 Puer,
2383 1552 2534 1622 Atys,
2568 1549 2698 1622 Mar.
2721 1580 2790 1590 —
2816 1549 3017 1622 Gallus,
3045 1550 3233 1604 scilicet
3259 1563 3533 1609 castratns.

1966 1625 2089 1693 Atys
2115 1639 2283 1676 omnes
2322 1620 2536 1675 evira‘tos
2567 1621 2742 1674 Gallos
2772 1620 3046 1683 vocabant,
3087 1630 3371 1693 postquam"
3397 1624 3537 1677 Galli

1967 1692 2193 1748 Senones
2222 1695 2430 1747 Romam
2462 1703 2728 1757 ceperunt,
2767 1700 2813 1743 et
2833 1700 3006 1757 postea
3028 1692 3310 1760 quicunque
3333 1692 3542 1747 Gallum

1966 1773 2222 1832 ceperunt,
2255 1763 2529 1822 evirabant,
2555 1778 2614 1832 ne
2644 1762 2773 1814 illud
2792 1777 2957 1832 semen
2984 1770 3258 1832 cresceret;
3285 1772 3332 1816 et
3365 1760 3539 1818 Gallos

286 1848 369 1905 rus
410 1833 484 1905 ita
513 1834 913 1902 distinguuntur,
936 1835 1071 1900 quod
1099 1836 1328 1905 impurus
1364 1829 1417 1887 in
1440 1836 1604 1904 seipso
1630 1829 1852 1905 immun-
1891 1831 1933 1891 Β
1962 1829 2207 1905 castratos
2236 1848 2402 1905 omnes
2434 1830 2773 1905 vocabant.—-
2799 1831 2895 1905 ω),
2928 1838 3154 1905 propter,
3182 1829 3220 1883 Ι.

285 1904 410 1965 dus;
447 1901 733 1971 impuratus
755 1914 922 1956 autem
950 1906 1010 1957 ab
1040 1905 1142 1957 alio
1169 1901 1539 1958 contaminatus
1573 1905 1781 1969 dicitur,
1814 1904 1853 1958 l.

358 1971 481 2024 192.
520 1972 703 2044 Uisco,
721 1973 1071 2044 discus,genus
1103 1974 1213 2028 ludi
1234 1974 1318 2044 qu_i
1343 1990 1496 2044 super
1523 1977 1718 2027 discum
1739 1990 1859 2043 age-

284 2041 461 2108 batur,
484 2058 634 2107 quem
668 2042 754 2095 ille
780 2041 999 2110 ephebus
1026 2044 1203 2097 ludens
1228 2041 1259 2096 a
1286 2041 1448 2097 Boreo
1490 2053 1637 2098 vento
1666 2041 1859 2097 occisus

282 2121 370 2183 est.
401 2139 485 2183 -ί
506 2111 864 2183 Floruleiitum
883 2153 897 2174 ,
940 2114 991 2165 in
1034 2115 1212 2183 ﬂorem
1237 2114 1316 2166 sui
1358 2115 1607 2178 nominis,
1638 2110 1766 2167 Mar.
1791 2142 1859 2154 —-

283 2181 628 2253 Subcubam,
654 2182 747 2253 vel
784 2181 1071 2237 succubam.
1137 2183 1371 2238 Succuba
1414 2184 1597 2237 dicitur
1648 2185 1733 2253 qui
1769 2185 1861 2236 a'ii

284 2250 333 2302 in
362 2253 615 2319 patienda
645 2251 853 2306 libidine
876 2254 1178 2317 succumbit,
1205 2271 1234 2303 a
1260 2254 1627 2307 succumbendo
1654 2250 1817 2307 dictus
1845 2270 1861 2307 :

282 2336 317 2374 ii.
334 2322 721 2391 succumbcndo
748 2323 816 2373 ad
838 2331 1005 2391 turpes
1028 2340 1165 2386 usus,
1190 2323 1275 2390 qui
1301 2332 1347 2375 et
1368 2326 1581 2388 amasio,
1613 2323 1651 2377 Ι.
1672 2352 1740 2363 -—
1759 2325 1861 2377 Cu-

284 2389 511 2452 cubam,
541 2393 729 2444 cucuba
767 2389 928 2445 herba
950 2400 1025 2444 est
1067 2392 1237 2446 dicata
1265 2392 1329 2444 ab
1357 2393 1595 2461 Apolline
1630 2392 1863 2461 Hyacin-

284 2461 393 2583 ἕω,
423 2464 581 2532 cujus
604 2463 702 2530 ﬂos
741 2463 1043 2531 hyacinthus
1081 2471 1154 2516 est
1182 2465 1458 2517 secundum
1488 2479 1667 2518 nomen
1696 2464 1863 2533 pueri,

326 2544 452 2583 rari.

326 2544 452 2582 rae.

521 2597 713 2671 [iurem
730 2641 745 2664 ,
776 2598 1126 2655 latronent.—
1146 2600 1361 2671 Passus,
1385 2602 1653 2669 sustinens,
1680 2600 1718 2658 l.

353 2667 489 2725 195.
521 2668 682 2737 Tela,
710 2686 883 2724 arcum
902 2679 948 2725 et
975 2671 1299 2742 pharetram,
1327 2667 1365 2727 l.

2033 1904 2156 1957 199.
2189 1900 2497 1969 Ιιιιρυόίοτε,
2527 1900 2898 1964 inverecundw,
2928 1898 2966 1952 l.

2032 1973 2159 2042 200.
2191 1968 2390 2042 Matris,
2423 1968 2672 2042 Cybelew.
2692 1998 2761 2007 —
2789 1969 2988 2039 Spado,
3013 1969 3293 2035 eunuchus,
3322 1971 3359 2026 Ι.

2033 2041 2160 2096 201.
2194 2041 2389 2106 Credo,
2424 2039 2632 2102 ironice,
2658 2039 2695 2092 1.

2036 2111 2164 2167 202.
2194 2112 2416 2176 Citetur,
2440 2110 2787 2182 judicaretur,
2810 2108 2887 2168 uel
2914 2118 3318 2174 commoveatur;
3334 2111 3539 2182 judice-

1969 2191 2054 2237 tur
2080 2184 2356 2238 secundum
2383 2178 2541 2250 scita,
2570 2178 2611 2233 Ι.

2036 2253 2163 2307 205.
2198 2246 2536 2319 lmplicatus,
2556 2251 2849 2304 damnatus.
2872 2278 2942 2287 -
2966 2246 3143 2315 Iuliae,
3182 2249 3425 2304 Romanae
3463 2251 3538 2304 le-

1966 2324 2083 2445 gisb.‘
2103 2320 2258 2446 ‘Jullia
2285 2319 2368 2377 lca:
2395 2338 2427 2374 a
2456 2320 2603 2375 Julia
2628 2323 2916 2392 repertrice,
2952 2334 3064 2388 qua:
3099 2319 3358 2375 adulteras
3397 2323 3538 2375 dam-

1966 2410 2033 2446 na
2068 2410 2095 2444 a
2139 2434 2152 2446 .
2206 2431 2220 2446 .

1966 2403 2220 2456 nabat,l.

2033 2462 2160 2517 204.
2192 2462 2547 2526 Scantiniam,
2568 2477 2600 2514 a
2628 2460 2896 2516 Scantinia
2919 2460 3192 2525 inventore,
3218 2476 3333 2530 qua:
3365 2464 3538 2530 utique

1956 2534 2225 2602 judicabat
2252 2532 2551 2602 adulteras;
2575 2532 2735 2602 legem
2761 2532 3139 2597 Romanorum,
3170 2531 3224 2584 id
3249 2541 3350 2597 est,
3380 2532 3537 2597 iram;

1964 2600 2029 2656 ea
2053 2611 2127 2656 est
2155 2616 2335 2655 nomen
2364 2603 2491 2665 dcte,
2514 2600 2555 2655 l.

1628 2788 1671 2844 c
1721 2760 2187 2843 MMENTARIUS.

282 2907 401 2954 tum
450 2899 735 2954 recentiori
765 2915 923 2956 manu
961 2902 1177 2955 verbece.
1224 2900 1357 2956 Mar.
1398 2916 1428 2955 a
1461 2902 1627 2970 prima
1674 2917 1863 2967 manu,

281 2970 505 3023 verbice.
536 2970 681 3034 Rau,
703 2984 750 3026 et
786 2971 937 3037 Prag.
965 2986 994 3025 a
1028 2972 1195 3039 prima
1224 2986 1403 3036 manu,
1430 2980 1485 3025 ut
1507 2972 1736 3040 videtur,
1759 2989 1869 3027 ver-

280 3042 397 3094 bece
426 3056 443 3104 ;
472 3040 566 3093 alii
606 3041 841 3095 scribunt
878 3057 1093 3095 vervece.
1130 3040 1350 3105 Verbex,
1400 3056 1493 3096 seu
1531 3058 1737 3107 vervex,
1786 3051 1870 3098 est

280 3124 398 3165 mas
451 3111 597 3164 inter
620 3124 773 3177 oves,
801 3111 895 3165 sed
939 3121 1198 3166 castratos
1227 3129 1239 3164 ε
1271 3111 1337 3167 de
1366 3128 1472 3181 quo
1502 3111 1733 3181 Isidorus
1771 3114 1866 3167 lib.

281 3195 351 3235 xii
376 3181 608 3251 Etyma
649 3194 767 3249 cap.
795 3182 847 3245 1,
882 3182 1149 3236 consentit
1187 3183 1379 3251 glosste
1410 3199 1423 3235 :
1470 3180 1688 3246 Vervex,
1727 3184 1802 3237 vel
1838 3199 1868 3235 a

288 3250 497 3321 viribus
544 3250 742 3321 dictus,
788 3254 921 3320 quod
964 3251 1156 3306 caeteris
1198 3250 1375 3305 ovibus
1422 3251 1486 3305 sit
1532 3252 1750 3321 fortior;
1794 3254 1869 3306 vel

279 3320 423 3387 quod
454 3320 523 3391 sit
556 3321 650 3384 vir,
683 3320 736 3373 id
765 3331 837 3373 est
878 3322 1165 3385 masculus;
1192 3323 1267 3375 vel
1312 3323 1448 3391 quod
1484 3338 1671 3375 vermes
1702 3324 1753 3375 in
1782 3339 1869 3376 ca-

279 3391 378 3456 pite
407 3390 663 3457 habeant,
707 3407 920 3459 quorum
946 3393 1147 3445 excitati
1173 3390 1401 3459 pruritu,
1430 3392 1640 3445 invicem
1660 3408 1712 3446 se
1745 3409 1868 3447 ron-

277 3461 514 3524 cutiunt,
544 3469 587 3512 et
612 3470 889 3529 pugnantes
912 3478 1025 3514 cum
1045 3478 1226 3531 magno
1248 3464 1439 3531 impetu
1461 3462 1670 3529 feriunt.
1700 3462 1867 3519 Varro

278 3543 307 3581 a
350 3539 552 3584 natura
594 3545 735 3582 versa
775 3545 1049 3585 vervecem
1080 3530 1282 3586 dictum
1322 3530 1617 3586 existimat.
1652 3531 1727 3588 De
1773 3549 1866 3589 ara

279 3600 562 3670 ci‘spititia
584 3598 707 3652 vide
733 3598 987 3670 hymnum
1013 3602 1068 3657 S.
1098 3601 1333 3655 Eulaliae.

351 3668 487 3740 188.
525 3668 663 3740 Vati.
693 3668 1086 3740 A,‘Q,Avetant,
1119 3670 1259 3740 quod
1292 3670 1497 3727 videtur
1517 3672 1676 3728 etiam
1704 3672 1867 3729 fuisse

278 3736 334 3813 in
365 3739 537 3813 Alea:
570 3737 832 3813 Iudicatur
860 3738 1035 3794 fabula
1067 3736 1367 3810 Hyacinthi,
1411 3741 1479 3799 de
1517 3758 1619 3813 qua
1647 3743 1865 3798 Ovidius

278 3806 376 3861 Lb.
415 3824 452 3860 x
488 3808 839 3878 Metamorph.

353 3878 489 3933 189.
525 3878 655 3948 Mar.
678 3894 706 3932 a
737 3880 902 3948 prima
931 3894 1120 3944 manu,
1141 3886 1320 3948 quam,
1350 3880 1509 3936 male.

358 3949 494 4003 190.
528 3947 583 4000 In
613 3947 853 4021 palaestra
895 3949 1018 4021 nudi
1048 3947 1424 4006 iactabantur:
1460 3951 1581 4006 hinc
1605 3952 1741 4021 apud
1773 3968 1867 4007 vc-

276 4020 722 4088 tercs_gy_mnasii
744 4020 950 4072 licentia
981 4020 1030 4072 in
1064 4020 1401 4088 proverbium
1427 4022 1577 4074 abiit.

353 4086 486 4157 192.
524 4086 581 4157 lii
612 4088 728 4141 Vat.
754 4091 795 4143 A
831 4086 1095 4144 recentior
1120 4098 1410 4154 corrector,
1451 4089 1713 4157 prioribus
1746 4105 1863 4145 era-

274 4157 386 4221 sis,
448 4156 576 4211 iccit
618 4158 981 4225 ﬂorulentum,
1026 4168 1081 4214 et
1128 4159 1391 4213 sucubam.
1437 4156 1658 4216 Videtur
1700 4161 1864 4217 fuisse

274 4227 573 4300 cumbam;
599 4228 664 4300 ad
696 4243 845 4300 oram
877 4228 1068 4300 legitur
1101 4228 1379 4300 cucubum,
1412 4238 1465 4284 et
1492 4230 1735 4284 sucubum
1768 4246 1863 4300 pro

274 4296 522 4352 diversis
545 4298 881 4368 lectionibus.
912 4296 1027 4354 Vat.
1054 4300 1143 4362 Β..
1166 4297 1393 4363 Widm.,
1425 4301 1745 4368 ﬂorulentum
1768 4296 1864 4355 cu—

274 4369 496 4437 cubant.
544 4366 724 4436 Prag.,
773 4368 944 4432 Man,
978 4369 1303 4437 ﬂorulentum
1350 4366 1622 4434 cucubam;
1668 4373 1761 4426 scd
1809 4373 1860 4426 in

273 4435 413 4507 glar.
451 4435 669 4507 recenti
694 4452 852 4507 manu
884 4435 1077 4491 factum
1126 4438 1474 4501 ﬂorulentum.
1503 4441 1681 4504 Alex.,
1714 4442 1859 4507 Ald.,

276 4504 510 4578 Weiiz.,
547 4506 661 4559 Vat.
685 4507 748 4578 Ο.
774 4506 931 4569 Urb.,
959 4507 1186 4578 Lotter.,
1212 4509 1460 4562 Heinsius
1486 4520 1537 4563 et
1562 4509 1675 4576 alii,
1698 4504 1861 4578 florui-

1970 2900 2058 2956 ubi
2088 2901 2240 2956 lucus
2283 2901 2472 2971 pineus
2500 2906 2624 2971 erat
2665 2898 2923 2971 celebrari
2962 2898 3249 2971 solebant:
3290 2909 3346 2957 et
3386 2916 3539 2971 pinus

1970 2971 2080 3040 ipsa
2112 2969 2395 3026 arbor’est
2417 2970 2618 3040 Cybele
2660 2982 2848 3040 sacra;
2878 2969 3099 3039 ejusque
3130 2970 3305 3040 imago
3342 2969 3536 3029 corona

1970 3038 2003 3096 ὁ
2029 3041 2063 3095 d
2101 3041 2235 3111 obus
2256 3042 2440 3111 iramis
2464 3038 2641 3108 pineis
2670 3038 2919 3111 insignita
2948 3040 3001 3111 lii
3020 3038 3261 3097 numinis
3290 3058 3322 3110 p
3345 3043 3537 3111 ngeba-

1971 3118 2075 3182 tur.
2122 3104 2537 3182 Monfaucon‘us
2564 3118 2693 3182 tom.
2721 3104 2890 3182 lAnt.
2923 3109 3106 3182 plures
3140 3104 3409 3182 imagines
3425 3113 3531 3182 Cy-

1973 3181 2117 3253 beles
2147 3180 2395 3253 exhibet,
2423 3194 2486 3234 ac
2507 3178 2574 3235 de
2608 3179 2724 3248 eius
2750 3181 2914 3250 gestis
2942 3180 3055 3236 sive
3082 3178 3275 3237 fabulis
3315 3178 3533 3253 capiose

1972 3250 2186 3306 disserit
2213 3265 2330 3319 cap.
2357 3252 2381 3305 1
2408 3258 2463 3305 et
2488 3264 2641 3317 seqq.

2043 3322 2166 3375 197.
2202 3318 2466 3377 De’Gallis
2496 3319 2736 3390 videlib.
2765 3335 2800 3374 ii
2827 3319 2878 3374 in
2909 3319 3113 3390 Symm.
3138 3335 3277 3376 vers.
3304 3322 3427 3378 522.

2040 3391 2165 3446 200.
2197 3391 2316 3445 Vat.
2345 3393 2406 3455 Β,
2433 3391 2590 3452 Man,
2618 3389 2797 3458 Prag.,
2827 3389 3043 3448 Weiiz..
3069 3392 3280 3461 Ainhr.,
3305 3390 3537 3460 Thuan.,

1970 3460 2171 3527 Ortum,
2198 3462 2382 3527 matri,
2429 3460 2565 3527 quod
2607 3470 2781 3515 exstat
2819 3460 2977 3513 etiam
3019 3464 3069 3513 in
3120 3460 3294 3527 Alex.,
3339 3465 3463 3531 Gis.
3487 3468 3537 3519 in

1970 3539 2143 3603 testu,
2181 3532 2415 3603 Heinsio.
2441 3531 2498 3585 ln
2526 3531 2664 3593 aliis,
2693 3533 2886 3603 matris.
2921 3531 2977 3583 ln
3020 3532 3161 3588 Rott.
3193 3548 3351 3603 supra
3392 3552 3536 3601 sacra

1970 3614 2065 3667 pro
2097 3602 2203 3654 div.
2235 3602 2419 3669 script.
2449 3608 2564 3653 erat
2605 3615 2729 3653 tera.
2767 3600 2841 3654 Ex
2884 3615 2989 3670 quo
3040 3600 3281 3656 Heinsius
3321 3616 3374 3658 et
3401 3600 3537 3658 Cha-

1968 3670 2241 3724 millardus
2286 3670 2619 3738 suspicantur
2659 3682 2688 3720 a
2735 3684 2893 3723 manu
2951 3671 3219 3726 Prudeniii
3270 3688 3390 3726 esse
3438 3673 3536 3729 Per

1968 3739 2129 3793 multa
2157 3741 2335 3794 matris
2360 3757 2464 3794 tera
2487 3738 2766 3807 plorandus
2792 3740 2969 3809 spado.
3007 3740 3265 3796 Referunt
3288 3743 3537 3799 videlicet

1966 3810 2368 3879 adicorybantia
2389 3824 2519 3864 :era.

2034 3876 2175 3934 201.⁷
2200 3878 2501 3945 Juvenalis,
2529 3886 2631 3935 sat.
2661 3876 2718 3942 6,
2746 3891 2909 3949 vers:
2932 3877 3025 3949 A7,
3064 3878 3339 3949 Tarpeium
3380 3882 3533 3936 limen

1964 3950 2146 4004 adora.
2196 3950 2272 4003 Ex
2321 3950 2578 4017 Arnobio,
2625 3948 2833 4011 Ovidio,
2874 3946 3087 4002 Tibullo
3124 3946 3179 4002 et
3223 3952 3342 4003 aliis
3390 3961 3534 4017 patet

1966 4018 2108 4073 hunc
2154 4018 2318 4076 fuisse
2360 4021 2693 4076 ethnicorum
2738 4032 2969 4083 morem,
3011 4027 3068 4071 ut
3113 4018 3428 4084 templorum
3472 4023 3533 4075 li-

1966 4090 2105 4160 mina
2127 4092 2579 4145 exoscularentur.
2598 4091 2777 4160 Neque
2802 4096 3080 4160 propterea
3105 4089 3384 4160 accusandi
3410 4100 3532 4145 sunt

1964 4158 2250 4214 Christiani
2292 4160 2433 4229 quod
2459 4161 2649 4216 eadem
2675 4156 3032 4214 venerationis
3076 4159 3223 4229 signa
3266 4162 3377 4213 suis
3401 4172 3532 4215 tem-

1966 4229 2066 4296 piis
2092 4225 2394 4285 exhibeant.
2417 4231 2594 4285 Adisis
2620 4231 2913 4298 prolegom.
2935 4242 3054 4295 cap.
3080 4225 3166 4281 11.

2034 4299 2162 4353 202.
2193 4300 2390 4354 Widm.
2439 4308 2709 4366 corrupte,
2750 4301 2957 4352 scitetur
3001 4312 3097 4366 pro
3142 4298 3341 4353 citetur.
3384 4300 3529 4357 Idem

1962 4382 2114 4439 error
2145 4378 2227 4423 est
2256 4370 2310 4423 in
2354 4370 2484 4425 Mar.
2508 4378 2563 4425 et
2600 4367 2751 4439 Prag.
2787 4370 2841 4423 In
2870 4369 2989 4423 Vat.
3023 4367 3083 4432 Β,
3124 4370 3211 4436 qui
3254 4370 3528 4425 siscitetur.

1964 4437 2205 4494 Latinius
2234 4441 2284 4493 in
2312 4439 2475 4495 Torn.
2505 4437 2738 4494 correxit
2773 4440 2945 4493 vestris
2977 4452 3073 4504 pio
3120 4439 3287 4492 vestri.
3332 4439 3407 4494 En
3440 4458 3529 4496 ra-

1964 4510 2159 4591 tionem
2202 4525 2299 4563 cur
2329 4509 2663 4591 Prudentius,
2701 4510 2787 4578 qui
2828 4507 3057 4591 tumulos
3097 4518 3391 4591 martyrum
3419 4528 3532 4567 am-

272 4576 481 4660 tentum
524 4577 823 4640 succubam,
864 4578 945 4660 χει
973 4576 1269 4660 subcubam.
1314 4579 1501 4660 Boiug.,
1533 4574 1859 4660 {tormentum
1887 4574 1938 4632 D
1966 4580 2172 4660 ple‘cnteb
2191 4588 2316 4660 itur,
2343 4589 2499 4660 negat
2524 4579 2682 4633 licere
2709 4574 2955 4660 amplecti
2980 4577 3146 4660 limen
3172 4574 3337 4660 Jo'yis.

273 4645 602 4708 subcubum;
633 4660 822 4726 supra,
850 4648 1173 4726 ﬂorulentum
1211 4645 1509 4726 succubam.
1532 4645 1858 4726 Iflorulentus

274 4729 377 4769 vos
404 4726 491 4768 εει
520 4715 757 4784 auctoris
786 4716 1051 4784 Pervigelii
1082 4715 1302 4771 Veneris
1326 4729 1378 4772 et
1406 4718 1591 4771 Solini.

348 4785 487 4865 193.
521 4783 721 4865 Fabula
761 4783 1043 4865 Apollinis,
1072 4787 1160 4854 qui
1185 4797 1443 4865 _arinenta
1476 4789 1614 4865 regis
1648 4787 1856 4865 Admeti

273 4855 463 4919 pavit,
491 4868 521 4907 a
549 4869 655 4922 quo
698 4858 863 4910 boves
891 4864 944 4910 et
984 4870 1134 4909 arma
1181 4856 1384 4910 furatus
1424 4866 1507 4910 est
1547 4855 1854 4913 Mercurius.

276 4923 514 4977 Videtur
550 4933 738 4997 quarta
766 4924 895 4997 sede
925 4926 1221 4997 tribrachys
1251 4926 1523 4980 collocari.
1554 4927 1741 4982 Posset
1767 4930 1861 4982 ali-

269 5009 388 5061 quo
424 5004 581 5060 pacto
610 4995 660 5047 id
700 4996 905 5064 negari;
930 4996 1023 5049 sed
1053 4995 1193 5050 vers.
1222 4997 1326 5049 978
1370 4996 1483 5052 sine
1514 4997 1617 5050 ulla
1647 5009 1859 5053 contro-

268 5064 585 5135 versiapes
615 5076 836 5133 quartus
866 5066 1165 5135 tribrachys
1196 5077 1296 5120 est.

352 5134 788 5257 manumanus,
821 5135 913 5190 lib.
940 5150 988 5201 ι,
1025 5134 1126 5189 oda
1155 5136 1242 5204 io,
1278 5135 1473 5189 Viduus
1504 5136 1737 5204 pharetra
1768 5134 1858 5189 Ri-

372 5245 385 5255 .
424 5218 491 5257 νο
532 5222 581 5257 0.
730 5228 733 5229 ⁷

265 5221 292 5257 s
317 5214 337 5257 t
372 5207 581 5257 Apollo.
730 5228 733 5229 ν

353 5220 671 5340 ίῗῖἕίῗιῗῖᾶη
710 5276 911 5345 Torn.,
939 5273 1102 5337 Gall.,
1143 5275 1390 5345 Cybellis,
1439 5275 1593 5337 Man,
1640 5273 1855 5345 Cibiles;

270 5344 433 5397 Vati.
459 5349 521 5409 A,
547 5346 615 5412 Q,
641 5345 793 5408 Urb.,
823 5344 1051 5414 (Tybelis;
1082 5346 1169 5398 alii
1190 5344 1458 5413 'Cybtebis;
1489 5344 1741 5409 Hailsbr.,
1770 5344 1854 5397 Ci-

267 5415 444 5486 belis;
488 5414 923 5486 Aleit.,ACybeles;
955 5414 1287 5486 Parrhasius,
1317 5415 1574 5486 Cybelles;
1619 5415 1847 5478 Thuan.,

270 5484 470 5552 Egm.,
499 5484 891 5557 Alt.,ACybebts.
925 5485 1172 5557 Heinsius
1215 5484 1422 5555 scripsit
1447 5485 1681 5557 Cybebes,
1710 5487 1851 5557 aliis-

263 5568 390 5626 que
421 5553 772 5626 scgibeiidum
790 5555 1053 5626 persuasit
1076 5569 1140 5608 ex
1165 5566 1294 5609 vett.
1318 5553 1709 5626 exemplaribus
1735 5556 1850 5608 Vir-

262 5621 431 5746 gilii,
478 5621 721 5706 Phiedri,
755 5621 982 5685 Lucani,
1019 5634 1073 5678 et
1100 5639 1165 5706 es
1206 5626 1437 5706 antiquis
1476 5621 1846 5709 marmoribus.

324 5705 475 5744 nece
521 5692 701 5746 Lubele
741 5702 796 5746 et
836 5692 1023 5746 Cubebe
1062 5694 1275 5746 dicitur.
1324 5694 1674 5746 Nihilominus
1712 5697 1846 5746 (.ha-

324 5705 495 5763 rgece
521 5692 701 5762 Cybele
741 5702 796 5747 et
820 5692 1023 5763 Cybebe
1062 5694 1275 5763 dicitur.
1324 5694 1674 5747 Nihilominus
1712 5697 1847 5746 Cha-

258 5760 577 5846 .millardus'
603 5763 766 5818 edidit
796 5760 1020 5819 Cybeles.
1058 5764 1220 5819 Sacra
1250 5762 1473 5819 Cubeles
1501 5764 1553 5817 iii
1587 5764 1852 5817 montibus

2032 4648 2155 4721 205.
2208 4648 2349 4718 Lege
2393 4647 2769 4721 J'uliarmmch'i
2806 4647 3191 4721 puniebantur.
3236 4648 3530 4716 Juvenalis,

1962 4726 2062 4770 sat.
2085 4717 2148 4777 2.
2177 4716 2317 4772 vers.
2342 4721 2430 4785 '51,
2466 4717 2563 4772 Ubi
2590 4734 2722 4771 nunc
2749 4718 2829 4770 lea:
2870 4716 3051 4783 Juliag?
3074 4719 3300 4772 dormis?
3331 4721 3403 4773 De
3433 4720 3531 4775 hac

1965 4786 2086 4859 lege,
2122 4787 2365 4857 Cuiacius
2393 4788 2660 4841 observat.
2697 4786 2789 4852 2n,
2815 4801 2935 4859 cap.
2963 4788 3027 4841 l8
3049 4797 3103 4859 et
3134 4789 3219 4843 19.
3240 4790 3325 4859 Ab
3354 4792 3530 4859 Angu-

1963 4867 2047 4926 sio
2077 4857 2178 4911 lata
2208 4872 2270 4911 ea
2318 4859 2403 4911 lex
2441 4866 2559 4911 est:
2592 4872 2765 4925 neque
2801 4858 2996 4926 glossai
3022 4857 3181 4912 aliter
3220 4857 3530 4913 disserentis

1967 4925 2205 4996 habenda
2247 4936 2329 4983 est
2373 4927 2531 4981 ratio.
2579 4926 2748 4996 Leges
2793 4925 3007 4992 minari,
3033 4927 3234 4982 dictum
3272 4929 3336 4980 ad
3382 4943 3526 4982 vers.

1968 4994 2067 5050 179
2097 4996 2187 5067 lib.
2211 5012 2247 5050 ii
2275 5008 2457 5067 contra
2485 4994 2886 5067 Symmachum.
2920 4998 3030 5051 lloc
3056 4997 3369 5067 argumento
3397 4997 3528 5050 deos

1959 5066 2235 5137 gentilium
2258 5062 2578 5137 Athanasius
2607 5069 2868 5136 exagitat:
2894 5067 3034 5120 Num
3060 5062 3274 5137 dignum
3296 5076 3366 5119 est
3396 5076 3450 5118 ut
3486 5068 3530 5119 is

1963 5134 2211 5206 (Jupiter)
2237 5137 2325 5206 qui
2352 5136 2584 5206 designat
2631 5134 2788 5198 talia,
2818 5137 3003 5208 quique
3030 5134 3277 5208 ejusmodi
3321 5137 3529 5208 ﬂagitiis

1957 5205 2288 5275 famosus’est
2310 5246 2325 5270 ,
2362 5205 2476 5271 qua?
2506 5224 2566 5260 ne
2604 5205 2891 5262 communes
2918 5207 3119 5270 quidem
3159 5205 3289 5274 leges
3335 5207 3528 5259 Roma-

1957 5289 2139 5347 norum
2164 5276 2218 5329 in
2248 5292 2380 5329 mere
2409 5277 2695 5331 hominibus
2719 5278 2969 5347 impunita
2991 5277 3175 5347 velint,
3206 5290 3298 5338 pro
3326 5277 3529 5347 numine

1956 5342 2235 5416 habeatur?
2266 5346 2391 5412 Quis
2434 5347 2602 5416 ipsum
2643 5363 2746 5401 non
2784 5342 3063 5415 vituperet?
3090 5346 3201 5415 quis
3237 5360 3337 5397 non
3368 5345 3527 5398 niulca

1955 5414 2168 5467 tandum
2196 5426 2354 5469 morte
2371 5414 2605 5482 judicet?

2025 5484 2152 5540 204.
2184 5486 2329 5551 Ald.,
2364 5485 2521 5542 Fabr.
2557 5496 2612 5540 et
2649 5483 2917 5549 nonnulli,
2951 5484 3051 5536 luet
3100 5497 3195 5550 pro
3241 5482 3371 5536 luat.
3404 5482 3524 5539 Vat.

1960 5554 2019 5619 Β,
2049 5554 2199 5618 Μαι,
2232 5555 2410 5624 Prag.,
2439 5558 2580 5624 ttat"
2612 5554 2746 5607 Luat
2781 5568 3003 5624 severum
3029 5553 3210 5617 victus,
3237 5565 3284 5624 et
3315 5554 3528 5609 Scanti-

1958 5627 2118 5677 niam.
2168 5624 2283 5679 Vat.
2329 5622 2402 5687 A,
2450 5623 2576 5676 Luet
2616 5636 2841 5675 severam
2887 5622 3082 5675 vinctus
3125 5630 3172 5676 et
3220 5623 3526 5679 Scatiniam.

1960 5694 2192 5757 Thuan.,
2223 5695 2351 5757 Alt.,
2381 5694 2587 5756 Nouis.,
2619 5691 2787 5757 11011.ν
2818 5689 2948 5744 Luat
2993 5707 3217 5747 severam
3258 5694 3451 5748 vinctus
3479 5703 3528 5747 et

1961 5764 2305 5820 Scantiniam.
2331 5762 2468 5820 quod
2501 5770 2684 5816 tenent
2712 5763 2891 5823 Alex..
2928 5763 3133 5824 lleius..
3161 5774 3215 5821 et
3244 5765 3354 5820 alii.
3388 5763 3525 5817 Lati~
