3994 6176
190 229 276 279 171
1310 228 1871 287 PERlSTEPllANON
1911 233 2115 289 um.
2157 233 2227 291 Χ.

314 342 558 399 Furorne
598 357 864 409 mnus,
907 344 1090 402 «him
1117 354 1173 403 et
1212 345 1479 403 dementia
1513 359 1614 413 est,

382 483 391 491 .
427 434 638 504 1100
661 432 797 488 Deos
828 444 1012 503 putare
1032 437 1120 506 qui
1157 447 1405 493 creantur
1431 438 1662 505 nuptiis?

414 524 544 577 Rem
574 524 868 591 spiritalem
895 527 1213 581 terrulenter
1250 542 1497 596 quaerere
1520 567 1536 592 ,

410 612 686 667 Elementa
715 613 897 668 mundi
928 628 1248 670 consecrare
1263 618 1522 672 altaribus
1544 654 1562 683 ,

179 703 267 757 580
410 702 490 767 id,
519 701 660 771 quod
691 711 929 757 creatum
960 714 1061 772 est,
1105 706 1440 771 conditorem
1484 706 1745 762 credere?

340 794 620 848 Dt-asciato
644 794 945 863 supplicare
974 796 1138 865 stipiti
1164 812 1178 849 :

417 883 597 937 Verris
622 896 815 937 cruore
864 884 1062 951 scripta
1090 898 1216 941 saxa
1241 899 1492 956 spargere
1517 903 1531 938 :

407 976 544 1026 Aras
566 972 747 1027 ofellis
775 974 1063 1031 obsecrare
1097 976 1332 1042 bubulis,

412 1063 670 1118 Homines
688 1063 857 1120 fuisse
879 1078 1002 1119 cum
1033 1065 1193 1130 scias,
1218 1081 1353 1135 quos
1381 1079 1687 1131 consecras,

411 1154 583 1208 Urnas
607 1169 820 1209 reorum
844 1155 1155 1210 morticinas
1187 1155 1459 1210 lambere?

337 1249 544 1320 1101
580 1249 805 1315 Desiste,
831 1248 993 1317 iudex
1021 1248 1227 1315 smculi,
1261 1258 1465 1303 tantum
1492 1250 1642 1304 nefas

406 1339 543 1394 Viris
564 1339 757 1409 jubere
781 1341 1111 1410 fortibusque
1136 1351 1191 1395 et
1222 1341 1429 1404 liberis;

404 1430 489 1485 Nil
513 1440 596 1486 est
624 1445 806 1487 amore
832 1432 1068 1488 veritatis
1097 1433 1311 1488 celsius.

173 1153 266 1209 585

1776 1338 1944 1402 ’400

3325 235 3424 291 £79

1789 354 1839 414 Α
2110 352 2203 407 Dei
2232 350 2479 421 perennis
2505 365 2698 407 numen
2720 332 3078 407 asserentibus

1853 440 1959 496 590
2102 441 2241 497 Nihil
2267 450 2347 495 est
2376 442 2578 510 pavori,
2612 456 2755 495 mors
2782 450 2837 496 et
2862 442 2972 511 ipsa
3006 440 3259 509 subiacet.

2034 530 2239 585 Dudum
2265 532 2547 600 coquebat,
2575 531 2869 586 disserente
2897 542 3151 601 martyre,

2106 624 2450 692 Asclepiades
2480 624 2620 678 intus
2653 624 2783 676 iram
2811 622 3113 687 subdolam,

2101 714 2476 769 Stomacbatus
2504 715 2614 769 alto
2641 714 2784 778 felle,
2810 715 2934 769 dum
2965 715 3179 782 longum
3206 713 3348 781 silvt,

2098 806 2368 875 Bilemque
2396 808 2547 860 tectis
2574 806 2805 874 concipit
2833 806 3163 874 praicordiis,

2097 895 2332 950 Tandem
2362 895 2577 949 latentis
2604 895 2709 949 vim
2741 895 2932 948 furoris
2961 895 3187 955 evomit:

1976 1024 1979 1027 ‹
2027 984 2131 1041 Pro
2160 985 2418 1055 luppiter,
2448 986 2572 1055 quid
2600 994 2681 1040 est
2708 985 2845 1054 quod
2874 1000 2937 1039 cs
2969 984 3068 1038 hoc
3094 985 3279 1039 audio!

2090 1077 2207 1131 Stat
2236 1077 2374 1132 inter
2402 1091 2542 1141 aras,
2574 1086 2629 1132 et
2654 1077 2872 1131 deorum
2906 1076 3180 1143 imagines,

2096 1166 2181 1229 Et.
2214 1168 2352 1235 quod
2385 1168 2535 1223 fateri
2564 1182 2745 1237 c0gur,
2776 1168 2827 1221 in
2859 1168 3032 1220 medio
3066 1169 3199 1232 loro,

2092 1259 2303 1329 1102
2326 1259 2559 1314 Taceute
2580 1270 2795 1324 memet,
2818 1258 2902 1312 hic
2926 1267 3136 1325 perorat
3154 1258 3408 1327 perditus,

2086 1349 2350 1419 Quidquid
2381 1365 2649 1404 sacrorum
2677 1359 2778 1415 est,
2803 1364 2895 1403 ore
2922 1348 3124 1403 foedans
3156 1350 3344 1417 impio!

2025 1438 2068 1492 Ο
2100 1438 2176 1493 fas
2203 1440 2461 1509 priorum,
2488 1440 2652 1493 moris
2678 1454 2709 1493 ο
2739 1439 2897 1507 prisci
2929 1434 3123 1492 status!

1850 892 1954 949 595

1425 1544 1717 1601 οιοδδίε
1762 1545 2099 1607 VETERES.

228 1638 344 1692 378.
365 1635 742 1701 Terrulenter,
774 1637 828 1689 in
853 1644 1007 1702 terra,
1035 1636 1077 1690 1.

230 1710 347 1763 581.
373 1708 673 1772 Deasciato,
698 1723 812 1758 cum
840 1708 975 1760 ascia
998 1708 1153 1759 inciso
1180 1722 1200 1760 :
1222 1723 1362 1759 ascia
1399 1707 1627 1774 planam,
1656 1708 1734 1759 vel

168 1775 394 1846 {or-rnatu.
412 1777 561 1830 Ascia
586 1791 740 1846 genus
770 1778 1087 1829 instrumenti
1114 1792 1209 1844 quo
1230 1776 1515 1845 {armantur
1555 1794 1652 1838 res,
1690 1776 1729 1830 Ι.

229 1846 344 1901 55.
366 1845 571 1917 OlelLis,
590 1845 960 1917 diminutivum
993 1849 1055 1897 ab
1074 1846 1212 1917 io/fa,
1242 1848 1376 1917 quod
1407 1852 1627 1917 fructum
1654 1846 1727 1900 si-

177 1918 378 1985 ;niﬁcat.
414 1916 454 1968 Ι.
487 1912 768 1967 Partirulis
792 1916 1035 1979 praecisis,
1070 1916 1202 1971 Mar.

227 1987 343 2041 585.
379 1985 573 2047 Urnas,
605 1987 859 2051 sepu'cra,
894 1986 1023 2039 Mar.

227 2057 343 2109 587.
375 2054 604 2119 Liberis,
629 2071 660 2106 a
687 2056 885 2109 servitio
914 2055 1122 2114 diaboli,
1156 2056 1195 2109 1.

226 2125 346 2179 589.
378 2124 779 2194 Assereutibus.
806 2126 1187 2194 aﬂirmantibus.
1218 2124 1255 2179 Ι.

225 2196 342 2250 590.
368 2195 485 2261 Est,
518 2194 712 2247 scilicet
737 2193 861 2261 illis,
885 2196 922 2249 l.

1766 1641 1813 1699 B
1910 1642 2005 1696 591
2022 1683 2034 1696 .
2055 1644 2345 1708 Coqucbat,
2364 1645 2837 1713 parabat.—Dissei
2852 1654 2993 1707 cute,
3015 1644 3120 1697 lucc
3134 1645 3346 1708 dicente,
3365 1644 3405 1697 l.

1908 1713 2031 1784 592.
2061 1714 2372 1784 Subdolam,
2406 1715 2808 1784 fraudulentam,
2845 1715 2880 1767 Ι.

1905 1783 2029 1837 595.
2054 1781 2445 1847 Stomachatus,
2478 1786 2634 1836 iratus
2665 1784 3006 1847 :stomacltor,
3037 1785 3249 1844 irascor,
3283 1781 3321 1836 Ι.

1903 1854 2027 1907 594.
2058 1855 2343 1921 Bilemque,
2365 1854 2732 1921 fel,invidiam,
2766 1856 2839 1907 vel
2864 1856 2993 1905 iram
3023 1853 3168 1917 bilis;
3200 1852 3404 1923 nigredo

1832 1922 1992 1992 fellis,
2024 1923 2158 1976 unde
2186 1925 2262 1975 ira
2290 1926 2473 1988 proced
2496 1934 2535 1987 t,
2570 1927 2609 1977 Ι.

1901 1992 2029 2047 596.
2061 1994 2189 2046 l'ro!
2218 1994 2542 2047 exclamatit'e
2566 2009 2586 2046 :
2609 1992 2674 2046 alt
2706 1991 2872 2045 Deus!
2901 1992 2940 2050 Ι.

1848 2089 1859 2095 ~
1905 2062 2029 2117 399.
2055 2062 2296 2126 Perorat,
2329 2063 2574 2132 loquitur,
2602 2065 2635 2117 l.

1902 2134 2019 2189 401.
2057 2132 2180 2200 Fas,
2211 2134 2314 2202 lex,
2345 2133 2388 2188 l.
2454 2148 2459 2149 ί

1462 2329 2021 2389 COMMENTARIUS.

222 2422 339 2479 578.
369 2423 485 2479 Vat.
512 2424 553 2479 A
580 2439 611 2478 a
636 2423 802 2493 prima
830 2438 1010 2488 manu,
1059 2422 1193 2489 Gis.,
1238 2422 1571 2487 Parrhasius,
1600 2423 1721 2477 Vat.

160 2493 401 2563 Q,Alex.,
423 2494 663 2564 plerique
688 2494 977 2564 lleinsiani,
998 2493 1143 2559 Bong
1170 2535 1187 2560 ,
1211 2493 1411 2552 Widm.
1437 2509 1465 2545 a
1487 2494 1720 2564 secunda

157 2580 325 2630 manu,
351 2563 641 2618 terrulente.
663 2563 804 2630 Ald.,
838 2564 1056 2630 WeilL,
1089 2564 1245 2630 Man,
1272 2567 1416 2629 Rat.,
1466 2563 1719 2618 terrulen-

158 2648 237 2689 ter.
266 2635 551 2709 Antiquior
604 2634 891 2709 Prudentio
918 2636 1145 2709 scriptor
1185 2638 1276 2709 qui
1319 2636 1621 2690 terrulentus
1660 2644 1716 2690 et

159 2704 439 2769 terrulenter
467 2704 681 2765 dixerit.
712 2705 890 2759 nullus
915 2705 1166 2760 occurrit.

217 2775 331 2829 579.
364 2772 567 2829 Contra
619 2775 1003 2830 elementorum
1043 2775 1502 2834 consecrationem
1536 2773 1720 2841 dispu-

160 2844 451 2898 tavitetiam
476 2844 568 2898 lib.
604 2859 619 2899 ι
648 2855 832 2899 contra
864 2845 1180 2913 Simmacb.,
1205 2861 1345 2901 vers.
1370 2844 1476 2898 9.97
1491 2852 1546 2913 et
1568 2858 1716 2913 seqq.

215 2916 333 2969 581.
366 2915 518 2980 Ald,
563 2914 692 2968 Mar.
742 2930 770 2967 a
817 2915 985 2983 prima
1038 2911 1218 2983 manu,
1260 2917 1453 2979 'Alex.,
1494 2911 1612 2967 Vat.
1645 2911 1710 2979 Ο,

1827 2424 1882 2479 in
1905 2425 2034 2479 deos
2064 2433 2267 2489 relatis,
2300 2441 2526 2495 quorum
2559 2441 2719 2480 urnas
2748 2426 2971 2480 Romani
3000 2426 3399 2481 osculabantur.

1828 2495 2135 2548 Morticinns
2169 2498 2379 2563 proprie
2408 2508 2489 2550 est
2511 2496 2571 2548 ab
2592 2513 2645 2548 se
2676 2505 2929 2557 mortuus,
2960 2512 3063 2549 non
3094 2497 3158 2550 ab
3188 2498 3290 2549 alio
3312 2513 3398 2549 oc-

1824 2565 1987 2635 cisus.
2050 2564 2318 2635 Vocantur
2361 2580 2488 2635 ergo
2531 2566 3005 2635 urntemorticina;
3054 2565 3296 2632 se'pulcra
3348 2566 3397 2619 in

1822 2634 2016 2704 quibus
2040 2648 2261 2704 corpora
2286 2625 2653 2689 defunctorum
2674 2634 2940 2701 iacebant.
2957 2625 3204 2688 Nonnulli
3237 2636 3395 2689 inter-

1825 2703 2062 2773 pungunt
2102 2703 2269 2758 Urnas
2306 2721 2506 2758 reorum
2530 2705 2837 2762 .morticinas
2880 2704 3115 2768 lambere,
3167 2704 3265 2758 hoc
3315 2715 3397 2759 est

1823 2774 2069 2842 sepulcra
2098 2783 2153 2829 et
2181 2789 2372 2828 carnes
2394 2774 2725 2829 morticinas.
2749 2773 3020 2828 Fabricius
3047 2776 3182 2828 hanc
3209 2788 3397 2841 super-

1822 2846 2115 2909 s'itionem,
2142 2852 2199 2898 ut
2220 2854 2393 2909 vocat,
2435 2845 2577 2899 Italis
2603 2843 2805 2913 objicit,
2837 2843 2976 2910 quod
3010 2858 3167 2898 urnas
3200 2844 3250 2897 in
3281 2846 3397 2911 qui-

1824 2913 1921 2967 bus
1954 2928 2177 2982 cnrpora
2217 2925 2521 2968 sanctorum
2564 2913 2741 2980 iacent
2772 2914 3163 2968 exosculentur.
3194 2913 3393 2982 Verum

160 2986 377 3060 scribunt
408 2986 693 3060 deasceato;
729 2981 881 3060 UrlL,
914 2981 1473 3060 mendos_e,dissecato.
1504 2983 1714 3060 Deascio
1746 2997 1791 3060 ο
1822 2983 1936 3060 hinc
1983 2981 2253 3060 religionis
2284 3000 2534 3060 veraeque
2560 2983 2788 3060 pietatis,
2815 2997 2927 3060 _non
2977 2981 3391 3060 superstitionis,

160 3064 227 3108 est
245 3055 382 3108 ascia
409 3054 622 3124 laevigo.
654 3053 838 3108 Exstat
862 3054 976 3109 huic
1003 3070 1102 3109 vox
1129 3053 1181 3111 in
1204 3058 1391 3111 Plauto
1420 3064 1474 3108 et
1504 3055 1556 3107 in
1585 3063 1715 3107 vett.

161 3124 595 3192 inscriptionibus.
628 3124 783 3194 Arscia
807 3125 1019 3194 proprie
1049 3134 1129 3179 est
1158 3127 1569 3181 instrumentum
1603 3125 1711 3176 ler-

164 3207 287 3264 teum
316 3209 428 3259 quo
461 3194 596 3248 fabri
646 3193 850 3262 lignarii
894 3193 960 3247 ad
1011 3196 1252 3262 polienda
1282 3196 1424 3264 ligna
1454 3200 1713 3247 utuntur:

162 3261 383 3329 llipanis
411 3264 601 3328 hac/ta,
657 3261 715 3317 ut
744 3278 841 3332 ego
872 3261 1038 3333 puto:
1072 3281 1192 3320 nam
1246 3261 1479 3333 runcina
1513 3264 1719 3317 videtur

161 3345 260 3385 csse
300 3334 512 3400 cepillo,
562 3332 777 3387 scobina
828 3332 996 3398 genus
1034 3334 1176 3389 linum
1204 3336 1269 3389 ad
1322 3332 1710 3389 abradendnm.

168 3400 275 3455 Vide
322 3406 605 3468 epistolam
653 3402 907 3457 Mazochii
953 3403 1021 3458 de
1059 3404 1390 3460 dedicatione
1420 3403 1520 3457 sub
1549 3403 1713 3456 ascia.

170 3469 521 3536 Tertullianus,
551 3472 874 3541 Apologetic.
902 3486 1021 3541 cap.
1058 3474 1154 3529 ηε
1180 3474 1245 3529 1η
1272 3475 1393 3528 deos
1421 3484 1608 3527 vestros
1629 3487 1719 3541 per

161 3543 307 3592 omnia
329 3545 555 3595 membra
582 3543 873 3595 incumbunt
900 3544 1067 3608 ascite,
1101 3554 1145 3598 et
1168 3545 1416 3608 runciute,
1462 3551 1509 3595 et
1556 3542 1719 3593 scobi-

163 3626 243 3686 nae.
263 3611 558 3686 Minucius:
587 3611 723 3686 Deus
749 3614 879 3666 enim
905 3613 1123 3686 ligneus,
1149 3616 1258 3686 regi
1282 3612 1613 3686 fortasse,‘v_el
1643 3612 1722 3663 in-

164 3680 298 3753 le‘rcis
338 3682 531 3753 stipitis
580 3682 777 3753 portio,
831 3683 1176 3753 suspenditur,
1210 3680 1449 3747 caeditur,
1492 3682 1716 3753 dolatur,

159 3752 462 3804 amcinatur.
496 3751 739 3806 Barthius
767 3750 1215 3808 bunc'Prudentii
1255 3768 1466 3808 versum
1513 3750 1720 3806 confert

164 3819 241 3892 lib.
270 3836 335 3882 iv,
360 3837 485 3892 cap.
518 3821 606 3885 12,
634 3836 754 3875 cum
780 3836 936 3876 versu
962 3823 1153 3878 Tibulli
1183 3826 1317 3892 eleg.
1340 3838 1392 3875 tv
1426 3822 1514 3875 lib.
1532 3837 1589 3883 ιι,
1614 3820 1719 3892 Seu

164 3890 289 3955 slipes
317 3891 469 3943 habet
499 3891 720 3944 desectus
759 3893 813 3945 in
854 3894 1009 3959 agris.
1048 3896 1117 3946 Ita
1146 3889 1290 3947 enini
1328 3892 1456 3961 legit
1498 3906 1593 3957 pro
1622 3889 1711 3943 de-

162 3969 301 4012 sertus
329 3977 402 4015 ex
429 3976 535 4015 uno
566 3961 811 4015 codicum
862 3961 1244 4016 Palatinorum.
1296 3962 1426 4016 Nam
1455 3972 1721 4028 utcunque

162 4029 289 4081 rudis
318 4032 508 4099 stipes,
540 4031 716 4099 aliquo
739 4040 917 4085 tamen
950 4032 1106 4084 modo
1134 4034 1305 4086 cultus
1352 4040 1488 4095 erat,
1538 4041 1592 4082 ut
1628 4029 1718 4098 qui

161 4110 335 4151 numen
362 4099 583 4168 aliquod
602 4102 739 4155 inter
765 4110 988 4155 ca‘teros
1014 4101 1537 4157 credereturhabere
1552 4100 1716 4153 solus.

160 4168 254 4242 Qua
284 4169 447 4242 dere
473 4171 581 4222 dixi
607 4170 671 4223 ad
701 4171 1177 4242 vAers‘.1005|ib.rn
1210 4172 1260 4226 in
1302 4172 1533 4242 Symm.,
1567 4168 1619 4222 in
1648 4170 1722 4242 §i-_-

161 4236 254 4308 mili
276 4238 450 4291 Ovidii
492 4253 669 4293 versu.
714 4238 818 4294 Sed
849 4242 1023 4294 verior
1048 4241 1256 4295 videtur
1278 4236 1435 4295 lectio
1461 4254 1617 4308 quam
1647 4238 1720 4292 ibi

163 4305 393 4377 iudicavi,
418 4308 644 4362 desertus
666 4324 693 4361 a
710 4310 906 4372 desero,
934 4324 963 4363 a
993 4326 1098 4377 quo
1121 4321 1205 4365 est
1234 4311 1392 4364 desivi
1422 4305 1719 4370 et‘deserui,

163 4376 332 4448 desitus
362 4388 420 4432 et
446 4380 699 4441 desertus,
731 4379 829 4433 hoc
859 4389 940 4432 est
988 4376 1274 4448 plantatus.
1326 4380 1430 4434 Alii
1477 4379 1720 4448 scribunt

165 4445 355 4511 dissero,
409 4449 615 4512 disseri,
660 4449 897 4513 disserui,
940 4445 1203 4511 dissertus,
1250 4450 1482 4514 dissitus,
1532 4447 1718 4502 eadem

164 4514 554 4585 significatione.
603 4517 914 4578 Macrobius.
941 4518 1048 4585 _|ib.
1100 4534 1155 4573 Ill
1185 4520 1322 4584 Sat.,
1353 4534 1472 4584 cap.
1501 4518 1589 4579 18.
1622 4516 1722 4570 bos

164 4582 322 4659 Suet-ii
345 4602 535 4659 versus
564 4587 845 4659 exgcribit:
881 4582 993 4641 Hoc
1012 4604 1167 4659 genus
1195 4582 1388 4642 arboris
1410 4582 1461 4641 in
1491 4586 1721 4659 prwlutis

164 4654 327 4772 gnibus
386 4656 563 4710 Graiis
620 4656 945 4723 Disseruere,
988 4654 1139 4712 n'ovos
1187 4659 1385 4728 [ructus
1426 4654 1723 4711 mortalibus

193 4735 335 4772 antes-

193 4735 315 4779 σηιεε
322 4765 335 4777 .

222 4795 337 4848 582.
370 4794 668 4849 Simulacra
699 4796 821 4868 olim
850 4795 900 4849 in
932 4796 1040 4868 basi
1065 4796 1281 4868 inscribi
1306 4795 1725 4868 solebantzhinc

164 4876 271 4933 saxa
308 4868 580 4933 inscripta.
618 4872 749 4920 cnes
800 4866 1212 4921 immolabantur
1250 4867 1453 4929 Cereri,
1499 4865 1718 4933 Cybele}

165 4931 304 4987 Bona:
356 4931 505 5000 Deai,
556 4934 731 5000 Marti,
783 4936 1053 4989 Termino.
1104 4937 1211 4991 Eos
1251 4950 1376 4991 sues
1420 4931 1724 4989 non'fuisse

164 5006 359 5071 proprie
390 5018 597 5065 verres.
621 5008 714 5058 sed
740 5005 976 5067 maiales,
1006 5015 1120 5069 aut,
1152 5014 1210 5059 ut
1256 5005 1425 5059 Varro
1455 5003 1712 5073 appellat,

163 5073 432 5129 nefrendes
458 5114 473 5137 ,
523 5082 672 5127 notat
712 5074 1005 5129 Fabricius.
1057 5076 1237 5130 [lilfert
1280 5086 1456 5127 autem
1498 5090 1525 5126 a
1570 5088 1724 5128 verre

163 5144 373 5207 maialis,
408 5154 465 5197 ut
492 5144 560 5196 ab
587 5144 753 5199 ariete
782 5159 998 5209 vervex,
1026 5144 1095 5198 ab
1121 5159 1258 5211 equo
1287 5144 1613 5208 cantherius,
1671 5152 1726 5196 et

162 5213 217 5262 ab
246 5212 388 5266 hirco
419 5227 450 5267 c
466 5228 597 5282 iper.

284 5282 337 5335 5.
365 5280 511 5346 Αιὰξ,
533 5282 757 5348 \Vidm.,
785 5283 975 5352 Bong.,
1009 5284 1117 5338 Vat.
1140 5285 1205 5350 Q,
1231 5283 1465 5338 scribunt
1507 5280 1726 5346 oﬁ'ellis;

161 5353 240 5421 sed
264 5353 332 5405 ab
353 5352 461 5418 o/fa
488 5353 600 5407 fieri
628 5354 834 5419 ofellam
862 5356 1054 5406 extrito
1091 5370 1195 5408 uno
1225 5354 1267 5420 Ῑ,
1314 5353 1504 5421 probat
1551 5366 1723 5421 quan-

161 5419 269 5492 titas
296 5422 483 5492 prima:
510 5423 731 5487 vocalis,
776 5436 895 5492 qua:
935 5434 1018 5477 est
1050 5419 1247 5478 brevis.
1300 5419 1356 5477 [η
1407 5419 1581 5492 glossa
1624 5435 1721 5489 pro

161 5488 372 5573 [γη-ἐρέω
386 5491 619 5573 fortasse
644 5488 921 5573 legendum
946 5494 1190 5573 frustum.

220 5560 343 5631 385.
384 5560 744 5617 Nebrissensis
774 5561 899 5631 legit
923 5560 1152 5628 deorum,
1198 5577 1303 5615 non
1344 5560 1500 5615 male.
1556 5561 1610 5615 In
1640 5560 1722 5615 his

163 5629 399 5686 versibus
426 5644 602 5688 sermo
622 5643 730 5701 est,
757 5640 814 5687 ut
833 5629 941 5702 ego
969 5632 1177 5702 opinor,
1206 5632 1275 5689 de
1313 5632 1723 5702 imperatoribus

1823 3055 2155 3122 signa,apud
2205 3069 2391 3108 omnes
2434 3054 2725 3109 catholicos
2780 3054 2976 3121 vigent,
3021 3061 3076 3106 et
3114 3054 3393 3121 viguerunt

1815 3138 2054 3189 semper,
2086 3135 2142 3177 ut
2169 3139 2232 3177 ex
2268 3126 2382 3192 ipso
2418 3123 2711 3179 Prudentio
2744 3123 2926 3190 liquet.
2951 3123 3087 3190 Quid
3111 3137 3237 3190 ergo
3266 3122 3394 3192 Pru-

1817 3195 2029 3248 dentius
2059 3191 2630 3261 etlmicis’exprobrat?
2660 3193 2809 3259 Quod
2859 3192 3097 3245 homines
3142 3202 3194 3245 et
3224 3191 3394 3245 scele-

1817 3274 1961 3317 ratos
1986 3264 2333 3332 quidem,pro
2355 3265 2472 3318 deis
2500 3266 2759 3318 colerent.
2809 3262 2923 3316 Non
2968 3263 3109 3332 enim
3143 3276 3204 3316 ea
3236 3276 3395 3315 vene-

1818 3331 2040 3389 rationis
2055 3334 2307 3403 obsequia
2324 3335 2437 3403 illis
2460 3333 2803 3396 exhibebant,
2822 3342 3071 3401 tanquam
3090 3331 3393 3403 hominibus

1817 3414 2039 3471 sanctis,
2068 3399 2287 3471 verique
2315 3402 2411 3459 Dei
2440 3404 2645 3471 amicis,
2678 3403 2772 3458 Sed
2797 3399 3045 3473 tanquam
3073 3402 3284 3470 propria
3311 3399 3394 3455 di-

1821 3474 2036 3528 vinitate
2066 3474 2323 3535 praeditis.

1889 3543 2015 3597 587.
2049 3542 2240 3595 Weitz.
2272 3557 2391 3596 cum
2417 3542 2684 3595 nonnullis
2713 3541 2848 3609 suis,
2878 3541 3113 3609 fortibus,
3132 3551 3177 3595 et
3199 3540 3391 3593 liberis.

1821 3611 2047 3667 Metrum
2077 3612 2305 3678 postulat
2330 3612 2644 3679 fortibusque
2663 3621 2733 3665 et.
2764 3608 2928 3664 Jubeo
2959 3612 3047 3663 tibi
3070 3610 3392 3679 Graacismus

1819 3694 1901 3736 est
1928 3676 2240 3749 posterioris
2270 3676 2389 3746 teri,
2439 3676 2594 3748 quam
2639 3683 2788 3739 aurei
2834 3681 3013 3733 saeculi
3044 3676 3391 3749 scriptoribus

1821 3747 2162 3805 familiarior.
2196 3747 2472 3818 Scioppius
2516 3759 2760 3818 tanquam
2809 3749 3037 3802 maxime
3066 3750 3309 3802 Latinum
3342 3747 3395 3803 id

1820 3820 2141 3876 defendebat
2164 3835 2227 3874 ex
2260 3821 2539 3883 CicerOue,
2570 3818 2723 3872 Livio
2747 3828 2801 3873 et
2830 3818 2968 3871 aliis.

1890 3892 2016 3946 588.
2047 3891 2217 3958 Aliqui
2251 3890 2447 3943 habent
2477 3890 2625 3943 nihil.
2670 3890 2723 3942 In
2758 3888 2873 3958 vat.
2901 3888 2980 3958 β.
3012 3887 3083 3940 ita
3114 3886 3167 3938 lii
3196 3899 3391 3958 versus

1821 3955 2209 4041 disponuntur:
2266 3961 2318 4013 1.
2346 3959 2492 4013 Nihil
2538 3960 2749 4027 pavori;
2790 3957 2843 4011 2.
2890 3955 2983 4010 Nil
3002 3966 3077 4009 est
3103 3970 3306 4019 amore;
3335 3956 3391 4009 5.

1822 4027 1918 4083 Dei
1940 4030 2189 4100 perennis.
2324 4099 2336 4100 ί
2443 4099 2450 4100 ί
2769 4096 2849 4100 ____
2872 4096 2886 4100 _

1896 4092 2021 4153 389.
2058 4099 2173 4153 Vat.
2204 4101 2268 4162 A,
2320 4099 2378 4162 Β,
2423 4099 2488 4165 Q,
2520 4098 2736 4164 \Veitz.,
2768 4096 2967 4150 Widm.
3000 4110 3179 4161 supra,
3226 4100 3279 4165 et
3302 4092 3389 4165 alii

1823 4170 1902 4224 vel
1927 4184 1955 4222 a
1975 4171 2159 4234 prima,
2186 4172 2267 4223 vel
2292 4185 2319 4222 a
2345 4162 2575 4223 secunda
2603 4162 2779 4234 manu,
2805 4183 3010 4220 numen.
3031 4166 3205 4230 Alex.,
3234 4162 3389 4234 ψη,

1822 4238 1955 4300 Mar,
1978 4232 2012 4290 Va
2046 4242 2215 4307 prima
2246 4254 2425 4309 manu,
2457 4238 2579 4291 Rat.
2614 4254 2643 4292 a
2673 4232 2837 4292 veteri
2868 4250 3051 4301 manu,
3084 4234 3226 4299 Ald.,
3259 4232 3388 4286 Par-

1824 4309 2054 4373 rhasius,
2090 4324 2293 4362 nomen.

1750 4349 1798 4408 υ
2315 4376 2467 4444 Muta.
2499 4376 2643 4439 Rat.,
2677 4377 2751 4429 nil
2778 4375 2952 4444 pavori
2979 4383 3069 4426 est.
3111 4371 3225 4428 Non
3268 4387 3390 4444 con-

1824 4456 1929 4501 stat
1958 4462 2165 4502 versus.
2192 4447 2372 4510 Fabr.,
2407 4443 2541 4508 Gis..
2572 4441 2928 4511 lleins.,’nihil
2950 4452 3022 4495 est
3048 4443 3242 4511 pavori.
3268 4441 3390 4495 Par.

1826 4517 2053 4579 rhasius,
2076 4516 2217 4577 Ald..
2256 4516 2505 4576 Hailsbr..
2531 4518 2706 4578 Alex.,
2728 4524 2780 4567 et
2802 4514 2915 4577 alii,
2947 4512 3075 4566 nihil
3106 4512 3277 4583 pavori
3297 4523 3390 4567 est.

1824 4585 1972 4649 Ald.,
2018 4598 2345 4655 repugnante
2372 4584 2625 4639 carminis
2682 4585 2815 4654 lege,
2869 4583 3077 4653 traiecit
3107 4581 3271 4637 verba
3298 4592 3389 4650 est,

1825 4671 1870 4710 et
1903 4673 2035 4709 mors
2066 4671 2162 4723 pro
2191 4664 2281 4717 cst,
2315 4671 2447 4707 mors
2477 4665 2540 4707 el.

1894 4726 2020 4779 598.
2052 4726 2200 4791 Ald,
2230 4724 2505 4788 mendose,
2526 4725 2684 4793 phoro
2714 4739 2808 4790 pro
2835 4724 2968 4793 faro.

1895 4794 2018 4849 599.
2053 4790 2194 4858 Ald,
2224 4796 2377 4855 Man,
2412 4790 2589 4863 Prag.,
2622 4790 2845 4855 Weitz.,'
2871 4796 3015 4858 ltat.,
3051 4790 3385 4863 Parrhasius.

1825 4865 2065 4919 Torums.
2118 4875 2168 4918 et
2215 4865 2323 4927 alii,
2371 4864 2451 4915 hic
2491 4859 2709 4931 p'erorat.
2751 4862 3057 4917 Gallandius
3099 4871 3310 4931 secutus
3341 4859 3397 4910 id

1826 4947 1926 4999 est,
1961 4950 2022 4987 ac
2054 4934 2252 4996 putavit
2282 4930 2529 4987 mendum
2559 4948 2677 4987 esse
2708 4934 2758 4986 in
2788 4930 3148 4988 Chamillardo
3172 4945 3230 4981 ac
3250 4943 3405 4999 pero-

1826 4996 1926 5078 rat.
1952 5004 2020 5057 At
2043 5004 2288 5078 Heinsius
2316 5003 2549 5078 praetulit
2575 5019 2642 5078 ac
2657 5012 2857 5071 perorat
2883 5001 3219 5078 _cum__Egm.,
3248 4996 3386 5078 gain

1826 5074 2056 5133 Tbuan..
2091 5073 2296 5139 Noms.,
2317 5067 2448 5127 'Vat.
2478 5075 2544 5136 Α,
2582 5067 2735 5127 Alex.
2765 5083 2818 5126 et
2847 5073 2985 5127 aliis.
3012 5067 3113 5123 Pro
3140 5067 3388 5139 perditus,

1828 5146 1981 5211 Prag.
2016 5143 2172 5215 habet
2197 5136 2421 5215 perditos
2463 5158 2581 5215 cttm
2626 5143 2726 5215 bac
2756 5144 2951 5211 glossa,
3000 5140 3051 5191 id
3080 5146 3151 5215 est
3193 5136 3391 5215 oranda

1824 5204 2003 5336 suadet
2032 5204 2253 5283 perditos
2283 5213 2375 5266 sibi
2403 5214 2624 5267 credere.
2678 5204 2870 5267 Verum
2916 5204 3099 5281 parum
3128 5206 3314 5259 Latine
3336 5204 3389 5259 id

1864 5296 2109 5336 iceretur.
2884 5328 2899 5336 -

1864 5296 2109 5337 iceretur.
2884 5328 2899 5341 .

1895 5352 2018 5406 401.
2053 5351 2200 5417 Ald.,
2229 5351 2481 5407 Hailsbr..
2514 5353 2556 5407 0
2584 5352 2663 5420 {as
2686 5352 2902 5420 piorum.
2930 5344 3113 5401 Melius
3134 5344 3387 5420 priorum.

1828 5421 1883 5493 ln
1916 5413 2377 5491 nonnullis’vulgq
2410 5413 2907 5493 motis,:peiperam,
2936 5431 3053 5493 _pro
3080 5416 3251 5466 moris.
3287 5413 3388 5493 Nc-

1826 5491 2131 5556 brissensis,
2157 5492 2244 5561 qui
2273 5487 2393 5547 cum
2424 5492 2558 5545 Aldo
2580 5487 2703 5556 legit
2731 5504 2761 5561 o
2788 5492 2876 5561 fas
2895 5487 3115 5561 piorum,
3145 5487 3391 5551 exponit,

1826 5561 1923 5613 heu
1950 5554 2129 5630 pietas,
2160 5554 2189 5614 ὁ
2219 5567 2296 5630 fas
2314 5563 2333 5613 Ι
2362 5561 2469 5617 Dici
2495 5554 2667 5615 autem
2688 5560 2823 5613 solet
2852 5559 2928 5627 [as
2953 5555 3018 5611 de
3048 5554 3131 5611 bis
3158 5569 3273 5625 qtm
3295 5568 3390 5623 pes

1826 5631 2140 5701 religionem
2168 5632 2347 5687 licent.
