3994 6176
232 257 337 313 485

232 365 338 424 ι9ο
474 363 678 420 Credas
705 363 933 420 cremari
964 363 1203 420 stridulis
1235 365 1562 420 cauteribus.

409 455 660 510 Miserum
689 455 908 524 putatis,
939 454 1080 524 quod
1119 456 1335 510 retortis
1364 455 1570 525 pendeo

481 548 743 603 Extentus
769 547 930 613 ulnis,
960 547 1100 617 quod
1129 547 1461 602 revelluntur
1491 546 1676 615 pedes,

477 637 751 709 Compago
783 639 964 694 nervis
987 639 1130 709 quod
1160 650 1314 694 sonat
1338 638 1721 707 crepantibus:

480 727 572 784 Sic
601 727 869 796 eiulantes
896 742 1016 781 ossa
1046 729 1278 782 clamant
1308 727 1494 795 dividi,

482 818 692 872 Nodosa
728 825 942 886 torquet
972 833 1106 887 quos
1135 817 1371 888 podagra
1401 825 1455 873 et
1485 815 1753 871 arthrisis.

423 909 637 980 1110
665 908 906 963 ilorretis
937 921 1126 962 omnes
1163 908 1328 964 hasce
1361 907 1667 963 carnificum
1702 921 1815 961 ma-

1599 997 1741 1069 [nus.

485 1092 620 1146 Num
652 1092 894 1147 mitiores
923 1098 1047 1145 sunt
1076 1104 1265 1145 manus
1294 1089 1645 1151 medentium,

489 1183 722 1239 Laniena
748 1181 965 1253 quando
990 1182 1147 1238 saevit
1172 1181 1551 1252 Hippocratica
1569 1181 1597 1236 ἵ

230 819 336 874 ωδ

1356 248 1915 310 PLRISTEPIIANON
1957 253 2168 312 llVMN.
2212 254 2279 310 Χ.

1834 369 1884 428 Α

3398 261 3500 317 486

2162 365 2354 420 Vivum
2387 373 2602 422 secatur
2629 368 2828 432 viscus,
2860 376 2915 424 et
2945 383 3136 426 recens
3162 383 3310 424 crum

1917 456 2021 514 500
2093 455 2355 524 Scalpella
2385 455 2558 524 tingit,
2588 457 2714 512 dum
2745 458 2970 527 putredo
2991 459 3286 514 abraditur.

2036 545 2246 613 Putate,
2277 546 2481 602 ferrum
2504 546 2657 602 triste
2679 547 2962 619 chirurgos
2992 550 3128 605 meis

2099 631 2306 709 ιιιι
2337 636 2538 692 inferre
2563 639 2749 704 costis,
2775 639 2914 709 quod
2943 649 3090 695 secat
3115 641 3426 698 salubriter.

2097 729 2211 783 Non
2244 737 2326 784 est
2353 744 2594 784 amarum
2624 745 2733 799 quo
2764 730 3085 787 reformatur
3109 734 3275 789 salus.

2097 816 2358 879 Videntur
2380 819 2470 872 isti
2499 832 2720 888 carpere
2747 831 2895 875 artus
2921 823 3128 877 tabidos
3154 842 3166 876 :

2096 906 2204 962 Sed
2233 908 2364 961 dant
2394 909 2657 963 medelam
2688 912 2846 965 rebus
2871 913 3012 967 intus
3034 914 3249 970 vividis.

2027 999 2156 1066 Quis
2187 1001 2356 1054 nescit
2387 1011 2564 1054 autem
2597 1011 2792 1071 quanta
2824 1005 3131 1074 corruptela
3156 1009 3228 1062 sit

2095 1090 2482 1146 Contaminatte
2510 1091 2710 1160 carnis,
2741 1107 2803 1148 ac
2824 1094 3111 1150 solubilis?

2098 1180 2315 1248 Sordct,
2348 1183 2621 1251 tumescit,
2653 1183 2898 1254 liquitur,
2923 1187 3045 1240 lctet
3068 1226 3083 1251 ,
3111 1187 3286 1255 dolet,

1921 906 2026 962 505

1529 1314 1814 1372 GLOSSAE
1856 1315 2189 1372 VETERES.

306 1432 430 1489 590.
461 1431 806 1496 Cauteribus,
841 1429 945 1494 hic,
987 1439 1034 1483 et
1077 1429 1186 1484 hwc
1231 1429 1516 1482 materiam
1565 1429 1686 1498 facit
1721 1427 1811 1482 sub

231 1503 460 1558 secunda
490 1512 537 1555 et
569 1503 715 1556 tertia
753 1500 1119 1565 declinatione;
1152 1508 1201 1553 et
1237 1500 1430 1552 dictum
1473 1501 1754 1552 cauterium
1782 1513 1814 1551 a

230 1585 380 1628 caute
408 1575 678 1627 tenendum
706 1588 766 1626 ne
790 1587 842 1625 se
870 1570 1022 1624 homo
1051 1581 1317 1639 coquatur,
1351 1571 1390 1623 I.

307 1643 438 1698 495'.
472 1642 683 1698 Nodosa
705 1683 720 1707 ,
750 1656 864 1712 quae
885 1641 1034 1712 nodis
1064 1636 1212 1712 inest.
1237 1667 1307 1680 --
1335 1636 1625 1712 Arthrisis,
1653 1637 1821 1712 arthe-
1851 1643 1900 1705 Β

231 1716 329 1777 sis,
357 1715 437 1767 uel
465 1713 639 1768 artisis
674 1708 902 1766 dentium
931 1711 1107 1775 dolor,
1135 1709 1212 1763 vel
1241 1709 1567 1763 communiter
1587 1708 1815 1761 omnium

231 1785 572 1838 articulorum
587 1783 887 1850 ;etsumpsit
905 1797 1084 1834 nomen
1102 1797 1134 1832 a
1147 1782 1381 1851 passione
1391 1778 1750 1851 articulorum,
1772 1777 1812 1851 .

307 1855 439 1908 498.
472 1847 730 1919 Laniena,
760 1847 950 1921 ferrum
972 1847 1290 1916 medicabile,
1324 1849 1398 1921 uel
1429 1850 1570 1921 lituus
1595 1848 1682 1921 ubi
1704 1847 1816 1901 ani-

233 1925 386 1978 malia
411 1917 724 1986 mactantur,
750 1917 825 1975 uel
845 1922 951 1992 ipse
972 1923 1224 1992 pecudum
1240 1918 1460 1992 laniatur
1477 1927 1523 1973 et
1540 1917 1809 1992 hominum

231 1996 467 2062 carnifex
493 1993 806 2045 alaniatura
843 1988 1024 2044 dictus.
1060 1990 1276 2043 Laniola
1322 1988 1469 2062 locus
1508 1988 1595 2041 ubi
1634 1988 1820 2042 medici

233 2059 434 2135 faciunt
475 2063 758 2135 medicinas
781 2102 796 2125 ,
837 2068 882 2114 et
922 2062 1339 2135 laniauthcarnes
1377 2059 1722 2135 infirmorum.
1747 2088 1818 2135 _-—

235 2128 632 2202 llippocratiea.
653 2131 992 2203 Hippocrates
1022 2130 1280 2193 medicas;
1305 2129 1424 2184 inde
1448 2128 1820 2203 ﬂippocratica

233 2197 425 2258 diciiur
461 2197 740 2270 medicina,
764 2197 800 2255 ἰι
832 2202 1059 2273 principe
1085 2203 1394 2256 medicorum
1424 2201 1586 2254 dicta.
1615 2197 1823 2268 Hippo-

1920 1442 2279 1503 crrts‘sunttnus
2295 1428 2520 1481 medicus
2535 1429 2690 1503 ;_inde
2701 1431 3003 1501 adjectivum
3026 1432 3436 1503 Ilippocraticus,
3457 1438 3496 1492 l.

1993 1498 2120 1552 499.
2151 1497 2356 1560 Visetts,
2384 1515 2523 1564 caro,
2563 1498 2598 1550 Ι.

1995 1568 2440 1648 Spw-Scalpella,‘
2465 1561 2519 1620 id
2556 1580 2627 1621 est
2660 1569 2872 1636 ferrum,
2895 1572 3077 1641 quibus
3105 1573 3374 1628 abraditur
3405 1595 3496 1648 pu.
3540 1561 3545 1572 “

1928 1637 2070 1690 tredo
2093 1638 2154 1690 ab
2182 1637 2394 1702 ossibus,
2426 1639 2462 1691 Ι.

1994 1709 2120 1762 501.
2150 1707 2466 1779 Chirurgus,
2506 1709 2732 1762 medicus
2754 1711 2962 1775 dicitur,
2996 1713 3082 1779 qui
3115 1714 3342 1767 homines
3369 1716 3486 1769 inci-

1921 1777 2040 1831 dere
2079 1778 2203 1832 solet
2225 1792 2266 1849 ᾖ
2287 1779 2557 1847 chirurgus
2606 1795 2637 1832 α
2685 1795 2924 1833 manuum
2973 1777 3262 1849 operatione
3297 1785 3498 1840 dicrus:

1923 1857 2058 1924 xst‘p
2079 1845 2402 1924 enintGrtece
2424 1845 2604 1902 manus
2626 1851 2851 1924 dicitur.
2871 1845 3108 1924 Chirurgi
3132 1855 3313 1906 medici
3343 1872 3498 1910 manu

1925 1918 2226 1971 medicinam
2256 1929 2560 1987 operantes;
2595 1919 2738 1972 thira
2770 1922 2903 1974 enim
2934 1918 3110 1976 erce
3139 1940 3319 1977 manus
3346 1940 3367 1978 .·
3390 1941 3497 1979 etn—

1922 1989 2069 2062 pirici
2116 2003 2253 2054 vero,
2293 1997 2489 2041 tantum
2529 1988 2787 2043 intellectu
2829 1991 3060 2044 morbum
3103 2005 3498 2062 cognoscentes,

1922 2059 2136 2111 salutem
2164 2074 2435 2128 carporunt
2465 2067 2660 2111 tantum
2686 2076 2802 2114 race
2829 2061 3084 2127 indicant,
3112 2059 3346 2118 manibus
3374 2059 3497 2120 nihil

1924 2137 2188 2196 Operantcs
2205 2170 2218 2192 ,
2252 2129 2292 2182 I.

1995 2199 2121 2253 504.
2157 2198 2275 2268 Isti,
2305 2197 2549 2268 chirurgi,
2577 2197 2614 2253 1.

1585 2339 2122 2396 COMMENTARlUS

298 2453 431 2512 490.
464 2455 663 2511 “idm.
705 2469 886 2524 supra,
915 2453 1134 2507 cremari
1161 2459 1216 2507 ut
1255 2452 1507 2524 stridulis.
1543 2453 1662 2506 Ald.
1705 2453 1821 2508 edi-6

234 2527 382 2580 derat
411 2529 722 2587 cauteribus,
774 2523 1005 2580 correxit
1059 2523 1321 2577 cauteriis.
1375 2523 1480 2578 Sed
1532 2525 1820 2578 cauteribus

233 2608 419 2652 rerum
450 2605 535 2651 est
561 2615 573 2648 :
607 2611 712 2665 quo
738 2594 996 2649 vocabulo
1030 2595 1165 2648 alias
1190 2594 1350 2648 etiam
1379 2595 1546 2647 utitur
1574 2593 1815 2665 Pruden-

233 2670 355 2722 tius.
403 2665 596 2722 G‘ossa
626 2663 862 2720 ridicula
909 2672 1012 2719 est.
1053 2665 1366 2732 Quanquam
1400 2678 1591 2717 omnes
1633 2663 1818 2732 hujus-

234 2753 390 2792 cerno
433 2738 447 2791 i
478 2737 776 2805 glossarum
809 2735 1038 2802 ineptias
1066 2743 1250 2789 notare
1281 2749 1384 2786 non
1427 2733 1525 2788 fuit
1557 2735 1769 2788 animus
1799 2750 1816 2787 :

233 2807 376 2878 quod
412 2809 456 2860 si
487 2816 615 2878 ante
643 2821 748 2860 non
773 2807 972 2878 trienni,
999 2819 1141 2878 nunc
1163 2817 1379 2878 moneo.

300 2878 436 2933 491.
471 2877 746 2930 Neminem
778 2875 884 2928 vidi
925 2874 1012 2941 qui
1049 2889 1153 2928 non
1185 2875 1286 2928 hos
1310 2887 1494 2928 versu:
1522 2872 1590 2926 de
1616 2873 1819 2941 suppli-

235 2947 314 3025 ciu
337 2947 519 3002 eculei
551 2949 798 3025 accipia'.
823 2948 898 3025 A_c
929 2945 1197 3025 revera_i.n
1228 2943 1508 3025 Vincentio
1541 2959 1687 3025 vers.
1717 2943 1818 3025 109
1845 2961 1890 3025 ο

235 3018 286 3072 ei
309 3033 472 3086 seqq.
507 3013 693 3070 eodem
739 3014 899 3086 modo
939 3013 1405 3086 desrribividetur
1443 3014 1684 3086 eculeus.
1717 3013 1820 3086 ve-

238 3104 353 3142 rum
389 3083 447 3140 in
469 3086 709 3141 Romano
743 3085 793 3139 id
823 3085 1031 3149 obstat,
1061 3083 1200 3153 quod
1237 3083 1399 3152 judex
1437 3084 1671 3151 iusserat
1698 3084 1817 3152 qui-

236 3159 356 3212 dem
401 3159 696 3210 Romanum
737 3155 924 3209 eculeo
962 3152 1230 3222 torqueri,
1277 3153 1368 3207 sed
1396 3155 1697 3207 admonitus
1725 3169 1821 3206 nu-

237 3228 406 3282 bilem
433 3241 558 3281 esse
589 3228 789 3291 virum,
837 3222 988 3277 Iubet
1033 3223 1252 3293 amoveri
1293 3223 1547 3277 noxialem
1577 3226 1816 3293 stipitem,

240 3295 453 3351 Plebeia
511 3296 705 3349 clarum
751 3311 896 3362 paena
941 3310 1004 3347 ne
1045 3292 1246 3346 damnet
1279 3293 1463 3347 uirum.
1509 3292 1648 3349 Vide
1679 3309 1816 3348 reis.

238 3368 335 3422 i08
389 3376 447 3421 et
496 3382 642 3434 seqq.
695 3366 956 3419 Praeterea
1003 3373 1204 3434 certum
1248 3376 1333 3417 est
1363 3373 1626 3434 martyres
1665 3373 1814 3419 extra

238 3441 490 3492 eculeum
511 3432 817 3506 suspensos,
845 3433 1109 3506 interdum
1146 3432 1308 3488 fuisse
1339 3432 1547 3502 ungulis
1574 3435 1820 3487 excarni-

239 3508 431 3561 ﬁcatus
464 3524 480 3561 :
512 3521 631 3560 nam
661 3505 1145 3575 suspendebantur,
1169 3512 1238 3575 ut_
1269 3506 1550 3575 carnitices
1578 3517 1699 3575 cum
1725 3519 1819 3556 uu-

237 3578 357 3631 dius
389 3578 604 3646 ungulis
632 3573 856 3643 corpora
885 3582 1186 3646 exararent,
1222 3573 1402 3646 Itaque
1435 3574 1703 3642 probabile
1739 3583 1825 3628 est

241 3643 547 3702 Romanum
590 3659 906 3714 suspensum
954 3643 1118 3714 fuisse
1169 3643 1402 3697 brachiis
1450 3652 1570 3711 post
1619 3653 1822 3713 tergum

239 3717 532 3782 revinctis,
561 3729 720 3786 atque
747 3716 860 3784 ejus
893 3713 1115 3786 pedibus
1137 3715 1315 3786 gravia
1341 3714 1575 3786 pondera
1608 3714 1820 3786 alligata

240 3788 431 3843 fuisse.
470 3787 599 3842 Vide
626 3783 856 3841 tabulam
888 3783 924 3850 ι,
954 3785 1031 3838 Iit.
1063 3784 1120 3849 Β,
1150 3783 1206 3838 et
1234 3783 1470 3838 tabulam
1499 3799 1616 3848 χιιι,
1653 3783 1729 3839 lit.
1754 3787 1818 3839 A.

245 3859 473 3911 Fulvius
498 3855 756 3912 Cartlulus
777 3859 828 3908 in
849 3865 960 3908 not.
980 3854 1044 3906 ad
1068 3856 1188 3925 hist.
1206 3855 1306 3909 SS.
1330 3864 1621 3925 martyrum
1642 3855 1819 3909 Abun-

239 3928 311 3982 dii
340 3937 402 3982 et
429 3941 542 3981 suc.
573 3927 781 3980 tradita
811 3925 1077 3980 nonnullis
1107 3924 1316 3979 deliniri
1341 3924 1584 3978 eculéum
1611 3964 1625 3986 ,
1664 3941 1822 3994 genus

243 4000 493 4052 tormenti
519 4013 619 4065 quo
646 3997 822 4049 vinctis
849 3995 1337 4066 supernentanibus,
1369 4003 1419 4048 et
1439 3996 1675 4066 appensis
1695 3995 1824 4047 utri-

240 4085 335 4135 que
365 4067 486 4138 pedi
513 4064 823 4138 gravissimis
846 4064 1188 4138 ponderibus,
1214 4066 1364 4138 homo
1384 4065 1608 4138 pendens
1636 4065 1820 4117 imma-

239 4135 379 4191 niter
404 4135 684 4204 torquetur.
728 4137 833 4190 Sed
873 4137 984 4203 ipse
1014 4138 1064 4188 in
1095 4136 1250 4188 aliam
1280 4135 1488 4189 videtur
1514 4136 1664 4188 abire
1701 4149 1824 4188 sen-

240 4211 496 4275 tentiam,
545 4217 598 4262 et
652 4206 969 4261 Prudentius
1014 4205 1257 4260 eculeum
1303 4205 1559 4258 noxialem
1599 4204 1823 4274 stipi-em

241 4280 477 4334 vocavit.

309 4347 446 4402 499..
482 4345 662 4415 P:ag.,
689 4355 918 4400 extensus
949 4345 1107 4398 ulnis.

313 4419 449 4473 ‘93.
497 4411 756 4471 Weitzius
796 4416 931 4469 Aldo
974 4415 1177 4485 attingit
1223 4411 1704 4485 crepitantibusaet
1746 4412 1821 4467 ita

241 4488 463 4558 quidem
490 4489 657 4558 Aldus
679 4486 863 4549 edidit,
891 4485 984 4558 sed
1007 4487 1055 4537 in
1074 4482 1370 4558 emendatis
1389 4483 1609 4558 mutavit
1630 4482 1682 4537 in
1707 4499 1819 4536 cre-

244 4553 509 4627 pantibus.
545 4557 759 4611 Fulvius
785 4555 1176 4627 Cardulnsloc.
1204 4553 1298 4608 cit.
1323 4553 1568 4623 intelligit
1595 4568 1822 4627 nervcas

245 4623 406 4683 funes
449 4628 640 4696 quibus
681 4625 916 4680 membra
947 4625 1189 4696 devincta
1231 4634 1384 4696 erant
1409 4664 1425 4689 ,
1455 4637 1699 4696 crepare.
1754 4623 1823 4677 At

248 4691 575 4753 Prudentius
605 4697 749 4750 clare
767 4696 997 4763 loquitur
1019 4694 1086 4747 de
1109 4695 1283 4747 nervis
1313 4691 1576 4764 corporis,
1600 4695 1690 4764 qui
1704 4708 1822 4749 cre-

248 4772 450 4837 patiam
464 4807 480 4833 ,
507 4768 640 4837 dum
661 4769 877 4837 nimium
895 4764 1146 4837 membra
1171 4763 1606 4818 extenderentur.

315 4839 446 4892 494.
481 4837 596 4890 Vat.
619 4836 661 4889 A
683 4834 866 4888 scribit
883 4833 1185 4900 heiulantes.

315 4908 450 4962 495.
494 4907 741 4960 Arthrisis
781 4919 902 4958 vera
933 4914 1196 4972 scriptura
1241 4903 1309 4958 ab
1355 4901 1823 4969 lleinsindicitur;

247 4995 411 5044 quam
439 4988 614 5030 tamen
641 4977 725 5028 vix
763 4973 1000 5044 invenias
1030 4975 1082 5028 in
1109 4972 1819 5044 codicibus.‘Ald.,_AFaln:.,

253 5041 392 5113 Cis.,
432 5046 700 5100 arthresis.
730 5043 1130 5115 ,A'equrag”
1168 5045 1368 5097 armis.
1398 5041 1552 5115 Urb"
1596 5041 1715 5095 Vat.
1761 5042 1823 5106 Β,

253 5121 410 5183 Man,
450 5118 594 5182 κτὼ,
634 5114 870 5170 arthesis.
914 5113 1028 5168 Vat.
1061 5113 1140 5180 'Q,
1183 5115 1394 5183 atresis.
1423 5114 1558 5179 PaL,
1598 5115 1822 5183 artresis.

256 5182 594 5252 Parrhasius,
625 5186 824 5248 artisis,
865 5195 918 5240 et
947 5185 998 5238 id
1031 5184 1343 5238 vocabulum
1383 5182 1656 5236 Prudentii
1697 5198 1822 5251 pro-

257 5261 432 5326 prium
468 5270 588 5312 esse
611 5257 684 5310 ait
711 5270 805 5326 pro
835 5255 1025 5326 morbo,
1049 5253 1318 5308 articulari
1344 5268 1501 5326 quem
1526 5252 1823 5326 clnragram

256 5323 431 5382 Circei
464 5334 678 5380 vocant.
716 5323 913 5379 Nescio
941 5325 1081 5394 quis,
1113 5326 1325 5392 vulgata
1373 5324 1528 5393 hujus
1567 5324 1666 5394 loci
1692 5323 1824 5376 scri-

258 5411 409 5468 ptura
439 5397 624 5468 nixus,
659 5395 846 5450 artesin
872 5393 1277 5468 Latinislexicis
1301 5394 1543 5468 in‘eruit.
1565 5393 1708 5468 Eum
1737 5407 1818 5447 re-

256 5463 382 5522 fellit
420 5463 720 5530 Giseliuus,
753 5468 874 5534 quia
918 5479 1037 5518 cum
1082 5464 1166 5517 hic
1214 5467 1434 5517 morbus
1478 5463 1823 5534 articulorum

256 5535 460 5610 (ξηραῖς
489 5538 697 5591 dicatur
735 5533 979 5610 agonia,
1009 5544 1247 5610 tempore
1266 5533 1561 5610 Prudentii
1591 5548 1712 5610 eum
1741 5549 1828 5584 ar-

259 5607 453 5660 thresin
486 5603 870 5672 nuncuparnu't.
901 5606 991 5658 Sic
1018 5619 1083 5658 ex
1114 5603 1394 5672 pleuritide
1434 5603 1695 5672 pleuresin
1715 5641 1730 5658 .
1758 5619 1821 5656 et

257 5676 560 5744 phrenitide
576 5679 859 5748 phrenesin
877 5671 1130 5730 fecerunt.
1159 5674 1386 5728 lnaniter
1405 5688 1530 5728 vero
1555 5671 1821 5728 Gselinus

1922 2453 2130 2526 laborat
2169 2465 2220 2526 ut
2266 2453 2585 2526 persuadeat
2623 2452 2828 2526 inscitia
2863 2455 3064 2511 Graacm
3092 2456 3285 2526 lingua:
3318 2477 3496 2525 nitus-

1922 2524 2067 2577 mudi
2096 2523 2318 2595 vui-ibus
2355 2525 2426 2595 ita
2469 2525 2711 2595 formatis
2741 2539 2891 2595 usum
2936 2526 3098 2581 fuisse
3128 2523 3494 2595 Prudentium,

1919 2606 1968 2647 et
1994 2593 2224 2666 medim
2255 2592 2306 2646 in
2337 2592 2416 2666 eis
2441 2593 2785 2666 corripuisse.
2819 2594 2946 2666 Nam
2979 2597 3204 2664 primum
3224 2599 3332 2666 jam
3363 2592 3491 2655 con;

1919 2663 2064 2717 ccdit
2099 2663 2310 2716 tertiam
2341 2661 2540 2716 Latinis
2562 2677 2683 2717 esse
2714 2665 2793 2718 sic
2817 2665 2947 2718 satis
2969 2661 3147 2720 notam
3173 2684 3187 2732 ;
3219 2661 3311 2722 sed
3341 2673 3408 2723 ita
3439 2681 3496 2727 ut

1921 2732 2118 2808 (addit)
2147 2733 2478 2808 Juven_alis,_
2498 2732 2753 2808 Martialis
2789 2744 2842 2808 e_t
2889 2734 2974 2808 alii
3006 2733 3190 2791 Graece
3215 2738 3358 2792 docti
3381 2741 3496 2808 ejus

1923 2801 2154 2876 mediam
2194 2802 2587 2876 produxerim,
2617 2801 2766 2876 solus
2806 2803 3124 2860 Prudentius
3154 2801 3498 2876 corripuerit.

1925 2873 2126 2928 Deinde
2168 2888 2290 2927 cum
2340 2873 2659 2927 Prudentius
2697 2874 2806 2941 jam
2849 2888 2943 2928 sua
2979 2885 3135 2931 aetate
3162 2873 3372 2933 videret
3410 2891 3498 2935 eas

1924 2957 2082 3016 voces
2107 2943 2159 2996 iu
2186 2959 2288 3016 usu
2316 2946 2458 3016 esse,
2482 2953 2536 2998 et
2559 2945 2809 3016 itauvulgo
2831 2946 3156 3010 pronuntiarl
3188 2951 3330 3016 (quis
3355 2955 3495 3005 enim

1924 3012 2024 3067 huc
2049 3013 2262 3082 neget?)
2283 3021 2340 3066 ut
2358 3013 2426 3067 ab
2448 3015 2562 3082 ipso
2583 3012 2896 3076 efferuntur,
2913 3029 3028 3079 cur,
3049 3012 3288 3084 quamvis
3307 3018 3494 3075 Graece

1923 3095 2064 3137 esset
2087 3084 2451 3146 doctissimus,
2483 3093 2668 3137 contra
2700 3084 3120 3138 ecclesiasticum
3153 3099 3304 3140 usum
3334 3100 3387 3143 et
3416 3093 3499 3144 sui
3567 3085 3574 3091 ’

1926 3155 2180 3222 tctn,oris
2219 3154 2660 3209 consuetudinem
2716 3169 2874 3222 agere
2920 3154 3188 3209 deberet?
3238 3157 3498 3217 Praeterea

1928 3233 2135 3293 consult
2179 3233 2304 3278 ante
2352 3224 2524 3293 ipsum
2562 3224 2790 3277 mediam
2834 3224 2884 3277 in
2931 3225 3192 3293 phrenesis
3227 3243 3254 3280 a
3299 3229 3499 3284 Sereno

1923 3292 2086 3366 fuisse
2115 3292 2449 3366 correptam.
2471 3292 2705 3366 Denique
2727 3295 2872 3346 Auso
2911 3294 3016 3348 ium
3049 3292 3231 3366 Grjrece
3259 3299 3500 3366 peritum.

1924 3362 2088 3436 fuisse
2114 3362 2298 3436 nequit
2321 3365 2452 3419 verti
2481 3365 2531 3436 in
2554 3363 2660 3436 dub
2683 3379 2799 3427 um;
2828 3372 2882 3418 et
2907 3374 3080 3436 tamen
3106 3364 3218 3420 haec
3241 3362 3354 3436 ipsa
3378 3385 3496 3436 qua:

1923 3433 1974 3487 iu
2017 3434 2157 3488 Prud
2197 3435 2309 3488 ntio
2339 3432 2826 3502 reprehenduntur,
2857 3437 2940 3488 vel
2974 3434 3075 3487 alia
3107 3432 3322 3502 prorsus
3353 3432 3498 3493 sitni-

1923 3503 2016 3567 lia,
2048 3513 2140 3557 aut
2175 3503 2441 3571 cxplicatu
2481 3503 2813 3574 difficiliora,
2843 3507 2894 3558 in
2922 3505 3158 3558 Ausonto
3184 3509 3380 3574 passim
3408 3525 3500 3563 or.-

1922 3587 2136 3626 currere
2153 3583 2480 3640 compertum
2505 3585 2607 3625 est.
2628 3572 2822 3627 Verum
2845 3574 3012 3629 dehis
3036 3572 3248 3630 uberius
3268 3578 3497 3634 diximus

1923 3642 1989 3714 in
2008 3643 2317 3714 prolegom.
2339 3641 2447 3714 Pyd
2468 3657 2572 3714 tgt‘n
2593 3643 2902 3714 etarlhrisis
2931 3645 3319 3714 coniunguntur
3339 3652 3497 3703 etiam

1922 3729 1948 3765 a
1971 3713 2172 3766 Lucilio
2187 3713 2322 3778 apud
2347 3712 2572 3766 Nonium
2597 3727 2714 3781 pag.
2737 3712 2858 3779 166,
2887 3715 3034 3779 Quod
3056 3712 3297 3782 deformis
3316 3735 3487 3782 senex,

1921 3783 2212 3858 art/triticus
2238 3799 2297 3835 ac
2319 3783 2650 3858 podagrosus.
2675 3783 2779 3836 Alii
2806 3785 2984 3853 legunt
3003 3785 3252 3853 pwdidus,
3275 3789 3360 3842 alii
3386 3806 3498 3858 per-

1925 3855 2059 3906 ditus
2091 3869 2184 3921 pro
2215 3852 2534 3906 arthriticus.

1993 3923 2119 3978 495.
2165 3923 2213 3975 P.
2237 3921 2499 3986 rrhasius,
2531 3922 2623 3976 has
2646 3937 2665 3976 :
2689 3922 2808 3992 lege
2829 3922 2996 3977 hasce.

1992 3992 2118 4048 498.
2147 3993 2276 4046 Mar.
2308 4008 2337 4047 a
2363 3997 2528 4061 prima
2559 3991 2882 4057 mann,’Vat.
2916 3994 2975 4054 Β.
3019 3991 3196 4061 Prag.,
3230 3996 3496 4061 lammina,

1922 4066 2003 4118 vel
2045 4064 2264 4128 latninu;
2299 4065 2542 4117 Letterus
2581 4063 2800 4116 lamiena
2841 4077 2936 4131 pro
2981 4063 3201 4125 laniena,
3249 4064 3343 4118 ειιά
3371 4080 3495 4119 eur-

1923 4142 2097 4201 rupte.
2152 4133 2206 4186 ln
2255 4133 2375 4188 Rat.
2423 4148 2611 4188 recens
2634 4144 2940 4194 corrector,
2969 4132 3169 4186 abrasis
3199 4133 3496 4201 prioribus,

1923 4204 1988 4256 At
2014 4204 2220 4273 quando
2246 4204 2384 4258 sevit
2414 4203 2605 4257 lamina
2631 4201 3224 4273 accensaHippocratis.
3274 4204 3384 4258 Hoc
3415 4208 3498 4258 nl-

1928 4271 2110 4327 timtrm
2140 4276 2358 4329 verbum
2400 4273 2548 4344 prius
2576 4273 2644 4325 ita
2677 4271 2904 4344 eratnln
2946 4271 3312 4344 Hippocratica
3353 4284 3499 4328 ante-

1849 4329 1900 4388 Ῑ)
1929 4345 2214 4423 persultima
2259 4329 2567 4423 producitur
2595 4341 2782 4396 eadem
2817 4340 2870 4423 IL
2885 4329 3242 4423 euti_;i:qua__in
3281 4344 3502 4398 idolium

1927 4410 2494 4478 corripiturfratione
2543 4427 2703 4465 accen
2732 4426 2794 4464 us
2832 4410 3002 4465 Graeci
3045 4410 3095 4464 in
3138 4412 3500 4480 Hippocrates.

1929 4483 2162 4538 Laniena
2197 4481 2562 4553 Hippocratica
2593 4488 2828 4553 estpars
2856 4481 3132 4553 medicina:
3158 4499 3278 4552 qua:
3299 4485 3507 4539 chirur-

1927 4554 2042 4624 gice
2072 4550 2418 4616 dicitur‘iaut
2446 4560 2551 4606 tota
2581 4550 2844 4606 medicina
2871 4550 3402 4620 appellatur'laniena
3432 4559 3508 4611 ab

1926 4639 1987 4678 ea
2021 4633 2188 4692 parte.

1996 4691 2123 4748 400.
2164 4693 2356 4746 Buber.
2387 4692 2554 4760 prior,
2586 4699 2867 4745 exsecatur.
2890 4691 3034 4760 Quid
3063 4692 3131 4748 sit
3158 4694 3346 4760 viscus,
3371 4694 3490 4748 vide

1933 4763 1998 4818 ad
2025 4762 2207 4833 hymu.
2239 4762 2312 4833 S.
2331 4758 2570 4833 cassiani
2593 4776 2731 4816 vers.
2752 4762 2840 4816 56.
2883 4758 3154 4817 Visceratio
3177 4758 3341 4822 dicta,
3373 4778 3504 4818 cum

1933 4831 2124 4888 carnes
2145 4831 2602 4886 distribuebantur
2625 4832 2844 4886 viritim.
2878 4833 3077 4897 Livius,
3114 4834 3203 4886 lib.
3234 4848 3498 4900 vnr,c:tp.

1931 4903 2022 4967 22,
2055 4902 2259 4974 Populo,
2275 4901 2540 4974 visceratio
2561 4902 2682 4974 data
2699 4918 2728 4953 a
2750 4901 2800 4954 Μ
2813 4942 2826 4957 .
2853 4901 3033 4956 Flavio
3049 4905 3101 4956 in
3117 4903 3290 4974 funere
3303 4904 3506 4957 matris.

2003 4972 2141 5028 500.
2167 4973 2288 5027 Ald.
2323 4973 2536 5036 vitiose,
2561 4972 2875 5042 scalpellum.

2003 5045 2126 5098 501.
2177 5041 2544 5114 ΙιιᾼηοιιιιιιΙῃιιε
2587 5043 2753 5113 vulgu,
2791 5051 3018 5114 putatur,
3049 5041 3187 5097 male
3225 5047 3278 5094 et
3313 5047 3506 5093 contra

1935 5122 2181 5166 metrum.
2215 5112 2400 5176 'l‘urn.,
2431 5110 2698 5182 chiragos,
2723 5110 2998 5168 mendose.

2003 5181 2125 5236 506.
2168 5181 2241 5236 Ex
2281 5182 2448 5249 Epist.
2482 5182 2549 5236 ad
2577 5179 2783 5250 Calan,
2818 5198 2880 5250 v,
2916 5183 3008 5246 I7,
3040 5180 3170 5235 Caro
3189 5179 3504 5249 concupiscit

1931 5253 2174 5306 adversus
2202 5251 2458 5316 spiritum.

2001 5322 2123 5377 508.
2154 5321 2421 5386 Gifanius,
2457 5322 2518 5375 de
2555 5323 2833 5376 intervallis
2862 5319 3107 5372 vocalium
3131 5318 3412 5372 rarioribus
3443 5317 3497 5373 in

1928 5391 2042 5446 lud.
2063 5393 2240 5457 Lucr.,
2263 5407 2325 5447 ex
2349 5401 2453 5446 vet.
2469 5393 2587 5446 cnd.
2615 5394 2737 5461 legit
2761 5391 2910 5461 sorde
2930 5388 3503 5461 tumescit,_eleganter,

1929 5471 1985 5517 ut
2015 5471 2163 5531 putat
2190 5481 2204 5527 ;
2239 5477 2410 5532 neque
2449 5462 2637 5532 probat
2669 5458 3158 5532 'sordet,_tumescit‘.
3179 5458 3346 5532 flutat
3372 5473 3500 5512 vero

1931 5549 1993 5586 ex
2017 5527 2297 5588 Prisciano
2325 5527 2422 5586 lib.
2451 5527 2555 5594 vn,
2586 5529 2639 5583 in
2675 5527 2987 5597 quibusdam
3020 5527 3220 5582 Latinis
3253 5545 3370 5598 qua:
3402 5545 3497 5582 nov

1932 5603 2244 5657 minativutn
2270 5619 2319 5656 ιιι
2344 5618 2396 5655 es
2420 5600 2734 5668 productum
2767 5598 3355 5668 terminant,iparesque
3381 5613 3503 5652 cum

1930 5673 2164 5738 genitivo
2187 5673 2383 5728 habent
2411 5667 2663 5737 syllabas,
2691 5669 2744 5725 in
2769 5669 2926 5724 tertia
2955 5667 3309 5726 declinatione
3325 5685 3356 5726 s
3379 5669 3506 5724 lere
