3994 6176
232 321 328 378 489

327 525 623 581 Contomne
650 536 888 591 praesens
909 521 1056 586 utile,
1086 539 1118 575 υ
1145 521 1382 590 prudens
1412 522 1594 590 homo,

395 615 551 683 Quod
599 611 991 668 terminandum
1017 651 1034 677 ,
1077 610 1217 681 quod
1263 611 1673 680 relinquendum
1724 623 1808 668 est

1574 703 1691 773 [tibi
1719 719 1732 755 ε

397 793 598 850 Omitte
623 807 842 863 corpus,
869 808 980 848 rem
1008 791 1238 861 sepulcri
1267 801 1321 848 et
1353 791 1588 848 funeris:

399 887 584 941 Tende
611 884 680 939 ad
711 885 942 940 futuram
962 883 1184 955 gloriam
1218 901 1232 938 :
1270 899 1430 955 perge
1459 884 1526 938 ad
1555 885 1722 940 Deum
1753 901 1766 936 :

230 981 325 1037 545
406 975 619 1050 ιιιῆ,
664 977 911 1047 Agnosce
965 975 1054 1044 qui
1105 975 1208 1039 sis,
1256 975 1408 1029 vince
1453 975 1709 1029 mundum
1749 987 1806 1030 et

1444 1063 1736 1136 [8336011110.

334 1162 561 1217 Vixdum
587 1161 828 1216 elocutus
862 1168 1068 1230 martyr
1101 1159 1239 1214 hanc
1265 1166 1546 1228 peregerat

400 1254 730 1319 Orationem,
755 1267 876 1308 cum
905 1253 1088 1306 furens
1114 1251 1383 1305 interserit

401 1346 744 1415 Asclepiades
769 1362 780 1397 :
815 1343 1002 1398 Vertat
1033 1342 1194 1397 ictum
1225 1341 1461 1396 carnifex

403 1437 460 1491 In
490 1451 551 1492 os
580 1434 870 1506 loquentis,
897 1435 1057 1502 inque
1086 1432 1326 1487 maxillas
1355 1447 1594 1498 manum,

233 1530 332 1584 550
405 1527 702 1596 Snlcosque
731 1537 940 1590 acutos,
973 1532 1029 1580 et
1052 1523 1296 1578 fidiculas
1325 1522 1608 1579 transferat

333 1619 683 1676 Verbosilatis
703 1620 818 1688 ipse
847 1627 1126 1687 rumpatur
1155 1616 1328 1682 locus,

405 1709 775 1768 Staturientes
802 1707 990 1780 perdat
1013 1717 1074 1762 ut
1097 1706 1389 1778 loquacitas

1362 315 1928 375 PERISTEPHANON
1970 314 2184 371 l‘lelN.
2227 312 2295 369 Χ.

233 437 329 494 540
396 435 532 489 Cum
553 431 897 501 sempiternis
921 428 1306 499 permanebunt
1325 434 1548 500 angelis.
1825 443 1877 496 Α

1913 1068 2019 1125 560

3372 315 3478 372 490

2085 429 2364 486 Sermonis
2399 442 2578 497 auras,
2614 429 2899 500 perforatis
2922 430 3158 493 follibus,

2085 528 2290 596 Quibus
2317 526 2544 581 sonandi
2569 527 2709 581 nulla
2729 527 2814 582 lex
2845 528 2994 596 ponit
3024 527 3263 593 modum,

1917 616 2022 672 555
2097 615 2210 686 ipsa
2237 624 2293 670 et
2322 614 2584 685 loquentis
2619 616 2778 671 verba
2808 617 3047 685 torqueri
3072 617 3217 671 volo.

2017 706 2211 776 implet
2229 708 2470 778 iubentis
2495 709 2634 762 dicta
2657 707 2810 762 lictor
2832 707 3127 775 improbus,

2085 797 2351 854 Cbaraxat
2376 798 2561 854 ambas
2588 797 2798 868 ungulis
2816 797 3173 852 scribentibus

2164 891 2262 959 11
2275 890 2374 960 15
2395 888 2589 952 Genas,
2617 887 2852 942 cruentis
2872 896 2927 941 et
2949 897 3094 941 secat
3119 886 3306 941 faciem
3325 895 3490 955 notis,

2161 979 2374 1034 llirsuta
2405 979 2586 1033 barbis
2611 978 2844 1032 solvitur
2860 980 3087 1048 carptim
3116 979 3272 1045 cinis,

2165 1068 2230 1123 Et
2257 1078 2498 1124 mentum
2527 1069 2767 1137 adusque
2802 1068 2981 1122 vultus
3008 1068 3183 1123 omnis
3212 1067 3487 1123 scinditur.

2021 1163 2218 1234 blartyr
2241 1161 2495 1218 fluentem
2527 1161 2664 1216 fatur
2684 1161 2823 1216 inter
2849 1162 3161 1231 sanguinem
3192 1177 3204 1213 :

2091 1254 2282 1310 Grates
2298 1241 2426 1320 tibi,
2457 1267 2488 1310 0
2512 1253 2786 1323 praefecte,
2807 1267 3029 1323 magnas
3049 1253 3240 1317 debeo,

2091 1347 2243 1414 Quod
2281 1348 2447 1401 multa
2489 1344 2726 1414 pandens
2765 1360 2889 1413 ora,
2931 1345 3041 1414 jam
3090 1342 3360 1399 Christum
3416 1342 3492 1396 lo-

3241 1432 3419 1505 [quor.

2094 1527 2346 1580 Arclabat
2373 1526 2536 1596 ampli
2561 1525 2793 1580 nominis
2820 1524 3144 1593 praeconium

1913 1615 2022 1670 565
2095 1615 2296 1671 Meatus
2323 1631 2479 1680 unus,
2510 1617 2682 1685 impar
2709 1614 2776 1669 ad
2805 1614 2991 1668 laudes
3023 1614 3139 1668 Dei.
3171 1621 3188 1636 ‘

2025 1707 2208 1762 Rimas
2239 1715 2480 1777 patentes
2509 1707 2710 1762 invenit
2736 1719 2837 1761 vox
2867 1705 3030 1774 edita,

1544 1813 1830 1870 GLOSSIE
1875 1813 2206 1872 VETERES.

293 1937 426 2019 5;“.
477 1935 810 2019 Contemne,
855 1947 1058 2002 respue.
1098 1960 1170 1972 —
1197 1931 1477 1996 Prasens,
1520 1931 1815 2000 prtcsentem

236 2009 526 2070 utilitatem,
560 2008 598 2060 l.

297 2078 432 2134 5l6.
460 2077 626 2146 Dum,
649 2074 871 2146 adjectio
901 2070 1166 2146 syllabica,
1200 2070 1240 2126 Ι.

288 2149 422 2222 547.
453 2139 750 2222 l_nterse_rii,
780 2139 1105 2222 interrumpit
1129 2156 1431 2222 sermonem,
1467 2139 1514 2197 l.

296 2219 426 2272 552.
462 2215 851 2276 Scoturientes,
884 2211 1199 2274 ebullientes,
1233 2211 1270 2264 Ι.

294 2289 426 2344 553.
461 2285 722 2353 Follibus,
756 2284 1008 2354 faucibus,
1039 2281 1157 2337 Vat.
1185 2283 1250 2335 Α.

1989 1926 2115 1980 555.
2149 1925 2342 1990 Verba,
2377 1926 2542 1996 labra,
2573 1925 2614 1979 I.

1989 1997 2113 2051 557.
2153 1996 2420 2051 Charaxat
2438 2037 2455 2061 ,
2500 1996 2671 2050 scribit
2697 2010 2716 2050 :
2741 1997 2966 2050 charaxo
2991 1995 3168 2051 Graece
3195 2008 3268 2052 est
3296 2000 3495 2066 scribo;

1918 2068 2036 2119 inde
2064 2069 2356 2122 charaxavit
2377 2109 2393 2132 ,
2427 2068 2481 2120 id
2504 2077 2576 2122 est
2602 2067 2839 2135 scripsit,
2871 2066 2913 2119 ι.
2959 2066 3254 2123 Cbaraxare
3279 2070 3499 2124 dicimus

1917 2138 2135 2191 scribere
2156 2155 2174 2192 :
2197 2138 2315 2190 inde
2337 2141 2623 2203 character,
2658 2137 2775 2190 Vat.
2809 2142 2876 2192 A.

1989 2209 2118 2278 55:}.
2147 2209 2408 2278 Carptim,
2441 2207 2734 2278 minuatim,
2764 2207 2804 2261 Ι.

1991 2276 2117 2334 564.
2144 2275 2404 2346 Nominis,
2421 2277 2612 2332 scilicet
2629 2275 2746 2331 Dei.
2762 2307 2829 2316 —
2843 2276 3200 2345 Praeconium,
3217 2278 3444 2346 laudent,
3459 2280 3502 2334 Ι.

1606 2396 2166 2454 COMMENTARIUS.

234 2530 379 2582 nere,
436 2512 668 2567 exclusis
704 2510 990 2576 damnatis,
1027 2519 1083 2564 et
1107 2510 1159 2564 in
1190 2508 1366 2582 ignem
1393 2521 1652 2582 aeternum
1686 2512 1824 2577 reje-

231 2580 520 2640 οιίεζΝθιιι
547 2583 827 2636 damnatos
851 2589 1110 2634 aeternum
1139 2580 1458 2648 puniendos,
1504 2582 1556 2634 in
1584 2581 1686 2635 fine
1714 2582 1821 2635 lla-

239 2653 577 2724 martigenite
604 2651 917 2724 Prudentius
938 2651 1155 2705 fatetur.
1180 2650 1284 2706 Sed
1307 2651 1360 2706 id
1386 2665 1490 2706 non
1513 2663 1594 2706 est
1617 2667 1822 2721 perma-

236 2743 366 2782 nere
402 2721 555 2778 Simul
583 2738 703 2776 cum
737 2721 866 2774 Deo.

303 2795 439 2851 540.
466 2795 644 2862 Prag.,
676 2789 1006 2862 permanebit,
1039 2805 1143 2845 non
1172 2789 1328 2845 bene.

301 2866 437 2922 εις.
461 2861 797 2926 Ρειιιυιιιιειιιε,
812 2861 910 2914 vile
931 2877 959 2914 ο
980 2862 1228 2931 prudens,
1245 2861 1386 2930 quod
1411 2863 1621 2916 ratione
1641 2862 1817 2928 aliqua

233 2935 496 2990 sustineri
540 2942 749 3001 posset,
776 2931 1010 2985 admisso
1054 2931 1229 2994 hiatu,
1261 2948 1418 2999 quem
1451 2934 1602 2986 multi
1634 2937 1819 2988 volunt

232 3005 559 3063 familiarem
587 3017 706 3057 esse
729 3001 1035 3056 Prudentia.

1924 2510 2211 2636 illitproblgts.
2238 2509 2306 2565 Et
2348 2509 2421 2564 ita
2454 2509 2652 2563 habent
2681 2508 2831 2576 Ald.,
2873 2509 3099 2576 Weitz.,
3123 2511 3262 2578 Gis.,
3291 2514 3407 2568 Vat.
3441 2516 3502 2581 Β,

1976 2597 2079 2636 ar..
2159 2595 2273 2636 raa.

1976 2597 2079 2642 ar.,
2116 2595 2273 2648 rrag.

1994 2652 2124 2707 557.
2159 2650 2277 2704 Vat.
2314 2649 2394 2716 A,
2437 2649 2589 2718 Egm.
2619 2689 2634 2713 ,
2686 2648 2920 2702 Hailsbr.
2976 2651 3218 2705 scribunt
3264 2667 3497 2709 curarat.

1925 2722 2082 2794 Fabr.
2115 2721 2398 2773 charassat.
2420 2719 2754 2794 ‘blurmellius
2796 2729 3032 2774 caruttat.
3068 2723 3178 2775 lloc
3217 2729 3382 2778 verbo
3411 2742 3504 2794 pro

1921 2791 2139 2846 scribere
2163 2799 2381 2844 utuntur
2403 2789 2640 2842 Anianus
2662 2797 2935 2843 corrector
2955 2794 3343 2847 sententiarum
3375 2789 3503 2850 Julii

1923 2861 2069 2915 Pauli
2087 2901 2114 2933 ,_
2132 2860 2386 2933 Alsidorus
2434 2860 2484 2912 in
2531 2858 2763 2933 glossis,
2815 2859 3107 2928 Gregorius
3137 2863 3502 2933 Turonensis,

1921 2930 2206 3003 bjarculfus
2221 2933 2547 3003 monachus,
2567 2929 2912 3003 Adamannus
2928 2935 3142 2997 Scottis,
3162 2929 3501 3003 Aldhelmus,

1927 2999 2300 3074 Ecklicrardiis
2328 2999 2536 3063 Juuior,
2569 2998 2909 3066 Hincmarus,
2943 3003 3211 3071 Barthius,
3250 3007 3342 3060 lib.
3376 2998 3506 3074 va,

301 3075 439 3131 545.
463 3074 578 3129 Gis.
596 3073 659 3127 ad
682 3087 850 3136 oram,
874 3072 998 3142 quid
1023 3072 1111 3125 sis.
1128 3069 1263 3127 Vide
1282 3082 1569 3128 comment.
1585 3072 1651 3127 ad
1673 3086 1816 3128 vers.
1848 3077 1894 3139 C
1924 3087 2044 3137 cap.
2079 3070 2143 3126 l9
2164 3114 2178 3134 ,
2228 3070 2478 3124 observat
2506 3077 2734 3142 aetatem
2765 3085 3069 3142 sgqmorem
3123 3089 3153 3127 a
3199 3069 3507 3132 Prudentia

232 3146 332 3204 H9
362 3145 580 3214 Apoth.

296 3211 442 3272 546.
475 3214 598 3268 Vat.
624 3213 681 3276 Β,
711 3213 867 3276 Μαι-η
895 3211 978 3264 vix
1003 3220 1129 3267 tam.

299 3288 442 3343 549.
470 3284 622 3349 Ald.,
652 3285 783 3337 Mar.
813 3297 843 3335 a
874 3281 1104 3336 secunda
1136 3297 1317 3350 manu,
1347 3299 1564 3336 manus:
1597 3283 1822 3338 Parrha-

236 3360 346 3413 sius
375 3354 629 3410 malleum
672 3363 726 3408 et
755 3354 994 3405 maxillas
1022 3355 1246 3408 mutavit
1273 3355 1326 3407 in
1356 3354 1519 3407 malas
1546 3357 1598 3407 in
1631 3369 1818 3409 emen-

228 3430 396 3484 datis-
431 3424 587 3494 Legit
611 3437 738 3492 ergo
762 3423 1103 3494 inquemalds
1129 3425 1388 3477 malleum.

299 3500 441 3556 550.
476 3492 756 3557 ll'einsius,
790 3492 1230 3563 ﬁdiclas._Scriptt
1267 3503 1321 3547 et
1355 3493 1476 3547 edtl.
1517 3503 1671 3561 vett.,
1701 3495 1820 3563 fidi-

230 3572 409 3623 cuius.
439 3564 570 3619 Vide
599 3579 740 3617 vers.
759 3561 900 3634 48L
919 3563 992 3615 Ex
1022 3561 1122 3615 hoc
1149 3564 1268 3618 loco
1298 3577 1436 3632 patet
1467 3561 1708 3618 fidiculas
1727 3583 1820 3634 pu-

221 3642 335 3712 'tius
396 3651 529 3712 esse
568 3636 788 3712 ungulas
816 3633 1009 3712 quibus
1053 3634 1358 3712 fodiebatur.
1397 3633 1816 3712 martyrpqu’am

229 3702 386 3764 funes
423 3704 614 3775 quibus
647 3702 837 3775 eculeo
879 3703 1124 3770 alligatus
1151 3712 1285 3775 erat.
1317 3702 1689 3775 Nebris‘aensis
1718 3721 1815 3756 Vu-

227 3780 370 3834 lebat
421 3773 655 3844 speciem
691 3773 828 3828 sumi
866 3789 962 3840 pro
997 3788 1216 3844 genere.
1257 3773 1393 3838 Quid
1436 3778 1591 3842 enim,
1628 3777 1813 3844 inquit,

227 3843 469 3917 ﬁdiculae
495 3847 571 3898 ori
595 3859 779 3917 nocere
791 3854 1039 3917 poterant
1063 3843 1087 3895 ?
1121 3843 1373 3917 Poterant
1393 3855 1548 3917 certe
1580 3843 1814 3917 ungulm.

229 3913 355 3974 Mox
407 3931 546 3970 vers.
576 3916 701 3979 557,
740 3913 1014 3983 Charaxat
1038 3913 1211 3966 ambas
1241 3915 1446 3983 ungulis
1488 3913 1819 3969 scribentibus

225 3987 434 4052 Genus,
462 3996 566 4040 etc.
600 3984 770 4039 Verba
799 3981 1038 4037 Suetonii
1065 3985 1116 4035 in
1147 3981 1348 4037 Tiberii
1380 3983 1519 4048 Vita,
1545 3994 1600 4037 et
1623 3985 1817 4040 Valerii

227 4057 460 4114 Maximi
490 4055 582 4109 lib.
606 4071 686 4117 ιιι,
713 4068 833 4120 cap.
858 4053 913 4114 5,
941 4067 1046 4106 non
1078 4069 1245 4122 magis
1267 4055 1408 4109 clara
1436 4067 1558 4108 sunt
1587 4071 1680 4122 pro
1705 4060 1818 4122 upi-

232 4132 401 4184 nione
456 4126 762 4179 afﬁrmante
809 4122 1048 4176 ﬁdiculas
1097 4137 1220 4178 esse
1272 4125 1538 4179 funiculus
1594 4140 1818 4180 nervens

229 4201 432 4270 quibus
460 4208 658 4270 sontes
701 4194 1334 4270 cculeo__torquebautur,
1367 4210 1525 4270 quam
1557 4196 1818 4270 li_ic__P.-u-

230 4263 402 4324 dentii
458 4269 609 4320 locus
654 4279 752 4334 pro
794 4263 1148 4334 explicatione
1201 4280 1359 4334 quam
1386 4263 1623 4321 exhibui.
1654 4267 1822 4320 Nemo

229 4354 415 4394 autent
450 4331 696 4390 veterum
739 4345 844 4386 tam
869 4332 1017 4386 clare
1038 4331 1170 4387 dixit
1208 4331 1451 4388 ﬁdiculas
1493 4349 1614 4390 esse
1644 4337 1816 4402 funes,

228 4427 394 4480 quam
421 4407 662 4480 Isidorus
689 4417 811 4480 esse
831 4403 1161 4480 ungulasﬁl.
1204 4403 1510 4480 Zacharias,
1537 4407 1586 4457 in
1618 4407 1815 4480 llistor.

1924 3142 2292 3215 auctoritatem
2315 3139 2748 3215 sumpsisse._Sic
2787 3139 3078 3215 VViperlus,
3117 3144 3206 3197 lib.
3238 3161 3275 3208 t,
3305 3161 3421 3215 cap.
3450 3151 3507 3213 2,

1924 3211 2111 3264 Totum
2132 3211 2245 3280 ejus
2271 3224 2458 3279 corpus
2478 3210 2729 3280 invenitur
2754 3210 3086 3265 charaxatunt
3103 3216 3248 3280 quasi
3273 3210 3508 3270 cru-cich

1924 3282 2092 3335 larum
2121 3279 2462 3350 stigmatibus.
2500 3279 2778 3347 Wipertus
2808 3283 2951 3336 clare
2979 3283 3322 3339 Prudentium
3346 3304 3510 3341 minu-

1931 3352 2093 3420 latur,
2124 3360 2181 3404 ut
2201 3367 2342 3406 vers.
2365 3351 2468 3406 145
2498 3350 2802 3404 observavi.
2829 3351 3098 3408 Giselinus
3119 3355 3382 3411 diversam
3410 3359 3510 3411 ali-

1959 3437 2081 3476 uam
2129 3422 2410 3475 lectionem
2464 3421 2665 3474 indicat
2725 3439 2736 3473 :
2789 3437 2910 3475 nam
2962 3439 3082 3476 cum
3139 3427 3314 3478 minus
3370 3428 3507 3482 bene

1963 3492 2147 3546 ixisset
2177 3490 2525 3570 Prudentium
2558 3490 2788 3570 cltaraxo
2807 3492 3080 3570 derjvasse
3107 3509 3137 3570 _a
3168 3499 3404 3570 χαράξω,
3429 3501 3510 3553 lu-

1922 3561 2241 3642 turo__verbi
2291 3561 2574 3642 χᾳράτῖξιν
2596 3600 2610 3622 ,
2634 3561 2803 3642 μικρά.
2832 3563 2970 3642 valet
3008 3555 3287 3642 scttlpéie,
3325 3555 3504 3629 arare.

1919 3633 2244 3691 scarificare,
2267 3631 2414 3684 addit
2435 3647 2448 3682 :
2477 3632 2605 3695 Quae
2626 3631 2724 3683 huc
2752 3631 2814 3682 ab
2837 3633 2952 3684 aliis
2976 3633 3282 3699 allevantur,
3314 3653 3356 3690 et
3380 3642 3511 3693 scri-

1919 3705 2018 3773 ptis
2050 3702 2192 3755 libris
2226 3702 2582 3773 atlversantur,
2615 3709 2660 3750 et
2694 3711 2854 3773 poetic
2881 3705 3041 3773 nostri
3074 3719 3242 3770 gemo.
3278 3708 3508 3762 Parrha-

1921 3771 2034 3843 sius
2063 3773 2203 3843 inter
2243 3771 2538 3843 alienigena
2579 3785 2699 3838 qum
2745 3771 3392 3843 Prudentiususurpant,
3426 3796 3509 3833 re.

1923 3842 2026 3897 fert
2049 3841 2294 3894 charaxat
2322 3855 2336 3901 ;
2380 3851 2433 3893 et
2480 3840 2731 3892 charaxat
2759 3841 3008 3911 expliCat,
3044 3840 3394 3911 Caluinorum,
3422 3865 3511 3900 su-

1921 3914 2157 3981 diumque
2178 3912 2451 3980 fastigatis,
2495 3923 2648 3979 atque
2687 3910 2951 3981 subtilibus
2980 3913 3189 3979 spiculis
3217 3910 3402 3981 corpus
3429 3917 3508 3969 in-

1922 3984 2031 4049 ﬁgit
2052 3980 2228 4052 :quod
2255 3998 2414 4049 parum
2438 3998 2595 4051 genus
2615 3982 2784 4033 adhuc
2801 3980 3026 4048 Hispani
3047 3982 3281 4052 retinent.
3310 3980 3508 4038 Verum

1924 4051 2215 4106 Prudentio
2253 4052 2503 4106 charaxat
2554 4051 2728 4104 solum
2766 4058 2849 4104 est
2889 4051 3256 4106 conscribillat.
3303 4054 3377 4108 lle
3407 4059 3508 4109 hac

1921 4122 2229 4192 metaphora
2258 4124 2464 4191 ungula:
2490 4121 3048 4188 cliaraxant,scribunt,
3067 4123 3188 4176 vide
3216 4137 3416 4178 comm.
3441 4127 3508 4180 ad

1923 4191 2159 4246 vers.'77
2188 4193 2370 4262 hymni
2402 4191 2460 4246 S.
2489 4192 2746 4245 Cassiani.

1993 4263 2118 4317 558.
2150 4261 2329 4332 Prag.,
2355 4263 2508 4327 siccat
2532 4277 2626 4330 pro
2655 4271 2809 4324 secat,
2841 4271 2895 4314 et
2923 4261 3223 4330 suspicatur
3245 4263 3377 4318 Mar.
3406 4265 3507 4318 sic-

1923 4341 2012 4385 nat
2052 4348 2146 4404 pro
2193 4333 2382 4404 signat.
2412 4333 2516 4404 Sed
2549 4333 2723 4404 obstat
2771 4333 2853 4386 lex
2902 4334 3074 4387 metri.
3121 4333 3177 4386 In
3232 4339 3508 4391 nonnullis

1925 4400 2090 4470 vulg.,
2120 4400 2301 4473 faciem
2321 4403 2464 4468 rotis,
2492 4402 2667 4473 minus
2689 4400 2846 4465 bene,
2863 4417 2966 4473 pro
2993 4404 3146 4456 notis.

233 4450 402 4536 Ῐῖἶέἓῖ
421 4450 1510 4545 illi?'ibi.;"v,'.'.;.°g‘.‘sarisam}:"ii?
1538 4450 1817 4545 ὗὲιέξᾝέἐζ
1847 4450 1899 4506 D
1930 4450 3161 4545 jista:migrasti:21.513};segnitia.
3187 4477 3422 4543 carptim.
3452 4478 3508 4532 In

227 4553 403 4606 multa
477 4545 656 4612 dixit,
713 4553 769 4599 ut
821 4553 1070 4616 proparet
1127 4543 1368 4600 fidiculas
1419 4543 1550 4601 esse
1592 4543 1821 4609 nervcas

229 4626 395 4676 funes
455 4631 476 4648 ‘

298 4711 436 4766 551.
465 4707 624 4776 Prag.
649 4705 985 4778 depravate.,
1011 4706 1443 4773 interrumpatur;
1477 4706 1590 4760 Val.
1617 4710 1682 4772 A,
1715 4708 1823 4778 ipse

229 4781 593 4850 ιναηείυτειιιιζ
602 4793 711 4850 non
737 4777 876 4850 male
897 4778 941 4830 si
971 4778 1247 4831 bacchium
1271 4777 1455 4850 quinto
1484 4782 1601 4850 loco
1629 4777 1822 4832 admit-

229 4861 348 4906 tc-e
377 4847 543 4905 velis.
576 4847 964 4901 Verbositatem
997 4862 1093 4914 pro
1123 4849 1327 4900 enormi
1365 4847 1686 4916 loquacitate
1716 4864 1824 4903 non
1869 4901 1888 4916 _

226 4924 353 4976 sine
386 4921 515 4974 felle
539 4920 683 4988 poni,
709 4925 892 4988 monet
924 4917 1236 4972 PeVeratus.
1265 4919 1280 4934 ‘

300 4993 444 5047 552.
482 4986 728 5042 Heinsius
762 4987 950 5042 scribit
981 4990 1358 5040 scaturrientes.
1399 4986 1662 5041 Cauchius
1699 5001 1828 5042 con-

225 5062 478 5131 iectabat
524 5059 864 5131 ebullientes,
905 5072 1011 5110 non
1061 5057 1335 5131 probante
1363 5055 1602 5131 Heinsio.
1654 5063 1826 5113 Arno-

224 5127 384 5196 bius,
419 5130 516 5183 lib.
552 5144 607 5192 v,
628 5141 808 5198 prope
836 5127 994 5180 finem
1029 5143 1042 5179 :
1069 5128 1455 5198 Scutariginettt
1491 5129 1643 5182 istam
1669 5136 1827 5194 vocis,

225 5213 273 5256 et
298 5195 584 5268 strepitum
606 5196 756 5267 [aedis
783 5195 1106 5266 loquacitatis
1130 5195 1376 5268 amittere.

303 5266 447 5324 55L.
480 5270 662 5338 Prag.,
693 5269 902 5320 modum
937 5275 1088 5321 tenet.
1122 5266 1312 5324 Melius
1343 5267 1660 5324 retinebitur
1689 5271 1829 5338 ponit

228 5342 485 5396 modum.
549 5366 558 5371 ~

304 5428 454 5486 555.
486 5427 744 5493 Hailsbr.,
770 5426 926 5492 labia,
949 5441 1108 5495 supra
1133 5444 1147 5481 :
1177 5427 1348 5484 retine
1375 5429 1544 5483 verba.

305 5518 455 5577 556.
480 5518 783 5590 lleinsiani,
818 5519 1154 5581 Parrhasius,
1185 5517 1304 5573 Vat.
1336 5522 1404 5590 Α,
1435 5520 1618 5582 Alex.,
1652 5521 1828 5590 Egm.,

227 5590 511 5654 llailsbr.,
541 5589 657 5642 Gis.
691 5589 758 5642 ad
785 5603 956 5660 oram,
989 5590 1194 5660 impius.
1229 5589 1438 5658 Διώνη
1467 5593 1594 5644 livor
1619 5589 1827 5660 impius.

227 5661 603 5717 neces-tiores
633 5673 753 5711 cum
781 5659 1021 5724 Heinsio,
1051 5659 1200 5712 lictor
1226 5661 1432 5726 impius.
1465 5661 1652 5715 Verius
1683 5659 1834 5714 vide-

227 5743 330 5790 tur
369 5731 523 5784 fictor
551 5728 808 5798 improbus
835 5745 896 5782 ea
923 5729 1314 5797 significatione
1341 5745 1443 5801 qua
1465 5730 1660 5788 dicitur
1689 5729 1833 5787 labor

539 5824 811 5885 Panos.
856 5822 989 5884 LX.

1928 4542 2059 4615 Mar.
2099 4543 2460 4615 corrumpitur
2500 4551 2752 4615 metrum,
2803 4542 2982 4615 verbis
3027 4543 3098 4597 ita
3150 4542 3510 4615 tranSpositis,

1928 4611 2147 4666 Hirsuta
2177 4614 2344 4666 barbis
2374 4613 2590 4680 carptim
2616 4611 2828 4664 solvitur
2857 4613 3007 4665 cutis.

1995 4682 2119 4738 56⁸2.
2153 4682 2391 4737 Notanda
2433 4692 2515 4738 est
2541 4681 2870 4736 consuetudo
2901 4695 3135 4736 veterum
3177 4684 3512 4740 Christiano-

1925 4767 2074 4821 rum,
2112 4755 2202 4821 qui
2247 4752 2535 4823 abgimpiis
2573 4750 2842 4823 judicibus
2877 4753 3261 4823 condemnati,
3309 4757 3510 4823 gratias

1926 4823 2032 4876 illis
2053 4825 2301 4891 agebant.
2323 4821 2588 4886 Justinus,
2620 4821 2832 4891 apolog.
2864 4822 2890 4874 1
2921 4831 2972 4875 et
2999 4823 3065 4888 2;
3095 4821 3379 4890 Eusebius,
3413 4827 3507 4880 lib.

1928 4909 1978 4946 tv
2009 4890 2168 4964 Hist,
2191 4907 2309 4964 cap.
2335 4893 2402 4946 i7
2427 4908 2442 4945 :
2472 4893 2601 4964 Quo,
2612 4890 2816 4964 audito,
2845 4891 3035 4964 Lucius
3060 4894 3140 4946 illi
3163 4895 3354 4963 gratias
3386 4899 3508 4964 egit,

1927 4964 2062 5032 quod
2082 4962 2186 5032 ﬁliae
2213 4963 2410 5016 ratione
2437 4979 2469 5014 a
2498 4961 2648 5032 malis
2675 4961 2894 5015 dominis
2917 4961 3233 5028 liberaretur,
3257 4972 3302 5017 et
3325 4963 3391 5016 ad
3416 4961 3511 5018 bo-

1929 5031 2048 5086 num
2072 5031 2277 5086 Patrem
2301 5047 2565 5102 regemque
2582 5031 2747 5102 D_eum
2774 5033 3194 5100 proﬁcisceretur.
3226 5033 3512 5087 Tertullia-

1931 5119 2030 5158 uus
2057 5104 2111 5158 in
2138 5099 2539 5170 lineApologet.
2569 5121 2582 5157 :
2614 5099 2744 5154 Inde
2781 5099 3019 5170 estquod
3046 5103 3230 5155 ibidem
3254 5106 3513 5157 seruentiis

1927 5175 2106 5227 vestris
2146 5173 2338 5244 gratias
2379 5174 2594 5240 agimus,
2636 5181 2688 5225 ut
2730 5183 2807 5225 est
2849 5173 3106 5244 (sinulatio
3150 5171 3333 5244 divina:
3362 5177 3436 5244 rei
3465 5182 3514 5226 ct

1933 5241 2200 5308 humanm;
2229 5260 2344 5296 cum
2384 5246 2688 5295 damnantur
2718 5259 2749 5293 a
2777 5242 2914 5294 vobis
2935 5280 2950 5304 ,
2980 5257 3012 5291 a
3043 5241 3149 5292 Deo
3179 5241 3510 5298 absolvimur.

1933 5313 2050 5367 Alia
2073 5316 2148 5366 'ex
2177 5315 2321 5367 Actis
2353 5325 2645 5383 martyrum
2673 5311 2876 5383 profert
2901 5310 3213 5383 Sagittarius
3233 5351 3247 5375 ,
3305 5326 3424 5381 cap.
3457 5314 3512 5370 7.

1936 5383 2258 5450 Pliilosoplio
2301 5378 2523 5438 Seneca:
2563 5379 2879 5451 ignotnniid
2910 5389 3026 5432 erat
3054 5386 3072 5430 ι’
3099 5378 3405 5451 Neminem}
3439 5384 3516 5438 ait

1935 5455 2094 5518 epist.
2123 5449 2213 5516 66,
2245 5452 2414 5505 adhuc
2443 5454 2548 5506 scio
2583 5449 2641 5504 eo
2683 5450 2883 5523 nomine
2911 5457 3078 5523 votum
3105 5449 3335 5520 solvisse,
3372 5454 3513 5523 quod

1935 5523 2156 5593 ﬂagellis
2182 5539 2340 5593 casus
2366 5534 2514 5586 esset,
2548 5532 2633 5574 aut
2662 5520 2892 5588 podagra
2922 5519 3184 5587 distortus,
3225 5519 3514 5579 autcculto

1937 5592 2136 5651 longior
2168 5592 2349 5651 factus.

2047 5662 2132 5714 iis.
2159 5656 2287 5715 Mar.
2321 5660 2506 5714 scribit
2528 5658 2724 5710 artabat
2756 5671 2850 5724 pro
2878 5657 3124 5714 arctabat.

2012 5731 2137 5788 565.
2163 5731 2320 5802 Prag.
2347 5731 2414 5784 ad
2444 5727 2646 5784 laudem
2675 5724 2792 5783 Dei.

3170 5820 3244 5881 16
