3994 6176
537 345 642 402 495

785 543 1008 600 Crucem
1036 549 1244 594 vetusta
1281 537 1654 593 combiberunt
1678 537 1887 590 saecula.

720 633 948 688 Tandem
978 631 1193 685 retectis
1222 629 1444 684 vocibus
1468 626 1825 695 prepheticis,

780 721 960 778 Etate
996 731 1175 775 nostra
1203 717 1548 786 comprobata
1579 716 1866 785 antiquitas

779 810 973 867 Coram
992 810 1198 865 refulsit
1222 823 1317 864 ore
1345 806 1732 877 conspicabili,

779 903 857 957 Ne
880 903 1163 956 ﬂuctuaret
1185 900 1382 954 veritas
1409 899 1569 952 dubia
1599 897 1725 960 ﬁde,

786 992 845 1047 Si
873 1006 976 1045 non
1007 997 1211 1060 pateret
1237 997 1372 1042 teste
1405 987 1521 1040 visu
1549 984 1814 1039 cominus.

716 1081 850 1135 llinc
881 1093 977 1133 nos
1005 1088 1060 1133 et
1093 1079 1266 1147 ipsum
1295 1090 1401 1131 non
1434 1076 1612 1144 perire
1635 1074 1903 1128 credimus

797 1172 1004 1241 1121
1049 1168 1277 1238 Corpus,
1335 1167 1586 1236 sepulcro
1632 1165 1775 1235 quod
1820 1163 2116 1218 vorandum

1749 1253 2000 1327 [traditur
2031 1272 2045 1308 :

788 1351 920 1418 Quia
949 1348 1198 1405 Christus
1217 1348 1273 1404 in
1302 1362 1361 1402 se
1394 1357 1659 1402 mortuum
1682 1361 1876 1415 corpus
1898 1348 2042 1402 cruci

785 1441 978 1498 Secum
1009 1441 1297 1496 excitatum
1328 1439 1474 1492 vexit
1498 1438 1564 1492 ad
1585 1437 1778 1492 solium
1810 1425 2012 1501 Patris,

792 1533 1055 1604 Viamque
1084 1532 1295 1587 cunctis
1322 1531 1390 1585 ad
1431 1530 1814 1599 resurgendum
1845 1530 2012 1586 dedit.

718 1626 860 1679 Crux
903 1625 994 1679 illa
1045 1633 1228 1679 nostra
1254 1629 1356 1689 est,
1407 1635 1506 1676 nos
1552 1620 1842 1691 patibulum
1877 1618 2122 1675 ascendi-

1850 1708 2045 1782 [must

791 1805 955 1862 Nobis
979 1810 1287 1875 peremptus
1307 1801 1579 1869 Christus,
1601 1810 1656 1858 et
1676 1801 1829 1856 nobis
1856 1802 1994 1856 Deus

792 1899 1040 1955 Christus
1079 1911 1348 1965 reversus,
1382 1897 1497 1966 ipse
1539 1897 1629 1966 qui
1677 1894 1912 1951 moriens
1963 1893 2123 1946 homo

1917 1983 2015 2056 [est
2036 1998 2052 2048 ;

795 2087 992 2143 Natura
1021 2083 1216 2154 duplex
1248 2099 1262 2137 :
1295 2082 1542 2149 moritur,
1571 2090 1626 2137 et
1665 2089 1892 2135 mortem
1923 2080 2126 2145 domat,

799 2178 1065 2245 [teditque
1092 2177 1144 2230 in
1175 2173 1328 2238 illud,
1351 2173 1493 2243 quod
1521 2171 1697 2240 perire
1726 2170 1948 2225 nesciat.

728 2273 938 2328 Dixisse
980 2284 1143 2342 pauca
1175 2270 1246 2323 sit
1270 2268 1399 2323 satis
1425 2266 1492 2322 de
1519 2266 1757 2338 mysticis

537 545 642 603 630

538 993 643 1048 655

547 1536 650 1592 640

552 2181 656 2240 045

1645 334 1917 392 AURELII
1954 332 2320 390 PRUDENTII
2358 328 2686 386 CAIiMlNA.

780 451 922 509 Crux
954 459 1265 522 praenotata,
1289 463 1422 504 crux
1451 446 1762 504 adumbrata
1793 456 1873 503 est
1904 450 2071 517 prius,
2143 452 2195 509 Α

2077 1856 2080 1858 -
2150 1821 2200 1881 Β

2468 441 2675 496 Nostrae
2705 438 2912 505 salutis,
2938 437 3112 509 deque
3137 451 3394 508 processu
3420 438 3553 507 spei.

2461 535 2578 591 Jam
2597 534 2706 604 jam
2736 531 2909 588 silebo
2936 547 2950 584 :
2983 532 3269 600 margarita
3291 545 3540 602 spargere

2462 627 2664 683 Christi
2691 636 2936 680 vetamur
2963 624 3105 679 inter
3125 622 3429 677 immundos
3458 638 3595 688 sues,
3785 607 3798 686 ᾗ

2462 718 2746 773 Lutulenta
2791 722 3036 770 sanctum
3065 727 3134 768 ne
3160 722 3333 768 terant
3362 713 3621 768 animalia.
3785 689 3794 749 ξ

2396 808 2522 874 Sed,
2550 808 2674 878 quia
2701 805 2961 876 profunda
2991 819 3099 858 non
3123 803 3250 858 licet
3273 803 3519 858 luctarier

2471 903 2678 972 1122
2693 897 2916 952 Ratione
2931 907 3126 962 tecum,
3151 896 3494 951 consulamus
3524 897 3764 966 proxima:

2471 992 2832 1060 lnterrogetur
2860 989 2974 1057 ipsa
3005 987 3338 1042 naturalium

2467 1081 2704 1150 Simplex
2727 1081 2844 1135 sine
2873 1088 2990 1134 arte
3018 1093 3276 1134 sensuum
3307 1078 3571 1133 sententia
3598 1095 3612 1132 :

2471 1170 2594 1225 Fuci
2619 1169 2893 1238 imperitus
2921 1169 3001 1222 lac
3029 1177 3086 1223 ut
3110 1168 3250 1221 adsit
3278 1167 3503 1226 arbiter.

2401 1261 2469 1315 Da
2502 1269 2854 1328 septuennem
2885 1259 3101 1313 circiter
3131 1274 3376 1328 put-rum,
3404 1267 3498 1311 aut
3527 1257 3707 1326 minus,

2465 1353 2563 1419 Qui
2589 1352 2658 1406 sit
2686 1351 2882 1405 favoris
2909 1351 3066 1417 liber,
3095 1362 3148 1406 et
3179 1367 3284 1405 non
3320 1351 3496 1405 oderit

2467 1446 2826 1514 Quemquam,
2859 1459 2958 1498 nec
2984 1445 3147 1498 ullum
3195 1443 3387 1498 mentis
3417 1444 3469 1497 in
3503 1442 3677 1495 vitium
3698 1455 3773 1496 ca-

3560 1531 3717 1603 ldat:

2219 719 2324 774 650

2222 1173 2325 1228 655

2469 1625 2843 1681 Periclitemur
2870 1623 2996 1696 quid
3022 1638 3210 1680 recens
3247 1622 3471 1679 infantia

2471 1716 2624 1772 Dicat
2650 1716 3004 1785 sequendum,
3036 1715 3161 1782 quid
3189 1728 3358 1769 novus
3387 1714 3561 1782 sapiat
3583 1711 3734 1782 vigor.

2400 1807 2548 1863 Hauc
2588 1806 2678 1862 ille
2706 1805 2875 1860 sancti
2906 1805 3156 1876 martyris
3185 1819 3369 1859 vocem
3417 1805 3590 1858 libens

2470 1899 2783 1968 Amplexus,
2812 1913 2974 1952 unum
3002 1898 3070 1952 de
3093 1909 3303 1953 caterva
3333 1895 3614 1952 infantium

2471 1988 2723 2056 Parvum,
2759 2002 2857 2042 nec
2879 1989 3006 2042 olim
3038 1989 3174 2043 lacte
3201 1986 3508 2057 depulsum,
3539 1985 3672 2052 capi.

2475 2084 2807 2154 Captumque
2835 2082 3025 2138 adesse
3048 2083 3307 2151 praecipit.
3335 2081 3561 2148 Quidvis
3578 2096 3715 2150 rogi,

2471 2172 2680 2243 lnquit,
2713 2187 3023 2242 sequamur,
3057 2175 3197 2242 quod
3228 2175 3465 2244 probarit
3499 2173 3663 2244 pusio.

2421 2261 2694 2318 Romanus
2717 2264 2915 2320 ardens
2934 2265 3164 2335 experiri
3186 2264 3454 2320 innoxiam

2225 1718 2330 1774 660

2231 2173 2331 2230 663

1851 2375 2131 2432 GLOSS/E
2169 2373 2504 2432 VETERES.

624 2475 748 2531 629.
795 2475 1115 2538 Praenotata,
1162 2471 1477 2543 praescripta.
1518 2499 1588 2512 --
1616 2467 1965 2533 Adumbrata,
1997 2469 2132 2540 ﬁgu-

554 2547 757 2670 ἀιὲέίξί
805 2611 1209 2674 Combiberunt,
1268 2609 1485 2680 graviter
1533 2616 1837 2674 senserunt,
1889 2623 2125 2679 percepe-

555 2684 1004 2835 ἀξξ-ϐοεξκη,
1033 2750 1318 2818 manifeste.
1349 2776 1420 2788 —
1438 2747 1820 2817 Conspicabili,
1847 2750 2124 2814 veneranti,

557 2825 631 2879 sel
652 2823 842 2884 lucido,
868 2821 908 2874 l.

627 2892 751 2948 654.
785 2891 1108 2956 Fluctuaret,
1145 2887 1404 2951 titubaret,
1427 2886 1467 2940 l.

627 2963 751 3018 655.
781 2960 1058 3022 Cominus,
1085 2955 1487 3028 praesentialiter,
1510 2956 1585 3010 vel
1608 2971 1784 3026 prope,
1816 2955 1856 3009 l.

643 3032 754 3086 "56.
778 3029 908 3094 Nos,
939 3026 1113 3082 nostra
1140 3042 1282 3091 caro,
1312 3026 1351 3078 l.

2307 2467 2431 2523 647.
2475 2469 2756 2535 Processu,
2786 2479 3116 2535 incremento,
3152 2472 3190 2525 Ι.

2306 2538 2431 2608 651.
2474 2539 2768 2603 Luctarier,
2795 2556 2885 2608 pro
2914 2541 3118 2605 luctari,
3152 2541 3190 2594 Ι.

2305 2607 2429 2664 655.
2460 2608 2610 2680 Fuci,
2637 2610 2906 2673 mendacii,
2929 2609 3004 2662 uel
3025 2610 3221 2678 fraudis
3245 2627 3264 2666 :
3291 2612 3560 2680 nigredine
3584 2614 3785 2678 peccati,

2232 2680 2310 2751 uel
2337 2678 2624 2751 mendacii;
2652 2695 2823 2751 omnes
2851 2681 2984 2732 enim
3013 2682 3099 2748 qui
3127 2683 3178 2732 in
3191 2678 3393 2751 judicio
3431 2685 3689 2748 labuntur,
3717 2691 3792 2734 aut

2232 2750 2468 2803 labentur
2494 2748 2633 2816 odio,
2667 2759 2753 2802 aut
2779 2750 2975 2812 timore,
3005 2758 3092 2801 aut
3124 2748 3314 2814 amore,
3346 2751 3383 2804 Ι.

2303 2819 2427 2892 651.
2458 2816 2699 2892 avoris,
2733 2819 2966 2884 tumoris,
2989 2820 3066 2872 vel
3089 2821 3401 2874 adulationis
3424 2820 3734 2892 :jactantiae,
3755 2819 3788 2872 l.

2235 2957 2263 3011 ὁ
2304 2888 2428 3010 659'.
2479 2888 2869 2954 Periclitemur,
2916 2893 3224 2959 probemus:
3256 2888 3538 2959 periclitari
3583 2901 3652 2944 est
3689 2906 3789 2957 pro-

2267 2975 2373 3011 are.
2424 2998 2437 3011 .

2267 2975 2373 3022 are,
2400 2975 2437 3011 ι.

2159 3015 2206 3080 C
2307 3015 2439 3082 665.
2472 3026 2582 3083 Nec
2607 3026 2756 3094 olim,
2787 3044 2967 3098 nuper,
2998 3028 3039 3082 1.

1923 3115 2486 3174 COMMENTARIUS.

633 3215 757 3270 650.
794 3212 1084 3267 Peveratus
1113 3216 1386 3264 venustam
1415 3207 1550 3260 hanc
1576 3219 1697 3260 esse
1731 3207 2130 3274 expressionem

559 3285 723 3341 dicit:
756 3298 876 3337 nam
904 3282 1110 3336 ardenti
1133 3278 1357 3349 quadam
1388 3278 1474 3331 siti
1503 3286 1559 3349 et
1576 3275 1862 3349 cupiditate
1893 3274 2133 3331 fereban-

559 3368 650 3412 tur
689 3355 740 3408 in
783 3367 1019 3415 crucem,
1051 3361 1108 3405 ut
1135 3347 1225 3420 qui
1252 3348 1553 3403 vehementi
1581 3347 1669 3402 siti
1710 3353 1954 3413 astuant,
1983 3348 2134 3402 avide

561 3429 801 3481 teruntur
831 3424 882 3476 in
914 3436 1123 3491 aquam.

627 3495 751 3550 655.
792 3484 1010 3562 Vigilius
1047 3488 1350 3562 Tapsensis.
1375 3485 1485 3562 _lib.
1505 3501 1587 3562 _vr,
1617 3485 1686 3562 de
1707 3484 1994 3562 Trinitate,
2023 3487 2129 3562 uti-

558 3575 648 3620 tur
677 3566 777 3618 hac
803 3556 933 3618 vu'ce
960 3556 1336 3631 conspicabilis.
1367 3558 1514 3631 Quod
1543 3556 1818 3631 multifarie
1844 3571 1876 3608 a
1905 3557 2133 3631 patribus

559 3637 611 3690 in
645 3630 971 3704 conspicabili
1000 3627 1211 3684 materia
1236 3630 1396 3704 visum
1425 3628 1540 3704 fuit.
1573 3627 1769 3680 Eadem
1808 3641 1908 3704 volt
1940 3628 2130 3704 legitur

560 3707 616 3760 iu
665 3697 907 3759 oraiione
955 3715 1054 3771 pro
1106 3697 1433 3770 martyribus
1468 3698 1607 3752 inter
1659 3710 1820 3767 opera
1867 3697 2133 3768 Cypriano

558 3775 808 3843 ascripta.

631 3846 754 3900 654.
796 3843 1030 3906 Thuan.,
1061 3855 1151 3894 nec

630 3917 754 3971 656.
779 3913 913 3969 Vide
928 3911 1085 3980 epist.
1137 3906 1255 3963 l'ad
1289 3907 1534 3962 Corinth.
1568 3922 1675 3969 xw,
1708 3906 1774 3962 15
1810 3915 1861 3961 et
1889 3921 2045 3980 seqq.
2076 3906 2135 3980 Si

561 3977 1066 4041 autemresurre'ctio
1118 3988 1431 4032 mortuorum
1470 3993 1570 4030 non
1633 3986 1726 4040 est,
1773 3993 1929 4043 neque
1985 3977 2132 4029 Chri-

563 4066 672 4111 stus
714 4053 1008 4118 resurrexit,
1057 4060 1163 4104 etc.
1213 4046 1410 4102 Conler
1467 4047 1625 4099 linem
1682 4047 1903 4114 Apoth.,
1961 4046 2133 4100 Nosco

561 4143 726 4180 meum
749 4127 802 4177 in
827 4121 1030 4178 Christo
1053 4135 1236 4190 corpus
1263 4131 1580 4190 consurgere,
1615 4124 1721 4190 etc.

636 4194 758 4248 6M.
801 4192 891 4246 Sic
916 4192 1089 4245 aiebat
1118 4183 1401 4257 Apostolus
1444 4183 1510 4239 ad
1539 4184 1654 4257 Gal.
1697 4199 1764 4257 ll,
1800 4183 1885 4250 19,
1931 4184 2132 4257 Christo

564 4264 795 4329 conﬁxus
821 4263 1105 4329 sumrcruci.
1145 4254 1372 4329 Lipsius,
1407 4257 1499 4309 lib.
1541 4270 1574 4309 tt
1606 4255 1672 4329 de
1695 4254 1895 4329 Cruce,
1929 4269 2047 4329 cap.
2079 4256 2134 4323 6,

563 4348 629 4385 ex
662 4324 868 4395 Plauto,
899 4328 1109 4392 Nonno,
1143 4324 1468 4380 Na’zianzeno
1498 4324 1780 4379 conﬁrmat
1810 4326 1943 4395 hanc
1978 4325 2139 4393 phra-

1178 3841 1463 3908 ﬂuctuaret.

2240 3209 2470 3278 ripitur,
2522 3210 2765 3278 quamvis
2827 3210 2880 3263 in
2936 3211 3322 3278 antiquioribus
3370 3213 3604 3275 fortasse
3635 3215 3792 3273 desint

2241 3281 2502 3348 exempla.
2541 3281 2864 3347 l’rznceptum
2894 3281 2993 3334 hoc
3021 3289 3192 3334 exstat
3231 3282 3413 3338 Matth.
3445 3302 3553 3348 vn,
3586 3291 3636 3344 6.

2313 3349 2435 3427 650.
2483 3352 2534 3404 In
2564 3350 2852 3427 Parrhasio
2882 3352 3120 3404 tnrhatur
3145 3363 3448 3427 inetrume
3500 3359 3790 3427 trajectinne

2239 3421 2521 3475 verborum
2543 3421 2786 3474 animalia
2814 3437 2876 3474 ne
2912 3428 3096 3475 terant.
3143 3420 3251 3475 Nec
3281 3425 3469 3479 melius
3499 3420 3726 3483 correxit
3754 3444 3797 3483 to

2239 3490 2537 3546 emendatis
2570 3491 2823 3543 Animalia
2852 3500 3081 3543 sanctum
3109 3489 3361 3545 lutulenta
3387 3511 3449 3547 ne
3477 3505 3660 3551 (erant.

2309 3561 2432 3618 651.
2473 3561 2552 3614 Ad
2587 3561 2876 3631 marginem
2907 3560 3024 3615 Vat.
3051 3563 3097 3631 _A
3127 3569 3343 3631 notatur
3377 3562 3568 3620 Passio
3614 3568 3672 3622 S.
3704 3565 3794 3619 Ba-

2238 3646 2368 3685 ται-αξ
2401 3632 2583 3697 pueri;
2609 3631 2672 3684 ad
2702 3629 2889 3702 marg:
2902 3631 3018 3684 Vat.
3049 3629 3106 3693 Ι,
3135 3629 3316 3702 Passio
3344 3632 3405 3689 S.
3436 3633 3625 3690 Barari
3645 3640 3792 3702 pueri.

2241 3702 2572 3756 Mombritius
2602 3702 2654 3755 in
2685 3701 2831 3755 Actis
2861 3700 2919 3755 S.
2950 3701 3170 3754 Itomani
3216 3715 3436 3768 puerum
3464 3718 3622 3761 vocat
3646 3700 3792 3759 Bara-

2244 3771 2377 3836 lam;
2408 3772 2478 3825 ita
2506 3772 2661 3826 etiam
2691 3770 2774 3824 lso
2802 3771 2866 3823 ad
2896 3785 3034 3824 vers.
3068 3772 3189 3824 671.
3222 3772 3536 3838 Eucherius,
3567 3777 3678 3830 sive
3715 3776 3799 3828 En-

2244 3842 2423 3896 sebius
2466 3842 2790 3902 Emissenus,
2821 3849 2930 3905 aut,
2976 3850 3032 3892 nt
3061 3841 3149 3894 alii
3173 3841 3378 3909 volunt,
3411 3841 3714 3900 Gallicanos
3754 3849 3797 3896 in

2245 3910 2459 3966 homilia
2498 3911 2564 3966 de
2593 3911 2648 3966 S.
2678 3909 2916 3982 Romano
2948 3911 3257 3982 martyrium
3290 3914 3436 3982 pueri
3477 3929 3681 3978 narrat,
3712 3917 3795 3969 sed

2244 3996 2436 4062 nomen
2462 3997 2566 4062 non
2597 3981 2816 4062 prolem.
2839 3980 3204 4062 §ttppritttilttr
3230 3980 3390 4062 etiam
3419 3998 3616 4062 nomen
3651 3991 3700 4040 in
3727 4000 3802 4038 se~

2240 4050 2410 4103 cunda
2471 4050 2683 4102 humilia
2729 4050 2782 4104 S.
2837 4051 3230 4119 Chrysostomi,
3283 4055 3398 4108 sive
3441 4054 3702 4109 Flaviani.
3752 4055 3797 4107 lu

2239 4119 2571 4194 orationibus
2598 4119 2756 4194 ofﬁcii
2783 4119 3092 4194 Mazarahici
3125 4121 3210 4174 hic
3238 4137 3369 4190 puer
3389 4135 3613 4179 vocatur
3633 4140 3802 4194 ριιτυω

2243 4188 2555 4243 Theodulus.
2601 4189 2850 4243 Fortasse
2875 4205 2995 4243 cum
3026 4188 3361 4256 ignoraretur
3388 4209 3610 4258 nomen,
3633 4188 3804 4248 ’Τὴνο-

2241 4257 2352 4330 ᾱᾼυιὶ
2401 4274 2590 4330 nomen
2617 4259 2885 4330 Graecum,
2916 4259 3055 4330 quod
3101 4275 3288 4314 servus
3329 4263 3420 4317 Dei
3450 4257 3616 4328 esset,
3650 4265 3800 4330 impo-

2241 4328 2397 4382 situm
2431 4329 2504 4381 illi
2533 4337 2634 4382 est.
2682 4329 2812 4382 Nam
2844 4329 2897 4381 in
2938 4329 3117 4383 ofﬁcio
3145 4330 3477 4387 Mozarabico
3505 4334 3563 4388 S.
3595 4328 3804 4388 Romani

565 4403 648 4454 sin
678 4394 960 4473 excurrere,
983 4400 1271 4473 ascendere,
1299 4398 1452 4449 salire
1480 4397 1531 4448 in
1558 4410 1778 4473 crucem,
1800 4394 2000 4473 scilicet
2017 4409 2138 4473 cre-
2163 4413 2216 4473 Β
2242 4414 2305 4473 ex
2327 4399 2450 4473 solo
2481 4398 2755 4473 Prudentii
2780 4402 2974 4473 hymno
3006 4399 3224 4473 historia
3262 4402 3470 4457 videtur
3509 4406 3799 4470 desumpta.

565 4480 724 4524 ctam.
753 4463 1101 4534 Quarta'sede
1133 4468 1286 4535 hujus
1315 4481 1502 4520 Versus
1528 4465 1784 4532 recipitur
1818 4463 2136 4530 tribrachys.

636 4538 765 4592 644.
807 4537 971 4606 Bong.
1019 4555 1046 4590 a
1080 4539 1247 4606 prima
1278 4552 1455 4599 manu,
1487 4535 1660 4606 Sich.,
1689 4545 1873 4606 natura
1900 4535 2134 4606 simplex.

569 4608 690 4663 Rat.
728 4603 1023 4675 perperam,
1053 4603 1107 4660 in
1133 4619 1316 4676 natura
1338 4607 1544 4676 duplex.
1579 4605 1823 4676 Heinsius
1848 4604 1916 4676 ita
1947 4603 2140 4676 distin-

568 4680 700 4747 guit,
732 4677 796 4729 Et
815 4674 956 4747 nobis
983 4676 1116 4729 Deus
1142 4674 1371 4730 Christus
1393 4674 1639 4740 reuersus,
1668 4675 1774 4744 ipse
1802 4675 1888 4742 qui
1917 4675 2140 4747 moriens

570 4743 719 4802 homo
739 4756 810 4799 est
833 4761 852 4799 :
897 4744 1102 4798 Natura
1141 4747 1330 4814 duplex
1360 4750 1594 4807 moritur,
1621 4755 1668 4797 et
1689 4743 1904 4814 mortem
1942 4743 2136 4800 domat.

569 4819 637 4873 Et
656 4819 795 4871 hanc
815 4813 1222 4868 distinctionem
1242 4816 1592 4868 Ambrosmno
1608 4813 1778 4868 codici
1803 4814 1986 4867 deln-ri
2019 4829 2140 4881 pro-

570 4891 770 4943 ﬁtetur.
795 4883 898 4939 Sed
929 4899 1032 4936 non
1056 4884 1195 4936 male
1231 4884 1525 4951 distingues
1559 4897 1680 4939 cum
1711 4883 1993 4938 Parrhasio
2021 4884 2154 4937 [Va--

571 4968 688 5010 tura
728 4954 917 5023 duplex
948 4953 1229 5023 emoritur,
1279 4963 1327 5006 et
1359 4964 1568 5006 mortem
1604 4955 1817 5008 domat:
1845 4965 1902 5006 ut
1942 4954 2139 5007 intelli-

569 5039 727 5097 gatur
766 5022 818 5080 in
865 5022 1077 5097 Christo
1125 5035 1245 5074 esse
1284 5023 1415 5097 duas
1457 5030 1721 5097 naturas,
1769 5039 1989 5092 quarum
2037 5039 2140 5076 una

570 5090 813 5160 moritur,
844 5094 1004 5148 altera
1032 5097 1259 5144 mortem
1286 5090 1484 5160 domat.
1516 5092 1759 5159 Alioquin
1788 5090 1865 5146 ‘ex
1901 5107 2144 5149 commu-

573 5159 840 5220 nicatione
866 5167 1171 5217 id‘tomatum
1206 5161 1346 5212 Deus
1368 5159 1526 5212 etiam
1557 5171 1795 5216 mortuus
1819 5163 2031 5216 dicitur.

646 5235 769 5290 648.
811 5234 1074 5290 Giselinus
1101 5229 1404 5300 coniecerat
1438 5231 1719 5300 margarita
1739 5247 1995 5300 spargere,
2017 5231 2140 5300 quia

572 5306 626 5360 in
657 5303 1074 5374 Psychomachia
1113 5299 1306 5353 dicitur
1327 5297 1662 5374 margaritum
1704 5297 1902 5374 ingeni.
1935 5297 2141 5355 Revera

573 5378 629 5429 in
658 5367 886 5429 lla'ilsbr.
915 5380 1088 5427 exstat
1116 5367 1391 5438 margarita
1419 5380 1675 5436 spargere,
1701 5367 2139 5438 etiBurmannus,

573 5445 859 5512 Antbolog.
902 5451 1032 5496 tum.
1064 5440 1114 5503 l,
1165 5436 1286 5510 pag.
1315 5436 1439 5500 415,
1484 5443 1727 5512 testatur,
1777 5436 1828 5512 in
1861 5438 2012 5505 Egm.
2046 5454 2142 5512 pro

575 5504 853 5582 margarit'a
887 5526 1146 5582 spargere
1157 5504 1282 5582 esse
1328 5504 1652 5582 margaritas,
1692 5506 1793 5582 sed
1825 5521 1853 5557 a
1907 5504 2140 5562 eccuuda

575 5576 760 5638 mau'u.
803 5576 1047 5636 Heinsius
1085 5579 1251 5634 edidit
1296 5576 1588 5647 margarita,
1620 5576 2030 5647 cuiconsonant
2059 5592 2143 5633 re-

576 5649 862 5718 centiores.
896 5649 952 5704 lu
1000 5644 1422 5718 Psychomachia
1443 5661 1582 5702 vers.
1629 5645 1733 5701 875
1775 5644 2076 5718 producitur
2109 5663 2141 5701 a

576 5717 868 5775 secundum
893 5719 947 5775 in
981 5713 1316 5789 margaritum
1343 5719 1654 5775 necessitate
1684 5713 1874 5782 metri;
1907 5713 1991 5769 hic
2018 5729 2139 5773 cor-

2240 4468 2296 4522 ln
2326 4467 2476 4537 Egm.
2509 4479 2561 4521 et
2593 4467 2854 4532 llailsbr.,
2885 4470 3178 4534 luctuarier,
3210 4472 3483 4526 mendum.
3516 4467 3722 4534 Cicero,
3746 4472 3806 4524 de

2189 4569 2201 4580 -
2240 4538 2484 4602 Oratore,
2515 4537 2637 4590 Non
2666 4537 2895 4591 luctabor
2925 4547 3118 4605 tecum;
3146 4555 3208 4594 ac
3232 4540 3393 4596 Simili
3422 4543 3583 4597 modo
3614 4543 3758 4597 alibi.

2241 4608 2440 4729 di
2479 4609 2652 4676 Supra
2681 4622 2821 4662 vers.
2850 4609 2973 4675 175,
3001 4607 3218 4664 Ratione
3243 4627 3459 4678 mecum,
3491 4629 3594 4667 non
3623 4615 3804 4684 furore,

2351 4695 2366 4729 Ι
2435 4716 2448 4729 .

2281 4692 2448 4731 tnnca.

2312 4747 2438 4802 654.
2478 4745 2659 4807 Fabr.,
2687 4744 2823 4810 Gis.,
2855 4763 3094 4800 sensuum
3124 4750 3352 4803 scicntia.

2313 4817 2437 4872 655.
2481 4815 2665 4891 Plures
2693 4825 2912 4870 censent
2945 4817 3027 4886 {ac
3064 4832 3280 4888 semper
3303 4821 3500 4891 corripi
3529 4837 3544 4873 :
3577 4820 3808 4876 Pruden-

2243 4887 2346 4941 tius
2378 4887 2645 4955 producit.

2314 4954 2438 5030 656.
2482 4957 2600 5012 Vat.
2630 4955 2694 5023 A,
2725 4954 3118 5030 Prag.,_'l‘orn.,
3140 4955 3469 5030 Ruinartius,
3501 4971 3805 5030 septenum.

2242 5027 2462 5096 Corrige
2490 5036 2813 5094 septuennem
2835 5025 3044 5080 ratione
3072 5028 3247 5080 metri.

2241 5096 2456 5220 180223;.
2479 5096 2747 5162 Horatius,
2778 5096 2871 5150 lib.
2903 5111 2978 5164 tv,
3002 5097 3106 5151 ode
3150 5096 3206 5164 4,
3235 5097 3356 5151 Jan:
3383 5099 3516 5153 lacte
3546 5097 3810 5170 depulsum

2279 5233 2437 5316 L964.
2480 5235 2735 5316 Heilsbr,
2760 5235 2936 5302 Alex.,
2966 5235 3273 5316 yrb.,_‘V.tt.
3300 5237 3359 5316 Β,
3384 5239 3660 5316 praecepit,
3680 5234 3812 5305 quod

2243 5305 2498 5382 vitiosum
2542 5307 2594 5357 in
2627 5315 2798 5360 metro
2840 5316 2942 5361 est.
2966 5305 3086 5361 Vat.
3120 5309 3182 5375 Β,
3212 5308 3421 5378 quodvis
3451 5305 3595 5380 roga.
3637 5309 3814 5376 Prag.,

2245 5373 2441 5442 quiduis
2464 5388 2608 5442 rogo.
2635 5441 2650 5442 γ

2305 5441 2441 5520 ⁸665.
2481 5441 2601 5496 Vat.
2630 5441 2712 5520 B,_
2735 5443 2787 5496 in
2822 5460 2919 5512 quo
2968 5446 3250 5500 recentiori
3279 5462 3460 5520 manu,
3495 5457 3548 5502 et
3590 5446 3814 5520 fortasse

2244 5509 2344 5584 fuit
2378 5513 2528 5584 inque
2563 5525 2592 5564 a
2637 5512 2802 5584 prima
2833 5509 3014 5579 inanu,
3045 5529 3100 5570 ut
3132 5526 3278 5584 putat
3310 5509 3601 5580 Mariettus,
3635 5516 3688 5570 id
3715 5525 3814 5575 est,

2378 5580 2510 5633 Mar.
2539 5595 2567 5634 a
2601 5582 2771 5660 prisca
2803 5585 3062 5660 manu,_in
3088 5580 3209 5655 quo.
3255 5587 3393 5660 Lege
3430 5587 3624 5660 _inquit.
3666 5584 3816 5660 Apud

2245 5650 2555 5775 giucfglnuem
2597 5657 2850 5713 Socrates
2890 5650 3170 5724 ptISioném
3219 5650 3382 5713 etiam
3429 5650 3727 5726 interrogat
3763 5652 3816 5710 in
