3994 6176
231 326 317 384 897

439 428 700 486 Lactentis
718 441 828 484 oris
851 428 1105 493 indolem,
1130 426 1340 493 Filiole,
1366 429 1470 493 ait,
1781 426 1834 486 Α

441 521 639 595 1133
663 521 780 589 Dic,
804 522 929 591 quid
957 520 1161 576 videtur
1199 533 1319 575 esse
1345 533 1527 575 verum
1555 529 1609 574 et
1631 531 1761 574 con-

1442 609 1686 682 [gruens,

439 705 672 762 Unumne
701 703 972 760 Christum
994 702 1191 770 colere,
1229 710 1283 758 et
1319 702 1373 758 in
1404 701 1618 758 Christo
1656 703 1760 758 Pa-

433 867 511 920 An
554 863 883 933 comprecari
913 861 1060 916 mille
1087 863 1374 918 formarum
1396 793 1654 918 deulstiem
1675 837 1692 864 ’

345 957 521 1013 Arrisit
549 954 740 1019 infans,
772 969 869 1009 nec
897 963 1133 1008 moratus
1162 953 1394 1017 rettulit;

435 1047 524 1101 Est
536 1043 791 1115 quidquid
807 1044 956 1111 illud,
972 1043 1110 1112 quod
1126 1046 1299 1099 ferunt
1316 1043 1557 1100 homines
1569 1044 1754 1110 Deum,

445 1138 614 1193 Unum
643 1151 761 1192 esse
789 1145 1022 1205 oportet,
1052 1145 1108 1191 et
1131 1135 1272 1206 quod
1297 1136 1386 1190 uni
1414 1145 1496 1191 est
1525 1137 1759 1191 unicum.

431 1235 558 1287 Cum
574 1233 815 1287 Christus
832 1231 932 1286 hoc
944 1232 1036 1296 sit,
1049 1231 1293 1286 Christus
1307 1240 1389 1286 est
1409 1246 1568 1286 verus
1597 1232 1756 1288 Deus.

435 1324 640 1379 Genera
657 1323 880 1378 deorum
910 1322 1077 1377 multa
1103 1336 1201 1376 nec
1228 1322 1378 1392 pueri
1411 1331 1617 1392 putant.
1714 1387 1725 1397 .

373 1419 575 1490 Stupuit
602 1428 882 1489 tyrannus,
915 1419 1016 1474 sub
1043 1418 1245 1490 pudore
1274 1419 1552 1488 fluctuans,

434 1512 542 1566 Nec
570 1511 677 1566 vim
708 1509 932 1567 decebat
959 1510 1227 1565 innocenti
1253 1512 1481 1566 aetatula:

434 1601 635 1658 lnferre
661 1602 828 1671 leges,
855 1614 955 1656 nec
983 1600 1220 1671 loquenti
1248 1601 1369 1656 talia

430 1693 602 1748 Furor
618 1694 826 1748 sinebat
853 1691 1104 1748 ell'eratus
1131 1707 1372 1762 parcere.

437 1787 569 1854 Ouis
595 1797 803 1854 auctor,
835 1788 1025 1858 inquit,
1051 1790 1200 1843 vocis
1228 1795 1310 1843 est
1339 1787 1495 1858 hujus
1524 1787 1656 1842 tibi?

224 869 313 925 670

219 1326 308 1384 675

225 1789 312 1845 680

1326 302 1891 369 PERISTEPHANON
1931 309 2138 367 HYMN.
2179 306 2248 362 Χ.

1863 791 1969 850 685

1793 1782 1840 1842 Β

3332 312 3432 371 898

2031 425 2240 499 1124
2268 425 2558 496 Respondit
2584 425 2713 482 ille:
2736 425 2920 491 Mater,
2944 435 2999 482 et
3023 427 3178 482 matri
3202 426 3358 483 Deus.

2109 521 2201 575 llla
2228 536 2291 574 ex
2318 528 2534 589 parente
2559 519 2758 588 Spiritu
2787 520 2942 575 docta
2965 520 3193 585 imbibit,

2107 612 2224 686 quo
2250 625 2337 666 me
2363 611 2500 665 inter
2521 611 2632 680 ipsa
2663 619 2907 680 pasceret
2934 609 3194 665 cunabula
3226 626 3242 665 :

2107 701 2240 770 Ego,
2268 707 2328 755 ut
2345 701 2589 769 gemellis
2617 701 2837 756 uberum
2866 700 2935 755 de
2985 700 3222 755 fontibus

2111 793 2220 847 Lac
2243 807 2438 860 parvus
2452 791 2626 857 hausi,
2650 790 2922 845 Christum
2949 800 3000 845 et
3024 790 3176 844 hausi
3193 787 3436 844 credere.

2049 880 2190 949 Ergo
2216 883 2326 949 ipsa
2352 889 2523 935 mater
2549 880 2708 943 adsit,
2741 881 3024 942 exclamat,
3055 879 3210 944 cedo,

2115 973 2478 1043 Asclepiades,
2505 972 2802 1041 disciplinae
2826 980 2880 1027 et
2903 974 3102 1027 exitum

2111 1068 2343 1122 Tristem
2371 1080 2482 1120 suae
2506 1065 2757 1135 magistra
2787 1072 2991 1132 spectet
3021 1063 3198 1132 impia,

2124 1157 2260 1213 Male
2287 1157 2481 1213 eruditi
2509 1165 2819 1226 torqueatur
2845 1155 3032 1210 funere

1865 1248 1970 1304 690
2113 1247 2334 1303 Infantis
2359 1248 2513 1313 orba,
2541 1260 2806 1315 quemque
2834 1244 3094 1312 corrupit,
3120 1242 3263 1324 ﬂeat.

2047 1339 2220 1403 Absit,
2255 1338 2527 1392 ministros
2554 1336 2674 1391 vilis
2701 1345 2756 1390 ut
2784 1334 3095 1389 muliercula

2115 1428 2338 1483 Nostros
2368 1429 2578 1497 fatiget;
2601 1426 2886 1495 quantulos
2915 1433 3090 1478 autem
3117 1422 3271 1477 dolui-

2135 1518 2347 1590 1125
2371 1517 2598 1572 Vexabit
2623 1526 2790 1581 artus,
2814 1513 3208 1570 mortisauxiliu
3226 1513 3432 1568 brevis!

2111 1611 2263 1665 Oculi
2291 1611 2523 1679 parentis
2545 1609 2832 1679 punientur
2852 1606 3049 1672 acrius,

1868 1700 1972 1756 695
2113 1700 2281 1766 Quam
2316 1700 2362 1754 si
2391 1707 2628 1754 cruenta:
2679 1698 2918 1754 membra
2948 1704 3166 1766 carpant
3209 1694 3416 1765 ungules

2056 1790 2152 1844 Vix
2185 1791 2298 1846 haec
2326 1791 2580 1860 profatus,
2605 1790 2880 1859 pusionem
2911 1788 3151 1858 praecipit

1492 1915 1775 1973 ϐιοδεῶ
1817 1917 2152 1974 VETERES.

273 2035 381 2089 67l.
404 2031 620 2095 Arrisit,
651 2031 918 2086 consentit.
941 2054 1008 2070 -α
1033 2029 1232 2098 lnfaus,
1257 2028 1496 2084 Barulas.
1531 2057 1600 2068 --
1630 2027 1758 2084 Ret-

216 2106 333 2169 tulit,
356 2103 636 2164 respondit,
662 2101 702 2155 I.

271 2176 378 2228 676.
409 2173 519 2230 Sub
570 2171 796 2242 pudore,
833 2171 926 2225 sub
974 2171 1308 2234 verecundia;
1350 2169 1588 2224 dubitans
1636 2169 1759 2239 quid

217 2245 391 2312 faceret,
417 2244 434 2298 1

271 2316 379 2371 685.
411 2314 608 2379 llausi,
640 2313 807 2380 patavi
831 2349 847 2376 ,
881 2310 921 2364 Ι.

1934 2031 2058 2086 686.
2083 2031 2252 2096 Cedo,
2284 2033 2578 2095 consentio;
2601 2032 2816 2102 inspero,
2849 2031 2888 2083 l.

1939 2102 2062 2154 690.
2093 2102 2256 2170 Orba,
2291 2102 2466 2155 vidua.
2496 2130 2564 2142 -—
2590 2099 2859 2170 Corrupit,
2887 2115 2981 2154 sua
3006 2099 3258 2166 doctrina,
3290 2099 3329 2155 Ι.

1937 2171 2062 2242 692.
2087 2171 2358 2238 Quantus,
2389 2187 2542 2239 quam
2566 2187 2768 2242 parvus,
2801 2172 2932 2242 Mar.

1936 2241 2062 2295 695.
2095 2241 2299 2304 Mortis,
2329 2243 2448 2310 quia
2474 2243 2569 2295 cito
2589 2243 2804 2294 moritur
2834 2241 3027 2309 infans,
3063 2242 3112 2297 Ι.

1936 2310 2064 2366 694.
2090 2312 2298 2378 Acrius,
2346 2311 2565 2366 videndo
2593 2311 2822 2366 dolorem
2841 2313 2957 2380 ﬁlii,
2982 2313 3022 2367 ι.

1524 2443 2082 2502 COMMENTARIUS.

268 2560 379 2615 667.
416 2557 566 2620 Ald.,
595 2556 755 2625 Man,
795 2555 932 2611 Vatit
954 2555 1020 2623 ρ,
1067 2555 1248 2619 Alex.,
1279 2557 1535 2612 laetantis.
1566 2556 1758 2610 Giseli-

213 2647 294 2684 nus
320 2629 474 2684 edidit
523 2627 786 2691 laetantis,
832 2626 927 2681 sed
970 2628 1023 2681 in
1053 2627 1348 2682 emendatis
1391 2627 1632 2682 correxit
1678 2629 1758 2681 la-

212 2702 386 2767 ctentis,
411 2697 557 2764 quod
586 2712 689 2750 non
719 2697 927 2752 videtur
951 2697 1264 2752 observasse
1296 2697 1564 2752 Heinsius.

269 2770 379 2825 668.
408 2769 593 2838 Ρηις.ἱ
616 2783 808 2838 verum,
829 2777 879 2838 et
895 2782 1194 2837 congruum.

270 2840 378 2894 670.
401 2837 666 2919 Minucius
697 2854 710 2889 :
744 2837 881 2919 Quid
903 2839 1084 2919 format
1108 2839 1232 2908 ipsa:
1266 2845 1314 2891 et
1334 2837 1534 2919 habitus
1555 2839 1767 2919 {nonne

211 2920 404 2980 arguunt
430 2907 680 2973 ludibria,
706 2917 752 2960 et
783 2906 1031 2988 dedecora
1050 2906 1256 2960 deorum
1285 2907 1600 2961 vestrorum?
1642 2906 1770 2988 Vtil-

213 2995 347 3032 cauus
366 2979 582 3032 claudus
611 2979 733 3030 deus
754 2985 799 3029 et
826 2976 1041 3041 debilis;
1064 2978 1245 3045 Apollo
1262 2986 1332 3030 tot
1347 2977 1578 3031 letalibus
1599 2977 1770 3038 laevis;

211 3047 490 3118 Esrulapius
515 3051 646 3118 bene
669 3047 926 3118 barbatus,
948 3050 1038 3118 etsi
1061 3063 1256 3118 semper
1269 3049 1596 3118 adolescentis
1617 3047 1774 3118 Apol-

212 3119 313 3186 linis
332 3116 463 3182 ﬁlius
481 3135 500 3184 ;
540 3117 820 3186 Neptunus
833 3116 1024 3186 glaucis
1053 3117 1232 3179 oculis,
1265 3128 1369 3170 etc.
1405 3116 1678 3172 Fabricius
1703 3131 1766 3170 ex

1863 2556 2158 2612 Fabricius.
2189 2557 2378 2612 Cicero
2398 2559 2449 2613 5.
2473 2558 2760 2614 Tusculan.
2785 2579 2796 2612 :
2832 2559 2900 2613 Iit
2928 2560 3323 2627 peneeumlaete
3344 2577 3450 2613 nu-

1863 2627 2003 2681 tricis
2032 2643 2254 2682 errorem
2279 2629 2476 2682 suxisse
2504 2628 2785 2682 videamur.
2826 2630 3092 2692 Barthius,
3147 2631 3238 2685 lib.
3295 2647 3436 2691 xxxii

1864 2695 2003 2754 Adv.
2031 2711 2150 2764 cap.
2180 2698 2271 2758 21,
2299 2698 2526 2753 advertit
2579 2696 2835 2767 Christum
2873 2701 3074 2752 credere
3101 2716 3194 2767 pro
3238 2701 3440 2754 credere

1866 2769 1918 2820 in
1953 2767 2209 2821 Christum
2235 2782 2340 2820 non
2367 2769 2591 2822 barbare
2617 2783 2645 2820 a
2689 2766 2974 2822 Prudentio
3000 2766 3128 2824 dici.

1942 2837 2049 2892 686
2099 2838 2254 2906 Prag.
2271 2852 2483 2907 semper
2504 2837 2687 2892 scribit
2708 2840 2854 2894 assit.

1941 2907 2064 2978 687.
2101 2907 2253 2978 Egm.
2286 2907 2388 2961 alia
2421 2923 2613 2978 manu,
2628 2917 2684 2960 ut
2709 2912 2922 2962 exitum.

1933 2977 2074 3041 688.
2103 2976 2168 3031 In
2200 2978 2456 3061 magis-tre
2471 2976 2647 3061 baevis
2676 2989 2869 3061 manet
2881 2986 3174 3061 postrema,
3202 2980 3443 3047 quamvis

1879 3064 1938 3117 sp
1958 3060 2230 3112 sequatur.
2268 3047 2396 3102 Vide
2417 3047 2625 3114 Proleg.
2661 3062 2806 3102 num.
2836 3049 2964 3112 215,
2994 3049 3046 3103 in
3078 3058 3223 3104 nota.

1951 3117 2072 3173 689.
2107 3117 2304 3173 Matres
2333 3131 2505 3185 aeque,
2559 3119 2638 3171 vel
2667 3120 2836 3186 magis
2883 3118 3116 3184 torqueri
3166 3123 3216 3174 in
3265 3119 3446 3175 liberis

213 3163 717 3256 ἰίὲἑξεὲὲὶέἶῖειῖιᾱῖιίι
740 3163 762 3238 ἒ
794 3163 894 3257 Ii'te
915 3163 1771 3254 ρὲίεηηιιῆιὲνᾶἑὶυιιᾶἔζ’ἔτ”ηἷξᾶὲ
1799 3163 1845 3225 C
1877 3163 2047 3254 qua};
2060 3163 3444 3257 astusastus";iussaene".[statstat

211 3273 286 3324 per
306 3255 432 3328 aras,
465 3257 751 3328 Barbatos,
810 3255 1054 3328 (levesque
1079 3257 1219 3320 deos,
1252 3257 1575 3328 iuvenesque,
1599 3273 1772 3312 senes-

211 3343 306 3395 que,
341 3327 404 3382 Ut
429 3328 697 3396 quondam
726 3326 905 3396 fecere,
935 3327 1132 3379 colunt.

271 3397 380 3451 673.
413 3394 568 3461 Ᾱιιι.,
597 3394 862 3459 Termes"
884 3396 1136 3449 omittunt
1177 3403 1246 3460 et,
1289 3394 1428 3462 quod
1479 3404 1648 3450 metro
1678 3411 1772 3451 ne-

211 3468 472 3521 cessarium
520 3475 632 3521 est.
664 3465 928 3536 Cauchius
964 3464 1282 3536 conjiciebat
1311 3467 1446 3534 quod
1483 3467 1662 3536 cuique
1699 3474 1774 3520 est

213 3537 416 3602 unicum,
445 3537 593 3592 forte
621 3537 738 3590 sine
791 3545 858 3599 et,
903 3535 1003 3588 hoc
1026 3545 1198 3600 pacto,
1233 3533 1402 3590 Unum
1422 3553 1530 3590 esse
1551 3533 1769 3605 oportet,

210 3607 329 3671 quod
349 3609 528 3675 cuique
558 3616 631 3660 est
661 3606 882 3658 unicum.
906 3605 1178 3661 Sententia
1204 3613 1288 3660 est
1321 3606 1507 3659 eadem
1535 3620 1650 3674 qua:
1679 3621 1773 3660 ex-

212 3677 431 3737 primitur
470 3677 774 3743 llamartig.
809 3690 947 3729 vers.
973 3675 1064 3737 59,
1086 3675 1182 3729 Cui
1203 3676 1341 3743 filius
1363 3676 1541 3729 unicus
1569 3677 1657 3728 uni
1676 3685 1769 3729 est.

213 3743 372 3814 Itaque
397 3749 499 3802 etsi
531 3747 697 3816 vulgo
722 3745 1046 3816 distinguant
1065 3754 1113 3797 et
1136 3745 1273 3816 quod
1297 3746 1408 3816 uni,
1439 3755 1510 3800 est
1529 3747 1766 3816 unicum,

210 3813 366 3870 tamen
393 3826 520 3883 puto
554 3813 651 3869 ita'
670 3815 870 3885 debere
899 3813 1148 3884 distingui
1171 3824 1221 3869 et
1247 3815 1383 3885 quod
1412 3817 1526 3885 uni
1547 3825 1618 3869 est
1667 3815 1780 3868 uni-

210 3899 329 3955 eugn,
358 3887 509 3955 quasi
533 3885 683 3940 dicat
707 3884 872 3955 Deum
904 3899 1024 3939 esse
1045 3899 1230 3949 unum,
1261 3884 1355 3954 qui
1384 3894 1466 3940 est
1511 3884 1689 3955 Pater,
1722 3892 1778 3940 et

211 3951 390 4024 Filius;
407 3957 495 4024 qui
519 3955 617 4011 uni
639 3964 721 4009 est
741 3953 936 4024 unicus
968 3970 983 4010 :
1016 3965 1068 4008 et
1093 3954 1161 4008 ita
1184 3951 1326 4009 clare
1350 3955 1478 4023 legit
1507 3954 1774 4009 Lotterus.

209 4022 510 4080 Parrhasius
537 4025 708 4079 edidit
732 4022 776 4094 ll
781 4040 902 4094 num
929 4040 1035 4077 esse
1059 4033 1250 4094 Oportet
1269 4022 1435 4092 :quod
1457 4027 1545 4078 uni
1562 4036 1635 4078 est
1661 4025 1778 4079 uni-

209 4107 329 4150 cum.
379 4095 706 4150 Emendavit
755 4093 924 4148 Unum
966 4093 1328 4163 esse'Oportet,
1351 4102 1484 4162 quod
1514 4096 1663 4148 unius
1706 4102 1778 4147 est

208 4163 415 4218 unicum.
441 4164 707 4221 Neutrum
737 4163 823 4218 lex
844 4167 996 4219 metri
1030 4166 1244 4231 patitur.
1295 4164 1535 4219 Latinius
1563 4163 1614 4218 in
1666 4173 1774 4218 vet.

207 4233 314 4286 cod.
340 4235 550 4290 invenit
585 4234 756 4289 Unum
778 4250 886 4287 esse
925 4243 1116 4302 oportet
1153 4234 1482 4304 undequaque
1508 4235 1642 4303 quod
1667 4234 1781 4287 uni-

209 4315 309 4380 cum
328 4315 420 4357 est.
449 4305 566 4361 Sed
593 4307 928 4374 undequaque
952 4320 1047 4374 pro
1073 4303 1404 4374 undecunque
1449 4318 1634 4373 parum
1682 4303 1782 4357 La-

208 4379 358 4427 tinum
381 4383 486 4430 est.

267 4442 386 4497 674.
410 4445 640 4501 Scilicet
675 4442 922 4498 Christus
943 4453 1024 4498 est
1055 4442 1128 4510 id,
1157 4442 1296 4510 quod
1317 4451 1398 4497 est
1419 4443 1510 4498 uni
1541 4443 1775 4498 unicum.

1873 3258 2028 3311 tiunt.
2057 3255 2192 3312 Vide
2219 3257 2276 3311 P.
2302 3257 2530 3311 Fabrum
2560 3259 2594 3312 ὅ
2619 3268 2866 3313 semestr.
2893 3273 3010 3326 cap.
3036 3259 3090 3314 8.

1941 3327 2066 3399 690.
2095 3327 2253 3399 Ald.,_
2271 3328 2592 3399 corrumpit;
2623 3330 2840 3396 rectius,
2873 3330 3124 3399 corrupit.

1943 3397 2069 3452 69l.
2098 3397 2464 3452 Nebrissensis
2493 3397 2621 3465 legit
2644 3398 2798 3461 adsit,
2841 3407 2894 3452 et
2941 3397 3076 3452 hanc
3119 3413 3237 3452 esse
3261 3414 3461 3454 veram'

1871 3465 2176 3538 lectionem,
2202 3482 2315 3538 non,
2327 3466 2490 3538 absit,
2507 3475 2804 3538 asseverat.
2823 3467 3154 3538 Longissime
3169 3469 3234 3524 ab
3252 3487 3314 3524 eo
3332 3471 3412 3525 ds
3424 3502 3445 3514 -

1872 3537 2045 3591 sentio
2075 3553 2090 3591 :
2121 3546 2176 3591 et
2201 3535 2444 3590 codicum
2477 3535 2634 3591 lectio
2651 3545 2734 3590 est
2753 3537 2902 3592 absit.

1954 3605 2075 3678 692.
2133 3605 2281 3678 Ald.,
2345 3604 2544 3678 Pr§_g._,
2593 3605 2804 3678 Torii..,
2859 3607 3189 3678 Rarrhasius,
3249 3609 3441 3678 Egm.,

1874 3675 2127 3742 Hailsbr.,
2158 3675 2348 3745 Bona"
2385 3672 2611 3738 Widm.,
2659 3675 2834 3741 Alex.,
2888 3677 3005 3731 Vat.
3057 3680 3120 3742 ρ,
3167 3672 3446 3745 quaiuulus

1873 3755 2041 3799 autem
2064 3746 2230 3800 dolor.
2265 3743 2663 3815 Mar.,quantus
2687 3755 2856 3797 autem
2881 3747 3046 3800 dolor.
3075 3743 3254 3811 Fabr.,
3282 3765 3444 3815 quan-

1875 3817 2011 3869 tulus
2060 3825 2132 3870 est
2155 3825 2318 3868 autem
2346 3813 2534 3868 dolor?
2581 3813 2792 3867 Vexabit
2839 3830 3001 3881 artus,
3031 3818 3206 3869 mortis
3250 3813 3447 3872 auxilio

1873 3885 2054 3940 brevis.
2082 3884 2196 3939 Gis.
2224 3899 2344 3938 cum
2371 3899 2470 3938 suo
2498 3899 2622 3948 ms.,
2641 3885 2861 3938 tantulos
2892 3896 2946 3938 at
2970 3888 3014 3940 si
3060 3887 3204 3938 dolor
3239 3885 3446 3942 Vexarit

1876 3963 2039 4023 artus,
2091 3954 2437 4016 Alurmellius,
2491 3954 2739 4008 Lotterus
2773 3955 2992 4010 tantulos
3051 3965 3218 4009 autent
3274 3956 3444 4011 dolor.

1875 4023 2054 4079 Codex
2079 4025 2293 4089 Latiuii,
2318 4023 2536 4078 Nostros
2560 4025 2736 4094 fatiget
2758 4027 2996 4093 tantulos,
3024 4036 3075 4078 at
3103 4025 3145 4079 si
3166 4025 3312 4077 dolor
3348 4027 3447 4094 Ve-

1875 4095 2032 4148 παθη.
2055 4094 2290 4158 Thuan.,
2315 4094 2486 4161 Rott.,
2514 4093 2669 4160 Urb.,
2697 4097 2965 4162 quantulus
2987 4106 3151 4149 autem
3174 4095 3320 4148 dolor
3348 4093 3450 4149 γε.

1876 4165 2015 4218 arabit
2043 4175 2207 4228 artus,
2235 4163 2376 4230 quod
2404 4164 2651 4218 Heinsius
2689 4175 2902 4219 secutus
2941 4175 3042 4219 est.
3087 4165 3302 4220 Teutius
3325 4180 3446 4220 cum

1878 4234 2126 4297 Weitzio,
2154 4243 2210 4290 et
2243 4234 2520 4288 Ruiuartio
2540 4244 2594 4288 et
2621 4233 2890 4303 plerisque
2905 4235 3050 4290 Vatt.
3077 4234 3259 4300 codd.,
3288 4251 3450 4302 quau-

1880 4306 2017 4360 tulus
2036 4313 2206 4358 autent
2225 4305 2393 4358 dolor.
2421 4303 2667 4358 Heinsius
2691 4314 2898 4359 notarat
2924 4305 2974 4359 id
2993 4320 3112 4359 esse
3128 4315 3314 4359 contra
3337 4321 3450 4360 mc-

1882 4386 2042 4430 trum.
2069 4374 2409 4442 Respoodere
2457 4383 2634 4436 posset
2661 4373 2878 4430 'l‘eolius
2927 4389 3030 4428 non
3067 4376 3448 4428 maz.is'conlra

1881 4454 2105 4499 metrum
2127 4459 2247 4502 esse
2263 4459 2418 4511 quam
2442 4443 2492 4508 Ν
2495 4460 2559 4496 οη
2578 4443 2868 4498 destiterunt
2887 4447 3090 4514 pingere
3107 4447 3322 4514 formam
3343 4459 3458 4498 cru-

271 4511 388 4567 675.
421 4514 748 4569 Parrhasius
776 4513 943 4584 milia,
973 4513 1195 4584 emenda
1226 4514 1407 4584 multa.
1433 4512 1778 4568 Proverbium
1805 4513 1857 4575 D
1882 4516 1954 4568 cis
1981 4530 2122 4568 vers.
2153 4515 2278 4582 628,
2313 4523 2468 4581 prout
2497 4514 2743 4567 lleinsius
2773 4511 3056 4584 expressit.
3102 4511 3224 4569 Mihi
3277 4515 3451 4584 placet

206 4591 278 4635 est
304 4599 393 4636 nec
418 4585 572 4651 pueri
599 4590 797 4651 putant.
829 4583 1100 4637 Juvenalis
1128 4593 1227 4636 sat.
1264 4583 1319 4646 2,
1349 4583 1458 4637 Nec
1489 4583 1631 4651 pueri
1673 4598 1782 4636 cre-

207 4654 338 4730 dant,
361 4656 464 4707 nisi
489 4655 584 4724 qui
614 4653 842 4730 nondum
871 4668 972 4706 aere
995 4656 1248 4706 lavantur.
1280 4653 1599 4708 Prudentius
1625 4668 1782 4722 argu-

211 4722 302 4793 tius
329 4737 359 4778 e
383 4722 620 4793 persona
652 4722 822 4790 pueri.

267 4783 395 4846 677:
423 4783 808 4861 Pharrbasius,
841 4783 1103 4856 doﬁbant,
1147 4791 1352 4846 scilicet
1375 4793 1538 4861 leges.
1579 4791 1777 4846 Puero-

207 4873 310 4913 rum
339 4864 563 4918 aetatem
585 4864 848 4916 innoxiam
875 4861 1008 4915 dixit
1035 4861 1249 4915 Tacitus
1277 4863 1367 4916 lib.
1406 4877 1462 4916 ιιι
1505 4862 1664 4924 Hist.,
1688 4862 1785 4916 Mi-

207 4932 384 4986 nucius
405 4949 579 4986 annos
606 4935 936 4996 innocentes;
969 4931 1292 4996 Lactantius,
1327 4933 1420 4986 lib.
1456 4948 1493 4995 l,
1548 4945 1666 5000 cap.
1690 4932 1782 4996 21,

207 5002 492 5057 Ιηνιοεεηεεε
516 5002 752 5065 animas;
781 5001 1160 5069 Tertullianus,
1187 5003 1442 5056 adversus
1469 5001 1784 5055 Marciouem

207 5070 290 5142 lib.
325 5087 404 5137 tv,
433 5087 564 5142 cap.
595 5070 686 5138 25,
717 5073 1035 5125 innocentem
1074 5081 1292 5142 ajtatem.
1345 5072 1419 5126 Ita
1445 5071 1536 5125 alii
1578 5081 1632 5124 et
1656 5071 1786 5125 olim

206 5140 357 5195 luenti
389 5139 550 5210 sunt,
582 5150 636 5197 et
658 5143 857 5196 nostris
875 5139 1206 5210 temporibus
1230 5143 1536 5210 loquuntur.

267 5211 393 5266 678.
452 5208 607 5274 Rat,
655 5211 844 5278 Torn.,
885 5210 1063 5280 Prag.,
1096 5208 1314 5280 Weitz.,
1342 5211 1490 5281 legis.
1514 5209 1764 5266 Lotterus

205 5274 336 5352 Gis..
369 5282 504 5352 lege.
532 5281 648 5337 Gis.
690 5282 743 5335 in
771 5274 961 5352 marg.,
988 5274 1139 5352 leges.

268 5351 397 5406 680.
431 5351 565 5405 Vat.
600 5353 658 5415 ll,
693 5351 838 5416 Quis,
869 5351 1052 5419 inquit,
1078 5359 1274 5404 auctor.

274 5421 402 5474 uss.
432 5422 578 5486 PaL,
612 5420 868 5483 Hailsbr.,
895 5420 1125 5487 spiritus,
1161 5421 1318 5473 male.

271 5489 400 5544 685.
435 5490 658 5559 Barrb.,
677 5506 826 5556 quam
852 5504 945 5558 pro
975 5504 1096 5556 quo.
1125 5489 1312 5543 Retine
1339 5505 1460 5559 quo.

271 5559 402 5613 684.
436 5555 651 5626 Ubera,
690 5555 822 5629 quae
855 5555 1149 5628 aliquando
1174 5555 1486 5614 sororiantia
1518 5555 1785 5624 dicuntur,

204 5629 475 5683 concinne
501 5641 658 5684 vocat
687 5629 928 5699 gemellos
950 5632 1132 5697 fontes.
1247 5675 1249 5677 ,

270 5699 401 5754 685.
447 5698 702 5755 ιιειιιιὶιισ
729 5713 849 5755 cum
898 5700 1031 5754 lacte
1078 5698 1412 5766 proverbiale
1458 5712 1599 5764 esse,
1639 5705 1786 5754 notat

1887 4585 2068 4666 llensii
2096 4584 2275 4666 lectio,
2307 4584 2426 4666 quia
2472 4591 2528 4637 et
2577 4593 2749 4664 metro
2768 4587 3030 4666 congruit,
3063 4599 3232 4654 neque
3257 4600 3286 4639 a
3316 4600 3457 4666 sen-

1889 4655 2047 4709 tentia
2077 4653 2300 4718 abludit,
2329 4653 2438 4707 imo
2456 4654 2620 4710 riiagis
2640 4667 2760 4708 cum
2779 4669 2837 4709 ea
2855 4655 3088 4710 cohaeret
3120 4653 3268 4710 :non
3312 4657 3457 4710 enim

1886 4725 2038 4794 dolor
2065 4731 2178 4777 erat
2204 4736 2416 4792 parvus,
2467 4723 2559 4794 sed
2600 4732 2745 4778 artus
2801 4735 2952 4779 erant
2999 4727 3163 4794 parvi,
3232 4724 3458 4794 ideoque

1889 4793 2035 4848 brevi
2062 4791 2230 4848 morte
2259 4805 2408 4846 erant
2439 4791 2724 4846 efficiendi.
2762 4791 3036 4849 Fabricius
3089 4797 3140 4850 in
3184 4791 3459 4849 commen-

1891 4865 2024 4918 tario
2047 4863 2296 4932 peculiari
2333 4862 2539 4916 videtur
2565 4861 2796 4918 edidisse
2821 4864 3044 4918 tantulus
3093 4877 3144 4918 at
3198 4866 3241 4918 si
3289 4864 3454 4927 dolor,

1890 4950 2010 4988 nam
2039 4949 2223 4988 vocem
2247 4933 2466 4986 tantulos
2491 4934 2711 4999 exponit
2735 4943 2836 4988 tam
2867 4945 3081 5000 teneros,
3110 4944 3155 4988 et
3179 4934 3346 4986 adhuc
3376 4933 3456 4985 Ia-

1889 5012 2097 5058 ctentes.
2124 5001 2381 5074 Fortasse
2413 5003 2608 5056 melius
2632 5005 2976 5074 intelligetur,
3000 5017 3299 5074 sermonem
3329 5016 3460 5074 esse

1889 5074 1958 5129 de
1980 5073 2411 5137 matrisartubus,
2429 5083 2562 5126 utex
2584 5072 2826 5129 versibus
2841 5073 3185 5143 sequentibus
3196 5072 3454 5139 arguitur.

1961 5165 2086 5219 693.
2113 5164 2234 5220 Ald.
2263 5174 2315 5216 et
2346 5164 2588 5219 nonnulli
2613 5166 2782 5233 vulg.,
2806 5167 3032 5220 vexabat.
3079 5163 3342 5218 Cauchius
3375 5177 3462 5233 re-

1890 5235 2122 5358 gio‘nebalt
2141 5236 2352 5288 vexarit.
2384 5233 2542 5288 Fabr.
2575 5231 2878 5306 suspicatur
2899 5234 3074 5288 mortis
3113 5242 3339 5302 aspectu.
3370 5231 3460 5286 Ni-

1909 5321 1941 5357 u
1994 5320 2080 5358 mu
2103 5319 2160 5358 υ.

1963 5394 2087 5450 594.
2115 5396 2267 5449 Alex.
2292 5411 2320 5449 a
2355 5397 2520 5464 prima
2553 5411 2734 5454 manu,
2766 5394 2940 5464 Esau,
2971 5400 3221 5464 parentes.
3261 5390 3462 5464 Widm.

1892 5479 1922 5518 a
1947 5466 2117 5548 prima
2137 5480 2319 5547 niani),
2352 5461 2509 5548 Man,
2535 5461 2825 5532 parentatur.
2846 5461 3000 5531 Frag.
3038 5463 3330 5531 puniantur.
3364 5462 3465 5516 Re-

1893 5547 2034 5590 ctius
2061 5547 2283 5603 parentis
2314 5547 2603 5597 punientur.

1969 5628 2092 5682 696.
2123 5626 2312 5689 Torn.,
2346 5627 2608 5694 profanus,
2659 5621 2931 5678 mendose.
2985 5621 3164 5692 Prag.,
3216 5625 3464 5694 profatur,

1899 5698 2072 5752 minus
2102 5697 2252 5751 bene.
2277 5697 2426 5752 Alex.
2462 5709 2489 5746 a
2521 5694 2687 5761 prima
2721 5708 2903 5758 manu,
2937 5698 3190 5764 prcrcepit,
3222 5697 3386 5750 male.
