3994 6176
444 250 551 306 J99

702 354 942 412 Sublime
969 352 1178 416 tollant,
1203 358 1258 407 et
1287 365 1447 405 manu
1481 349 1696 418 pulsent
1717 354 1888 414 nates,
2041 349 2093 406 Α

692 445 809 500 llos
837 453 892 498 et
921 453 1127 498 remota
1149 450 1300 496 veste
1325 439 1492 509 virgis
1513 438 1797 493 verberent
1816 477 1832 499 ,

692 538 1067 606 Teucrumque
1091 535 1239 589 duris
1263 532 1457 588 ictibus
1482 540 1690 598 tergum
1719 536 1922 591 secent,

447 628 550 682 700
683 604 832 682 Plus.
843 628 984 681 unde
1008 625 1158 679 lactis
1179 639 1337 694 quam
1363 624 1574 678 cruoris
1597 621 1812 675 deﬂuat.

621 718 964 785 Quaacautes
995 713 1124 770 illud
1160 713 1360 784 perpeti
1390 712 1777 781 spectaculum,

697 811 828 878 Quis
855 809 997 865 ferre
1023 808 1192 878 possit
1213 807 1360 874 :eris,
1391 817 1482 860 aut
1513 807 1638 860 ferri
1686 803 1866 872 rigor?

715 904 944 969 lmpacta
959 942 962 944 .
975 905 1186 969 quoties
1217 911 1414 967 corpus
1434 897 1683 964 attigerat
1701 894 1857 955 Salix,

703 990 914 1062 1126
936 987 1105 1042 Tenui
1125 986 1385 1041 rubebant
1409 984 1668 1054 Sanguine
1693 983 1794 1036 uda
1816 979 2032 1048 vimina,

700 1083 868 1147 Quem
903 1080 1053 1148 plaga
1082 1079 1236 1132 llerat
1263 1075 1491 1131 roscidis
1521 1074 1796 1129 livoribus.

634 1173 837 1229 Ferunt
865 1172 1102 1224 minaces
1127 1167 1529 1223 verberantium
1559 1180 1724 1235 genas

701 1262 1092 1332 lllacrymasse.
1124 1271 1315 1328 sponte
1344 1254 1752 1312 demanantihus

704 1344 880 1409 Guttis
905 1367 1002 1422 per
1026 1366 1118 1408 ora
1141 1351 1429 1406 barbarum
1461 1347 1761 1412 frementia,

704 1441 922 1497 Scribas
943 1451 997 1496 et
1025 1442 1192 1507 ipsos,
1221 1448 1278 1494 et
1306 1453 1559 1494 coronam
1583 1435 1838 1505 plebium,

707 1531 1073 1602 Proceresque
1096 1528 1256 1586 siccis
1283 1543 1388 1584 non
1412 1527 1628 1583 stetisse
1657 1524 1880 1580 visibus.

451 1083 558 1137 705

457 1532 559 1590 7l0

1543 233 1811 293 AUREL"
1852 231 2216 290 PRUDENTII
2261 229 2585 286 CARMINA.

2305 346 2373 396 At
2394 342 2508 394 sola
2537 347 2708 394 mater
2737 337 2889 392 ltisce
2920 337 3168 410 lamentis
3187 346 3354 398 caret,

2382 431 2491 486 Soli
2520 445 2712 485 sereno
2735 429 2882 484 frons
2909 429 3115 484 renidet
3145 427 3338 496 gaudio
3373 441 3387 479 :

2383 523 2497 579 Stat
2515 521 2566 576 in
2588 522 2797 592 piorum
2827 518 2992 581 corde
3017 519 3188 588 pietas
3217 517 3426 582 fortior,

2390 619 2586 669 Amore
2607 611 2837 676 Christi,
2870 619 3160 664 contumax
3191 609 3484 674 doloribus,

2382 703 2691 772 Firtnatqne
2715 685 2931 755 sensum
2955 699 3129 754 mollis
3157 699 3517 768 indulgentiae.

2313 795 2478 851 Sitire
2507 809 2626 847 sesc
2657 807 2851 861 parvus
2876 791 3270 866 exclamaverat
3300 809 3313 843 :

2393 885 2598 956 1127
2622 883 2827 938 Anima:
2851 883 3120 954 aestuantis
3143 882 3303 934 ardor
3323 881 3376 950 in
3396 881 3720 938 cruciatibus

2392 977 2501 1030 lloc
2531 975 2798 1045 exigebat,
2824 973 3057 1044 lymphae
3088 982 3144 1027 ut
3166 972 3413 1026 haustutu
3435 983 3718 1042 posceret:

2377 1068 2546 1134 Quem
2578 1075 2725 1120 torva
2757 1074 2928 1138 mater
2954 1064 3163 1134 eminus
3186 1065 3320 1132 tristi
3353 1065 3571 1118 intuens

2394 1157 2574 1220 Vultu,
2600 1166 2654 1213 et
2679 1157 2885 1212 severis
2914 1156 3132 1212 vocibus
3163 1156 3240 1210 sic
3272 1155 3546 1224 increpat:

2321 1250 2476 1313 Puto,
2505 1248 2792 1312 imbecillo,
2831 1259 2974 1312 nate,
3010 1247 3440 1324 turbat-istuctu,

2397 1343 2461 1396 Et
2486 1349 2539 1396 te
2559 1341 2760 1412 doloris
2790 1340 2981 1394 ltnrror
3007 1340 3508 1414 alnictumddotuat:

2387 1433 2503 1488 Non
2533 1433 2670 1487 hanc
2698 1447 2938 1502 meorum
2971 1431 3230 1502 viscerum
3255 1432 3475 1500 stirpem
3514 1429 3630 1484 fore

2400 1526 2508 1582 Deo
2534 1522 2818 1594 spopondi,
2845 1538 2952 1577 non
2983 1522 3035 1576 in
3064 1522 3200 1576 banc
3224 1535 3373 1598 spem
3391 1520 3591 1598 gloria:

2137 707 2241 760 7ίό

2141 1159 2247 1216 7ἓο

1761 1640 2046 1698 ϐιοεδΑῑ
2086 1639 2428 1704 VETERES.

529 1759 655 1814 703.
680 1758 936 1826 lmpaeta,
957 1758 1208 1812 immissa.
1242 1757 1500 1829 Impinge,
1533 1759 1589 1813 id
1615 1766 1688 1813 est
1717 1759 1892 1824 mitto;
1919 1757 2038 1812 inde
2071 1760 2118 1820 Β
2145 1773 2334 1822 sponsa
2355 1757 2611 1829 martyris,
2655 1757 2992 1826 excipiebant.
3018 1784 3089 1796 -—
3117 1755 3408 1820 Coronam,
3439 1719 3738 1813 multitude?

463 1829 1075 1967 mggliiallllacrymasse,
1103 1897 1250 1952 ualde
1274 1895 1608 1968 lacrymasse.
1646 1928 1716 1937 —
1748 1862 2044 1953 licmanan-

467 1969 627 2032 tibus,
651 1968 978 2037 cﬁluentibus,
1012 1968 1054 2022 I.

533 2039 659 2094 του.
693 2039 926 2103 Scribas,
963 2047 1271 2109 exceptans,
1319 2037 1407 2108 qui
1443 2038 1580 2092 dicta
1617 2037 1812 2106 judicis
1863 2046 1913 2092 et
1964 2053 2046 2092 re-

2151 1844 2282 1886 nem,
2309 1829 2344 1882 l.

2221 1898 2346 1952 7H.
2377 1898 2555 1960 Hisce,
2583 1913 2675 1964 pro
2703 1897 2804 1957 Itis,
2837 1896 2878 1948 1.

2219 1969 2343 2022 712.
2371 1968 2505 2032 Soli,
2530 1969 2628 2023 illi.
2657 1995 2728 2009 --
2754 1966 3000 2042 Renidet,
3049 1965 3355 2037 resplendet,
3395 1966 3440 2022 Ι.

1807 2146 2370 2205 COMMENTARIUS.

537 2255 662 2313 697.
691 2257 918 2313 Sublime
938 2273 1034 2321 pro
1069 2259 1127 2312 in
1143 2259 1379 2313 sublime.
1410 2259 1709 2325 Lucretius,
1766 2258 2040 2329 Virgtltus,

469 2324 818 2383 Nemesiauus
832 2339 888 2383 et
905 2329 1012 2383 alii.
1042 2329 1198 2384 Pueri
1227 2331 1472 2384 solebant
1499 2329 1667 2398 virgis
1694 2324 1885 2383 etedif
1902 2329 2042 2398 Beda

470 2410 524 2452 et
553 2398 666 2451 Ado
697 2399 762 2452 de
792 2400 890 2452 hoc
914 2414 1079 2467 puero
1101 2400 1252 2454 aittnt
1271 2415 1358 2452 xu
1387 2401 1490 2454 cal.
1512 2397 1820 2454 Decembris
1851 2439 1862 2450 .
1889 2397 2047 2456 Cum-

471 2484 568 2534 que
589 2484 714 2534 puer
741 2485 896 2520 unum
927 2468 1091 2522 Deum
1113 2470 1279 2522 solum
1298 2471 1601 2522 credendum
1651 2469 1881 2531 dixisset,
1912 2469 2047 2522 indi-

473 2549 655 2608 gnatus
680 2539 1024 2609 Asclepiades,
1043 2551 1237 2590 calamo
1257 2541 1498 2609 suspendi
1528 2555 1663 2601 eum,
1713 2555 1774 2591 ac
1797 2538 2051 2592 verberari

474 2607 646 2678 jussit.
678 2607 831 2676 Saepe
853 2609 902 2660 in
935 2609 1324 2677 martyrologiis
1345 2607 1410 2662 et
1438 2609 1585 2664 Actis
1630 2618 1923 2673 martyrum
1962 2624 2054 2660 nc-

475 2675 646 2749 currit
674 2675 892 2749 calamo,
925 2677 1026 2731 sive
1053 2675 1284 2731 cat/tumo
1325 2679 1587 2749 suspendi,
1644 2679 1855 2732 calamis
1903 2679 2053 2740 cladi,

477 2747 530 2818 in
559 2757 755 2818 calamo
784 2745 962 2806 levari,
1005 2764 1066 2802 ex
1102 2763 1206 2818 quo
1238 2745 1474 2818 iVCl‘lllllll
1533 2749 1864 2804 catomidiare
1913 2749 2054 2817 apud

477 2816 884 2888 Spartianumin
913 2816 1166 2872 Adriano.
1219 2817 1355 2885 Quid
1401 2827 1578 2872 autem
1633 2819 1716 2872 ita:
1743 2816 1963 2888 phrases
1984 2818 2057 2871 si-

477 2887 752 2954 gnificent,
776 2889 1000 2940 diversae
1015 2899 1136 2941 sunt
1159 2897 1436 2942 auctorum
1461 2890 1756 2944 sententiae.
1784 2889 1884 2943 Alii
1907 2889 2055 2942 aittnt

478 2966 731 3027 catomum
759 2956 950 3027 fuisse
973 2959 1214 3027 ﬂagrum
1253 2973 1358 3027 quo
1385 2967 1646 3027 martyres
1675 2959 2053 3023 caedebantur;

482 3025 571 3079 alii
599 3034 798 3078 calamo
827 3025 954 3078 caldi
975 3025 1095 3080 esSe
1115 3025 1384 3093 virgis—aut
1431 3025 1714 3094 plumbatis
1738 3029 1790 3080 in
1830 3029 2050 3091 vertice,

480 3104 572 3164 aut
599 3097 650 3147 in
669 3095 905 3148 humeris
933 3095 1085 3148 credi.
1115 3081 1357 3164 Plerique
1387 3081 1712 3163 probabilius
1757 3081 2050 3160 afﬁrmant,
2079 3081 2126 3144 C

480 3163 706 3229 alicujus
732 3164 966 3217 Itumeris
992 3163 1644 3232 suspendi.'et‘verberari
1675 3181 1824 3219 more
1869 3182 2066 3232 puero-

482 3248 600 3304 rum
635 3233 928 3300 ltocipsum
957 3248 1077 3304 esse
1125 3245 1323 3286 calamo
1370 3234 1497 3288 cwdi
1547 3247 1640 3288 aut
1678 3238 1942 3304 suspendi,
1989 3252 2060 3290 ex

483 3302 684 3375 Graecis
721 3304 850 3375 κᾳτὰ
875 3313 930 3375 et
955 3301 1086 3375 ὦμος
1108 3303 1370 3360 humerus.
1427 3305 1578 3375 Plura
1626 3305 1694 3359 de
1755 3301 1838 3360 liis
1884 3306 2060 3358 Gallo-

485 3373 627 3494 niué,
653 3371 1065 3494 sagittarius,'ct
1097 3375 1395 3443 Ducangius
1423 3374 1473 3428 in
1501 3375 1634 3428 Dict.
1664 3375 1791 3430 Vide
1827 3375 2062 3431 tabulam

485 3456 534 3494 IX
609 3457 748 3495 rueta
780 3481 793 3494 .

483 3456 929 3597 ἶχξᾶὀιῗιςῦὲίιιη
963 3513 1137 3597 Egm.,
1165 3511 1286 3570 Vat.
1316 3513 1360 3566 A
1385 3529 1413 3566 a
1443 3514 1610 3582 prima
1661 3530 1844 3580 manu,
1896 3515 2065 3570 ductis

724 3651 841 3722 Vat.
893 3651 952 3714 Β,
1007 3651 1184 3716 Prag.,
1219 3649 1365 3710 Rat..
1415 3654 1542 3707 Mar.
1575 3669 1603 3707 a
1659 3647 1824 3722 prima
1880 3672 2062 3722 manu,

484 3719 708 3792 Widm.,
733 3721 848 3790 plus
874 3722 1010 3775 inde.
1035 3723 1304 3776 Juvenalis
1332 3723 1444 3779 Sat.
1490 3725 1575 3784 Η,
1607 3719 1673 3778 de
1733 3725 1904 3790 hmdo,
1964 3719 2067 3792 Qui

486 3792 600 3858 plus
625 3789 768 3845 lactis
795 3792 940 3844 liabet
966 3809 1118 3862 quant
1145 3793 1430 3862 sanguinis.
1461 3794 1516 3848 In
1547 3794 1843 3848 Dittocbzco
1885 3789 1952 3850 de
1969 3789 2064 3850 Vin-

486 3864 800 3944 ttocetuibus
846 3861 1187 3932 martyribus,
1255 3861 1483 3917 Fumant
1524 3866 1737 3919 lacteolo
1797 3883 2065 3934 parvorum

486 3948 728 4002 sanguine
757 3949 919 3986 culta}.
1477 3990 1495 4009 ,

486 4003 683 4082 Ψηιι.
712 4003 1048 4082 κίχεν-γης.)
1077 4001 1333 4082 Vattz‘Ba
1351 4005 1583 4082 secuada
1610 4005 1868 4082 inanti,Q,
1886 4007 2062 4082 Alex.,

486 4072 700 4132 Weitz..
746 4071 1179 4142 Widm.,Egm.,
1209 4071 1462 4138 llailsbr.,
1490 4071 1842 4141 Parrhasius,
1875 4071 2065 4143 cautis.

487 4143 630 4199 ΛΜ..
665 4145 801 4206 Cis.,
837 4143 989 4207 Urb.,
1017 4155 1066 4196 et
1098 4144 1206 4205 alii,
1231 4152 1425 4197 cautes.

560 4213 680 4329 72?.
726 4213 840 4264 Vat.
871 4220 936 4277 Α,
961 4215 1045 4281 qui
1071 4213 1201 4280 ferre
1231 4217 1406 4283 possit.
1442 4212 1558 4268 Vat.
1600 4214 1660 4278 Β,
1689 4215 1841 4281 Man,
1873 4215 2026 4270 Alex.
2047 4255 2064 4282 ,

560 4297 604 4329 ss
660 4319 674 4329 .

489 4297 674 4352 r0995.

561 4348 685 4402 703.
718 4347 972 4402 Weitzins
999 4363 1119 4402 cum
1153 4351 1304 4416 Egm.
1333 4353 1516 4406 scribit
1555 4352 1717 4408 sales.
1760 4353 1863 4408 Alii
1908 4354 2064 4410 salix.

2223 2256 2348 2310 7H.
2384 2255 2742 2320 Valsecchins,
2775 2270 2873 2322 pro
2920 2255 3179 2325 religione
3212 2253 3519 2310 Christiana
3549 2263 3734 2310 contra

2154 2325 2430 2394 Freretum
2464 2335 2603 2392 part.
2644 2326 2699 2389 2,
2727 2339 2846 2394 cap.
2864 2326 2918 2390 8,
2943 2327 3026 2381 his
3050 2325 3293 2381 versibus
3324 2327 3514 2388 utitur,
3546 2327 3598 2380 in
3627 2342 3740 2381 car-

2156 2410 2276 2450 men
2303 2393 2540 2450 ltalicum
2565 2393 2859 2450 conversis.

2227 2465 2352 2518 7l2.
2386 2465 2532 2529 Ald.,
2565 2466 2742 2536 Prag.,
2771 2464 2993 2540 Widm.,
3022 2468 3165 2536 frons
3194 2467 3400 2534 renitet,
3437 2467 3590 2540 quod
3631 2481 3742 2536 me-

2160 2543 2244 2589 tro
2281 2545 2560 2602 repugnal.
2985 2539 2989 2542 ’
3007 2541 3012 2550 “
3039 2540 3068 2564 ⁸

2230 2605 2356 2676 7175.
2382 2604 2529 2668 Ald.,
2559 2605 2736 2676 Egm.,
2761 2605 2945 2668 Fabr.,
2975 2604 3240 2676 llailsbr.,
3274 2603 3500 2676 Widm.,
3556 2606 3746 2673 Bong.,

2159 2683 2216 2728 et
2235 2675 2345 2737 alii.
2367 2684 2462 2728 stat
2510 2672 2804 2745 impiorum,
2849 2674 2988 2745 quod
3027 2677 3078 2728 in
3113 2675 3348 2729 editione
3383 2672 3593 2730 Lotteri
3629 2672 3749 2730 nuta

2161 2760 2264 2800 ms.
2292 2745 2608 2811 explicatur,
2650 2747 2856 2800 scilicet
2907 2755 3176 2800 tortorum.
3209 2746 3313 2802 Sed
3371 2761 3476 2800 non
3528 2747 3750 2800 dubium

2159 2825 2241 2868 est
2267 2815 2393 2884 quin
2416 2816 2709 2881 separanda
2731 2819 2838 2872 sint
2859 2817 3022 2870 verba
3049 2825 3150 2868 stat
3177 2819 3230 2869 in
3269 2817 3464 2881 piorum
3499 2833 3520 2870 :
3574 2832 3751 2884 sermo

2158 2885 2298 2955 enim
2328 2894 2412 2955 est
2437 2885 2504 2940 de
2531 2898 2720 2949 matre,
2753 2888 2804 2942 in
2828 2887 2980 2955 cujus
3029 2886 3196 2939 corde
3237 2885 3406 2955 pietas
3428 2887 3618 2940 stabat
3645 2889 3753 2938 lor-

2161 2953 2608 3026 tior._rFa_bricius
2654 2957 2756 3010 line
2803 2953 2975 3026 ipsum
3017 2953 3291 3026 tenuitain
3356 2957 3753 3010 commentario

2161 3023 2450 3098 peculiari.
2475 3025 2526 3077 ln
2569 3023 2949 3098 .secunda'ed.
3001 3024 3450 3098 Giselinirei'rore
3498 3035 3754 3098 typogra-

2157 3093 2314 3166 phico
2350 3093 2603 3158 scriptum
2638 3104 2722 3166 est
2745 3097 3016 3166 impiorum
3059 3111 3214 3164 quem
3231 3093 3754 3166 inemendatis'Gi-

2163 3162 2364 3217 selinus
2391 3166 2645 3219 correxit.
2682 3165 2736 3220 Id
2761 3162 2866 3220 non
2893 3162 3268 3220 animadvertit
3288 3165 3567 3230 Heinsius,
3599 3167 3756 3220 adeo-

2163 3247 2267 3299 que
2293 3232 2460 3305 edidit
2478 3235 2768 3305 impiorum,
2796 3236 2936 3305 quod
2965 3236 3177 3289 incaute
3228 3236 3565 3290 recentiores
3589 3236 3756 3290 secuti

2163 3313 2289 3356 Sunt
2317 3303 2474 3368 Cell.,
2506 3303 2682 3367 Teol.,
2711 3303 2903 3361 Citam.
2943 3306 3046 3360 Sed
3075 3305 3485 3372 Cliamillardus,
3543 3321 3669 3361 eum
3702 3311 3750 3357 itt

2166 3383 2311 3444 l_e.\'tu
2340 3383 2593 3444 appareat
2615 3376 2913 3442 impiorum,
2956 3377 3008 3430 in
3053 3385 3176 3428 nota
3202 3375 3652 3444 legitinpiorum,
3707 3385 3757 3429 et

2163 3439 2596 3515 Cypriauivcrba
2641 3439 2860 3500 adducit
2901 3439 3019 3515 oua:
3057 3447 3194 3498 Itane
3241 3439 3428 3514 ipsam'
3464 3445 3756 3500 lectionem

2167 3513 2416 3578 videntur
2443 3516 2785 3570 conﬁrmare.

2238 3583 2361 3638 716.
2403 3585 2768 3640 Neltrissensis
2789 3584 2839 3637 id
2873 3584 3129 3645 explicat,
3168 3585 3288 3654 quia
3333 3585 3549 3638 tristitia
3578 3595 3634 3638 et
3661 3587 3755 3637 do-

2166 3652 2247 3718 lor
2275 3656 2544 3709 exsiccant
2569 3671 2689 3709 ossa
2719 3671 2733 3707 :
2763 3669 2869 3722 quo
2907 3655 3100 3708 all‘ectu
3147 3652 3245 3708 nec
3275 3654 3525 3708 Salvator
3577 3667 3759 3709 noster

2166 3726 2356 3782 caruit.
2397 3725 2581 3780 dicens
2611 3725 2662 3779 in
2692 3739 2854 3779 cruce
2883 3725 3038 3780 Joan.
3071 3739 3188 3791 cap.
3230 3741 3342 3785 xix,
3385 3724 3543 3777 Silio.
3577 3726 3759 3791 Quan-

2166 3808 2324 3862 quam
2349 3794 2476 3849 illud
2529 3797 2646 3848 sitio
2720 3795 2861 3849 aliud
2909 3795 3257 3862 signiﬁcabat.
3312 3794 3595 3848 Fabricius
3663 3799 3757 3858 ait,

2168 3873 2426 3919 :estuante
2471 3867 2752 3934 sanguine.
2805 3875 2860 3920 et
2903 3865 3069 3920 corde
3124 3864 3418 3933 laborante,
3476 3865 3758 3921 hominem

2167 3949 2408 4001 quaerere
2429 3937 2783 4003 refrigerium.

2241 4006 2364 4059 719.
2389 3999 2602 4070 Αιιώτῖ,
2633 4008 2757 4069 Ox.,
2801 3999 3006 4068 N6ms.,
3046 4005 3233 4071 Bong.,
3275 4004 3458 4074 Egm.,
3486 4005 3755 4067 llailsbr.,

2170 4075 2369 4130 Widm.
2401 4090 2582 4141 supra,
2615 4077 2770 4130 Alex.
2794 4089 2822 4128 a
2855 4079 3022 4142 prima
3054 4091 3233 4142 manu,
3268 4074 3398 4128 Mar.
3430 4091 3460 4128 a
3512 4075 3755 4132 secittida

2170 4161 2350 4207 manu,
2387 4146 2716 4211 Parrhasius,
2775 4146 2887 4198 Vat.
2930 4146 2997 4212 Q,
3043 4145 3195 4209 Urb.,
3240 4145 3432 4198 Bnlto-r.
3485 4156 3758 4210 vetustus,

2169 4219 2312 4269 triste
2351 4216 2550 4268 intuens
2574 4259 2588 4280 ,
2647 4216 2815 4281 Rott.,
2848 4224 2958 4270 tres
2988 4217 3166 4279 Torr.,
3199 4217 3393 4268 tristem
3417 4224 3584 4269 triens.
3618 4216 3759 4285 Cau-

2168 4287 2272 4339 cltii
2303 4285 2469 4338 endex
2511 4288 2703 4346 tristem
2740 4287 2964 4338 intuens.
3006 4286 3149 4350 Ald.,
3197 4285 3413 4351 Weitz.,
3455 4285 3758 4349 Cauchius,

2171 4356 2351 4424 Prag.,
2382 4355 2650 4422 Lotterus,
2672 4365 2726 4410 et
2754 4357 2988 4410 nonnulli
3006 4357 3093 4409 alii
3121 4370 3242 4410 cum
3265 4354 3378 4424 Cis.
3397 4396 3410 4418 ,
3438 4355 3599 4410 tristi.
3620 4357 3759 4412 Teo-

491 4420 567 4472 De
594 4418 1075 4500 virgis-quibusrei
1105 4421 1236 4500 caedi
1267 4422 1528 4500 saltabant,
1561 4424 1682 4500 vide
1722 4437 1943 4500 comta,
1975 4427 2065 4500 ad
2098 4440 2147 4500 ι)
2173 4418 2408 4500 ζίιιβἹιοε
2438 4427 2610 4491 ipsuttt
2638 4418 2832 4492 edidit,
2862 4428 3088 4500 s_ed_non
3133 4441 3258 4500 vere
3303 4422 3398 4488 ait,
3440 4428 3636 4481 omnes
3661 4429 3758 4500 fita

490 4501 632 4540 vers.
662 4488 731 4539 44
764 4489 944 4560 hymu.
979 4490 1002 4542 1
1036 4489 1252 4560 Perist.,
1277 4491 1578 4547 Gallonium
1607 4497 1674 4549 de
1719 4488 1949 4560 Cruciat.
1971 4496 2069 4553 SS.

493 4566 650 4616 mart.
689 4570 806 4623 cap.
835 4559 888 4623 4,
918 4569 968 4613 et
998 4559 1228 4615 tabulam
1255 4577 1287 4614 κ
1319 4571 1372 4616 et
1401 4579 1472 4616 χι.

553 4625 674 4679 705.
715 4626 894 4706 Egm.,_
923 4629 1202 4706 “llailsbr.,
1259 4632 1394 4706 [33].,
1426 4634 1579 4706 plaga
1635 4632 1850 4706 fecerat;
1889 4634 2068 4706 frag“

494 4698 997 4772 [eceratefoscidia
1033 4698 1221 4770 Bung.,
1277 4698 1443 4767 Wid.,
1510 4698 1655 4767 ltat.,
1712 4698 2070 4772 {erel.Fabr.,

494 4765 1342 4842 Murmellitts._Lotterns,'ferret.
1374 4765 1736 4840 Mar.,'l‘orn.',
1766 4774 1884 4828 Vat.
1917 4775 1974 4839 Β,
1995 4765 2072 4842 fe;

491 4846 593 4915 rat.
621 4835 952 4915 Parrhasius,
982 4835 1179 4906 ﬂebal.‘
1207 4857 1328 4915 q_u:e
1345 4859 1476 4915 vera
1505 4835 1587 4899 est
1616 4835 1791 4907 lectio,
1817 4853 1909 4898 aut
1944 4835 2070 4915 pro-

495 4909 611 5030 ﬁius
639 4907 841 4962 accedit
888 4910 953 4988 ad
999 4923 1179 4962 veram
1225 4907 1516 4968 lectionem
1566 4917 1731 4984 ﬂerat,
1783 4907 2066 4986 quam'ex-

536 4980 674 5030 tbent
709 4978 852 5030 ΑΜ..
879 4977 1016 5030 018..
1038 4979 1214 5030 Alex..
1245 4990 1298 5030 et
1323 4992 1500 5030 tuetur
1520 4984 1760 5030 Gilaning
1811 4990 1859 5030 in
1887 4986 1945 5030 Fr
1966 5003 2066 5030 nm

536 4980 674 5032 ibant
709 4978 852 5045 Ald.,
879 4977 1016 5040 Cis.,
1038 4979 1214 5044 Alex.,
1245 4990 1298 5035 et
1323 4992 1500 5038 tuetur
1520 4977 1760 5042 G'ilaniu's
1801 4977 1860 5040 in
1887 4986 2068 5042 Frena

493 5063 590 5126 pro
610 5048 825 5126 stillare,
856 5063 1048 5102 rorare.
1083 5049 1482 5126 Lucretius-lib.
1531 5069 1571 5126 ι,
1613 5053 1679 5108 1η
1706 5057 1843 5110 saxis
1869 5075 1928 5110 ac
1951 5075 2067 5126 spe-

493 5119 660 5171 luncis
690 5128 949 5187 permanat
974 5119 1501 5190 aquarum‘Liquidus
1529 5124 1732 5190 humor,
1762 5138 1808 5181 et
1837 5119 2067 5181 uberibus

494 5191 620 5259 flent
680 5191 849 5242 omnia
883 5187 1056 5258 guttis.
1097 5187 1228 5242 Vide
1273 5190 1456 5259 Itymn.
1510 5191 1543 5246 5
1570 5187 1727 5248 Cath.
1785 5212 1928 5250 vers.
1970 5199 2063 5251 24.

495 5258 762 5312 Giselinus
789 5260 862 5314 ait
909 5259 1043 5315 hanc
1074 5275 1191 5315 esse
1205 5258 1583 5330 lepidissimam
1616 5265 2014 5321 translationem
2049 5284 2064 5320 :

493 5343 702 5401 summa
727 5333 867 5401 enim
889 5339 1009 5386 cute
1031 5334 1304 5401 perstricta
1327 5330 1569 5389 Stillatim
1609 5346 1791 5399 cruor,
1815 5351 1919 5389 non
1941 5351 2069 5390 con-

497 5397 671 5452 fertim
703 5400 1010 5457 ellunditur.

571 5468 692 5520 707.
736 5471 890 5542 Man,
919 5473 1307 5542 denotantibus;
1343 5485 1504 5541 supra
1557 5483 1654 5542 pro
1697 5471 1806 5527 div.
1855 5472 2064 5537 script.,

497 5535 908 5611 demanantibus.
937 5541 1080 5611 Rat.,
1111 5535 1484 5599 denotantibus.
1525 5535 1771 5600 Nonnulli
1823 5535 2067 5598 dividunt

505 5609 564 5658 de
589 5609 927 5665 manantibus.

2175 4496 2392 4555 habere.
2417 4507 2643 4563 excepto
2663 4512 2768 4550 uno
2790 4498 2912 4549 cod.
2933 4495 3078 4564 Vat.,
3104 4498 3190 4548 ubi
3222 4512 3249 4547 a
3278 4511 3437 4548 manu
3462 4496 3760 4566 posteriori

2172 4576 2255 4619 cst
2282 4567 2446 4625 triste,
2471 4567 2568 4620 nisi
2596 4569 2639 4620 si
2657 4567 2792 4620 forte
2823 4567 3065 4635 intelligit
3084 4567 3569 4620 omneseditiones.
3593 4566 3762 4621 Hein-

2172 4637 2286 4692 sius
2315 4637 2368 4690 in
2399 4645 2545 4691 textu
2573 4639 2725 4701 tristi,
2745 4637 2839 4689 sed
2871 4636 2922 4689 in
2937 4639 3096 4699 notis,
3125 4637 3240 4690 sive
3260 4639 3434 4704 potius
3465 4636 3517 4689 in
3547 4638 3759 4690 adden—

2173 4707 2276 4789 dis,
2307 4715 2362 4762 et
2387 4709 2440 4759 in
2461 4709 2795 4790 erratisnaut
2816 4706 3111 4790 mutandis
3135 4707 3478 4790 iuncontextn
3528 4707 3756 4790 praefert

2175 4779 2334 4839 triste,
2363 4787 2417 4831 et
2445 4776 2720 4847 distinguit
2761 4779 2902 4831 triste
2932 4775 3149 4835 intueris.
3183 4775 3344 4830 Vultu
3372 4785 3418 4830 et
3458 4779 3670 4831 severis.
3698 4776 3757 4830 ln

2175 4847 2276 4902 ltoc
2297 4847 2441 4902 brevi
2465 4846 2698 4902 indiculo
2718 4859 3014 4902 erratorum
3039 4847 3287 4902 Heinsius
3320 4848 3545 4900 mutavit
3571 4848 3624 4900 in
3657 4847 3757 4901 lib.

2174 4933 2208 4969 ll
2237 4929 2418 4971 eontra
2451 4917 2655 4987 Syntm.
2686 4933 2824 4972 vers.
2857 4916 2964 4972 M8
2978 4928 3033 4970 et
3064 4917 3184 4980 149,
3211 4927 3488 4987 prematur.
3529 4916 3761 4970 Luctan-

2172 4989 2292 5058 dum
2323 4989 2374 5041 in
2421 5000 2710 5058 prematur,
2744 4987 3050 5050 Nilendum,
3102 4997 3159 5041 et
3206 5002 3348 5040 vers.
3375 4988 3471 5043 151
3506 4988 3762 5041 distinxit

2172 5056 2487 5111 Conditionis
2515 5071 2688 5124 amet;
2719 5059 2930 5111 nimium
2973 5073 3035 5112 ne
3077 5067 3317 5128 congerat
3344 5075 3551 5114 aurum.
3601 5059 3760 5125 Quod

2171 5138 2295 5181 tunc
2319 5143 2417 5196 ego
2443 5144 2547 5182 non
2571 5129 2795 5182 adverti.

2239 5197 2364 5252 720.
2396 5197 2518 5251 Ald.
2549 5199 2745 5254 omittit
2764 5207 2811 5250 et
2835 5208 2952 5266 post
2978 5201 3141 5252 uultu.

2241 5268 2366 5320 ἹΞΙ.
2400 5270 2542 5332 Ilat.,
2572 5268 2830 5332 imbecilli,
2853 5284 2956 5321 non
2983 5271 3144 5324 male.

2243 5321 2617 5413 722.-Vat.'A,
2670 5321 2737 5388 Et
2777 5321 2830 5413 te
2864 5321 3142 5413 doloribus
3173 5342 3355 5413 horror
3383 5342 3622 5413 amictum
3663 5342 3761 5394 do-

2171 5415 2293 5458 mat.
2320 5407 2395 5459 Ad
2428 5421 2619 5471 marg.,
2642 5420 2688 5460 et
2712 5416 2759 5460 te
2779 5408 2992 5462 doloris.
3337 5412 3344 5418 ’

2244 5476 2366 5598 ξιῖῗ.
2411 5475 2535 5529 Vat.
2581 5481 2622 5530 A
2655 5477 2851 5532 omittit
2888 5481 3042 5546 hanc,
3087 5481 3229 5553 quod
3279 5496 3439 5552 supra
3484 5482 3760 5553 appictunt

2288 5561 2316 5598 a
2348 5587 2361 5598 .

2167 5559 2361 5600 θιιειειι.

2257 5616 2383 5670 7‘24.
2428 5617 2483 5671 In
2507 5615 2626 5671 Vat.
2662 5621 2700 5674 Α
2733 5618 3065 5677 desideratur
3091 5637 3190 5678 vox
3221 5640 3380 5694 spem.
