3994 6176
227 269 306 328 ωε
1358 270 1920 331 PERISTEPIMNON
1962 253 2174 334 "vim.
2214 274 2281 330 x.

1809 394 1862 454 Δ

226 383 318 443 725
447 383 520 438 Te
549 384 847 452 procreavi,
879 383 1073 441 cedere
1101 394 1161 440 u'.
1188 386 1333 442 letlio
1358 391 1498 443 scias

379 475 578 542 Aquam
610 473 895 528 bibendam
928 477 1182 544 postulas,
1213 492 1334 533 cum
1369 480 1440 534 sit
1471 481 1564 535 tilii

443 565 584 620 Fons
606 565 694 620 ille
723 565 873 620 vivus
903 576 1116 636 praesto,
1149 569 1236 639 qui
1258 585 1475 641 semper
1500 571 1636 638 ﬂuit,

447 658 514 712 Et
536 667 728 714 cuncta
757 660 906 716 solus
938 660 1123 729 irrigat
1148 663 1396 730 viventia,

446 748 609 815 Intus,
636 747 902 818 forisque,
933 749 1199 819 spiritum,
1232 762 1286 806 et
1312 769 1514 822 corpus
1561 754 1744 821 simul,

222 839 312 895 730
446 835 820 895 Eternitatem
854 839 1082 909 largiens
1105 844 1426 911 potantibus.

381 929 571 984 Venies
597 929 661 984 ad
682 929 812 984 illud
846 946 966 985 mox
999 932 1274 998 ﬂuentum,
1305 935 1349 989 si
1380 935 1537 991 modo

441 1022 636 1077 Animo
663 1038 724 1077 ac
748 1024 998 1082 medullis
1017 1027 1166 1082 solus
1186 1028 1348 1083 ardor
1371 1037 1562 1085 testuet

449 1116 664 1186 1128
681 1115 1180 1183 VidereChristum
1204 1137 1216 1174 :
1234 1119 1377 1190 quod
1399 1122 1566 1177 semel
1599 1129 1782 1192 potum

1559 1215 1782 1288 [affatim

445 1297 534 1354 Sic
561 1299 714 1356 sedat
749 1316 962 1357 omnem
998 1304 1230 1372 pectoris
1260 1305 1615 1375 ﬂagrantiam,

456 1391 569 1446 Vita
596 1403 652 1448 ut
676 1394 830 1448 beata
856 1393 967 1462 jam
991 1393 1144 1452 sitire
1169 1396 1387 1452 nesciat.

375 1485 473 1557 llic
500 1485 584 1539 hic
616 1487 898 1551 bibendus,
930 1496 1072 1554 nate,
1094 1504 1236 1543 nunc
1267 1489 1357 1543 tibi
1384 1499 1467 1545 cst
1490 1490 1650 1557 calix,

450 1576 595 1630 Mille
617 1577 671 1630 in
695 1577 1005 1633 Bethlehem
1033 1594 1191 1647 quem
1223 1579 1475 1635 biberunt
1511 1583 1740 1651 parvuli:

449 1667 625 1722 Oblita
649 1667 826 1734 lactis,
853 1678 908 1724 et
940 1670 1253 1740 papillarum
1286 1671 1567 1729 immemor

440 1755 596 1812 IEtas
627 1757 848 1823 amaris,
877 1773 1000 1814 tuox
1025 1759 1220 1816 deinde
1254 1761 1502 1818 dulcibus

218 1845 306 1900 740
448 1847 670 1904 Relecta
694 1849 1054 1918 poclis,mella
1085 1851 1312 1922 sumpsit
1337 1852 1612 1922 sanguinis

370 1941 684 2009 Exemplum
709 1941 776 1996 ad
798 1941 937 1998 istud
964 1941 1158 2008 nitere,
1183 1957 1216 1997 ο
1235 1943 1386 1998 fortis
1405 1959 1556 2013 puer,

439 2032 718 2088 Generosa
747 2033 946 2102 proles.
981 2034 1167 2088 matris
1196 2042 1250 2089 et
1279 2036 1538 2103 potentia,

441 2123 644 2180 Omnes
671 2139 897 2194 capaces
917 2139 1040 2182 esse
1060 2125 1312 2182 virtutum
1339 2125 1494 2182 Pater

219 1391 312 1446 755

3356 287 3464 344 50‘!

2144 397 2415 454 Mandavit
2453 413 2654 465 annos;
2687 401 2955 458 neminem
2976 406 3185 476 excepit
3207 407 3376 476 diem,

2135 490 2266 559 Ipsis
2297 491 2596 560 triumphos
2620 506 2862 548 annuens
2887 496 3170 564 vagitibus.

2061 580 2204 648 Seis,
2247 595 2392 650 saepe
2421 581 2554 646 dixi,
2584 597 2705 637 cum
2733 583 2946 640 docenti
2975 588 3266 653 alluderes,

2135 671 2200 726 Et
2225 671 2562 741 garrulorum
2584 673 2732 743 signa
2759 674 3044 732 verborum
3076 679 3256 744 dares,

2133 763 2248 818 lsac
2275 764 2437 818 fuisse
2461 764 2741 831 parvulum
2774 769 2908 835 patri
2941 770 3191 826 unicum:

2139 854 2348 924 1129
2375 853 2498 920 Qui,
2529 868 2651 909 cum
2684 855 3059 918 immolandas.
3086 874 3257 927 aram,
3287 871 3342 917 et
3368 877 3466 916 en-

2967 948 3103 1020 [sein
3129 963 3393 1020 cerneret,

2136 1033 2291 1090 Ultro
2321 1035 2550 1090 sacranti
2578 1035 2718 1091 colla
2756 1038 3047 1106 praebuerit
3072 1042 3210 1096 seni.

2060 1125 2280 1180 Narravi
2303 1135 2358 1181 et
2385 1125 2512 1180 illud
2533 1127 2712 1182 nobile
2739 1142 2803 1184 ac
2827 1131 3176 1187 memorabile

2129 1218 2438 1280 Certamen,
2471 1235 2574 1273 una
2605 1227 2776 1275 matre
2793 1221 2935 1289 quod
2963 1234 3170 1290 septem
3201 1225 3329 1280 editi

2132 1309 2360 1365 Gessere
2381 1311 2556 1378 pueri,
2584 1311 2682 1365 sed
2713 1319 2893 1366 tamen
2919 1313 3072 1368 iactis
3102 1315 3224 1379 viri,

2135 1401 2392 1456 llortante
2418 1403 2605 1458 eadem
2633 1413 2801 1459 matre
2832 1405 2883 1458 in
2911 1406 3129 1475 ancipiti
3158 1408 3310 1462 exitu

2139 1495 2314 1548 Poenae
2345 1502 2398 1548 et
2423 1509 2660 1559 coronae,
2689 1497 2934 1564 sanguini
2976 1507 3034 1552 ut
3072 1510 3450 1567 neparci-reut

2067 1584 2290 1639 Videbat
2318 1585 2464 1654 ipsos
2488 1597 2773 1656 apparatus
2803 1587 3048 1643 funerum

2138 1677 2382 1732 Praesens
2412 1691 2655 1742 suorum,
2683 1693 2782 1734 nec
2809 1681 3122 1735 movebatur
3147 1699 3361 1754 parens,

2142 1766 2339 1821 Laatata
2371 1769 2585 1834 quoties
2607 1769 2856 1824 autolivo
2892 1771 3116 1826 stridula

2138 1850 2362 1930 sartago
2391 1859 2585 1916 frixum
2608 1861 2888 1916 torruisset
2909 1865 3186 1932 puberem,

2140 1951 2264 2006 Dira
2297 1960 2389 2007 aut
2417 1961 2710 2008 cremasset
2753 1953 3071 2009 laminarum
3094 1957 3396 2026 impressio.

2060 2042 2306 2109 Cnmam,
2328 2052 2616 2113 cutemque
2645 2036 2864 2100 verticis
2891 2047 3187 2101 revulserat

2131 2133 2364 2191 Afronte
2386 2143 2573 2202 tortor,
2609 2135 2746 2190 nuda
2776 2144 2910 2192 testa
2940 2145 2995 2192 ut
3019 2137 3248 2207 tegmine

1883 489 1990 545 745

1885 1034 1990 1090 750

1886 1494 1990 1547 755

1885 1946 1999 2005 760’

1510 2257 1802 2316 GLOSSE
1840 2263 2180 2323 VETERES.

268 2370 382 2428 γει.
410 2369 601 2437 Sedat,
629 2371 875 2438 quiescat,
905 2369 944 2425 1.

270 2444 380 2496 730.
407 2442 591 2507 Mella,
614 2441 930 2507 dulcedines,
962 2441 1002 2498 Ι.

269 2512 379 2566 741.
402 2513 614 2573 Nilere,
635 2528 842 2578 conare,
872 2512 912 2567 Ι.

267 2583 381 2639 745.
415 2582 902 2652 Vagitibus,adltuc
927 2583 1264 2655 vagientibus,
1295 2581 1335 2638 l.

1955 2381 2078 2454 752.
2109 2382 2285 2454 Editi,
2313 2383 2540 2454 formati,
2565 2383 2603 2438 l.

1959 2453 2083 2529 759.
2109 2452 2394 2529 Puberetn,
2422 2469 2651 2523 puerum.
2687 2452 2848 2510 Pubis
2873 2464 2921 2509 et
2948 2456 3126 2527 puber,
3159 2458 3360 2526 puberis
3390 2459 3474 2529 fa-

1887 2525 1953 2576 cit
1981 2524 2080 2582 .‘de
2111 2538 2293 2591 puero,
2326 2523 2368 2576 Ι.

1544 2692 1683 2748 ΟΟΜ
1693 2693 2107 2750 .llENTARlUS.

266 2808 377 2864 726.
401 2807 468 2863 In
495 2807 810 2878 quibusdam
834 2806 1014 2876 Vulg.,
1037 2807 1324 2874 bibendum,
1350 2820 1454 2862 non
1478 2816 1641 2862 recte.
1672 2807 1776 2863 Ne-

205 2879 474 2934 brissensis
499 2879 610 2932 vult
646 2881 1024 2946 interrogative
1045 2878 1205 2932 scribi
1230 2879 1496 2948 postulas?
1517 2878 1700 2948 Neque
1723 2880 1774 2933 id

205 2949 618 3072 iniltihdisplicet.
649 2952 726 3004 Ac
751 2963 936 3004 revera
979 2946 1359 3019 interrogative
1399 2946 1568 3004 edidit
1609 2946 1770 3004 etiam

243 3034 322 3072 arr
359 3035 534 3072 astus.

243 3034 534 3074 arruasrus.

264 3091 377 3146 72?.
405 3090 727 3146 Parrhasius
756 3087 895 3144 Fons
922 3087 1011 3143 ille
1029 3088 1168 3142 vivus
1185 3095 1366 3156 priesto
1385 3090 1473 3158 qui
1510 3105 1626 3143 cum
1657 3105 1770 3156 per-

206 3161 321 3228 fluit.
348 3161 553 3214 Psalm.
587 3176 754 3219 xxxv.
796 3160 945 3225 Apud
976 3167 1023 3211 te
1050 3171 1124 3212 est
1153 3163 1290 3228 fons
1330 3160 1463 3212 uitta.
1494 3159 1650 3215 Joan.
1694 3177 1768 3226 Iv,

205 3228 282 3291 14,
335 3231 445 3287 Sed
477 3247 612 3298 aqua
632 3247 784 3300 quam
813 3246 902 3298 ego
941 3231 1072 3282 dabo
1091 3230 1159 3295 ei,
1190 3230 1276 3298 ﬁet
1310 3230 1364 3283 in
1403 3247 1460 3284 eo
1489 3231 1604 3301 fons
1634 3246 1782 3299 aqua:

205 3301 411 3355 salientis
445 3301 503 3353 in
535 3305 685 3354 vitam
706 3312 970 3354 (uernam.

268 3373 380 3426 751.
419 3372 542 3425 Vat.
577 3372 623 3425 Α
651 3381 925 3440 corrupte,
961 3372 1188 3440 ﬂuetem,
1216 3379 1271 3424 et
1299 3384 1484 3438 supra,
1515 3371 1778 3439 ﬂuenfem.

205 3437 328 3494 Leae
358 3445 632 3494 ﬂuentum.

300 3458 328 3497 e
357 3452 632 3497 ﬂuentum.

265 3458 328 3508 ge
355 3445 632 3510 ﬂuentum.

265 3513 381 3568 752.
408 3514 531 3565 Vat.
558 3514 628 3578 A,
655 3510 910 3575 llailslir.,
939 3511 1082 3564 solis.
1107 3509 1441 3573 Parrhasius,
1471 3527 1630 3562 amor.
1649 3511 1784 3564 Cor-

207 3582 303 3646 rige
320 3586 464 3636 solus
492 3586 668 3636 ardor.
694 3581 748 3634 lu
778 3582 1004 3652 Psalmis
1027 3589 1093 3652 et?
1111 3581 1162 3634 in
1195 3581 1514 3652 Apocalypsi
1548 3580 1606 3636 lit
1631 3597 1778 3635 nien-

206 3654 269 3705 tio
288 3654 443 3721 hujus
469 3653 652 3714 fontls,
682 3666 840 3720 quem
871 3650 983 3703 sitit
1013 3651 1210 3705 anima.
1247 3650 1256 3652 ⁷
1404 3650 1421 3721 ξ
1537 3658 1540 3662 ’

265 3719 378 3778 757.
404 3723 525 3776 Viix
555 3719 710 3776 Gellii
758 3729 841 3774 est
890 3722 1164 3791 ﬂagrantia
1207 3735 1304 3788 pro
1333 3719 1548 3776 ardore.
1591 3721 1780 3776 Cicero

203 3795 345 3847 etiam
375 3810 486 3849 non
515 3791 757 3847 dissimili
779 3792 1166 3860 signiﬁcatione
1194 3791 1326 3846 dixit
1354 3791 1630 3862 ﬂagrantia
1661 3807 1783 3845 ocu-

204 3863 368 3920 lorum.

267 3936 383 3988 756.
426 3933 616 3989 Matth.
649 3949 737 3994 xx.
764 3931 856 3996 22,
921 3931 1135 3986 Potestis
1173 3929 1338 3985 bibere
1381 3930 1589 3986 calicem
1633 3949 1781 4002 quem

202 4018 283 4075 (go
314 4007 565 4059 bibiturus
591 4021 702 4075 sum
726 4006 761 4075 ?A
999 4071 1030 4075 _
1099 4059 1102 4064 .

267 4077 384 4130 757.
421 4076 575 4142 ΑΙ‹Ι.,
621 4073 952 4130 Pariliasius.
991 4071 1242 4126 Bethlem.
1273 4071 1387 4142 Non
1418 4079 1631 4126 constat
1657 4087 1780 4125 vcr-

200 4159 300 4200 sus.
336 4141 596 4208 Μαι-ἰωῇ,
623 4144 928 4198 Bel/teleem.
961 4143 1066 4197 Eos
1093 4145 1181 4209 qui
1205 4143 1272 4197 de
1301 4141 1399 4197 hac
1426 4143 1645 4196 historia
1676 4144 1777 4194 ilu-

203 4217 390 4300 liitant,
407 4215 888 4300 Ansaldusrejecit
909 4215 1050 4296 edito
1073 4214 1210 4268 libro
1233 4214 1366 4268 tituli
1389 4213 1645 4300 ambigui:
1671 4211 1780 4267 He-

201 4289 390 4342 rodiani
410 4287 723 4358 infanticidii
745 4286 991 4338 vindiciw.

267 4359 385 4414 739.
418 4352 540 4412 Vat.
566 4359 630 4421 A,
654 4369 778 4410 artas
807 4358 949 4419 prius
981 4355 1195 4421 amaris,
1228 4354 1322 4410 sed
1359 4361 1504 4408 recte
1527 4352 1777 4407 abrasnm

200 4432 459 4496 estprius,
480 4431 623 4500 quod
649 4427 824 4480 adhuc
861 4433 1102 4496 apparet.
1148 4426 1306 4494 Man,
1329 4439 1542 4490 amara;
1583 4423 1780 4480 melius

201 4513 397 4554 amans.

263 4570 382 4624 7w.
413 4570 565 4631 ΒΜ..
585 4567 812 4633 Weitz.,
844 4566 1030 4635 referta
1055 4567 1236 4637 poclis.
1260 4565 1510 4623 Lotterus
1540 4563 1680 4637 male
1700 4580 1782 4620 re-

202 4644 321 4710 licta
343 4642 544 4710 poculis
563 4655 581 4693 :
603 4639 715 4694 Gis.
747 4639 811 4710 ad
842 4653 1014 4710 oram,
1041 4635 1292 4710 sanguine
1323 4651 1418 4704 pro
1441 4635 1728 4706 sanguinis.

263 4659 321 4692 rta
379 4659 581 4693 ocnus:
603 4659 715 4694 UIS.
747 4659 811 4690 au
842 4659 1014 4699 uram,
1041 4659 1292 4710 sangutne
1323 4659 1418 4704 pro

263 4659 383 4764 7dr.
413 4709 686 4777 Virgilius,
722 4707 932 4762 IEneid.
959 4723 1052 4767 xtl.
1083 4707 1252 4772 Disce,
1277 4722 1422 4777 puer.

260 4781 385 4834 742.
444 4775 715 4848 Virgilius,
768 4781 864 4832 lib.
913 4777 1205 4841 IA‘Itteid.,
1263 4775 1424 4841 Nate,
1479 4791 1603 4848 mea:
1629 4775 1778 4848 uires,

199 4865 299 4902 mea
326 4847 1182 4932 tlltlgnQIOIBHHG‘SOIEIS.‘Gl‘ﬂesa
1214 4862 1358 4912 XLIX,
1388 4849 1439 4911 5,
1479 4847 1654 4900 Ruben
1676 4847 1782 4915 pri-

199 4923 472 4986 mogenitus
500 4920 662 4984 tiens,
688 4930 741 4972 tu
769 4920 1013 4988 fortitudo
1033 4935 1166 4973 mea.

259 4991 383 5044 7M.
431 4991 704 5044 Neminem
751 4986 885 5044 diem
934 5005 1028 5055 pro
1076 4988 1274 5041 nullum
1313 4986 1530 5040 Tenlius
1560 4986 1773 5039 licentia

199 5064 397 5128 poetica
431 5063 634 5115 dictum
668 5069 835 5128 putat.
863 5061 1022 5114 Certe
1044 5060 1129 5112 vix
1159 5058 1464 5123 exemplum
1486 5057 1672 5128 simile
1699 5072 1783 5110 re-

197 5126 390 5194 peries,
424 5144 474 5186 et
504 5148 654 5184 nemo
672 5126 762 5184 Vest
790 5131 939 5194 quasi
971 5146 1032 5183 ne
1051 5129 1220 5182 homo.
1247 5129 1436 5183 Cicero
1465 5126 1604 5180 dixit
1630 5143 1777 5180 nemo

193 5200 469 5262 hominum,
489 5201 746 5270 Virgilius
773 5200 934 5253 Nemo
949 5200 1143 5270 divum.

263 5273 387 5326 746.
414 5267 634 5337 WeitzI,
671 5273 818 5334 dum,
849 5286 946 5337 pro
966 5286 1100 5324 cum.
1133 5269 1187 5324 In
1214 5267 1485 5324 nonnullis
1510 5267 1680 5336 vulg..
1707 5268 1782 5320 sic

190 5358 320 5402 sirpe
348 5345 479 5396 dixi.
503 5343 726 5397 Servius.
761 5342 888 5394 illud
919 5340 1120 5408 Virgilii
1143 5355 1211 5393 vn
1241 5339 1486 5401 Encid.,
1509 5337 1780 5408 Necplura

189 5414 448 5476 iii'ludens,
476 5417 699 5479 exponit
719 5428 730 5464 :
749 5412 846 5464 Aut
868 5421 1010 5463 uacat
1034 5426 1124 5474 an,
1146 5419 1191 5463 et
1214 5411 1470 5464 ludentem
1490 5409 1778 5478 signiﬁcat;

189 5498 219 5534 a
235 5495 272 5533 it
290 5492 426 5536 certe
450 5497 739 5547 “tunsus,
763 5482 830 5534 ad
857 5482 1089 5547 responsi
1115 5481 1267 5545 [idem
1285 5481 1435 5534 verba
1451 5495 1776 5547 componens.

257 5554 389 5606 747.
425 5553 495 5608 lta
520 5562 678 5608 vocat
709 5551 981 5606 dimidiata
1020 5551 1182 5604 verba
1216 5552 1365 5621 pueri
1407 5549 1781 5621 balbutientis,
1821 5574 1824 5577 -

189 5632 237 5673 et
257 5631 451 5682 acute:
475 5637 600 5678 nam
631 5623 761 5677 utin
789 5623 1082 5690 scriptione
1104 5620 1255 5689 signa
1279 5636 1385 5675 non
1416 5630 1540 5674 sunt
1567 5620 1778 5683 litterzp,

187 5694 281 5746 sed
316 5700 466 5749 uotae
491 5693 683 5766 quibus
705 5694 892 5748 littera:
920 5691 1310 5765 signiﬁcantur,
1338 5693 1407 5748 ita
1438 5693 1490 5747 in
1513 5690 1780 5747 locutione

1878 2808 2410 2885 pinei-ihalhutientes
2461 2823 2568 2865 non
2614 2819 2720 2865 tam
2765 2810 2927 2866 verba
2979 2811 3258 2881 proferunt
3305 2829 3458 2885 quant

1879 2879 2028 2946 signa
2056 2879 2365 2936 verborum.

1950 2949 2076 3004 748.
2111 2949 2358 3004 Nonnulli
2390 2950 2630 3004 scribunt
2653 2951 2822 3008 Isaac.

1946 3018 2076 3074 750.
2102 3020 2318 3092 Teolitts
2341 3035 2462 3076 cum
2493 3023 2928 3092 interrogationis
2954 3032 3078 3078 nota
3108 3025 3216 3079 seni
3239 3026 3464 3082 ?nesrio

1875 3104 1941 3145 an
1968 3091 2236 3144 consulto.

1958 3160 2082 3216 759..
2109 3160 2290 3229 Prag.,
2313 3176 2416 3216 una
2444 3176 2562 3214 cum
2590 3171 2770 3218 matre.
2811 3164 3043 3218 Vitiatur
3094 3173 3338 3220 metrum.
3392 3166 3464 3224 De

1884 3229 1970 3306 his
2027 3239 2232 3299 septem
2284 3231 2538 3306 fratribus
2578 3233 2898 3306 blacliabaeis
2946 3234 3103 3306 vulgo
3151 3237 3464 3306 nuncupatis

1882 3301 2005 3355 vide
2030 3312 2322 3356 comment.
2356 3302 2421 3356 ad
2451 3317 2592 3357 vers.
2612 3303 2720 3356 5:25
2746 3305 3012 3358 Passionis
3037 3304 3322 3361 Vincentii.

1956 3371 2080 3426 756.
2108 3373 2273 3439 Bong.
2301 3386 2330 3424 a
2354 3372 2523 3442 prima
2552 3388 2732 3433 manu.
2776 3376 3009 3429 ridebat:
3037 3390 3218 3442 supra.
3247 3379 3469 3432 videbat.

1884 3441 2060 3513 Prag..
2096 3443 2295 3496 videbat
2316 3441 2532 3512 etipsos.
2563 3443 2634 3496 De
2658 3445 2936 3498 tormentis
2961 3441 3153 3513 quibus
3175 3448 3463 3503 Machaba'i

1883 3511 2078 3565 fratres
2093 3513 2265 3564 vexati
2301 3511 2423 3565 sunt
2467 3513 2634 3566 videri
2659 3524 2882 3580 possunt
2915 3511 3220 3570 Victorinus
3261 3518 3390 3572 Afer
3413 3530 3464 3571 ct

1881 3582 2044 3652 lason
2067 3582 2379 3652 (Iyrentnns.
2401 3581 2493 3634 llis
2519 3598 2639 3650 qua:
2669 3599 2816 3638 sacra
2841 3585 3117 3652 Scriptura
3155 3597 3338 3640 narrat
3362 3590 3464 3641 alia

1883 3651 2196 3732 addunt,et
2244 3651 2565 3706 Prudentius
2586 3652 2825 3722 adiungit
2856 3651 3174 3709 laminarum
3233 3658 3461 3726 impres-

1881 3736 2111 3776 SIOHPm.

1951 3789 2078 3846 758.
2104 3791 2376 3852 Lotterns.
2433 3801 2599 3844 autem
2636 3808 2654 3845 :

1881 3875 2042 3926 supra
2071 3862 2222 3928 olivo,
2249 3870 2414 3916 recte.

1955 3933 2078 3987 760.
2108 3933 2222 3986 Vat.
2250 3932 2315 3995 A,
2347 3931 2482 3996 PaL,
2501 3931 2732 3988 llailsbr.
2755 3933 3119 4001 supra,Bong.
3147 3948 3326 4000 supra.
3347 3934 3462 3988 Gis.

1884 4002 1936 4056 in
1965 4010 2110 4055 textu
2133 4003 2220 4058 ed.
2249 4003 2306 4065 2,
2332 4002 2598 4068 Heinsius,
2629 4004 2807 4070 Teol.,
2837 4013 3109 4068 crrpasset,
3134 4006 3272 4072 quod
3292 4006 3466 4070 expli-

1883 4081 1968 4127 cat
1989 4072 2252 4129 Cellarius
2281 4074 2527 4144 crepitum
2552 4074 2809 4128 edidisset.
2837 4074 3150 4128 Gallanilius
3171 4089 3291 4128 cuin
3315 4074 3462 4138 Alil.,

1883 4152 1939 4214 et
1955 4151 2088 4199 vett.
2119 4144 2269 4208 edtl.,
2302 4153 2591 4214 cremasset,
2620 4147 2708 4214 qui
2740 4146 2792 4198 in
2817 4145 3006 4198 Cham.
3039 4155 3288 4211 crepasset
3317 4161 3466 4198 men-

1883 4213 2010 4268 dum
2057 4215 2286 4282 putavit.
2327 4213 2583 4268 Cellarins
2636 4213 2814 4268 tuetur
2843 4223 3119 4278 crenasset,
3150 4215 3271 4281 quia
3302 4215 3463 4268 verba

1885 4283 2069 4352 prima:
2092 4283 2298 4348 formae,
2345 4299 2462 4350 qua!
2508 4286 2559 4338 in
2602 4286 2656 4338 ui
2696 4287 3019 4354 prieteritum
3047 4287 3264 4349 habent,
3309 4301 3452 4353 saepe

1884 4355 2043 4408 etiam
2071 4355 2348 4424 antiquum
2390 4369 2574 4409 casum
2618 4365 2918 4420 rcsumunt,
2971 4355 3108 4422 quod
3143 4354 3379 4417 Vossius,
3411 4372 3466 4410 nt

1883 4424 1951 4478 de
1971 4424 2252 4494 Analogia,
2295 4439 2412 4496 cap.
2459 4424 2551 4488 20,
2590 4427 2850 4494 exemplis
2903 4426 3050 4490 cubo,
3101 4427 3274 4488 domo,
3311 4425 3464 4496 frica.

2703 3793 2913 3862 corrige
2941 3801 3051 3846 aut.
3102 3794 3258 3862 Man,
3300 3796 3462 3851 oliva:

1808 4481 1860 4541 Π
1883 4511 2019 4556 seco,
2048 4481 2173 4548 ueto”
2189 4481 2452 4561 probavit.
2483 4481 3049 4550 Cancrum-cremasset,
3070 4504 3243 4550 exstat
3261 4481 3322 4551 riu
3341 4481 3461 4552 Vat;

1887 4565 1948 4628 Β,
1975 4565 2339 4636 Mar.,Prag.,
2369 4563 2676 4626 Parrhasio,
2725 4580 2787 4619 ac
2834 4567 3072 4633 pluribus
3125 4567 3284 4635 aliis,
3324 4569 3466 4636 quod

1886 4651 1991 4689 non
2013 4635 2282 4704 displicet,
2305 4643 2361 4690 et
2387 4650 2414 4686 a
2447 4636 2742 4690 Murmellio
2762 4637 2962 4689 editum
3007 4645 3106 4690 εει.

1957 4706 2083 4761 761.
2107 4705 2218 4759 lloc
2240 4704 2693 4774 suppliciigenere
2713 4707 3047 4761 Christianos
3076 4708 3238 4761 etiam
3265 4707 3467 4762 ethnici

1886 4775 2300 4848 alfecerunt,_ac
2337 4775 2591 4840 peculiari
2634 4780 2842 4831 ratione
2889 4779 3136 4848 permoti,
3179 4779 3317 4846 quod
3362 4795 3465 4832 nun

1885 4849 2042 4900 aliter
2087 4846 2260 4900 crucis
2314 4847 2523 4913 signum
2573 4861 2681 4914 quo
2745 4846 2900 4902 l‘rons‘
2945 4848 3372 4903 Christianorum
3413 4854 3466 4900 iit

1891 4917 2154 4984 baptismo
2203 4924 2260 4969 et
2306 4915 2728 4971 conﬁrmationis
2766 4929 3104 4974 sacramento
3156 4919 3466 4980 n-itab‘ltttr,

1887 4988 2096 5055 ετὶρθτο
2138 5000 2198 5040 δε
2231 4999 2388 5052 posse
2447 4985 2842 5042 existimabam.
2900 4989 3143 5043 Julianus
3189 4991 3466 5056 Apostata,

1889 5073 2008 5112 cum
2057 5056 2219 5111 ﬁdem
2261 5056 2617 5111 Christianam
2655 5062 2905 5125 ejuravit,
2931 5062 3140 5127 impuro
3175 5068 3228 5111 et
3267 5057 3469 5110 nefario

1887 5127 2146 5197 sanguine
2189 5127 2396 5195 signum
2441 5128 2616 5182 crucis
2665 5129 2719 5182 in
2776 5130 2951 5184 l’rnnte
3002 5130 3101 5182 sibi
3153 5128 3468 5194 inscriptum

1889 5200 2073 5252 eluere
2098 5207 2321 5269 conatus
2351 5207 2458 5269 est,
2489 5208 2544 5251 ut
2573 5199 2845 5269 colligitur
2872 5217 2934 5255 ex
2961 5199 3216 5268 Gregorio
3245 5197 3469 5252 Nazian-

1887 5284 2020 5323 zcno
2048 5277 2188 5321 orat.
2223 5270 2244 5320 l
2277 5268 2328 5320 in
2361 5267 2652 5324 lulianum.

1959 5338 2082 5392 76‘2.
2116 5338 2451 5403 Parrhasius,
2500 5341 2544 5392 Α
2576 5342 2741 5408 fronte
2762 5348 2922 5392 tortor
2942 5353 2973 5391 -:
3034 5354 3181 5406 quem
3222 5336 3470 5391 nudatum

1890 5409 2128 5474 teintinc.
2153 5408 2266 5464 Non
2299 5412 2495 5477 patitur
2529 5419 2777 5462 metrum.
2811 5408 2932 5461 Ald.
2979 5423 3084 5461 non
3127 5409 3261 5464 bene
3303 5408 3470 5477 inter-

1889 5479 2074 5548 pungit
2095 5480 2136 5532 Α
2153 5474 2318 5550 fronte
2335 5488 2490 5534 tortor
2514 5479 2655 5550 nuda
2678 5487 2823 5539 testa,
2847 5487 2900 5530 ut
2927 5480 3162 5550 tegmine.
3202 5474 3469 5550 Barthius,

1891 5551 1984 5603 lib.
2021 5548 2209 5616 xxxix,
2235 5565 2355 5618 cap.
2403 5550 2454 5613 1,
2505 5557 2559 5603 et
2590 5548 2682 5601 lib.
2726 5561 2870 5618 xatv,
2897 5561 3018 5616 cap.
3065 5549 3152 5610 12,
3196 5549 3467 5615 observat,

1887 5621 2161 5690 eleganter
2182 5617 2360 5676 testam
2379 5619 2641 5686 sphzeram
2667 5617 2832 5672 crauii
2863 5631 3078 5673 sonare.
3105 5619 3305 5674 Dicitur
3325 5620 3469 5675 enim

1887 5705 1916 5745 a
1948 5690 2173 5747 medicis
2204 5699 2256 5747 ct
2285 5692 2452 5760 poetis
2476 5697 2600 5743 testa
2621 5699 2834 5757 cavum,
2856 5702 3260 5762 convexutnque
3285 5705 3346 5747 os
3368 5706 3468 5762 quo
