3994 6176
501 297 607 358 503

756 419 800 487 1
812 415 966 487 130
976 415 1250 472 Cervieem
1267 413 1502 484 adusque
1515 412 1889 469 dehonestaret
1902 427 1962 468 ea
1970 420 2079 482 put.
2112 420 2164 480 Α
2189 411 2293 467 780

744 505 1020 560 Clamabat
1050 505 1138 559 illa
1165 519 1180 558 :
1208 505 1418 569 Patere,
1450 505 1676 573 gemmis
1696 503 1886 558 vestiet

502 593 606 649 765
749 593 968 662 Apicem
989 595 1130 649 hunc
1157 609 1350 650 corona
1375 595 1522 661 regio
1541 609 1606 647 ex
1627 593 1948 648 diademate.

678 687 935 756 Linguam
963 697 1220 756 tyrannus
1248 686 1512 752 amputari
1547 685 1782 754 jusserat

748 777 846 832 Uni
869 793 934 832 ex
955 777 1200 845 ephebis.
1237 778 1401 832 Mater
1426 779 1636 835 aiebat:
1665 777 1804 833 Satis

746 869 865 923 Jam
894 877 1046 938 parta
1075 868 1229 922 nobis
1253 867 1424 938 gloria
1454 877 1565 922 est:
1596 883 1718 936 pars
1743 866 1942 936 optima

753 959 862 1013 Deo
900 959 1210 1013 immolatur
1241 973 1366 1012 ecce
1388 959 1554 1012 nostri
1585 958 1826 1026 corporis
1854 975 1866 1010 :
1899 1008 1905 1011 _

509 1049 602 1102 770
748 1047 915 1118 Digna
941 1057 1022 1102 est
1051 1047 1224 1102 fidelis
1253 1046 1430 1117 lingua
1465 1063 1583 1115 qua:
1605 1047 1679 1102 sit
1709 1046 1904 1100 liOSlia.

675 1139 944 1208 Interpres
963 1139 1144 1203 animi,
1175 1139 1499 1193 enuntiatrix
1523 1121 1801 1201 sensuum,

752 1233 940 1287 Cordis
959 1233 1218 1296 ministra,
1245 1247 1419 1302 praeco
1453 1232 1622 1302 operti
1651 1233 1903 1299 pectoris,

748 1325 924 1397 Prima
943 1325 1198 1382 offeratur
1225 1327 1275 1380 in
1307 1334 1700 1380 sacramentum
1727 1326 1894 1388 necis,

747 1415 813 1468 Et
825 1415 894 1470 sit
912 1416 1241 1482 redemptrix
1255 1417 1426 1485 prima
1447 1416 1807 1470 membrorum
1824 1413 2084 1478 omnium,

503 1504 604 1560 775
751 1505 952 1562 Ducem
979 1507 1209 1561 dicatam
1235 1522 1358 1561 mox
1388 1514 1681 1576 sequentur
1705 1515 1920 1559 cratera.

675 1599 767 1653 His
795 1599 1128 1653 Machabteos
1149 1599 1376 1654 incitans
1396 1595 1624 1654 stimulis
1649 1611 1868 1666 parens,

747 1689 963 1744 llostem
983 1689 1193 1758 subegit
1213 1690 1550 1760 subjugatum
1581 1690 1800 1758 septies.

751 1779 957 1850 1131
989 1778 1246 1845 Quotfeta
1266 1781 1424 1846 natis,
1453 1788 1530 1834 tot
1544 1778 2072 1850 triumphisinclyta:

749 1868 830 1922 Me
856 1879 1038 1937 partus
1067 1884 1202 1924 unus
1231 1879 1286 1924 ut
1309 1869 1537 1924 feracem
1559 1867 1764 1938 glorize,
1795 1858 1802 1866 ’

1620 297 1895 355 super."
1937 295 2302 353 PRUDENTII
2340 275 2668 351 CARllllNA.

2114 1858 2161 1918 Β

3651 287 3752 345 504

2437 411 2550 465 Mea
2582 411 2706 474 vita,
2741 414 2977 476 praestet,
3010 420 3062 459 tn
3092 413 3180 458 tua
3202 411 3286 459 est
3313 402 3469 458 situm
3499 415 3677 455 manu.

2370 501 2471 556 Per
2502 500 2657 569 hujus
2686 497 2792 552 alvi
2825 497 2924 552 lida
2955 495 3351 565 conceptacula,

2437 591 2538 645 Per
2568 589 2881 658 hospitalem
2911 602 3096 642 mense
3124 586 3205 641 bis
3223 584 3386 654 quino
3415 584 3604 646 larem,

2433 682 2489 737 Si
2523 680 2680 735 dulce
2706 679 2875 733 nostri
2907 678 3140 747 pectoris
3161 685 3345 731 nectar
3369 674 3483 739 tibi,

2437 771 2492 828 Si
2524 771 2684 826 molle
2711 768 2991 840 gremium,
3025 777 3172 838 grata
3202 769 3248 822 si
3282 765 3593 832 crepundia.

2438 861 2674 918 Persiste
2705 899 2721 926 ,
2776 868 2830 915 et
2895 857 3087 913 borum
3149 873 3428 912 munerum
3493 864 3762 912 auctorem

3466 945 3694 1018 [assere

2363 1044 2602 1112 Quanam
2635 1052 2749 1098 arte
2777 1041 2932 1097 nobis
2955 1041 3140 1096 vivere
3168 1040 3308 1095 intus
3336 1038 3590 1108 coeperis,

2435 1135 2774 1202 Nihilumque
2800 1140 2856 1187 et
2881 1131 3031 1196 illud,
3060 1129 3202 1185 unde
3225 1143 3440 1198 corpus,
3475 1132 3691 1183 nescio:

2435 1225 2588 1281 Novit
2623 1223 2885 1278 animator
2907 1221 3074 1287 solus,
3105 1229 3161 1277 et
3183 1218 3350 1274 factor
3378 1218 3474 1272 tui.

2436 1313 2752 1382 impendere
2779 1312 2896 1380 ipsi,
2927 1311 3081 1378 cujus
3103 1319 3251 1364 ortus
3280 1324 3503 1364 munere
3533 1322 3593 1363 es
3617 1326 3631 1362 :

2441 1406 2650 1478 1132
2674 1405 2818 1459 Bene
2848 1405 2899 1456 in
2928 1403 3167 1457 datorem
3189 1446 3203 1469 ,
3242 1400 3381 1470 quod
3413 1401 3592 1464 dedit.
3625 1399 3763 1455 refu-

3514 1490 3700 1560 lderis.

2365 1587 2510 1643 Talia
2540 1593 2769 1642 canente
2797 1593 2992 1650 matre,
3019 1583 3130 1652 jam
3162 1583 3314 1637 laetus
3337 1597 3471 1651 puer

2441 1677 2626 1746 Virgas
2653 1685 2976 1742 strepentes,
3007 1685 3060 1729 et
3087 1674 3328 1729 dolorem
3356 1673 3641 1727 vulnerum

2437 1767 2688 1822 Ridebat.
2724 1767 2820 1820 Hic
2850 1774 2960 1820 tum
2990 1764 3234 1834 cognitor
3259 1764 3606 1833 pronuntiat:

2433 1859 2725 1916 Claudatur
2755 1859 2930 1913 infans
2953 1872 3190 1923 carcere,
3215 1865 3276 1911 et
3303 1856 3435 1910 rauti
3465 1855 3598 1909 mali

2188 862 2292 920 785

2190 1408 2293 1466 790

1791 1999 2076 2056 GLOSSIE
2114 1997 2452 2055 VETERES.

569 2111 690 2186 765.
720 2112 1125 2186 Dehonestaret,
1155 2116 1464 2186 deturparet,
1487 2115 1525 2169 l.

565 2181 690 2253 755.
724 2182 893 2251 llunc,
918 2185 1229 2253 decoratum,
1261 2181 1302 2238 ι.

564 2251 688 2305 767.
723 2253 885 2316 Satis,
919 2254 1154 2320 multum,
1190 2251 1226 2308 Ι.

565 2322 688 2376 775.
717 2323 918 2390 Dicata,
949 2336 1259 2389 consecrata,
1292 2326 1330 2379 Ι.

565 2392 689 2464 777.
721 2395 952 2464 Septies,
976 2410 1069 2462 pro
1087 2398 1330 2464 martyrio
1345 2406 1536 2464 septem
1565 2396 1813 2464 ﬁliorum,
1839 2395 1879 2450 l.

566 2462 690 2518 779.
725 2463 998 2530 Feracem,
1025 2462 1299 2534 fecundam
1327 2475 1374 2519 et
1397 2462 1740 2536 portatricem,
1775 2467 1817 2521 Ι.

2250 2113 2374 2169 785.
2407 2114 2624 2176 Assere,
2657 2113 2874 2180 afﬁrma,
2905 2111 2946 2166 l.

2249 2185 2376 2240 787.
2404 2177 2778 2251 Nihilumque,
2808 2183 2929 2252 quia
2957 2197 3018 2236 ea:
3059 2180 3219 2233 nihilo
3259 2177 3392 2232 Deus
3433 2194 3624 2249 corpus
3661 2183 3761 2247 fort

2405 2323 2708 2388 Refuderis,
2734 2338 2826 2387 pro
2845 2319 3148 2391 refundekl.

2250 2395 2375 2450 793.
2407 2393 2654 2457 Ridebat,
2683 2388 2962 2447 deridebat.
2987 2421 3055 2430 —
3073 2388 3350 2460 Cognitor,
3371 2389 3567 2460 jndex,
3591 2390 3672 2458 qni
3689 2405 3761 2443 res

2181 2466 2529 2536 cognoscendo
2557 2463 2826 2530 diiudicat,
2857 2461 2894 2514 Ι.

1819 2542 2378 2637 consummatis.

497 2687 775 2743 cerebrum
817 2690 1137 2744 continetur.
1182 2690 1316 2744 llinc
1351 2689 1518 2746 Gallis
1541 2689 1789 2759 ltalisque
1817 2700 1948 2745 testa
1979 2705 2075 2758 pro

497 2761 694 2830 capite:
739 2760 827 2814 Sic
871 2777 989 2813 cura
1040 2760 1286 2830 Hispanis
1327 2775 1391 2815 ex
1440 2777 1476 2814 ll
1515 2762 1610 2815 lib.
1655 2761 1870 2828 Corippi
1921 2777 2065 2815 vers.

499 2829 622 2891 415,
670 2827 943 2896 Postquam
970 2827 1150 2884 venere
1185 2832 1452 2884 verendam
1483 2832 1697 2884 Cesaris
1731 2827 1845 2884 ante
1872 2847 2077 2885 coram:

497 2901 636 2964 quod
687 2910 764 2952 est
807 2899 1047 2971 Gnecum
1088 2901 1424 2954 vocabulum.
1471 2903 1578 2954 luto
1609 2910 1740 2955 testa
1781 2917 1876 2971 pro
1901 2903 2076 2970 capite

498 2971 736 3039 ignotum
763 2986 865 3023 non
891 2979 975 3022 est
1005 2969 1271 3038 Hispanis.

568 3040 690 3094 763.
721 3039 1061 3092 Dehonestare
1113 3051 1438 3106 usurparunt
1476 3039 1711 3101 Tacitus,
1761 3039 2070 3102 Suetonius,

497 3109 995 3189 T_rebei|.ius.Pollio
1026 3109 1079 3161 in
1119 3107 1380 3162 Gallieno.
1421 3109 1598 3162 Prima
1643 3109 1796 3178 longa
1832 3121 2073 3163 remanet
2102 3127 2147 3189 ο

388 3229 393 3233 .
497 3179 570 3233 ob
599 3179 1003 3246 aspiratiOttem.

570 3247 694 3303 764.
717 3249 870 3312 Man,
905 3247 1051 3314 Rat.,
1085 3246 1258 3315 Sicb.,
1285 3257 1447 3316 pater.
1485 3247 1667 3316 Prag.,
1695 3257 1911 3314 pateret.
1942 3247 2076 3302 Cor-

495 3317 770 3389 rigendum
791 3330 979 3389 patere.

567 3385 691 3442 765.
719 3385 895 3449 Alex.,
914 3387 1065 3458 Vatt.
1091 3387 1158 3452 Λ,
1185 3387 1244 3458 l3,
1281 3386 1432 3450 Man,
1459 3386 1754 3458 liciusiani,
1787 3386 1927 3458 (ἷξε...
1965 3387 2079 3458 api-

495 3473 605 3512 cem
645 3460 798 3511 hunc.
829 3457 976 3522 Ald.,
999 3456 1160 3520 Urb.,
1192 3457 1370 3528 Prag.,
1427 3457 1758 3528 Parrhasius,
1791 3456 2074 3522 Weitzius,

496 3529 692 3594 apicem
735 3545 925 3582 corona
971 3528 1090 3583 sine
1117 3529 1272 3581 hunc.
1302 3527 1435 3581 ’Vat.
1481 3528 1548 3593 Q,
1584 3527 1862 3593 mendose,
1907 3529 2078 3598 aspice

497 3599 630 3651 hunc
657 3613 866 3662 corona,
895 3598 1073 3661 Egm.,
1102 3609 1148 3652 et
1171 3613 1267 3665 pro
1296 3615 1378 3653 ex.

569 3669 695 3724 768.
725 3668 1037 3739 Parrhasius
1056 3676 1327 3739 corrupte,
1344 3667 1374 3721 .1
1382 3684 1462 3720 am
1482 3681 1714 3739 paratum
1735 3669 1878 3723 nobis
1898 3668 2079 3739 gloria:

572 3685 695 3724 tua.
725 3685 1037 3724 rarrnastus
1056 3685 1327 3735 corrupte,
1344 3685 1714 3792 JamJiaratum
1735 3685 1878 3723 nonis
1898 3685 2078 3739 gloria:

497 3755 617 3810 pars
638 3741 845 3810 optima.
885 3738 1153 3810 Mariettus
1172 3738 1406 3808 glossam
1432 3754 1460 3810 a
1497 3739 1747 3810 jicitsive
1768 3753 1941 3805 suam,
1964 3742 2078 3793 sive

499 3807 722 3878 alicujus
751 3809 953 3863 codicis
994 3826 1007 3862 :
1037 3807 1187 3863 Pars
1214 3810 1413 3878 Optima,
1433 3808 1552 3878 boni
1578 3809 1693 3875 viri,
1726 3819 1904 3863 contra
1949 3810 2076 3863 mali

503 3877 737 3961 pessima.
779 3879 1068 3961 Iuvenalis,
1111 3887 1214 3933 sat.
1249 3879 1336 3944 l9,
1392 3877 1530 3932 Nam
1561 3880 1737 3950 lingua
1780 3881 1904 3933 mali
1955 3895 2076 3948 pars

495 3952 711 4021 pessima
731 3952 878 4021 senii.

569 4020 693 4074 771.
755 4019 1094 4074 Enuntiatrix
1138 4017 1392 4070 dixerunt
1435 4018 1761 4086 interpretes
1805 4017 2078 4076 Theodori

497 4089 726 4146 Gadarei
756 4091 892 4158 apud
932 4089 1314 4157 Quintilianum
1346 4086 1438 4141 lib.
1469 4102 1526 4152 tt,
1559 4102 1680 4155 cap.
1719 4089 1807 4142 15.

569 4161 692 4239 7.72.
725 4157 902 4216 Utitur
925 4159 1426 4239 vocabttloprtrco,‘
1459 4165 1711 4239 tanquam
1739 4157 1785 4212 si
1811 4168 1951 4214 esset
1980 4173 2076 4228 ge-

497 4228 642 4282 neris
670 4230 991 4289 commuuis,
1015 4227 1294 4282 masculini
1323 4235 1377 4282 et
1404 4227 1669 4282 feminini.

571 4297 694 4367 774.
725 4297 874 4361 Ald.,
901 4298 1098 4367 primo:
1123 4297 1325 4362 caeteri,
1360 4299 1545 4363 prima.

567 4365 694 4420 775.
722 4367 876 4430 Man,
902 4365 1073 4419 dicata
1102 4382 1221 4420 mox
1239 4374 1511 4434 sequentur
1535 4383 1767 4430 corpora.
1795 4365 1848 4422 in
1867 4382 2035 4433 marg.
2062 4386 2074 4422 :

497 4435 586 4489 Al.
609 4437 904 4508 εῳιεναηιη
932 4436 1074 4495 Rat.,
1099 4452 1332 4508 corpora,
1363 4451 1524 4507 supra
1564 4438 1738 4492 aliena
1763 4453 1942 4503 manu,
1975 4454 2075 4494 εω-

499 4513 626 4558 tern.
660 4506 764 4569 lso,
789 4506 978 4560 dicata.

571 4575 694 4647 776.
721 4576 964 4647 Heinsius
987 4579 1038 4632 in
1062 4577 1321 4634 addendis
1359 4576 1434 4630 ait
1453 4576 1506 4632 in
1531 4577 1681 4647 Egm.
1714 4594 1776 4633 ac
1802 4578 1922 4633 aliis
1945 4593 2077 4632 non-

498 4643 664 4697 nullis
690 4645 863 4716 scribi
924 4647 1259 4714 Maccabeos,
1316 4658 1494 4712 recte,
1542 4643 1665 4716 quia
1707 4649 1909 4704 Graecis
1953 4657 2080 4704 sunt

495 4715 822 4780 Μακκαϐαῐοι,
857 4731 975 4784 qua:
997 4730 1169 4772 tamen
1198 4735 1301 4773 non
1324 4726 1406 4774 est
1425 4715 1793 4773 ratio’eflicax.

567 4785 692 4856 777.
727 4783 1020 4856 Subjugare
1063 4790 1282 4843 verbum
1322 4789 1535 4843 Asconii
1580 4788 1800 4843 Pediaui
1823 4830 1838 4854 ,
1873 4788 1940 4843 de
1971 4804 2078 4855 quo

499 4855 761 4910 Cellarius
797 4858 848 4909 in
875 4855 1002 4909 Cur.
1029 4856 1236 4911 Poster.
1270 4857 1498 4914 Utuntur
1536 4859 1727 4915 eodem
1783 4859 2076 4924 Arnobius,

498 4925 842 4992 Claudianus,
869 4925 1170 4979 Lactantius
1194 4938 1251 4982 et
1279 4927 1392 4980 alii.

573 4996 696 5051 779.
731 4998 788 5050 ln
817 4996 956 5068 Alth
993 4995 1259 5068 claudicat
1286 5011 1471 5050 versus
1515 4997 1600 5051 lle
1640 5010 1820 5068 partus
1861 5010 1914 5053 ut
1945 5000 2083 5068 fera—

501 5083 608 5121 cem
637 5069 836 5137 glorior.
869 5065 991 5120 Vat.
1026 5071 1088 5129 A,
1122 5065 1300 5132 Egm.,
1329 5081 1460 5118 unus
1488 5075 1553 5126 et,
1584 5065 1688 5122 non
1717 5071 1789 5125 ita
1815 5065 1969 5124 bene“.

573 5138 696 5192 78l.
731 5138 940 5192 Thuan.
984 5150 1013 5188 a
1055 5137 1224 5204 prima
1258 5147 1449 5204 manu,
1486 5140 1882 5203 contemtacula,
1921 5139 1972 5194 id
2000 5148 2083 5193 est

502 5209 871 5262 contentucnla.
901 5208 1016 5274 Quo
1041 5203 1257 5275 respicit
1285 5203 1438 5257 Alex.
1465 5218 1493 5255 a
1521 5219 1678 5260 manu
1708 5209 1875 5276 prima
1903 5219 2079 5263 come-

505 5279 699 5332 tacula.

573 5348 698 5404 78‘2.
731 5347 984 5416 Pragens.
1019 5354 1203 5401 contra
1233 5341 1405 5412 legem
1433 5341 1730 5409 metricam,
1759 5360 1954 5416 menses
2005 5348 2080 5400 bis

503 5420 706 5485 quinos.
737 5418 792 5472 ln
823 5413 991 5472 sacris
1022 5416 1211 5471 litteris
1233 5428 1432 5485 novem
1454 5426 1666 5466 menses
1697 5413 2078 5485 nominantur:

504 5483 600 5543 sed
627 5487 812 5542 decem
845 5502 1054 5542 menses
1079 5486 1308 5543 inchoati
1333 5483 1434 5538 dici
1460 5492 1678 5550 possunt
1703 5493 1758 5537 et
1783 5483 1996 5547 decem,
2025 5494 2079 5539 et

505 5572 722 5627 novem.
745 5556 834 5611 Sic
865 5557 1115 5627 Virgilius
1145 5553 1773 5627 eclogadszatrilonga
1801 5553 1969 5604 decem
2000 5562 2081 5627 tn-

504 5625 673 5678 lerunt
713 5626 922 5692 fastidia
960 5622 1172 5681 menses.
1216 5622 1287 5680 Δί
1311 5625 1540 5688 Gellius,
1581 5622 1674 5678 lib.
1710 5622 1802 5690 in,
1843 5636 1960 5690 cap.
1991 5623 2077 5686 16,

505 5695 836 5751 medicorum
889 5705 943 5750 ct
998 5697 1438 5765 philosophorum
1487 5695 1764 5766 Opiniones
1813 5695 2074 5762 exponit:

2179 2689 2223 2746 G
2229 2692 2335 2762 igni
2360 2691 2620 2746 hominem
2640 2689 3118 2762 septimorarenter,
3137 2702 3395 2756 nunquam
3415 2695 3616 2750 octavo,
3640 2705 3762 2762 saepe

2181 2759 2334 2826 nono,
2367 2763 2555 2828 sapius
2585 2775 2796 2814 numero
2829 2759 3023 2812 decimo
3051 2773 3214 2812 mense
3238 2773 3257 2812 :
3283 2773 3498 2824 eumque
3539 2775 3647 2812 esse
3672 2759 3761 2811 Ito-

2180 2832 2366 2884 minem
2391 2831 2634 2902 gignendi
2657 2844 2910 2884 summum
2933 2829 3111 2897 finem,
3143 2828 3310 2882 decem
3332 2843 3534 2882 menses
3561 2846 3663 2883 non
3688 2831 3762 2883 in-

2179 2910 2369 2970 ceptos,
2397 2903 2486 2955 sed
2508 2911 2730 2954 exactos.
2826 2969 2851 2970 η
2971 2919 2980 2970 _'

2252 2972 2377 3026 783.
2408 2971 2627 3026 Ovidius
2655 2972 2723 3026 de
2752 2969 2940 3025 ovibus
2970 2968 3094 3024 Met.
3131 2967 3217 3032 15,
3264 2965 3426 3022 Plena
3462 2984 3588 3037 qua:
3626 2969 3759 3036 fertis

2180 3042 2233 3094 in
2263 3041 2416 3094 ubere
2445 3051 2636 3094 nectar.

2254 3109 2378 3165 784.
2413 3109 2749 3171 Parrhasius,
2781 3110 2905 3163 data
2928 3110 2973 3163 si
2991 3106 3290 3174 crepundia,
3311 3106 3451 3172 quod
3478 3118 3659 3162 metro
3676 3109 3762 3161 ad-

2179 3188 2440 3234 versatur.
2469 3179 2722 3249 Virgilius
2756 3179 2850 3234 lib.
2885 3195 2959 3249 tv,
2991 3179 3052 3234 Si
3079 3180 3200 3231 bene
3235 3178 3360 3248 quid
3387 3181 3450 3231 de
3486 3189 3541 3232 te
3575 3179 3760 3242 merui,

2181 3251 2276 3318 fuit
2315 3260 2403 3302 aut
2451 3250 2538 3303 tibi
2573 3248 2851 3319 quidquam
2893 3248 3052 3303 Dulce
3079 3263 3246 3301 meum
3272 3265 3290 3302 :
3319 3262 3630 3317 quanquam
3665 3265 3762 3304 non

2178 3331 2420 3374 materno
2441 3320 2490 3374 id
2519 3336 2703 3373 amore
2729 3321 2950 3374 dictum.

2214 3459 2226 3473 _
2249 3390 2374 3513 718.5.
2406 3391 2646 3446 Asserere
2674 3389 2839 3444 Deum
2866 3403 2963 3458 pro
2985 3388 3198 3455 testari,
3231 3387 3385 3443 fateri
3405 3428 3421 3452 ,
3455 3397 3560 3444 aut
3598 3390 3760 3455 tueri,

2214 3476 2266 3513 In
2309 3476 2468 3513 mare.

2179 3475 2468 3516 Vlnﬂll‘al‘e.

2250 3532 2373 3586 786.
2409 3532 2570 3599 Digna
2614 3529 2728 3584 haec
2755 3537 2880 3584 sunt
2905 3545 3024 3598 quae
3059 3543 3180 3582 cum
3216 3528 3396 3583 verbis‘
3425 3526 3564 3596 ipsis
3603 3545 3763 3587 sat-rte

2177 3601 2468 3669 Scriptura:
2496 3600 2858 3665 conferantur,
2894 3601 2986 3654 lib.
3019 3615 3056 3652 η
3092 3599 3298 3663 Maeh.,
3327 3613 3446 3661 cap.
3478 3615 3592 3666 vn,
3625 3615 3760 3654 vers.

2177 3670 2284 3725 2'2:
2323 3670 2462 3725 Dixit
2506 3672 2574 3724 ad
2612 3686 2696 3724 eos
2734 3670 2960 3740 (mater)
2994 3686 3007 3722 :
3048 3669 3235 3724 Nescio
3275 3670 3492 3736 qualiter
3532 3671 3587 3722 in
3625 3680 3764 3722 utero

2180 3757 2290 3822 meo
2326 3741 2865 3822 apparuistispneque
2896 3741 3029 3822 enim
3071 3755 3162 3822 ego
3193 3741 3438 3822 spiritum
3461 3749 3512 3792 et
3544 3743 3762 3792 animam

2179 3810 2368 3864 donavi
2390 3810 2547 3872 uobis.
2578 3818 2626 3865 et
2651 3811 2836 3870 vitam,
2870 3820 2914 3863 et
2939 3811 3259 3877 singulorum
3289 3810 3514 3862 membra
3543 3827 3643 3863 non
3675 3826 3764 3876 ego

2181 3880 2295 3946 ipsa
2335 3883 2585 3950 compegi.
2635 3879 2739 3934 Sed
2773 3880 2906 3933 enim
2940 3881 3115 3932 mundi
3151 3889 3369 3943 creator,
3398 3881 3484 3949 qui
3530 3879 3762 3948 formarit

2179 3950 2398 4004 hominis
2429 3953 2768 4013 nativitatem,
2808 3950 2993 4020 quique
3016 3951 3243 4004 omnium
3271 3950 3457 4003 invenit
3479 3951 3760 4020 originem.

2180 4030 2226 4074 et
2251 4022 2486 4091 spiritum
2510 4021 2646 4074 vobis
2673 4021 2857 4074 iterum
2883 4036 3008 4091 cum
3025 4020 3384 4074 misericordia
3412 4021 3593 4091 reddet
3621 4029 3669 4073 et
3695 4023 3764 4071 ui-

2179 4090 2302 4151 tam,
2322 4092 2452 4161 sicut
2472 4106 2608 4161 nunc
2629 4092 2953 4156 vosmetipsos
2978 4090 3232 4158 despicitis
3251 4090 3616 4161 propter_leqes
3633 4093 3761 4161 ejus.

2251 4161 2374 4214 787.
2409 4159 2657 4214 Nebrissa
2691 4167 2764 4213 ait
2791 4176 2896 4213 non
2928 4174 3048 4213 esse
3074 4159 3298 4215 nihilum
3319 4159 3508 4224 ,unde
3537 4171 3624 4215 est
3648 4159 3763 4215 cor-

2181 4243 2301 4304 pus.
2346 4231 2690 4304 [lettmannus
2714 4232 2783 4304 in
2817 4231 3013 4284 Poet-il.
3047 4238 3086 4304 t.
3123 4231 3194 4294 ll,
3216 4245 3360 4304 pag.
3391 4229 3520 4296 56b,
3563 4230 3657 4304 lib.
3693 4245 3763 4291 ιι,

2181 4299 2316 4370 sine,
2345 4299 2454 4370 ulla
2499 4299 2834 4370 dubitatione
2881 4301 3094 4369 reponit
3136 4303 3468 4370 animusque,
3509 4309 3561 4352 et
3588 4301 3716 4353 illud
3744 4314 3764 4354 :

2179 4369 2321 4440 quod
2353 4368 2631 4425 Gallandio
2661 4371 2922 4440 placebat.
2949 4368 3153 4425 Verum
3185 4368 3361 4436 proba
3378 4380 3462 4424 est
3493 4370 3658 4426 lectio
3680 4385 3763 4440 co-

2180 4434 2359 4509 dicum
2387 4458 2399 4492 :
2431 4439 2593 4494 sumit
2621 4434 2761 4496 enim
2805 4450 2958 4506 poeta
2989 4434 3206 4494 nihilum
3244 4455 3340 4509 pro
3365 4441 3595 4509 exiguo,
3629 4439 3762 4507 quod

2105 4494 2158 4554 Ι)
2185 4508 2286 4563 hoc
2312 4511 2485 4577 ipsum
2513 4511 2563 4563 iu
2597 4494 2776 4565 rerum
2805 4494 2954 4565 initio
2981 4525 3046 4564 ex
3079 4494 3508 4565 nihilo'creatuin
3537 4494 3644 4564 est.

2251 4579 2378 4635 788.
2413 4579 2553 4651 Vatt.
2577 4579 2633 4644 Β,
2653 4580 2718 4648 Q,
2739 4581 2896 4645 Mar.,
2919 4580 3075 4649 Prag.
3095 4596 3124 4634 a
3144 4580 3314 4651 prima
3336 4595 3519 4645 manu,
3534 4580 3760 4645 Widm.,

2181 4659 2397 4716 amator,
2431 4649 2590 4712 male,
2625 4665 2720 4714 pro
2743 4652 3016 4704 animator.

2255 4721 2386 4792 789.
2410 4717 2667 4792 weitzjus
2692 4735 2756 4774 ex
2785 4721 3033 4792 Fabricio
3058 4720 3188 4774 citat
3212 4720 3447 4792 impende
3466 4727 3514 4773 et
3544 4720 3665 4792 ipsi.
3684 4721 3763 4792 VAt

2182 4789 2456 4844 Fabricius
2487 4789 2538 4844 in
2571 4788 2751 4845 Poetis
2779 4791 3097 4844 Christianis
3121 4805 3241 4845 cum
3273 4788 3482 4845 caneris
3515 4788 3644 4859 legit
3673 4791 3763 4842 int-

2181 4862 2402 4928 pendere
2427 4861 2547 4928 ipsi.
2577 4859 2830 4915 Fortasse
2857 4862 2908 4914 in
2939 4870 3228 4915 comment.
3252 4859 3514 4930 peculia"
3551 4861 3763 4928 scripsit

2180 4931 2416 4996 impende
2443 4939 2491 4983 et
2521 4929 2638 4994 ipsi.
2671 4931 3032 4986 Nebrisseusis
3059 4929 3310 4985 subaudit
3331 4929 3492 4984 decet.
3525 4930 3637 4986 Sed
3667 4932 3764 4983 hoc

2184 4999 2634 5081 locooimpendere
2674 5003 2848 5070 potius
2889 5011 2972 5056 est
3014 5000 3358 5070 imperativus
3398 4999 3591 5056 modus
3624 5000 3766 5054 vocis

2219 5083 2427 5122 πεδινω.

2479 5138 2716 5210 rrhasius
2735 5141 2910 5195 minus
2928 5141 3062 5195 bene
3074 5141 3240 5206 virgas
3252 5149 3526 5210 stupentes.
3544 5139 3762 5202 Weiu.,

2183 5207 2408 5280 Widm.)
2438 5209 2641 5280 ΒοιιειἈ
2667 5209 2891 5280 Hailsbr.
2924 5226 3106 5280 supra,
3136 5210 3251 5262 Vat.
3286 5207 3363 5277 Δ.
3405 5211 3552 5280 Rat.,
3593 5211 3762 5271 Sicb.,

2184 5277 2554 5346 Mar.,iPrag.,
2583 5277 2695 5332 Gis.
2725 5277 2791 5331 ad
2819 5277 3007 5346 cram,
3034 5281 3315 5336 vulnerum.
3361 5279 3514 5344 Ald.,
3549 5280 3760 5344 Parrb.,

2185 5345 2492 5406 lleinsiani,’
2513 5347 2686 5406 Alex..
2719 5345 2998 5404 verberum.
3027 5351 3296 5413 Nonnulli,
3325 5351 3546 5403 dolores.

2259 5416 2383 5468 795.
2416 5415 2561 5489 Rat.,
2587 5416 2744 5489 Man,
2781 5417 2986 5489 thm.,
3017 5420 3208 5489 Doug,
3237 5432 3427 5474 actum.
3460 5419 3582 5472 Vat.
3611 5420 3673 5482 Β,
3705 5433 3761 5471 ac

2193 5499 2315 5545 nim,
2347 5485 2486 5551 quod
2515 5487 2816 5548 coniecerat
2847 5488 3102 5544 Weitzius
3132 5485 3397 5543 infactum.
3429 5490 3500 5542 Ita
3529 5489 3578 5541 in
3607 5490 3755 5553 Egm.

2192 5554 2416 5626 ilailsbr.
2437 5594 2451 5614 ,
2501 5553 2636 5619 PaL,
2680 5556 2831 5609 ictum
2859 5560 3052 5614 factum
3076 5575 3138 5614 ex
3169 5560 3249 5613 hic
3275 5571 3381 5613 tum
3399 5599 3415 5623 ,
3442 5574 3560 5626 qua:
3583 5559 3760 5613 verior

2185 5622 2475 5704 esulectio,
2502 5635 2557 5677 et
2577 5635 2751 5682 exstat
2772 5629 2822 5682 in
2847 5630 3130 5689 plerisque.
3157 5630 3334 5700 Prag.,
3360 5622 3548 5695 actum,
3577 5638 3759 5700 posth

2185 5694 2409 5748 divisum
2437 5709 2498 5747 ac
2529 5705 2652 5748 tum.
