3994 6176
457 267 562 334 807

458 384 566 438 835
711 381 974 454 Memento
1004 378 1210 446 matris,
1235 377 1344 447 jam
1375 383 1596 445 patrone
1624 390 1691 429 ex
1722 374 1860 442 filio,

638 473 778 526 D.xit
808 490 820 526 :
853 472 1068 535 deinde,
1097 471 1223 525 dum
1256 469 1376 523 [erit
1403 466 1722 522 cerviculam

715 567 760 632 1
773 564 926 634 135
940 562 1230 616 Percussor
1245 573 1394 626 ense,
1411 558 1564 612 docta
1589 555 1779 609 mulier
1792 555 2040 624 psallere,

709 653 976 722 llymnum
1010 651 1238 706 canebat
1263 646 1522 704 carminis
1552 645 1790 704 Davidici
1815 662 1829 701 :

708 740 949 796 Pretiosa
974 741 1142 796 sancti
1167 754 1312 794 mors
1334 739 1432 793 sub
1453 745 1669 805 aspectu
1699 735 1825 800 Dei;

709 832 857 886 Tuus
885 833 974 887 ille
1005 847 1213 895 servus,
1246 831 1423 900 proles
1453 827 1662 881 ancilla:
1698 835 1821 880 tuae.

639 921 788 976 Talia
817 933 1066 976 retexens
1095 919 1397 989 explicabat
1423 917 1661 987 pallium,

717 1014 1010 1082 Manus-que
1039 1012 1290 1066 tendebat
1318 1009 1418 1064 sub
1447 1011 1554 1063 ictu
1576 1018 1630 1064 et
1657 1007 1916 1078 sanguine
1940 1049 1956 1074 ,

715 1101 984 1152 Venarum
1018 1108 1074 1152 ut
1098 1097 1290 1150 undam
1326 1094 1584 1164 proﬂuam
1611 1093 1963 1158 manantium,

718 1193 784 1246 Et
813 1189 1118 1261 palpitantis
1147 1190 1257 1244 oris
1289 1189 1564 1257 exciperet
1592 1186 1832 1262 globum.

722 1285 965 1354 Excepit,
995 1293 1048 1338 et
1082 1297 1209 1338 caro
1236 1281 1521 1351 applicavit
1552 1278 1772 1348 peetori.

655 1380 722 1433 At
758 1390 906 1447 parte
929 1355 1101 1446 campi
1127 1391 1192 1430 ex
1222 1376 1411 1441 altera,
1438 1374 1723 1428 immanem
1752 1387 1816 1441 py
1830 1385 1941 1424 ram

717 1471 959 1525 'l‘exebat
983 1477 1131 1524 ustor
1157 1466 1388 1521 fumidus
1417 1465 1542 1535 pinu
1568 1463 1739 1528 arida,

462 832 568 886 810

465 1285 574 1340 M5

1569 257 1865 316 ACRELII.
1886 253 2254 312 ΡΙιυυΕΝΤιι
2292 253 2612 312 ΟΑΒΜΙΝΑ.

3622 254 3726 312 508

2396 368 2678 422 Sarmenta
2706 366 2912 422 mixtim
2934 367 3168 434 subdita,
3191 377 3245 424 et
3267 367 3376 424 feni
3399 362 3624 427 struem'

2407 463 2449 530 ι
2461 459 2616 530 136
2629 459 2917 529 Spargens,
2940 459 3140 530 liquato
3161 474 3283 516 rore
3304 461 3555 516 ferventis
3568 463 3722 536 picis,

2396 554 2516 619 Quo
2543 552 2942 620 llammapastu
2972 561 3240 608 cresceret
3281 553 3530 609 ferocius.

2333 642 2401 696 Et
2421 642 2532 710 jam
2562 644 2779 698 retortis
2803 642 3036 700 brachiis
3065 643 3209 698 furca
3233 646 3444 699 eminus

2408 733 2682 787 Romanus
2698 743 2846 788 actus
2864 735 3374 812 ingerebaturzrogo.

2392 823 2539 891 Scio,
2571 824 2748 894 inquit
2773 824 2889 890 ille,
2918 841 3024 880 non
3057 825 3288 880 futurum
3311 836 3367 880 ut
3391 840 3737 892 concremer,

2299 915 2303 919 ’
2393 914 2501 969 Nec
2531 916 2796 985 passionis
2821 916 2922 971 hoc
2948 899 3119 996 genus
3147 919 3327 972 datum
3357 927 3440 972 est
3460 920 3627 975 mihi:

2397 1009 2503 1065 Sed
2533 1017 2701 1065 restat
2722 1009 2931 1080 ingens,
2962 1011 3102 1080 quod
3137 1011 3245 1078 ﬁat,
3281 1013 3635 1078 miraculum;

2331 1099 2460 1156 llaec
2489 1099 2607 1170 ejus
2629 1115 2751 1155 orsa
2781 1101 3021 1171 sequitur
3050 1101 3343 1157 immensus
3374 1103 3554 1174 fragor

2409 1189 2804 1266 1.1371Nubis
2830 1189 3052 1257 ruentis,
3089 1191 3298 1245 nimbus
3317 1193 3558 1246 undatim
3590 1195 3738 1262 nigro

2405 1279 2654 1349 Praceps
2680 1295 2934 1350 aquarum
2966 1283 3185 1336 llumine
3218 1283 3366 1352 ignes
3389 1286 3595 1340 obruit.

2407 1372 2570 1425 Alunt
2599 1373 2744 1429 olivo
2767 1373 3213 1429 semicombustas
3241 1377 3402 1444 faces,

2411 1463 2520 1518 Sed
2553 1464 2720 1519 vincit
2749 1464 2917 1520 imber
2932 1465 3045 1535 jam
3075 1465 3377 1522 madentem
3409 1467 3680 1524 fomitem.

2149 548 2256 622 sse

2149 1009 2254 1066 855

2159 1459 2266 1516 860

1767 1573 2054 1631 caussa:
2099 1575 2436 1646 VETERES.

537 1681 660 1735 8'57.
696 1681 951 1742 Psallere,
990 1679 1093 1733 Deo
1121 1679 1324 1742 laudes,
1349 1677 1390 1731 1.

541 1753 662 1810 841,
693 1751 1020 1814 Explicabat.
1048 1749 1346 1808 resoluebat,
1380 1745 1420 1800 1.

542 1824 666 1891 842.
697 1813 809 1891 sub
839 1823 967 1888 ictu,
1002 1821 1103 1873 ictu
1130 1829 1176 1874 et
1197 1813 1545 1891 sanguine,_l.
1697 1882 1710 1891 _
1869 1879 1956 1891 -.η

539 1890 664 1946 844.
698 1878 967 1956 Globum;
982 1893 1128 1960 quasi
1149 1878 1387 1958 spiritum
1413 1878 1585 1940 uolens
1609 1882 1829 1953 recipere
1857 1879 1979 1948 ﬁlii,
2003 1878 2049 1935 1.

2235 1672 2357 1726 850.
2391 1671 2670 1738 Ferocius,
2699 1675 2893 1739 acrius,
2915 1673 2935 1728 1

2233 1739 2360 1794 85%.
2392 1741 2756 1808 lngerebatur,
2785 1743 3170 1809 immittebatur,
3195 1751 3242 1806 Ῐ.

2160 1889 2212 1932 ω
2232 1809 2358 1935 86l'l.
2407 1811 2690 1878 Fomitem,
2731 1816 3097 1869 nutrimentum
3133 1832 3234 1885 quo
3266 1817 3401 1889 ignis
3437 1817 3740 1874 incendeba-

2217 1897 2273 1935 r.
2334 1920 2346 1934 .

2217 1897 2273 1945 r,
2310 1897 2346 1935 I.

1805 1993 1941 2050 CUM
1953 1992 2180 2047 MENTA
2193 1992 2372 2051 RIUS.

474 2093 684 2149 denttus
709 2092 949 2149 imitatur
987 2092 1206 2164 phrasin
1232 2100 1287 2150 et
1325 2100 1530 2147 malum
1556 2087 1764 2161 Virgilii
1791 2093 1964 2155 ectog.
1998 2085 2055 2150 5,

483 2165 790 2236 Vulgbnle,
820 2163 1002 2234 inquit,
1037 2163 1177 2219 Iola.
1307 2233 1335 2236 _
1545 2230 1559 2236 ,
1659 2230 1671 2236 _
1881 2225 1895 2236 .
1959 2223 2018 2236 ....

545 2235 670 2289 855.
702 2223 1000 2300 Ριιῦτ.,”αἱε’
1020 2251 1116 2304 pro
1145 2236 1273 2302 iam.
1307 2230 1628 2304 Raynaudus
1658 2227 1834 2304 ξιξ-[ηρ.
1864 2225 1932 2280 de
1959 2223 2053 2278 Ti-

475 2307 600 2357 tulis
623 2305 797 2376 cultus
836 2296 1084 2373 specialis
1132 2296 1472 2366 sanctoruin,
1506 2311 1638 2376 tom.
1669 2296 1830 2354 XVIII
1878 2310 2055 2376 oper"

477 2385 673 2440 puncto
714 2374 770 2439 9,
815 2371 998 2430 multis
1039 2379 1232 2442 promit
1267 2371 1700 2427 communionem
1745 2371 2053 2442 sanguinti

477 2437 730 2507 nationis,
754 2437 944 2512 patriae
969 2437 1219 2501 idoneum
1243 2443 1454 2497 titulum
1475 2455 1598 2498 esse
1615 2437 1864 2509 specialis
1884 2441 2030 2490 cultu

478 2530 586 2584 quo
606 2525 823 2584 sanctos
853 2517 1096 2569 venerari
1124 2515 1433 2584 debeamus.
1737 2578 1769 2584 __
2003 2526 2021 2544 ο

551 2585 678 2639 858.
706 2583 1024 2639 Ald.scribit
1043 2585 1275 2638 Davitici.
1296 2583 1534 2635 Psalmus
1555 2589 1635 2635 est
1655 2578 1842 2633 ordine
1855 2592 1957 2631 cxv
1976 2577 2064 2630 ubi

479 2668 535 2706 τ.
554 2653 647 2726 l5,
659 2653 892 2726 Pretiosa
907 2657 958 2708 in
971 2664 1238 2726 conspectu
1254 2653 1458 2708 Domini
1470 2667 1606 2726 mors
1617 2660 1912 2726 sanctorum
1927 2651 2060 2717 ejus.

552 2724 678 2778 840.
717 2724 834 2778 Vat.
867 2728 932 2790 A,
957 2735 1072 2779 tuus
1094 2721 1231 2793 ergo
1260 2739 1448 2780 servus.
1481 2723 1592 2775 Pal.
1635 2721 1912 2793 mendose,
1943 2729 2062 2770 tuus

482 2810 572 2862 ego
609 2810 780 2849 servus
827 2811 922 2862 pro
953 2812 1093 2861 ergo,
1135 2790 1274 2864 quod
1309 2793 1498 2862 legitur
1524 2793 1682 2846 etiam
1715 2791 1767 2844 in
1808 2790 1985 2846 Alex..
2010 2797 2062 2840 et

487 2863 604 2918 Vat.
648 2865 715 2933 ρ.
766 2865 867 2920 Pro
914 2865 1082 2933 proles
1129 2865 1370 2920 scribunt
1410 2863 1569 2933 prolis
1606 2863 1811 2933 ,Alex.,_
1837 2857 2058 2933 _Ambr.,

491 2881 604 2918 vat.
648 2881 715 2933 υ.
766 2881 867 2920 rro
914 2881 1082 2934 prates
1129 2881 1370 2920 scribunt
1410 2881 1569 2934 proris
1617 2881 1796 2923 metu,
1845 2881 2058 2933 ηιιιυτ..

483 2934 695 2988 Thuan.
723 2950 842 2988 cum
873 2937 1013 2990 aliis.
1047 2935 1406 2989 Nihilominus
1439 2931 1684 2992 Heinsius
1728 2929 1908 2988 edidit,
1939 2945 2058 2992 pro-

2162 2085 2382 2224 fprgii'tlu.‘
2397 2086 2550 2157 Egm.
2588 2086 2868 2155 mendose,
2899 2104 3022 2158 quo.
3055 2097 3108 2144 et
3127 2089 3382 2155 ferocibus
3417 2105 3516 2159 pro
3553 2107 3659 2160 quo
3693 2103 3742 2167 et

2185 2171 2400 2210 ενοειιω.

2233 2225 2358 2280 851.
2389 2227 2544 2301 Ald.._
2559 2228 2769 2301 _Nebr.,
2809 2229 3185 2301 Tom.,retiam
3216 2244 3313 2301 pro
3335 2239 3383 2284 et
3421 2231 3553 2296 iam,
3605 2235 3742 2301 quod

2163 2306 2403 2360 prestat.
2438 2299 2490 2352 In
2527 2299 2660 2354 Mar.
2693 2315 2760 2354 ex
2784 2301 2936 2354 minis
2976 2299 3255 2355 videbatur
3283 2299 3480 2354 factum
3522 2299 3743 2359 eminus.

2165 2365 2501 2440 Parrhasius.
2537 2371 2698 2436 furcis
2725 2371 2874 2423 nimis
2903 2371 3166 2424 Romanus
3194 2381 3366 2436 aptus,
3395 2372 3542 2440 quod
3571 2384 3746 2428 exstat

2165 2436 2326 2494 etiam
2355 2440 2414 2509 in
2445 2439 2599 2507 Man,
2632 2440 2720 2493 ubi
2759 2440 2953 2509 legitur
2989 2455 3017 2494 a
3049 2440 3213 2509 prima
3245 2455 3401 2495 manu
3417 2436 3478 2495 ἐι
3515 2443 3694 2500 nimis.
3717 2458 3746 2496 a

2169 2507 2400 2561 secunda
2432 2523 2615 2572 manu,
2640 2507 2859 2562 eminus.
2889 2507 3102 2566 'l‘eolius
3137 2511 3332 2633 βίη-(ηπ
3363 2511 3746 2580 interpretatur

2171 2573 2512 2633 luscinttlam.
2546 2579 2741 2633 Verum
2765 2579 3024 2633 Scaliger.
3055 2583 3104 2633 in
3187 2581 3338 2633 anil..
3369 2596 3490 2633 patr.
3519 2581 3654 2633 462.
3681 2583 3744 2633 ad

2171 2573 2512 2650 fuscinulam.
2546 2579 2741 2634 Verum
2765 2579 3024 2648 Scaliger,
3055 2583 3104 2634 in
3137 2573 3338 2644 Manil.,
3369 2596 3490 2650 pag.
3508 2573 3654 2648 162,
3681 2583 3744 2636 ad

2167 2661 2309 2721 vers.
2343 2649 2676 2721 Accensisque
2702 2651 2861 2721 rogis,
2901 2652 2992 2705 lib.
3027 2666 3076 2716 ν,
3113 2651 3271 2721 (locet
3310 2649 3662 2720 patibulatos,
3696 2665 3749 2706 ut

2170 2715 2386 2772 Plautus
2405 2720 2656 2788 loquitur,
2685 2715 2784 2775 lioé
2805 2715 2886 2776 est
2910 2721 3141 2776 brachiis
3169 2715 3426 2776 districtis
3445 2721 3513 2774 ad
3544 2715 3747 2776 tuream

2171 2801 2266 2854 per
2289 2789 2472 2844 urbem
2507 2791 2870 2864 circumlatus,
2917 2793 2986 2846 ita
3021 2793 3232 2864 tandem
3263 2792 3530 2864 inrogum
3563 2793 3750 2864 conje-

2169 2869 2305 2923 clos,
2335 2870 2427 2914 aut
2454 2861 2673 2915 retortis
2715 2861 2766 2914 in
2799 2872 3001 2931 tergum
3036 2863 3288 2924 brachiis,
3319 2862 3460 2916 furca
3494 2863 3642 2916 collo
3671 2861 3750 2917 in-

2168 2938 2311 3000 serta
2334 2947 2347 2982 :
2372 2946 2475 2998 quo
2501 2931 2717 3000 respicit
2745 2931 3081 2986 Prudentius.
3109 2933 3172 2986 Et
3201 2932 3420 2991 idcirco.
3443 2943 3503 2985 ut
3527 2933 3746 2998 oninor,

485 3007 579 3080 les,
612 3007 854 3070 quamvis
877 3006 1060 3080 ultima
1093 3001 1823 3080 deheatcorripi._Sen‘tentia
1845 2999 2061 3080 videtur
2093 3019 2138 3080 ρ
2169 2999 2662 3080 ait_eminus,hqtt-asi
2683 3000 2880 3080 furcae
2900 3003 3365 3080 colloeminuerit.
3403 3001 3513 3080 Hae
3537 3003 3748 3060 ratione

487 3069 802 3142 deprompta
822 3089 885 3128 ex
911 3076 1116 3142 psalmo
1137 3089 1300 3137 cxxtt,
1324 3089 1373 3124 v.
1399 3071 1434 3122 2
1453 3081 1507 3124 et
1530 3073 1594 3123 ὃς
1626 3069 1906 3142 Ecce__s_icut_
1929 3069 2062 3142 oculi

487 3135 744 3196 servorum
773 3147 826 3198 in
858 3135 1090 3198 munibus
1119 3135 1437 3196 dominorum
1464 3155 1696 3194 suorum.
1739 3135 1902 3192 Sicut'
1928 3135 2065 3190 oculi

489 3213 694 3268 ancilla:
724 3215 777 3266 in
805 3216 1034 3268 manibus
1063 3215 1287 3266 dominae
1325 3227 1452 3266 sum.

561 3283 684 3337 841.
721 3283 839 3354 Vat.
873 3287 915 3338 A
949 3301 1047 3354 pro
1071 3285 1179 3337 div.
1205 3283 1414 3354 script.,
1446 3289 1494 3354 et
1525 3279 1759 3354 plicabat.

565 3354 691 3407 842.
722 3353 832 3408 Gis.
864 3357 930 3408 ad
951 3348 1132 3418 'oram,
1171 3353 1292 3408 Vat.
1317 3348 1391 3415 Ἀ,
1430 3352 1582 3405 Alex.
1634 3350 1685 3404 in
1735 3363 1931 3418 marg.,
1975 3348 2068 3401 sub

492 3423 650 3477 ictum
690 3425 930 3478 vulneris.
984 3426 1098 3478 Vat.
1144 3425 1189 3492 ρ
1239 3423 1495 3476 mendose
1536 3421 1784 3492 subiciam
1826 3421 2064 3474 vulneris.

493 3495 646 3561 Egm.
676 3511 779 3548 non
811 3496 1025 3560 melius,
1051 3491 1242 3549 tenebat
1271 3497 1363 3548 sub
1393 3495 1568 3546 ictum.
1604 3491 1742 3553 PaL,
1775 3492 2026 3556 sanguine
2053 3505 2070 3550 ς

493 3579 686 3632 Supra,
720 3567 956 3618 vulneris.
1001 3566 1263 3628 Latinius,
1304 3563 1493 3630 partim
1539 3576 1604 3632 ex
1651 3561 1986 3628 conjectura,
2015 3571 2073 3614 ut

498 3635 748 3700 videtur;
783 3637 970 3704 partim
994 3651 1058 3692 ex
1091 3647 1195 3691 vel.
1227 3636 1373 3699 cod.,
1406 3633 1530 3703 legit
1556 3631 1839 3700 ﬂauusque
1863 3633 2070 3684 subien-

494 3707 640 3758 debm
671 3707 771 3759 ictu
801 3709 1041 3761 vulneris.

567 3775 692 3830 855.
730 3777 932 3831 Undant
965 3795 1058 3846 pro
1077 3777 1228 3846 c0pia
1260 3786 1312 3830 et
1334 3773 1602 3830 afﬂuentia
1637 3773 1832 3842 pos-uit,
1861 3780 1919 3825 ut
1943 3770 2071 3824 alibi

495 3862 526 3898 tt
535 3847 634 3898 mla
659 3849 801 3901 uteri.

571 3917 697 3972 δη.
732 3920 908 3990 Egm.,
945 3919 1176 3974 llailsbr.
1219 3917 1271 3972 in
1306 3927 1477 3990 textu,
1519 3916 1653 3990 orbis
1685 3929 1780 3981 pro
1809 3913 1940 3990 oris.
1965 3911 2073 3990 ble-

498 3983 804 4044 lirissensis'
831 3991 1212 4058 interpretatur
1239 3989 1511 4058 sanguinis
1549 3986 1754 4058 undam
1789 3983 2074 4058 congloba-

501 4068 643 4124 tam;
672 4061 953 4114 adnotator
978 4053 1234 4113 editionis
1265 4057 1490 4118 Lotteri,
1523 4066 1575 4110 et
1611 4055 1845 4124 'l‘eolins,
1876 4053 2073 4106 abscis-

497 4146 608 4200 sum
630 4123 840 4197 infamis
863 4141 1036 4200 caput,
1063 4131 1201 4198 quod
1227 4129 1396 4195 magis
1424 4126 1624 4200 placet:
1650 4123 1771 4177 vide
1793 4139 1931 4200 vers.
1955 4137 2070 4191 seq.

502 4193 758 4254 Weitzius
788 4193 1212 4267 glossam-Isionis
1240 4193 1359 4251 cuin
1393 4199 1564 4260 glossa
1605 4209 1790 4247 versus
1814 4193 2075 4267 ‘242‘con-

503 4268 745 4321 tinuavit.
766 4263 879 4322 Non
907 4271 1087 4323 dubito
1109 4274 1233 4338 quin
1250 4269 1369 4322 dum
1386 4269 1490 4338 sint
1512 4267 1726 4338 glossae,
1750 4274 1912 4338 atque
1936 4263 2074 4338 inter

500 4339 901 4407 sesi-parandrc.
920 4340 1095 4407 Itaque
1108 4334 1367 4407 separavi.
1386 4334 1559 4390 Prima
1573 4334 2070 4407 estdiversalectio.

576 4406 701 4459 845.
735 4403 1047 4464 Parrhasius
1075 4403 1258 4463 eontra
1290 4417 1539 4469 metrum,
1570 4406 1771 4474 excipit.
1817 4403 2076 4458 Wcitzius

505 4476 749 4550 apposite
772 4480 1009 4550 con'jicit,
1035 4496 1182 4534 more
1200 4487 1428 4548 quodam
1461 4477 1713 4550 peculiari
1738 4487 1960 4550 matrem
1985 4489 2078 4550 ap-

506 4545 751 4611 plicuisse
786 4545 986 4614 pectori
1021 4552 1110 4605 lilii
1159 4545 1336 4614 caput.
1387 4545 1715 4601 Ειΐυιιςιθερ
1753 4546 2076 4600 Prudentius

508 4630 615 4680 prae
644 4617 813 4670 oculis
854 4618 1029 4674 habuit
1062 4623 1188 4675 illud
1216 4619 1413 4674 Valerii
1448 4619 1661 4672 Maximi
1699 4618 1818 4670 libr.
1849 4630 1920 4681 tv,
1953 4630 2072 4684 cap.

489 4685 556 4746 ‘7,
591 4685 641 4738 in
671 4685 748 4760 T._
762 4687 1066 4756 Volumnio,
1085 4693 1172 4760 qui
1206 4690 1367 4744 Marcl
1395 4689 1704 4749 Luculli,a|i
1733 4688 1965 4760 Antonio
1994 4687 2078 4739 iu-

507 4757 771 4829 terempti,
799 4771 985 4828 caput,
1025 4757 1166 4829 quod
1191 4762 1483 4816 abscissum
1505 4759 1736 4827 jacebat,
1763 4758 2078 4829 sublevatum

504 4828 708 4898 corpori
734 4845 826 4882 suo
851 4827 1146 4898 applicabit.
1189 4833 1313 4884 Post
1342 4833 1480 4883 hunc
1511 4845 1722 4884 versum
1752 4829 1804 4882 in
1840 4827 2077 4897 margine

513 4897 650 4970 \fati.
680 4901 721 4970 Α
744 4909 799 4970 et
829 4897 984 4954 lerat
1025 4901 1317 4969 ascriptum
1362 4898 1610 4970 Explicit,
1641 4901 1846 4955 scilicet
1874 4909 2080 4969 marty-

507 4968 647 5021 rium
676 4969 908 5024 infamis.

581 5040 704 5094 846.
736 5041 810 5095 De
835 5041 1039 5096 ratione
1068 5055 1168 5108 qua
1199 5039 1505 5110 huiusmodi
1537 5055 1680 5110 pyra:
1708 5041 1959 5096 celeriter
1983 5057 2078 5095 ex-

507 5120 872 5169 struerentur.
906 5111 1026 5166 vide
1073 5119 1363 5164 comment.
1411 5109 1477 5164 ad
1503 5109 1648 5164 vers.
1675 5111 1741 5166 67
1772 5113 2072 5180 Peristeph.

503 5181 560 5241 6,
593 5190 647 5233 et
673 5183 901 5236 tabulam
930 5199 1057 5236 xvu.

579 5251 702 5304 847.
739 5253 992 5318 llailsbr.,
1016 5250 1192 5320 fimida
1212 5266 1231 5314 ;
1254 5256 1380 5316 pttlo
1410 5251 1608 5321 fumida
1636 5265 1732 5318 pro
1755 5251 2001 5317 fumidus.

580 5322 704 5375 8.58.
736 5321 892 5388 Urh.,
913 5331 1164 5392 corrupto
1189 5329 1381 5387 utelro,
1414 5332 1458 5373 et
1502 5331 1691 5392 struem
1729 5322 1851 5392 feni.
1887 5325 1940 5392 Ar
1961 5335 2076 5392 sar-

507 5394 702 5464 mentis
720 5394 911 5464 quibus
933 5391 1171 5449 accensis
1197 5392 1303 5464 vivi
1321 5391 1788 5455 comlmrehantur,
1805 5391 2074 5464 Δ(ὶιιιηίειῇτι-

509 5479 607 5516 nos
628 5459 801 5517 dictos
832 5465 995 5520 fuisse
1026 5463 1362 5519 sarmentitios
1405 5470 1592 5516 notare
1624 5472 1773 5529 pOtes
1803 5459 1857 5513 in
1899 5459 2076 5515 verbis

509 5533 822 5587 'l‘ertulliaui
854 5538 917 5590 ad
944 5552 1083 5590 vers.
1120 5537 1222 5590 105
1249 5533 1438 5594 Perist.
1463 5534 1517 5588 6.

578 5603 699 5655 849.
748 5605 899 5677 Ald.,
945 5607 1171 5675 liquata;
1212 5605 1331 5670 alii,
1379 5605 1588 5677 liquato.
1635 5599 1975 5669 Parrhasius,
2008 5599 2074 5655 li-

505 5683 659 5735 quat.)
688 5688 798 5724 rore
823 5690 841 5725 :
875 5676 1110 5742 frumenti
1139 5677 1346 5747 spicas.’

2170 3069 2223 3121 in
2251 3069 2448 3144 hymno
2479 3069 2539 3125 S.
2569 3070 2846 3144 Fructuosi
2867 3073 3144 3144 Conciliari
3171 3083 3349 3144 potest
3372 3073 3512 3142 quod
3544 3085 3748 3144 marty-

2168 3153 2254 3210 res
2283 3141 2332 3192 in
2366 3155 2552 3205 rogum
2588 3141 2908 3206 insiluerint,
2935 3153 2993 3197 ut
3021 3143 3181 3196 refert
3214 3141 3558 3209 Prudentius,
3579 3155 3638 3198 et
3657 3141 3752 3210 sti-

2169 3209 2306 3281 pites
2326 3211 2518 3277 quibus
2544 3211 2616 3264 illi
2641 3221 2790 3267 erant
2815 3213 3010 3281 alligati
3041 3217 3416 3278 remanserint,
3437 3225 3496 3267 ut
3525 3209 3752 3270 narrant

2169 3280 2322 3360 tActa.
2351 3281 2623 3360 Romanus
2651 3283 2894 3350 quidem,
2913 3280 2975 3336 ut
2997 3293 3259 3360 memorat
3289 3285 3574 3347 Eusebius,
3601 3288 3752 3360 vivus

2172 3354 2225 3422 in
2275 3354 2449 3419 ignem
2502 3354 2608 3420 jam
2655 3367 2936 3407 accensum
2982 3355 3256 3422 conjecms
3301 3365 3381 3407 est
3433 3363 3650 3420 portans
3699 3357 3753 3409 itt

2170 3421 2640 3495 ltttiiterisfrucem,
2669 3423 2810 3490 quod
2839 3431 2905 3478 de
2936 3421 3280 3492 lurca’potest
3307 3427 3524 3495 exponi.

2241 3492 2365 3546 855.
2399 3493 2633 3556 Thuan.,
2662 3505 2716 3546 ut
2738 3511 2869 3546 nunc
2891 3511 3101 3549 cremer.

2245 3563 2548 3637 854.AAld.,
2579 3566 2776 3637 Oxum,
2807 3565 2997 3617 dictum
3024 3573 3098 3618 est
3117 3564 3261 3618 mihi.
3283 3563 3617 3637 Vocabulum
3640 3584 3756 3637 pas-

2172 3635 2330 3688 sionis
2357 3634 2623 3704 theologis
2643 3640 2892 3688 usitatum
2917 3650 3014 3704 pro
3039 3637 3228 3701 quovis
3254 3636 3500 3704 supplicii
3531 3634 3756 3701 genere,

2175 3719 2348 3768 neque
2377 3703 2516 3774 aliud
2549 3719 2668 3758 esse
2700 3705 2753 3758 in
2787 3705 2885 3758 hac
2921 3703 3321 3773 'siguilicatiooe
3351 3703 3664 3774 expressius
3695 3707 3754 3762 S.

2179 3769 2455 3844 Augustini
2484 3775 2770 3838 sententia,
2797 3769 3006 3828 monuit
3033 3775 3330 3844 Fabricius.
3364 3769 3502 3830 Usus
3528 3791 3592 3830 ea
3619 3793 3756 3831 voce

2177 3843 2281 3898 fuit
2301 3844 2682 3912 Tertulliauus',
2713 3857 2765 3900 et
2789 3846 3069 3900 Cornelius
3096 3843 3298 3916 Gallus,
3329 3846 3442 3902 sive
3465 3850 3588 3917 quis
3618 3848 3759 3903 alius

2175 3925 2361 3969 auctor
2390 3917 2679 3984 elegiarum
2713 3917 2812 3971 sub
2841 3918 2958 3984 ejus
2981 3917 3216 3972 nomine.

2247 4010 2375 4066 855.
2415 4009 2553 4063 Vatt.
2580 4011 2646 4075 A,
2677 4010 2742 4074 Q.
2773 4011 3108 4073 Parrhasius,
3141 4011 3354 4074 Ambr.,
3388 4011 3625 4075 Thuan.,
3653 4012 3762 4066 duo

2178 4081 2452 4141 Torrent..
2489 4079 2669 4142 Alex.,
2711 4081 2885 4147 Egon,
2921 4081 3058 4139 PaL.
3099 4092 3152 4134 et
3175 4081 3285 4146 alii,
3326 4092 3372 4133 et
3403 4092 3582 4146 restat,
3613 4082 3759 4150 quod

2181 4161 2362 4205 tenent
2384 4150 2730 4221 recentiores,
2754 4162 2982 4218 excepto
3011 4150 3315 4215 Gallaudio,
3338 4152 3429 4221 qui
3456 4167 3582 4205 cum
3609 4154 3760 4219 Ald.,

2180 4221 2342 4277 Torn.
2366 4221 2536 4276 edidit
2556 4219 2661 4272 sed.
2693 4220 2935 4288 Plerique
2966 4222 3089 4274 edd.
3123 4231 3177 4274 et
3211 4219 3418 4289 scripti,
3463 4223 3551 4274 sed
3577 4235 3759 4276 restat.

2179 4292 2235 4345 In
2269 4293 2415 4357 Rat.,
2443 4291 2534 4360 ﬁat
2554 4300 2631 4347 ut.
2651 4290 2742 4345 sed
2768 4293 3016 4362 airecenti
3035 4302 3362 4354 correctore,
3392 4307 3459 4346 ne
3487 4295 3530 4345 si
3552 4292 3763 4362 legatur

2104 4383 2154 4443 Β
2178 4363 2315 4444 quod
2346 4364 2453 4444 ﬁat,
2488 4361 2658 4444 prima
2776 4361 2868 4444 ﬁat
2896 4361 3236 4444 cprripiat'ur:
3281 4363 3533 4444 Lotterus
3572 4361 3762 4430 etiam,

2179 4432 2270 4500 fiat
2297 4445 2370 4487 ut.
2407 4432 2665 4487 Eusebius
2690 4433 2780 4486 lili.
2804 4433 2870 4483 tle
2895 4433 3110 4502 Martyr.
3137 4432 3347 4486 Palmet.
3379 4434 3452 4486 ita
3483 4448 3598 4486 rem
3633 4449 3764 4486 nar-

2179 4513 2294 4557 rat:
2328 4504 2454 4556 Cum
2482 4503 2702 4555 ministri
2728 4502 2812 4568 qui
2834 4517 3012 4569 rogum
3035 4505 3299 4556 accensuri
3321 4513 3465 4557 erant
3492 4505 3765 4569 imperato-

2177 4577 2248 4627 ris
2279 4583 2385 4626 tum
2413 4575 2540 4642 forte
2555 4572 2815 4641 praesentis
2847 4573 3093 4631 iudicium
3115 4581 3498 4642 exspectarent:
3520 4571 3763 4640 Ubinam,

2177 4644 2360 4711 inquit,
2383 4642 2509 4696 mihi
2535 4643 2708 4711 ignis?
2741 4642 2934 4705 Quibus
2959 4644 3107 4696 dictis
3135 4645 3328 4695 accitus
3351 4660 3521 4696 curam
3541 4646 3766 4713 impera-

2179 4723 2288 4767 tore
2316 4715 2514 4768 sistitur
2536 4728 2662 4766 uovo
2687 4713 2909 4783 quodam
2937 4714 3176 4782 supplicii
3203 4731 3386 4782 genere
3427 4714 3730 4779 plectendas
3747 4754 3762 4772 .

2178 4783 2368 4856 lingua:
2396 4785 2584 4838 scilicet
2606 4783 2947 4856 abscissioue.
2966 4783 3474 4856 Tacetdmiraculum
3509 4785 3649 4850 ignis
3665 4785 3766 4856 qui

2180 4853 2284 4909 non
2317 4857 2489 4925 potuit
2520 4855 2950 4925 accendi.Atqui
2984 4854 3098 4925 ipse
3131 4854 3395 4925 Eusebius
3428 4853 3567 4908 idem
3603 4855 3766 4907 mira-

2177 4923 2353 4980 culum
2378 4928 2491 4978 fuse
2516 4925 2736 4992 exponit
2764 4924 2815 4976 in
2841 4924 2935 4978 lib.
2959 4925 3026 4976 de
3046 4923 3264 4978 Resurr.
3293 4923 3429 4980 Vide
3451 4940 3582 4995 ergo
3603 4941 3764 4995 quam

2180 5013 2365 5066 parum
2397 4996 2669 5049 liiletnluin
2703 5005 3017 5062 argumento
3058 4995 3294 5063 neganti.

2249 5089 2372 5146 856.
2402 5089 2566 5141 Torn.
2603 5085 2878 5156 mendose,
2906 5103 3020 5139 ossa
3043 5088 3286 5155 sequitur.
3316 5087 3606 5156 Fragorem
3629 5089 3762 5141 nim-

2179 5161 2230 5216 bi
2263 5163 2464 5215 ruentis
2490 5159 2557 5209 ita
2590 5153 2912 5213 descriptum
2942 5153 3254 5210 cataractam
3292 5173 3320 5211 a
3353 5153 3631 5212 nonnullis
3653 5159 3766 5212 exi-

2179 5231 2404 5292 stimari,
2431 5234 2579 5280 notat
2603 5223 2901 5280 Fabricius.
2936 5227 3043 5280 Sed
3067 5239 3336 5282 cataracta
3357 5229 3584 5298 proprie
3609 5238 3689 5284 est
3712 5231 3763 5280 in

2180 5301 2484 5354 fluminibus
2503 5299 2650 5368 locus
2671 5305 2993 5368 praeruptus,
3019 5309 3297 5366 angustus,
3323 5310 3377 5353 et
3396 5315 3656 5368 pra-ceps,
3679 5298 3763 5352 ubi

2182 5385 2315 5435 aqua
2337 5383 2527 5438 magno
2556 5366 2754 5432 itnpetu
2774 5375 2828 5438 et
2865 5367 3075 5438 fragore
3099 5371 3224 5423 ruit.
3243 5369 3525 5424 Fabricius
3543 5366 3764 5424 fortasse

2177 5439 2420 5508 loquitur,
2465 5437 2532 5491 de
2573 5437 2858 5491 cataractis
2896 5437 3050 5502 cteli,
3096 5440 3163 5494 de
3205 5440 3397 5510 quibus
3444 5443 3496 5494 in
3545 5440 3758 5496 Genesi.

2250 5531 2376 5586 858.
2402 5530 2522 5583 Vat.
2557 5529 2851 5601 A,fulmine
2870 5531 3032 5600 ignes.
3065 5531 3507 5600 Alcx.corrupte.
3540 5535 3764 5601 ﬂaminia

2181 5603 2342 5675 ignes.
2375 5599 2706 5667 Parrhasius,
2748 5598 2986 5672 Piwceps
3025 5618 3274 5667 aquarum
3295 5598 3507 5675 ﬂumine
3522 5598 3762 5675 salignis

2181 5660 2368 5728 obruit.
