3994 6176
668 403 784 457 Jam
815 414 955 454 nunc
986 397 1201 455 secandi
1229 398 1420 453 doctus
1448 395 1590 452 adsit
1619 398 1809 452 artifex
1837 414 1851 448 :

742 493 842 556 Qui
867 503 1057 547 cuncta
1084 492 1226 546 norit
1251 493 1512 544 viscerum
1536 489 1767 543 conﬁnia

742 583 840 637 Vel
865 597 998 637 nexa
1027 583 1209 636 nervis
1233 583 1507 651 disparare
1536 581 1762 636 vincula.

745 677 874 730 Date
897 677 1059 741 hunc,
1091 675 1315 729 revulsis
1341 675 1428 743 qui
1461 674 1706 728 medetur
1731 673 1965 737 ossibus,

752 769 794 836 ι
807 765 961 836 140
977 767 1080 818 Aut
1101 765 1264 818 fracta
1289 763 1441 817 nodis
1458 763 1698 816 sarciens
1714 761 2070 830 compaginnt.

677 855 930 924 Linguam
956 857 1186 924 priorem
1213 853 1459 908 detrahat
1483 853 1756 917 radicitus,

746 947 875 1013 Quae
903 961 1126 1014 corpore
1157 948 1295 998 omni
1327 945 1442 999 sola
1481 945 1612 998 vivit
1640 944 1885 1010 nequior.

753 1037 843 1088 Illa
876 1045 929 1089 et
952 1036 1162 1104 proraci
1195 1036 1421 1101 pessima
1454 1035 1504 1087 in
1534 1044 1748 1088 nostros
1769 1033 1901 1088 deos

748 1125 956 1180 lnvecta
991 1133 1158 1204 motu,
1189 1125 1267 1178 fas
1295 1124 1589 1193 profanavit
1613 1134 1788 1189 vetus,

751 1217 934 1269 Audax
967 1225 1018 1270 ct
1049 1216 1143 1280 ipsi
1174 1231 1278 1268 non
1304 1217 1542 1284 pepercit
1567 1215 1815 1283 principi.

679 1307 860 1362 Aristo
886 1309 1098 1377 quidam
1131 1309 1369 1362 medicus
1399 1310 1602 1362 accitus
1633 1307 1798 1375 venit,

755 1399 1001 1453 l’roferre
1041 1399 1271 1468 linguam
1319 1398 1604 1469 praecipit:
1645 1397 1847 1467 profert
1897 1395 2076 1450 statim

758 1492 958 1563 Martyr
984 1501 1260 1557 retectam,
1293 1491 1478 1560 pandit
1505 1491 1610 1546 ima
1639 1499 1694 1546 et
1719 1488 1973 1544 faucium.

499 767 604 822 890

505 1213 610 1269 895

576 1713 698 1768 888.
730 1714 1033 1782 Disparare.
1058 1729 1314 1783 separare,
1339 1713 1459 1767 Vat.
1489 1714 1555 1768 A.

575 1784 701 1838 889.
736 1784 905 1850 Hunc,
939 1785 1111 1849 talem,
1142 1783 1256 1836 Vat.
1285 1784 1350 1837 A.

577 1854 724 1978 834.]
755 1854 874 1920 Fas,
925 1853 1104 1925 legem,
1143 1852 1262 1907 Vat.
1305 1857 1369 1908 A.
1409 1883 1480 1893 —
1529 1852 1908 1922 Prophanavit,
1956 1869 2077 1906 eor-

577 1939 618 1978 m
654 1963 668 1978 .
728 1963 741 1976 .

504 1933 668 1986 rupit,
703 1933 741 1978 Ι.

575 1992 700 2046 896.
732 1993 964 2054 Accitus,
995 1995 1293 2058 advocatus,
1312 1992 1348 2047 l.

576 2062 699 2116 90:2.
725 2063 1068 2125 Scalpellum,
1099 2079 1255 2133 genus
1281 2064 1402 2129 ferri
1427 2078 1525 2124 quo
1550 2063 1730 2114 medici
1760 2070 2074 2133 utuntur.-_—-

506 2130 797 2199 lnsertans,
819 2130 1122 2187 imminens}
1152 2135 1398 2187 insertare
1424 2142 1495 2186 est
1525 2133 1793 2187 immittere
1831 2149 1946 2185 eum
1973 2131 2078 2184 ali-

1591 279 1871 368 AUR‘ELIl
1905 285 2271 343 PRUDENTII
2310 285 2636 343 CARMINA.

3646 283 3744 339 5|!

2426 395 2522 450 Ille
2551 404 2600 449 et
2617 391 2856 462 palatum
2889 397 3103 455 tractat,
3136 398 3190 443 et
3217 389 3382 454 digito
3411 389 3620 445 exitum

2180 487 2286 545 900
2432 485 2586 540 Vocis
2615 496 2920 554 pererrans,
2951 480 3160 535 uulneri
3190 480 3434 549 explorat
3457 481 3653 537 locum.

2206 593 2238 625 ο
2353 579 2608 647 Linguam
2636 576 2830 631 deinde
2857 574 3014 644 longe
3039 573 3107 626 ab
3131 588 3225 627 ore
3253 574 3592 641 prmrahens,

2431 669 2638 743 1151
2664 668 2982 739 Scalpellum
3013 667 3064 721 in
3093 680 3261 734 usque
3289 674 3473 736 guttur
3497 667 3752 725 insertans

3526 759 3684 832 [agit.

2428 854 2523 908 Illo
2552 861 2766 908 secante
2788 852 2872 905 fila
2899 849 3097 906 sensim
3127 849 3355 919 singula,

2430 946 2709 1016 Nunquam
2758 941 3045 998 momordit
3091 953 3324 1015 martyr,
3380 951 3474 998 aut
3523 958 3585 997 os
3629 944 3751 998 deu-

3525 1035 3687 1107 [tibus

2432 1127 2759 1198 Compressit
2782 1128 2964 1193 arctis,
2989 1141 3089 1181 nec
3113 1142 3360 1183 cruorem
3390 1128 3618 1182 sorbuit.

2362 1219 2619 1276 Immotus
2645 1229 2697 1273 et
2729 1228 2939 1287 patente
2965 1219 3099 1272 rictu
3119 1219 3382 1286 conSIitit,

2432 1311 2566 1366 Dum
2600 1311 2817 1378 sanguis
2839 1321 2990 1363 extra
3019 1309 3205 1363 deﬂuit
3232 1311 3559 1364 scaturiens:

2432 1399 2651 1454 Perfusa
2678 1398 2900 1468 pulcher
2928 1409 3105 1454 menta
3135 1414 3291 1454 russo
3317 1409 3600 1454 stemmate

2434 1489 2582 1554 Fert,
2611 1498 2666 1544 et
2693 1487 2902 1543 cruenti
2932 1488 3168 1560 pectoris
3206 1501 3410 1560 spectat
3432 1489 3618 1556 decus,

2183 1131 2290 1188 905
2335 1123 2341 1128 ’

1821 1601 2107 1659 GLOSSE
2150 1601 2481 1660 VETERES.

2118 1717 2160 1775 Β
2186 1670 2286 1786 uua
2316 1715 2578 1786 uiolentia,
2603 1715 2645 1769 I.

2257 1785 2380 1841 903.
2411 1785 2642 1851 Sensim,
2675 1785 2906 1847 tractim,
2936 1784 2976 1838 l.

2256 1857 2380 1911 906.
2409 1857 2582 1920 ﬂictu,
2611 1857 2770 1908 rictus
2791 1856 2985 1918 apertio
2999 1854 3122 1922 oris,
3154 1852 3192 1908 I.

2257 1927 2382 1982 907.
2413 1925 2745 1989 Scaturiens,
2778 1925 3043 1991 ebulliens,
3078 1925 3119 1977 Ι.

2257 1996 2382 2066 908.
2414 1997 2585 2050 Basso
2616 2005 2918 2066 stemmate,
2947 1996 3101 2050 rubea
3134 1995 3404 2066 sanguine,
3439 1996 3479 2049 1.

2242 2061 2383 2122 ηοξ).
2409 2066 2557 2134 Fert,
2581 2065 2780 2134 suffert,
2813 2067 2855 2128 l,

1849 2240 2407 2299 COMMENTARIUS.

506 2352 620 2423 sius
655 2361 896 2419 usturtre,
943 2353 1030 2409 vel
1059 2353 1302 2407 ustulare.
1342 2352 1572 2408 ﬂailsbr.
1616 2366 1798 2423 supra,
1847 2363 2075 2410 ustuare.

509 2422 776 2485 Lotterus,
808 2423 1064 2485 Latinius,
1097 2423 1210 2478 Gis.
1255 2423 1421 2493 prima
1452 2423 1566 2488 ed.,
1601 2422 1960 2489 ire'inustum;
1994 2439 2080 2479 se-

507 2493 680 2546 cunda
708 2493 821 2558 ed.,
853 2494 1097 2560 ustulure,
1125 2494 1189 2547 ad
1221 2509 1368 2546 oram
1398 2494 1470 2546 ire
1494 2494 1738 2547 inustum.
1760 2493 1998 2549 Gifanius
2025 2495 2077 2548 in

508 2561 682 2615 iudice
714 2563 966 2626 Lucretii,
1013 2565 1099 2617 ubi
1137 2562 1204 2618 de
1243 2562 1520 2617 Ecruursr
1565 2563 1688 2631 agit,
1738 2564 1865 2632 legit
1908 2575 2079 2618 ustum

507 2633 582 2700 ire
607 2647 702 2700 pro
731 2649 896 2697 urere,
928 2648 995 2687 ex
1025 2643 1130 2687 vet.
1165 2632 1282 2697 lib.,
1314 2643 1370 2686 et
1392 2648 1454 2687 ex
1489 2633 1592 2686 alio
1615 2641 1721 2688 vet.
1747 2635 1954 2700 ustuire,
1987 2650 2076 2689 re-

506 2695 667 2768 ctius,
699 2712 756 2756 ut
795 2703 844 2756 in
880 2695 1000 2772 iure
1041 2703 1183 2757 civili
1211 2695 1495 2767 credituiri,
1526 2704 1783 2768 debituiri,
1833 2695 1965 2768 etc.)
2013 2705 2079 2760 de

507 2774 699 2843 quibus
728 2773 989 2827 Antonius
1017 2774 1344 2843 Augustinus
1373 2774 1465 2827 lib.
1491 2790 1524 2827 ιι
1550 2773 1854 2839 Ememlat.,
1879 2790 1997 2840 cap.
2019 2774 2073 2830 2.

508 2841 792 2915 Existimat
812 2843 1052 2898 Gifanius
1075 2841 1299 2899 ustulare
1328 2844 1605 2915 irrepsisse
1627 2860 1694 2898 ex
1718 2845 1913 2915 glossa.
1939 2845 2078 2899 lieu-

507 2927 736 2966 mannus
760 2913 810 2966 in
846 2915 1066 2981 Puecil.,
1097 2925 1226 2968 tom.
1260 2915 1320 2979 ll,
1352 2914 1442 2967 lib.
1479 2930 1556 2979 Ill,
1601 2913 1878 2981 pag.‘564,
1910 2916 2078 2970 corri-

508 2981 666 3073 gebat
701 2981 938 3073 llgdrin'a
961 2994 1134 3073 suetus
1168 2985 1220 3073 εἰ
1246 2985 1631 3073 c‘olire’uulnera.
1666 2984 1911 3073 Galljmd.
1945 3000 2080 3054 ιιι-δε·
2105 3011 2151 3073 C

509 3051 608 3104 fert
641 3051 850 3122 ustuire.
880 3054 1128 3122 llydriam
1159 3054 1226 3106 ab
1254 3053 1439 3122 A‘cide
1473 3062 1645 3106 ustam
1688 3054 1899 3107 tradunt
1928 3051 2078 3108 vete-

509 3135 620 3190 res.
656 3121 783 3175 Vide
813 3121 1172 3175 Burmaunum
1204 3121 1490 3190 Antholog.
1523 3138 1640 3190 pag.
1671 3122 1796 3176 569.
1836 3125 2080 3179 Albricus

509 3189 577 3241 tle
609 3191 835 3244 Deorum
889 3190 1208 3257 Imaginibus
1248 3197 1314 3245 ita
1357 3189 1466 3246 rem
1501 3189 1679 3245 narrat
1715 3210 1729 3246 :
1758 3191 1884 3246 Fuit
1916 3204 2082 3248 autent

509 3258 674 3331 hydra
691 3263 845 3330 juxta
866 3261 1093 3331 fabulam
1116 3261 1168 3314 in
1194 3261 1358 3316 Lerna
1387 3262 1592 3328 palude,
1616 3263 1698 3314 cui
1724 3278 1824 3316 uno
1845 3279 1975 3318 casa
1996 3280 2084 3317 ca-

509 3329 632 3398 pite,
666 3329 767 3402 duo
806 3329 1187 3402 excrescebant;
1216 3333 1331 3400 igne
1359 3333 1496 3384 circa
1532 3348 1646 3384 eam
1677 3335 1909 3402 apposito
1937 3334 2084 3388 illam

510 3399 722 3452 exussit.
752 3400 1065 3454 Prudentius
1086 3399 1252 3456 innuit
1275 3402 1553 3457 llerculem
1576 3399 1844 3458 exussisse
1864 3403 2081 3458 vulnera

510 3470 740 3542 capitum
768 3485 885 3538 qua:
913 3470 1282 3542 abscindebat,
1312 3487 1381 3526 ne
1407 3488 1469 3527 ex
1497 3487 1564 3527 eo
1594 3473 1814 3529 vulnere
1839 3477 1939 3528 alia
1969 3475 2084 3542 pul-

510 3536 951 3662 lularentaquod
987 3536 1339 3608 Apollodorus
1366 3543 1459 3597 lib.
1493 3559 1551 3597 tu
1588 3553 1804 3598 narrat:
1838 3545 1940 3610 Qui
1969 3536 2083 3598 cum

511 3621 756 3662 maxime:
783 3626 822 3662 st
852 3625 923 3662 va:
950 3620 1143 3662 partem
1166 3614 1522 3662 succendisset-
1556 3615 1727 3662 inuitis
1752 3616 1970 3662 torribus
2000 3633 2083 3662 re-

511 3614 756 3683 proxinur:
783 3614 923 3683 silva:
950 3620 1143 3683 partem
1166 3614 1522 3681 succendisset,
1556 3615 1727 3683 ignitis
1752 3616 1970 3669 torribus
2000 3633 2083 3669 re-

510 3679 770 3758 nascentia
800 3680 978 3758 hydrte
1003 3682 1170 3758 capita
1206 3684 1435 3758 inurens,
1467 3679 1671 3758 euntiin
1693 3686 1900 3739 modum
1935 3703 2086 3740 rena-

510 3749 767 3825 scentia»:
781 3749 1176 3825 capitum'ortus
1198 3753 1419 3808 suboriri
1444 3755 1756 3825 prohibebat.

581 3819 704 3873 886.
729 3819 996 3894 Giselinus
1012 3824 1178 3892 perite
1199 3819 1453 3879 observat
1472 3825 1924 3894 elegantissimum
1947 3825 2085 3881 hanc

511 3902 630 3970 esse
651 3893 761 3970 veri
792 3890 1024 3970 chirurgi
1056 3895 1410 3970 periphrasin,
1460 3890 1796 3962 desumptam
1838 3911 1866 3948 a
1905 3897 2086 3970 proxi-

512 3961 615 4014 mis
659 3961 943 4028 adjunctis,
985 3961 1186 4031 peritis
1219 3964 1422 4018 scilicet
1469 3961 1785 4019 anatomicze
1828 3961 1980 4028 artis,
2031 3977 2084 4019 et

512 4031 673 4099 proba
704 4031 1108 4087 luxatiouumac
1120 4033 1393 4086 vulnerum
1416 4036 1710 4089 curatione.
1727 4036 1886 4089 Dolet
1906 4047 2082 4090 autem

513 4112 690 4170 partes
713 4103 1057 4175 nobilissima:
1081 4104 1209 4158 artis
1227 4103 1461 4171 pessimo
1480 4105 1727 4175 exeiuplo
1747 4106 1818 4175 ab
1830 4121 1894 4158 eo
1919 4121 2085 4175 ttsqtle

515 4182 752 4242 tempore
774 4173 1024 4242 discerpi,
1056 4190 1118 4227 ac
1146 4175 1328 4228 laniari
1357 4173 1603 4241 cmpisse.
1630 4174 1724 4228 Hic
1740 4174 1882 4229 enim
1907 4173 2086 4231 Aristo

513 4238 791 4308 chirurgus
818 4238 1020 4295 tantum
1053 4243 1215 4298 fuisse
1241 4238 1472 4298 videtur.

584 4307 962 4384 888.’Wid_m.,
999 4311 1190 4384 Bong,
1221 4314 1340 4368 Vat.
1386 4315 1442 4378 Β,
1495 4313 1654 4378 Mar.,
1703 4313 1885 4384 Prag.,
1935 4314 2078 4381 Rat.,

515 4377 818 4454 discrepare:
843 4379 1014 4454 Sich.,
1046 4377 1214 4454 Bohg.
1245 4377 1725 4452 supra,dissipare,
1753 4377 2083 4454 quio'alludit
2113 4378 2160 4436 D

517 4447 570 4499 iu
588 4447 1026 4525 testii_llail_sbr,,
1056 4447 1380 4524 dissiparare.
1415 4447 1681 4523 Plerique,
1712 4447 1998 4525 disparare.

585 4515 711 4570 890.
731 4517 847 4570 Vat.
875 4521 934 4583 Β,
952 4515 1084 4594 illar.
1117 4515 1212 4594 pro
1230 4526 1336 4580 div.
1367 4515 1756 4594 script.,'nobis,
1774 4515 1960 4579 contra
1980 4540 2092 4578 me-

520 4595 683 4668 trum,
716 4603 810 4668 pr_o
839 4593 1176 4668 nodisdllar”
1203 4595 1424 4668 )Vidm.,
1451 4593 1785 4668 compagine:
1817 4596 1932 4668 lege
1953 4610 2088 4668 com-

516 4657 744 4740 paginat.
767 4657 821 4710 ln
841 4659 1048 4740 :l'huan.
1063 4657 1178 4740 erat
1191 4657 1457 4740 Sarcinas,
1473 4681 1537 4720 ex
1554 4657 1660 4733 quo
1673 4657 2090 4740 lleinsiuscouji-

516 4729 687 4809 ciebat
720 4730 999 4809 uicinam.
1023 4736 1160 4801 quod
1186 4729 1679 4809 salmacidquo'que
1699 4737 1870 4809 visum
1901 4729 2086 4791 fuerat.

517 4797 633 4850 Sed
659 4814 760 4852 non
795 4799 948 4852 facile
978 4797 1296 4860 mutaverim
1323 4797 1545 4860 sarciens
1571 4797 1691 4860 cum
1719 4808 2002 4860 sarcinans.

555 4939 564 4948 .
590 4868 712 4949 89‘I_.
746 4869 968 4949 Ovidius
998 4873 1161 4949 lib-1w
1191 4876 1566 4949 Metamorpli..
1596 4877 1956 4946 Comprensam
1985 4878 2092 4947 for-

519 4940 628 5004 cipe
655 4940 882 5016 linguam
909 4940 1120 5016 Abstulit
1143 4959 1258 5016 ense
1283 4946 1420 5016 fero;
1446 4940 1597 5000 radix
1618 4940 1768 5001 micat
1790 4949 1969 5002 ultima
1985 4940 2091 5000 'lin-

519 5024 651 5087 gum.
689 5009 901 5087 Plautus
930 5011 1102 5087 Aulul.
1140 5028 1197 5074 II,
1227 5009 1292 5079 δέ
1321 5009 1410 5087 72,
1457 5018 1516 5071 Si
1555 5018 1726 5072 hercle
1751 5034 1858 5087 ego
1897 5027 1945 5071 te
1987 5034 2088 5070 non

518 5078 882 5147 elinguandam
905 5080 1091 5135 dedero
1123 5078 1275 5148 usque
1304 5084 1365 5136 ab
1398 5078 1687 5141 radicibus.
1733 5078 1927 5142 contra
1981 5087 2082 5139 im-

523 5164 677 5232 mane
723 5150 1370 5232 istiusmodinsupplicium
1414 5157 1731 5232 gravissime
1773 5157 2091 5232 declamavit

519 5217 711 5272 Cicero
759 5235 857 5289 pro
892 5225 956 5276 A.
1004 5217 1249 5277 Cluentio
1303 5217 1445 5277 num'.
1478 5226 1587 5281 66:
1634 5225 1772 5280 Nam
1801 5227 2090 5282 Stratonem

520 5289 743 5366 quidem,
767 5293 990 5366 judices.
1017 5293 1068 5346 in
1101 5297 1316 5366 crucem,
1339 5304 1508 5366 actum
1541 5311 1647 5349 esse
1679 5306 1879 5348 exsecta
1903 5297 2091 5366 feritate

523 5355 730 5434 linqua:
761 5355 896 5430 quod
924 5379 1066 5415 nemo
1098 5373 1170 5416 est
1200 5363 1513 5417 Larinatium
1540 5366 1625 5434 qui
1652 5367 1857 5419 nesciat.
1893 5365 2089 5417 Timuit

521 5430 704 5481 mulier
730 5447 902 5485 amens
931 5450 1032 5486 non
1061 5450 1205 5488 suam
1234 5430 1607 5497 conscientiam,
1644 5449 1744 5487 non
1773 5436 1949 5487 odium
1977 5451 2090 5486 mu-

522 5500 770 5575 nicipum,
801 5520 899 5575 non
929 5509 1118 5573 [alicam
1151 5507 1414 5568 omnium;
1465 5505 1551 5558 sed
1592 5509 1736 5572 quasi
1780 5520 1877 5556 non
1918 5519 2089 5575 omnes

521 5572 633 5632 ejus
653 5572 851 5626 sceleris
883 5572 1028 5627 testes
1055 5585 1216 5628 essent
1246 5578 1427 5646 futuri,
1450 5581 1523 5629 s‘c
1544 5575 1738 5646 metuit,
1771 5590 1831 5646 ne
1853 5574 2089 5625 condem-

523 5647 730 5690 naretur
756 5651 980 5696 extrema
1005 5646 1191 5698 servuli
1213 5644 1331 5700 voce
1363 5647 1638 5702 morientis.
1667 5644 1814 5708 Quod
1850 5647 1944 5696 hoc
1971 5659 2090 5709 por-

524 5713 734 5772 tentum,
765 5710 836 5762 dii
862 5713 1201 5768 imnwrtales?
1218 5717 1352 5787 quod
1373 5727 1569 5772 tantum
1594 5728 1872 5770 monstrum
1895 5714 1946 5766 in
1969 5712 2087 5765 ullis

2184 2355 2352 2408 locis?
2384 2354 2522 2424 quod
2551 2362 2653 2405 tam
2682 2354 2922 2419 infestum
2949 2353 3114 2408 scelus
3147 2363 3194 2406 et
3238 2352 3478 2418 immane,
3506 2363 3599 2406 aut
3635 2355 3763 2410 unde

2184 2433 2361 2478 natum
2381 2439 2486 2477 esse
2505 2424 2736 2477 dicamus
2758 2425 2782 2477 ?

2256 2495 2381 2552 892.
2407 2493 2526 2549 Vat.
2555 2494 2614 2557 Β,
2637 2493 2861 2561 corpori,
2885 2493 3061 2547 minus
3084 2501 3250 2548 recte.
3277 2491 3412 2545 Vide
3431 2507 3552 2561 qua:
3581 2505 3757 2552 contra

2187 2565 2442 2633 linguam,
2475 2579 2669 2632 nempe
2715 2565 2930 2626 malam,
2969 2564 3232 2618 habentur
3263 2563 3316 2633 in
3351 2563 3510 2631 epist.
3565 2566 3759 2619 catbul.

2186 2631 2368 2691 Jacobi
2394 2649 2512 2702 cap.
2546 2631 2626 2697 ut,
2657 2643 2711 2688 et
2739 2649 2899 2696 supra
2929 2643 3220 2688 comment.
3256 2631 3322 2702 ad
3354 2647 3498 2688 vers.
3531 2634 3657 2688 768.

2261 2706 2392 2762 893.
2427 2701 2575 2769 A’Id.,
2616 2705 2745 2758 Mar.
2779 2719 2807 2756 a
2837 2707 3004 2772 prima
3049 2720 3228 2769 manu,
3261 2701 3377 2755 Vat.
3417 2703 3486 2774 Β,
3521 2703 3615 2756 illa
3643 2720 3761 2774 pro-~

2186 2779 2315 2844 caci,
2339 2777 2479 2841 quod
2502 2775 2711 2829 vidctttr
2738 2774 3176 2837 Prudentianum,
3211 2772 3679 2844 ut__producatura
3709 2775 3758 2827 in

2184 2848 2278 2900 illa
2303 2841 2386 2901 'ob
2415 2862 2474 2915 pr
2500 2846 2748 2900 dictionis
2785 2847 3058 2915 sequentis
3082 2886 3096 2907 ,
3128 2853 3186 2899 ut
3225 2841 3350 2915 alibi
3397 2858 3462 2897 ex
3503 2845 3759 2915 probabili

2189 2913 2423 2986 plurium
2449 2917 2757 2984 scriptura:
2803 2914 2964 2969 Dente
2993 2913 3243 2985 frequenti
3282 2923 3569 2984 exasperat.
3608 2913 3759 2984 Prag.

2185 2997 2454 3055 corrupte,
2483 2987 2575 3041 illa
2597 2987 2814 3056 pessima
2835 2997 2881 3039 et
2911 2987 3133 3056 procaci.

2253 3053 2379 3112 894.
2412 3057 2562 3123 PaL,
2586 3053 2772 3123 motus,
2807 3056 2965 3112 male.
3000 3055 3106 3108 Fas
3143 3056 3208 3110 ad
3248 3057 3413 3110 Deum
3456 3061 3512 3105 et
3549 3053 3760 3122 religio-

2184 3142 2304 3197 nem
2349 3127 2638 3195 pertinere,
2676 3129 2803 3197 jura
2850 3129 2915 3180 ad
2952 3126 3214 3188 homines,
3255 3124 3460 3180 notavit
3493 3123 3760 3197 Servius!

2190 3195 2461 3266 Georgic.,
2498 3197 2634 3264 Quin
2673 3195 2825 3249 etiam
2871 3197 3010 3264 {estis
3054 3197 3286 3265 quaedam
3313 3209 3544 3251 exercere
3589 3195 3762 3249 diebus

2187 3266 2291 3322 Fas
2319 3277 2366 3322 et
2382 3270 2510 3338 jura
2533 3268 2730 3338 sinunt.

2253 3334 2396 3394 896K
2425 3337 2635 3400 Amhr.,
2671 3336 2930 3404 quondam
2976 3336 3220 3388 medicus.
3263 3334 3528 3390 Weitzius
3579 3334 3761 3388 scribit

2182 3411 2389 3463 ascitus.
2438 3407 2685 3474 Chirurgi
2730 3407 2920 3461 medici
2971 3407 3253 3462 vulnerum
3288 3405 3635 3469 dicebantur,
3673 3413 3760 3458 aut

2185 3479 2376 3532 medici
2398 3477 2657 3544 chirurgi.

2255 3550 2380 3604 898.
2412 3549 2532 3602 Ald.
2562 3543 2838 3616 distinguit
2865 3543 3065 3616 Martyr
3090 3555 3328 3600 retectam
3356 3545 3556 3614 pandit,
3594 3546 3697 3616 ima
3715 3551 3767 3616 et

2255 3561 2380 3604 898.
2412 3561 2532 3602 Ald.
2562 3561 2720 3601 dtsun
2761 3561 2838 3600 ult
2865 3561 3065 3616 martyr
3090 3561 3328 3600 reteuam
3356 3561 3556 3614 pandit,
3594 3561 3697 3596 rma
3719 3561 3765 3596 es

2186 3622 2436 3689 faucium.
2495 3561 2861 3689 Fabr.,gis.,
2905 3626 2970 3689 et_
3008 3617 3202 3689 pandit_
3227 3617 3330 3668 ima
3369 3615 3615 3689 faucium.
3666 3613 3765 3689 Alii

2185 3685 2540 3760 panditimaet
2561 3688 2810 3760 faucium.
2823 3685 3038 3760 Teolius
3063 3687 3280 3760 omnino
3301 3685 3478 3760 omisit
3498 3693 3564 3748 et,
3590 3685 3768 3760 nescio

2185 3754 2251 3813 an
2280 3754 2644 3814 consultoJln
2691 3756 2960 3811 nonnullis
2990 3759 3131 3825 vulg.
3160 3757 3323 3824 male,
3355 3757 3462 3809 ima
3497 3764 3542 3809 et
3592 3754 3766 3825 pandit

2186 3830 2428 3900 faucium.

2255 3923 2380 3978 901.
2415 3922 2597 3984 Alex.,
2619 3921 2681 3975 ab
2701 3937 2788 3975 ore
2814 3920 3098 3988 protrahat,
3127 3934 3286 3986 supra
3319 3916 3600 3985 protrahet.
3625 3915 3767 3984 Lege

2187 3994 2517 4062 protrahens;
2544 3993 2698 4062 Prag.
2723 3992 3144 4060 corruptissime,
3177 3990 3386 4044 trahens
3406 3988 3469 4041 ab
3493 4003 3602 4042 ore.

2256 4086 2381 4142 902.
2414 4085 2655 4153 lausque,
2695 4091 2789 4139 aut
2825 4085 2879 4136 in
2913 4099 3092 4153 usque
3121 4082 3328 4137 divisim
3376 4097 3472 4150 pro
3512 4096 3670 4146 usque
3714 4081 3770 4132 its

2186 4165 2473 4223 usurpatur
2492 4169 2522 4208 a
2553 4152 2721 4209 Statio
2742 4162 2797 4209 et
2823 4152 3050 4208 Avieno.
3077 4153 3265 4208 Simile
3291 4162 3376 4208 est
3401 4154 3592 4205 inante.

2256 4245 2382 4302 904.
2416 4247 2680 4302 Arnobius
2711 4247 2806 4300 lib.
2838 4261 2886 4300 VI
2933 4245 3066 4300 dixit
3109 4245 3275 4300 simili
3327 4245 3531 4314 pbrasi,
3567 4241 3763 4297 Malunt

2185 4317 2420 4372 dentibus
2448 4319 2803 4387 comprimens.

2255 4409 2379 4465 905.
2423 4409 2657 4464 liailsbr.
2699 4424 2728 4463 τι
2775 4409 2942 4474 prima
2975 4423 3157 4478 manu,
3199 4407 3381 4478 Egm.,
3413 4407 3546 4478 ictis.
3594 4403 3766 4458 Weit-

2192 4479 2304 4534 zius
2345 4481 2533 4535 scribit
2570 4481 2717 4534 artis.
2751 4479 2924 4545 Sich.,
2965 4477 3078 4533 Gis.
3125 4477 3177 4532 iu
3227 4475 3404 4542 textu,
3454 4475 3638 4538 Fabr.,
3681 4481 3768 4526 aut

2189 4566 2441 4604 cruorem.
2472 4550 2598 4616 Alii,
2627 4566 2736 4604 nec.

2261 4641 2384 4696 907.
2408 4639 2628 4702 Weitz.,
2662 4641 2838 4708 Egnt.,
2868 4637 3103 4702 Widm.,
3144 4637 3355 4699 Heins..
3385 4635 3626 4708 scribunt
3651 4648 3768 4708 sea-

2190 4713 2428 4766 turriens.
2467 4709 2520 4764 In
2565 4705 2728 4764 liottf
2747 4719 2802 4763 et
2842 4708 3174 4768 Cauchiano.
3212 4707 3404 4774 deﬂuat
3446 4721 3542 4775 pro
3569 4705 3766 4773 deﬂuit.

2188 4781 2454 4836 Cauchius
2486 4781 2798 4850 coniecerat
2836 4781 3067 4849 deﬂuens
3102 4778 3319 4846 ebulliit,
3349 4778 3546 4832 merito
3576 4776 3766 4843 impro-

2189 4853 2350 4907 bante
2381 4852 2618 4906 Heinsio.

2260 4943 2382 5000 908.
2408 4943 2656 4996 Lotterus
2683 4950 2735 4994 et
2763 4938 3096 5001 Parrhasius,
3127 4935 3281 5002 ruﬁ'o.
3309 4934 3422 4989 Gis.
3454 4934 3628 5001 prima
3654 4931 3764 4995 ed.,

2187 5018 2324 5080 rufo,
2367 5013 2551 5076 Fabr.,
2580 5011 2752 5065 rubro.
2785 5007 3048 5080 Ciellarius
3083 5006 3551 5080 rej_ic_it_glossam_
3578 5003 3767 5080 isonis,

2189 5073 2459 5138 et'censet
2485 5073 2666 5137 verius
2705 5096 2771 5134 ex
2814 5079 3016 5133 Seneca
3057 5087 3109 5130 et
3148 5073 3322 5130 Plinio
3356 5073 3590 5128 describi
3621 5073 3768 5140 signa

2189 5154 2403 5220 generis
2433 5163 2482 5206 et
2508 5149 2820 5214 nobilitatis,
2854 5147 3168 5220 imaginibus
3196 5159 3300 5220 per
3322 5145 3518 5198 lineam
3558 5155 3769 5220 sucoesf

2190 5211 2355 5276 sionis
2384 5224 2631 5289 alligatae,
2672 5211 2877 5291 quaeret
2904 5211 3034 5291 ipsa:
3074 5211 3248 5291 parvae
3287 5214 3669 5291 imagitncultm.
3700 5211 3768 5264 At

2189 5293 2406 5346 dubium
2431 5285 2514 5344 vi}
2546 5299 2627 5344 est
2648 5285 2773 5356 quin
2805 5303 2984 5342 sermo
3025 5290 3125 5341 hoc
3155 5287 3275 5340 loco
3301 5287 3370 5339 sit
3398 5285 3466 5337 de
3491 5285 3766 5351 sanguine,

2189 5363 2277 5429 qui
2305 5376 2512 5415 russum
2527 5367 2752 5429 stemma
2773 5357 2985 5429 dicitur,
3009 5359 3129 5425 quia
3147 5373 3214 5429 eo
3229 5356 3346 5408 fuso
3363 5365 3629 5429 marlyres
3647 5364 3770 5429 κεῖνο

2191 5423 2556 5484 nobilitantur.
2585 5428 2874 5484 Salmasius
2900 5428 2951 5481 in
2971 5423 3083 5481 not.
3108 5426 3172 5479 ad
3198 5423 3561 5492 Lampridium
3589 5423 3640 5474 in
3658 5423 3769 5472 vita

2193 5500 2514 5570 lleliogabali
2536 5499 2784 5570 affirmat,
2804 5497 3082 5565 legendum
3106 5506 3372 5570 stnmmate
3388 5509 3482 5561 pro
3495 5499 3765 5570 stagnante,

2192 5582 2247 5624 ut
2274 5563 2409 5640 apud
2441 5567 2802 5637 Lampridium
2829 5563 3010 5640 simnia
3039 5581 3135 5637 pro
3162 5564 3511 5640 sigma._apud
3532 5563 3771 5640 Juvena-

2191 5633 2544 5696 lcm'sremma
2576 5633 2682 5708 ὀι-ο
2715 5650 2931 5707 stegma.
2974 5633 3065 5690 Est
3107 5633 3284 5708 auti-im
3331 5633 3517 5708 Graiae
3570 5639 3770 5697 stagma

2189 5721 2355 5782 gutta,
2391 5711 2555 5778 stilla,
2582 5703 2667 5764 aut
2700 5703 2888 5779 liquor.
2913 5709 3076 5762 Acuta
3110 5715 3192 5762 cst
3221 5707 3338 5761 haec
3364 5703 3690 5772 conjectura.
