3994 6176
235 347 330 404 ωδ

232 460 328 514 tito
463 453 784 522 Fruiturque
805 460 861 508 et
880 463 1029 508 ostro
1054 455 1220 511 vestis
1249 467 1307 512 ut
1329 462 1440 527 jam
1474 462 1658 530 regiae.

398 550 536 617 Ergo
563 557 710 602 ratus
735 545 1044 615 prefectus,
1066 548 1334 620 elinguem
1359 554 1531 606 virum
1763 601 1796 634 ο

462 639 592 709 cogi
621 637 687 692 ad
713 638 1032 691 sacrandum
1065 653 1242 704 posse,
1265 655 1388 696 cum
1415 643 1593 697 verbis
1609 656 1800 698 carens

461 730 543 786 Nil
574 732 623 783 in
649 729 870 783 deorum
900 727 1262 784 obblateraret
1287 731 1548 787 dedecus:

470 819 682 894 1152
708 818 870 875 lubet
899 820 1082 876 reduci
1123 821 1232 891 ja.n
1276 834 1564 890 tacentem,
1610 839 1672 879 ac
1706 824 1802 881 de-

1517 917 1724 986 |bilem,

463 1004 632 1060 Multo
662 1002 930 1073 loquentis
957 1003 1170 1060 turbine
1197 1005 1325 1060 olim
1357 1008 1594 1064 territus.

391 1094 624 1165 Reponit
650 1109 772 1150 aras
794 1094 863 1148 ad
891 1095 1125 1150 tribunal
1152 1097 1352 1165 denuo,

476 1187 544 1241 Et
573 1186 713 1250 thus,
741 1194 796 1240 et
821 1186 996 1254 ignem
1017 1188 1256 1243 vividum
1286 1191 1339 1244 in
1367 1191 1710 1257 carbonibus,

462 1277 694 1332 Taurina
719 1285 775 1332 et
801 1287 948 1343 exta,
971 1280 1057 1333 vel
1081 1279 1237 1334 suilla
1258 1280 1540 1336 abdomina
1564 1301 1576 1336 :

469 1369 747 1440 Ingressus
776 1369 884 1434 ille,
919 1379 978 1424 ut
1008 1369 1105 1424 hos
1139 1379 1352 1440 paratus
1377 1375 1651 1444 perspicit,

463 1461 721 1527 lnsulﬂat,
756 1461 900 1529 ipsos
927 1477 1026 1518 ceu
1059 1463 1262 1520 videret
1281 1465 1576 1523 daemonas.

389 1552 580 1608 lrridet
607 1552 708 1606 hoc
732 1552 1077 1622 Asclepiades
1108 1554 1306 1610 laetior:

457 1642 621 1698 Addit
644 1641 838 1698 deinde
863 1662 877 1700 :
905 1644 1151 1714 Nunquid
1176 1647 1572 1718 inclementius,

227 1005 320 1065 9l5

222 1463 319 1520 920

281 1847 408 1902 9l3.
435 1846 758 1912 Oblatraret,
789 1847 1019 1911 latraret,
1051 1846 1092 1901 Ι.

278 1919 406 1972 916.
437 1917 688 1986 Reponit,
715 1919 1043 1986 repromittit.
1065 1949 1135 1958 —
1157 1918 1260 1982 Ad,
1290 1930 1426 1987 ante,
1461 1921 1502 1978 Ι.

278 1987 405 2060 9l§.
434 1988 1140 2060 Abdomina,pinguedines,
1169 1990 1233 2043 de
1257 1990 1491 2060 folliculo
1520 1991 1646 2059 suis,
1672 1991 1715 2049 Ι.

279 2056 805 2122 919.Ηος,ιαιεε,1.
877 2056 894 2059 ⁷
1232 2056 1267 2098 μ’
1633 2056 1642 2059 ⁷
1721 2083 1734 2093 ι

277 2128 409 2184 922.
442 2129 851 2194 lnclemeutius,
883 2128 1084 2194 durius,
1113 2130 1381 2199 furiosius,
1412 2131 1450 2185 Ι.

1415 347 1972 406 PERISTEPIIANON
2013 347 2228 405 HYMN.
2283 347 2349 402 Χ.

1830 466 1881 521 Δ

3385 352 3484 411 5M

2154 461 2308 515 Sicut
2332 459 2566 527 solebas,
2592 476 2652 517 es
2682 472 2902 532 paratus
2919 464 3132 522 dicere?

2151 553 2348 616 Eli‘are,
2379 554 2522 624 quod
2544 555 2646 624 vis,
2675 570 2739 611 ac
2769 573 2979 626 perora.
3009 568 3065 614 et
3084 561 3307 620 dissere.

2164 645 2373 717 1143
2400 645 2658 702 Permitto
2687 663 2871 704 vocem
2915 650 3082 706 libere
3113 661 3171 706 ut
3203 669 3482 708 exerceas.

2083 737 2358 792 Romanus
2385 737 2495 792 alto
2519 738 2683 795 corde
2712 742 2988 810 suapirans
3012 742 3126 808 diu,

2157 830 2374 886 Gemitu
2401 832 2674 901 querelam
2715 834 2897 897 traxit,
2925 843 2979 889 et
3005 836 3083 890 sic
3109 851 3263 892 orsus
3292 851 3369 893 esi
3399 856 3413 892 :

2155 919 2427 975 Christum
2460 923 2698 990 loquenti
2728 923 2905 994 lingua
2938 941 3205 996 nunquam
3240 929 3451 984 deluit:

2164 1011 2273 1067 Nec
2300 1013 2458 1067 verba
2486 1027 2696 1082 quaeras
2725 1030 2832 1083 quo
2859 1026 3110 1084 regantur
3140 1034 3365 1088 organo,

2161 1107 2291 1159 Cum
2321 1105 2643 1174 praedicatur
2671 1107 2787 1175 ipse
2810 1107 3099 1164 verborum
3130 1111 3304 1166 dator.

2085 1197 2186 1266 Qui
2217 1197 2342 1253 fecit
2363 1205 2422 1252 ut
2449 1197 2528 1252 vis
2555 1199 2701 1253 vocis
2730 1214 2986 1268 expressa
3013 1202 3204 1258 intimo

2154 1293 2437 1357 Pulmone.
2469 1301 2524 1347 et
2551 1293 2660 1348 oris
2683 1302 2820 1347 torta
2844 1295 2946 1349 sub
2975 1298 3261 1358 testudine.

2157 1383 2307 1437 Nunc
2334 1399 2399 1438 ex
2425 1384 2599 1452 palato
2628 1382 2717 1438 det
2744 1399 3091 1451 repercussos
3116 1405 3304 1460 sonos,

2152 1473 2302 1529 Nunc
2326 1482 2654 1542 temperetur
2681 1475 2922 1531 dentium
2945 1478 3013 1533 de
3042 1481 3275 1550 pectine,

2152 1568 2339 1637 Sitque
2388 1567 2471 1620 his
2551 1566 2774 1636 agendis
2811 1569 2988 1640 lingua
3046 1573 3302 1642 plectrum
3361 1594 3481 1633 nio-

3315 1665 3442 1739 [bile
3467 1685 3481 1722 :

1907 645 2016 699 925

1909 1105 2016 1162 930

1906 1567 2012 1624 935

1511 1761 1798 1822 CLOSSA'Z
1839 1765 2175 1822 VETERES.

1823 1861 1871 1920 B

1967 1858 2094 1912 952.
2125 1853 2440 1920 Testudine,
2473 1853 2761 1910 Curvatura
2783 1873 2802 1910 .'
2828 1861 3028 1914 testudo
3049 1873 3338 1920 curvatura.
3371 1867 3480 1920 Sub

1901 1928 2154 2004 testudine
2194 1927 2308 1980 ideo
2351 1927 2498 1992 dicit,
2514 1927 2647 2004 quia
2674 1944 2874 1982 uranon
2903 1928 3311 2004 Greece,Latine
3337 1937 3483 2004 palm

1899 2009 2006 2075 iuni
2037 1997 2248 2060 dicitur,
2290 2012 2358 2075 eo
2386 1997 2524 2075 quod
2553 2013 2774 2075 furvum
2804 2009 2874 2075 e_st
2899 2001 2951 2054 in
2984 2001 3319 2060 similitudine
3337 1997 3483 2075 'i-aeli,

1897 2067 1984 2134 qui
2013 2078 2059 2120 et
2081 2082 2280 2121 uranon
2304 2065 2515 2121 dicitur.
2545 2065 2798 2136 Caritate,
2822 2069 2865 2124 Ι.

1563 2241 2113 2301 COMMENTARIUS.

276 2336 399 2390 910.
429 2333 552 2405 Vat.
583 2333 647 2397 Α,
671 2331 792 2386 Rat.
811 2347 838 2383 a
861 2331 1094 2405 secunda
1117 2349 1298 2399 manu,
1321 2337 1610 2405 fruiturque
1623 2346 1795 2391 ostro:

213 2407 400 2460 melius
440 2404 730 2475 fruiturque
754 2412 804 2456 et
834 2403 1364 2475 ostro._l’arrhasius,
1400 2403 1602 2475 fucatus
1633 2418 1793 2461 ostro.

274 2477 399 2530 911.
442 2471 720 2541 Scripti’et
743 2481 874 2525 vett.
912 2471 1061 2537 edd.,
1095 2483 1151 2527 iit
1190 2471 1359 2539 ΛΜ..
1391 2471 1704 2530 Ρωιοὴθεὶυε
1742 2489 1796 2530 et

210 2545 312 2610 alii,
343 2556 663 2599 constanter
697 2546 967 2612 praefectus
1011 2560 1128 2612 ergo
1167 2555 1332 2606 ratus,
1371 2547 1643 2601 obnitente
1677 2564 1794 2600 inc-

210 2625 316 2679 tro;
348 2617 403 2669 in
440 2616 593 2669 Alex.
622 2613 879 2666 mendose
905 2627 1026 2682 erga
1051 2629 1145 2680 pro
1165 2631 1309 2683 ergo.
1333 2613 1606 2670 Giselinus
1631 2631 1794 2671 ausus

209 2695 285 2740 est
313 2683 566 2738 ordinem
597 2683 878 2754 verbmum
915 2681 1122 2738 mutare
1157 2681 1295 2754 Ergo
1325 2699 1467 2740 ratus
1498 2687 1794 2754 prwfectus,

209 2756 319 2810 aliis
340 2754 608 2825 exemplis
628 2753 886 2806 adductus
917 2754 966 2804 in
992 2757 1185 2820 quibus
1218 2753 1536 2811 Prudentius
1567 2753 1789 2825 carripit

207 2827 437 2894 primam
472 2824 522 2877 in
562 2833 720 2876 ratus.
759 2826 984 2894 Secutus
1013 2831 1098 2876 est.
1127 2825 1373 2880 Heinsius
1411 2836 1466 2882 et
1505 2828 1614 2880 alii.
1650 2824 1784 2882 Vos-

207 2893 335 2956 sius.
361 2895 436 2949 de
471 2898 593 2948 Arte
620 2902 904 2961 grammat.
938 2893 1028 2964 lib.
1059 2909 1115 2958 ii,
1146 2909 1264 2962 cap.
1297 2897 1388 2960 22,
1423 2898 1787 2964 pronuntiata

208 2964 500 3020 Prudentia
529 2981 558 3016 a
587 2963 636 3016 in
660 2973 800 3016 ratus
820 2963 1058 3030 produci,
1089 2979 1186 3019 nec
1209 2967 1398 3020 mutari
1421 2963 1620 3023 debere
1647 2968 1791 3023 ordi-

206 3052 324 3090 nem
355 3035 672 3090 verborum.
705 3033 837 3087 Vide
865 3033 1066 3101 proleg.
1101 3051 1247 3097 num.
1273 3033 1397 3090 216.

270 3106 405 3162 912.
436 3104 656 3159 Sarrare
699 3103 786 3158 hic
815 3091 1131 3159 et'alibi"est
1169 3095 1448 3161 Sacriliciis
1484 3107 1686 3175 colere,
1728 3123 1791 3162 ac
1821 3091 1866 3154 (ἶ

205 3177 332 3231 deos
370 3175 640 3229 venerari.

269 3246 401 3302 915.
427 3245 608 3310 Alex.,
635 3243 752 3299 Vat.
783 3245 846 3306 A,
873 3242 1106 3307 Tliuan.,
1136 3245 1307 3311 Roth,
1336 3255 1446 3302 tres
1461 3247 1791 3312 Torr.,Alt.,

205 3313 340 3376 PaL.
375 3317 668 3380 blateraret,
701 3315 842 3384 quod
873 3316 1061 3386 probat
1100 3315 1368 3377 Heinsius,
1397 3320 1522 3386 quia
1571 3321 1794 3381 primum

205 3388 253 3442 iii
283 3387 506 3441 blaterat
558 3387 808 3454 produxit
835 3385 993 3439 etiam
1036 3397 1222 3440 auctor
1262 3385 1595 3443 Philomelm.
1645 3391 1794 3450 Ald..

206 3455 394 3519 Fabr.,
455 3459 720 3526 Lotterus,
765 3455 1148 3510 obblacteraret.
1194 3458 1444 3526 Plerique
1497 3460 1794 3521 oblatrares,

207 3529 349 3595 quod
383 3537 560 3597 tuetur
581 3525 820 3581 Gilanius
849 3527 898 3579 in
931 3526 1106 3580 indice
1135 3528 1204 3581 de
1239 3525 1496 3597 Ectlilipsi
1526 3545 1589 3582 ex
1627 3530 1798 3583 tribus

208 3609 336 3652 Vett.
384 3598 479 3650 lib.
506 3595 771 3651 Giselinus
802 3597 851 3649 iii
896 3605 1065 3662 textu,
1095 3595 1494 3663 obblacteraret;
1523 3599 1588 3652 ad
1621 3614 1794 3664 oram,

208 3669 298 3722 Nil
330 3669 576 3721 oblataret
606 3669 658 3720 in
695 3670 904 3720 deorum
939 3667 1176 3721 dedecus.
1227 3669 1406 3724 l’oteSt
1432 3670 1595 3722 scribi
1626 3669 1798 3722 οὺὺιιι-

209 3749 425 3792 rteraret
457 3752 486 3790 a
515 3737 704 3790 blatero
735 3753 752 3790 :
781 3753 902 3792 nam
939 3748 994 3792 et
1022 3738 1367 3792 deblacterare
1407 3739 1546 3804 apud
1578 3739 1796 3794 Festum

209 3811 468 3863 scribitur
494 3822 590 3874 pro
619 3808 954 3862 deblaterare.
987 3807 1054 3861 Et
1083 3807 1402 3878 Prudentius
1423 3809 1634 3878 quidem
1657 3819 1801 3863 amat

211 3879 517 3949 hiijusinodi
551 3877 710 3949 verba
733 3879 1026 3945 composita
1061 3877 1129 3949 ab
1159 3878 1239 3930 ob.
1280 3879 1391 3933 lloc
1419 3877 1531 3932 vult
1577 3879 1798 3934 Nebris-

213 3947 414 4012 scissis,
443 3949 530 4018 qui
562 3963 626 4003 ex
670 3947 829 4002 Festo
869 3957 1034 4010 notat,
1077 3947 1328 4018 blaterare
1362 3963 1480 4003 esse
1520 3950 1700 4011 stulte,
1747 3957 1802 4004 et.

212 4017 506 4087 percupide
526 4018 693 4087 loqui.
728 4018 804 4071 Ex
832 4018 1164 4072 obblaieraret
1195 4017 1388 4072 factum
1419 4031 1546 4086 puto
1575 4020 1801 4072 oblatra-

207 4101 303 4152 ret,
333 4089 476 4159 quod
499 4103 620 4143 cuni
653 4087 799 4159 hiatu
831 4089 1050 4142 retineri
1084 4099 1280 4156 posset.
1315 4089 1590 4144 Fabriciuss
1622 4089 1798 4142 obbla-

208 4158 404 4215 iterare
441 4159 668 4228 explicat
696 4158 818 4211 ovis
856 4159 907 4211 in
947 4174 1152 4212 morem
1202 4170 1381 4214 contra
1409 4160 1713 4227 blacterare,
1744 4167 1801 4214 ut

209 4231 262 4284 in
291 4227 523 4298 cognata
545 4227 943 4299 significatione
963 4229 1260 4299 obganuire.

277 4297 406 4356 9M.
440 4299 584 4362 Ald.,
602 4297 696 4362 et;
728 4297 842 4362 alii,
863 4315 944 4351 ac.

276 4372 311 4424 9
323 4374 338 4423 l
350 4369 746 4431 5.Parrliasius,
760 4369 906 4422 multi
922 4368 1168 4437 loquentis
1187 4384 1204 4420 :
1221 4369 1334 4436 lege
1349 4368 1505 4421 multo
1519 4369 1790 4438 loquentis.

1966 2332 2179 2416 922111
2207 2332 2522 2416 quibusdam
2545 2333 2718 2403 vulg.,
2749 2335 2980 2404 nunquid
2995 2336 3319 2409 insolentius,
3340 2346 3480 2416 quod

1896 2405 2178 2460 sententias
2209 2405 2475 2467 congruit.

1969 2473 2266 2547 924.__Pal.,
2301 2473 2425 2547 Vat.
2454 2472 2519 2539 A,
2554 2473 2848 2547 lleinsiani.
2877 2477 3068 2547 et_alii,
3100 2480 3322 2547 quidvis.
3352 2485 3475 2542 Ald.

1897 2559 2020 2597 cum
2051 2543 2356 2620 aliis.‘_quod
2379 2545 2470 2620 vis.
2505 2544 2650 2620 A.ld.,_
2683 2543 2898 2620 Weitz.,
2931 2545 3042 2599 Gis.
3080 2543 3248 2620 prima
3275 2553 3386 2620 ed.,
3420 2573 3480 2610 ac

1899 2630 1989 2684 per
2015 2629 2103 2684 ora
2126 2612 2374 2684 edissere.
2408 2612 3052 2684 Parrliasiiis,__Lotteriis,
3083 2612 3200 2670 Cis.
3247 2612 3478 2680 secunda

1899 2681 2012 2753 ed.,
2047 2681 2338 2753 lleinsiani,
2386 2693 2447 2753 et
2471 2682 2727 2753 nonnulli
2752 2681 2918 2747 Vatt.,
2954 2701 3156 2753 perora,
3188 2699 3236 2741 et
3267 2693 3477 2749 dissere.

1900 2751 2210 2829 Giillandius
2248 2767 2369 2807 cum
2407 2751 2597 2817 T0rn.,
2633 2750 2810 2820 E/fare
2837 2755 2974 2821 quod
3013 2756 3106 2824 vis,
3142 2750 3210 2810 ac
3256 2778 3345 2829 per
3387 2781 3478 2820 ora

1892 2825 2131 2878 edissere.

1967 2893 2090 2949 925.
2125 2891 2244 2946 Vat.
2285 2894 2346 2955 A,
2383 2891 2633 2969 liber_ut_,
2676 2893 3272 2969 minus_re_cte._Fabr.,
3332 2901 3472 2969 Gis.,

1897 2965 2052 3041 libere
2073 2979 2304 3041 e:_rer_cere
2323 2974 2395 3041 te.
2424 2962 2616 3031 Scripti
2639 2963 2816 3017 aliter.
2841 2963 3163 3036 Tribracliys
3186 2962 3267 3023 est
3285 2962 3481 3041 quarto

1899 3036 2038 3099 loco,
2061 3035 2297 3088 admisso
2323 3035 2489 3087 hiatu.

1968 3106 2092 3160 9‘27.
2132 3103 2353 3178 \‘at.__li,
2404 3103 2548 3168 Rat.,
2580 3103 2669 3178 sic
2698 3119 2908 3178 exorsus
2935 3103 3162 3172 Widni.,
3208 3107 3364 3178 Man,
3405 3114 3481 3168 sic

1901 3193 2108 3231 exorsus
2137 3185 2227 3226 est.
2255 3174 2479 3228 Metrum
2509 3174 2672 3242 exigit
2702 3182 2748 3226 et
2777 3175 2849 3228 sic
2878 3191 3021 3229 orsus
3047 3189 3138 3230 est.

1970 3247 2094 3300 923.
2129 3245 2364 3299 Breviar.
2397 3244 2555 3308 Μυκη
2588 3246 2826 3310 loquendi
2871 3261 2974 3298 non
3008 3247 3076 3300 ita
3111 3249 3262 3303 bene.
3298 3250 3480 3308 Fabri-

1897 3319 2013 3371 cius
2040 3317 2351 3384 prseclaram
2385 3316 2522 3368 hanc
2562 3315 2883 3369 sententiam
2924 3316 3076 3379 dicit.
3117 3328 3170 3372 et
3207 3319 3478 3378 miraculis

1901 3388 2270 3440 (onlirinatam
2298 3403 2311 3440 :
2338 3401 2465 3457 nam
2481 3386 2814 3439 Christianos
2845 3387 3089 3441 homines
3115 3389 3307 3457 quibus
3335 3392 3478 3446 νηη-

1899 3457 2007 3510 ilali
2060 3457 2267 3524 linguas
2313 3455 2659 3519 exciderant,
2702 3457 2906 3509 locutos
2943 3457 3082 3510 circa
3130 3455 3324 3514 annum
3371 3463 3476 3518 550

1902 3527 2066 3580 tradit
2094 3525 2519 3579 Geinblaccnsis.
2556 3527 2751 3581 Exstat
2782 3525 2936 3594 hujus
2986 3526 3064 3580 rei
3110 3532 3472 3588 testiinonium

1902 3597 2120 3651 minime
2146 3595 2370 3666 dubium
2395 3598 2735 3663 imperatoris
2762 3595 3043 3650 JuStiniani
3078 3598 3166 3652 lib.
3201 3615 3237 3665 l,
3270 3603 3350 3655 tit.
3379 3602 3467 3666 27,

1901 3667 2046 3729 eod.,
2076 3666 2192 3734 lege
2224 3667 2244 3718 1
2280 3682 2291 3716 :
2332 3663 2564 3719 Vidimus
2601 3666 2910 3719 venerabiles
2939 3667 3072 3720 viros
3101 3669 3208 3735 qui,
3228 3663 3476 3728 'abscissis

1901 3738 2150 3808 radicitus
2189 3735 2399 3808 linguis,
2435 3751 2765 3808 pmiiasusuas
2801 3737 3154 3808 miserabiliter
3183 3739 3344 3808 (forte
3383 3745 3477 3797 nii-

1900 3807 2152 3875 rabiliter)
2181 3806 2532 3874 loquebantur.
2564 3806 2678 3860 Alia
2701 3805 2945 3875 exempla
2973 3806 3124 3870 plena
3159 3805 3319 3864 manu
3349 3827 3476 3867 con-

1900 3880 2040 3945 gerit
2071 3874 2388 3942 Sagittarius
2419 3891 2536 3944 cap.
2567 3877 2651 3929 16.
2695 3874 2767 3928 De
2797 3874 3037 3929 Romano
3069 3877 3208 3930 idem
3244 3883 3476 3936 miracu-

1893 3950 2009 4003 lum
2038 3948 2357 4002 conlirmaiit
2381 3945 2797 4014 Chrysostomus
2835 3955 2889 3998 et
2918 3945 3196 4010 Eusebius,
3249 3951 3338 4016 qui
3370 3960 3475 4006 tra-

1902 4019 2330 4081 tlitllouianiiin,
2367 4019 2493 4070 dum
2531 4017 2766 4083 linguam
2809 4031 3054 4068 carneain
3087 4017 3326 4082 haberet,
3359 4023 3476 4075 bal.

1907 4090 2032 4143 lium
2064 4089 2249 4151 fuisse,
2284 4097 2464 4156 postea
2495 4103 2554 4140 ea
2587 4086 2845 4150 abscissa,
2888 4087 3186 4140 rectissime
3213 4087 3473 4145 locutum.

1907 4159 2049 4214 Fuge
2077 4159 2129 4212 id
2159 4167 2473 4230 exaggerat“
2496 4157 2755 4230 Eusebius
2794 4157 2842 4209 in
2883 4157 2976 4230 li_ti.
3009 4158 3075 4210 de
3113 4156 3358 4223 Restim,
3384 4162 3476 4230 qui

1909 4242 2085 4282 tamen
2133 4229 2268 4282 idem
2320 4229 2372 4280 in
2423 4228 2515 4281 lib.
2551 4227 2618 4281 de
2657 4227 2874 4296 lliarlyr.
2902 4227 3114 4282 Palmst.
3165 4230 3368 4283 nullum
3403 4227 3478 4288 ’(10

1906 4310 2059 4353 tanto
2091 4300 2352 4352 miraculo
2391 4297 2521 4352 fecit
2555 4297 2798 4352 virbtiui.
2837 4297 3161 4352 imbecillum
3207 4309 3289 4354 est
3319 4304 3478 4372 igitur

1905 4381 2274 4438 argumentum
2307 4383 2523 4436 negans.

275 4441 404 4515 919.
438 4439 651 4494 Teolius
687 4441 907 4515 apponit
955 4435 1206 4508 punctum
1241 4435 1359 4507 post
1389 4435 1653 4508 perspicit,
1688 4440 1790 4493 nisi
1823 4455 1875 4515 υ
2122 4435 2574 4515 "Nonnulli’vulgq
2603 4452 2736 4515 quae.
2763 4435 3009 4515 .Rectii-if,
3038 4453 3156 4504 quo.

208 4511 412 4565 erravit
446 4511 829 4578 typograpli-is.

277 4581 406 4636 910.
438 4576 606 4633 Aldus
647 4577 976 4648 interpungit
1010 4576 1245 4647 lusu/flat
1284 4579 1440 4649 ipsos.
1487 4595 1575 4632 ceu
1605 4579 1792 4633 videret

207 4651 489 4704 demorsos.
518 4649 782 4714 Barthius,
815 4649 908 4702 lib.
937 4664 1007 4716 iv,
1037 4663 1154 4715 cap.
1174 4650 1228 4715 7,
1252 4649 1504 4713 ostendit,
1532 4651 1796 4719 exsufflare

209 4721 463 4776 usitatum
501 4719 821 4773 Christianis
863 4719 1213 4787 scriptoribus
1243 4719 1462 4773 verbum
1491 4722 1796 4788 signiﬁcare

205 4803 305 4857 per
319 4799 685 4858 contemptum
710 4788 889 4858 ﬂando
917 4788 1232 4858 abominari,
1257 4799 1313 4843 et
1335 4791 1608 4854 detestari,
1635 4799 1796 4858 atque

206 4860 346 4915 adeo
392 4857 638 4924 irridere,
679 4875 742 4912 ex
771 4857 1012 4930 Severo;
1058 4857 1200 4930 Vidit
1241 4869 1351 4926 post
1393 4869 1592 4930 tergum
1636 4857 1797 4927 ipsius

205 4933 492 4983 daemonem
514 4930 660 4982 mira:
676 4929 1036 4995 magnitudinis
1057 4929 1377 4992 assidentem,
1405 4929 1554 4999 quem
1576 4932 1790 4995 eminus,

207 5009 267 5050 ut
294 5003 465 5061 verbo,
489 5001 613 5070 quia
638 5000 708 5051 ita
719 5013 930 5070 necesse
951 4999 1472 5070 est,paruinALatino
1501 5000 1794 5068 loquamur,

207 5067 511 5140 gsnﬁlans,
549 5079 657 5124 etc.
708 5069 960 5140 Barthius
1003 5067 1191 5140 addit:
1243 5067 1418 5124 Utitur
1455 5067 1630 5140 eadem
1680 5086 1799 5124 voce

201 5137 578 5205 Tertullianus,
609 5140 675 5192 de
699 5137 1101 5209 ldololatr.,_et,
1121 5139 1220 5192 nisi
1247 5141 1424 5209 fallor,
1458 5138 1794 5194 Prudentius.

205 5211 269 5265 S.
305 5213 687 5280 Ilieronymus,
719 5224 837 5276 cap.
867 5209 930 5261 l7
975 5207 1108 5263 Vitae
1154 5207 1460 5264 Paehomii:
1496 5210 1598 5276 Qui
1645 5213 1792 5279 signo

203 5282 369 5335 crucis
398 5282 620 5350 frontem
655 5295 801 5332 suam
838 5280 1072 5331 muniens
1113 5281 1389 5350 esesuﬂlavit
1420 5281 1475 5333 in
1504 5297 1619 5333 eum
1653 5282 1800 5348 (da:-

203 5348 466 5422 monem),
505 5365 721 5418 moxque
745 5352 965 5422 fugatus
1001 5357 1096 5402 est.
1138 5348 1460 5422 Iiitelligebat
1493 5352 1629 5422 enim
1669 5369 1795 5405 cun-

203 5431 315 5474 ctas
340 5420 534 5474 iniinici
566 5420 853 5484 versutias;
894 5429 940 5472 et
972 5422 1150 5472 timore
1190 5420 1360 5473 divino
1390 5420 1636 5488 prwditus
1673 5422 1798 5474 illu-

202 5491 372 5561 sjones
397 5493 509 5561 ejus
548 5507 638 5558 pro
667 5488 833 5542 nihilo
859 5493 1203 5561 compellabat.
1241 5490 1370 5561 Vide
1411 5490 1795 5545 Onninasticon

205 5559 516 5632 Bosweydi.
540 5561 707 5632 Certe
731 5575 835 5632 non
866 5559 1010 5612 aliud
1039 5559 1091 5632 in
1118 5559 1409 5632 Prudentia
1431 5563 1634 5630 legerat
1663 5563 1795 5615 Bar-

207 5630 373 5693 thius,
406 5629 503 5684 nisi
536 5631 634 5684 hoc
662 5630 903 5698 insufflat,
932 5629 1073 5698 quod
1116 5629 1357 5698 ejusdem
1398 5629 1797 5699 est’signiliea-

210 5699 391 5772 tionis.
424 5702 554 5754 Vide
577 5710 867 5772 comment.
899 5701 1130 5772 advers.
1156 5699 1216 5751 :Zl
1249 5701 1429 5772 hymni
1457 5702 1513 5757 S.
1547 5703 1792 5763 Eulaliae.

286 5770 403 5825 9‘21.
438 5773 611 5837 ξηιλ,
648 5771 837 5840 Βυυε.,
871 5770 1061 5823 aridet
1094 5771 1206 5822 hoc.

1971 4511 2098 4564 952.
2115 4508 2356 4562 Glossam
2381 4507 2658 4560 conﬁrmat
2674 4507 2905 4561 Isidorus
2922 4507 3008 4560 lib.
3029 4523 3102 4570 XI,
3121 4523 3238 4574 cap.
3266 4510 3311 4564 l:
3333 4511 3480 4567 l’ala.

1899 4589 2004 4634 tum
2039 4590 2270 4633 nostrum
2305 4579 2432 4631 sicut
2449 4579 2627 4631 cwlum
2654 4589 2726 4630 est
2744 4577 2979 4646 positum,
2999 4587 3045 4630 et
3066 4579 3184 4632 inde
3201 4583 3426 4646 palatum
3449 4601 3480 4638 a

1903 4653 2020 4716 polo
2052 4667 2142 4719 per
2169 4651 2562 4722 derivationem;
2586 4649 2674 4722 sed
2705 4658 2749 4701 et
2777 4645 2946 4722 Grivci
2975 4649 3212 4722 similiter
3243 4655 3478 4722 palatum

1898 4717 2123 4794 capssat
2140 4719 2424 4794 appellant,
2455 4734 2510 4771 eo
2526 4719 2795 4794 quodque
2813 4717 2893 4770 sui
2910 4717 3378 4794 _concavi_tate'c¢eli
3404 4725 3480 4779 si-

1900 4788 2240 4845 militudinem
2281 4788 2482 4842 habeat.
2526 4788 2624 4843 Ubi
2653 4788 2861 4843 Griiiles
2909 4789 3078 4842 locum
3111 4789 3384 4848 Ciceronis
3410 4795 3479 4849 de

1902 4861 2133 4931 Epicuro
2171 4859 2433 4932 adnotat:
2469 4858 2574 4932 Sed
2605 4860 2729 4912 dum
2759 4859 2932 4932 balista
2961 4860 3088 4928 quid
3133 4860 3198 4912 sit
3235 4865 3480 4932 Optimum

1910 4927 2117 4995 iudicat,
2163 4931 2272 4983 caeli
2318 4930 2588 4998 palatium,
2629 4939 2685 4982 ut
2719 4930 2790 4982 ait
2835 4927 3059 4990 Ennius.
3098 4945 3196 4982 non
3234 4927 3475 4998 suspexit.

1928 4952 2117 4994 uatcat,
2163 4952 2272 4983 cwu
2318 4952 2588 4998 palatium,
2629 4952 2684 4982 ιιι
2719 4952 2789 4982 (ιιι
2835 4952 3059 4990 ENNIUS,
3098 4952 3196 4982 non
3234 4952 3475 4998 suspexit.

1893 4952 2121 5069 llispani
2154 5001 2400 5054 similiter
2430 5000 2661 5064 palatum
2704 5010 2896 5054 vocant
2924 5000 2972 5054 el
2996 5001 3122 5053 cielo
3149 5001 3211 5052 de
3238 5006 3288 5053 la
3314 5003 3434 5056 boca
3460 5019 3478 5056 :

1902 5087 2059 5141 quam
2096 5071 2286 5138 lingua:
2311 5079 2507 5124 nostra:
2537 5071 2918 5140 proprietatem
2947 5071 3133 5141 vellem
3163 5071 3478 5126 illustratam

1904 5138 1954 5195 in
1977 5141 2206 5194 Diction.
2239 5141 2405 5212 Acad.
2441 5138 2614 5210 llisp.,
2641 5138 2850 5211 origine
2878 5157 2942 5194 ex
2975 5138 3159 5194 Graeco
3183 5141 3478 5212 Latinoque

1904 5226 2154 5266 sermone
2186 5211 2436 5265 indicata.

1975 5282 2103 5336 935.
2137 5280 2284 5345 Λὶψ,
2315 5283 2439 5344 οκ..
2471 5298 2788 5353 repercusso.
2821 5279 3185 5353 Nebrissensis
3220 5289 3379 5336 etiam
3405 5299 3478 5335 re-

1906 5367 2166 5420 percusso,
2214 5361 2266 5407 et
2294 5355 2466 5420 palato
2513 5351 2828 5418 repercusso,
2871 5351 3092 5415 exponit
3130 5366 3194 5403 ex
3229 5353 3478 5405 testudine

1905 5424 2030 5478 oris.
2062 5422 2175 5478 Non
2222 5435 2400 5477 autem
2430 5423 2600 5492 probo
2628 5423 2744 5491 ejus
2772 5422 3156 5486 conjecturam,
3204 5421 3478 5489 legendum

1906 5510 1997 5547 nec
2033 5509 2097 5548 ea:
2139 5492 2335 5564 palato,
2380 5504 2446 5564 et,
2464 5507 2603 5546 vers.
2645 5507 2784 5564 seq.,
2827 5505 2915 5564 nec
2950 5497 3259 5564 temperetur
3286 5506 3304 5545 :
3330 5495 3479 5562 quasi

1907 5558 2180 5619 Romanus
2201 5565 2267 5618 de
2289 5578 2368 5623 se.
2401 5563 2634 5616 abscissa
2663 5558 2858 5627 lingua,
2887 5558 2999 5611 ha-c
3030 5558 3312 5626 intelligat.

1978 5634 2106 5687 951.
2153 5634 2295 5687 lnier
2342 5633 2572 5700 linguam
2621 5638 2676 5685 et
2715 5631 2902 5684 dentei
2945 5629 3127 5697 plures
3159 5633 3349 5688 littera:
3379 5631 3480 5688 lor.

1908 5715 2138 5765 mantur,
2166 5713 2221 5755 ut
2245 5711 2426 5756 notum
2455 5709 2558 5754 est.

1979 5773 2102 5828 935.
2135 5771 2253 5826 Ald.
2289 5771 2562 5837 mendose,
2608 5771 2687 5826 liis
2725 5770 2994 5842 augendis.
3044 5770 3120 5829 De
3147 5773 3352 5845 plectro
3381 5772 3478 5827 lin-
