3994 6176
535 248 647 306 5‘23

709 358 851 427 Quin
880 372 943 414 os
968 358 1207 430 supinat,
1239 360 1432 418 obvias
1460 362 1619 420 offert
1645 379 1834 435 genas,

786 450 995 523 1153
1017 450 1282 521 Supponit
1307 466 1490 521 aures,
1518 454 1687 525 labra,
1716 471 1876 511 nares
1899 455 2112 526 objicit,

780 542 979 597 Oculos
999 551 1053 598 et
1074 542 1221 613 ipsos
1246 544 1444 612 perluit
1472 545 1803 616 liquoribus:

781 632 890 688 Nec
908 632 1019 702 jam
1046 633 1225 702 palato
1243 637 1441 705 parcit,
1468 644 1525 693 et
1551 638 1785 709 linguam
1810 638 1969 709 rigat,

532 723 665 782 1040
773 725 954 780 Donec
981 740 1232 783 cruorem
1255 736 1395 784 totus
1424 739 1602 786 atrum
1627 732 1928 788 combibat.

704 816 996 885 Postquam
1026 816 1260 874 cadaver
1290 822 1554 889 sanguine
1582 832 1767 892 egesto
1792 823 1968 892 rigens

771 905 1043 977 Conipage
1070 907 1138 961 ab
1162 908 1252 963 illa
1278 911 1523 967 ﬂamines
1554 913 1878 968 retraxerint
1895 953 1911 980 ,

775 998 1028 1055 Procedit
1053 999 1178 1055 inde
1199 1000 1459 1069 pontifex,
1481 1002 1599 1058 visu
1620 1003 1892 1070 horridus,

775 1090 1024 1145 Ostentat
1044 1090 1209 1145 udum
1225 1093 1501 1159 verticem,
1535 1094 1755 1150 barbam
1783 1109 2000 1165 gravem
2016 1139 2030 1159 ,

522 1178 660 1233 1015
773 1179 940 1235 Vittas
969 1181 1271 1249 madentes,
1299 1192 1464 1252 atque
1492 1185 1724 1239 amictus
1750 1184 1957 1240 ebrios.

696 1271 849 1326 Hunc
867 1271 1199 1341 inquinatum
1233 1274 1429 1329 talibus
1455 1276 1742 1345 contagiis,

770 1363 917 1419 Tabo
947 1365 1180 1421 recentis
1209 1364 1489 1421 sordidum
1522 1367 1743 1436 piaculi,

766 1458 970 1514 Omnes
991 1458 1229 1513 salutant
1243 1467 1405 1529 atque
1435 1460 1663 1515 adorant
1685 1462 1931 1517 eminus:

766 1548 901 1608 Vilis
927 1551 1069 1621 quod
1099 1550 1250 1605 illum
1276 1552 1527 1622 sanguis,
1547 1562 1602 1607 et
1632 1551 1733 1609 bos
1755 1564 1997 1608 mortuus

518 1643 655 1699 1050
760 1640 944 1699 Fadis
966 1643 1218 1699 latentem
1248 1642 1355 1699 sub
1378 1645 1622 1702 cavernis
1668 1644 1917 1702 laverint.

1610 252 1888 312 AURELII
1927 251 2292 310 PRIJDEN'ﬂl
2329 251 2651 312 CARIINA.

2148 371 2202 429 Α
2403 366 2677 424 Addamus
2702 367 2847 424 illam
2866 410 2883 437 ,
2914 371 3016 437 vis,
3053 372 3406 431 hecatomben
3433 379 3616 433 tuam!

3699 273 3793 328 521

2474 457 2716 515 Centena
2738 461 2883 517 ferro
2911 478 3036 518 cum
3066 464 3270 523 cadunt
3291 466 3568 538 animalia,

2470 552 2685 625 115a
2711 553 2976 625 Variaque
3022 556 3305 613 abundans
3343 560 3495 617 caede
3538 570 3788 635 restagnat

3534 651 3726 723 (cruor,

2470 735 2567 789 Vix
2595 744 2654 791 ut
2677 739 2916 792 cruentis
2932 752 3165 808 augures
3186 741 3457 796 natatibus

2219 821 2359 877 1055
2468 824 2681 881 Possint
2710 842 2891 882 meare
2912 843 3009 897 per
3030 828 3350 898 profundum
3372 835 3659 902 sanguinis.

2392 914 2498 972 Sed
2527 918 2651 987 quid
2671 920 2956 975 macellum
2987 921 3184 992 pingue
3212 924 3587 994 pulvinarium,

2460 1009 2597 1075 Quid
2628 1012 2985 1067 maximorum
3019 1013 3380 1072 lancinatores
3404 1033 3653 1091 gregum,

2470 1101 2775 1158 Eviscerata
2791 1116 2954 1159 carne
2973 1105 3168 1161 crudos
3182 1148 3197 1173 ,
3220 1108 3476 1165 criminor
3492 1114 3517 1165 ?

2465 1193 2606 1249 Sunt
2635 1208 2812 1263 sacra,
2842 1196 3057 1264 quando
3083 1207 3291 1254 vosmet
3322 1200 3421 1270 ipsi
3453 1204 3712 1272 exciditis,

2212 1284 2351 1340 1060
2458 1286 2681 1341 Votivus
2706 1296 2761 1342 et
2790 1302 2912 1342 cum
2941 1290 3183 1345 membra
3208 1290 3493 1349 detruncat
3516 1295 3687 1352 dolor.

2383 1377 2624 1434 Cultrum
2651 1378 2704 1434 in
2727 1378 2958 1435 lacertos
2985 1380 3155 1436 exerit
3177 1381 3436 1439 fanaticus
3454 1429 3470 1455 ,

2452 1468 2727 1541 Sectisque
2758 1480 2982 1527 matrem
3014 1473 3252 1530 brachiis
3274 1476 3447 1544 placat
3475 1478 3655 1535 deam.

2455 1561 2679 1632 Furere,
2704 1578 2765 1618 ac
2788 1564 2953 1620 rotari
2978 1565 3066 1634 jus
3092 1574 3311 1635 putatur
3331 1570 3653 1640 mysticum:

2387 1655 2597 1729 1155
2616 1656 2779 1714 Parca
2799 1656 2865 1713 ad
2881 1658 3173 1716 secandum
3200 1660 3384 1717 dextra
3407 1662 3576 1720 fertur
3598 1663 3780 1736 impia:

1824 1759 2107 1819 GLOSSIE
2149 1764 2488 1825 VETERES.

586 1872 743 1929 10H.
786 1871 999 1941 Egesto,
1025 1870 1226 1936 emisso,
1264 1871 1307 1925 Ι.

585 1942 745 2013 1012.
788 1943 1079 2013 Compage,
1108 1942 1301 2009 tabula,
1337 1941 1377 1997 1.

584 2012 741 2068 1017.
784 2012 1011 2078 Piaculi,
1037 2014 1376 2083 purgationis,
1410 2013 1453 2069 1.

582 2083 743 2138 1051.
785 2082 1178 2149 Ιιθαιωιιιιιειι,
1237 2096 1479 2148 centum;
1526 2082 1644 2137 inde
1698 2082 2094 2150 hechatontam,

512 2158 564 2209 id
587 2164 661 2208 est
687 2164 886 2208 centum
918 2162 1187 2223 potestates
1217 2152 1517 2221 habentem;
1546 2164 1591 2209 et
1614 2155 1729 2208 ideo
1750 2162 1949 2208 centum
1978 2154 2099 2208 hos-

509 2228 594 2280 tiw
613 2224 658 2277 ei
682 2223 1096 2287 immolabantur,
1130 2223 1171 2279 l.

583 2294 743 2366 1056.
778 2295 1157 2366 Pulvinarium,
1190 2293 1555 2366 lectisternium
1570 2303 1711 2348 vocat
1742 2294 2093 2366 pulvinarium

509 2367 595 2434 qui
628 2364 683 2419 in
712 2364 898 2438 templo
929 2365 1210 2438 ponebatur
1248 2364 1452 2433 quando
1486 2364 1760 2438 augurium
1796 2365 2091 2436 qurerebant

508 2452 599 2507 per
621 2434 962 2507 sacri/icium,
989 2434 1026 2489 I.

576 2505 736 2561 1058.
765 2502 1001 2572 ’Crudos,
1028 2506 1263 2579 rusticos,
1284 2506 1519 2577 pingues,
1544 2502 1589 2561 l.

2125 1877 2177 1940 Β
2277 1879 2437 1935 1059.
2479 1878 2745 1945 Quando.
2784 1879 3123 1950 siquidem,l.

2208 2020 2245 2073 ν
2469 1950 2714 2015 Votivus,
2745 1952 2835 2019 qui
2864 1967 2955 2019 per
2976 1962 3146 2006 votum
3173 1954 3325 2021 venit,
3348 1953 3387 2009 l.
3427 1952 3773 2023 Voluntaria,

2250 2038 2275 2074 a
2310 2060 2324 2073 .
2407 2057 2422 2073 .

2250 2038 2324 2074 ill.
2355 2038 2422 2074 Α.

2273 2090 2435 2164 1061.
2476 2088 2786 2164 Είιιιειιίοῃε,
2813 2092 3049 2164 sacerdos
3076 2092 3167 2164 qui
3191 2092 3243 2145 in
3275 2096 3399 2164 fano
3444 2104 3707 2163 moratur,
3736 2096 3776 2153 l.

2275 2161 2433 2231 1002.
2476 2159 2663 2231 peam,
2693 2159 3119 2231 Berecynthiam,
3148 2162 3185 2217 1.

2272 2229 2432 2285 1065.
2478 2229 2684 2307 notari,
2716 2229 2909 2285 scilicet
2933 2233 3195 2303 objectans
3224 2235 3774 2307 caput.-—Mysticum,

2200 2301 2498 2370 ﬁguratum,
2535 2301 2575 2355 Ι.
2991 2301 3003 2303 “
3288 2301 3296 2303 “
3531 2301 3548 2307 ’
3760 2301 3768 2304 ’

2272 2370 2437 2443 1064.
2466 2370 2655 2440 Parca,
2694 2387 2810 2443 quia
2836 2374 3027 2443 parcit,
3050 2389 3154 2429 non
3177 2389 3231 2429 se
3258 2373 3550 2431 incidenda.
3565 2406 3639 2418 -—
3658 2377 3773 2435 Fer-

2197 2449 2304 2508 tur,
2336 2440 2528 2496 dicitur
2556 2456 2686 2511 esse,
2710 2440 2756 2495 ’I.

1864 2616 2429 2676 COMMENTARIUS.

504 2731 815 2789 adhaerent:
857 2740 953 2787 sed
989 2728 1174 2799 scripti
1222 2736 1277 2784 et
1300 2735 1447 2799 ,vett.
1499 2725 1625 2783 edd.
1672 2736 1987 2784 constanter
2024 2738 2081 2785 et

509 2807 676 2875 probe
697 2804 894 2875 habent
919 2798 1256 2875 putrefactus.
1283 2798 1676 2875 Qbamillardus
1704 2798 1757 2851 in
1787 2807 1958 2865 textu,
1986 2816 2082 2870 pu-

507 2867 744 2947 isfactus,
769 2867 1023 2947 inindige
1048 2867 1220 2924 solum
1248 2867 1833 2947 adnotatputrefactus.

578 2938 757 3020 1_0§6._
780 2942 925 3020 Al_d.,
957 2941 1123 3020 Tqrn.
1141 2940 1412 3020 ,_qui_nos_.
1444 2938 1690 3020 Meliores
1714 2938 1839 3020 libri
1869 2939 2037 3020 nostri
2066 2979 2081 3005 ,

507 3024 560 3071 et
579 3013 851 3068 Heinsiani
879 3024 997 3065 cum
1010 3008 1266 3070 Cauchio,
1289 3008 1552 3072 Latinius,
1579 3008 1917 3074 Parrhasius,
1942 3008 2079 3077 Gis.,

541 3086 629 3138 uin
655 3100 731 3137 os.
783 3080 1060 3143 Weitsius,
1092 3080 1295 3148 quinos.
1324 3078 1593 3149 Scaliger,
1628 3077 1721 3149 lib.
1750 3091 1811 3143 ιι,
1856 3094 1977 3149 cap.
2014 3077 2037 3130 1
2065 3121 2083 3147 ,

550 3162 658 3210 ect.
688 3156 914 3213 Auson.,
941 3166 1060 3202 cum
1088 3147 1381 3202 invenisset
1404 3147 1601 3201 alicubi
1624 3148 1830 3217 quinos,
1851 3147 2086 3205 cei-rexit

509 3226 708 3287 cinnos,
734 3224 814 3277 vel
838 3222 999 3274 einos.
1020 3217 1349 3273 Glossarium
1367 3218 1535 3271 cinum
1562 3219 1869 3287 ἕπισκύνιού.
1893 3220 2085 3274 Cinnas

509 3285 704 3365 νεῦμα.
734 3292 799 3347 Et
844 3290 1025 3345 Italica
1062 3290 1351 3365 lingua,_et
1379 3297 1537 3365 vetus
1577 3285 1780 3365 Gallica
1811 3298 2090 3365 “usurpant

507 3357 685 3429 cen'no,
705 3375 1005 3424 accennare,
1026 3357 1257 3429 accener.
1271 3358 1783 3429 Scaligeroaccedit
1804 3357 2091 3416 Gattacke-

508 3449 602 3489 rus
626 3428 691 3487 ad
721 3432 1051 3487 Antoninum
1078 3430 1145 3484 de
1182 3428 1300 3484 Vita
1327 3428 1445 3483 sua.
1476 3428 1693 3483 lleinsio
1724 3436 1903 3485 tamen
1928 3430 2089 3486 mini-

508 3519 595 3561 me
621 3504 673 3557 id
702 3506 897 3574 placet,
928 3515 1102 3574 neque
1128 3498 1431 3574 aliisdebet
1455 3500 1690 3574 placere.

582 3569 741 3630 1046.
796 3574 970 3642 E_gm.,
1007 3569 1210 3642 ιιειιειιη
1250 3569 1487 3642 llailsbr.
1529 3570 1583 3622 in
1613 3576 1791 3642 textu,
1832 3571 1950 3624 hinc
1987 3587 2087 3642 pro

507 3646 660 3714 hunc.
685 3646 789 3700 Pro
813 3637 1062 3714 domagiis
1096 3640 1230 3695 alios
1267 3640 1448 3714 legere
1471 3640 1784 3714 contactibus
1814 3637 2089 3714 testisg'est

508 3712 806 3772 Fabricius.
842 3710 1136 3775 Salmasius
1159 3725 1277 3782 pag.
1307 3710 1691 3782 180in1Elium
1722 3711 2085 3782 Lampridium

509 3785 829 3842 luculentam
863 3786 999 3838 hanc
1045 3781 1459 3851 descriptionem
1497 3781 1788 3835 taurobolii
1826 3782 1992 3852 dicit,
2026 3792 2082 3838 et

506 3858 667 3913 multa
702 3855 902 3927 profert
926 3852 1320 3927 de‘taurobolio
1348 3866 1411 3907 ac
1437 3852 1811 3927 tauroboliatis
1832 3854 1899 3906 ad
1938 3854 2082 3909 hunc

504 3922 967 3999 gentiliumritttm
991 3923 1362 3999 illustrandum
1385 3922 1691 3999 aptissima.
1776 3931 1781 3935 '

576 3993 734 4054 1047.
776 3995 833 4051 lu
870 3996 1027 4064 Prag.
1076 3994 1162 4048 hic
1212 4007 1400 4048 versus
1445 3992 1687 4060 rejicitur
1719 4001 1839 4062 post
1866 4007 2082 4049 versum

508 4069 665 4133 1050,
690 4065 737 4121 Γ
740 4072 885 4129 aedis,
916 4076 1021 4121 etc.

580 4130 735 4195 1050.
774 4139 950 4208 I'Jgtn.,
982 4135 1125 4201 Lat.,
1160 4132 1412 4197 llailsbr.,
1444 4130 1564 4187 Vat.
1614 4132 1680 4199 A,
1712 4133 1931 4202 laverit,
1974 4147 2082 4189 non

506 4210 667 4263 male.

577 4277 737 4332 1051.
771 4274 982 4344 Vat.AA,
1027 4284 1297 4343 corrupte,
1351 4273 1493 4326 illam
1537 4273 1610 4327 vis
1644 4272 1766 4344 hare
1814 4273 1882 4326 ad
1931 4290 2079 4344 apem

507 4357 664 4401 tuam.
701 4346 818 4400 Vat.
840 4347 898 4414 Β,
926 4342 1081 4410 Man,
1106 4342 1261 4414 Prag.
1292 4344 1533 4399 scribunt
1573 4342 1891 4414 echatontem
1913 4342 2075 4400 tuam.

511 4423 690 4487 Egm.,
722 4416 948 4481 Widm.,
971 4413 1571 4487 eccatontent.‘[{lerique
1599 4413 1966 4487 hecatombem,
1988 4424 2080 4470 aut

507 4483 846 4543 hecatomben.
878 4487 1143 4542 Cauchius
1177 4483 1499 4555 conjiciebat
1524 4489 1568 4539 si
1596 4485 1670 4539 vis
1695 4483 2037 4539 hecatombem
2061 4527 2077 4553 ,

508 4568 566 4614 ut
587 4571 758 4613 metro
782 4557 1111 4612 consulatur.
1144 4557 1215 4610 At
1242 4555 1563 4611 Prudentius
1592 4569 1863 4626 nunquam
1882 4564 2077 4626 quarto

2182 2728 2358 2797 Sich.,
2385 2726 2503 2800 Gis.
2535 2728 2709 2800 prima
2730 2726 2846 2793 ed.,
2877 2728 3197 2800 profundum
3226 2729 3548 2800 sanguinem.
3582 2733 3734 2787 Alex.
3758 2773 3772 2797 .

2184 2800 2342 2865 Urb.,
2363 2798 2509 2869 Vatt.
2530 2798 2685 2869 ALB,
2709 2813 2892 2869 supra,
2916 2799 2980 2866 Ο,
3012 2799 3267 2865 Hailsbr.,
3288 2798 3429 2865 PaL,
3448 2800 3637 2866 Falar..
3667 2802 3773 2858 Gis.

2184 2869 2419 2926 secunda
2448 2868 2560 2941 ed.,
2598 2868 2821 2937 Heins.,
2855 2870 3173 2941 profundum
3219 2871 3505 2941 sanguinis.
3556 2871 3772 2938 Weitz.,

2188 2942 2370 3012 Egm.,
2396 2940 2658 3012 profunda
2684 2940 2973 3012 sanguinis.

2276 3009 2446 3082 1056.
2485 3009 2539 3064 In
2590 3010 2711 3082 Vat.
2757 3009 2801 3063 Β
2829 3009 3040 3082 videtur
3087 3009 3255 3082 fuisse
3307 3013 3659 3082 pluinarium,
3688 3021 3773 3067 aut

2188 3090 2338 3137 certe
2395 3080 2739 3147 plumarium,
2772 3080 2867 3153 sed
2919 3082 3081 3153 male.
3117 3081 3279 3135 Vucat
3308 3080 3489 3139 autem
3531 3084 3769 3153 pulvina-

2189 3153 2327 3209 rium
2358 3153 2583 3207 deorum
2618 3150 2901 3222 macellum
2943 3151 3159 3221 pingue,
3190 3153 3313 3222 quia
3349 3150 3545 3209 cruore
3579 3152 3770 3209 hostia-

2194 3239 2312 3278 rum
2344 3224 2540 3290 templa
2568 3221 2957 3277 redundabant.

2266 3292 2428 3348 1059.
2470 3292 2589 3347 Vat.
2621 3294 2689 3356 A,
2711 3294 3061 3361 vosmetipsos.
3091 3291 3403 3362 Prag.,cum
3421 3294 3766 3361 vosmetipsos,

2190 3376 2351 3432 Supra
2394 3363 2621 3432 quando.
2675 3365 2781 3417 Lex
2829 3364 3090 3433 carminis
3141 3364 3311 3432 poscit
3346 3366 3553 3433 quando
3590 3372 3769 3418 uosmet

2189 3433 2312 3503 ipsi.
2357 3433 2621 3505 Recenset
2650 3447 2791 3505 nunc
2812 3442 2984 3505 poeta
3030 3432 3468 3505 ritusigentilium
3500 3434 3767 3505 quibusin

2188 3502 2413 3561 deorum
2440 3504 2699 3558 honorem
2723 3502 3071 3558 sihi'vulnera
3105 3502 3423 3559 inferebant.

2260 3576 2422 3630 1061.
2456 3575 2611 3643 Prag.
2634 3614 2650 3639 ,
2677 3573 2890 3634 cultros,
2922 3585 3254 3644 repugnante
3286 3585 3483 3629 metro.
3522 3575 3656 3631 Mar.
3688 3576 3765 3629 la-

2187 3648 2359 3712 certis,
2391 3659 2551 3712 snpra
2584 3645 2801 3698 lacertas
2831 3646 3050 3699 rectius.
3086 3645 3322 3699 Bellonae
3351 3646 3666 3700 sacerdotes
3696 3645 3767 3697 Ia-

2188 3725 2377 3773 certos.
2413 3716 2512 3769 sibi
2560 3723 2614 3768 et
2654 3714 2873 3768 brachia
2904 3714 3278 3779 cruentabant,
3300 3724 3357 3771 et
3378 3716 3592 3770 fanatiii
3624 3717 3765 3770 dice-

2196 3788 2409 3842 bantur.
2444 3785 2770 3847 Lactantius,
2821 3784 2915 3838 lib.
2966 3799 3003 3853 I,
3048 3799 3168 3851 cap.
3198 3786 3305 3850 2|;
3340 3784 3568 3839 Bellona:
3602 3802 3765 3838 sacer-

2190 3858 2337 3910 dotes
2388 3872 2493 3909 non
2539 3856 2726 3919 alieno,
2758 3854 2847 3908 sed
2890 3870 2985 3908 suo
3013 3870 3196 3909 cruore
3239 3855 3557 3924 sacriﬁcant.
3609 3856 3768 3909 Sectis

2188 3941 2404 3994 namque
2432 3925 2657 3980 humeris
2680 3964 2695 3989 ,
2721 3934 2768 3977 et
2782 3933 3016 3997 _utraquc
3062 3941 3222 3979 manu
3269 3927 3526 3997 districtos
3567 3925 3765 3997 gladios

2184 3993 2445 4051 exerentes
2470 4003 2706 4057 currunt,
2737 3993 3044 4061 e/feruntur,
3075 3997 3360 4049 insaniunt.
3401 3996 3475 4050 De
3518 3993 3599 4050 his
3624 3995 3767 4049 fana-

2186 4067 2309 4121 ticis
2333 4066 2612 4128 Horatius,
2645 4065 2922 4128 Lucanus,
2950 4065 3229 4121 iuvenalis
3248 4076 3301 4120 et
3331 4064 3447 4120 alii.
3467 4066 3580 4121 Sub
3609 4065 3764 4120 Com-

2186 4138 2330 4191 modi
2363 4146 2604 4204 tempora
2643 4136 2977 4191 consuetudo
3015 4136 3316 4192 invalnerat
3354 4146 3411 4189 ut
3432 4136 3764 4191 erue-matia-

2185 4222 2308 4262 nem
2347 4206 2556 4261 fanatici
2608 4206 2961 4271 simularent,
3015 4221 3120 4260 non
3172 4221 3298 4260 vere
3340 4205 3571 4261 lacertos
3614 4220 3766 4258 exse-

2183 4286 2387 4332 carent.
2438 4275 2568 4332 Nam
2609 4275 2945 4344 Lampridius
2994 4275 3048 4331 in
3088 4276 3206 4345 ejus
3234 4276 3351 4331 Vita
3376 4276 3451 4329 ait
3498 4275 3767 4329 :Beltonc

2182 4349 2449 4401 servientes
2476 4362 2590 4399 vere
2618 4362 2850 4401 exsecare
2893 4347 3154 4401 brachium
3197 4348 3434 4416 prwcepit
3460 4348 3627 4401 studio
3651 4360 3765 4399 cru-

2183 4416 2428 4471 delitatis.
2457 4416 2613 4486 Apud
2644 4416 3117 4482 Montfauconium,
3141 4426 3274 4477 tom.
3302 4416 3323 4471 1
3347 4416 3762 4486 Antiq.,lib._lv,

2182 4502 2303 4557 pag.
2335 4488 2468 4553 262,
2510 4484 2932 4557 repratseutatur
2963 4487 3251 4542 Fanaticus
3290 4484 3559 4554 Bellonae,
3588 4484 3757 4552 Isidis,

2182 4568 2237 4612 et
2260 4558 2536 4626 Serapidis
2570 4558 2706 4612 duos
2734 4557 3215 4626 cultrosmanibus
3244 4568 3456 4621 tenens.

508 4630 627 4684 loco
649 4628 917 4699 dactylum
940 4616 1810 4699 immisit._Producit_secundam
1838 4616 2078 4699 in'heca.
2102 4616 2155 4677 D
2186 4698 2191 4699 γ
2254 4616 2413 4684 1062ζ
2452 4626 2822 4699 Nebrissensis
2873 4625 2991 4699 vult
3030 4626 3136 4697 legi
3180 4620 3333 4681 deum
3369 4640 3468 4697 pro
3509 4625 3676 4699 deum,
3708 4629 3763 4677 at

507 4699 722 4753 tombem
747 4695 1067 4754 necessitate
1094 4696 1323 4767 quadam
1353 4696 1576 4752 metrica
1608 4712 1624 4750 :
1657 4710 1765 4750 non
1790 4697 1936 4752 enim
1963 4695 2073 4751 alio

508 4770 668 4825 modo
694 4769 848 4824 facile
875 4768 978 4822 hoc
1018 4767 1336 4822 vocabulum
1371 4767 1627 4822 adhibere
1646 4768 1932 4836 potuisset,
1974 4780 2074 4823 nec

508 4844 743 4910 prudens
773 4839 843 4895 ab
890 4851 957 4892 eo
998 4836 1270 4910 abstinere
1314 4836 1520 4892 debuit.
1575 4836 1747 4910 leonis
1793 4838 1973 4907 gloasa
2000 4839 2074 4891 ita

509 4906 779 4965 emendari
830 4915 1034 4978 potest:
1082 4906 1300 4978 hecaten
1363 4918 1596 4973 centum,
1641 4908 1760 4962 inde
1804 4906 2071 4963 hecatom-

509 4983 614 5036 bem
641 5023 657 5048 ,
688 4989 793 5036 etc.
821 4975 1148 5048 Hecatombe
1185 4987 1269 5034 est
1294 4978 1614 5033 sacriﬁcium
1638 4985 1853 5032 centum
1878 4980 2068 5042 boum;

507 5068 536 5108 a
583 5047 878 5106 Laconibus
930 5047 1157 5119 primum
1205 5048 1506 5119 institutum
1554 5048 1783 5115 dicitur,
1820 5048 1910 5118 qui
1950 5061 2071 5103 cum

506 5124 633 5178 olim
674 5130 887 5178 centum
913 5117 1206 5191 praeessent
1232 5117 1483 5191 urbibus,
1512 5130 1768 5191 centenos
1788 5117 2073 5191 quotannis

506 5195 671 5250 boves
694 5208 790 5254 pro
814 5187 1029 5247 centum
1050 5188 1356 5243 civitatibus
1384 5187 1751 5244 immolabant.
1795 5189 1904 5254 Alii
1944 5187 2069 5242 alia.

505 5264 639 5321 Vide
666 5258 1007 5319 Eustathium
1026 5263 1078 5313 lu
1111 5258 1324 5313 Homeri
1353 5258 1501 5312 Iliad.

580 5332 738 5390 1052.
772 5333 889 5387 Vat.
945 5335 1018 5397 Α,
1060 5333 1210 5401 fere;
1274 5342 1438 5401 supra
1482 5327 1695 5401 videtur
1728 5342 1862 5401 esse
1910 5331 2070 5398 ferro.

508 5396 1254 5477 Prag.,{ere._Rott.,'Pt:ag_.,
1277 5396 1789 5477 11άί181πκρ.νιλιιηῇξ
1818 5396 1949 5452 Mar.
1981 5411 2071 5452 su-

508 5449 1093 5547 ᾖὲἒῗὲἶάᾞῖεἷιῇξ
1115 5449 1959 5547 'sfiziif.,"£.‘.i'f..a'.m‘i;"magis.
1980 5449 2073 5547 ea-

508 5537 657 5598 aunt.
701 5542 903 5598 Widm.
926 5554 984 5599 et
1012 5537 1325 5597 Parrhasius
1344 5542 1596 5596 omittunt
1641 5553 1793 5604 cunt,
1819 5537 1902 5593 vel
1948 5538 2074 5593 cui:

508 5614 601 5672 sed
623 5616 979 5682 corrumpitur
1006 5621 1256 5682 metrum.

583 5682 738 5737 1055.
763 5676 913 5748 Alit,
936 5682 1051 5736 Vat.
1080 5681 1123 5735 Β
1149 5685 1199 5738 in
1227 5691 1396 5749 textu,
1428 5679 1584 5751 Man,
1624 5681 1815 5749 Bong..
1841 5676 2072 5746 Widm.,

2180 4698 2511 4767 intelligatur
2534 4697 2735 4767 Cybele
2760 4705 2934 4751 mater
2965 4696 3189 4752 deorum
3233 4713 3299 4751 ex
3330 4696 3591 4767 sententia
3620 4696 3763 4762 Apu-

2182 4769 2305 4835 leii,
2340 4765 2429 4838 qui
2486 4765 2758 4823 Bellonam
2781 4807 2795 4831 ,
2847 4767 3126 4838 Cybelem,
3160 4767 3349 4822 Isidem
3393 4765 3532 4838 idem
3565 4777 3760 4838 nomen

2178 4833 2301 4922 esse
2330 4833 2501 4908 putat.
2533 4840 2611 4920 Ac
2651 4851 2837 4894 revera
2866 4833 3238 4921 deumdegitur
3277 4838 3330 4891 in
3371 4836 3607 4892 editione
3634 4833 3761 4888 Lot-

2183 4919 2303 4964 tert.
2355 4909 2411 4962 lu
2460 4909 2608 4965 Actis
2638 4908 2696 4964 S.
2737 4906 3117 4977 ,Symphortant
3173 4921 3318 4977 sape
3358 4905 3561 4977 Cybele
3590 4912 3758 4977 mater

2183 4921 2303 4964 teri.
2355 4921 2420 4991 tn_
2460 4921 2608 4965 Actis
2638 4921 2696 4964 δ.
2743 4921 3318 4989 aympnornannsape
3358 4921 3561 4987 uypete
3590 4921 3751 4984 mater

2178 4978 2278 5035 dea
2319 4979 2533 5034 dicitur.
2577 4978 2681 5033 Sed
2726 4976 2954 5032 fortasse
2990 4986 3097 5031 tam
3139 4994 3190 5031 ιιι
3224 4978 3305 5031 lus
3340 4977 3489 5031 Actis
3513 4988 3665 5046 quam
3697 4988 3751 5046 in

2181 5049 2471 5105 Prudentio
2499 5046 2773 5118 praestabit
2806 5048 2986 5118 legere
3012 5057 3173 5101 muter
3198 5048 3374 5113 deum,
3400 5054 3461 5103 ut
3486 5043 3543 5102 in
3568 5043 3757 5101 veteri-

2175 5118 2278 5174 bus
2301 5116 2739 5186 inscriptionibus
2764 5116 2958 5186 passim
2978 5119 3231 5173 occurrit.
3370 5150 3379 5159 -

2248 5188 2411 5260 1063.
2450 5188 2597 5251 Ald.,
2647 5204 2709 5241 ac
2752 5197 2941 5260 rotare.
2984 5187 3179 5260 hlelins
3206 5203 3266 5260 ac
3306 5187 3491 5260 rotari.
3538 5186 3756 5260 llam-st.

2175 5260 2359 5317 rotari.
2390 5249 2636 5314 Lotterus
2660 5258 2917 5313 mendose
2946 5259 3057 5329 ejus
3090 5273 3185 5325 pro
3208 5259 3321 5327 jus.
3352 5255 3647 5312 Minucius:
3683 5249 3753 5304 Hi

2174 5339 2293 5383 sunt
2325 5340 2372 5383 et
2402 5329 2626 5400 [urentes
2650 5344 2779 5398 quos
2806 5330 2859 5382 in
2899 5327 3161 5395 publicum
3200 5329 3381 5382 videtis
3422 5336 3750 5400 concurrere.

2174 5410 2313 5454 vates
2343 5410 2390 5453 et
2403 5395 2513 5469 ipsi
2535 5395 2722 5469 absque
2752 5399 2945 5469 templo
2962 5440 2976 5458 ,
3000 5400 3073 5452 sic
3095 5399 3485 5469 insaniunt,gsic
3514 5395 3755 5469 bacchan-

2178 5479 2283 5537 tur,
2305 5471 2377 5522 sic
2399 5467 2655 5535 rotantur,
2669 5479 2777 5524 etc.
2804 5467 3010 5523 confer
3036 5479 3189 5522 notas
3208 5467 3423 5522 Heraldi
3454 5478 3507 5522 et
3535 5467 3752 5537 aliorum

2179 5530 2611 5606 ad'hlmucium,
2639 5530 2717 5595 'et
2768 5538 3152 5594 Elmenhorstii
3198 5538 3265 5593 ad
3308 5537 3451 5593 lib.|
3496 5530 3706 5591 Arnobii
3734 5568 3753 5595 ,

2178 5611 2409 5736 μῗὸέί.
2451 5678 2602 5746 Ald.,
2636 5677 2759 5735 Val.
2806 5679 2847 5735 Β
2893 5680 2949 5736 in
2990 5687 3261 5747 contextu,
3316 5677 3524 5741 Torn.,
3578 5668 3742 5733 ιιπ..
