4030 6170
218 315 304 378 555
1341 311 1916 371 PERISTEPIIANON
1958 310 2167 368 llYlllN.
2217 309 2305 364 X1.
3381 303 3485 363 εει

375 432 616 502 Quisque
657 443 752 486 sua
793 428 951 484 latius
988 444 1108 486 cum
1151 429 1379 500 conjuge
1405 473 1422 498 ,
1449 430 1696 486 dulcibus
1735 438 1789 485 et
1820 433 1868 491 Α

1603 519 1744 591 [cum

454 614 772 684 Pignoribus
799 612 1046 683 rapidum
1072 625 1295 680 carpere
1318 611 1477 681 gestit
1503 611 1628 667 iter.

385 706 479 760 Vix
507 705 726 774 capiunt
755 705 924 771 patuli
954 703 1270 774 populorum
1297 703 1491 772 gaudia
1517 702 1714 771 campi,

455 798 633 852 Haeret
658 807 712 852 et
745 794 802 855 in
831 797 1039 864 magnis
1063 795 1231 851 densa
1260 795 1456 851 cohors
1481 795 1689 861 syatiis.

385 894 682 960 Angusutm
720 891 882 944 tantis
909 888 1038 943 illud
1067 902 1264 956 specus
1286 901 1407 942 esse
1435 887 1688 951 catervis,

461 983 614 1040 llaud
641 983 860 1038 dubium
886 991 991 1050 est,
1018 980 1194 1050 ampla
1220 980 1375 1036 fauce
1403 979 1528 1036 licet
1557 989 1754 1050 pateat.

227 1075 316 1132 115
385 1075 506 1136 Stat
527 1076 622 1132 sed
639 1076 792 1145 juxta
815 1073 983 1141 aliud,
1005 1074 1147 1144 quod
1172 1082 1317 1128 tanta
1341 1073 1639 1142 frequentia
1669 1084 1801 1127 tem-

1559 1164 1729 1237 lplum

465 1261 614 1315 Tunc
639 1259 816 1323 adeat,
845 1257 995 1312 cultu
1027 1256 1203 1311 nobile
1235 1255 1477 1326 regifico,

396 1351 695 1408 Parietibus
721 1349 922 1404 celsum
950 1347 1288 1412 sublimibus,
1319 1356 1478 1417 atque
1504 1348 1732 1418 superba

470 1444 744 1514 Maiestate
772 1456 982 1512 pmens,
1012 1439 1430 1509 muneribusque
1457 1440 1704 1508 opulens.

221 618 311 673 210

1897 520 2004 576 220

2073 427 2219 484 Ordo
2243 423 2618 482 columnarum
2643 426 2886 492 geminus
2914 424 3186 496 laquearia
3213 425 3350 488 tecti

2147 520 2405 586 Sustinet,
2435 521 2638 575 auratis
2664 519 2971 590 suppositus
2999 519 3239 575 trabibus
3263 537 3277 573 :

2078 611 2364 667 Adduntur
2387 612 2615 681 graciles
2645 620 2786 666 tecto
2813 610 3061 666 breviore
3086 625 3356 680 recessus,

2153 703 2254 770 Qui
2280 705 2509 758 laterum
2535 703 2729 759 seriem
2754 703 2956 773 iugiter
2981 703 3287 758 exsinuent.

2088 796 2301 867 1186
2324 797 2393 850 At
2418 796 2626 852 medios
2650 796 2822 864 aperit
2848 804 3052 850 tractus
3079 796 3159 850 via
3192 794 3351 850 latior
3375 794 3467 850 alti

2151 890 2412 945 Culminis
2438 905 2734 958 exsurgens
2761 891 2990 946 editiore
3017 891 3190 960 apice.

1904 980 2014 1038 225
2086 981 2286 1036 Fronte
2311 980 2414 1035 sub
2439 981 2663 1036 adversa
2689 981 2941 1048 gradibus
2969 982 3196 1036 sublime
3227 983 3458 1039 tribunal

2160 1073 2368 1143 1187
2383 1071 2631 1136 Tollitur,
2645 1070 2866 1126 antistes
2879 1073 3286 1141 praedicatunde
3300 1074 3492 1129 Deum.

2089 1165 2252 1220 Plena
2284 1164 2590 1220 laborantes
2616 1179 2758 1232 aegre
2781 1164 2974 1218 domus
2999 1165 3190 1232 accipit
3219 1166 3409 1234 undas,

2159 1256 2428 1324 Arctaque
2453 1253 2713 1309 confertis
2737 1261 2930 1308 testuat
2953 1256 3004 1308 in
3036 1254 3258 1318 foribus,

2089 1345 2385 1400 Maternum
2422 1345 2660 1414 pandens
2694 1347 2976 1417 gremium,
3011 1362 3118 1416 quo
3148 1349 3346 1404 condat
3377 1349 3496 1405 alu-

3226 1437 3424 1517 [mnos,

1499 1548 1789 1604 GLOSSIE
1831 1545 2175 1604 VETERES.

286 1651 416 1704 210.
444 1645 776 1718 Pignoribus,
795 1643 889 1696 hoc
905 1643 1144 1722 interesti
1156 1641 1370 1763 pii/noro
1387 1654 1574 1708 rerum,
1595 1641 1810 1710 pignera

286 1725 469 1763 iamm-
491 1748 562 1757 —
581 1716 774 1763 Gestit.
799 1716 1002 1763 aaudet.
1029 1723 1188 1763 cumt.
1239 1747 1252 1762 .

231 1713 562 1794 filiorum.
578 1716 774 1794 gestit,
799 1716 1003 1794 gaudet,
1029 1713 1188 1782 cupit,
1214 1713 1252 1763 l.

294 1791 424 1846 216.
459 1787 668 1850 Nobile,
693 1782 952 1856 regaleﬂ.

292 1861 422 1915 217.
452 1857 714 1923 Superba,
740 1851 922 1918 nobili,
949 1852 988 1905 Ι.

292 1931 420 1984 218.
455 1919 711 1996 Op'ulens,
735 1925 894 1987 dives,
913 1937 1013 1996 pro
1037 1920 1349 1996 opulentum,
1379 1919 1419 1973 1.

293 2000 423 2056 220.
455 1991 690 2060 Attralis,
721 2009 847 2046 auro
873 1991 1108 2063 pictis,_1.

291 2071 423 2125 221.
455 2067 728 2134 Breviore,
757 2060 1030 2128 strictiore,
1057 2060 1097 2116 Ι.

1991 1635 2118 1711 22.1.
2151 1635 2392 1711 Editiore
2417 1636 2589 1711 apice,
2618 1636 2803 1711 altiore
2827 1640 3148 1711 celsitudine,
3178 1644 3217 1697 Ι.

1990 1706 2117 1760 226.
2150 1705 2399 1768 Tollitur,
2423 1707 2668 1772 eleuatur,
2696 1709 2734 1762 Ι.

1836 1754 1885 1814 Β
2886 1791 3146 1850 catervas,
3189 1783 3498 1855 frequentius

1916 1848 2246 1917 populorum,
2276 1846 2314 1899 1.

1989 1917 2117 1973 228.
2149 1915 2438 1981 Conlertis,
2464 1919 2647 1986 plenis,
2677 1919 2718 1974 1.

1988 1987 2116 2043 229.
2148 1986 2428 2056 Alumnos,
2454 1989 2613 2057 ﬁlios,
2642 1991 2680 2043 1.

1559 2168 2119 2226 COMMENTARIUS.

227 2261 456 2352 confuso
478 2271 717 2352 locorunm
741 2269 930 2352 ordine
955 2267 1195 2352 seriiber‘e
1208 2267 1543 2352 janicolanus
1567 2282 1662 2336 pro
1674 2269 1818 2338 jam-

231 2361 323 2413 que
348 2342 611 2413 Nolanus.
645 2341 879 2413 Cauchio
905 2339 1176 2413 arridebat
1191 2338 1407 2408 jamque
1433 2338 1667 2413 balanus.

295 2415 429 2466 212.
460 2412 725 2466 Praeclare
747 2411 944 2465 dictum
972 2410 1036 2464 ad
1068 2410 1385 2465 immensam
1414 2409 1812 2464 multitudinem

232 2483 507 2552 [tot-tinum
535 2481 957 2552 significandam.

297 2552 433 2607 214.
467 2549 623 2621 Prag‘.
653 2566 866 2618 semper
895 2549 1083 2606 scribit
1113 2549 1256 2621 haut.

299 2624 435 2678 215.
473 2617 618 2676 Μυῆὶ
651 2637 747 2692 pro
776 2617 925 2675 certo
956 2629 1161 2690 ponunt
1205 2619 1306 2692 hoc
1345 2618 1611 2692 templum
1637 2617 1812 2692 eidem

229 2695 288 2749 8.
319 2692 611 2763 Hippolyto
641 2688 803 2763 fuisse
833 2688 1236 2763 consecratum.
1255 2689 1359 2763 Sed
1382 2688 1680 2763 Ruggerius
1705 2690 1809 2744 loc.

229 2767 318 2820 cit.
356 2759 598 2817 nium—18
619 2762 888 2816 existimat
918 2777 1036 2815 cum
1066 2760 1186 2815 aliis
1209 2759 1555 2815 Prudentium
1589 2760 1668 2814 bis
1693 2775 1813 2814 ver-

230 2836 385 2889 sibus
413 2833 688 2887 basilicam
734 2833 790 2886 S.
821 2831 1092 2886 Laurentii
1134 2831 1184 2884 in
1225 2845 1353 2900 agro
1378 2830 1586 2885 Verano
1614 2831 1816 2885 descri-

234 2907 442 2974 psis-‘e.
485 2917 602 2973 qua:
629 2917 755 2974 vere
774 2903 930 2971 juxta
961 2901 1017 2957 S.
1053 2901 1320 2974 llippolyti
1363 2901 1744 2974 clymeterium
1759 2909 1816 2956 et

231 2971 519 3029 indiculam
550 2973 787 3041 apposita
819 2982 966 3036 erat,
1018 2981 1072 3026 et
1119 2973 1170 3025 in
1213 2986 1386 3041 quam,
1409 2971 1684 3041 Prudentii
1715 2972 1814 3025 de-

227 3047 459 3115 scriptio
487 3039 689 3115 optime
719 3042 881 3115 cadit.
932 3042 1244 3115 Anastasius
1275 3039 1816 3115 Bibliothecarius‘de

1922 2266 2153 2340 tribunal
2187 2268 2300 2322 sive
2327 2267 2636 2323 cathedram
2667 2282 2764 2337 pro
2787 2269 3042 2340 gradibus
3069 2285 3177 2329 arte
3206 2273 3343 2330 intra
3372 2291 3504 2332 can.

1921 2337 2086 2410 cellos
2111 2346 2442 2403 exstantem,
2493 2340 2562 2393 ab
2594 2337 2824 2396 ambone
2852 2341 2906 2396 in
2937 2357 3092 2410 quem
3125 2346 3503 2403 conscendisse

1920 2407 2395 2485 C_1_1_rysostomum,
2439 2418 2502 2485 _ut
2531 2423 2560 2462 a
2600 2410 2844 2478 pluribus
2874 2407 3170 2485 audiretur,
3220 2416 3503 2485 Socrates,

1919 2477 2142 2553 aliique,
2192 2486 2251 2530 ut
2277 2478 2568 2553 peculiare
2597 2477 3246 2553 narrant._Sozomenus,
3279 2486 3369 2539 lib.
3400 2477 3504 2553 vn,

1919 2561 2040 2613 cap.
2070 2547 2159 2614 19,
2209 2547 2373 2601 refert
2416 2556 2574 2603 aetate
2620 2564 2714 2603 sua
2763 2549 2965 2604 nullum
3015 2547 3200 2608 Roma:
3234 2547 3399 2610 verba
3451 2547 3505 2611 iii

1919 2617 2145 2695 ecclesia
2184 2615 2380 2672 fecisse
2414 2617 2816 2695 ad__popul_um_:
2863 2618 2935 2695 In
2970 2623 3145 2695 eadem
3179 2625 3305 2695 urbe
3341 2641 3505 2695 neque

1920 2688 2226 2765 ορξηομειῆ
2249 2688 2578 2765 neque_alius
2607 2691 2871 2758 quisquam
2917 2691 2971 2765 in
3009 2692 3221 2765 ecclesia
3259 2688 3506 2765 populum

1922 2759 2085 2834 docet.
2131 2757 2377 2834 Valesius
2405 2757 2707 2834 sozomeno
2734 2761 3026 2834 assentitur
3054 2763 3106 2816 in
3146 2757 3286 2819 notis
3305 2757 3337 2828 ,’
3365 2781 3506 2834 prae-

1921 2829 2109 2903 sertim
2155 2829 2276 2903 quia
2323 2827 2696 2903 Cassiodorius
2740 2830 2902 2884 verba
2950 2830 3233 2887 Sozomcni
3284 2827 3504 2903 repetit.

1926 2897 2033 2954 Sed
2065 2913 2188 2953 cum
2219 2897 2595 2955 Cassiodorius
2635 2915 2702 2955 eo
2743 2909 2985 2969 tempore
3015 2903 3180 2957 verba
3221 2897 3507 2962 Sozomeui

1923 2969 2323 3037 transcripserit
2371 2985 2476 3037 quo
2526 2970 2666 3039 apud
2719 2985 2908 3026 omnes
2957 2981 3166 3027 constat
3237 2974 3509 3032 Romanos

1923 3040 2202 3111 pontiﬁces
2231 3040 2480 3111 bomilias
2507 3041 2574 3094 ad
2607 3041 2860 3109 populum
2899 3041 3097 3098 habere
3133 3047 3504 3111 consuevisse,

231 3103 567 3170 llad’riano'l
610 3113 721 3167 ait:
771 3112 940 3183 Simul
981 3122 1027 3166 et
1065 3113 1405 3183 eameterium
1447 3110 1510 3167 Β.
1541 3111 1818 3182 Hippolyti
1844 3103 1889 3164 C
1921 3103 2248 3183 Cassiodorii
2271 3111 2590 3183 testimonio
2609 3103 2799 3179 parum
2831 3122 2922 3167 aut
2947 3114 3074 3167 nihil
3101 3113 3321 3183 juvatur
3341 3103 3511 3173 Soon

228 3185 478 3255 martyris
504 3200 670 3238 ωιτΑ
698 3184 759 3238 S.
785 3181 1301 3255 Laurentiungquod
1331 3199 1362 3255 a
1391 3183 1569 3255 priscis
1592 3181 1824 3255 marcus-

226 3266 311 3308 rat
368 3250 710 3323 lemporibus,
763 3257 1049 3323 renovavit._
1099 3250 1226 3306 Vide
1267 3250 1565 3318 Aringhum
1617 3252 1709 3307 lib.
1745 3268 1819 3320 tv,

227 3340 352 3394 cap.
387 3321 483 3389 16,
502 3324 688 3394 ubide
719 3324 920 3392 templo
947 3323 1003 3378 S.
1031 3321 1304 3377 Laurentii
1332 3323 1461 3394 agit.

299 3392 436 3449 220.
471 3393 806 3457 Parrhasius,
826 3395 1101 3458 mendose,
1119 3393 1648 3462 suppositas.Veteres
1676 3392 1825 3446 inau-

224 3467 428 3519 rabint
477 3464 658 3519 trabes
705 3464 1069 3522 mdiliciorum.
1124 3463 1200 3518 De
1252 3463 1466 3532 templis
1505 3463 1825 3518 Christianis

227 3536 428 3590 confer
454 3534 714 3601 hymnum
746 3548 804 3588 se
824 3552 859 3600 ι.
889 3544 944 3587 et
971 3534 1152 3603 ltymn.
1181 3531 1239 3603 S.
1266 3531 1567 3603 Fructuosi.

297 3605 436 3659 9:21.
476 3608 599 3658 Haec
629 3603 798 3657 forma
829 3602 1178 3658 aediﬁciorum
1207 3602 1263 3657 in
1295 3602 1537 3658 ecclesiis
1567 3611 1824 3674 pervetu-

221 3677 328 3730 stis
365 3677 544 3729 adhuc
573 3675 832 3728 cernitur.

295 3747 438 3799 2‘22.
471 3745 688 3799 ‘l‘eolius
728 3745 866 3810 apud
902 3743 1014 3796 Vat.
1053 3757 1237 3806 unum,
1280 3751 1332 3796 et
1360 3743 1587 3797 alterum
1621 3743 1828 3797 invenit

217 3826 509 3871 extenuent
536 3830 632 3883 pro
662 3815 946 3868 exsinuent.
982 3813 1136 3867 Putat
1158 3813 1374 3867 Teolitts
1400 3823 1672 3868 extenuent
1705 3828 1827 3868 esse

218 3888 510 3953 glisssema
546 3884 693 3938 verbi
723 3885 1004 3938 exsinuent.
1038 3883 1140 3938 Sed
1169 3883 1440 3938 Giselinus
1469 3884 1627 3938 aliter
1657 3885 1828 3951 expli-

219 3969 313 4010 cat
352 3957 687 4010 Exsinuent:
719 3953 938 4010 Sinuum
964 3971 1051 4007 seu
1079 3953 1386 4006 laciniarum
1424 3956 1476 4007 in
1516 3970 1702 4006 morem
1738 3969 1828 4006 e1:-

217 4029 460 4094 plicent,
491 4027 744 4093 latiusque
780 4023 1074 4080 extendant.
1125 4023 1287 4094 Addit
1332 4022 1606 4094 Giselinus
1645 4033 1828 4078 nostra

218 4092 448 4165 templa
474 4096 630 4150 hodie
651 4092 756 4148 non
781 4096 935 4149 aliter
956 4093 1293 4148 exaediﬁcari.
1330 4092 1385 4146 1n
1415 4095 1624 4148 duobus
1649 4106 1827 4150 autem

1928 3195 2134 3253 mentis.
2185 3180 2448 3250 Quidquid
2479 3192 2658 3237 autem
2704 3183 2781 3253 sit,
2819 3183 2886 3238 de
2915 3180 3153 3253 tempore
3188 3183 3508 3251 Sozomeni,

1930 3250 2220 3323 Prudentio
2250 3254 2369 3323 testi
2398 3253 2609 3306 oculato
2640 3252 2860 3308 omnino
2897 3250 3040 3308 fides
3064 3264 3148 3309 est
3185 3267 3396 3323 praestat
3419 3250 3508 3313 da.

1928 3319 2188 3395 Gradibus
2216 3322 2430 3395 sublime
2457 3323 2682 3395 tribunal
2710 3337 2814 3376 non
2836 3333 2989 3378 erant
3019 3324 3118 3393 ipsi
3148 3319 3348 3395 gradus
3375 3328 3511 3383 alta-

1927 3392 2025 3455 ris,
2057 3402 2114 3445 ut
2145 3393 2384 3446 nonnulli
2415 3393 2765 3457 contendunt,
2796 3395 2888 3449 sed
2918 3392 3201 3462 pulpitum,
3227 3409 3321 3451 aut
3348 3399 3508 3452 etiam

1927 3462 2185 3534 cathedra
2225 3462 2340 3528 ipsa
2367 3463 2712 3534 episcopalis.
2754 3465 3234 3534 Concionabantur
3263 3469 3514 3523 similiter

1930 3532 2289 3608 (Imaginibus
2336 3533 2606 3608 cancellos
2654 3533 2850 3608 quibus
2884 3532 3192 3608 sacrarium
3243 3552 3272 3608 a
3319 3553 3505 3608 capso,

1929 3601 2070 3668 quod
2104 3601 2179 3654 illi
2209 3602 2321 3656 ναὸν
2346 3601 2704 3670 appellabant,
2733 3602 3101 3658 diritnebatur.
3133 3607 3307 3661 Ambo
3333 3601 3510 3664 autem

1929 3686 2036 3725 non
2070 3672 2120 3726 in
2149 3671 2404 3734 sacrario,
2437 3671 2530 3726 sed
2575 3673 2625 3725 in
2670 3673 2789 3726 navi
2820 3673 3068 3727 ecclesiae
3104 3687 3217 3729 erat
3245 3681 3506 3733 constitu-

1933 3750 2056 3803 tus,
2106 3741 2160 3795 in
2207 3755 2365 3810 quem
2412 3743 2648 3810 episcopi
2698 3744 3019 3806 aliquando,
3081 3755 3138 3798 ut
3187 3745 3395 3802 facilius
3445 3753 3513 3802 ab

1931 3811 2180 3866 omnibus
2206 3812 2544 3878 audirentur,
2575 3811 2954 3867 ascendebant.
3007 3814 3064 3866 1n
3105 3818 3385 3871 saeratiori
3423 3819 3514 3874 be-

1932 3882 2129 3954 matis,
2175 3881 2649 3954 siveﬁsanctuarii,
2690 3893 2782 3954 aut
2813 3885 3132 3953 presbyterii
3183 3896 3333 3954 parte
3375 3888 3514 3944 intra

1931 3952 2199 4006 cancellos
2221 3952 2528 4019 erigebatur
2553 3953 2827 4018 cathedra,
2856 3954 2968 4008 sive
2985 3952 3238 4021 throriu's,
3269 3971 3330 4011 ac
3356 3959 3515 4013 sedes

1935 4025 2206 4095 episcopi,
2246 4022 2402 4095 iuxta
2433 4039 2589 4091 quem
2620 4024 2915 4095 presbyteri
2949 4027 3196 4093 utrinque
3225 4025 3514 4081 demissio-

1933 4094 2087 4148 ribus
2111 4093 2382 4148 subselliis
2411 4095 2690 4149 sedebant.
2727 4093 2840 4149 Etsi
2867 4105 3044 4149 autem
3073 4105 3241 4149 totum
3266 4107 3516 4153 sanctua-

216 4181 365 4220 mss.
415 4167 612 4219 invenit
651 4179 810 4234 seque
859 4179 1053 4218 novum
1095 4165 1410 4218 vocabulum
1451 4166 1727 4231 eximient,
1775 4175 1831 4219 et

210 4238 433 4293 lectori
461 4238 733 4305 Optionem
764 4235 987 4306 praebet.
1031 4234 1306 4306 Fabricius
1339 4235 1465 4306 legit
1494 4237 1739 4301 exinient,
1773 4245 1830 4290 et

216 4306 278 4360 in
314 4303 620 4362 enmment.
652 4305 726 4359 ait
755 4303 950 4358 exinire
974 4320 1094 4360 esse
1127 4305 1176 4358 in
1199 4303 1426 4373 spatium
1458 4305 1674 4360 brevius
1702 4320 1831 4360 cou-
1933 4304 2186 4375 gradibus
2213 4304 2440 4359 sublime
2471 4303 2702 4359 tribunal
2734 4305 2802 4359 de
2831 4314 2936 4371 quo
2971 4306 3308 4373 Prudentius,
3328 4308 3516 4364 sedent

217 4379 481 4443 trahere,
504 4386 560 4429 ut
581 4378 633 4431 in
659 4376 938 4446 ordinibus
959 4376 1018 4428 fit
1041 4375 1429 4440 columnarum,
1453 4391 1574 4430 cum
1599 4377 1827 4446 primum
1935 4375 2292 4446 episcopalem
2310 4375 2552 4446 idenotat
2596 4391 2660 4430 ex
2711 4376 2965 4443 peculiari
3005 4391 3261 4445 expresso
3293 4394 3517 4434 munere

216 4447 376 4540 lata:
418 4449 708 4540 porticus,
750 4445 946 4527 deinde
986 4447 1377 4540 contractiores
1415 4445 1607 4540 .fiunt."
1631 4446 1828 4527 Verum
1860 4479 1912 4540 Β
1939 4445 2258 4540 praedicandi
2306 4445 2495 4540 Deum.
2566 4446 2635 4540 Et
2681 4446 3052 4540 sat'tctuariuru‘
3091 4448 3310 4540 quidem
3357 4448 3515 4540 huius

218 4515 602 4587 proba’lectio
632 4526 713 4571 est
735 4517 1000 4587 exsinuent
1021 4531 1038 4568 :
1060 4515 1354 4587 quoverbo
1377 4516 1542 4587 utitur
1562 4517 1831 4570 Ausonius
1860 4515 1911 4540 ν
1936 4515 2182 4587 ecclesiae
2225 4529 2328 4587 non
2372 4515 2566 4587 inhnc
2607 4517 2805 4584 templo
2840 4515 3142 4587 magnifico,
3174 4521 3266 4572 sed
3297 4518 3348 4573 in
3379 4515 3517 4574 tedi-

211 4584 399 4657 idyll.
422 4584 1148 4657 14,vers.r29,7€ollectosque
1168 4586 1259 4638 illa
1279 4586 1576 4657 essinuabgt
1596 4588 1833 4651 amictus;
1937 4584 2054 4640 eula
2085 4599 2246 4653 supra
2278 4585 2545 4653 descripta
2577 4587 2894 4657 collocatum
2925 4586 3154 4657 videtur,
3187 4588 3276 4642 ubi
3307 4589 3516 4646 scilicet

214 4655 577 4716 efPaulinus
600 4656 758 4725 epist.
780 4656 847 4711 56
873 4656 939 4710 ad
964 4657 1273 4716 Macarium,
1297 4655 1366 4709 al.
1393 4657 1482 4720 49,
1512 4655 1638 4710 Cum
1671 4659 1834 4709 velum
1937 4664 2053 4709 erat
2098 4672 2272 4710 mensa
2317 4657 2619 4710 sacramenti
2665 4655 2925 4709 donatrix.
2975 4655 3079 4710 Sed
3126 4659 3514 4715 advertendum

215 4733 439 4784 uitaret
472 4732 587 4801 jam
626 4728 949 4801 exsinuatum
979 4769 994 4792 ,
1045 4726 1228 4801 id__est
1276 4740 1568 4801 expansum
1596 4729 1765 4801 ,_si_ve
1804 4742 1835 4783 e
1939 4725 2072 4801 illud
2111 4735 2224 4791 est,
2274 4740 2340 4780 ex
2385 4727 2541 4801 unius
2570 4727 2651 4780 vel
2693 4726 2914 4780 alterius
2951 4728 3199 4801 ecclesiae
3229 4744 3378 4801 more
3408 4747 3516 4785 non

211 4802 362 4854 sinu
413 4795 564 4869 qu'asi
611 4799 866 4853 emissum
909 4805 962 4850 et
998 4796 1340 4865 explicatum.
1396 4795 1507 4850 Hoc
1545 4797 1657 4850 vult
1698 4797 1832 4852 Pru-
1937 4797 2116 4869 statim
2145 4796 2616 4869 essearguendum
2645 4811 2760 4849 eam
2789 4799 3229 4869 consuetudinem
3259 4799 3313 4853 in
3340 4801 3519 4854 omni-

1937 4867 2037 4920 bus
2063 4866 2304 4937 ecclesiis
2331 4866 2600 4937 viguisse;
2648 4880 2749 4934 qua
2799 4867 2852 4919 in
2902 4881 2960 4921 re
3005 4883 3150 4934 saepe
3179 4869 3518 4937 decipiuntur

1939 4946 2031 4991 aut
2073 4935 2351 5006 decipiunt
2377 4936 2466 5004 qui
2509 4937 2855 5004 antiquitates
2903 4935 3518 5006 ecclesiasticas'expla-

1939 5015 2106 5062 nant:
2155 5022 2275 5061 nam
2325 5006 2451 5060 olim
2484 5019 2793 5076 usurpatum
2847 5010 2896 5060 in
2948 5009 3173 5063 ecclesia
3201 5009 3517 5077 simpliciter

1940 5077 2394 5144 affirmant,-quod
2426 5077 2654 5132 fortasse
2686 5079 2735 5130 in
2770 5093 2870 5131 una
2905 5087 3106 5132 tantum
3138 5090 3228 5130 aut
3261 5080 3308 5131 iu
3333 5081 3517 5148 paucis

1939 5148 2178 5202 ecclesiis
2209 5147 2537 5212 obtinuerit,
2584 5164 2759 5217 neque
2805 5157 2984 5202 tamen
3023 5157 3231 5202 constat
3270 5147 3347 5203 ani
3368 5153 3515 5206 omni

1940 5227 2178 5285 tempore
2208 5218 2510 5285 huiusmodi
2540 5219 2872 5274 consuetudo
2899 5220 3143 5286 viguerit.

2010 5287 2136 5342 228.
2171 5287 2292 5342 Vat.
2326 5289 2392 5354 Β,
2423 5291 2708 5354 consertis;
2741 5290 2854 5357 lege
2881 5285 3138 5355 confertis.
3168 5285 3247 5340 Ex
3271 5287 3521 5344 Lucretio

1935 4165 2095 4228 rium,
2121 4165 2240 4229 quia
2272 4163 2526 4231 gradibus
2558 4165 2612 4218 in
2644 4165 2776 4217 illud
2808 4165 3216 4229 ascendebatur,
3245 4166 3400 4221 betna
3424 4177 3516 4223 aut

1935 4234 2167 4287 tribunal
2210 4234 2313 4288 dei
2355 4243 2566 4303 posset,
2611 4244 2665 4288 et
2705 4234 2967 4289 interdum
3000 4235 3287 4302 diceretur,
3336 4245 3516 4293 tamen

211 4870 494 4924 detttftts.

299 4940 453 4995 225.
489 4938 635 4993 llanc
656 4937 928 4995 cathedras
945 4935 1358 5004 descriptionem
1383 4935 1834 5005 elegantissitnam

205 5026 366 5067 esse
407 5009 659 5062 Barthius
687 5011 1020 5079 pronuntiat.
1073 5007 1250 5079 Idem,
1298 5006 1388 5079 lib.
1423 5021 1590 5070 xxxii,
1627 5021 1747 5074 cap.
1779 5008 1831 5072 2,

203 5096 290 5135 ex
333 5081 439 5134 his
463 5075 705 5133 versibus
735 5078 967 5146 colligit,
1013 5078 1064 5131 in
1097 5075 1400 5131 meditullio
1438 5090 1710 5132 sacrarum
1741 5079 1838 5133 do-

198 5165 440 5207 muitm
489 5148 650 5203 fuisse
699 5148 982 5202 cathedras
1030 5147 1170 5200 unde
1221 5146 1472 5216 mysteria
1523 5148 1834 5202 sacerdotes

198 5218 987 5292 profitebantur.l_)ominicus
1019 5218 1272 5292 Aulisius,
1295 5217 1397 5292 lib.
1424 5233 1458 5270 ll
1486 5218 1627 5292 delle
1649 5219 1838 5292 Scuole

195 5286 426 5354 iocre,
453 5305 570 5358 cap.
595 5291 648 5351 ϐ,
681 5288 954 5342 diversum
980 5303 1180 5358 morem
1205 5288 1270 5340 ab
1293 5286 1394 5340 hoc
1419 5303 1576 5355 quem
1603 5288 1841 5342 Pruden-

191 5365 340 5417 tius
410 5356 697 5431 desc—rﬁbit,
748 5358 913 5413 fuisse
964 5358 1016 5431 in
1058 5356 1222 5411 Gallia
1273 5358 1446 5431 arguit
1487 5372 1552 5411 ex
1598 5359 1839 5431 versibus
1941 5357 2035 5412 lib.
2076 5373 2155 5431 v1,
2193 5357 2378 5413 Omnia
2417 5360 2734 5431 complebant
2771 5361 2881 5412 loca
2919 5367 3171 5426 tectaque,
3201 5373 3314 5431 quo
3356 5363 3520 5431 magis

191 5428 469 5489 Sidonii
516 5429 581 5482 ad
631 5428 888 5482 Faustum
937 5429 1278 5498 episcopum:
1312 5426 1416 5482 Seu
1464 5438 1510 5480 te
1552 5429 1839 5494 conspicuis
1939 5438 2091 5482 azstus
2117 5427 2385 5498 Confertos
2414 5432 2486 5482 ita
2512 5426 2779 5498 acervatim
2810 5443 2944 5479 mors
2974 5427 3346 5498 accumulabat.
3391 5426 3520 5485 Bar-

178 5501 500 5574 gradibus
541 5499 838 5574 uenerabilis
880 5515 985 5574 ara:
1020 5496 1452 5574 Cenciottaturutn
1490 5498 1841 5574 p’eb_s__sedula
1941 5499 2105 5563 tltius,
2141 5496 2237 5574 lib.
2258 5515 2439 5574 t,_eap.
2458 5499 2513 5563 9,
2555 5509 2700 5553 recte
2720 5497 3048 5574 observatio
3073 5496 3518 5574 librislegiafstu,

179 5567 610 5627 Eircumsistit.
657 5568 972 5624 Sirmondus
1012 5567 1076 5637 ad
1116 5568 1389 5622 Sidonium
1434 5581 1554 5637 pag.
1589 5567 1684 5621 151
1718 5569 1840 5621 nul-
1939 5583 2008 5623 ex

185 5646 344 5697 lum
394 5639 686 5694 discrimen
715 5639 993 5706 agnoscit:
1038 5635 1169 5693 Inde
1202 5638 1354 5704 enim,
1392 5638 1484 5701 ait,
1510 5635 1750 5691 sedentes
1787 5639 1840 5691 in

176 5708 501 5776 cathedra
524 5711 765 5770 tribunali
789 5709 1080 5762 euncionari
1099 5708 1325 5761 solebant
1345 5723 1362 5770 ,'
1382 5707 1700 5776 adducitque
1724 5708 1839 5761 htcc

177 5787 354 5860 ᾕρεε
405 5775 686 5841 Prudentii
715 5782 901 5834 verba.
949 5778 1234 5860 Distinguit
1272 5776 1478 5834 sellicct
1515 5775 1835 5835 Sirmondus

502 5871 779 5934 ΡΑτκοι..
823 5869 956 5932 LX.
1103 5869 1108 5872 ’

3092 5869 3167 5933 18

2039 5584 2144 5637 quo
2170 5565 2460 5622 Lambinus
2484 5585 2567 5621 eos
2595 5576 2702 5619 tum
2727 5567 2852 5637 fecit
2883 5565 3062 5619 invitis
3089 5567 3277 5623 musis.
3300 5565 3414 5627 'Alii
3441 5565 3519 5630 le;

1939 5635 2070 5708 gnnt
2101 5639 2154 5691 in
2177 5639 2370 5709 eodem
2403 5635 2932 5709 Lucretiohcoufectos
2959 5651 3056 5708 pro
3079 5639 3358 5709 confertos.

2009 5709 2136 5763 229.
2171 5708 2504 5773 Parrhasius,
2531 5704 2718 5760 condit.
