4030 6170
538 344 646 400 555

537 458 642 516 230
789 460 860 511 Ar
893 456 1062 511 foveat
1094 456 1231 510 fetos
1259 455 1595 510 accumulata
1625 457 1796 510 sinus.

714 549 770 603 Si
813 549 947 602 bene
983 547 1323 602 commemini
1349 587 1364 610 ,
1406 547 1534 600 colit
1575 545 1715 599 hunc
1759 544 2115 615 pulcherrima

1881 637 2046 690 Roma

788 726 965 781 Idibus
994 726 1212 793 Augusti
1247 725 1464 790 mensis,
1500 735 1557 779 ut
1585 726 1697 796 ipsa
1722 635 1880 780 vocatt

710 818 893 873 Prisco
919 831 1065 892 more
1091 817 1251 883 diem,
1277 831 1432 886 quem
1461 827 1514 871 te
1541 831 1772 886 quoque,
1800 826 1984 896 sancte
2006 831 2115 871 ma-

1851 907 2038 976 gister,

1851 924 1882 976 Β

783 1004 973 1055 Annua
1003 999 1134 1056 festa
1166 1003 1303 1056 inter
1329 1000 1672 1057 dinumerare
1698 906 1885 1056 veliti).

531 1093 635 1148 255
707 1093 897 1158 Crede,
926 1093 1243 1164 salutigeros
1264 1092 1397 1148 feret
1418 1093 1504 1147 hic
1524 1093 1907 1148 venerantibus
1937 1100 2108 1159 ortus,

779 1184 939 1239 Lucis
965 1184 1240 1238 honoratae
1267 1185 1483 1253 praemia
1512 1183 1824 1239 restituens.

707 1277 848 1330 Inter
872 1276 1141 1338 solemnes
1167 1273 1437 1348 Cypriani,
1467 1275 1548 1330 vel
1577 1275 1855 1340 Celedoni,

784 1368 996 1438 1188
1023 1366 1348 1436 Eulaliaeque
1377 1367 1493 1422 dies
1518 1376 1697 1421 currat
1724 1375 1779 1421 et
1805 1367 1905 1423 iste
1936 1367 2050 1420 tibi.
2122 1372 2129 1379 '

707 1457 797 1512 Sic
828 1467 880 1512 te
912 1471 1006 1526 pro
1036 1457 1231 1525 populo
1259 1456 1409 1525 cujus
1439 1456 1532 1511 tibi
1561 1456 1762 1511 credita
1789 1456 1893 1510 vita
1920 1466 2023 1522 est,

774 1547 1030 1602 Orantem
1056 1547 1304 1602 Christus
1333 1546 1516 1601 audiat
1544 1549 1903 1616 omnipotens.

708 1639 798 1696 Sic
825 1639 921 1694 tibi
949 1639 1018 1695 de
1048 1638 1204 1708 pleno
1234 1639 1387 1708 lupus
1415 1639 1730 1693 excludatur
1759 1639 1906 1705 ovili,

778 1732 929 1799 Agna
956 1745 1056 1785 nec
1086 1730 1193 1786 ulla
1224 1738 1372 1785 tuum
1404 1733 1557 1800 eapta
1583 1743 1797 1800 gregem
1829 1729 2054 1783 minuat.

526 1549 630 1603 2-ίο

1642 338 1918 396 suam!
1958 335 2322 396 rnuosuru
2362 333 2686 419 CARMINA.
3697 335 3784 389 ssc

2147 458 2199 515 Α
2408 451 2499 505 Sic
2530 465 2614 504 me
2643 447 2920 518 gramineo
2961 455 3327 502 remanentem
3359 445 3590 514 deulque
3617 460 3786 516 campo

2472 541 2708 598 Sedulus
2737 549 2993 609 ingratam
3025 547 3208 608 pastor
3234 553 3388 592 ovem
3420 539 3640 592 referas.

2219 634 2336 690 245
2401 633 2512 698 Sic,
2541 647 2662 687 cum
2693 631 2934 686 lacteolis
2960 630 3143 684 caulas
3168 631 3404 698 complet
3417 629 3525 683 eris
3548 630 3706 698 agnis,

2469 727 2673 795 Raptus
2699 737 2751 780 et
2781 724 2895 794 ipse
2921 738 3078 778 sacro
3105 724 3180 777 sis
3205 737 3388 777 comes
3417 719 3709 792 Hippolyto.

2796 858 2891 912 XII
2941 857 3240 914 HYMNUS.

2345 965 2534 1004 INCIPIT
2575 963 2752 1003 PASSIO
2791 962 3165 1002 APOSTOLOHUII
3208 963 3358 1001 PETRI
3398 964 3466 1002 ET
3507 962 3679 1002 PAULI.

2396 1083 2524 1138 Plus
2553 1082 2715 1138 solito
2743 1090 2938 1137 coeunt
2963 1081 3028 1136 ad
3058 1081 3292 1152 gaudia:
3320 1081 3428 1150 dic,
3456 1083 3644 1147 amice,
3670 1083 3788 1151 quid

3641 1174 3720 1227 sit.

2478 1268 2690 1339 1139
2713 1266 2934 1322 Romam
2965 1278 3304 1335 per-omnem
3326 1173 3792 1323 cursitant.[ov:tnt-

3597 1373 3714 1412 oue.

3597 1381 3612 1410 ε
3635 1373 3714 1412 ue.

2389 1455 2577 1510 Fesms
2608 1451 2881 1522 apostolici
2913 1451 3067 1505 nobis
3099 1450 3240 1506 redit
3268 1450 3354 1504 hic
3376 1449 3490 1506 dies
3519 1359 3793 1519 "Lilﬂlphi,

2469 1545 2613 1600 Pauli
2636 1553 2796 1613 atque
2827 1543 2966 1598 Petri
2995 1542 3189 1596 nobilis
3215 1554 3424 1595 cruore.
3739 1593 3741 1595 .

2215 1641 2250 1694 5
2399 1637 2550 1696 Unus.
2586 1646 2872 1716 utrumque
2911 1632 3059 1690 dies.
3102 1631 3260 1701 pleno
3299 1642 3474 1686 tamen
3523 1631 3796 1685 innovatus

3542 1719 3724 1793 [ειιιιιο.

1821 1839 2112 1896 ὒιυὸδΑἱ
2153 1836 2494 1893 VETERES.

595 1955 718 2010 23’).
753 1953 934 2018 Fetos,
962 1951 1213 2023 impletos,
1241 1950 1281 2023 I_.

593 2027 719 2083 255.
753 2024 941 2087 Crede,
969 2020 1158 2080 scilicet
1181 2021 1327 2086 mihi,
1359 2020 1398 2074 I.

595 2097 718 2152 256.
756 2094 933 2158 Lucis,
956 2093 1077 2155 diei,
1101 2091 1140 2146 l.
1164 2120 1233 2132 -—
1258 2089 1400 2144 Festi
1425 2093 1527 2145 diei
1548 2090 1806 2156 celebrati,
1833 2090 1966 2144 Mar.

595 2166 718 2220 241.
753 2165 841 2218 Sic
865 2164 981 2226 tibi,
1005 2159 1254 2230 optando,
1284 2161 1321 2213 I.

595 2236 722 2292 ‘2“.
759 2234 1010 2296 Sedulus,
1036 2229 1316 2296 studioms,
1341 2229 1384 2284 I.

592 2307 715 2360 245.
751 2302 1036 2370 Lacteolis,
1060 2300 1313 2354 candidis.
1337 2330 1406 2340 —
1426 2298 1818 2370 Compleveris,
1847 2315 1936 2366 pro
1970 2314 2110 2352 com-

525 2377 686 2446 pleas,
717 2374 756 2430 l.

2288 1949 2340 2001 t.
2369 1946 2601 2014 Coeunt,
2627 1945 2818 2000 scilicet
2840 1925 2987 2017 quiti,
3015 1947 3054 2002 l.

2283 2017 2338 2072 2.
2362 2017 2663 2085 Ovantque,
2709 2016 2985 2082 (tutantur;
3027 2033 3143 2070 nam
3183 2024 3400 2070 tractum
3443 2028 3514 2072 ett
3554 2035 3586 2070 a
3614 2019 3798 2074 trium-

2214 2087 2514 2158 phantibus,
2543 2089 2630 2157 qui
2656 2087 2828 2140 albam
2859 2104 2996 2141 ovem
3027 2087 3378 2154 immolabant,
3406 2087 3444 2140 Ι.

2285 2158 2340 2212 5.
2373 2156 2584 2221 Festus,
2613 2161 2760 2226 quasi
2789 2158 3056 2223 respondet
3077 2159 3432 2225 interrogatus,
3461 2156 3495 2210 I.

2289 2229 2344 2283 5.
2379 2229 2690 2293 Innovatus,
2712 2227 2968 2280 veraciora
2997 2238 3137 2297 gesta
3158 2227 3360 2289 habent,
3383 2228 3524 2297 quod
3547 2245 3645 2281 non
3665 2245 3800 2282 anno

2212 2297 2464 2363 revoluto,
2492 2301 2582 2351 sed
2609 2313 2814 2366 prorsus
2843 2313 2943 2349 uno
2970 2297 3245 2366 eodemque
3271 2298 3353 2352 die
3391 2310 3509 2351 sunt
3539 2301 3684 2353 ambo
3711 2302 3800 2354 isti

2215 2369 2468 2436 principes
2499 2369 2847 2436 apostolorum
2877 2369 3033 2434 passi,
3067 2368 3224 2437 Prag.

1865 2481 2430 2538 COMMENTARIUS.

592 2599 716 2653 250.
752 2596 863 2652 Gis.
913 2596 978 2650 ad
1026 2609 1216 2657 oram,
1272 2594 1402 2662 [elus
1451 2594 1772 2649 accumulata
1817 2612 1936 2650 suos
1983 2611 2104 2650 cum

529 2668 714 2754 Vat..A
743 2683 772 2741 ξι
803 2664 1264 2754 secttnda‘mau‘u‘.
1299 2665 1352 2721 lu
1378 2664 1532 2754 Han,
1563 2665 1715 2732 Urb.,
1739 2666 1897 2754 Prag,
1925 2665 2040 2720 Vat.
2067 2667 2106 2721 Β

520 2756 548 2793 a
579 2734 756 2810 prima
776 2752 963 2804 manu,
987 2737 1139 2806 fetus.
1173 2734 1353 2800 Alex.,
1381 2739 1543 2804 fetas;
1576 2751 1758 2802 supra.
1787 2734 1936 2806 fetos.

540 2880 555 2886 _
748 2806 902 2886 Quod
928 2808 1000 2861 ait
1025 2805 1368 2886 Prudentius,
1481 2805 1602 2860 bene
1624 2807 1969 2886 commemini,
1997 2821 2103 2862 nou

524 2880 764 2946 dubitat,
798 2879 893 2933 scd
921 2875 1260 2946 considerate
1288 2877 1543 2944 loquitur,
1583 2884 1638 2930 et
1661 2887 1817 2932 caute
1848 2875 2102 2932 afﬁrmat.

522 2951 611 3006 Sic
649 2945 854 3017 versat
899 2945 1048 3016 prtel.
1093 2947 1423 3017 carminum,
1474 2947 1575 3000 Per
1611 2947 1958 3017 quinquennia
1992 2948 2106 3016 jam

522 3020 724 3084 decem,
770 3016 844 3072 Ni
881 3017 1059 3088 fallor,
1102 3017 1312 3088 (uitans.
1359 3015 1548 3088 Cicero
1587 3015 1684 3088 pro
1729 3017 1798 3072 M.
1836 3015 2100 3074 Fonteio:

528 3089 631 3155 Qui
673 3086 893 3157 primum
933 3087 1061 3140 illud
1105 3087 1305 3140 verbum
1350 3086 1870 3141 consideratissimum
1916 3097 2104 3141 nostris

522 3158 897 3213 consuetudinis
924 3159 1223 3221 Atterrnon,
1267 3173 1366 3226 quo
1406 3173 1496 3210 no;
1539 3163 1690 3210 etiam
1731 3167 1852 3211 tunc
1888 3158 2099 3222 utimur,

2215 2609 2387 2652 sacrm
2411 2594 2636 2665 paginas,
2661 2602 2722 2648 ut
2740 2594 3027 2665 denotetur
3049 2595 3284 2649 ali-luem
3313 2610 3343 2648 e
3369 2595 3620 2664 periculis
3641 2597 3803 2664 hujus

2215 2664 2482 2722 mundi'in
2507 2664 2706 2720 coelum
2730 2664 2885 2734 eripi.
2913 2664 3046 2737 Post
3076 2665 3505 2737 huncphymuum
3539 2671 3590 2721 in
3617 2667 3737 2722 Vat.
3761 2670 3806 2724 Β

2213 2747 2269 2792 et
2299 2737 2430 2790 Mar.
2460 2737 2676 2803 ponitur
2701 2737 2880 2802 passio
2905 2735 2962 2792 S.
2990 2735 3263 2806 Cypriani.

2291 2806 2562 2873 Exscripsi
2607 2806 2816 2860 titulum
2862 2820 2928 2859 ex
2975 2805 3106 2860 Mar.
3150 2817 3206 2860 et
3242 2806 3364 2861 Rat.
3415 2805 3470 2860 In
3506 2806 3620 2862 Vat.
3663 2811 3702 2862 Α
3749 2817 3809 2864 et

2217 2876 2473 2942 Weitzio,
2523 2875 2700 2929 Passio
2731 2875 3079 2946 apostolorum
3105 2874 3250 2931 Petri
3283 2886 3329 2931 et
3362 2875 3533 2930 Pauli.
3586 2879 3714 2934 Ald.
3748 2892 3808 2934 et

2215 2947 2402 3002 Heins.
2433 2947 2635 3001 addunt
2663 2947 2922 3000 beatorum
2951 2948 3321 3014 apostolorum.
3373 2946 3496 3001 Haec
3535 2949 3714 3013 passio
3750 2950 3807 3004 in

2207 3018 2342 3073 Mar.
2373 3027 2425 3074 et
2446 3017 2568 3072 Vat.
2599 3017 2640 3070 Β
2667 3017 2906 3087 sequitur
2937 3018 3059 3086 pos‘t
3096 3017 3400 3086 passionem
3431 3018 3488 3074 S.
3516 3016 3805 3089 Cypriani,

2216 3097 2272 3142 ut
2305 3089 2356 3142 in
2383 3088 2632 3142 Weitzio.

2216 3097 2272 3143 ut
2305 3089 2356 3142 in
2383 3088 2632 3143 Weitzio.

2279 3158 2329 3215 I.
2354 3157 2604 3213 Heinsius
2626 3157 2981 3226 coniectabat,
3003 3159 3129 3223 quid
3151 3159 3224 3212 sic
3250 3158 3466 3212 Romam
3487 3175 3578 3224 per
3597 3175 3807 3216 omnem

523 3245 637 3282 cum
665 3246 723 3284 ea
753 3229 970 3282 dicimus
1001 3227 1200 3297 jurati,
1238 3242 1352 3293 quia
1389 3237 1647 3297 comperta
1685 3228 1952 3292 habemus,
1991 3243 2108 3296 qua:
2133 3272 2175 3297 η
2209 3231 2479 3292 cursitant,
2510 3229 2804 3288 ovantque?
2846 3228 3112 3282 Cellarius
3143 3238 3362 3284 secutus
3390 3236 3476 3284 est
3503 3228 3643 3283 hanc
3670 3245 3807 3284 con-

523 3300 621 3371 ipsi
665 3272 930 3371 bidimus,
1085 3272 1532 3371 toto’utwestintonid
1563 3313 1658 3351 suo
1704 3298 1913 3371 sustulit
1936 3272 2108 3365 tuique
2131 3272 2176 3334 Ο
2205 3272 2506 3371 Ῐιξρίιιιυοιηέ
2550 3272 2687 3366 qua;
2709 3298 2853 3371 mihi
2889 3299 3050 3352 etiam
3096 3298 3305 3366 placet,
3336 3272 3606 3365 "quamvis
3641 3272 3808 3355 lect-io

523 3366 696 3423 omnia
738 3385 790 3423 se
830 3369 960 3438 scire
999 3366 1148 3438 dixit.
1199 3366 1450 3438 Nonnulli
1492 3376 1682 3438 putant
1725 3367 2102 3438 Ilippolytum,

523 3455 682 3508 quem
716 3439 890 3494 idibus
916 3436 1142 3506 Augusti
1179 3436 1439 3492 celebrari
1482 3437 1556 3508 ait
1583 3436 1940 3502 Prudentius,
1985 3451 2107 3492 esse

524 3507 696 3566 solum
729 3508 1070 3579 Hippolytum
1099 3508 1346 3579 militem.
1396 3507 1505 3563 Sed
1533 3523 1652 3562 cum
1687 3508 2008 3579 Prudentius
2038 3508 2106 3563 de

525 3581 632 3635 alio
665 3577 950 3649 Hippolyto
979 3577 1279 3649 certissime
1305 3578 1574 3647 loquatur,
1613 3579 1770 3649 hujus
1795 3578 2103 3649 Hippolyti,

526 3665 684 3718 quem
724 3649 903 3704 laudat
933 3648 1283 3713 Prudentius,
1327 3649 1467 3704 diem
1499 3648 1692 3704 festum
1725 3650 1854 3704 olim
1897 3649 1950 3703 in
1987 3648 2106 3704 idus

528 3717 749 3789 Augusti
782 3719 1033 3774 incidisse
1057 3717 1404 3786 jiIdicandum
1433 3728 1534 3774 est.

595 3791 722 3845 252.
748 3790 866 3845 Rat.
885 3805 948 3844 ex
972 3791 1080 3861 ipse
1099 3797 1244 3861 recte
1289 3791 1422 3859 ipsa.
1452 3790 1598 3854 Ald.,
1637 3804 1742 3845 non
1784 3791 1937 3857 bene,
1973 3805 2107 3861 pun.-

529 3873 667 3918 ctum
701 3872 817 3930 post
844 3868 987 3930 vocat
1011 3859 1250 3914 adhibet.

596 3928 720 3986 255.
757 3929 869 3986 Gis.
895 3928 962 3983 ad
991 3943 1183 3996 marg.,
1207 3945 1369 3982 annos
1394 3944 1490 3996 pro
1511 3937 1675 3983 ortus.

595 4002 721 4056 256.
755 3999 978 4054 Praemia
1007 3996 1117 4052 diei
1151 3998 1268 4050 festi
1297 3999 1552 4053 celebrati
1583 4001 1833 4053 videntur
1859 4014 1981 4055 esse
2017 4017 2103 4055 sa-

530 4071 738 4142 lutigeri
778 4079 951 4137 ortus,
995 4068 1110 4124 sive
1150 4067 1296 4123 anni.
1348 4067 1596 4123 Barthius
1625 4069 1772 4122 addit
1801 4072 2014 4140 prtemia
2047 4074 2110 4124 de

530 4147 686 4202 cw-‘o;
718 4156 817 4195 nec
841 4154 1098 4208 repugno.

601 4213 729 4264 257.
755 4207 930 4266 Alexi.
955 4209 1097 4272 ΑΜ..
1117 4207 1403 4262 Chelidoni.
1435 4207 1553 4261 Vat.
1583 4207 1641 4272 Β,
1668 4208 1820 4274 Man,
1847 4208 2104 4263 Celedoni.

532 4279 652 4334 Pari
669 4278 868 4342 hasius,
883 4285 1151 4344 corrupte,
1167 4276 1420 4332 Celcboni.
1441 4277 1735 4330 Notandum
1758 4279 1946 4334 festum
1969 4279 2108 4334 diem

532 4351 589 4405 S.
614 4349 864 4422 Cypriani
886 4347 994 4416 jam
1025 4355 1131 4422 tum
1159 4347 1211 4422 in
1239 4347 1489 4422 llispani_a
1517 4349 1867 4422 celebratum.

602 4417 731 4476 239.
763 4419 908 4482 Ald.,
937 4417 1124 4471 tradita
1162 4418 1262 4472 vita
1301 4426 1394 4471 est.
1439 4418 1651 4471 Teolius
1679 4418 1910 4486 glossam
1949 4421 2106 4474 unius

534 4489 652 4543 Vat.
686 4489 945 4544 ascribit:
978 4488 1280 4553 Adiuvantis
1310 4497 1412 4553 est,
1454 4489 1509 4541 id
1538 4498 1637 4552 est,
1682 4491 1724 4541 si
1763 4490 1859 4541 hoc
1897 4489 2106 4554 feceris,

535 4569 653 4630 tunc
680 4571 726 4614 te
747 4559 974 4613 Christus
1000 4559 1192 4613 audiet.
1222 4559 1437 4614 Minime
1463 4558 1652 4613 dubito
1677 4559 1803 4628 quin
1829 4560 1898 4612 sit
1928 4561 2109 4630 legen-

535 4629 660 4684 dum
688 4630 976 4693 adiurantis
1003 4638 1096 4681 est.

603 4700 727 4754 2i‘2.
761 4699 1009 4754 Barthius
1047 4696 1386 4752 scribendum
1429 4706 1570 4763 putat
1604 4706 1753 4760 rapta
1798 4713 1894 4767 pro
1933 4707 2102 4764 capta.

536 4770 642 4826 Sed
689 4769 1012 4824 membranae
1052 4776 1362 4822 coostanter
1402 4770 1595 4824 habent
1633 4782 1810 4838 capta,
1852 4778 1907 4823 et
1949 4771 2106 4836 paulo

538 4852 655 4912 post
681 4840 914 4912 occurrit
943 4846 1146 4907 raptus.
1196 4838 1376 4912 Neque
1405 4839 1544 4892 male
1574 4849 1654 4892 est
1684 4849 1855 4909 capta,
1889 4850 1946 4892 ut
1977 4838 2107 4912 bello

536 4908 736 4980 captus,
777 4908 906 4980 dolis
953 4919 1147 4975 captus,
1202 4910 1359 4975 pisces
1393 4912 1573 4979 jaculo
1616 4919 1703 4962 aut
1749 4908 1902 4962 hamo
1950 4911 2107 4980 capti.

537 4978 727 5046 T0rn.,
751 4978 1029 5043 mendose,
1056 4985 1278 5046 captum.

603 5050 730 5104 265.
767 5047 960 5119 Psych.
991 5061 1130 5119 vers.
1158 5048 1261 5099 ’792
1280 5088 1301 5119 ,_
1330 5046 1630 5119 _Lacteolam
1669 5051 1906 5102 mentitus
1945 5065 2105 5102 orem.

537 5121 670 5175 Vide
698 5116 984 5174 comment.
1016 5116 1080 5169 ad
1110 5131 1249 5170 vers.
1283 5116 1383 5188 165
1409 5118 1586 5188 hymni
1620 5119 1676 5173 S.
1705 5119 1942 5172 Eulalize.
1986 5120 2105 5172 Sta-

537 5191 657 5244 bula
689 5193 866 5244 ovium
916 5196 1177 5242 vocantur
1206 5187 1369 5239 cauta:
1401 5203 1464 5240 ex
1489 5188 1676 5241 Grzcco
1706 5192 1942 5249 nomine,
1966 5206 1992 5241 c
2022 5190 2110 5241 de-

536 5269 708 5313 tracto
742 5274 902 5312 :nam
950 5257 1118 5311 Grtcci
1153 5254 1310 5316 αὖλας
1348 5256 1549 5309 dicunt.
1585 5257 1832 5312 Fortasse
1857 5259 2108 5311 Paulinus

539 5330 640 5385 hoc
675 5341 893 5400 etymon
935 5327 1166 5392 restiesit
1203 5327 1270 5400 de
1310 5327 1496 5400 lteditu
1537 5325 1766 5400 Nicetm:
1800 5328 1957 5382 Nunc
1993 5345 2105 5382 oves

539 5403 660 5472 [acti
687 5394 813 5472 duce
839 5410 885 5452 te
913 5396 1356 5472 greganturifacis
1386 5397 1436 5448 in
1465 5394 1658 5472 aulam.

607 5471 730 5526 246.
767 5471 890 5525 Haec
913 5469 1084 5521 valida
1117 5468 1242 5521 mihi
1268 5467 1474 5521 videtur
1500 5467 1802 5534 conjectura
1835 5477 1891 5520 ut
1919 5467 2107 5521 creda-

541 5557 661 5594 mus
709 5540 1046 5610 Hippolytum
1098 5537 1256 5610 fuissc
1303 5537 1650 5610 episc0pum,
1708 5539 1848 5610 quod
1905 5538 2108 5610 scilicet

544 5606 878 5674 Valerianus,
903 5606 1119 5665 'Christi
1147 5623 1320 5674 sacer,
1355 5621 1509 5662 sacro
1538 5606 1818 5676 Hippolyto
1848 5618 1990 5660 esset
2022 5607 2108 5661 fu-

545 5689 696 5732 turus
725 5693 906 5730 comes
937 5677 988 5729 in
1015 5678 1174 5741 ccelo,
1204 5679 1486 5732 sacerdotii
1519 5676 1631 5730 sive
1660 5677 2018 5746 episc0patus,
2051 5688 2106 5731 ut

545 5762 644 5812 ego
672 5755 818 5812 puto,
854 5746 1074 5799 ratione.
1119 5747 1316 5816 Raptus
1347 5763 1442 5817 pro
1473 5747 1749 5803 defunctus
1779 5749 1997 5803 verbum
2024 5759 2106 5805 est

2209 3369 2454 3423 codicum
2485 3377 2633 3439 recte
2660 3367 2933 3438 procedat,
2967 3383 3141 3438 neque
3170 3379 3350 3423 careat
3379 3370 3670 3439 elegantia.
3724 3372 3804 3425 Ad

2209 3439 2404 3495 festum
2445 3438 2590 3493 diem
2649 3439 3012 3504 apostolorum
3055 3439 3435 3494 celebrandum
3474 3438 3632 3494 multi
3673 3441 3805 3495 olim

2209 3510 2443 3581 undique
2470 3508 2880 3581 conveniebant,
2905 3511 3067 3581 etiam
3091 3510 3349 3581 episcopi.
3385 3508 3519 3566 Vide
3545 3527 3636 3581 ep.
3662 3511 3808 3566 Pau-

2209 3580 2302 3635 lini
2333 3583 2395 3635 l5
2421 3579 2488 3632 ad
2517 3579 2794 3644 Severum,
2829 3587 2883 3633 et
2910 3578 2976 3633 16
3004 3578 3071 3633 ad
3102 3579 3448 3645 Delphinum.

2281 3650 2336 3705 2.
2373 3649 2760 3720 Etymologiam
2806 3648 2975 3720 verbi
2998 3664 3168 3713 avare,
3196 3665 3225 3704 a
3269 3649 3444 3720 glossa
3486 3651 3807 3714 indicatam.

2207 3718 2562 3787 comprobant
2601 3719 2821 3774 Servius
2859 3727 2914 3774 et
2954 3718 3287 3775 Plutarchus;
3338 3721 3438 3774 Alii
3483 3736 3608 3775 cum
3645 3722 3810 3778 Festo

2211 3807 2360 3845 avare
2399 3789 2669 3844 deducunt
2709 3802 2738 3842 a
2775 3789 3014 3844 clamore
3040 3804 3198 3858 quem
3231 3789 3390 3844 edere
3419 3790 3602 3846 solent
3635 3793 3809 3848 vit-to-

2211 3876 2318 3919 res.
2342 3860 2608 3931 geminata
2631 3859 2808 3931 littera
2825 3875 2853 3912 ο
2869 3877 2893 3931 ί
2905 3859 3078 3931 aliiab
3091 3876 3233 3927 eoae,
3249 3859 3626 3915 bacchantium
3651 3879 3809 3931 voce.

2211 3928 2387 3986 Adisi‘s
2417 3931 2738 3984 Becmauum
2766 3928 2833 3984 de
2862 3929 3068 3999 Origiu.

2283 4002 2335 4055 5.
2382 4001 2502 4054 Hmc
2531 3999 2801 4054 Prudentii
2839 3999 3172 4066 aliorumque
3199 4000 3379 4069 opinio
3413 4001 3532 4066 fuit.
3567 4002 3666 4057 SS.
3702 4002 3810 4058 Pe-

2212 4078 2352 4130 trum
2376 4079 2430 4125 et
2452 4070 2672 4124 Paulum
2701 4070 2890 4124 eodem
2912 4071 3033 4124 anni
3053 4070 3165 4134 die,
3189 4071 3282 4126 sed
3310 4086 3414 4125 nou
3440 4074 3636 4127 eodem
3657 4087 3808 4124 anno

2211 4143 2528 4210 martyrium
2570 4140 2817 4194 subiisse.
2859 4140 3181 4195 Prudentius
3219 4143 3364 4210 hanc,
3387 4158 3540 4196 suam
3588 4143 3808 4210 opinio—

2210 4226 2332 4265 nem
2357 4211 2552 4265 clarius
2574 4211 2804 4276 explicat
2831 4225 2972 4264 vers.
3004 4210 3095 4276 21,
3133 4210 3200 4266 Ut
3225 4222 3350 4265 teres
3381 4215 3519 4266 orbis
3545 4214 3666 4274 iter,
3698 4223 3808 4266 ulc.

2211 4279 2446 4336 Joannes
2487 4281 2553 4336 M.
2587 4279 3060 4335 Brassit-hellensis
3099 4282 3151 4335 in
3194 4281 3372 4336 Indice
3417 4284 3672 4337 librorum
3705 4298 3812 4335 ex-

2211 4351 2634 4420 purgandorum,
2676 4365 2835 4420 quem
2879 4366 3028 4405 num.
3072 4351 3174 4406 185
3207 4353 3259 4406 in
3290 4362 3404 4406 not.
3437 4354 3642 4420 proleg.
3688 4354 3810 4404 lau-

2211 4419 2356 4485 davi,
2384 4423 2521 4477 hanc
2546 4419 2867 4492 sententiam
2887 4435 3120 4492 censura
3145 4422 3476 4492 perstringit,
3507 4419 3644 4492 quod
3669 4437 3809 4476 con-

2215 4492 2378 4544 traria
2432 4493 2502 4546 sit
2545 4491 2898 4545 communiori
2945 4492 3224 4558 opinioni,
3280 4491 3536 4560 quamvis
3574 4494 3810 4547 fateatur

2214 4561 2355 4615 illam
2383 4561 2596 4615 defendi
2621 4561 2689 4613 ab
2721 4560 3014 4629 Augustino
3040 4571 3094 4616 et
3123 4565 3366 4619 Aratore.
3391 4564 3524 4616 Vide
3550 4579 3666 4630 pag.
3692 4561 3808 4615 257

2135 4638 2186 4698 1)
2213 4641 2266 4702 et
2290 4631 2394 4684 262
2417 4631 2534 4697 ejus
2559 4631 2774 4702 Indicis.
2815 4631 3284 4687 Eminentissimus
3314 4634 3464 4688 card.
3499 4633 3809 4702 Stephanus

2214 4701 2405 4770 Bargia
2437 4704 2486 4754 in
2515 4701 2869 4755 celeberrimo
2898 4717 2996 4756 suo
3017 4717 3204 4767 opere,
3235 4702 3489 4757 Vatit-ana
3513 4701 3805 4770 Confessio

2211 4769 2353 4824 beati
2381 4769 2548 4828 Petri.
2583 4771 2743 4824 multa
2775 4769 2927 4824 affert
2947 4771 3140 4840 quibus
3168 4784 3277 4826 tum
3305 4775 3425 4827 alia:
3455 4769 3806 4840 antiquitates

2212 4840 2593 4894 ecclesia~ticaa
2635 4840 2890 4893 illustrari
2941 4843 3168 4908 possint,
3212 4853 3322 4895 tum
3371 4843 3484 4898 fere
3524 4855 3656 4896 tctus
3707 4841 3806 4893 hic

2217 4910 2493 4965 Prudentii
2524 4911 2754 4979 hymnus
2785 4909 2990 4964 facilius
3021 4913 3261 4978 intelligi.
3290 4913 3436 4966 Hauc
3464 4915 3624 4980 ipsam
3645 4925 3806 4978 qum-

2210 4982 2439 5052 stionem
2467 4981 2530 5034 ad
2553 4991 3110 5052 examen_revocat,et
3131 4981 3325 5036 fatetur
3345 4985 3403 5037 S.
3432 4983 3795 5052 Augustinum

2214 5050 2354 5104 idem
2397 5053 2630 5104 sensisse
2674 5065 2734 5103 ac
2777 5049 3146 5112 Prudentium,
3184 5067 3350 5106 serto.
3399 5049 3595 5108 295'iu
3625 5049 3802 5103 natali

2213 5120 2580 5188 apostolorum
2630 5120 2768 5173 Petri
2809 5129 2864 5172 et
2915 5121 3084 5186 Pauli,
3122 5131 3177 5174 et
3219 5137 3386 5176 serm.
3427 5124 3522 5178 581
3559 5123 3620 5176 de
3662 5118 3802 5172 eod.

2214 5187 2400 5262 nidaL,
2421 5190 2511 5262 pbi
2542 5191 2617 5262 ait
2639 5207 2652 5243 :
2683 5189 2934 5244 Natalitio
2956 5206 3074 5262 ergo
3099 5187 3243 5243 Petri
3269 5209 3452 5260 passus
3478 5202 3548 5246 est
3573 5189 3801 5262 Paulus.

2213 5258 2486 5314 Nemini-7m
2515 5261 2674 5331 alium
2701 5274 2768 5330 es
2789 5263 3023 5327 antiquis
3055 5260 3256 5318 Latinis
3272 5258 3618 5331 'scriptorihus
3638 5258 3801 5323 vjus-

2212 5331 2332 5401 dem
2365 5329 2998 5401 sententicassertorem
3030 5335 3261 5398 reperit,
3294 5329 3524 5401 excepto
3565 5335 3802 5382 Aratore

2212 5400 2662 5466 subdiacom,qui
2688 5403 2883 5454 SiBCHIO
2902 5416 2949 5454 vi
2975 5401 3170 5461 floruit.
3198 5409 3253 5456 et
3275 5402 3368 5456 lib.
3399 5418 3432 5456 ιι
3455 5402 3780 5466 llist.Apost

2217 5470 2285 5523 ita
2316 5470 2508 5524 cecinit
2535 5487 2548 5520 :
2579 5465 2837 5533 Geminos,
2885 5487 3012 5538 quos
3054 5471 3213 5524 edidit
3241 5473 3419 5534 astris,
3451 5471 3563 5524 Non
3590 5465 3806 5528 eadem,

2209 5549 2373 5593 tamen
2405 5557 2506 5611 una
2537 5539 2667 5611 dies,
2693 5546 2912 5611 annique
2942 5541 3108 5611 voluto
3142 5539 3388 5611 Tempore
3412 5540 3614 5611 sacravit
3641 5553 3805 5611 nspe-

2211 5612 2353 5661 titam
2375 5610 2542 5675 passio
2574 5609 2754 5660 lucem.
2783 5611 2820 5663 Ε
2846 5609 3045 5665 Grmcis
3074 5608 3295 5664 Photius
3321 5611 3372 5666 in
3403 5609 3628 5665 Bibliotb.
3651 5608 3811 5660 cmi.

2207 5679 2314 5732 276
2347 5679 2518 5732 locum
2550 5677 2608 5733 S.
2641 5678 2738 5730 Nili
2768 5680 3012 5748 discipuli
3058 5679 3116 5735 S.
3160 5682 3384 5736 Joannis
3425 5680 3814 5748 Chrymstnmi

2212 5749 2408 5818 profert
2454 5749 2541 5804 ubi
2589 5750 2886 5803 affirmatur
2936 5753 3150 5806 l’ctrum
3192 5761 3316 5806 autc
3370 5751 3576 5806 Paulum
3618 5762 3817 5801 occu-
