4030 6170
1527 533 1738 605 [calque
1764 533 1982 597 clivum,

730 634 911 687 Donec
937 631 1124 685 virenti
1149 628 1368 684 ﬂuctuet
1397 626 1666 697 colymbo.

664 723 888 778 interior
920 721 1106 775 tumuli
1135 735 1256 789 pars
1285 729 1388 784 est,
1422 719 1509 772 ubi
1542 717 1776 786 lapsibus
1797 716 2008 770 sonoris

745 816 1002 883 Stagnum
1030 813 1188 868 nivali
1220 813 1448 867 volvitur
1478 810 1760 877 profundo.

663 909 870 980 1197
897 907 1209 962 Otnnicolor
1238 907 1433 960 vitreas
1462 906 1667 973 pictura
1697 916 1927 969 superne
1957 901 2061 954 tin-

1673 993 1768 1066 [gil
1796 995 1986 1058 undas,

1587 327 1859 381 AIlRELII
1900 326 2262 384 PRUDENTII
2299 325 2621 383 CARMINA.

475 451 550 508 35
663 449 876 523 1196
907 448 1054 504 Nunc
1084 444 1316 517 pretiosa
1345 441 1450 495 ruit
1478 457 1570 511 per
1586 441 2060 507 marmora,lubri-
2087 447 2136 502 Α
2202 443 2271 500 40

3640 329 3733 386 564

2418 443 2581 498 Musei
2605 441 2869 508 relucent,
2895 450 2950 497 et
2976 441 3192 498 virescit
3219 457 3429 496 aurum.

2337 538 2691 608 Cyaneusque
2737 536 2877 588 latex
2929 535 3173 588 umbram
3204 533 3368 588 trahit
3417 534 3739 590 imminentis

3467 625 3619 699 [ostii
3653 643 3668 680 :

2408 718 2614 772 Credas
2639 719 2840 773 moveri
2873 716 3120 772 lluctiltns
3147 717 3384 773 lacunar.

2346 809 2533 862 Pastor
2561 824 2688 862 oves
2712 810 2804 863 alit
2833 808 2944 877 ipse
2972 809 3077 862 illic
3103 809 3262 879 gelidi
3297 810 3475 877 rigore
3501 809 3684 876 fontis,

2423 901 2578 955 Videt
2608 902 2756 955 sitire
2783 915 2917 969 quas
2945 900 3144 955 ﬂuenta
3167 900 3391 955 Christi.

2201 990 2272 1044 45
2348 991 2506 1046 Parte
2540 991 2643 1045 alia
2676 993 2887 1046 titulum
2939 991 3088 1046 Pauli
3136 993 3216 1046 via
3244 1003 3425 1047 servat
3459 993 3744 1061 Ostiensis,

1787 1104 2076 1162 GLOSSzE
2117 1104 2456 1160 VETERES.

555 1224 644 1279 55.
674 1221 822 1284 Ruit,
840 1223 1027 1286 oleum,
1056 1253 1120 1263 ——
1141 1221 1519 1290 Lubricatque,
1542 1217 1716 1290 ﬂectit.
1737 1247 1805 1257 —-
1825 1216 2056 1282 Clivum,

484 1295 743 1347 derexitas
764 1296 966 1356 montis,
997 1291 1036 1345 ι.

555 1365 645 1418 56.
694 1362 972 1431 Culyntho,
1023 1369 1226 1426 natatu,
1274 1361 1405 1415 Mar.
1434 1359 1640 1431 __i’rag.,
1680 1367 1766 1431 nat
1804 1366 1890 1421 tu;
1936 1372 2061 1431 nam

482 1431 659 1502 Grece
682 1425 934 1502 eolyinbiu
958 1425 1138 1486 natare
1175 1425 1379 1484 dicitur.
1421 1425 1671 1502 Natam.-
1703 1430 1867 1496 fructu
1893 1425 2057 1480 oliuae.

486 1501 718 1571 (Jorymbi
743 1498 931 1556 racemi
959 1503 1254 1555 hederarum
1271 1499 1531 1571 ,‘coIJt/mbi
1555 1498 1668 1571 tubi
1689 1514 1776 1571 per
1795 1513 1918 1571 quos
1944 1513 2059 1549 cur-

485 1575 549 1624 rit
581 1568 714 1644 aqua
751 1588 842 1644 per
870 1574 984 1625 loca
1031 1572 1248 1635 occulta,
1293 1570 1333 1624 I.
1365 1569 1595 1639 Colymbi
1640 1569 1745 1622 ιιιὺί
1794 1568 2056 1632 dicuntur,

488 1644 608 1695 Vat.
640 1647 705 1698 A.

555 1709 644 1765 58.
677 1712 868 1778 Nivali,
894 1712 1131 1772 candido,
1156 1711 1197 1771 Ι.

553 1781 644 1904 ξς).
670 1781 936 1904 Sulperne,
963 1783 1198 1852 desuper,
1227 1777 1813 1849 adverbium—Tingit,
1840 1779 2060 1840 colorat;

553 1868 567 1902 τ
594 1869 707 1904 ara.
760 1894 775 1904 .

525 1861 707 1913 :ctura,
735 1861 775 1908 I.

487 1868 859 1984 ν’ῗῖἷῖἷῖὶιῖὲοῑ,
884 1922 1196 1984 viriditates.
1237 1921 1358 1976 Vat.
1393 1922 1456 1976 A.
1511 1922 1614 1988 Qui
1652 1921 1720 1973 ibi
1740 1921 1861 1988 picti
1902 1931 2063 1976 erant.

489 2020 556 2032 -—
590 1991 867 2057 Reluceut,
890 2010 952 2048 ex
975 2009 1127 2058 auro,
1163 1994 1204 2047 Ι.
1233 2021 1303 2033 —
1329 1991 1556 2059 Aurum,
1586 2008 1650 2046 ea:
1680 2007 1873 2057 musco,
1895 1991 1932 2043 l.
1967 1991 2068 2045 Lu-

2168 1220 2321 1291 mina:
2345 1233 2516 1291 aurem
2532 1221 2695 1289 aﬂixte
2714 1220 3060 1291 laquearibus,
3090 1221 3208 1274 Vat.
3237 1221 3302 1275 A.

2238 1289 2331 1342 Μ.
2392 1289 3011 1360 Ο)νθηριις‹ιιιθ,“υἱτὶί1ιέ,
3061 1293 3277 1356 vitreus;
3324 1290 3523 1344 viridis.
3575 1291 3749 1360 Cyane

2168 1375 2364 1430 gemma
2403 1367 2475 1412 est
2521 1359 2747 1430 Scythia:
2785 1378 3096 1425 coruscans;
3125 1363 3382 1415 interdum
3412 1363 3580 1414 nitore
3623 1359 3748 1426 pura

2167 1429 2261 1492 est,
2295 1440 2342 1482 et
2363 1429 2924 1492 punctalis;interdnnt
2961 1431 3269 1484 micantibus
3307 1434 3500 1484 auratis
3539 1433 3751 1484 varians

2170 1500 2446 1567 punctulis.
2481 1529 2550 1540 —
2568 1501 2709 1555 Ostri
2729 1542 2744 1564 ,
2768 1502 2908 1554 τηὺεί
2937 1503 3121 1555 coloris
3143 1517 3162 1554 :
3194 1512 3386 1554 ostrum
3411 1518 3666 1569 purpura:
3687 1504 3750 1553 li-

2167 1586 2297 1630 quor
2317 1569 2379 1622 ab
2407 1580 2594 1634 ostrea,
2617 1587 2729 1632 ante
2749 1570 2926 1626 Graece
2956 1581 3081 1625 testa
3118 1572 3323 1624 dicitur.
3350 1571 3520 1625 Genus
3544 1573 3753 1625 muricis

2164 1643 2284 1711 bene
2310 1641 2512 1704 olentis,
2547 1640 2585 1693 Ι.
2617 1641 2895 1706 Lazureus,
2939 1643 3016 1696 uel
3039 1658 3352 1708 purpureus,
3389 1641 3533 1711 Vat.,
3566 1648 3640 1696 A.
3668 1644 3754 1695 Al-

2096 1731 2138 1789 B
2168 1710 2432 1789 buslapis,
2466 1711 2696 1789 Mar.”—
2728 1712 3002 1789 Utn_br.~_r_n,
3037 1713 3325 1789 imaginem,
3357 1710 3477 1765 Vat.
3513 1718 3574 1789 ᾼ.

2355 1780 2560 1854 Pastor,
2595 1779 2799 1854 Petrus,
2823 1781 2889 1846 l.,
2914 1783 3034 1854 vat.
3067 1779 3210 1836 Af—-
3235 1782 3450 1852 Rigore,
3481 1784 3685 1854 algore.
3713 1782 3750 1836 l.

2237 1851 2267 1902 Α
2281 1848 2324 1903 ι.
2356 1851 2600 1919 Fluenta,
2633 1852 2940 1915 doctrinam,
2965 1853 3004 1905 Ι.

2237 1922 2332 2044 ἀεὶ
2358 1921 2640 2045 ostilensis,
2675 1922 2994 1992 Portuensis,
3019 1925 3080 1977 ab
3113 1920 3257 1977 Ostia
3286 1923 3599 1994 :prOprium
3653 1940 3744 1976 no-

2169 2007 2287 2044 men
2336 2008 2434 2057 ocr,
2493 2033 2506 2045 .

1825 2101 2381 2158 COMMENTARIUS.

490 2208 600 2253 tres
629 2201 869 2262 erupisse
914 2197 963 2250 iu
996 2205 1166 2250 morte
1214 2194 1270 2247 S.
1305 2192 1451 2248 Pauli
1484 2193 1759 2247 memoria!
1797 2192 2060 2261 proditum

490 2281 592 2322 est.
645 2275 711 2323 At
741 2267 1064 2323 Prudentius
1112 2265 1345 2332 loquitur
1391 2265 1457 2317 de
1487 2263 1630 2319 fonte
1669 2266 1757 2332 qui
1801 2263 1854 2317 in
1883 2274 2062 2318 monte

491 2339 668 2394 vicino
697 2339 1040 2392 scaturiebat.
1069 2338 1378 2396 Peveratus.
1401 2335 1489 2402 qui
1511 2350 1632 2388 cum
1661 2336 1886 2388 lizoronio
1916 2344 2064 2402 putat

491 2424 793 2464 Sermonem
825 2423 944 2462 esse
987 2409 1054 2463 de
1080 2407 1228 2460 fonte
1257 2404 1582 2474 baptismali,
1612 2404 1740 2473 legit
1769 2406 1979 2471 fontem,
2009 2414 2065 2458 et

494 2487 640 2539 nutat
666 2493 786 2532 eum
813 2494 934 2532 Cum
977 2481 1090 2546 ipso
1114 2475 1425 2531 caemeterio
1461 2475 1678 2546 omnino
1707 2475 2060 2538 destructum,

489 2550 562 2603 ita
594 2560 650 2602 ut
680 2549 838 2606 nulla:
868 2545 1137 2608 supersint
1167 2546 1426 2611 reliquias,
1454 2545 1554 2598 nisi
1594 2545 1730 2600 forte
1759 2546 1896 2614 quod
1923 2546 2063 2600 circa

491 2619 804 2684 posterioris
832 2616 1158 2687 crepidinem
1187 2614 1406 2684 :ipsidis,
1439 2623 1493 2668 et
1514 2615 1615 2670 sub
1635 2631 1771 2687 area:
1795 2616 2063 2671 Vaticante

490 2688 783 2757 porticibus
828 2685 1119 2742 etiamnum
1158 2700 1415 2757 aquarum
1442 2685 1814 2757 scaturigines
1855 2687 2066 2754 conspi-

492 2755 704 2812 ciuntur
726 2773 946 2820 quarum
969 2759 1171 2827 aliquot
1197 2755 1248 2810 in
1275 2755 1701 2827 limpidissimum
1726 2755 1923 2812 fontem
1945 2771 2065 2812 cor-

493 2829 684 2883 rivnvit
716 2827 959 2884 Urbanus
987 2826 1123 2893 Vlll,
1173 2826 1524 2894 versibusque
1549 2828 1847 2889 exornavit,
1893 2837 1942 2880 et
1971 2841 2065 2895 po-

492 2913 604 2953 suea
639 2899 755 2953 fons
784 2898 984 2954 Liberii
1014 2913 1182 2968 papae,
1211 2911 1275 2968 ac
1307 2896 1515 2968 Damasi
1545 2896 1595 2950 in
1615 2911 1801 2968 aream
1826 2897 2062 2951 Vaticani

493 2970 673 3035 palatii
705 2968 772 3022 ab
812 2966 1120 3023 innocentio
1150 2968 1194 3020 Χ
1225 2966 1485 3020 deductus
1520 2980 1584 3020 ac
1613 2967 1940 3021 instauratus
1960 2977 2062 3031 est.

492 3043 583 3106 qui
615 3039 886 3092 historiam
923 3038 1120 3092 Liherii
1154 3035 1418 3106 pontificis
1461 3049 1615 3106 sacro
1663 3038 1916 3104 populum
1964 3036 2061 3091 ab-

494 3105 688 3162 luentis
738 3109 1054 3176 baptismate
1101 3105 1354 3176 marmori
1384 3105 1800 3176 exsculpendam
1835 3107 2059 3161 curavit.

492 3178 688 3230 Verum
723 3175 820 3230 hic
841 3180 952 3244 ipse
991 3177 1109 3231 l‘ons
1134 3175 1330 3230 Librrii
1359 3184 1414 3230 et
1443 3175 1675 3237 Damasi,
1715 3187 1768 3230 et
1791 3192 1895 3230 non
1929 3178 2065 3232 alius

493 3246 823 3314 liaptismalis
849 3262 877 3300 a
907 3246 1196 3302 Prudentia
1243 3256 1322 3300 est
1362 3245 1682 3312 descriptus.
1731 3246 1930 3302 Versus
1959 3248 2064 3301 Da-

495 3317 624 3370 masi
657 3317 759 3384 legi
785 3326 1004 3385 possunt
1025 3321 1076 3370 ln
1097 3318 1213 3384 ejus
1234 3315 1484 3384 operibus
1510 3324 1561 3370 et
1581 3317 1719 3384 apttd
1747 3318 2062 3384 Baronium;

497 3386 628 3440 nihil
658 3388 799 3440 enim
829 3386 1027 3440 habent
1050 3401 1115 3441 ex
1143 3401 1249 3455 quo
1277 3385 1426 3454 argui
1456 3385 1624 3452 possit
1657 3386 1722 3440 ad
1755 3390 1950 3443 fontem
1974 3387 2068 3443 ba—

494 3455 794 3521 ptismalem
816 3456 1226 3513 describendum
1249 3457 1413 3510 fuisse
1433 3457 1777 3524 compositos.
1807 3459 2066 3513 Baronius

496 3529 611 3594 ip<e
654 3528 944 3598 assentitur
971 3542 1002 3582 a
1038 3526 1259 3598 Paulino
1289 3524 1493 3598 Nolano
1531 3526 1854 3598 descriptum
1901 3528 2066 3585 fuisse

493 3597 517 3649 f
553 3605 695 3651 ntent
726 3597 848 3651 atrii
879 3599 1110 3653 basilica
1137 3596 1426 3652 Vaticana.
1459 3595 1914 3654 Paulitius'autem
1941 3615 2066 3656 cum

497 3666 788 3722 l'rudentio
818 3669 950 3723 mire
979 3667 1266 3723 consentit.
1315 3665 1480 3721 Addit
1508 3668 1769 3722 Barouius
1794 3670 1952 3722 aliam
1987 3671 2068 3724 in-

493 3738 838 3806 scriptiOnem
873 3738 1104 3804 Damasi,
1142 3737 1246 3792 -ubi
1284 3737 1482 3791 clarior
1520 3736 1582 3791 fit
1621 3739 1821 3794 mentio
1861 3740 2066 3806 baptis-

495 3810 682 3872 matis;
729 3809 820 3864 sed
854 3809 1071 3867 minime
1111 3815 1318 3863 consmt
1345 3821 1463 3862 eam
1513 3807 1577 3861 ad
1617 3809 1892 3863 basilicam
1925 3809 2068 3864 Vati-

494 3893 680 3932 canam
715 3878 1002 3946 pertinere.
1034 3879 1144 3933 lmo
1173 3877 1422 3932 existimo
1451 3887 1692 3944 tempore
1723 3880 1931 3944 Damasi
1961 3896 2067 3936 non

495 3949 636 4002 aliud
667 3951 938 4005 exstitisse
971 3949 1152 4003 Romae
1184 3949 1451 4018 publicum
1482 3947 1846 4018 baptiSlerium
1878 3950 1977 4004 nisi
1999 3951 2068 4004 ad

495 4019 839 4075 S.Jonnnem
871 4022 1214 4086 Lateranum,
1264 4018 1404 4087 quod
1451 4033 1613 4072 unum
1664 4020 1901 4074 nominat
1931 4019 2066 4075 Pru-

493 4089 709 4145 dentius
743 4091 833 4145 lib.
868 4107 882 4143 ι
920 4097 1105 4146 contra
1133 4087 1362 4159 Symm.,
1396 4102 1536 4142 vers.
1571 4089 1676 4144 586
1703 4100 1756 4144 et
1781 4104 1897 4159 seq.

563 4161 654 4215 55.
681 4161 826 4230 Ald.,
859 4161 990 4215 Mar.
1013 4176 1042 4213 a
1068 4161 1238 4230 prima
1267 4172 1448 4230 manu,
1470 4174 1734 4230 murmura
1763 4177 1780 4212 :
1804 4160 1918 4229 lege
1938 4177 2069 4215 mar-

495 4244 662 4282 mora.
688 4229 812 4300 Ox.,
847 4227 1160 4300 lubricatque
1178 4231 1339 4294 clivo;
1368 4227 1421 4282 id
1451 4238 1534 4300 est
1561 4229 1736 4296 liquor
1764 4227 1880 4284 ΠυῘί
1905 4230 2071 4286 lubri-

495 4313 591 4369 cus
622 4312 714 4366 per
739 4299 956 4369 clivum.
986 4293 1142 4354 Aliud
1172 4300 1388 4353 lubricat
1415 4299 1600 4352 clivum
1621 4293 1912 4369 'signilicat,
1963 4302 2070 4357 sci-

495 4368 619 4422 licet
645 4369 713 4426 ah
744 4367 966 4424 humere
989 4370 1182 4423 clivum
1211 4370 1468 4425 lubricum
1503 4369 1674 4424 reddi.

2169 2192 2273 2246 lem
2303 2194 2421 2247 sive
2451 2194 2843 2258 aquaeductum.
2877 2194 3124 2258 Ugutioni
3159 2196 3435 2264 colymbns
3475 2204 3558 2249 est
3588 2195 3752 2251 herba

2167 2276 2419 2336 crescens
2449 2264 2500 2336 in
2531 2279 2705 2336 aqua,
2758 2266 2838 2336 vel
2892 2266 3106 2336 thyrsus
3136 2267 3331 2329 virens,
3381 2267 3460 2320 vel
3493 2271 3752 2333 aqnzcdn-

2169 2343 2305 2386 ctus.
2339 2333 2462 2387 Mihi
2494 2334 2702 2388 videtur
2732 2333 3010 2402 colymbus
3030 2352 3149 2390 esse
3179 2339 3397 2400 notatio,
3459 2337 3576 2389 sive
3610 2337 3755 2389 locus

2167 2411 2266 2475 aut
2287 2413 2530 2475 stagnum
2564 2406 2817 2475 natationi
2851 2415 3062 2475 aptum;
3113 2416 3166 2461 et
3185 2406 3523 2461 consentiunt
3556 2407 3751 2475 glossa:

2168 2472 2352 2526 lsitlo.i
2379 2489 2392 2524 :
2427 2472 2719 2541 Columbus,
2749 2472 2910 2528 Locus
2942 2478 3025 2529 ubi
3049 2488 3203 2530 vestes
3234 2472 3580 2530 mandantur:
3599 2477 3755 2530 Laut-

2171 2493 2352 2526 ISIth-l
2379 2493 2392 2524 :
2427 2493 2536 2541 ιιοιε
2559 2493 2719 2536 mnus,
2749 2493 2910 2528 Locus
2942 2493 3023 2529 um
3049 2493 3203 2530 uestes
3234 2493 3568 2530 munaamur.
3601 2493 3755 2530 Latn-

2171 2543 2372 2617 pritlius
2401 2543 2451 2617 in
2501 2493 2618 2617 «ita
2661 2545 2982 2617 Heljogabali
3011 2565 3023 2599 :
3052 2547 3271 2602 Marino:
3303 2563 3448 2616 aqua:
3487 2546 3755 2616 colymbos

2169 2613 2393 2666 exhibuit
2422 2615 2473 2667 in
2506 2613 2885 2669 mediterraneis
2912 2617 3036 2670 locis
3079 2632 3097 2671 :
3149 2618 3251 2672 hoc
3281 2613 3364 2672 est
3409 2613 3676 2683 piscinam
3704 2625 3757 2670 et

2170 2683 2518 2756 natationem,
2550 2693 2606 2738 ut
2630 2687 2859 2754 explicat
2888 2687 3197 2756 Salma~ius.
3232 2688 3431 2756 anms
3459 2687 3514 2740 in
3548 2686 3758 2740 disser-

2171 2755 2368 2808 tatione
2414 2755 2481 2809 de
2530 2756 2849 2824 baptisteriis
2910 2754 3264 2819 Christianis,
3313 2754 3416 2811 etsi
3469 2756 3756 2810 Prudentii

2170 2825 2333 2877 verba
2356 2825 2614 2891 intelligat
2641 2827 2707 2882 de
2731 2827 3042 2888 baptisterio
3067 2829 3340 2892 Vaticano,
3373 2837 3550 2880 tamen
3585 2828 3757 2881 multa

2168 2895 2324 2948 affert
2352 2911 2416 2948 ex
2448 2898 2640 2965 quibus
2669 2897 2841 2964 arguit
2865 2895 3122 3017 colFtubos
3146 2909 3198 2953 et
3222 2897 3618 2966 colymbethras.
3659 2913 3756 2952 st-u

2173 2966 2461 3017 natatorias
2491 2969 2792 3017 promiscue
2836 2967 2902 3017 de
2961 2968 3166 3017 avacris
3214 2969 3378 3017 sacris
3416 2979 3468 3017 et
3504 2966 3756 3017 profanis

2173 2966 2461 3019 natatorias
2491 2969 2792 3034 promiscue
2836 2967 2902 3020 de
2945 2966 3166 3023 lavacris
3214 2969 3378 3023 sacris
3416 2979 3468 3020 et
3504 2966 3758 3032 profanis

2170 3035 2663 3159 dicibe‘onsuevisse.
2699 3037 2803 3091 Pro
2837 3036 3099 3107 colymbus
3125 3038 3362 3094 nonnulli
3389 3036 3643 3092 scribunt
3671 3047 3758 3092 col

2194 3122 2277 3158 um
2349 3121 2393 3159 8.

2194 3119 2393 3160 ambus.

2240 3177 2328 3231 57.
2360 3180 2415 3231 1η
2439 3177 2614 3232 medio
2644 3177 2732 3232 illo
2761 3184 2969 3246 stagno,
3002 3192 3094 3232 seu
3124 3177 3324 3234 concha
3345 3218 3363 3242 ,
3410 3185 3462 3232 et
3489 3177 3752 3248 colymbo

2170 3248 2478 3317 erigebatur
2507 3249 2675 3303 moles
2705 3265 2824 3302 cum
2849 3250 3124 3314 cantharo,
3174 3263 3240 3302 es
3276 3264 3379 3317 quo
3419 3263 3578 3312 aquzc
3611 3251 3761 3303 labe-

2171 3317 2364 3375 bantur
2393 3321 2442 3371 in
2469 3331 2713 3388 stagnum
2748 3319 2918 3386 ipsum
2954 3334 2968 3371 :
2998 3321 3097 3372 nisi
3130 3318 3173 3372 si
3205 3319 3340 3373 forte
3368 3319 3670 3372 cantharus
3694 3318 3763 3372 de

2167 3402 2275 3459 quo
2319 3390 2555 3459 loquitur
2599 3389 2870 3452 Paulinus,
2927 3389 2978 3441 in
3028 3390 3210 3459 aliquo
3247 3391 3447 3459 angulo
3495 3389 3567 3441 ad
3603 3404 3759 3441 usum

2169 3457 2603 3516 lavandi‘manus
2641 3469 2757 3513 erat
2787 3459 3082 3528 expositus.
3125 3457 3488 3528 Conjiciebam
3541 3458 3762 3513 interior

2169 3530 2334 3584 tubuli
2365 3546 2485 3600 pars
2513 3538 2608 3584 est.

2239 3601 2331 3655 58.
2365 3596 2500 3656 Mar.
2551 3614 2581 3653 a
2625 3599 2796 3666 prima
2835 3614 3017 3665 manu,
3061 3597 3320 3662 ilailsbr.,
3368 3596 3558 3663 Prag.,
3611 3599 3760 3664 Rat.,

2168 3667 2504 3736 Parrhasius,
2529 3669 2728 3723 nivale:
2748 3669 2938 3725 melius
2959 3668 3137 3722 nivali.
3157 3669 3382 3724 'l‘eolins
3401 3668 3564 3720 nivali
3593 3670 3766 3723 inter-

2169 3749 2408 3809 pretatur
2440 3739 2682 3794 candido.
2717 3738 2926 3806 Verius,
2978 3749 3035 3793 ut
3079 3748 3231 3809 puto,
3272 3739 3459 3809 gelido,
3517 3748 3580 3792 ut
3629 3754 3762 3793 mox

2167 3808 2323 3880 gelidi
2349 3813 2515 3880 rigore
2543 3809 2717 3871 fontis.

2243 3878 2332 3936 59.
2355 3877 2625 3936 Cauchius
2651 3893 2952 3949 perperam,
2976 3879 3175 3949 pictura
3199 3879 3436 3948 superba.
3453 3877 3513 3931 In
3537 3896 3767 3949 superne

2169 3959 2440 4073 Bostrema
2481 3951 2582 4006 rite
2624 3947 2933 4020 corripitur,
2978 3947 3044 4004 ut
3077 3951 3315 4005 ostendit
3363 3947 3618 4005 Gilanius
3655 3951 3711 4003 in
3740 3967 3768 4003 e

2209 4034 2358 4073 reve.

2209 4034 2358 4075 τθνρ.

2239 4091 2330 4147 41.
2363 4091 2614 4164 Paulinus
2651 4090 2829 4146 aiebat
2866 4087 3184 4164 Fastigiatus
3223 4090 3387 4144 solido
3430 4107 3534 4145 tere
3584 4091 3769 4146 tholus

2169 4171 2317 4215 ornat
2345 4171 2393 4214 et
2419 4161 2697 4214 inumbrat.

2239 4233 2330 4302 45.
2357 4231 2605 4286 Nonnulli
2636 4232 2801 4302 vulg.,
2843 4231 2989 4285 adit:
3029 4232 3143 4302 lege
3165 4231 3280 4287 alit.
3323 4227 3532 4284 Clossa:
3584 4242 3772 4299 pasto-

2168 4317 2275 4354 rem
2307 4301 2610 4369 intelligunt
2636 4300 2692 4356 S.
2722 4300 2937 4355 Petrum
2989 4303 3039 4356 in
3085 4300 3266 4356 verbis
3289 4311 3462 4367 pastor
3493 4304 3616 4368 alit,
3659 4303 3770 4356 for-

2178 4380 2320 4426 tasse
2346 4388 2409 4426 ex
2447 4375 2610 4426 veteri
2650 4373 3048 4426 nomenclatura
3092 4387 3194 4440 qua
3224 4371 3282 4427 S.
3319 4371 3509 4426 Petrus
3536 4374 3770 4426 nutritor

567 4438 656 4494 56.
690 4437 843 4514 U_r_b.,
866 4439 1140 4514 mendose,
1164 4441 1324 4514 [luctu
1350 4450 1395 4493 et
1415 4439 1662 4514 colymbo.
1679 4440 1831 4514 Alex.
1855 4456 1884 4494 a
1909 4442 2074 4514 prima
2102 4434 2155 4494 Β
2181 4442 2232 4514 in
2266 4443 2497 4511 antiquis
2518 4443 2876 4514 monumentis
2899 4434 3246 4514 appella-turL
3262 4450 3319 4495 ut
3344 4457 3412 4494 ex
3444 4442 3542 4498 lib.
3568 4443 3770 4514 Ponti-

494 4523 675 4582 manu,
707 4509 943 4578 'l‘huan.,
971 4511 1084 4566 Gis.
1115 4512 1182 4565 ad
1210 4525 1382 4582 oram,
1431 4509 1708 4582 corymbo.
1743 4511 1797 4565 In
1828 4513 1968 4567 notis
1995 4513 2070 4568 ait

493 4578 761 4633 Gi<elinus
781 4595 842 4634 se
856 4587 1187 4646 expressisse
1211 4578 1645 4636 Daventrien‘sem
1674 4583 1757 4635 his
1782 4582 1850 4636 de
1871 4584 2066 4638 causis.

495 4647 731 4722 Primum
767 4650 907 4722 quod
948 4653 1198 4722 κολυμϐὸς
1229 4651 1367 4705 inter
1402 4651 1659 4705 vocabula
1708 4652 2068 4711 ecclesiastica

495 4720 688 4791 usitata
720 4734 842 4791 non,
867 4721 936 4774 sit
967 4720 1387 4785 numerandum,
1436 4721 1631 4776 deinde
1671 4723 1813 4791 quod
1858 4732 2068 4777 natatus

493 4790 672 4859 inepte
712 4790 890 4863 rivulo
914 4791 1226 4863 aflingatur;
1269 4800 1543 4863 postremo
1585 4790 1726 4863 quod
1759 4793 1916 4860 paulo
1941 4802 2066 4847 ante

493 4863 767 4928 regionem
806 4861 893 4914 ubi
936 4861 1294 4929 sepeliebatur
1327 4863 1383 4916 B.
1416 4861 1626 4926 Petrus,
1669 4864 1864 4919 dixetit
1889 4879 2068 4917 canere

492 4931 645 4984 oliva.
677 4931 774 4985 lite
803 4931 960 5000 igitur
987 4931 1126 4986 idem
1156 4941 1401 4999 repetens
1443 4933 1537 4995 ait,
1590 4935 1818 4987 rivulum
1851 4934 1936 4986 ubi
1976 4948 2070 4999 per

493 5001 743 5072 pretiosa,
769 5015 1035 5056 marmora
1067 5004 1256 5069 ruerit,
1293 5004 1596 5072 clivumque
1636 5005 1931 5069 lubricarit,
1973 5002 2067 5058 ου-

494 5081 676 5126 ctuare
697 5070 995 5126 virentibus
1021 5073 1310 5142 corymbis.
1362 5075 1413 5127 id
1458 5070 1542 5129 est
1586 5075 1807 5128 ramulis
1836 5083 1891 5127 et
1933 5075 2071 5129 loliis

492 5143 754 5214 olearum.
798 5142 1018 5214 Reinsio
1062 5158 1168 5197 non
1211 5143 1412 5214 arridet
1439 5144 1706 5214 corymbo,
1750 5145 1873 5213 quia
1923 5145 1971 5196 id
2002 5145 2068 5198 ad

493 5213 686 5284 olivam
737 5212 925 5284 referri
969 5227 1126 5281 posse
1161 5227 1279 5284 non
1331 5212 1567 5284 videtur;
1610 5223 1675 5284 et
1721 5212 2068 5284 colymbades

492 5282 648 5336 olivae
678 5283 817 5350 apud
857 5280 1105 5352 Plinium,
1148 5280 1520 5349 Columellam,
1571 5283 1708 5337 alios
1735 5280 2026 5338 occurrunt
2055 5302 2067 5336 :

490 5367 609 5418 qua:
640 5352 713 5407 ita
739 5353 1073 5418 dicebantur.
1105 5353 1249 5419 quod
1275 5353 1481 5416 marite,
1515 5369 1618 5419 qua
1643 5365 1798 5408 erant
1839 5355 2070 5410 condita:

490 5423 817 5478 innatarent.
870 5425 998 5478 Muli
1044 5424 1132 5477 alii
1179 5423 1502 5493 colymbades
1541 5423 1697 5476 olivas
1738 5425 1789 5477 in
1839 5425 2085 5492 colymbo-

490 5493 758 5560 cogitant;
805 5493 899 5548 sed
930 5509 1036 5548 non
1063 5494 1220 5549 video
1259 5507 1362 5563 qua
1407 5494 1614 5563 ratione
1641 5493 1905 5563 colymbus
1947 5494 2070 5559 poni

492 5563 663 5628 possit
691 5578 790 5632 pro
815 5564 971 5626 oleis,
1003 5565 1244 5632 quamvis
1272 5562 1429 5618 ulivae
1458 5579 1487 5618 a
1523 5562 1795 5632 colymbo,
1839 5564 1954 5618 sive
1977 5579 2072 5617 na-

492 5632 690 5686 tatione
716 5633 1037 5701 colymbades
1076 5633 1342 5688 dicantur.
1394 5635 1709 5688 Parrhasius
1753 5634 1941 5688 scribit
1978 5649 2069 5688 co-

493 5701 684 5773 tymbo,
733 5710 788 5773 et
821 5703 904 5773 ait
945 5705 1248 5773 colymbum
1289 5719 1408 5759 esse
1455 5705 1660 5759 labrum
1693 5719 1799 5773 quo
1825 5704 2068 5759 deﬂuens

494 5768 635 5823 unda
662 5771 944 5838 excipitur.
989 5768 1286 5843 Janningus
1324 5776 1626 5845 colymhum
1655 5768 1882 5846 eiiilicat
1908 5790 2066 5832 cana-

2177 4513 2317 4566 licali
2344 4521 2574 4566 constat.
2604 4511 2922 4566 Prudentius
2965 4513 3057 4568 lib.
3089 4529 3103 4567 t
3134 4513 3186 4566 in
3216 4511 3421 4582 Symm.
3451 4527 3602 4566 vers.
3633 4513 3770 4577 585,

2179 4582 2443 4654 Quoﬁcinis
2483 4582 2722 4654 illeklatet
2750 4583 2995 4654 genitoris
3038 4581 3272 4654 amabilis
3299 4581 3466 4654 oIszes1
3500 4581 3575 4636 Ita
3605 4593 3774 4638 vocat

2175 4651 2232 4704 S.
2279 4653 2517 4706 Petrum.
2576 4651 3046 4707 Eminéntissimus
3098 4653 3386 4708 cardinalis
3433 4651 3773 4720 Garampius

2173 4722 2429 4790 singulari
2453 4723 2694 4776 doctrina
2733 4731 2788 4777 et
2836 4723 3137 4792 eruditione
3167 4723 3361 4792 ubique
3401 4732 3590 4785 notus,
3637 4723 3771 4777 dum

2174 4793 2417 4846 nuntium
2461 4793 2811 4860 apostolicum
2841 4791 2908 4846 ad
2939 4791 3203 4849 Cmsarem
3253 4791 3458 4861 ageret.
3501 4794 3555 4846 in
3587 4793 3774 4861 diplo-

2174 4873 2316 4917 mate
2347 4865 2471 4918 tlato
2506 4865 2772 4917 Varszivite
2799 4862 2865 4917 M
2895 4862 3170 4919 Februarii
3195 4863 3350 4924 1774.
3383 4864 3773 4931 antiquitatem

2174 4933 2432 5000 imitatus,
2459 4934 2753 5002 principem
2778 4934 3140 5001 apostolorum
3172 4944 3426 5002 pastorem
3455 4950 3517 4986 ac
3537 4936 3776 4988 nutrito-

2172 5020 2279 5056 rem
2326 5015 2554 5057 nostrum
2579 5013 2880 5072 opportune
2911 5006 3253 5073 nuncupavit.
3302 5003 3638 5058 Prudentius
3671 5020 3772 5058 au-

2175 5082 2279 5128 tem
2313 5074 2416 5129 hoc
2460 5076 2512 5128 in
2564 5076 2682 5128 loco
2711 5075 3007 5127 Romanum
3053 5074 3356 5142 pontificem
3399 5074 3684 5142 designat,
3718 5083 3774 5130 et

2175 5143 2521 5212 probabiliter
2552 5144 2725 5213 ipsum
2754 5143 3060 5210 Damasum,
3083 5145 3174 5214 qui
3203 5145 3404 5198 fontem
3433 5148 3770 5214 construxit.

2176 5215 2452 5269 Enuodins
2487 5215 2541 5268 in
2574 5215 2815 5268 versibus
2845 5230 2978 5282 quos
3029 5213 3154 5268 ante
3187 5215 3370 5279 retuli,
3402 5213 3773 5268 Prudentium

2173 5286 2450 5339 temulatus
2481 5286 2690 5340 videtur
2733 5302 2746 5336 :
2797 5283 3026 5337 Provida
3070 5285 3288 5353 pastoris
3320 5302 3409 5351 per
3432 5293 3599 5337 totum
3641 5301 3776 5337 cura

2173 5353 2360 5426 Leonis
2391 5355 2518 5410 Haec
2539 5356 2711 5408 ovibus
2743 5353 2934 5426 Christi
2973 5355 3118 5426 larga
3135 5358 3329 5426 ﬂuenta
3353 5355 3515 5409 dedit.
3549 5353 3616 5407 In
3649 5356 3777 5408 Pru-

2174 5425 2357 5546 ;lt;iitio
2388 5428 2548 5495 gelidi
2569 5426 2738 5496 rigore
2768 5424 2926 5494 fontis
2971 5424 3230 5495 accipitur
3266 5425 3413 5494 rigor
3440 5439 3532 5494 pro
3561 5440 3778 5495 magno

2199 5511 2390 5546 l‘lL’ttl‘ﬂ.

2199 5511 2390 5548 l‘lL’ill‘ﬂ.

2243 5535 2710 5628 Zizhi‘arrhasins,
2760 5563 2902 5618 Vatt.
2950 5565 3008 5630 Β,
3047 5563 3113 5631 ρ,
3161 5563 3317 5625 Man,
3361 5564 3538 5634 Prag.,
3608 5563 3774 5632 Rat.,

2173 5633 2391 5698 Wettz.,
2425 5637 2558 5699 (iis,
2597 5636 2804 5699 lleins.,
2835 5635 2990 5689 videt.
3024 5635 3208 5699 Ales.,
3237 5635 3388 5699 Urh.,
3427 5633 3605 5704 Egm.,
3645 5637 3774 5690 Vat.

2174 5707 2241 5770 υ,
2277 5707 2420 5764 ΑΜ..
2451 5706 2592 5757 vidit.

2247 5775 2335 5830 45.
2366 5774 2509 5842 Ald.,
2538 5773 2695 5828 Pauli
2732 5773 2976 5829 titulum:
3024 5774 3139 5844 lege
3179 5775 3383 5829 titulum
3412 5773 3592 5830 Pauli.
3637 5775 3779 5832 Pru-
