4030 6170
1397 210 1965 281 ΡΕΒΙ8ΤΕΡΠΔΝΟΝ
2006 224 2219 280 llYMN.
2264 225 2374 284 ΧΠ.

1889 334 2070 405 ΑδΟ

3452 230 3556 288 568

551 337 663 404 Qua
686 337 898 405 stringit
926 338 1098 389 amnis
1128 335 1384 404 cespitem
1413 338 1710 394 sinistrum.

456 431 671 502 1198
698 430 859 500 Regia
894 444 1087 499 pompa
1120 429 1223 483 loci
1260 438 1341 484 est
1372 444 1385 482 :
1415 430 1666 498 princeps
1688 429 1863 502 bonus

2219 336 2336 390 Lux
2361 343 2502 389 esset
2528 335 2690 401 intus,
2719 350 2816 391 ceu
2845 335 3002 404 iubar
3029 336 3128 390 sub
3157 345 3302 391 Ortu.

2160 427 2373 498 1199
2433 427 2678 481 Subdidit
2725 437 2780 482 et
2811 429 2984 497 parias
3031 426 3191 481 fulvis
3219 429 3555 497 laquearibus

1199 520 1317 595 [bas
1341 521 1576 576 sacravit
1604 535 1778 587 arces,

521 613 780 685 Lusitque
804 613 1010 683 magnis
1031 612 1291 667 ambitum
1327 613 1566 668 talentis.

451 703 762 761 Bracteolas
813 703 1054 759 trabibus
1111 703 1360 769 sublevit,
1411 714 1468 757 ut
1505 703 1680 757 omnis
1706 717 1868 756 auru-

1626 792 1792 864 [lenta

3107 519 3120 590 ί
3155 520 3454 580 columnas,

2222 609 2516 678 DiStinguit
2543 610 2650 664 illic
2678 626 2811 678 quas
2837 622 3128 680 quaternus
3156 611 3308 663 ordo.

2147 702 2284 757 Tum
2342 717 2592 756 camuros
2650 701 2806 773 byalo
2870 703 3062 773 insigni
3109 703 3255 757 varie
3318 703 3557 756 cucurrit

3265 791 3438 863 [arcus
3465 811 3477 845 :

1585 905 1870 962 CLOSSA“.
1911 904 2248 960 VETERES.

335 1024 429 1079 46.
461 1022 726 1092 Cespitem
757 1020 1053 1092 sinistrum,
1107 1019 1471 1092 meridianum,
1495 1031 1645 1092 uersu
1665 1016 1769 1068 vice
1789 1015 1857 1068 ad

264 1087 581 1150 occidentem
606 1093 843 1145 civitatis.
891 1091 1167 1146 Sinistrum
1208 1092 1376 1160 ripam
1400 1089 1544 1151 dicit,
1579 1087 1630 1138 id
1652 1096 1725 1138 est
1749 1101 1856 1138 me-

264 1165 556 1228 ridianum,
579 1180 720 1216 versa
741 1163 845 1216 uice
866 1162 934 1216 ad
957 1163 1290 1223 occidentem,
1316 1161 1357 1213 Ι.
1373 1199 1398 1218 ..

333 1234 431 1287 47.
476 1226 755 1301 Princeps,
807 1230 1194 1295 Constantinus,
1237 1231 1304 1296 l.,
1338 1228 1458 1282 Vat.
1493 1226 1560 1281 A.
1583 1226 1856 1289 ——Arces,

262 1304 459 1368 templa
482 1301 622 1356 Petri
647 1313 693 1355 et
719 1302 896 1364 Pauli,
933 1301 1052 1354 Vat.
1083 1302 1148 1354 A.
1573 1307 1576 1310 ’

321 1366 434 1430 ΑΒ.
466 1372 741 1441 Lusitque,
775 1372 993 1436 ornavit,
1020 1371 1165 1441 quasi
1209 1369 1432 1424 ludendo
1465 1368 1602 1438 fecit.
1627 1396 1696 1406 -—
1731 1366 1859 1421 Am-

262 1445 465 1506 bitum,
495 1443 788 1509 circuitum,
815 1443 854 1496 Ι.

333 1514 428 1568 49.
466 1508 791 1578 Braeteolas,
838 1510 1005 1566 trabes
1045 1527 1163 1564 cum
1189 1508 1478 1576 bracteolis,
1512 1509 1749 1566 laminas.
1782 1537 1851 1548 --

262 1585 534 1649 Snblevit,
585 1582 934 1647 circumdedit,
973 1583 1174 1652 junxit,
1216 1598 1248 1635 a
1294 1580 1539 1636 liniendo.
1573 1607 1641 1619 —-
1672 1582 1852 1634 Auru-

265 1655 435 1724 lenta,
463 1668 592 1707 auro
613 1653 785 1724 plena.
815 1651 855 1706 Ι.

2035 1014 2126 1067 51.
2159 1011 2362 1076 Parias,
2395 1010 3008 1078 candidas,marmoreas.
3032 1043 3099 1052 —
3132 1012 3329 1077 Fulvis,
3355 1017 3547 1083 rubeis,

1964 1086 2181 1146 auratis,
2213 1083 2251 1134 Ι.

2039 1151 2431 1225 55.Camuros,
2484 1151 2866 1225 curvos,_Vat.
2925 1154 2992 1208 A.
3047 1153 3330 1225 Recurvas,
3395 1153 3547 1225 Prag.
3625 1194 3629 1198 ι

1965 1223 2182 1288 Curvos,
2240 1223 2517 1275 introrsum
2586 1222 2948 1291 respicientes;
3011 1239 3211 1278 curvos.
3273 1222 3550 1278 Camuruin

1971 1294 2150 1348 (ἔνατα
2194 1309 2437 1366 curuum;
2479 1291 2602 1366 inde
2653 1303 2909 1366 camerata
2954 1293 3138 1345 domus
3159 1297 3308 1366 cujus
3351 1295 3550 1349 testudo

1968 1381 2122 1418 curva
2146 1372 2220 1434 est
2236 1381 2253 1428 ;
2274 1363 2394 1416 inde
2421 1362 2673 1434 cantelum
2707 1363 2901 1414 animal
2938 1362 3242 1434 tortuosum.
3266 1394 3335 1403 —
3358 1366 3548 1434 llyalo,

1973 1436 2122 1488 vitro.
2148 1433 2383 1504 Hyalum
2411 1432 2592 1485 Latine
2610 1435 2798 1485 vitrum
2825 1434 3038 1487 dicitur.
3067 1464 3140 1475 ——
3167 1432 3434 1497 Cucurrit,
3464 1451 3549 1488 or-

1953 1506 2124 1558 nando
2156 1519 2174 1565 ;
2208 1503 2215 1504 ί
2244 1504 2428 1575 pinxit.
2469 1531 2539 1543 —-
2568 1506 2763 1575 A_rcus,
2795 1505 3036 1570 fornices,
3079 1504 3120 1558 l.
3151 1533 3222 1548 ν-
3253 1503 3442 1575 ῐιγδιο,
3476 1507 3548 1559 vi-

1953 1586 2052 1639 tro,
2087 1575 2204 1629 Vat.
2237 1578 2326 1640 A.,
2353 1573 2547 1628 Rat.—
2578 1573 2850 1641 Cucurrit,
2881 1575 3069 1643 pinxit,
3100 1577 3219 1630 llat.

1614 1761 2178 1821 COMMENTARIUS.

263 1876 482 1936 d'entius
505 1881 721 1934 tertium
744 1880 932 1945 pedem
962 1893 1175 1946 semper
1203 1879 1329 1934 facit
1358 1878 1691 1948 spondtenm,
1720 1877 1858 1931 duos
1892 1879 1938 1939 Β

263 1953 474 2019 primos
535 1960 589 2004 ct
620 1967 868 2018 quartum
909 1949 1168 2018 dactylos.
1215 1950 1478 2004 Cellarios
1521 1950 1730 2004 titulum
1761 1963 1856 2019 ex-

260 2018 416 2090 ponit
469 2022 870 2090 inscriptionem
902 2021 1156 2086 sepulcri,
1190 2021 1428 2090 plerique
1463 2018 1856 2090 basilicamiip-

259 2089 373 2144 eam
399 2090 704 2146 Ostiensem
729 2090 785 2146 8.
820 2091 991 2145 Pauli.
1027 2090 1248 2158 Proprie
1273 2089 1594 2145 Prudentius
1642 2089 1852 2144 titulum

264 2161 351 2215 hc
380 2170 543 2215 vocat
587 2163 915 2227 sepulcrum,
960 2170 1014 2216 et
1061 2161 1382 2230 peculiarins
1421 2175 1544 2212 ossa
1601 2160 1855 2228 sepulcro

261 2230 507 2296 condita,
541 2232 708 2285 utitur
742 2231 885 2286 enim
923 2231 1089 2285 verbo
1115 2232 1219 2285 sibi
1267 2229 1511 2284 familiari
1541 2231 1606 2284 ad
1651 2229 1856 2298 sign’li-

262 2302 501 2355 cundum
558 2315 676 2355 ossn
730 2303 782 2356 in
826 2303 910 2356 via
955 2301 1189 2357 OSIiensi
1229 2316 1347 2356 esse
1375 2301 1609 2365 condita,
1661 2309 1848 2365 servat,

265 2387 374 2440 quo
423 2372 712 2427 denotatur
733 2387 960 2442 corpora
999 2381 1302 2427 sanctorum
1324 2381 1637 2442 exspectare
1677 2385 1855 2442 restirf

260 2445 584 2513 rectionem.
612 2443 665 2497 In
693 2440 997 2513 Hippolyto,
1027 2457 1168 2512 vers.
1199 2443 1325 2513 ηδ,
1350 2441 1532 2513 Servat
1579 2442 1644 2492 ad
1681 2440 1855 2513 (τίετῃὶ

257 2528 400 2581 spem
439 2511 636 2580 jmlicis
684 2530 801 2566 ossa
823 2511 1096 2578 sepulcro;
1128 2512 1266 2582 quod
1315 2511 1557 2582 p’uribns
1581 2511 1855 2580 pioscqni-

262 2590 350 2635 tur
422 2587 474 2636 in
525 2583 722 2651 hymno
786 2581 1210 2650 Exsequiarum,
1244 2597 1384 2636 vers.
1435 2581 1538 2636 125
1581 2589 1637 2634 et
1666 2595 1854 2651 seqq,

259 2651 422 2705 Nunc
452 2650 673 2720 suscipe,
703 2664 858 2720 terra,
895 2652 1306 2722 [oceudum,etc.
1325 2651 1456 2707 Vide
1484 2651 1586 2706 alia
1615 2650 1679 2705 ad
1711 2666 1851 2706 vers.

257 2722 293 2775 ἓ
314 2722 510 2795 hymni
541 2723 606 2776 l8
638 2733 952 2795 martyrum.

329 2794 433 2847 47.
473 2794 626 2863 Egm.
659 2791 819 2856 male,
869 2794 963 2847 hac
991 2808 1086 2862 pro
1111 2794 1225 2847 has.
1262 2792 1594 2848 Describitur
1630 2791 1852 2845 basilica

259 2861 541 2918 Ostiensis
577 2863 636 2919 8.
681 2865 868 2927 Pauli;
921 2861 1092 2932 neque
1131 2865 1273 2918 enim
1306 2881 1447 2917 arces
1475 2872 1602 2916 sunt
1647 2863 1852 2929 templa

261 2935 412 2988 Petri
446 2944 513 2989 et.
533 2934 703 3000 Pauli,
734 2935 793 2988 iit
836 2934 888 2988 in
917 2935 1092 3003 glossa
1124 2935 1155 2987 d
1181 2935 1340 2996 citur,
1367 2935 1461 2989 sed
1503 2935 1673 2987 solum
1715 2942 1852 3003 teni-

262 3007 416 3070 plum
466 3005 613 3058 Pauli
663 3022 677 3058 :
725 3002 987 3072 siquidem
1032 3004 1290 3071 templum
1337 3005 1589 3059 Ostiense
1639 3002 1742 3056 srli
1787 3003 1848 3057 S.

264 3075 441 3128 Paulo
467 3087 839 3129 consecratum
863 3084 964 3138 est,
996 3080 1250 3142 templum
1282 3075 1592 3128 Vaticanum
1645 3075 1746 3128 soli
1790 3074 1847 3128 S.

261 3142 452 3200 Petro.
481 3143 734 3201 Nonnulli
766 3145 887 3210 viri,
917 3145 1150 3213 alioquin
1182 3145 1498 3209 doctissimi,
1531 3154 1585 3198 et
1610 3145 1698 3213 qui
1739 3142 1850 3198 Ro-

259 3231 364 3304 mae
390 3216 725 3304 scribebant.
768 3215 1121 3304 aflirimarunt‘
1150 3216 1420 3304 templurn‘
1439 3215 1754 3304 vaticanum
1795 3215 1847 3269 in
1876 3241 1924 3304 ϐ

261 3287 532 3340 honorem
559 3285 655 3339 SS.
689 3286 1049 3355 apostolorum
1083 3285 1224 3339 Petri
1277 3295 1331 3340 et
1380 3285 1530 3339 Pauli
1574 3300 1694 3339 esse
1732 3299 1850 3339 ere-

260 3366 450 3420 ctum;
499 3355 590 3425 qui
634 3356 978 3425 inscriptione
1008 3356 1142 3425 ipsa,
1165 3370 1284 3424 quae
1324 3355 1513 3409 litteris
1537 3356 1850 3410 enormibus

263 3439 396 3480 ante
445 3424 592 3480 fores
636 3427 817 3495 templi
851 3424 1092 3480 Vaticani
1133 3434 1298 3495 patet,
1334 3427 1464 3480 satis
1507 3425 1846 3480 refelluntur.

262 3496 494 3552 Sacrare
520 3513 659 3551 orces
679 3496 748 3550 de
787 3497 1110 3564 imperatore
1137 3497 1228 3566 qui
1257 3495 1514 3566 templum
1550 3497 1851 3550 construxit

261 3577 410 3637 recte
437 3567 654 3631 dicitur,
689 3576 748 3621 ut
774 3563 912 3637 apud
945 3567 1002 3622 S.
1037 3563 1322 3637 Damasum
1353 3563 1421 3620 de
1457 3563 1806 3637 Constantina
1833 3582 1846 3619 :

265 3636 508 3708 Sacr-nuit
530 3639 772 3708 templum
791 3636 1009 3708 uictricis
1048 3636 1261 3708 virginis
1283 3638 1470 3708 Agnes.
1516 3636 1593 3708 De
1620 3650 1726 3704 quo
1755 3651 1851 3688 au-

262 3715 371 3761 tem
418 3706 748 3773 imperatore
793 3706 1232 3762 Prudentius’sit
1287 3706 1687 3775 intelligendus,
1740 3721 1848 3761 non

262 3779 526 3831 muvenit
552 3777 691 3832 inter
715 3790 984 3834 auctores.
1033 3778 1282 3848 Plerique
1306 3776 1714 3848 Constantinum
1745 3791 1848 3848 pu-

264 3856 379 3900 tant
408 3861 562 3911 esse;
603 3847 693 3902 alii
727 3847 1294 3904 Valentinianum.’At
1332 3862 1399 3902 ex
1439 3847 1606 3901 veteri
1652 3847 1849 3900 inscri-

262 3919 454 4039 ptione
467 3933 589 3986 quae
609 3921 898 3973 etiamnum
910 3927 1085 3973 exstat
1102 3919 1154 3973 in
1167 3933 1294 3972 arcu
1317 3916 1504 3986 majori
1523 3916 1852 3982 Dasilicaa,de

311 3989 578 4039 heodosio
600 3989 648 4039 id
672 4005 733 4039 ex
743 3989 1047 4039 nlicandum
1070 4005 1192 4039 esse
1206 3998 1392 4039 auerte
1413 3987 1844 4039 demonstratur:

311 3989 578 4042 heodosio
600 3989 648 4041 id
672 3989 1047 4055 explicandum
1070 4005 1192 4043 esse
1206 3998 1392 4057 aperte
1413 3987 1844 4057 demonstratur:

265 4056 557 4111 Teodosius
581 4061 731 4126 cepit,
754 4060 965 4128 perfecit
981 4059 1203 4112 Unorius
1223 4056 1395 4111 aulam
1417 4056 1651 4112 Doctoris
1672 4059 1850 4111 mundi

262 4137 526 4199 sacratam
546 4145 754 4195 corpore
781 4132 933 4183 Pauli
963 4128 1211 4183 Placidia:
1233 4131 1317 4197 pia
1339 4145 1474 4182 mens
1507 4129 1674 4199 aperis
1695 4129 1849 4199 decus

263 4197 454 4252 lsomne
471 4203 670 4268 paterni
693 4199 889 4254 Gaudet
913 4200 1168 4269 pontiﬁcis
1208 4200 1377 4253 studio
1414 4197 1680 4269 splendere
1723 4197 1853 4252 Leo-

264 4270 370 4322 nis.
425 4267 578 4322 Edita
609 4271 737 4324 olim
787 4267 921 4324 huic
943 4267 1348 4338 fuitinsm'iptio
1379 4271 1430 4322 in
1457 4283 1622 4336 opere
1656 4267 1849 4322 Inscri-

263 4341 467 4407 ptiones
500 4341 720 4408 antiqua:
745 4341 980 4396 basilica:
1009 4341 1066 4394 S.
1098 4341 1244 4394 Pauli
1269 4340 1454 4394 Romae
1483 4339 1620 4393 1654
1641 4338 1843 4404 ἱηοΐυ1,,

263 4420 318 4480 et
358 4412 414 4462 in
445 4411 626 4480 multis
666 4412 784 4466 aliis
822 4412 1074 4480 operibus
1097 4413 1320 4478 repetita
1363 4419 1467 4465 est.
1513 4410 1848 4480 Theodosius

264 4477 531 4550 Sallustio
571 4481 822 4549 praefecto
850 4477 1009 4536 Urbis
1041 4485 1294 4550 prmcepit
1322 4489 1381 4535 ut
1407 4495 1590 4534 curam
1614 4479 1847 4533 basizica:

265 4549 326 4602 S.
361 4547 516 4603 Pauli
538 4547 763 4617 apostoli
793 4547 1076 4617 magniﬁce
1104 4547 1478 4606 construenda:
1507 4551 1842 4618 susciperet;

2041 1876 2126 1930 49.
2159 1874 2385 1943 Widm.,
2413 1876 2668 1948 VattLA,
2720 1877 2786 1942 ρ,
2819 1877 2970 1940 Man,
3008 1879 3187 1947 Frag,
3235 1878 3374 1937 ΒΜ..
3423 1875 3544 1948 sup-

1963 1947 2250 2028 pleritpro
2284 1948 2522 2028 sub/erit.
2553 1945 2771 2028 Teolins
2813 1951 3042 2016 glossam
3077 1945 3129 2000 iii
3158 1950 3365 2003 duobus
3402 1945 3542 2005 Vntt.
3590 2008 3597 2014 ,

1961 2018 2507 2088 invenitsubsfracit,
2547 2018 2698 2088 quasi
2747 2019 3000 2088 laqueare
3032 2035 3135 2072 non
3165 2029 3368 2072 tantum
3410 2037 3542 2076 auro

1962 2087 2148 2140 illitum
2184 2086 2394 2152 luisset,
2424 2089 2518 2141 sed
2543 2086 2706 2142 etiam
2741 2086 2952 2143 laminis
2974 2091 3160 2144 so!idis
3188 2090 3539 2144 substratnm.

1959 2157 2388 2231 l_n__Egr_n.glossa
2418 2166 2502 2231 est
2529 2160 2668 2231 apud
2701 2160 3060 2214 Burm‘vnnnm
3086 2161 3137 2214 in
3157 2160 3540 2231 Antlto‘.,pag.

1959 2228 2085 2290 517,
2119 2226 2432 2292 Bracteolas,
2464 2227 2682 2283 laminas
2713 2231 3034 2283 tenuissimas
3065 2232 3200 2284 auri.
3253 2230 3356 2284 Pro
3386 2226 3544 2284 auru-

1960 2297 2104 2352 lenta
2121 2298 2290 2352 Aldus
2303 2314 2424 2351 cum
2445 2297 2575 2354 Urb.
2600 2300 2786 2353 scribit
2801 2301 3233 2358 aurolenta.l)i(‘.it
3251 2301 3542 2363 aurulenta.

1957 2379 2017 2421 ut
2046 2368 2176 2422 alibi
2211 2371 2471 2422 rorulenta
2505 2377 2560 2422 et
2588 2369 2872 2424 rosulenta.
2903 2370 3006 2424 Pro
3037 2373 3340 2425 aurulenttts
3368 2371 3540 2426 solum

1961 2437 2309 2508 Prudentium
2331 2439 2897 2508 allegatForcellinus.
2927 2441 2998 2494 De
3023 2441 3122 2496 hac
3150 2443 3540 2497 consuetudine

1963 2507 2248 2578 inaurandi
2273 2507 2455 2563 trabes
2478 2517 2740 2564 tectorum
2783 2511 2992 2578 Lipsius
3021 2511 3088 2564 de
3122 2511 3338 2578 Magnit.
3378 2514 3536 2565 ltom.

1957 2577 2051 2631 lib.
2080 2593 2158 2642 in,
2183 2593 2304 2646 cap.
2336 2580 2422 2633 M.
2454 2579 2722 2634 Arnobius
2753 2577 2856 2634 lib.
2877 2597 2927 2634 vr
2955 2598 2966 2633 :
2997 2581 3114 2634 Sint
3137 2596 3259 2647 ergo
3280 2581 3388 2632 lucc
3424 2582 3538 2634 licet

1955 2657 2042 2701 aut
2083 2665 2146 2702 ea:
2184 2649 2403 2701 molibus
2451 2651 2747 2702 marmoreis
2783 2660 2995 2712 structa,
3028 2665 3387 2712 mouentium
3437 2659 3538 2704 Αντ-

1957 2733 2251 2773 ιιεΝωεΑΝτ
2277 2726 2493 2783 AUREIS;
2523 2718 2826 2787 splendeant
2869 2720 2950 2774 Itic
2993 2736 3204 2789 gemma:
3241 2729 3288 2773 et
3317 2720 3538 2774 sidereos

1959 2800 2193 2842 evomant
2226 2790 2424 2868 variata
2452 2789 2766 2868 intersilione
2795 2790 2930 2862 (alit.
2976 2791 3402 2860 interstinctione)
3429 2794 3535 2860 ful-

1951 2874 2100 2928 gores
2122 2874 2140 2912 :
2163 2869 2298 2912 terra
2317 2860 2426 2913 inec
2447 2870 2565 2914 sunt
2588 2860 2779 2914 omnia.

2025 2927 2112 2982 50.
2139 2930 2423 2983 BroWerus
2446 2930 2510 2983 ad
2531 2929 2805 2984 Fortunat.
2831 2942 2951 2998 pag.
2975 2928 3042 2984 60
3065 2929 3136 2983 ait
3159 2926 3535 2997 Fui-lunatum,

1953 3000 2096 3066 quod
2123 3013 2150 3053 a
2184 2999 2348 3052 radiis
2374 3001 2640 3054 solaribus
2663 3001 2875 3064 inlusis,
2905 3001 3152 3068 bonoque
3176 3001 3374 3055 lumine
3403 3012 3537 3054 tcm-

1955 3065 2036 3136 pla
2066 3069 2531 3138 saepe-collaudat,
2576 3069 2782 3125 Sidonii
2814 3065 3077 3137 exeinplo'
3103 3065 3152 3123 id
3189 3071 3400 3125 lecisse.
3429 3072 3534 3126 Sed

1952 3148 2181 3208 uterque
2221 3139 2568 3193 Prudentium
2601 3149 2876 3195 auctorem
2913 3138 3093 3195 habet.
3129 3139 3404 3204 Sidonius,
3441 3142 3535 3196 lib.

1956 3225 2014 3274 ll,
2041 3211 2197 3277 epist.
2233 3210 2291 3265 l0
2317 3226 2332 3267 :
2359 3208 2511 3264 Intus
2539 3211 2630 3264 lux
2652 3211 2820 3280 n_tirat,
2847 3221 2999 3280 atque
3025 3213 3337 3264 bracteatum
3365 3212 3442 3265 sol
3465 3213 3536 3264 sic

1953 3280 2263 3334 sollicitatur
2300 3281 2369 3332 ad
2392 3282 2624 3342 lacunar,
2657 3278 2824 3334 Fulvo
2849 3292 2902 3334 ut
2914 3278 3164 3334 concolor
3192 3290 3323 3334 erret
3350 3283 3401 3334 in
3434 3298 3537 3334 me-

1953 3352 2103 3404 tallo.
2133 3350 2482 3413 Fortunatus,
2527 3353 2618 3407 lib.
2653 3355 2728 3413 m‘,
2760 3367 2930 3406 carm.
2955 3351 3019 3404 'l:
3059 3349 3166 3417 Ire,
3192 3355 3358 3406 redire
3379 3355 3537 3417 vides,

1953 3423 2102 3492 radio
2117 3422 2394 3492 crispante,
2418 3421 2631 3492 ﬁguras,
2669 3423 2832 3490 Atque
2854 3422 3068 3476 lacunar
3104 3424 3230 3492 agit,
3253 3436 3388 3491 quoa
3415 3439 3530 3476 ma-

1951 3491 2023 3544 ris
2045 3491 2184 3544 unda
2203 3492 2347 3544 solet.

2023 3562 2113 3616 51.
2139 3559 2330 3615 Adhuc
2368 3571 2544 3616 exstat
2605 3562 2659 3616 in
2706 3561 2923 3617 basilica
2957 3561 3014 3618 8.
3062 3561 3208 3616 Pauli
3245 3567 3537 3631 quaternus

1952 3632 2088 3703 ordo
2110 3632 2502 3687 columnarum.
2528 3631 2791 3703 Nonesse
2817 3635 3010 3703 parias,
3035 3641 3092 3703 ut
3112 3647 3204 3703 eas
3222 3634 3376 3688 vocat
3407 3633 3538 3688 Prn-

1952 3701 2191 3767 dentius,
2213 3709 2361 3756 recte
2389 3703 2591 3756 notavit
2618 3702 2688 3756 cl.
2713 3699 2827 3756 Fea'
2851 3703 2915 3755 ad
2949 3701 3104 3757 Vink.
3137 3699 3228 3756 lib.
3262 3719 3303 3764 ι,
3331 3719 3451 3772 cap.
3475 3706 3532 3767 2.

1952 3776 2042 3840 qui
2073 3775 2324 3841 opinatur
2347 3786 2438 3826 eas
2469 3775 2519 3826 in
2546 3772 2665 3826 aliis
2694 3773 3087 3842 antiquioribus
3113 3772 3353 3828 aediliciis
3390 3778 3538 3841 pr'us

1955 3842 2122 3898 fuisse
2143 3842 2455 3907 collocatas,
2481 3858 2586 3896 non
2606 3858 2733 3896 vero
2762 3844 2814 3897 in
2844 3844 2985 3897 mole
3016 3843 3292 3900 Hadriani.
3326 3845 3536 3912 utvulgi

1955 3911 2059 3966 fert
2101 3913 2303 3980 opinio.
2361 3914 2616 3967 Dicuntur
2647 3928 2775 3967 vero
2821 3913 2984 3981 paria:
3027 3926 3056 3966 a
3099 3914 3392 3982 Prutlcntio
3442 3911 3536 3982 per

1953 3979 2360 4054 metonymiam,
2394 3999 2494 4050 qua
2543 3999 2643 4054 una
2673 3979 2880 4050 species
2912 3999 3006 4052 pro
3038 3999 3067 4038 a
3094 3984 3140 4037 ia
3183 3979 3416 4049 ponitur.
3445 3979 3532 4037 Μ

1952 4054 2076 4123 quia
2105 4053 2310 4123 parium
2341 4055 2392 4106 in
2421 4057 2589 4108 sacris
2624 4053 2839 4109 Litteris
2876 4058 3102 4108 sumitur
3132 4069 3228 4122 pro
3268 4069 3536 4108 marmore

1952 4127 2206 4192 pretioso.
2245 4123 2475 4191 Paralip.
2501 4126 2539 4190 Ι,
2576 4123 2792 4187 xxtx.‘2,
2827 4125 2889 4177 Et
2915 4139 3136 4177 marmor
3157 4125 3354 4194 parium
3377 4127 3538 4194 abun-

1952 4195 2272 4319 gantissime,
2317 4194 2402 4248 tibi
2459 4205 2636 4250 textus
2687 4194 2982 4249 liebraicus
3025 4191 3186 4249 habet
3230 4195 3428 4266 lapides
3473 4191 3538 4248 ile

1997 4281 2096 4318 ais.

1997 4281 2096 4318 ατε.

2025 4335 2116 4391 55.
2151 4337 2299 4401 Altl.,
2335 4337 2466 4392 Mur.
2498 4353 2526 4389 a
2559 4336 2729 4405 prima
2761 4350 2942 4405 manu,
2979 4334 3153 4397 Alex.,
3189 4333 3416 4398 Widm.,
3448 4351 3538 4388 cu-

1953 4421 2146 4475 myros.
2178 4408 2310 4460 Mar.
2332 4422 2360 4459 a
2383 4404 2613 4460 secunda
2641 4423 2820 4470 manu,
2852 4404 3110 4467 Hollsbr.,
3132 4421 3380 4460 cameras.
3411 4406 3534 4460 Val.

1953 4474 2018 4540 A,
2051 4474 2200 4545 Rat.,
2246 4477 2428 4543 Prag.,
2477 4476 2810 4538 Parrhasius,
2846 4477 3083 4527 camiros.
3117 4475 3235 4545 Vat.
3276 4477 3342 4541 Ο,
3377 4475 3534 4540 Urlr,

1955 4544 2452 4613 mendose,carros.
2473 4545 2694 4614 Weitr..,
2719 4545 2859 4610 Cis.,
2889 4545 3099 4608 lleins.,
3133 4544 3250 4600 Vat.
3285 4547 3324 4599 P
3345 4556 3400 4600 ct
3423 4549 3534 4611 alii,

261 4619 536 4690 Batonius
575 4621 638 4673 ad
689 4639 813 4677 ann.
847 4623 952 4678 586
992 4622 1198 4676 litteras
1246 4622 1623 4690 Valentiniani,
1660 4617 1843 4690 Theo-
1873 4617 1926 4677 D
1951 4633 2204 4673 carituros.
2231 4617 2701 4690 Proilzyalo,Prag.
2729 4617 2895 4677 hiala;
2921 4630 3016 4690 pro
3040 4617 3195 4682 varie,
3222 4617 3341 4671 Ald.
3363 4618 3536 4683 variaz;

265 4689 406 4743 dosii
432 4700 485 4744 et
511 4691 721 4746 Arcadii
757 4694 972 4748 nomine
1001 4694 1066 4746 ad
1108 4693 1416 4746 Sallustium
1451 4693 1604 4746 datas
1631 4707 1693 4745 ex
1724 4689 1846 4745 cod.

267 4758 535 4832 Vaticano
558 4762 865 4832 descripsit,
906 4779 969 4817 ex
994 4764 1186 4832 quibus
1215 4771 1547 4831 compertum
1590 4769 1674 4815 est
1705 4771 1852 4816 vete-

267 4845 388 4883 rem
433 4830 707 4886 basilicam
741 4830 780 4886 ra
807 4830 1158 4888 Constantino
1201 4841 1435 4887 erectam
1466 4833 1715 4887 debuisse
1758 4833 1850 4887 de-

266 4901 430 4964 strui,
463 4917 761 4971 novaniqne
787 4906 1099 4972 ampliorem
1124 4904 1384 4956 construi.

237 5035 242 5040 ‘
282 5041 286 5042 ν
341 4972 437 5026 48.
471 4972 588 5026 Vat.
617 4977 680 5038 Α,
707 4976 981 5040 mendose,
1000 4976 1170 5028 elusit.
1197 4973 1845 5042 Fabr.,Gis.,clausitque.

269 5041 380 5096 Sed
409 5043 680 5096 Ciselinus
711 5047 762 5098 in
807 5056 931 5099 nota
961 5046 1033 5097 uit
1074 5046 1315 5114 lusitque,
1347 5055 1400 5096 et
1435 5044 1686 5112 explicat,
1713 5041 1848 5099 adeo

270 5114 571 5167 liberaliter
591 5117 782 5181 erexit,
813 5127 866 5169 ut
893 5116 1195 5184 sumptibus
1222 5115 1523 5183 pepercisse
1547 5130 1649 5168 noo
1675 5115 1851 5170 videa-

270 5191 380 5254 t_ur.
407 5183 473 5236 Et
497 5184 548 5236 in
580 5185 747 5252 prima
774 5187 986 5254 quidem
1019 5183 1253 5240 editione
1283 5185 1551 5238 Giselinus
1572 5187 1850 5253 amplexus

273 5252 452 5325 fuerat
500 5255 755 5321 lusitque;
793 5252 890 5310 sed
931 5257 1048 5325 ejus
1075 5256 1363 5322 explicatio
1405 5255 1581 5321 inepta
1607 5252 1708 5309 est.
1735 5256 1846 5308 Lu-

271 5324 393 5376 dere
424 5339 520 5396 pro
547 5326 754 5393 pingere
783 5343 809 5379 a
837 5324 1122 5382 Prudentio
1151 5327 1345 5380 dicitur
1373 5326 1466 5379 lib.
1501 5339 1534 5377 ιι
1566 5327 1614 5379 in
1639 5327 1845 5396 Symm.

273 5407 417 5446 Vors.
450 5395 542 5457 44,
577 5396 738 5448 Aucta
767 5400 1008 5450 coloratis
1033 5397 1240 5450 auderet
1265 5396 1437 5450 ludere
1464 5396 1617 5465 fucis.
1650 5397 1703 5450 ln
1730 5395 1849 5464 Hip-

274 5466 384 5530 pol.
413 5478 535 5518 vers
564 5466 685 5528 £30,
711 5467 922 5521 Luserat
946 5484 972 5520 e
1011 5468 1166 5520 minio
1189 5467 1468 5519 russeolam
1496 5467 1707 5520 saniem.
1742 5467 1850 5520 Me-

275 5534 376 5606 lius
427 5535 658 5606 fortasse
704 5537 849 5606 leges
897 5538 1048 5593 clusit
1095 5553 1190 5605 pro
1228 5537 1457 5590 clausit:
1490 5551 1598 5606 quo
1645 5545 1853 5603 spectat

276 5604 459 5680 glossa
497 5605 561 5659 ad
594 5604 828 5680 sublevit,
861 5623 981 5678 quae
1007 5604 1332 5680 transposita
1369 5604 1601 5676 videtur,
1630 5617 1682 5663 ct
1717 5608 1854 5662 lavet

282 5678 398 5733 Vat.
434 5677 502 5748 Α,
527 5686 574 5732 cl
605 5679 660 5731 in
684 5681 892 5737 iacteris
921 5681 1064 5736 lusit.

1955 4703 2053 4757 pro
2070 4689 2487 4756 cucurrit,Mar.,
2513 4689 2657 4755 llat.,
2679 4687 3029 4754 percucurrit:
3046 4702 3165 4756 qua:
3186 4690 3363 4741 omnia
3390 4702 3539 4742 men-

1955 4761 2086 4814 dose
2113 4770 2236 4812 sunt
2265 4761 2481 4827 scripta.
2527 4758 2793 4814 Cauchius
2817 4773 2914 4826 pro
2938 4761 3157 4811 cucurrit
3200 4759 3432 4813 malebat
3459 4775 3538 4810 re-

1953 4839 2162 4891 curvat;
2185 4829 2278 4885 sed
2302 4833 2524 4884 cucurrit
2541 4845 2728 4885 verum
2752 4839 2853 4884 est.
2874 4829 3166 4882 Salmasius
3179 4840 3232 4884 et
3252 4830 3538 4898 aliquando

1955 4899 2209 4954 lleinsius
2253 4903 2511 4969 putabant
2541 4916 2780 4954 camurus
2820 4901 3043 4953 cucurrit
3072 4915 3240 4965 arcus,
3275 4910 3331 4951 ut
3378 4912 3537 4969 arcus

1957 4969 2070 5038 ipse
2099 4967 2425 5037 cucurrerit,
2475 4982 2636 5042 atque
2685 4973 2754 5026 ita
2805 4972 3044 5026 ediderat
3094 4970 3395 5042 Fabricius.
3424 4967 3534 5042 Sed

1957 5042 2204 5109 princeps
2235 5042 2406 5094 bonus
2432 5039 2622 5112 estqui
2649 5043 2882 5096 cucurrit
2908 5054 3156 5112 camuros
3178 5055 3356 5102 arcus,
3384 5039 3435 5091 id
3454 5047 3537 5092 est

1957 5113 2297 5165 continenter
2331 5109 2565 5168 ornavit'
2594 5115 2751 5184 hyalo
2791 5113 3004 5179 insigni.
3052 5109 3265 5184 Currere
3291 5124 3385 5184 pro
3415 5123 3537 5176 per-

1959 5196 2175 5235 currere
2214 5193 2336 5235 cum
2381 5179 2666 5238 accusandi
2692 5198 2815 5239 casu
2849 5192 3021 5236 exstat
3065 5181 3202 5247 apud
3237 5181 3293 5233 S.
3340 5179 3534 5233 Dama-

1959 5266 2078 5305 sum
2106 5251 2174 5304 de
2195 5251 2250 5306 S.
2285 5255 2513 5321 Agatlia.
2550 5257 2774 5311 Veteres
2811 5253 2991 5307 verbis
3035 5251 3365 5318 simplicibus
3391 5264 3536 5315 δίειιο

1963 5338 2060 5388 pro
2089 5325 2403 5392 compositis
2453 5327 2760 5388 utebantur,
2813 5331 2871 5376 ut
2909 5330 3097 5374 vertere
3142 5335 3238 5386 pro
3268 5329 3532 5392 evertere.

1957 5390 2228 5448 Camuros
2243 5409 2362 5450 esse
2377 5411 2570 5450 curvos
2588 5397 2777 5463 glossa;
2799 5392 3008 5452 docent,
3020 5399 3080 5463 et
3103 5392 3385 5463 confirmat
3409 5390 3536 5463 Ser:

1958 5467 2077 5518 vius
2130 5465 2196 5517 ad
2238 5481 2377 5519 vers.
2431 5467 2498 5518 5‘i
2530 5457 2620 5519 lib”.
2655 5479 2707 5516 tt:
2737 5461 2932 5525 Georg.
2962 5477 2976 5511 :
3006 5457 3241 5514 Camuris
3273 5463 3421 5514 hirta?
3444 5461 3536 5515 sub

1959 5534 2196 5589 cornibus
2221 5552 2390 5598 aures,
2423 5537 2476 5586 id
2497 5545 2570 5587 cst
2591 5533 2776 5598 curris,
2805 5532 3006 5603 undeet
3029 5546 3242 5584 camertc
3272 5532 3536 5603 appellan-

1962 5615 2064 5659 tur.
2109 5605 2244 5667 Quid
2295 5617 2469 5656 autent
2505 5603 2766 5670 signiticet
2813 5601 2952 5668 quod
3005 5603 3296 5667 imperator
3342 5601 3537 5657 curvos

1963 5690 2120 5732 arcus
2148 5675 2304 5744 hyalo
2335 5674 2524 5744 insigni
2550 5672 2693 5728 varie
2715 5673 3062 5744 percurrerit,
3089 5689 3200 5728 non
3220 5675 3348 5732 satis
3365 5675 3536 5730 adhuc
