4030 6170
510 276 613 333 567

757 406 970 479 1200
995 404 1082 463 Sic
1104 415 1251 477 prata
1279 406 1458 461 vernis
1482 404 1702 461 ﬁoribus
1729 406 1994 462 renident.

581 499 648 557 55
723 501 865 558 Ecce
884 502 1018 558 duas
1041 501 1163 556 ﬁdei
1181 514 1392 556 suntme
1414 500 1571 555 l’atrc
1585 499 1896 555 conferente
1914 500 2091 568 dotes,

764 593 891 649 Urbi
922 592 1176 648 colendas
1201 605 1335 661 quas
1360 590 1507 645 dedit
1537 600 1753 659 togata.

685 685 903 754 Aspice,
932 700 1027 754 per
1055 683 1247 739 bilidas
1278 683 1429 754 plebs
1461 683 1684 740 llomula
1711 683 1951 739 funditur
1977 683 2096 753 pla-

1868 775 2024 846 item.

801 865 914 921 Lux
948 867 999 921 in
1027 866 1238 923 duobus
1271 869 1442 923 fervet
1466 883 1569 923 una
1598 867 1771 922 festis.

691 956 800 1013 Nos
837 957 905 1011 ad
959 967 1247 1028 utrumque
1289 969 1468 1014 tamen
1515 973 1704 1030 gressu
1748 972 2097 1028 properemus

1760 1048 2021 1121 limitem,

1633 275 1913 333 AUBELII
1950 274 2319 334 PRUDENTII
2356 275 2680 335 CARMINA.

2117 386 2304 453 Αθο

3671 277 3767 338 568

2450 387 2514 441 Et
2547 387 2629 442 bis
2656 395 2711 442 et
2740 385 2853 440 illis
2881 384 3221 454 perfruamur
3248 387 3485 459 hymnis.

2388 477 2595 548 1201
2625 475 2824 537 Ibimus
2848 476 3095 542 ulterius,
3114 492 3216 547 qua
3247 477 3344 533 fert
3373 479 3455 533 via
3484 479 3654 546 pomis
3675 481 3764 537 lla.

3489 567 3511 640 [
3525 568 3705 638 driani,

2451 661 2663 716 Lmvam
2690 659 2883 716 deinde
2913 658 3147 714 ﬂuminis
3177 669 3435 728 petemus.

2388 751 2796 808 Transﬁberina
2847 753 2996 821 prius
3044 750 3207 805 solvit
3250 765 3402 819 sacra
3449 752 3661 822 pervigil
3697 770 3765 811 sa.

3480 847 3710 919 [eerdos.

2453 936 2575 990 Mox
2602 933 2708 992 huc
2729 933 2979 1001 recurrit,
3001 933 3342 1007 duplicatque
3365 945 3509 992 vota.

1812 1140 2103 1198 GLOSSA‘.
2143 1138 2479 1195 VETERES.

582 1236 673 1292 Si.
703 1234 815 1302 Sic,
844 1235 1016 1290 sicuti.
1044 1264 1112 1274 -—
1142 1235 1362 1297 Vernis,
1387 1235 1783 1289 aernalibus.—
1808 1233 2098 1300 lieuident,

510 1307 797 1377 splendent.
828 1310 909 1377 uel
929 1304 1220 1377 refragrant
1252 1304 1413 1375 (forte
1440 1304 1766 1377 reﬂagrant),
1791 1304 1831 1358 1.

584 1378 674 1431 55.
704 1376 1051 1440 Coul‘erente,
1096 1376 1362 1429 tribuente.
1413 1403 1489 1416 —
1539 1376 1715 1438 Dotes,
1745 1381 2042 1428 ornamenta
2075 1389 2096 1437 ;

507 1447 604 1570 (“llos
628 1454 787 1514 potest
821 1448 925 1501 dici
945 1446 1196 1518 quidquid
1237 1445 1515 1513 honoriﬁce
1552 1445 1730 1510 datur,
1771 1445 1812 1499 Ι.
1855 1443 2090 1507 Obsides,

566 1531 646 1570 ar.

512 1520 646 1572 Mar.

583 1586 675 1641 56.
707 1586 945 1655 Togatte,
972 1596 1186 1651 ornatas,
1212 1583 1392 1650 nobili,
1426 1585 1730 1655 paciﬁcata',
1765 1584 1805 1638 1.

582 1656 672 1711 58.
705 1656 842 1722 Lux,
868 1657 1067 1724 laetitia,
1093 1656 1279 1729 gloria.
1307 1685 1375 1695 —
1403 1656 1538 1724 Una,
1564 1657 1872 1723 communis,
1904 1655 1945 1710 Ι.

2278 1231 2369 1287 59.
2397 1230 2643 1290 Incitato.
2656 1230 2845 1293 ‘veloci,
2879 1230 2918 1283 I.

2279 1302 2369 1375 61.
2395 1301 2582 1375 Fontis
2597 1300 2877 1375 iiadriani,
2904 1300 3209 1375 Hadrianth
3232 1302 3326 1375 fuit
3350 1318 3441 1375 rea:
3472 1304 3567 1375 qui
3595 1314 3769 1373 pontem

2204 1371 2475 1439 tediﬁcavit
2502 1371 2555 1425 in
2591 1370 2755 1425 Roma
2782 1373 2851 1423 ad
2879 1372 3144 1426 ecclesiam
3160 1370 3337 1440 Pauli,
3371 1372 3409 1427 1.

2274 1442 2366 1497 6%.
2394 1441 2631 1509 Ltevam,
2663 1441 2827 1505 Petri,
2858 1441 2897 1495 1.

2275 1512 2365 1567 65.
2390 1511 2765 1586 Solvitsacra,
2806 1511 2876 1565 ad
2910 1510 3175 1565 ecclesiam
3213 1509 3373 1567 Petri.
3406 1542 3476 1553 —
3501 1511 3771 1586 Sacerdos,

2198 1583 2530 1654 apostolicus,
2554 1581 2596 1637 1.

511 1877 834 1954 explicatum
860 1885 960 1954 est;
994 1876 1263 1954 Giselinus
1288 1879 1400 1954 ait:
1442 1876 1595 1954 Nunc
1621 1878 1818 1954 pineas
1850 1786 2534 1954 le‘tquilicat
2590 1877 3035 1954 mtssivum_opus
3076 1892 3142 1933 ex
3168 1877 3311 1934 vitro
3336 1881 3607 1954 colorate,
3646 1887 3773 1954 quod

511 1948 764 2018 intelligit,
788 1964 904 2019 qua:
932 1948 1195 2017 fornicatis
1220 1950 1435 2019 arcubus
1456 1947 1650 2019 includi
1678 1948 1841 2019 solent
1861 1950 1885 2002 ?
1903 1964 1975 2019 an
1992 1962 2083 2013 po-

510 2019 611 2071 tius
634 2017 780 2072 arcus
801 2017 940 2073 'illos
966 2034 1200 2073 camuros
1228 2017 1477 2072 columnis
1513 2018 1673 2085 pariis
1704 2018 1904 2071 innixos
1930 2017 2086 2070 vitreo

508 2090 701 2160 colore,
723 2106 811 2143 seu
851 2089 1045 2143 lumine
1071 2090 1230 2160 fuisse
1258 2089 1486 2158 perfusos
1500 2088 1877 2160 {Sapientiam
1908 2088 1975 2160 de
2004 2087 2085 2139 vi-

511 2160 642 2213 treis
670 2159 937 2221 lem-stris.
957 2156 1079 2225 ante
1097 2156 1370 2213 fornicatis
1399 2156 1628 2225 arcubus
1654 2157 1853 2212 includi
1883 2156 2081 2223 solent,

512 2231 793 2297 amplexus
815 2239 897 2284 est
939 2224 1040 2284 Fea
1084 2228 1136 2283 in
1186 2230 1328 2283 notis
1370 2228 1435 2282 ad
1483 2224 1957 2282 Wiukelmannum
1991 2227 2084 2297 lib.

509 2296 617 2369 xu,
637 2314 756 2369 cap.
788 2300 845 2364 5,
889 2308 945 2354 ct
986 2313 1171 2354 rursus
1207 2307 1338 2354 tom.
1390 2298 1481 2363 lll,
1514 2297 1794 2369 pagt208,
1833 2298 1963 2369 209,
1993 2296 2085 2366 qui

509 2367 759 2435 Janningi
788 2369 1202 2431 explicationem
1232 2369 1300 2423 ab
1328 2382 1434 2424 em.
1463 2367 1612 2423 card.
1638 2367 1826 2436 Borgia
1866 2368 2090 2436 adoptag

510 2448 626 2510 tam,
648 2434 842 2509 reiicit.
873 2438 1168 2510 Janningus
1188 2440 1263 2494 ait
1292 2438 1345 2510 in
1377 2439 1520 2494 notis
1548 2453 1676 2493 mss.
1702 2434 2088 2510 véteribusisui

510 2508 711 2564 codicis
740 2525 860 2565 esse
891 2508 1124 2579 glossam
1158 2508 1331 2579 pinxit
1375 2523 1472 2579 pro
1495 2510 1740 2575 cucurrit,
1772 2519 1828 2563 et
1854 2509 1924 2579 ita
1964 2522 2088 2579 ver-

511 2592 629 2633 sum
648 2579 867 2646 exponit
890 2577 910 2632 Ξ
934 2577 1180 2648 Princeps
1206 2579 1366 2634 bonus
1387 2578 1768 2648 Constantinus,
1784 2578 1871 2647 qui
1892 2577 2087 2632 utrius-

511 2665 610 2719 que
643 2650 868 2705 basilica:
909 2647 1155 2704 ambitum
1188 2652 1384 2719 magnis
1424 2650 1566 2714 lusit,
1595 2647 1779 2715 illusit,
1805 2664 1894 2703 seu
1926 2649 2091 2711 pinxit

511 2722 718 2775 talentis
854 2721 926 2775 ita
964 2723 1121 2775 etiam
1160 2735 1312 2774 arcus
1336 2736 1596 2780 camuros,
1618 2720 1672 2773 id
1694 2728 1767 2772 est
1803 2734 1981 2772 curvos
2002 2726 2091 2771 aut

512 2802 769 2856 curvatos,
794 2793 929 2845 varie
949 2791 1194 2857 cucurrit,
1226 2791 1494 2857 percurrit,
1518 2790 1774 2855 distinxit,
1796 2798 1885 2842 aut
1920 2789 2089 2858 pinxit

515 2861 690 2931 ligato,
715 2854 801 2916 seu
838 2864 967 2915 vitro
993 2854 1201 2930 insigni.
1226 2854 1537 2915 ‘Peveratus
1561 2860 1734 2931 solum
1761 2854 2005 2931 adnotat,
2036 2859 2088 2931 in
2119 2854 2132 2868 ’

513 2928 638 2985 arcu
670 2932 974 2999 triumphali
1000 2928 1239 2999 exsculpi
1260 2931 1446 2985 solitas
1474 2930 1652 2985 varias
1683 2944 1867 2984 rerum
1900 2928 2090 2999 imagi-

514 3015 615 3055 nes
644 3001 699 3055 in
723 3001 978 3068 triumphi
1002 3015 1272 3071 pompam,
1289 2999 1623 3071 ferculorum
1641 2999 1906 3071 ordinem.
1930 3012 2092 3055 caete-

514 3084 681 3151 raque
709 3071 760 3124 id
783 3067 950 3151 genus
1066 3067 1334 3151 marmore
1357 3070 1584 3151 exprimi
1599 3069 1773 3150 .byalo
1794 3067 2089 3151 .distincta.

522 3138 658 3193 Vera
685 3140 968 3207 explicatio
1001 3140 1328 3195 desumenda
1355 3148 1436 3193 est
1464 3153 1533 3194 ex
1558 3138 1992 3207 his’quaa'adhuc
2035 3139 2090 3193 in

517 3210 837 3277 quihusdam
864 3208 1649 3276 veteribusjtemplisvidemus,
1673 3208 1761 3262 ubi
1785 3222 2012 3265 camerae
2035 3217 2091 3263 et

872 3244 1005 3265 ...ιω
1022 3244 1369 3276 musam...”
1392 3244 1649 3271 ....c.....-,
1675 3244 1761 3262 υυ.
1785 3244 2012 3265 ...ι-υς...
2035 3244 2091 3263 υ.
2115 3244 2162 3308 c

516 3293 671 3334 arcus
700 3280 907 3333 musivo
930 3294 1094 3350 opere
1121 3280 1293 3334 ornati
1321 3278 1702 3350 apparent._De
1731 3279 1936 3344 pictura
1958 3294 2089 3333 mu—

516 3351 625 3403 sivt
660 3351 860 3404 Plinius
887 3348 982 3404 lib;
1012 3365 1191 3412 xxxvi,
1214 3363 1333 3416 cap.
1359 3348 1476 3404 7‘25:
1510 3348 1675 3402 Pulsa
1697 3350 1882 3403 deinde
1904 3366 1967 3404 ea:
1994 3351 2093 3403 lm—

517 3436 601 3474 mo
627 3421 910 3490 pavimenta
938 3421 990 3474 in
1011 3435 1239 3474 cameras
1260 3421 1507 3475 transiere
1528 3436 1557 3473 e
1574 3420 1703 3473 vitro
1725 3435 1744 3473 :
1777 3420 2022 3473 nouitium
2046 3429 2093 3473 et

518 3490 613 3562 hoc
634 3492 915 3562 inventum.
941 3492 1172 3562 Agrippa
1201 3499 1336 3545 certe
1354 3491 1407 3562 in
1429 3490 1639 3562 thermis
1659 3505 1785 3562 quas
1816 3490 1992 3562 Romae
2014 3493 2092 3558 fe-

518 3560 606 3626 cit,
647 3561 886 3632 ﬁglinum
923 3559 1051 3629 opus
1070 3559 1328 3615 'enrausto
1350 3561 1547 3628 pinxit;
1576 3561 1631 3614 in
1668 3559 1874 3628 reliquis
1896 3561 2094 3615 albaria

518 3631 783 3685 adornavit
806 3647 823 3683 :
848 3648 948 3686 non
966 3632 1121 3686 dubie
1140 3633 1322 3685 vitreas
1350 3634 1579 3701 {acturus
1604 3647 1857 3698 cameras,
1886 3632 1931 3684 si
1953 3632 2095 3700 prius

518 3702 773 3773 inventum
804 3701 858 3755 id
879 3702 1079 3773 fuisset,
1106 3708 1198 3755 aut
1224 3717 1256 3755 α
1275 3702 1547 3773 parietibus
1570 3716 1755 3769 scente,
1778 3711 1832 3754 ut
1848 3701 2090 3773 diagimus,

521 3772 713 3827 Scauri
739 3771 1042 3841 pervenisset
1074 3773 1126 3825 in
1152 3787 1397 3826 cameras.
1425 3772 1652 3837 Seneca,
1684 3773 1844 3840 epist.
1876 3771 1968 3839 86,
2005 3771 2097 3826 Vi-

520 3852 600 3894 tro
621 3842 954 3896 absconditur
982 3858 1205 3897 camera.
1233 3842 1459 3907 Statius,
1510 3843 1603 3898 lib.
1637 3857 1674 3906 1,
1706 3844 1827 3897 silv.
1857 3843 1910 3905 5,
1948 3857 2091 3897 vers.

518 3911 607 3976 4‘2,
651 3908 912 3983 [ti/fulgent
938 3929 1171 3984 camera,
1198 3913 1336 3984 uario
1358 3914 1565 3984 fastigia
1597 3913 1746 3966 vitro.
1781 3910 1847 3966 In
1879 3913 2092 3984 species,

519 3980 818 4053 animosque
847 3986 1024 4038 nitent.
1056 3980 1431 4052 Symmachus,
1465 3983 1555 4036 lib.
1572 3998 1664 4037 vnl
1688 3984 1846 4051 epist.
1870 3982 1962 4045 41.
1986 3980 2097 4034 Νο-

520 4067 638 4107 rum
664 4052 854 4137 quippe
879 4055 1060 4137 musici
1097 4069 1285 4137 genus,
1333 4063 1381 4107 et
1417 4053 1723 4137 intentatum
1753 4052 2097 4137 superioribus

518 4123 769 4195 reperisti,
786 4125 920 4189 quod
947 4125 1098 4179 etiam
1117 4132 1296 4195 nostra
1322 4123 1579 4195 rusticitas
1605 4124 1851 4195 ornandis
1886 4123 2098 4195 cameris

519 4192 727 4247 tentabit
743 4196 963 4265 afﬁgere,
989 4198 1034 4248 si
1047 4193 1124 4248 vel
1147 4197 1200 4265 in
1216 4192 1424 4255 tabulis,
1438 4194 1515 4265 vel
1534 4195 1587 4245 in
1609 4193 1790 4265 tegulis
1810 4192 2099 4265 exemplum

520 4268 585 4317 de
614 4273 661 4317 te
685 4262 1023 4332 prtinieditati
1052 4264 1217 4333 aperis
1244 4264 1632 4333 sumpserimus.
1657 4262 2100 4333 Consuleiliulen-

519 4348 705 4403 gerum
735 4333 803 4387 de
836 4333 1043 4403 Pictura
1070 4332 1163 4387 lib.
1202 4348 1241 4396 1,
1266 4349 1384 4403 cap.
1413 4334 1469 4397 8,
1494 4342 1549 4387 et
1575 4333 1843 4403 laudatum
1869 4332 1974 4403 Fea
2003 4332 2093 4388 lib.

521 4401 708 4474 i,cap.
754 4403 810 4457 2.
856 4401 1081 4474 Hyalus,
1126 4401 1355 4474 sive,ut
1399 4404 1484 4457 alii
1519 4404 1780 4469 scribunt,
1811 4402 1982 4456 hialus
2019 4413 2102 4457 est

522 4473 724 4528 vitrum
752 4482 842 4528 aut
861 4473 1171 4544 crystallum
1217 4490 1231 4527 :
1277 4473 1379 4529 hoc
1399 4483 1576 4529 autem
1604 4474 1722 4528 loro
1751 4473 1980 4527 sumitur
2002 4489 2101 4543 pro

522 4545 757 4600 tessellis
796 4547 999 4609 vitreis,
1039 4560 1069 4600 e
1118 4544 1309 4612 quibus
1351 4548 1571 4613 pictura:
1621 4552 1832 4598 veteres
1878 4547 2100 4598 musivzc

2200 1938 2492 2017 parietibus
2506 1946 2700 2001 ecclesi
2722 1962 2855 2001 trum
2872 1938 3027 2002 Urbis
3045 1938 3579 2007 accnmmodahatur.

2259 2018 2351 2089 54.
2372 2018 2551 2089 Prae”
2592 2018 2840 2082 renitent;
2870 2019 3078 2089 corrige
3106 2020 3355 2075 renident.
3391 2022 3659 2089 Horatius,
3690 2026 3771 2081 lib.

2189 2101 2249 2154 ιι,
2281 2087 2382 2157 oda
2413 2087 2467 2154 8,
2492 2086 2675 2157 Neque
2698 2103 2908 2142 aureum
2936 2087 3053 2140 Mea
3077 2090 3273 2143 renidet
3300 2092 3353 2144 in
3372 2093 3527 2146 domo
3557 2086 3773 2149 lacunar.

2266 2156 2356 2212 57;
2380 2156 2816 2235 Ald,_mendose,
2840 2159 3095 2228 funditus.
3134 2160 3476 2227 Parrhasius,
3505 2181 3605 2233 per
3623 2168 3773 2235 ﬁdas:

2191 2227 2310 2297 lege
2336 2244 2427 2295 per
2450 2228 2657 2295 biﬁdas.

2261 2296 2355 2353 58.
2388 2298 2447 2353 S.
2493 2296 2786 2367 Gregorius
2846 2298 3067 2367 Magnus
3111 2303 3687 2361 commemorationem
3722 2306 3772 2361 S.

2190 2365 2338 2423 Pauli
2368 2369 2595 2437 apostoli
2617 2365 2861 2434 invexit,
2896 2365 3016 2423 cum
3070 2381 3230 2426 antea
3289 2388 3395 2426 non
3428 2375 3534 2429 nisi
3573 2392 3674 2428 uno
3694 2393 3774 2431 eo-

2190 2437 2420 2507 demque
2461 2437 2549 2494 die
2598 2438 2793 2494 festum
2839 2439 2941 2496 SS.
2964 2442 3325 2508 apostolorum
3356 2442 3500 2499 Petri
3539 2455 3598 2501 et
3638 2445 3776 2503 Pauli

2189 2507 2580 2563 celebraretur.

2266 2577 2356 2633 60.
2388 2578 2522 2655 Mar.
2545 2587 2608 2655 et
2645 2578 2837 2654 Ριτίεςἰ
2855 2579 2952 2655 bis,
2996 2588 3046 2638 et
3066 2582 3215 2647 illis;
3256 2592 3486 2638 metrum
3539 2587 3709 2655 poscit
3733 2595 3777 2643 et

2192 2648 2295 2719 bis,
2317 2659 2361 2702 et
2382 2647 2508 2703 illis.
2545 2648 2724 2719 Egm.,
2758 2648 3109 2719 profruamur.

2264 2718 2354 2790 61.
2400 2719 2539 2790 [fons
2581 2718 2730 2790 juxta
2781 2722 2973 2775 molem
3027 2723 3140 2776 sive
3177 2721 3481 2790 sepulcrum
3530 2724 3776 2782 Hadriani

2192 2785 2599 2861 [Eliusdicitur
2622 2803 2651 2843 a
2685 2788 2878 2857 Dione,
2910 2793 3052 2857 quod
3082 2785 3253 2846 Azlins
3283 2793 3589 2850 Hadrianus
3622 2798 3777 2861 impe-

2198 2868 2344 2913 rator
2375 2857 2461 2931 hic
2488 2868 2791 2931 vocaretur.
2839 2861 3120 2927 Cellarius,
3173 2862 3294 2927 libi,
3326 2864 3517 2931 inquit,
3559 2857 3774 2920 Paulam

2191 2928 2483 2999 apostolum
2507 2929 2715 2983 tradunt
2742 2932 2996 2999 sepultum
3028 2949 3135 2987 esse
3163 2934 3214 2986 in
3240 2934 3320 2986 via
3351 2928 3599 2989 Ostiensi.
3625 2936 3778 2990 Falli-

2196 3009 2284 3053 tur
2310 2998 2541 3073 egregie.
2568 2999 2699 3053 Nam
2740 2998 2823 3055 via
2853 3001 3117 3073 Ostiensis
3157 3017 3266 3058 non
3315 3005 3367 3058 in
3411 3015 3577 3073 ponte
3616 3007 3773 3073 Ailio,

2192 3078 2284 3142 aut
2304 3070 2442 3123 ultra
2471 3078 2826 3142 euntuexstat,
2854 3087 3027 3142 neque
3073 3072 3175 3128 hoc
3205 3076 3257 3128 in
3304 3070 3423 3128 loco
3463 3074 3666 3130 Paulus
3692 3070 3777 3132 se;

2196 3140 2374 3213 pullus
2398 3138 2812 3213 est._Cellarium
2836 3138 3068 3199 fortasse
3094 3144 3309 3211 decepit
3350 3145 3553 3213 glossa,
3602 3149 3776 3212 paucis

2191 3212 2392 3282 verbis
2419 3209 2636 3282 multos
2662 3224 2876 3282 errores
2922 3209 3405 3282 comproliendens.
3459 3209 3777 3272 Prudentius

2195 3280 2344 3352 prius
2370 3278 2560 3352 festum
2597 3279 2905 3337 Vaticanum
2947 3278 3227 3352 memorat,
3254 3292 3364 3339 tum
3403 3283 3530 3339 alter
3548 3301 3639 3341 um
3686 3290 3776 3343 via:

2193 3350 2457 3420 Ostiensis
2487 3363 2630 3405 vers.
2661 3364 2777 3420 seq.

2263 3419 2353 3474 61.
2378 3419 2523 3485 Ald.,
2555 3420 2675 3485 hic;
2715 3419 2828 3484 alii,
2878 3422 2995 3477 huc.
3045 3424 3430 3479 Testimonium
3481 3423 3591 3481 hoc
3646 3426 3779 3480 anti-

2192 3491 2506 3561 quissimum
2534 3498 2617 3545 est
2641 3491 2709 3546 de
2733 3490 2938 3546 duabus
2960 3495 3136 3550 missis
3165 3496 3215 3549 in
3239 3510 3344 3548 uno
3371 3495 3461 3549 die
3487 3498 3562 3550 ab
3592 3499 3773 3551 eodem

2193 3559 2475 3616 sacerdote
2504 3561 2809 3616 celebratis.
2841 3563 3047 3619 Revera
3079 3565 3132 3619 in
3169 3567 3597 3620 sacramentario
3625 3565 3776 3621 Gela-

2194 3630 2346 3704 siano
2367 3630 2488 3704 du_:e
2519 3631 2698 3704 missa
2723 3634 3021 3704 peculiares
3045 3635 3096 3689 in
3127 3624 3377 3704 lesiogSS.
3408 3638 3773 3704 apostolorum

2194 3699 2338 3756 Petri
2357 3710 2411 3755 et
2431 3700 2577 3755 Pauli
2605 3701 3002 3768 describuntur,
3062 3707 3226 3759 altera
3255 3702 3321 3757 In
3351 3699 3513 3759 natali
3546 3706 3609 3761 S.
3645 3706 3777 3761 Pefrt'

2195 3772 2423 3843 proprie,
2456 3769 2725 3843 alterailn
2754 3775 2918 3827 natali
2965 3774 3025 3829 S.
3055 3773 3213 3829 Pauli
3235 3776 3459 3843 proprie.
3492 3775 3674 3830 Tertia
3699 3784 3779 3830 est

2198 3840 2357 3896 missa
2381 3842 2701 3912 communis,
2730 3853 2785 3897 ut
2815 3852 2964 3899 extra
2995 3840 3245 3900 basilicas
3273 3840 3368 3901 SS.
3401 3849 3777 3912 Apostolorum

2197 3912 2596 3984 celebraretur.
2615 3911 2818 3984 llidies
2839 3917 2890 3967 in
2914 3915 3105 3983 quibus
3128 3916 3308 3984 plures
3335 3911 3511 3970 misse
3532 3916 3779 3975 diceban-

2198 3990 2306 4056 tur,
2334 3989 2391 4056 ut
2419 3996 2560 4056 nunc
2587 3983 2637 4035 in
2663 3983 2749 4056 die
2772 3984 3071 4056 Nativitatis
3104 3983 3333 4056 Domini,
3356 3987 3667 4056 polgturgici
3690 4000 3782 4051 ap-

2199 4053 2389 4123 pellari
2411 4051 2687 4106 solebant:
2712 4053 2780 4108 de
2808 4055 3004 4121 quibus
3033 4055 3202 4111 videri
3234 4051 3410 4123 potest
3446 4051 3781 4111 'Wal'afridus

2199 4121 2393 4193 Strabo
2420 4136 2539 4193 cap.
2569 4123 2632 4176 Ἡ
2668 4123 2735 4178 de
2778 4123 2909 4179 Reb.
2967 4124 3178 4180 Eccles.
3207 4121 3349 4181 Olim
3393 4128 3574 4193 plures
3599 4127 3781 4191 hujus-

2201 4191 2343 4262 modi
2377 4192 2697 4262 polyturgici
2720 4192 2836 4248 dies
2862 4204 3014 4249 erant
3040 4212 3054 4250 :
3080 4211 3220 4250 nunc
3247 4191 3452 4250 tantum
3482 4196 3537 4250 in
3559 4198 3649 4251 die
3675 4196 3779 4251 Na-

2201 4261 2322 4316 talis
2365 4261 2570 4333 Domini
2601 4271 2709 4319 tres
2736 4264 2914 4318 missae
2944 4266 3305 4329 celebrantur,
3344 4273 3401 4319 et
3430 4267 3482 4320 in
3528 4267 3780 4333 Hispania

2203 4342 2312 4386 tres
2332 4334 2383 4387 in
2406 4331 2490 4386 die
2513 4331 3050 4390 Commemorationis
3069 4337 3307 4392 omnium
3338 4335 3571 4391 ﬁdelium
3592 4331 3780 4391 delun-

2202 4412 2432 4478 olorum.
2459 4402 2543 4478 _S.
2574 4404 2910 4478 __Ambrosius
2937 4404 2998 4478 in
3043 4406 3241 4478 hymno
3279 4406 3383 4478 SS.
3416 4408 3781 4477 apostolorum

2205 4473 2346 4528 Petri
2377 4482 2431 4528 ct
2459 4472 2610 4528 Pauli
2649 4473 2820 4529 tribus
2850 4475 2903 4529 in
2935 4472 3322 4531 locis'diversis
3363 4472 3551 4532 eorum
3587 4480 3779 4531 festum

2205 4543 2532 4617 celebratum
2555 4544 2791 4617 indicat:
2823 4544 3009 4617 Tanta:
3029 4563 3117 4616 per
3145 4547 3283 4600 urbis
3300 4546 3557 4617 ambitum
3578 4547 3783 4617 Stipata

522 4613 743 4669 ﬁebant.
787 4615 1084 4670 Hadrianus
1124 4613 1143 4667 l
1186 4614 1238 4669 in
1275 4618 1434 4684 epist.
1457 4614 1577 4667 data
1606 4629 1748 4668 anno
1774 4613 1878 4669 787
1906 4616 1970 4667 ad
2001 4614 2102 4669 Ca-
2132 4622 2182 4682 ι)
2207 4613 2635 4684 tendantagmina
2655 4630 2674 4669 :
2704 4614 2875 4669 Trinis
2889 4613 3171 4670 celebratur
3184 4618 3277 4672 viis
3292 4615 3503 4671 Festum
3522 4613 3782 4671 sacrorum

521 4684 696 4754 rolum
727 4700 1043 4754 regemque
1062 4685 1263 4740 cultum
1292 4700 1565 4739 sacrarum
1588 4686 1873 4754 imaginum
1903 4694 2100 4751 tuetur,

522 4754 602 4826 sic
630 4753 704 4808 ait
729 4769 848 4824 cap.
870 4756 962 4822 i9:
995 4753 1222 4826 temque
1236 4756 1299 4808 de
1318 4765 1495 4810 sancto
1516 4753 1943 4826 quarto’concilt’o
1961 4772 2104 4826 egre-

522 4824 636 4894 gius
668 4834 816 4896 atque
859 4825 1109 4894 miriﬁcus
1154 4825 1458 4894 prwdicator
1515 4826 1577 4880 S.
1613 4824 1715 4878 Leo
1751 4841 1886 4895 papa
1917 4835 1962 4896 et
1993 4824 2102 4895 ipse

522 4896 641 4963 fecit
668 4894 925 4965 ecclesias,
948 4911 1072 4964 quas
1102 4897 1156 4949 in
1188 4898 1382 4951 musico
1425 4906 1472 4950 et
1500 4896 1709 4950 diversis
1750 4894 1976 4949 historiis
2014 4894 2103 4949 seu

523 4965 832 5037 imaginibus
854 4969 1066 5037 pingens
1090 4967 1364 5021 decoravit.
1395 4965 1563 5037 Magis
1592 4975 1760 5019 autem
1800 4967 1853 5037 in
1889 4965 2104 5020 basilica

524 4983 629 5018 sma
665 4983 832 5020 minus
854 4983 1066 5037 pingens
1090 4983 1364 5021 aecoravtt.
1395 4983 1563 5037 magis
1592 4983 1760 5019 autem
1800 4983 1853 5019 tn
1889 4983 2101 5020 oasmca

524 5035 586 5094 Β.
622 4983 770 5092 gauli
813 5037 1033 5109 apostoli
1071 5051 1247 5109 arcum
1294 5037 1482 5109 ibidem
1520 5039 1763 5109 majorem
1793 5036 2021 5109 faciens,
2052 5045 2101 5089 et

524 5108 720 5161 musivo
759 5104 1054 5179 depingens,
1087 5104 1406 5161 Salvatorem
1437 5107 1505 5179 Β.
1536 5105 1585 5160 Ν
1593 5104 1612 5159 ξ
1625 5105 1660 5179 .l
1669 5147 1685 5158 .
1714 5104 1775 5171 C,
1794 5104 1896 5179 seu
1912 5108 2101 5179 ρὶθίῃιὶ

523 5190 744 5254 quatuor
768 5174 989 5254 seniores
1012 5180 1214 5254 uentre
1236 5192 1337 5254 su_o_
1350 5177 1572 5229 uersibus
1600 5177 1872 5254 decorayit:
1903 5174 2100 5254 (labier

526 5245 880 5318 (Zialnpinium
914 5258 1044 5303 tom.
1086 5245 1260 5318 I_Vet._
1291 5245 1525 5300 Monum.
1562 5261 1680 5318 cap.
1716 5245 1807 5318 εἰ.
1838 5247 1895 5318 S.
1926 5247 2100 5318 Pauli-

527 5333 627 5373 nus
653 5315 720 5373 d‘e
749 5319 967 5374 basilica
996 5319 1057 5374 S.
1098 5316 1292 5372 Felicis
1320 5331 1349 5369 a
1377 5330 1437 5370 se
1462 5316 1673 5385 condita
1716 5315 1769 5370 in
1799 5316 1959 5385 epist.
2007 5316 2097 5384 12,

523 5389 590 5442 ad
621 5388 876 5445 Severum
901 5404 917 5445 :
948 5387 1187 5442 Absidem
1213 5386 1322 5441 solo
1343 5396 1391 5441 et
1422 5384 1698 5455 parietibus
1741 5384 2101 5440 marmor-utam

523 5474 727 5513 camera
756 5461 946 5516 musivo
974 5459 1128 5513 illusa
1151 5454 1429 5527 clariﬁcat.
1455 5454 1745 5527 Gregorius
1769 5455 2098 5512 Turonensis

525 5528 618 5581 lib.
646 5545 679 5583 v
710 5530 871 5595 llist.,
902 5544 1021 5599 cap.
1064 5528 1156 5592 45,
1198 5525 1473 5583 Ecclesium
1501 5525 1789 5599 fabricavit,
1821 5541 1971 5599 quam
2014 5543 2098 5599 co-

526 5598 715 5669 lumnis
763 5595 983 5669 [ιλιι-11111,
1038 5600 1250 5654 rariavit
1281 5595 1556 5669 marmore,
1601 5595 1798 5669 m‘usivo
1842 5595 2096 5669 depinxit.

528 5666 662 5720 llinc
687 5665 983 5739 imusivarii.
1017 5670 1085 5726 de
1107 5669 1300 5739 quibus
1322 5668 1446 5725 cod.
1475 5665 1677 5739 Theod.
1706 5666 1823 5739 lege
1836 5666 1980 5739 2,_dc
2007 5681 2101 5722 ex-

528 5738 846 5795 cusationib.
878 5740 1094 5807 artiﬁc.,
1126 5736 1195 5795 'et
1221 5741 1549 5809 Ciampinius
1589 5738 1692 5795 loc.
1720 5738 1834 5805 cit.,
1865 5736 1955 5795 ubi
1978 5753 2097 5810 cap.
2118 5813 2133 5818 _

2209 4693 2509 4756 martyrum.
2534 4683 2780 4756 Fortasse
2803 4687 2964 4741 missa
2978 4701 3096 4756 qua!
3113 4688 3164 4741 in
3189 4689 3604 4743 sacramentario
3625 4688 3782 4741 Gela-

2207 4755 2360 4808 siano
2389 4764 2545 4809 nocte
2564 4754 2880 4826 celebranda
2916 4754 3302 4826 praescribitur,
3342 4758 3395 4812 in
3422 4759 3522 4812 alia
3550 4759 3779 4812 ecclesia

2206 4826 2579 4949 peragebatur.
2616 4824 3017 4892 Cancellierius,
3044 4829 3095 4883 in
3117 4843 3282 4896 opere
3303 4827 3371 4883 de
3398 4828 3627 4882 Cari-ere
3655 4826 3777 4881 Tul-

2229 4895 2369 4949 iano.
2392 4909 2513 4949 can.
2547 4895 2634 4949 17.
2660 4896 2958 4949 'l'orriuium
2990 4908 3044 4949 et
3075 4897 3445 4949 Constantium
3469 4899 3662 4949 reiicit.
3690 4897 3777 4949 aui

2229 4895 2369 4966 iano,
2392 4909 2513 4966 cap.
2547 4895 2634 4966 17,
2660 4896 2958 4965 'l‘orrigium
2990 4908 3044 4953 et
3075 4895 3445 4954 Constantium
3469 4899 3662 4966 rejicit,
3690 4897 3778 4965 qui

2206 4965 2256 5037 i_n
2289 4965 2506 5037 laudato
2551 4964 2749 5036 hymno
2790 4964 3011 5023 indicari
3053 4977 3306 5037 putarunt
3344 4964 3781 5023 locum‘careeris

2204 5034 2433 5089 Tulliani
2464 5051 2478 5097 ;
2508 5034 2779 5091 existimat
2810 5039 2951 5093 enim
2983 5034 3191 5094 tertiam
3222 5040 3528 5103 ecclesiam,
3556 5040 3669 5093 sive
3697 5038 3778 5092 lo-

2202 5119 2322 5160 cum
2353 5120 2460 5173 quo
2488 5106 2675 5162 ﬁdeles
2701 5108 2752 5162 in
2783 5109 2869 5163 die
2900 5107 3038 5164 festo
3066 5109 3165 5164 SS.
3215 5111 3579 5174 apostolorum
3632 5108 3775 5162 Petri

2201 5184 2258 5231 et
2286 5174 2434 5230 Pauli
2471 5176 2835 5248 conﬂuebant,
2886 5179 3051 5234 fuisse
3101 5179 3437 5248 Vaticanum,
3467 5181 3576 5234 sive
3595 5181 3779 5248 sepul-

2202 5260 2352 5300 crum
2381 5248 2437 5300 S.
2464 5247 2639 5302 Petri:
2675 5263 2796 5301 nam
2826 5248 2958 5303 duas
2987 5249 3121 5303 alias
3139 5250 3394 5304 ecclesias
3424 5246 3597 5303 fuisse
3630 5246 3777 5301 afﬁr-

2203 5325 2316 5388 mat
2334 5319 2514 5388 Aquas
2549 5316 2777 5383 Salviae,
2810 5318 2898 5373 ubi
2920 5319 3097 5388 gladio
3121 5333 3295 5375 cursus
3336 5329 3423 5375 est
3459 5319 3690 5384 Paulus;
3723 5326 3782 5373 et

2202 5386 2523 5452 laniculum,
2557 5388 2645 5443 ubi
2674 5389 2854 5457 opinio
2885 5386 3003 5443 erat
3048 5389 3265 5443 Petrum
3316 5392 3463 5444 cruci
3513 5390 3674 5444 fuisse
3698 5390 3780 5441 at-

2206 5458 2388 5512 ﬁxum.
2420 5457 2591 5530 Negat
2613 5467 2791 5530 autem
2819 5458 3201 5515 Cancellierius
3232 5459 3484 5530 hymnum
3513 5458 3776 5530 illuni-in-

2208 5536 2459 5600 teropera
2484 5526 2544 5600 Sy.
2569 5529 2882 5600 Ambrosiia
2906 5544 2966 5585 se
2987 5526 3285 5600 repertum;
3303 5530 3371 5584 At
3386 5526 3780 5600 deantiquitate

2206 5597 2324 5669 ejus
2340 5596 2536 5668 hymni
2563 5598 2793 5653 dubi'ari
2828 5596 3392 5669 nequitzexstatenim
3422 5601 3476 5654 in
3503 5596 3778 5669 Breviario

2207 5666 2559 5741 blozarabicn.
2592 5669 2656 5722 Et
2682 5666 2928 5741 quamvis
2958 5671 3179 5726 Maurini
3210 5672 3349 5727 inter
3378 5669 3594 5741 hymnos
3630 5666 3774 5719 Am-

2205 5737 2486 5796 brosianos
2515 5740 2771 5812 hymnum
2802 5739 2868 5797 de
2897 5743 3141 5813 apostolo
3167 5743 3324 5799 Petro
3364 5736 3431 5799 et'
3458 5736 3611 5798 Paulo
3654 5750 3773 5793 non
