4030 6170
242 263 340 324 581

421 400 721 461 ConSpectu
750 398 801 450 in
825 398 942 465 ipso
970 396 1179 451 condita
1214 396 1436 451 turrium

430 490 639 561 1214
665 489 854 544 Servat
881 490 1109 543 salutem
1138 488 1285 557 virgo
1319 487 1597 555 Quiritium
1621 505 1636 543 :

239 585 276 637 5
421 584 529 635 Nec
556 594 662 634 non
694 588 749 633 et
778 580 922 646 ipsos
949 576 1175 646 protegit
1202 577 1461 645 advenas,

426 672 567 725 Puro
594 684 658 723 ac
688 668 832 723 ﬁdeli
864 678 1083 736 pectore
1112 668 1403 736 supplices.

429 760 631 827 Duplex
662 772 860 814 corona
882 765 964 811 est
990 758 1227 826 praestita
1256 756 1501 827 martyri,

430 852 688 905 Intactum
719 850 786 904 ab
811 850 957 904 omni
982 850 1207 905 crimine
1235 849 1476 918 virginal,

429 941 636 1013 1215
652 943 835 998 Mortis
858 942 1052 998 deinde
1072 943 1236 1013 gloria
1266 943 1467 998 liberm.

246 1040 319 1093 10
427 1038 613 1101 Aiunt,
640 1036 803 1106 jugali
834 1037 922 1091 vix
950 1036 1180 1091 habilem
1222 1044 1341 1091 toro

1466 263 2028 322 PERIS’I'EPHANON
2066 264 2277 322 HYMN.
2322 265 2461 321 λιν.

1847 386 1899 441 Δ

3401 271 3505 330 582

2107 397 2298 453 Primis
2332 397 2385 451 in
2411 397 2565 453 annis
2592 397 2727 453 forte
2748 398 3061 468 puellulam.

2101 486 2318 541 Christo
2345 490 2631 554 calentem,
2661 488 2873 544 fortiter
2910 490 3089 560 impiis

2106 580 2281 634 Jussis
2307 574 2571 643 renisam,
2593 595 2699 649 quo
2724 580 2898 637 minus
2926 581 3082 637 idolis

2102 672 2347 736 Addicta,
2379 685 2584 727 sacram
2615 672 2889 727 desereret
2920 672 3098 727 fidem.

1932 761 1997 815 15
2108 762 2329 817 Tentata
2360 763 2542 818 multis
2572 778 2693 817 nam
2723 764 2874 831 prius
2906 764 3135 829 artibus,

2109 857 2261 911 Nunc
2287 871 2383 912 ore
2404 857 2581 913 blandi
2608 858 2804 926 judic's
2835 860 2998 926 illice,

2110 949 2263 1003 Nunc
2301 949 2573 1003 servientis
2600 949 2865 1004 carniﬁcis
2894 951 3075 1020 minis,

2118 1039 2307 1095 Stabat
2329 1039 2498 1097 feroci
2521 1041 2715 1097 robore
2738 1042 3007 1111 pertinax,

1527 1146 1812 1204 GLOSSAB
1855 1148 2193 1207 VETERES.

323 1262 377 1316 5.
410 1259 654 1322 Condita,
685 1259 905 1328 sepulta,
940 1260 1253 1323 abscondita.
1278 1263 1316 1316 l.

320 1336 376 1386 4.
400 1332 703 1398 Quiritium,
734 1329 1100 1383 Romanorum.
1135 1333 1355 1395 Quirites
1390 1332 1684 1386 dicebantur
1724 1335 1828 1389 Ro.

250 1404 389 1454 mani
418 1418 449 1453 a
479 1401 714 1467 Quirino,
744 1402 797 1454 id
825 1412 896 1453 est
931 1401 1169 1461 Romulo.
1196 1404 1284 1469 qui
1310 1419 1506 1469 semper
1542 1403 1690 1457 ltasta
1718 1417 1828 1459 ute-

251 1475 435 1533 batur;
463 1488 591 1543 nam,
615 1473 773 1537 quiris
811 1471 991 1543 lingua
1020 1470 1335 1543 _Sabinorum
1364 1475 1511 1526 hasta
1536 1475 1757 1543 άέιιιιιν,
1788 1476 1829 1532 Ι.

322 1543 377 1595 6.
409 1541 712 1609 Supplices,
746 1542 991 1603 humiles,
1020 1541 1059 1594 Ι.

323 1614 377 1666 8.
409 1611 667 1682 Virginal,
710 1612 849 1665 locus
876 1611 929 1664 in
958 1626 1058 1679 quo
1096 1611 1479 1682 devirginantur
1503 1614 1752 1686 uirgines,
1784 1612 1827 1667 1.

1947 1265 2245 1339 Virginitas,
2280 1268 2435 1337 Prag.

2007 1338 2061 1393 9’.
2088 1338 2316 1409 Liberae,
2342 1339 2595 1409 gloriosis,
2627 1340 2667 1395 1.

2008 1410 2096 1478 11⁷).
2130 1408 2403 1473 Renisam,
2436 1412 2769 1478 resistentem,
2794 1410 2833 1465 1.

2129 1478 2291 1549 l_l|ice,
2315 1480 2611 1549 accipiente,
2641 1480 2677 1534 I.

2010 1545 2098 1603 18.
2132 1547 2402 1616 Pertiuax,
2426 1545 2587 1617 ⁷ιίιιιίι,
2607 1552 2648 1605 l.

1580 1725 2141 1787 COMMENTARIUS.

252 1837 486 1915 fortasse
511 1834 597 1915 hic
627 1850 755 1915 usus
776 1835 940 1905 coepit
960 1851 1080 1915 curn
1112 1837 1164 1891 in
1194 1836 1316 1915 aliis
1336 1837 1835 1915 vocibnsaspiratio
1868 1844 1913 1903 Β
1942 1841 2183 1915 pallioet
2216 1840 2284 1897 de
2323 1842 2425 1915 hac.
2447 1843 2834 1915 consuetudine
2863 1843 2990 1901 vide
3020 1845 3158 1915 apud
3196 1846 3427 1905 Macrum
3458 1853 3515 1909 in

252 1906 627 1978 omittebatur.
658 1915 717 1960 ut
742 1906 795 1960 in
821 1923 1026 1978 ymnus,
1052 1906 1349 1978 lppolytus,
1378 1916 1433 1961 et
1460 1907 1745 1963 similibus.
1780 1909 1835 1964 ln

255 1977 384 2049 Vat.
414 1975 461 2049 ρ
492 1987 543 2028 et
558 1976 734 2049 _Egm._
767 1975 1020 2049 mendum
1052 1975 1136 2049 est
1168 1975 1366 2049 Aqnen,
1399 1987 1455 2030 ut
1486 1980 1536 2049 in
1567 1978 1705 2033 Aldo
1733 1978 1838 2032 Ro-

251 2046 405 2099 muli.
425 2045 697 2109 Barthius,
723 2046 818 2116 lib.
848 2062 921 2110 tv,
948 2061 1066 2116 cap.
1093 2047 1161 2101 l3
1186 2047 1434 2113 Advers.,
1463 2048 1709 2110 advertit.
1734 2050 1841 2104 Ro-

252 2116 431 2169 mulea
456 2118 512 2169 in
540 2116 689 2169 domo
732 2115 838 2170 dici
881 2130 980 2186 pro
1012 2115 1214 2181 Romae,
1247 2127 1306 2171 ut
1338 2117 1477 2185 apud
1523 2118 1799 2173 Horatium
1820 2160 1837 2186 ,

252 2188 446 2240 domus
475 2186 715 2240 Albunea
758 2188 1040 2257 resonantis
1074 2201 1173 2257 pro
1205 2189 1349 2241 fonte
1395 2188 1645 2257 nympha:
1679 2189 1843 2243 Albu-

253 2270 401 2316 neae,
434 2268 483 2310 et
512 2272 577 2309 ex
609 2256 984 2311 emendatione
1013 2256 1252 2325 ejusdem
1275 2256 1498 2320 Barthii,
1522 2256 1634 2312 Nec
1659 2260 1840 2315 domus

254 2327 433 2380 exsilii
460 2325 728 2380 Plutonia.
762 2328 942 2394 itaque
969 2327 1070 2381 etsi
1096 2327 1492 2381 concedendum
1519 2329 1591 2382 sit
1624 2343 1687 2384 ex
1721 2329 1842 2384 aliis

254 2398 626 2451 monumentis
652 2399 707 2452 S.
740 2403 995 2465 Agnetem
1024 2396 1189 2451 fuisse
1218 2398 1403 2451 Romae
1434 2407 1633 2465 natam,
1662 2409 1839 2454 tamen

255 2483 326 2522 ex
364 2466 564 2537 hymno
600 2466 875 2520 Prudentii
927 2467 975 2520 id
1022 2483 1125 2520 non
1160 2468 1457 2535 colligitur;
1506 2471 1675 2522 multo
1711 2484 1843 2524 vero

254 2538 445 2591 minus
470 2537 635 2590 Roma
656 2537 1070 2607 tanquamillius
1098 2540 1265 2605 patria
1285 2540 1337 2591 in
1362 2537 1462 2591 huc
1480 2537 1679 2607 hymno
1706 2556 1841 2605 prte-

254 2610 496 2667 dicatur,
518 2621 637 2676 cum
664 2607 837 2661 solum
868 2606 1163 2675 aflirinetur
1190 2607 1371 2661 Romae
1392 2606 1841 2676 esse’sepulcrum

253 2678 515 2737 Agnetis.
547 2675 948 2731 Currectinnem
973 2692 1101 2731 vero
1132 2678 1333 2731 Barthii
1361 2678 1414 2731 in
1444 2675 1643 2733 lloratii
1683 2694 1842 2734 versu

255 2746 412 2802 exilii
454 2761 551 2815 pro
574 2747 740 2811 exilis,
776 2762 880 2802 non
909 2746 1063 2801 facile
1090 2748 1372 2817 admittent
1397 2749 1486 2817 qui
1509 2748 1723 2803 curiose
1746 2750 1844 2803 ob—

255 2826 559 2890 servarunt
596 2817 870 2890 Horatium
903 2817 1206 2890 hujusmodi
1227 2819 1427 2888 patrios
1448 2833 1605 2874 casus
1626 2834 1844 2890 semper

257 2888 473 2957 unicoi
499 2887 778 2953 extulisse,
809 2896 865 2941 ut
891 2888 1081 2957 favoni.

338 2959 395 3012 ὅ.
428 2956 717 3011 Peveratus
752 2958 827 3011 ait
858 2956 1069 3027 pcetam
1098 2957 1408 3013 meminisse
1439 2958 1665 3013 turrium
1711 2974 1846 3028 qua-

257 3044 387 3083 rum
413 3028 809 3097 nomenadhuc
834 3028 995 3097 viget,
1024 3038 1076 3081 et
1103 3028 1406 3097 sanguineas
1435 3038 1597 3082 turres
1621 3028 1845 3083 Romani

258 3098 557 3167 indigitant
606 3096 836 3167 fortasse
874 3096 909 3151 a
946 3096 1302 3166 gladiatorum
1356 3099 1634 3167 sanguine.
1685 3100 1847 3154 Addit

257 3166 572 3237 sepulcrum
603 3166 661 3222 S.
687 3170 905 3234 Agnetis
933 3183 1075 3221 nunc
1102 3182 1224 3222 esse
1246 3168 1331 3221 ubi
1363 3166 1631 3236 quondam
1672 3171 1844 3224 circus

258 3239 508 3307 agonalis
536 3247 680 3302 erat,
714 3248 767 3291 et
802 3237 1117 3292 Ciceronem
1166 3246 1340 3290 turres
1386 3239 1517 3292 istas
1556 3248 1693 3307 orat.
1732 3240 1767 3293 5
1793 3242 1846 3292 in

311 3306 428 3362 atil.
474 3322 805 3362 memorasse
828 3324 841 3360 :
870 3307 1108 3377 Profecto
1132 3308 1369 3377 memoria
1391 3310 1568 3361 tenetis
1589 3348 1603 3370 ,
1627 3306 1772 3362 Cotta
1801 3318 1848 3361 et

318 3389 538 3446 arquato
567 3394 723 3441 ωδε..
761 3377 1044 3446 complures
1080 3378 1136 3429 in
1164 3376 1417 3444 Capitolio
1442 3390 1602 3431 turres
1632 3379 1693 3430 de
1724 3379 1849 3431 cmlo

261 3466 374 3504 esse
406 3464 697 3517 percussas.
728 3447 919 3501 Verum
942 3447 1054 3500 hinc
1082 3447 1464 3515 explanatione
1486 3455 1540 3500 et
1559 3452 1851 3501 correctio-

263 3533 333 3573 ne
360 3519 629 3587 indigent.
663 3518 1029 3587 Romreprope
1050 3518 1249 3587 circum
1272 3518 1546 3585 agmialem
1570 3526 1744 3571 exstat
1774 3518 1851 3569 lo-

263 3604 362 3643 cus
391 3586 501 3642 Ter
523 3589 829 3656 sanguigna,
853 3586 1039 3639 Turris
1061 3586 1349 3655 sanguinea
1382 3600 1732 3654 nuncupatus.
1755 3587 1849 3640 Hic

267 3661 425 3713 locus
451 3674 480 3709 a
523 3658 785 3723 Capitolio
814 3658 968 3723 longe
996 3657 1178 3713 distat.
1210 3656 1323 3709 Alia
1356 3656 1553 3710 similia
1599 3666 1720 3710 sunt
1751 3673 1848 3708 nn-

264 3732 416 3783 mins
462 3729 648 3781 Romae
670 3742 696 3777 a
723 3728 961 3786 turribus
981 3726 1141 3790 dicta,
1173 3736 1227 3779 ut
1256 3724 1360 3779 Tor
1384 3726 1437 3777 di
1462 3728 1713 3793 specchio,
1750 3726 1851 3779 Tor

264 3802 318 3853 di
352 3798 409 3851 Ν
414 3815 542 3861 ona,
563 3797 687 3858 etin
717 3812 844 3867 agro
866 3796 1107 3849 Romano
1131 3795 1202 3849 45
1220 3796 1332 3849 loca
1366 3806 1641 3867 enumerat
1669 3796 1852 3850 Esclii-

265 3869 477 3925 nat-dus
526 3869 719 3936 quibus
754 3866 783 3919 tl
817 3867 960 3936 turri,
985 3881 1180 3936 nomen
1216 3876 1300 3920 est
1340 3866 1585 3920 inditum.
1607 3868 1673 3936 ln
1704 3867 1851 3921 circo

267 3941 484 4008 agonali
504 3978 523 3998 ,
548 3935 695 3991 nunc
724 3936 913 3989 Piazza
942 3935 1159 3990 Narona
1181 3976 1196 3999 ,
1235 3936 1466 4008 celebris
1504 3935 1732 4008 ecclesia
1767 3945 1852 4008 est

267 3999 329 4065 Sy.
370 4008 634 4079 Agnetis,
665 4023 782 4075 qua:
814 4009 964 4079 locus
981 4008 1271 4079 lupanaris
1304 4007 1547 4079 creditur,
1573 4006 1739 4079 fuisse
1764 4007 1851 4079 ubi

268 4076 458 4150 Agnes
492 4080 775 4150 prostituta
808 4076 929 4131 fuit.
972 4076 1295 4150 Sepulcrum
1313 4079 1431 4150 ejus
1451 4077 1644 4131 visitur
1673 4078 1725 4131 in
1748 4078 1851 4131 alia

268 4146 513 4205 ecclesia
543 4152 643 4202 sub
680 4149 843 4216 ipsius
887 4150 1104 4201 nomine
1147 4148 1198 4200 in
1249 4148 1331 4199 via
1366 4146 1698 4201 Nomentana
1745 4162 1853 4201 non

268 4222 436 4290 longe
464 4219 713 4290 abUrbe.
740 4216 812 4271 De
831 4218 931 4271 bac
960 4218 1188 4290 ecclesia
1212 4216 1450 4286 intelligo
1476 4216 1849 4290 Prudentium:

271 4288 395 4359 qua}
422 4289 637 4357 quidem
662 4291 832 4356 posita
853 4297 930 4343 est
963 4288 1017 4341 in
1050 4296 1338 4353 conspectu
1368 4288 1597 4341 turrium
1634 4294 1688 4340 et
1709 4288 1855 4355 pala-

272 4354 475 4416 tior'um
503 4354 706 4412 Romae.
741 4359 937 4412 Domus
954 4359 1077 4412 altae
1106 4367 1328 4412 turresa
1361 4358 1532 4423 pcetis
1562 4354 1851 4412 vocantur:

272 4433 402 4485 hinc
434 4430 586 4482 urbes
612 4429 891 4497 turrigera,
924 4428 1106 4481 turrita
1129 4428 1331 4481 moenia.
1357 4428 1514 4481 Notat
1532 4441 1661 4481 vero
1691 4428 1855 4482 Pcvc—

271 4512 431 4555 ratus
463 4498 525 4554 S.
554 4499 811 4566 Agnetem
835 4499 890 4551 in
922 4500 1006 4551 via
1027 4499 1353 4551 Nomentana
1377 4513 1404 4550 a
1432 4498 1739 4564 parentibus
1766 4513 1853 4552 se-

1942 1910 2238 1979 Hierolex.,
2261 1922 2315 1967 et
2339 1914 2706 1969 doctissimum
2738 1910 3065 1970 Zachariam
3090 1917 3143 1971 in
3174 1917 3515 1981 Onomastico

1940 1981 2122 2036 rituali
2145 1985 2367 2038 selecto.

2017 2044 2073 2106 Β.
2106 2052 2162 2107 In
2192 2053 2438 2108 universa
2472 2052 2709 2108 Ecclesia
2735 2054 3140 2110 celeberrimum
3171 2066 3287 2112 erat
3320 2075 3518 2118 nomen

1946 2121 2006 2195 S.
2033 2122 2276 2193 Agnetis,
2296 2124 2364 2178 de
2388 2140 2490 2192 qua
2524 2124 2877 2195 Hieronymus
2897 2126 3054 2193 epist.
3079 2127 3191 2181 8ad
3222 2128 3517 2185 Demetria-

1941 2194 2099 2265 dem.
2147 2202 2204 2247 et
2228 2208 2294 2265 ex
2327 2208 2393 2265 eo
2431 2194 2870 2265 martyrtilogium
2900 2194 3239 2252 Romanum:
3276 2198 3517 2255 Omnium

1940 2264 2175 2336 gentium
2216 2263 2398 2336 litteris
2447 2263 2595 2331 atque
2650 2264 2838 2334 linguis
2892 2266 3143 2336 principue
3189 2269 3244 2321 in
3292 2271 3518 2325 ecclesiis

1940 2334 2108 2408 Agnes
2125 2334 2229 2408 pila
2251 2334 2466 2408 laudata
2476 2342 2570 2398 est,
2588 2350 2701 2404 quat
2716 2343 2759 2408 et
2778 2334 2977 2389 etatem
2998 2334 3132 2408 risit,
3155 2347 3201 2392 et
3224 2350 3519 2408 tyrannum,

1942 2412 1989 2458 et
2016 2404 2223 2456 titulum
2243 2405 2492 2458 castitatis
2515 2406 2761 2475 martyrio
2786 2407 3116 2461 consecravit.

2014 2494 2067 2549 6.
2095 2495 2385 2571 Gregorius
2405 2495 3059 2571 deValentia,__Commen_t.
3092 2499 3350 2567 tlieolog.,
3380 2503 3519 2571 disp.

1944 2564 2007 2628 6,
2038 2573 2223 2635 qumst.
2253 2565 2322 2627 2,
2355 2574 2539 2634 punct.
2576 2567 2640 2632 7,
2672 2566 2847 2620 valide
2887 2568 3171 2622 confirmat
3210 2564 3427 2627 sanctos
3464 2564 3518 2628 in

1944 2635 2089 2709 caelo
2131 2635 2295 2709 Deum
2326 2635 2850 2709 nobisgprecantibus
2880 2636 3105 2693 reddere
3135 2642 3423 2709 prOpitium
3450 2659 3519 2700 ex

1944 2705 2248 2770 miraculis,
2288 2715 2341 2759 et
2367 2704 2551 2774 gratiis
2579 2720 2711 2774 quas
2739 2705 3002 2772 obtinent,
3034 2716 3089 2763 et
3119 2704 3214 2763 lios
3240 2704 3521 2770 'Pritdentii

1944 2790 2143 2847 versus
2160 2775 2473 2847 similesque
2492 2775 2623 2847 alios
2653 2774 2857 2829 Paulini
2888 2776 2941 2829 in
2972 2778 3205 2832 medium
3227 2781 3446 2847 profert.

2016 2846 2069 2898 7.
2101 2845 2199 2899 Hic
2225 2845 2395 2920 accipi
2428 2844 2640 2920 videtur
2661 2859 2858 2920 corona
2900 2862 3001 2920 non
3038 2844 3269 2920 tam_pro
3296 2853 3522 2920 praemio

1949 2929 2107 2983 quam
2138 2930 2236 2984 pro
2281 2916 2397 2983 ipso
2424 2916 2679 2984 martyrio
2711 2927 2764 2969 et
2793 2914 3115 2986 virginitate.
3147 2914 3521 2976 Hanc'distin-

1946 2988 2176 3040 ctionem
2200 2987 2431 3054 explicat
2453 2985 2760 3039 Pasclialius
2784 2985 2927 3040 lib.’t
2952 2986 3020 3041 de
3046 2985 3293 3057 Coronis,
3319 3004 3436 3061 cap.
3465 2993 3519 3047 6.

2020 3075 2164 3150 _8._ln
2195 3076 2462 3150 nonnullis
2482 3076 2649 3144 vulg.,
2679 3074 2957 3150 mendoso,
2986 3077 3223 3150 virginali
3250 3093 3347 3150 pro
3366 3082 3524 3150 virgi-

1950 3148 2054 3219 nal.
2073 3145 2343 3219 Barthius,
2361 3145 2453 3199 lib.
2466 3160 2610 3207 xxvr,
2623 3160 2741 3219 cap.
2760 3145 2844 3219 12,
2859 3145 3313 3219 elegantissimeid
3327 3145 3524 3207 dictum

1875 3203 1922 3266 C
1953 3216 2205 3294 afﬁrmat.
2232 3203 2400 3294 Quam
2441 3203 2626 3294 vocem
2647 3256 2661 3279 ,
2690 3203 2867 3294 inquit
2889 3255 2905 3279 ,
2936 3203 3166 3294 pessime
3190 3203 3525 3294 interpretati

1954 3293 2100 3347 sunt,
2128 3285 2211 3338 lso
2231 3301 2329 3353 pro
2347 3282 2467 3337 loica
2492 3284 2580 3338 ubi
2599 3282 2810 3337 femina:
2832 3284 3251 3353 devirginantur,
3276 3282 3525 3343 et'Genr-

1952 3358 2070 3419 gius
2099 3355 2374 3408 Fabricius
2395 3368 2491 3423 pro
2512 3368 2578 3408 eo
2600 3355 2687 3407 ubi
2717 3354 2945 3419 virgines
2969 3369 3265 3411 versantur.
3292 3358 3526 3415 Pruden-

1957 3428 2060 3477 tius
2092 3426 2269 3491 posuit
2292 3439 2389 3492 pro
2420 3434 2568 3488 parte
2604 3423 2834 3478 verenda
2860 3426 3080 3491 virginei
3123 3430 3398 3492 corporis,
3444 3432 3524 3485 uti

1949 3494 2207 3568 _Snl_inus,_
2234 3493 2601 3568 Apuleius_,_et
2639 3507 2702 3568 ex
2730 3495 3065 3568 correctione
3094 3496 3292 3551 Bai-thii
3332 3499 3526 3568 glossze

1951 3562 2160 3616 lsidori.
2191 3562 2244 3615 ln
2277 3562 2439 3616 Macri
2483 3562 2816 3632 llierolexico
2844 3564 3063 3632 virginal
3102 3562 3388 3632 exponitur
3415 3571 3527 3624 vir-

1949 3633 2167 3707 ginitas,
2194 3641 2246 3707 et
2271 3631 2629 3707 ei§__sen_tcntia
2656 3631 2831 3707 Caroli
2849 3631 3115 3707 Widmani
3138 3636 3379 3707 lupanar,
3405 3654 3525 3694 om-

1958 3700 2087 3777 nino
2114 3704 2283 3777 male.
2312 3700 2585 3777 Giselinus
2627 3701 2857 3777 explicat
2901 3700 3203 3777 omnem
3235 3700 3528 3777 virgineum

1951 3774 2239 3835 vinculum,
2254 3773 2321 3825 de
2338 3787 2442 3839 quo
2458 3770 2689 3825 Joannes
2708 3770 3208 3841 Wyerusmedicus.
3232 3770 3407 3831 Ausus
3422 3788 3525 3841 est,

1952 3843 2096 3896 addit
2141 3841 2432 3904 Giselinus,
2467 3840 2816 3905 Prudentius,
2841 3842 2980 3909 quod
3011 3842 3338 3911 Augustinus
3365 3840 3528 3910 atque

1953 3915 2039 3966 alii
2063 3913 2292 3984 etfernnt
2334 3913 2385 3965 in
2412 3911 2602 3981 plurali
2634 3926 2887 3984 numero,
2914 3910 3116 3984 efferre
3141 3912 3191 3965 in
3222 3915 3480 3984 singulari
3508 3956 3525 3980 ,

1953 3981 2221 4052 quomodo
2249 3994 2403 4037 antea
2438 3996 2630 4036 nomen
2679 3983 2833 4034 altar.
2875 3981 3018 4036 Idem
3060 3981 3333 4039 Giselinus
3370 3986 3528 4051 plane

1956 4056 2128 4120 rejieit
2156 4062 2211 4106 ut
2229 4054 2494 4121 spurium,
2523 4067 2693 4120 neque
2719 4066 2839 4105 cum
2873 4052 3225 4117 sequentibus
3248 4056 3529 4112 conterens

1957 4122 2212 4177 Intactum
2236 4123 2297 4176 ab
2327 4124 2465 4176 omni
2494 4123 2702 4176 crimine
2734 4137 2916 4189 corpus
2937 4130 3026 4186 est,
3055 4123 3198 4190 quod
3231 4124 3284 4177 in
3307 4124 3530 4191 quibus-

1956 4194 2075 4247 dam
2109 4195 2343 4263 legerat,
2377 4193 2469 4248 sed
2520 4193 2915 4263 alignaﬂmanu,
2959 4201 3016 4263 ut
3055 4192 3530 4263 videliatttr,scri-

1958 4276 2126 4332 ptum.
2165 4260 2319 4329 Quod
2365 4272 2541 4317 autem
2570 4260 2836 4333 Giselinus
2866 4261 3084 4333 virginal
3112 4260 3377 4333 tanquam
3402 4266 3533 4319 I’ru-

1958 4330 2120 4388 dentii
2151 4334 2425 4403 proprium
2460 4337 2509 4385 in
2548 4332 2801 4403 singulari
2850 4330 3029 4403 notat,
3062 4330 3234 4388 facile
3270 4334 3533 4391 refellitur

1956 4400 2273 4458 auctoritate
2311 4401 2765 4473 Apuleii,Solini
2828 4409 2884 4453 et
2918 4400 3165 4455 aliorum.
3210 4406 3468 4473 Apuleius
3498 4423 3534 4461 ιι

1959 4474 2171 4529 Metam.
2198 4473 2359 4526 etiam
2386 4471 2517 4525 dixit
2548 4472 2778 4541 feminal.

273 4573 519 4639 pultam,
563 4561 651 4621 ubi
698 4568 1315 4639 cmmeterium‘Agnetis
1358 4561 1558 4639 dictum
1598 4584 1611 4620 :
1650 4568 1852 4636 puellas
1879 4566 1930 4626 D
2027 4565 2112 4639 lO_.
2139 4566 2291 4618 Brev.
2324 4561 2727 4639 Moz.,_maritali
2750 4578 2769 4615 :
2797 4562 2910 4631 lege
2928 4564 3122 4639 jugali.
3145 4565 3272 4639 γει.
3296 4566 3357 4629 Β,
3404 4567 3532 4623 Mar.

272 4636 557 4695 Romanas
583 4639 718 4692 hanc
760 4639 1030 4692 basilicam
1074 4636 1438 4708 frequentasse
1468 4656 1481 4691 :
1508 4638 1643 4691 duos
1685 4652 1850 4707 agnos

272 4710 543 4768 candidos
563 4708 682 4761 duci
708 4710 893 4761 solitos
912 4711 977 4761 ad
1005 4722 1175 4775 aram,
1206 4718 1263 4761 ut
1293 4708 1753 4771 benedicerentur,
1783 4723 1851 4762 ex

275 4780 736 4850 quorumivellere
755 4779 991 4850 creditur
1018 4787 1159 4850 texta
1187 4777 1348 4831 fuisse
1374 4778 1526 4845 pallii
1549 4778 1675 4850 novi
1713 4794 1852 4850 pon-

275 4846 443 4907 tiﬁcis
469 4867 483 4901 :
518 4849 742 4902 fortasse
769 4847 1103 4902 Christianos
1133 4846 1273 4901 hunc
1302 4862 1503 4901 morem
1547 4848 1817 4901 invexisse
1836 4889 1851 4912 ,

275 4934 334 4976 ut
365 4923 535 4974 alium
566 4922 990 4987 superstitiosum
1013 4917 1455 4984 abolerentcnjns
1485 4918 1726 4970 meminit
1752 4918 1855 4971 Fe-

275 5003 396 5047 stus
436 4991 606 5044 verbo
649 4987 1059 5053 ALBOGALEBUS,
1088 4989 1173 5057 qui
1214 4996 1330 5041 erat
1368 4988 1538 5055 pileus
1576 5002 1640 5041 ex
1683 4989 1853 5041 hostia

278 5065 408 5116 alba
433 5060 554 5115 Jovi
592 5072 729 5113 cassa
763 5059 963 5119 factus,
994 5062 1075 5112 cui
1108 5059 1423 5127 alligebatur
1465 5072 1599 5125 apex
1633 5058 1852 5123 virgula:

278 5131 567 5199 oleaginre.
605 5129 714 5181 Hoc
738 5128 1040 5197 albogalero
1085 5129 1327 5181 flamines
1354 5127 1541 5199 diales,
1576 5128 1624 5180 id
1656 5138 1853 5199 estsa-

278 5196 534 5257 cerdotes
553 5199 704 5252 lovis
726 5196 1028 5252 utebantur.
1050 5198 1313 5252 Czetertnn
1340 5214 1463 5251 vera
1492 5196 1707 5250 historia
1739 5197 1853 5252 lttec

280 5283 404 5337 est,
437 5270 579 5339 quod
611 5270 823 5334 pallium
872 5269 1326 5335 arcltiepiscopale
1371 5268 1699 5339 coniiciture
1732 5268 1850 5339 lana

280 5337 546 5410 agitorum
599 5339 975 5399 candidorum,
1020 5342 1110 5410 qui
1150 5354 1180 5391 a
1206 5338 1479 5410 canonicis
1521 5337 1852 5410 regularibus

283 5406 472 5464 sancti
504 5409 796 5463 Salmtoris
827 5406 1165 5474 nuncupatis,
1193 5410 1242 5461 in
1269 5408 1356 5463 die
1383 5409 1519 5462 festo
1536 5406 1592 5461 S.
1610 5408 1848 5475 Agnetis,

286 5484 341 5535 in
367 5482 485 5547 ejus
501 5480 723 5534 ecclesia
754 5480 834 5530 via
853 5480 1177 5532 Nomentana
1204 5494 1297 5545 pro
1321 5494 1523 5532 canone
1540 5479 1669 5547 (duo
1696 5486 1856 5545 quot-

287 5552 471 5619 annis)
502 5549 731 5603 basilicaa
753 5549 1094 5619 Lateranensi
1117 5548 1539 5601 contribuuntur.
1566 5548 1670 5600 llos
1695 5550 1856 5619 benef

287 5623 424 5675 dicit
452 5617 704 5673 summus
753 5618 989 5687 pontifex
1015 5660 1030 5682 ,
1069 5628 1119 5671 et
1163 5619 1646 5672 sa-‘ctimouialinm
1700 5617 1855 5671 alicui

292 5690 626 5744 monasterio
653 5690 908 5744 arbitratu
936 5704 1032 5746 suo
1063 5691 1371 5745 nutriendos
1400 5691 1577 5744 mittit.
1608 5688 1761 5743 Plura
1790 5690 1856 5741 de

1957 4653 1986 4690 a
2020 4637 2187 4704 prima
2230 4648 2412 4697 manu,
2482 4632 2602 4704 Rat.
2656 4633 2708 4685 in
2752 4632 3027 4704 contextu,
3068 4635 3310 4699 habitam,
3362 4639 3534 4693 minus

1957 4703 2114 4768 bene,
2140 4720 2236 4773 pro
2263 4704 2501 4756 habilem.
2536 4703 2681 4774 Rat.,
2723 4703 3163 4771 supra,habilem,
3209 4708 3294 4761 vel
3343 4718 3534 4774 aptam,

1957 4776 2097 4846 quod
2130 4785 2454 4839 postretntun
2481 4781 2571 4846 est
2594 4773 2791 4841 glossa.

2034 4845 2119 4898 l2.
2147 4846 2265 4898 Rat.
2290 4844 2577 4899 recentiori
2607 4859 2765 4896 ruant:
2784 4859 2879 4913 pro
2905 4844 3070 4914 impiis
3092 4844 3249 4900 habet
3271 4846 3532 4913 improbis.

1959 4916 2115 4969 Brev.
2152 4916 2311 4977 an.,
2336 4914 2501 4978 impii.

2032 4988 2120 5040 15.
2157 4987 2275 5038 Rat.
2308 4982 2590 5038 recentiori
2620 4999 2803 5050 manu,
2844 5002 2945 5054 quo
2982 4988 3147 5040 minus
3197 4984 3384 5051 impiis.
3434 4980 3534 5038 Rea

1963 5056 2072 5109 line
2093 5057 2265 5108 idolis.

2034 5126 2116 5181 14.
2156 5127 2269 5179 Vat.
2303 5125 2365 5191 Β,
2397 5134 2580 5178 contra
2613 5134 2864 5189 metrum,
2894 5126 3083 5177 addi'a.
3116 5123 3174 5175 ln
3212 5123 3327 5174 Rat.
3353 5136 3533 5176 corre-

1958 5206 2072 5249 ctor
2102 5196 2239 5249 idem
2263 5197 2493 5264 ineptus,
2526 5195 2733 5249 addicta
2759 5198 2938 5257 sacris,
2978 5204 3035 5247 ut
3073 5192 3142 5245 sit
3190 5192 3359 5259 imp.is
3386 5194 3535 5245 addi-

1958 5277 2038 5318 cta
2060 5281 2239 5318 800'“.

2031 5338 2120 5392 15.
2150 5336 2386 5389 Breviar.
2414 5333 2574 5399 Μυκη
2606 5336 2752 5397 binis,
2782 5349 2878 5401 pro
2907 5332 3100 5384 multis.

2030 5408 2117 5460 16.
2162 5406 2493 5468 Parrhasius,
2515 5398 2793 5460 mendose;
2812 5406 3027 5471 iudices.
3063 5401 3215 5453 Brev.
3241 5398 3400 5471 Mum,
3427 5401 3534 5454 illi.

1964 5479 2036 5530 cis
2064 5493 2082 5530 :
2113 5477 2302 5531 melius
2330 5475 2615 5530 illice.Nun
2638 5470 2817 5525 solum
2850 5472 2898 5524 in
2930 5472 3146 5535 epis'ola
3171 5470 3535 5536 pseudo-Am-

1960 5547 2144 5611 brosii,
2187 5546 2280 5599 sed
2321 5547 2478 5599 etiam
2508 5559 2535 5596 a
2565 5544 2623 5595 S.
2653 5541 2881 5593 Maximo
2910 5539 3223 5593 Taurinensi
3265 5549 3533 5611 narratur,

1961 5632 1991 5669 a
2022 5609 2383 5685 lilio'prazlccti
2420 5615 2594 5685 Agnen
2624 5611 2675 5663 in
2707 5624 2925 5685 uxorem
2953 5610 3261 5679 expetitam.
3296 5609 3427 5666 Hinc
3449 5613 3536 5681 ju-

1962 5688 2063 5741 dcx
2096 5680 2239 5741 illam
2270 5680 2536 5739 illecebris
2565 5680 2818 5737 tentabat.
