4030 6170
209 323 300 382 589

428 433 592 488 tinam
617 433 924 505 decemplex
953 433 1096 491 edita
1119 437 1298 491 sexies

431 525 634 596 1223
665 525 871 582 Merces
901 527 1123 595 perenni
1145 528 1348 582 lumine
1371 531 1589 586 contieit
1620 549 1632 583 :

421 616 694 670 Ceutenus
716 625 893 672 exstat
913 618 1116 673 tractus
1141 619 1196 674 in
1215 620 1404 675 altera.

427 706 472 758 0
496 708 644 774 virgo
675 704 823 771 felix,
857 716 892 760 ο
912 721 1046 760 nova
1073 709 1268 778 gloria,

212 794 296 850 tes
425 794 675 850 Calcatis
699 797 839 850 arcis
861 797 1051 852 nob'lis
1081 798 1275 863 incola,

429 887 648 942 Intende
674 887 874 943 nostris
896 889 1286 947 colluvionibus

426 976 637 1034 Vultum
659 979 889 1049 gemello
911 993 1033 1034 cum
1056 981 1390 1037 diademate:

1287 322 1842 381 PERISTEPIIANON
1883 325 2088 382 llVllN.
2139 325 2280 383 XIV.

3325 286 3431 369 s90

2107 442 2205 497 Cui
2232 454 2390 511 posse
2413 441 2510 496 soli
2538 441 2924 513 Cunctiparens
2945 445 3088 502 dedit

2105 535 2324 590 Castam
2354 535 2437 590 vel
2467 535 2638 605 ipsmn
2669 538 2895 592 reddere
2920 540 3202 595 fornicem.

2102 626 2375 696 Purgabor
2401 625 2510 680 oris
2539 627 2892 696 propitiabilis

2110 715 2321 788 1225
2351 716 2596 784 Fulgore,
2625 726 2865 773 no~trum
2893 720 2938 774 si
2959 718 3113 789 jecur
3138 721 3383 792 impleas.

2103 807 2186 864 Nil
2219 823 2322 860 non
2354 807 2599 872 pudicum
2626 819 2727 874 est,
2755 810 2896 880 quod
2926 813 3010 880 pia
3040 813 3214 869 visere

2112 897 2374 967 Dignaris,
2405 898 2548 954 almo
2572 901 2654 955 vel
2681 902 2816 972 pede
2843 910 3083 972 tangere.

1861 627 1963 682 150

1476 1097 1762 1153 οωδδΑς
1802 1093 2139 1155 VETERES.

260 1212 374 1268 121.
419 1212 606 1276 Unam,
627 1226 891 1282 coronata.
915 1241 983 1282 τ-
1005 1210 1156 1282 Edita
1172 1251 1188 1272 .
1208 1211 1274 1264 de
1301 1214 1567 1282 martyrio,
1592 1211 1750 1265 oblita

197 1284 254 1337 de
275 1285 510 1352 martyrio
536 1282 695 1335 dedit.
720 1309 792 1352 +—
813 1280 1021 1345 Sexies,
1049 1281 1402 1352 sexiesdecies
1433 1280 1568 1349 fiunt
1594 1299 1746 1335 sexa-

196 1354 353 1422 ginta;
378 1351 426 1406 ἐι
444 1351 804 1421 sexagenarius
831 1351 1351 1422 numerusgigniﬁcat
1383 1353 1746 1405 continentiam

197 1420 483 1493 bidentem:
523 1420 641 1493 qua:
671 1437 780 1493 una
807 1420 1095 1493 coronailli
1132 1420 1240 1473 erat
1277 1431 1485 1490 propter
1523 1421 1745 1493 laborem

195 1508 324 1557 quem
335 1491 576 1545 sustinent
598 1492 784 1552 vidule;
804 1507 922 1543 nam
944 1491 1165 1542 laborem
1179 1493 1424 1544 sustinent
1445 1492 1741 1557 maximum,

196 1562 316 1630 quod
339 1563 448 1627 ipsa
476 1561 734 1631 complexa
764 1560 1040 1631 digitorum
1065 1561 1318 1629 signiﬁcat
1335 1601 1349 1622 ,
1377 1559 1418 1615 Ι.

262 1631 372 1685 125.
403 1631 462 1684 In
485 1630 671 1695 altera,
700 1631 764 1682 de
786 1630 1090 1698 uirginitate,
1121 1632 1160 1686 I.
1185 1669 1203 1693 .
1232 1631 1363 1684 Mar.

259 1702 369 1756 126.
399 1700 801 1756 Colluvionibus
853 1700 1087 1766 maculis,
1119 1698 1504 1768 pollutionibtts,
1533 1699 1754 1752 immun-

1860 1209 2020 1270 ditiis,
2049 1207 2090 1262 1.
2122 1205 2518 1272 Pollutionibus,
2543 1201 2671 1261 Mar.

1933 1279 2053 1334 127.
2087 1278 2412 1338 Diatlemate.
2444 1293 2664 1346 corona,
2700 1275 2720 1333 l

1932 1349 2054 1402 128.
2087 1348 2207 1411 (Ini,
2235 1347 2288 1399 id
2314 1356 2385 1399 cst
2406 1345 2516 1404 tibi.
2550 1348 2587 1401 Ι.

1930 1418 2053 1474 129.
2087 1417 2204 1483 Vel,
2233 1416 2403 1488 etiam.
2421 1415 3053 1488 e—Fornicemplupattar
3073 1436 3092 1475 ἔ
3122 1425 3287 1480 locum
3309 1429 3431 1486 diti!

1855 1491 1908 1544 in
1937 1490 2131 1558 theatro
2160 1489 2244 1540 ubi
2260 1487 2659 1558 devirginantur
2685 1487 2922 1558 virgines,
2955 1490 2997 1543 l.

1929 1559 2049 1612 150.
2083 1556 2372 1625 l’nrgabor,
2405 1573 2518 1624 ego.
2546 1585 2620 1596 —
2641 1556 2784 1620 Oris,
2811 1564 2998 1620 vultus.
3030 1561 3071 1617 Ι.

1928 1626 2047 1752 15ῗ.
2080 1625 2206 1694 Pia,
2253 1626 2341 1696 pia
2385 1627 2686 1681 visitatione.
2718 1656 2777 1666 —
2811 1629 3024 1696 Visere,
3072 1633 3271 1704 uidere,
3314 1639 3428 1694 visi.

1928 1714 1983 1752 'e.
2035 1735 2050 1751 .

1855 1708 1983 1764 tare,
2010 1708 2050 1752 Ι.

1509 1810 2061 1868 COMMENTARIUS.

253 1931 366 1986 121.
396 1929 521 1984 Vat.
577 1928 620 1984 A
645 1925 784 1982 male
808 1965 824 1991 ,
851 1941 975 1996 una:
1015 1924 1119 1980 Alii
1161 1925 1405 1980 scribunt
1433 1925 1748 1994 decimplez,
1783 1929 1830 1990 Β
1856 1926 1977 1996 quin
2016 1941 2092 1980 os.
2126 1922 2314 1978 Fluctn
2333 1931 2389 1996 et
2419 1923 2471 1977 in
2504 1922 2750 1988 passione
2777 1923 2874 1996 SS.
2906 1927 3266 1994 apostolorum
3293 1933 3428 1990 Petri

194 2002 271 2054 alii
285 1999 594 2062 decemplex.
619 1997 921 2052 Emulatur
934 1993 1258 2066 Cyprianum
1281 1996 1438 2064 epist.
1460 1997 1528 2051 70
1553 2014 1567 2049 z
1592 1993 1750 2065 Cujus

196 2087 382 2124 nrt-uero
425 2084 518 2122 nec
542 2069 762 2140 virgines
787 2066 1001 2140 desunt,
1041 2066 1222 2134 quibus
1263 2067 1331 2140 ad
1357 2068 1750 2140 sexagenarium

194 2145 390 2209 fructum
417 2136 658 2192 centenus
697 2136 943 2199 accessit,
975 2151 1202 2209 quasque
1226 2136 1294 2190 ad
1322 2139 1568 2209 ecelestetn
1596 2152 1748 2190 coro-

193 2205 294 2265 ttatn
314 2210 478 2277 gloria
502 2209 765 2278 geminata
786 2205 1028 2278 provexit.
1055 2206 1309 2278 Plerique
1327 2208 1556 2260 fructum
1592 2221 1748 2278 sexa-

196 2275 436 2348 gesimum
484 2275 808 2348 virginitati,
855 2275 1086 2348 fructum
1106 2275 1460 2348 centesimum
1498 2276 1751 2346 martyrio

196 2345 240 2401 in
269 2349 508 2415 parabola
532 2345 716 2402 Matth.
748 2345 932 2411 xm,8,
951 2345 1269 2412 promissum
1304 2360 1422 2400 esse
1451 2345 1747 2402 autumant.

195 2417 251 2471 Et
274 2433 384 2471 cum
426 2419 530 2471 hoc
568 2418 686 2471 loco
717 2417 1033 2470 Prudentius
1061 2417 1172 2483 ipse
1202 2416 1487 2484 virginitati
1521 2415 1748 2471 fructum

192 2489 572 2554 sexagesimum
591 2487 866 2556 assignare
883 2485 1221 2557 videat_ur.__in
1247 2486 1336 2557 lib.
1364 2501 1420 2540 ιι.
1450 2485 1751 2557 δάιδγηιέ

192 2561 371 2622 mach.,
398 2573 550 2612 vers.
584 2554 742 2622 1059,
774 2557 872 2624 legi
897 2555 1093 2623 poterit
1119 2554 1258 2608 Hinc
1283 2556 1447 2610 decies
1477 2556 1586 2610 seni
1611 2554 1747 2612 {ubi

192 2629 332 2681 etiam
379 2627 450 2682 de
495 2625 714 2695 pratulo
743 2627 1062 2696 virginitatis
1102 2625 1403 2680 disseritur.
1450 2629 1504 2679 ltt
1555 2627 1747 2696 glossis

190 2696 394 2752 diversze
423 2707 552 2751 sunt
577 2696 887 2764 opiniones;
917 2695 1054 2763 apud
1087 2695 1291 2750 Isonem
1314 2696 1437 2763 quid
1465 2696 1564 2760 sit,
1597 2696 1747 2762 Quod

191 2767 289 2830 ipsa
315 2769 585 2836 complexa
609 2767 884 2835 digitorum
908 2766 1182 2836 significat,
1233 2767 1500 2834 intelliges
1526 2781 1590 2820 ex
1620 2767 1746 2821 llic-

192 2839 375 2906 ronymi
427 2839 609 2891 verbis
666 2838 756 2891 lib.
807 2852 823 2890 ι
867 2837 918 2889 in
965 2835 1299 2889 Joviniauum
1345 2840 1444 2906 sub
1477 2836 1686 2890 initium
1729 2856 1743 2891 :

191 2905 515 2970 Centesimus,
528 2915 578 2959 et
599 2907 960 2976 sexagesimus,
976 2917 1020 2958 et
1038 2906 1317 2959 tricesimus
1334 2905 1553 2973 fructus,
1581 2923 1750 2973 quan-

193 2992 326 3042 quam
354 2979 417 3031 de
459 2995 560 3029 una
585 2987 716 3029 terra
755 2986 800 3030 et
831 2980 894 3028 de
919 2992 1018 3027 una
1051 2986 1265 3029 semente
1298 2986 1553 3039 nascatur,
1580 2985 1746 3030 tamen

191 3047 385 3100 multum
416 3047 593 3112 differt
614 3047 666 3099 in
693 3061 921 3099 numero.
957 3044 1184 3114 Triginta
1209 3048 1498 3114 referuntur
1519 3047 1588 3099 ad
1618 3063 1748 3112 nup-

192 3118 273 3168 tias
296 3132 316 3171 :
345 3135 467 3170 nam
501 3125 548 3170 et
571 3116 682 3185 ipsa
709 3116 982 3185 digitorum
1011 3117 1324 3184 conjunctio,
1355 3117 1500 3184 quasi
1525 3117 1669 3169 molli
1693 3133 1748 3172 se

193 3187 500 3251 complexam
529 3184 736 3250 osculo,
778 3192 827 3239 et
873 3184 1148 3256 foederans,
1205 3186 1443 3238 maritum
1485 3187 1649 3256 pingit
1690 3195 1746 3240 et

193 3259 460 3326 conjugcm.
495 3256 774 3325 Sexaginta
801 3271 916 3308 vero
945 3254 1011 3307 ad
1044 3256 1269 3326 viduas,
1295 3270 1354 3326 eo
1391 3254 1528 3324 quod
1555 3254 1608 3310 in
1643 3272 1744 3308 an-

193 3323 339 3392 gustia
370 3337 419 3380 et
468 3323 791 3379 tribulatione
815 3333 934 3378 sunt
975 3325 1170 3393 posiae.
1227 3323 1373 3378 (Inde
1406 3323 1454 3378 et
1500 3327 1748 3394 superiori

194 3395 332 3463 digito
377 3397 794 3465 deprimuntur,
837 3404 1129 3465 quantoque
1169 3396 1341 3465 major
1370 3402 1443 3448 est
1483 3396 1750 3465 difficultas

191 3475 389 3532 extima:
422 3463 689 3536 quondam
717 3464 989 3536 voluptatis
1016 3463 1263 3536 illecebris
1291 3463 1574 3529 abstinere”,
1610 3474 1751 3536 tanto

192 3537 338 3601 maius
359 3533 448 3590 est'
469 3537 753 3606 premium.
788 3533 956 3587 Porro
995 3534 1307 3606 centesimus
1325 3551 1562 3588 numerus
1608 3533 1750 3606 (dili-

189 3615 358 3676 genter,
383 3621 598 3676 quaso,
624 3605 803 3676 lector,
840 3603 1065 3676 attende)
1108 3603 1170 3676 de
1206 3603 1413 3676 sinistra
1445 3603 1752 3674 transfertur

189 3674 248 3726 ad
264 3673 545 3741 dea-teram,
575 3683 622 3728 et
663 3675 853 3744 eisdem
881 3674 1084 3744 quidem
1109 3674 1302 3744 digitis,
1323 3673 1413 3726 sed
1442 3691 1542 3727 non
1575 3673 1750 3728 eadem

191 3759 345 3810 manu,
371 3745 560 3814 quibus
582 3745 633 3798 in
650 3743 775 3798 larva
802 3754 970 3813 nupta:
995 3743 1343 3812 significantur
1367 3753 1413 3796 et
1439 3744 1623 3810 vidule,
1654 3747 1754 3798 cir-

188 3814 344 3885 culum
372 3815 579 3885 faciens
607 3815 839 3885 exprimit
874 3813 1174 3885 virginitatis
1215 3828 1475 3885 coronam.
1505 3813 1750 3885 Veterem

192 3880 316 3938 hanc
340 3880 787 3940 consuetudinem
818 3880 1130 3937 numerandi
1158 3897 1254 3950 per
1282 3883 1478 3950 digitos
1512 3884 1750 3950 explica-

189 3951 281 4007 tius
308 3955 471 4010 tradit
501 3953 640 4008 Beda
671 3955 727 4008 in
758 3953 859 4024 lib.
879 3952 949 4006 de
975 3950 1258 4024 Computa,
1281 3950 1366 4006 vel
1394 3951 1626 4024 Loquela
1657 3969 1751 4024 per

186 4032 375 4092 gestum
417 4023 728 4092 digitorum.
763 4021 898 4078 Vide
932 4022 1092 4076 etiam
1110 4020 1372 4076 ‘Gazazum
1417 4020 1626 4078 in‘not.
1657 4020 1750 4078 'ad

191 4091 424 4148 Cassian.
456 4091 636 4148 collat.
659 4095 750 4161 24,
777 4107 896 4160 cap.
916 4092 1038 4160 ult.,
1056 4093 1144 4162 qui
1166 4107 1280 4148 rem
1310 4092 1446 4148 hanc
1473 4093 1752 4152 enucleate

188 4174 242 4224 es
250 4165 409 4227 ponit.

247 4232 364 4303 122.
399 4234 584 4303 Egm.,
613 4232 751 4299 PaL,
784 4231 964 4286 mercis
991 4247 1086 4301 pro
1106 4248 1314 4287 merces.

246 4301 364 4356 124.
397 4301 495 4358 Sic
515 4303 569 4359 in
598 4303 839 4359 versibus
862 4317 1003 4357 nunc
1027 4303 1390 4359 exscribendis
1413 4303 1469 4360 S.
1495 4303 1741 4360 Damasi:

187 4368 372 4444 Ofelia:
389 4376 556 4444 virgo.
682 4443 689 4444 ί
761 4372 785 4427 ‘.

246 4439 364 4496 iis.
399 4439 584 4513 Frag"
613 4443 752 4496 solus
779 4439 1143 4510 Cunctiparens
1173 4456 1268 4511 pro
1296 4443 1413 4496 soli.

247 4513 364 4566 129.
401 4511 563 4567 Brev.
601 4513 737 4567 Moz.
782 4514 952 4576 male,
995 4513 1148 4565 redde
1190 4513 1454 4581 fornicem.
1501 4511 1752 4568 Fornices

181 4589 324 4634 erant
343 4591 580 4639 arcuatm
599 4582 790 4636 domus
813 4581 900 4635 ubi
922 4582 1230 4649 prostabant
1256 4582 1568 4637 meretrices
1595 4598 1608 4635 :
1635 4582 1749 4637 loca

1854 1994 1909 2051 «ἶιι
1935 1995 2080 2067 Pauli
2108 2009 2250 2067 vers.
2279 1994 2378 2067 56,
2403 1996 2498 2058 p'ro
2523 1996 2751 2067 fluct_net.
2779 1994 3061 2067 Exitusque
3087 1999 3138 2052 in
3162 2000 3428 2067 Cypriane

1858 2081 1999 2120 vers.
2029 2066 2153 2143 102,
2182 2079 2278 2143 pro
2299 2065 2600 2143 eccitustfne.
2630 2063 2868 2143 Purgabo
2891 2063 3020 2143 roris
3049 2068 3150 2123 hoc
3171 2063 3308 2141 loco,
3335 2092 3430 2143 pro

1853 2134 2275 2208 purgabororis.
2299 2133 2854 2208 Quibusaliasiuiilia
2882 2136 3003 2208 addi
3038 2150 3278 2206 possvnt.

1926 2203 2051 2262 151.
2082 2203 2276 2260 Christi
2307 2214 2361 2258 et
2407 2203 2573 2258 divini
2621 2203 2849 2271 Spiritus
2881 2204 2978 2258 hoc
3013 2203 3135 2263 esse
3170 2209 3428 2268 Cellarins

1852 2276 2093 2344 apponit.
2137 2274 2362 2329 Deberet
2389 2276 2561 2343 ipsum
2593 2275 2792 2339 pudere
2825 2276 2980 2330 toties
3011 2276 3160 2333 lateri
3193 2280 3430 2337 Pruden-

1859 2343 1987 2400 tium
2019 2358 2124 2398 tam
2155 2345 2392 2410 doctum,
2424 2355 2528 2398 tam
2558 2343 2702 2411 pium
2736 2353 2929 2410 mitem,
2958 2357 3012 2400 et
3038 2347 3089 2402 in
3119 2351 3263 2406 omni
3291 2356 3427 2408 anti-

1851 2418 2054 2485 quitate
2071 2426 2184 2497 tam
2216 2415 2602 2479 venerandum,
2628 2428 2740 2468 sua:
2761 2413 2951 2470 hzeresi
2977 2426 3082 2472 tam
3108 2431 3290 2490 aperte
3310 2439 3428 2480 esse

1851 2495 2200 2541 contrarium.

1923 2555 2044 2610 152.
2078 2555 2132 2626 lu
2169 2555 2326 2626 ltrev.
2366 2554 2504 2626 Mea.
2537 2555 2784 2626 mendum
2819 2561 3078 2626 estquam
3117 2559 3203 2626 pia
3239 2561 3426 2617 υἱει-ενα

1851 2641 1948 2698 pro
1971 2625 2108 2695 quod
2135 2625 2222 2693 pia
2249 2625 2421 2698 visere.
2451 2623 2504 2698 lui
2523 2625 2710 2698 eodem
2735 2623 3001 2678 breviario
3023 2623 3288 2684 adduntur
3309 2634 3426 2698 qui-

1850 2693 2189 2768 damversus
2210 2709 2344 2762 quos
2367 2693 2637 2748 Prmlentii
2667 2709 2768 2768 non
2792 2707 2932 2756 esse,
2959 2705 3014 2749 ut
3041 2708 3182 2752 nunc
3205 2693 3422 2768 quidem

1853 2767 2116 2836 leguntur.
2149 2775 2298 2836 certo
2329 2777 2541 2836 possunt
2575 2766 2912 2818 cotilirmarc.

1924 2838 2042 2892 155.
2084 2835 2360 2896 Barthius,
2412 2833 2501 2888 lib.
2549 2851 2708 2888 xxxvr
2740 2877 2755 2898 ,
2805 2847 2924 2902 cap.
2972 2834 3006 2888 4
3056 2835 3302 2902 Advers.,
3352 2842 3426 2896 ait

1849 2906 2070 2961 deorum
2104 2914 2298 2959 tactum
2331 2902 2600 2958 ellicaCo-m
2629 2905 2888 2968 habitum,
2914 2913 2968 2957 ut
2990 2908 3125 2972 apud
3151 2907 3426 2966 lloratinm

1847 2977 1915 3049 de
1946 2977 2194 3049 Venere:
2228 2973 2400 3049 Tange
2429 2973 2616 3049 Chloen
2643 2973 2796 3027 semel
2815 2987 3162 3049 arrogantem.
3186 2978 3238 3049 ld
3259 2982 3424 3049 quod,

1848 3047 2049 3114 inquit,
2093 3045 2272 3099 allusit
2317 3043 2706 3099 eruditissimus
2749 3054 2902 3114 poeta
2950 3043 3296 3112 Prudentius,
3333 3043 3427 3104 Di;

1848 3113 2023 3190 gnaris
2049 3116 2287 3190 almoeel
2315 3114 2448 3190 pede
2471 3123 2694 3190 tangere.
2714 3113 2831 3190 _Sed
2851 3113 3176 3190 Prudentius
3196 3158 3212 3181 ,
3240 3128 3298 3173 ut
3325 3136 3426 3190 ego

1848 3186 2117 3250 existimo,
2149 3185 2278 3239 nihil
2307 3184 2449 3237 aliud
2485 3184 2597 3238 vult
2626 3185 2727 3241 nisi
2759 3184 3004 3253 pudicum
3037 3185 3088 3239 id
3117 3203 3275 3242 onitie
3304 3184 3427 3245 esse

1851 3257 1990 3324 quod
2033 3258 2210 3327 Agnes
2247 3255 2542 3327 ingreditur
2580 3273 2592 3308 :
2633 3263 2690 3308 ut
2731 3265 2935 3327 castum
2986 3255 3214 3327 reddidit
3256 3261 3426 3327 ipsum

1851 3323 2126 3397 fornicem.
2157 3326 2446 3397 Postliuuc
2474 3323 2726 3397 hymnum
2751 3325 2801 3397 in
2826 3323 2950 3378 Vat.
2975 3324 3021 3379 A
3041 3323 3424 3397 sequitur-pas-

1850 3395 1932 3450 sio
1968 3395 2255 3450 beatissimi
2289 3394 2578 3448 Laurentii.
2619 3395 2673 3448 lu
2714 3396 2832 3448 aliis
2858 3405 2980 3448 sunt
3012 3394 3195 3452 versus
3227 3394 3426 3455 δίθη-

1858 3465 1990 3518 masi
2023 3467 2073 3518 in
2105 3465 2315 3520 laudem
2337 3467 2394 3517 S.
2418 3464 2653 3529 Agnetis,
2689 3465 2739 3518 in
2767 3465 2959 3533 quibus
2981 3467 3300 3523 sanctissimi
3330 3475 3426 3524 hu.

1847 3533 1934 3603 jus
1964 3535 2430 3608 potitilicispietns
2459 3535 2762 3608 non_mi_nus
2789 3536 3031 3608 quam_in
3058 3539 3266 3592 caneris
3304 3538 3422 3608 ejus

1851 3602 2175 3678 Carminibus
2209 3603 2401 3678 elucet.
2445 3602 2908 3678 Apologiamhpre
2947 3603 3173 3661 Damaso
3201 3602 3424 3678 aliisque

1853 3673 2192 3744 pontiﬁcibus
2237 3671 2490 3744 Romanis
2527 3687 2577 3725 tv
2607 3671 2821 3744 stt-culi
2847 3682 3032 3744 contra
3073 3687 3284 3743 apertas
3329 3671 3423 3732 ea-

1853 3740 2080 3816 lumnias
2131 3741 2393 3816 Ammiani
2432 3740 2721 3796 Marcellini
2767 3743 2999 3797 nondum
3047 3740 3222 3816 dedita
3262 3763 3424 3816 Opera

1852 3815 2144 3868 conlectam
2193 3813 2354 3867 fuisse
2396 3823 2554 3880 puto;
2603 3826 2773 3880 neque
2817 3827 2996 3880 operte
3044 3813 3244 3869 nullum
3282 3813 3425 3874 esset

1854 3883 2106 3956 pretium.
2128 3883 2374 3956 Carmina
2405 3883 2515 3956 ipsa
2550 3880 2787 3956 Damasi,
2815 3881 3005 3956 edente
3033 3882 3276 3938 Merenda
3296 3927 3310 3951 ,
3342 3895 3425 3956 ty-

1853 3951 2108 4022 pographi
2136 3951 2452 4021 negligentia
2481 3952 2878 4023 corruptissime
2907 3953 3164 4019 impressa
3187 3967 3334 4023 smn,
3367 3951 3423 4011 ut

1852 4023 2072 4078 editoris
2111 4035 2293 4076 naevos
2327 4030 2660 4090 praeteream.
2693 4021 2891 4078 Versus
2923 4037 3057 4092 quos
3094 4021 3333 4080 dicebam
3371 4026 3422 4082 iu

1854 4093 2062 4149 laudem
2101 4093 2158 4147 S.
2188 4092 2408 4161 Agnetis
2437 4101 2707 4146 correctos
2756 4107 2895 4148 nunc
2934 4092 3219 4149 exhibebo.
3265 4094 3424 4157 Igitur

1853 4175 1972 4232 post
1999 4163 2252 4232 hymnum
2276 4162 2334 4218 S.
2357 4162 2646 4232 Agnetisiu
2669 4161 2867 4232 Vol.8,
2897 4161 3050 4226 Man,
3076 4162 3252 4229 Prag.,
3279 4165 3422 4232 Rat.,

1853 4230 1906 4286 in
1936 4230 2134 4288 Widm.
2165 4231 2350 4288 codice
2376 4233 2514 4301 apud
2541 4230 2757 4297 Weitz.,
2789 4231 2839 4284 in
2875 4232 3060 4286 codice
3091 4230 3423 4302 Florentino,

1851 4303 1920 4375 de
1944 4319 2050 4372 quo
2080 4303 2129 4356 in
2162 4302 2362 4373 proleg.
2393 4317 2538 4356 num.
2571 4303 2660 4365 86,
2693 4303 2779 4371 qui
2808 4315 2927 4375 cum
2965 4302 3093 4375 Urb_.
3123 4307 3422 4375 consentit,

1855 4371 2175 4444 iuseruntur'
2218 4387 2405 4444 versus
2458 4381 2763 4444 sequentes.
2793 4373 3001 4444 gl’ersus
3051 4371 3424 4444 Constantine,

1853 4441 2172 4496 Constantini
2195 4443 2317 4509 filice
2334 4481 2350 4507 ,
2381 4442 2554 4512 scripti
2583 4441 2635 4494 in
2656 4441 2834 4512 absida
2871 4440 3095 4512 basilica:
3121 4459 3272 4510 quam
3297 4440 3424 4500 con;

1852 4513 1980 4566 didit
2006 4517 2058 4565 in
2086 4517 2326 4565 honorem
2354 4511 2413 4564 S.
2446 4510 2603 4579 Agna:
2631 4511 2855 4580 virginis.
2891 4510 3222 4566 Constantina
3259 4513 3424 4570 Deum

1853 4597 2119 4648 venerans,
2149 4580 2447 4650 Christoque
2474 4581 2644 4634 dicata
2663 4621 2677 4643 ,
2716 4581 2962 4650 Omnibus
2988 4581 3224 4650 impensis
3250 4585 3426 4640 devota

169 4649 348 4724 ‘gltdita
373 4662 432 4707 et
460 4653 664 4724 occulta
695 4667 811 4720 quze
836 4650 1194 4724 a_b_Apostolo
1227 4653 1418 4724 cubilia
1444 4660 1703 4724 vocantur
1731 4669 1746 4704 :
1779 4660 1826 4724 υ
1852 4661 2015 4707 mente
2040 4649 2512 4724 paratis,_Numine
2538 4649 2972 4724 diviuomultum,
3005 4649 3313 4724 Christoque
3335 4657 3428 4724 ju-

185 4716 294 4774 Non
330 4723 385 4775 in
413 4716 832 4788 cubilibusjetc.
861 4716 1000 4774 Vide
1032 4729 1320 4778 comment.
1355 4721 1422 4777 ad
1459 4737 1604 4778 vers.
1647 4722 1748 4779 108

181 4787 265 4840 lib.
294 4807 305 4840 ι
336 4791 391 4840 in
415 4795 625 4840 Svmm-

199 4791 265 4843 ib.
294 4807 305 4841 t
336 4791 391 4845 in
415 4795 625 4848 Svmm.

248 4808 705 4931 liliililydT'Vat.
736 4860 797 4925 P,
827 4867 883 4915 et
906 4859 1143 4931 nonnulli
1169 4859 1312 4931 vulg.
1336 4869 1604 4931 corrupte,
1630 4878 1752 4931 pur-

177 4929 300 4996 gabo
329 4933 484 4984 roris.
516 4932 671 4986 Brev.
698 4931 835 4985 Moz.
868 4945 974 4984 non
1002 4929 1182 4984 leviori
1212 4930 1426 4996 mendo,
1455 4928 1752 5000 P'urga'jam

179 5000 329 5053 corda
356 5001 697 5071 propitiabili.
725 4999 1036 5071 Parrhasius
1058 5000 1326 5067 rectejam
1358 5001 1484 5071 olim
1512 4999 1755 5056 ediderat

177 5069 432 5140 purgabor
455 5069 578 5125 oris.
606 5070 874 5125 Giselinus
896 5071 1145 5124 observat
1165 5079 1341 5140 errata
1364 5069 1613 5139 pleraque
1636 5072 1752 5140 qua:

175 5137 523 5195 Prudentium
549 5142 849 5195 mi-errime
877 5140 1162 5204 lmdaruut,
1190 5137 1750 5194 libt‘ariorum‘inscitia

178 5213 487 5278 contigisse,
517 5211 608 5281 qui
632 5210 790 5264 modo
818 5211 869 5263 in
896 5226 1054 5281 uuam
1079 5209 1366 5264 dictionem
1392 5209 1752 5264 diversissima

177 5279 632 5347 conglutinaret",
661 5281 820 5332 modo
838 5279 1162 5332 coltmrentia
1185 5289 1503 5346 separarunt
1528 5297 1541 5331 :
1565 5291 1615 5334 et
1640 5281 1754 5334 lucc

176 5352 430 5418 exempla
478 5350 696 5420 profert.
749 5349 1022 5420 Secernere
1058 5350 1311 5420 scriptum
1361 5359 1493 5420 erat
1510 5364 1652 5404 vers.
1684 5352 1754 5404 55

176 5420 404 5489 ᾼροιιιη
438 5417 530 5489 pro
563 5436 618 5474 se
653 5434 878 5482 cernere.
909 5417 1143 5489 consulet
1187 5428 1232 5489 et
1264 5433 1406 5474 vers.
1436 5419 1562 5489 590,
1596 5420 1686 5474 lib.
1719 5435 1753 5472 ιι

173 5487 230 5541 in
254 5487 489 5559 Syrum}.
537 5507 634 5559 pro
661 5487 1019 5559 consultet4._ln
1045 5489 1152 5541 acie
1185 5487 1258 5542 ib.
1291 5503 1431 5559 vers.
1470 5488 1624 5559 1021,
1661 5504 1756 5558 pro

176 5556 358 5612 macie.
385 5557 489 5613 Sed
510 5556 557 5612 et
587 5559 661 5612 ib.
689 5573 834 5629 vers.
857 5557 976 5623 195,
1004 5573 1096 5629 pro
1116 5556 1450 5612 setlet.Suam
1479 5558 1531 5612 in
1556 5556 1754 5629 hymno

175 5629 534 5699 _S.Vincentit
575 5647 714 5699 vers.
750 5627 869 5693 146,
913 5628 1080 5699 pro_si
1096 5631 1232 5699 jam.
1279 5629 1399 5681 Ubis
1445 5627 1749 5699 ibid.g'vers.

172 5697 300 5756 557.
331 5713 440 5768 pro
474 5717 504 5756 ο
534 5701 623 5754 bis.
671 5698 863 5760 Quinas
906 5695 961 5754 in
1002 5695 1241 5753 Romano
1275 5713 1418 5754 vers.
1451 5697 1610 5764 1056,
1651 5713 1753 5764 pro

1855 4732 2002 4774 trante
2022 4721 2047 4786 ,⁷
2066 4721 2310 4792 Sacrovit
2327 4722 2566 4792 templum
2589 4721 2806 4774 victricis
2833 4721 3041 4792 uirginis
3066 4723 3248 4792 Agnes.
3277 4721 3427 4779 Tem-

1855 4791 2056 4858 plerum
2093 4789 2230 4860 quod
2267 4791 2417 4860 uincit
2459 4805 2618 4860 opus,
2664 4789 2958 4860 terrenaque
2999 4789 3213 4856 cuncta,
3264 4795 3427 4849 Aurat

1854 4877 1967 4930 qua:
1991 4861 2202 4915 rutilant
2223 4859 2406 4913 summi
2428 4859 2630 4930 fastigia
2648 4861 2841 4927 templi.
2868 4859 3067 4915 Nomen
3089 4864 3220 4915 enim
3240 4863 3428 4917 Christi

1856 4915 2133 4984 celebratur
2157 4930 2351 5000 sedibus
2376 4915 2504 4990 isiis,
2536 4915 2832 5000 Tartaream
2859 4932 2998 4984 solus
3027 4934 3187 5000 potuit
3207 4915 3295 4997 qui
3304 4915 3427 4985 riu;

1855 5016 1965 5070 cere
2003 5011 2233 5053 mortem.
2273 4998 2507 5052 Invectus
2543 4999 2666 5053 male
2695 5000 2832 5053 solus
2871 4998 3060 5069 inferre
3095 5001 3424 5070 triumphum.

1860 5069 2062 5124 Nomen
2084 5069 2206 5122 Adcc
2225 5070 2445 5140 referens
2468 5077 2604 5140 retro
2625 5070 2720 5122 ciet
2741 5070 2908 5140 omnia
2923 5070 3164 5137 membro,
3187 5071 3231 5123 A
3250 5069 3426 5124 mortis

1854 5140 2102 5205 tenebris,
2133 5147 2179 5194 et
2208 5154 2340 5192 cwca
2385 5147 2529 5210 nocte
2559 5139 2992 5210 levata._Dignum
3020 5139 3175 5210 igitur
3208 5155 3426 5206 manus,

1856 5225 2069 5280 martyr,
2101 5210 2375 5280 devotaque
2405 5205 2637 5280 Christo,
2676 5207 2761 5262 Ex'
2793 5205 2967 5280 opibus
2995 5205 3179 5280 nodris
3208 5224 3298 5273 per
3325 5224 3425 5280 sa:-

1857 5277 2159 5347 culavlonga
2203 5278 2420 5343 tenebis,
2467 5277 2510 5330 Ο
2539 5279 2663 5347 felix
2695 5277 2834 5347 virgo
2871 5278 3181 5330 memorandi
3209 5279 3426 5333 nominis

1859 5351 2047 5417 Agnes.
2077 5347 2323 5417 Plerique
2355 5348 2512 5403 tiliam
2548 5353 2682 5402 hanc
2709 5347 3036 5417 Constantini
3065 5355 3256 5417 vocant
3281 5347 3422 5401 Cou-

1858 5415 2107 5473 stantiam
2133 5434 2197 5474 ex
2237 5415 2369 5473 actis
2405 5433 2510 5472 non
2538 5417 2871 5472 authenticis.
2904 5415 3007 5469 Sed
3035 5416 3115 5485 vel
3146 5427 3430 5485 utrumque

1862 5505 2054 5544 nomen
2089 5489 2303 5555 habuit,
2331 5489 2416 5543 vel
2445 5487 2673 5543 vocanda
2686 5485 2882 5555 potius
2921 5495 3001 5555 est
3041 5483 3385 5555 ConStautina
3405 5527 3424 5552 ,

1863 5568 1918 5612 ut
1948 5576 2009 5613 ex
2045 5561 2215 5628 primo
2246 5552 2399 5613 versu
2435 5557 2598 5628 liquet
2624 5573 2637 5609 :
2659 5552 3002 5628 Constantina
3031 5553 3213 5608 Deum.
3255 5555 3427 5628 ldent-

1861 5645 1963 5696 que
1995 5623 2186 5683 inimen
2221 5628 2408 5698 legitur
2438 5623 2700 5698 inprimis
2733 5623 2924 5678 litteris
2953 5638 3198 5698 versuum
3231 5627 3428 5698 primo-

1862 5695 1977 5752 rum
2001 5699 2242 5755 undecim
2268 5695 2295 5752 ἴ
2315 5706 2397 5754 est
2417 5697 2556 5753 enim
2582 5707 2794 5752 carmen
2817 5695 3195 5761 acrostichum.
3224 5699 3299 5753 Ac
3321 5697 3428 5753 lor-
