4030 6170
255 279 356 337 ω.
1638 288 2166 353 ρηυιεςοωεωε
3411 322 3517 382 σω

253 410 332 450 ω
366 393 597 465 alicujus
624 396 995 468 inscriptionis
1040 401 1241 459 veteris
1284 402 1461 461 verbis
1506 403 1834 472 coniiciunt;
1864 409 1914 470 Δ
1944 412 2110 467 storia
2155 397 2415 473 Lausiaea
2456 417 2679 476 Palladii
2727 437 2849 495 cap.
2897 425 2998 490 l0.
3039 436 3094 484 et
3133 429 3184 485 In
3222 430 3515 492 lleraclidis

251 487 502 544 excitabo
544 497 792 546 auctores
834 491 1289 562 conjanurarltm,
1332 497 1714 566 probabﬂium,
1744 514 1837 554 va-
1939 501 2193 559 Paradiso
2222 521 2343 576 pag.
2376 508 2504 574 sto,
2553 511 2608 565 in
2641 487 3028 571 Vitis-Patrum
3055 487 3513 593 Rosweydijsed

251 581 454 636 viarum
484 580 801 644 lectionum.
827 582 1282 651 adversariorum,
1326 588 1418 655 qui
1464 589 1577 644 loca
1604 591 1785 658 script:

1938 609 2111 663 neque
2147 596 2232 653 hic
2256 600 2551 656 monachus
2594 617 2714 658 cum
2757 615 2940 662 nostro
2970 580 3514 669 Dracontio‘confun-

250 685 368 724 rum
399 669 634 725 obscura
669 671 909 727 invenire
929 676 1172 743 cupiunt,
1206 690 1269 731 ac
1301 677 1616 746 plerumque
1642 678 1835 734 obseu—
1936 685 2142 741 dendus
2166 699 2273 744 est.
2302 691 2357 745 In
2387 693 2628 761 epistolis
2656 696 2713 752 S.
2744 697 2845 752 Nili
2882 698 3177 768 interprete
3215 703 3396 762 Leone
3420 710 3518 764 Al-

249 762 462 816 ritatem
498 761 600 831 ipsi
632 761 732 816 sibi
768 762 993 831 lingunt,
1040 774 1097 821 ut
1140 766 1339 836 ingenii
1389 782 1613 825 acumen
1649 780 1834 825 ostcn-
1933 775 2061 833 latio
2104 778 2197 835 lib.
2241 795 2280 845 ι,
2324 783 2555 851 epistola
2586 786 2715 853 5U,
2748 788 2948 845 dicitur
2976 761 3140 849 missa
3180 761 3507 870 Dracontioi;

249 862 379 908 teut.
416 853 623 909 Praesto
652 854 785 909 mihi
814 856 913 909 erit
938 856 1142 914 auxilio
1166 860 1341 913 omnis
1368 860 1487 916 haec
1508 876 1721 928 manus,
1746 876 1830 929 ae.
1932 867 2026 925 lib.
2048 884 2108 934 ll,
2130 870 2359 939 epistola
2379 874 2506 943 527,
2537 876 2821 934 Dracontio
2846 882 3083 951 Vindici;
3114 887 3303 944 eodem
3329 853 3422 947 lib.

246 945 389 1016 quod
419 944 601 1001 aiebat
628 946 878 1000 Horatius
905 956 1009 1001 sat.
1035 946 1091 1012 4,
1117 947 1215 1001 lib.
1248 963 1263 1001 ι
1289 966 1302 1003 :

1931 958 2157 1028 epistola
2185 962 2274 1029 94,
2303 965 2590 1023 Dracontio
2616 973 2907 1038 monacho;
2936 975 3032 1030 lib.
3054 944 3134 1043 iu,
3167 944 3395 1049 epistola

300 1120 462 1172 Judaei
481 1131 717 1182 cogemus
736 1120 785 1168 in
818 1120 944 1170 hanc
964 1120 1243 1171 concedere
1264 1058 1523 1173 ll‘tt‘iiaultifb

311 1224 369 1280 5.
401 1223 533 1289 Sed,
566 1233 625 1278 ut
652 1224 706 1278 id
732 1223 877 1293 quod
920 1225 979 1278 in
1009 1225 1092 1279 his
1118 1226 1510 1296 prolegomenis
1537 1226 1829 1295 explanan-

239 1316 368 1371 dnm
411 1316 624 1387 suscepi
657 1330 953 1385 exsequar,
996 1316 1286 1371 videndum
1319 1325 1402 1372 est
1438 1316 1571 1387 quid
1611 1329 1825 1375 veteres

237 1407 370 1462 olim
399 1406 470 1461 de
499 1407 789 1461 Dracontio
817 1409 1074 1478 scriptum
1096 1408 1438 1476 reliquerint,
1468 1408 1599 1477 quid
1631 1424 1822 1463 recen-

238 1507 323 1553 tes
366 1497 456 1553 alii
503 1498 946 1568 excogitaverint,
993 1507 1053 1553 nt
1094 1514 1163 1554 ex
1207 1501 1421 1569 scriptis
1458 1501 1573 1571 ejus
1604 1502 1818 1558 tandem

233 1590 558 1645 concludam
601 1600 655 1645 et
703 1591 984 1645 ostendam
1034 1591 1161 1660 quid
1208 1592 1261 1645 in
1313 1592 1395 1646 his
1425 1595 1819 1651 narratiunibus

235 1684 528 1738 tenendum
579 1684 669 1747 sit,
721 1683 849 1752 quid
900 1683 1269 1754 rejieiendum.
1320 1684 1421 1751 Qui
1473 1684 1812 1742 Dracontium

1931 1065 2119 1108 rursus
2150 1054 2441 1112 Dracontio
2469 1060 2759 1115 monacho.
2790 1064 2917 1118 llam
2940 1075 3205 1135 postrema
3236 1073 3452 1140 epistola
3474 1090 3505 1129 a

1929 1141 2327 1201 Montlauconio
2366 1149 2420 1203 in
2463 1151 2636 1206 Catal.
2668 1153 2921 1210 bibliotb.
2948 1158 3211 1216 Coisliau.
3245 1164 3367 1219 cod.
3402 1168 3507 1223 565

1926 1233 2243 1323 inscribitur
2274 1238 2326 1308 5
2368 1238 2651 1299 Dracontio
2679 1244 2938 1304 Diacouo.
2976 1249 3130 1306 Nilus
3165 1254 3408 1323 quidem,
3442 1260 3503 1314 S.

1924 1322 2146 1382 Joannis
2180 1326 2554 1401 Cbrysostomi
2582 1335 2880 1407 discipulus
2903 1380 2917 1403 ,
2954 1322 3256 1402 Theodosio
3282 1347 3504 1406 leniore

1925 1416 2255 1485 imperatore
2297 1422 2538 1490 vivebat;
2584 1427 2679 1482 sed
2737 1428 2837 1485 hos
2880 1431 3196 1491 Dracontios
3238 1452 3269 1492 a
3315 1452 3502 1498 uosuo

1922 1505 2162 1565 diversos
2182 1510 2353 1567 videri
2376 1528 2445 1568 ex
2469 1515 2585 1585 ejus
2611 1519 2939 1576 carminibus
2967 1526 3285 1582 ostenditur.

1994 1598 2047 1652 7.
2081 1597 2246 1669 Igitur
2282 1604 2486 1673 primus
2524 1606 2586 1663 S.
2632 1608 2872 1667 Isidorus
2918 1614 3187 1673 Dracontii
3233 1623 3495 1689 meminit,

1921 1688 2063 1745 inter
2104 1692 2498 1752 ecclesiasticos
2542 1702 2839 1770 scriptores
2876 1721 3001 1761 cum
3051 1724 3336 1767 recensens
3373 1688 3493 1783 cap.

234 1775 455 1845 preprio
501 1777 721 1830 nomine
762 1776 1106 1845 appellaverit
1131 1818 1146 1841 ,
1196 1777 1555 1846 antiquiorem
1608 1779 1814 1834 Isidem
1843 1768 1890 1831 Β
1916 1781 2005 1845 57,
2032 1780 2115 1837 bis
2137 1785 2314 1841 verbis
2347 1804 2361 1840 :
2393 1768 2707 1847 Dracontius
2726 1799 3010 1865 composuit
3032 1799 3250 1856 heroicis
3271 1768 3494 1861 uersibus

232 1869 408 1937 reperi
440 1869 732 1923 neminem.
764 1866 952 1924 Exstat
980 1868 1194 1935 quidem
1225 1870 1493 1925 Dracontii
1533 1888 1726 1927 nomen
1752 1874 1810 1929 in

230 1961 420 2016 codice
463 1960 865 2025 Theodosiano,
912 1961 999 2015 ubi
1034 1961 1215 2029 plures
1252 1973 1507 2031 apparent
1549 1964 1695 2035 leges
1742 1968 1809 2021 ad

228 2069 349 2108 cum
376 2052 599 2109 dirccue
624 2068 766 2107 anno
795 2055 921 2118 561,
952 2052 1076 2119 565,
1109 2053 1234 2119 567,
1267 2069 1385 2108 cum
1416 2056 1647 2111 vicarius
1677 2060 1809 2114 Afri-

227 2159 303 2198 ca:
333 2153 505 2210 esset,
537 2144 601 2198 de
625 2158 731 2214 quo
760 2144 926 2199 videri
958 2155 1134 2214 potest
1163 2148 1581 2203 commentarius
1606 2149 1808 2204 ϐυῑιιο-

226 2235 355 2288 I’rcdi
384 2233 453 2288 ad
483 2235 587 2303 leg.
621 2236 684 2289 16
708 2234 776 2290 de
804 2250 930 2289 ann.
964 2248 1013 2290 et
1047 2238 1169 2292 trib.
1205 2239 1399 2293 Verum
1427 2240 1696 2310 antiquior
1719 2242 1806 2297 hic

224 2336 304 2381 est
324 2342 487 2396 quam
511 2336 569 2380 ut
590 2327 667 2381 illi
688 2327 926 2381 carmina
948 2330 1047 2382 sub
1072 2329 1337 2384 Dracentii
1363 2333 1579 2387 nomine
1596 2334 1802 2389 edenda

224 2419 384 2473 tribui
430 2427 673 2487 possent,
720 2420 824 2474 nisi
878 2421 922 2475 si
970 2420 1110 2475 forte
1151 2421 1203 2475 in
1245 2431 1801 2481 extremasenectute

220 2510 545 2564 constitutus
573 2525 634 2564 ea
666 2510 1070 2580 conscripserit.
1101 2512 1253 2580 Quod
1296 2523 1470 2569 tamen
1518 2522 1576 2570 ut
1607 2532 1797 2586 negem

219 2601 303 2655 illa
334 2618 425 2657 me
455 2602 681 2670 impellit
712 2604 870 2671 ratio,
920 2606 1062 2675 quod
1112 2622 1233 2661 cum
1279 2608 1595 2663 Dracontius
1637 2610 1693 2681 4.
1731 2610 1799 2665 de

216 2695 473 2750 :erumnis
496 2710 629 2762 quas
660 2696 957 2765 patiebatur
987 2699 1154 2753 multa
1184 2700 1399 2768 dixerit,
1453 2700 1583 2755 nihil
1613 2701 1678 2754 de
1704 2715 1796 2755 sc-

218 2788 304 2841 nio
340 2786 556 2840 locutus
584 2797 696 2850 est;
730 2788 868 2854 quod
898 2790 1117 2843 minime
1146 2791 1384 2860 oportuit
1426 2792 1696 2855 omittere,
1741 2800 1797 2847 ut

215 2878 283 2939 ita
316 2876 525 2933 facilius
552 2878 760 2933 veniam
790 2893 819 2931 a
850 2894 974 2947 rege
996 2880 1354 2935 Vandalorntn
1387 2881 1716 2950 impetraret,
1740 2893 1795 2937 et

213 2968 343 3024 liber
368 2985 401 3023 e
430 2983 648 3023 carcere
677 2969 1056 3025 dimitteretur.
1090 2971 1333 3026 Julianus
1361 2972 1793 3044 archipresbyter

214 3060 263 3116 in
288 3060 639 3131 Supposititio
664 3075 830 3130 opere
857 3062 1080 3116 Advers.
1128 3061 1234 3116 498
1277 3063 1620 3117 Dracontion:
1657 3077 1787 3131 poe-

1913 1874 2271 1934 Ilmemeron
2307 1886 2580 1940 creationis
2627 1892 2831 1955 mundi,
2872 1904 2923 1948 rt
2969 1897 3253 1954 luculenter
3288 1904 3491 1970 quidem

1910 1971 2194 2037 contposuit
2236 1981 2283 2025 et
2328 1975 2551 2044 scripsit.
2603 1977 2735 2034 Cum
2774 1982 2890 2039 bmc
2931 1986 3196 2042 scribebat
3234 1990 3487 2064 Isidorus,

1909 2073 2015 2114 non
2041 2061 2145 2117 alia
2171 2066 2410 2121 carmina
2451 2068 2719 2127 Dracontii
2751 2076 2957 2132 videtur
2978 2082 3266 2149 agnovisse
3292 2061 3487 2152 praster-

1908 2149 2100 2206 librum
2136 2156 2364 2224 primum
2395 2162 2648 2218 carminis
2674 2165 2743 2220 de
2772 2167 2905 2231 Deo,
2961 2171 3052 2239 qui
3079 2186 3108 2224 a
3140 2149 3339 2243 reliquo
3367 2192 3485 2231 cor.

1906 2257 2036 2309 pore
2084 2258 2360 2315 separatus
2428 2250 2536 2319 jam
2594 2262 2719 2308 tunc
2782 2267 2898 2312 erat
2934 2298 2950 2324 ,
3010 2271 3067 2315 et
3126 2262 3483 2321 Hexaemeron

1904 2334 2219 2404 inscriptus;
2250 2348 2307 2393 et
2335 2342 2546 2410 quidem
2596 2346 2749 2401 valde
2786 2361 3104 2418 corruptus,
3156 2363 3211 2405 ut
3245 2370 3313 2408 ex
3370 2358 3478 2411 alio

1902 2424 2022 2479 loco
2056 2426 2239 2482 lsidori
2285 2440 2461 2499 potest
2498 2433 2874 2492 demonstrari.
2926 2440 3198 2509 Siquidem
3243 2444 3334 2498 lib.
3389 2463 3465 2501 xu

1902 2516 2105 2586 Etym.,
2148 2534 2265 2586 cap.
2310 2522 2365 2586 2,
2416 2524 2482 2575 ita
2530 2524 2690 2580 habet
2730 2543 2743 2578 :
2778 2528 3091 2585 Iclmeumou
3120 2532 3295 2589 (ἔνατα
3319 2553 3470 2589 voca-

1899 2616 1980 2661 tus
2009 2625 2065 2663 eo
2088 2614 2226 2680 quod
2254 2613 2407 2669 odore
2431 2633 2523 2670 suo
2544 2628 2590 2670 et
2619 2620 2845 2674 salubria
2884 2624 3131 2689 ciborum,
3160 2639 3203 2681 et
3230 2645 3477 2685 venenosa

1899 2701 2202 2765 prodantur.
2256 2702 2330 2757 De
2384 2723 2483 2775 quo
2523 2707 2832 2765 Dracontius
2856 2714 2928 2766 ait
2959 2729 2979 2768 :
3010 2714 3253 2771 Prwdicit
3291 2721 3475 2775 sui!lut

1900 2789 2001 2842 vim
2020 2794 2370 2864 cujuscunque
2400 2799 2593 2853 ueneni.
2622 2800 2822 2856 Suillus
2846 2815 3014 2859 autem
3040 2826 3074 2861 a
3102 2810 3220 2863 Setis
3245 2819 3316 2864 est
3345 2829 3473 2865 nun-

1894 2890 2136 2950 cupatus.
2160 2884 2276 2949 Quo
2301 2885 2352 2940 in
2380 2886 2497 2942 luco
2524 2890 2806 2947 adnotator
2837 2894 3069 2952 Grialius
3097 2900 3344 2955 observat
3373 2905 3472 2956 ali-

1894 2981 1977 3026 ter
2004 2972 2102 3042 legi
2136 2977 2367 3041 prwcidit
2398 2994 2493 3047 pro
2521 2983 2778 3049 pra'dicit.
2834 2983 3141 3043 Gallandius
3166 2991 3217 3044 in
3244 2994 3476 3050 editione

1894 3061 2161 3119 Dracontii
2191 3082 2373 3122 veram
2413 3072 2730 3142 scripturam
2787 3091 2908 3132 esse
2960 3083 3190 3147 prwcidit
3231 3099 3296 3138 ex
3346 3101 3472 3140 con-

213 3163 337 3217 tam,
379 3162 437 3207 et
479 3152 676 3209 Africa:
718 3153 977 3207 vicarium
1022 3154 1268 3209 eumdem
1310 3155 1578 3210 hominem
1626 3154 1783 3210 fat-it:
1817 3133 1866 3197 (ἶ
1896 3164 2045 3211 testu
2074 3159 2302 3223 colligit;
2330 3162 2425 3217 sed
2455 3180 2521 3219 cx
2545 3175 2795 3223 contextu
2822 3169 2937 3237 ipso
2976 3173 3252 3239 [irmfcram
3284 3178 3471 3244 ρναιάί.

211 3244 300 3298 sed
328 3244 470 3298 illius
497 3244 786 3298 auctmitas
818 3245 959 3325 nulla
992 3252 1096 3313 est,
1125 3244 1309 3316 epinio
1345 3246 1493 3302 omni
1522 3246 1785 3315 probabili

210 3334 554 3391 luudameuto
581 3344 748 3400 caret,
780 3344 836 3389 ut
859 3336 990 3390 dixi.

270 3426 327 3483 ὃ.
356 3426 506 3483 Alius
526 3435 675 3481 certe
696 3441 724 3481 a
748 3435 931 3482 nostro
949 3436 1032 3483 est
1053 3427 1373 3483 Dracontius
1399 3436 1626 3483 monetae
1650 3443 1785 3497 pra:-

207 3521 405 3588 positus
434 3520 536 3575 sub
562 3520 777 3576 Juliano
805 3519 1131 3589 imperatore
1154 3560 1172 3586 ,
1200 3520 1353 3589 cujus
1383 3520 1626 3574 meminit
1655 3522 1782 3575 Am-

204 3613 411 3667 mianus
440 3613 537 3669 lib.
571 3626 706 3677 χιιι,
725 3613 814 3681 qui
838 3622 1020 3667 narrat
1044 3626 1165 3667 eum
1188 3627 1217 3666 a
1241 3611 1530 3681 gentilibus
1550 3612 1781 3666 Alexan-

203 3701 336 3757 driae
383 3703 547 3760 fuisse
596 3704 856 3770 occisum,
914 3704 1036 3773 quia
1078 3717 1224 3758 arani
1272 3703 1327 3757 in
1366 3714 1578 3758 moneta
1620 3718 1777 3773 quam

200 3793 438 3861 regebat,
467 3809 657 3848 recens
688 3793 912 3849 locatam
943 3794 1155 3849 evertit.
1187 3795 1464 3848 AaSCIlllOI‘
1495 3796 1653 3847 etiam
1679 3795 1779 3847 Fa-

203 3884 389 3952 bricio,
418 3886 503 3955 qui
527 3886 583 3940 in
607 3887 740 3942 Bibl.
764 3888 908 3941 med.
935 3895 989 3941 et
1015 3886 1111 3941 inf.
1133 3886 1252 3941 Lat.
1282 3902 1310 3940 a
1342 3897 1497 3954 poeta
1520 3886 1620 3941 hoc
1642 3887 1775 3941 Dra-

198 3976 380 4032 contio
402 3975 677 4046 distinguit
699 3986 808 4033 tum
829 3976 1169 4032 Dracontinm
1190 3976 1500 4045 episc0pnm
1524 3976 1590 4032 ad
1616 3992 1773 4047 quem

197 4066 325 4120 data
350 4077 429 4123 est
449 4067 689 4135 epistola
721 4068 778 4123 S.
807 4067 1085 4122 Athanasii
1118 4077 1246 4121 tom.
1279 4065 1319 4131 I,
1352 4080 1471 4135 pag.
1500 4065 1593 4134 (i5,
1639 4068 1771 4122 edit.

197 4156 505 4225 naturane,
535 4159 604 4214 de
633 4173 740 4227 quo
764 4158 953 4215 confer
1000 4156 1136 4212 inl‘ra
1194 4172 1342 4212 num.
1374 4159 1470 4223 32;
1517 4166 1628 4213 tum
1659 4158 1772 4228 cpi-

195 4263 416 4318 scopum
442 4250 781 4307 Dracontium
802 4251 871 4306 ab
888 4250 1167 4305 Acacianis
1194 4261 1248 4305 et
1272 4249 1485 4305 Arianis
1510 4250 1564 4305 in
1592 4251 1772 4306 conci—

198 4341 276 4395 lio
309 4340 898 4411 Constantinopolitano
940 4343 1243 4413 depositum
1268 4381 1284 4408 ,
1340 4342 1408 4397 de
1454 4357 1560 4413 quo
1603 4353 1769 4414 agunt

198 4432 441 4491 Socrates
472 4433 567 4487 lib.
599 4448 660 4498 It,
687 4447 805 4502 cap.
838 4432 929 4498 42,
960 4443 1013 4487 et
1039 4432 1372 4488 Sozomenus
1399 4433 1492 4487 lib.
1517 4448 1591 4498 tv,
1640 4447 1762 4503 cap.

1889 3247 1980 3302 cit.
2040 3249 2095 3304 In
2137 3251 2319 3305 suillus
2357 3269 2510 3309 error
2536 3258 2847 3315 manifestus
2869 3270 2970 3331 est,
3001 3280 3158 3332 quem
3183 3281 3356 3336 neque
3385 3270 3469 3325 lsi-

1890 3341 2059 3395 dorns
2090 3341 2204 3410 ipse
2246 3345 2616 3414 deprehendit.
2666 3353 2783 3407 Non
2829 3355 2969 3410 enim
3013 3357 3079 3413 de
3122 3360 3472 3419 irhneumone

1892 3432 2241 3498 Dracontius,
2275 3438 2368 3491 sed
2400 3440 2465 3493 de
2490 3440 2679 3510 Psyllis
2704 3444 2899 3501 Africa:
2927 3450 3135 3515 populis
3167 3452 3431 3522 loquitur:

2014 3523 2239 3598 [aspreta
2264 3526 2441 3598 tellure
2460 3531 2635 3587 semel,
2658 3535 2764 3598 sine
2790 3537 2981 3587 ﬂatibus
3004 3541 3130 3598 ullis,

2010 3585 2165 3663 ‘S‘Lbila.
2183 3587 2550 3663 tlnr'nirglmcnt,
2576 3585 2782 3662 necdum
2806 3585 3251 3663 serpente—notato,

2011 3644 2463 3717 {inedia-liminis
2478 3652 2569 3698 vim
2595 3644 3150 3717 cujttscuitqtteveneni:

2004 3706 2154 3769 Slgna
2180 3706 2553 3760 videt'tnedieus
2575 3706 2761 3773 mortis,
2786 3706 2878 3767 eté.

1881 3789 1947 3845 Et
1966 3801 2149 3861 postea
2174 3793 2471 3849 concludit:

2005 3881 2129 3932 Ecce
2153 3893 2311 3943 genus
2331 3886 2578 3936 hominum
2604 3895 2806 3940 ventura
2829 3891 2954 3941 scire
2978 3893 3223 3954 probatur.

1951 3964 2010 4018 8.
2037 3964 2225 4019 Tacito
2255 3966 2525 4023 Dracontii
2570 3972 2787 4028 nomine
2829 3975 2989 4029 verba
3028 3992 3090 4031 ex
3132 3976 3247 4046 ejus
3288 3979 3455 4048 elegia

1876 4053 2096 4122 protulit
2135 4054 2370 4112 Isidorus
2401 4058 2491 4115 lib.
2524 4075 2574 4115 vn
2604 4061 2805 4133 ΕιγῐηἼ
2834 4079 2949 4133 cap.
2982 4066 3014 4120 9
3046 4081 3060 4118 :
3104 4066 3454 4122 Ccra’litterm

1873 4161 1989 4199 rum
2022 4148 2275 4215 materies,
2319 4152 2650 4219 parvulorum
2694 4157 2945 4224 nutrices,
2981 4156 3119 4226 Ipsm
3157 4161 3280 4212 dant
3315 4161 3453 4227 ingc~

1874 4236 2014 4289 nium
2045 4240 2217 4309 pueris
2240 4240 2522 4310 primordia
2542 4259 2735 4298 sensus.
2768 4247 2995 4301 Crinlins
3033 4250 3082 4302 in
3111 4254 3247 4303 notis
3278 4253 3452 4305 anim-

1874 4326 2105 4382 advertit
2141 4344 2354 4384 versum
2385 4330 2527 4387 hunc
2560 4348 2680 4390 esse
2716 4336 2979 4391 Dracontii
3010 4339 3099 4392 lib.
3144 4357 3178 4394 ιι
3228 4344 3293 4397 de
3342 4344 3450 4398 Ma-

1870 4416 2031 4471 china
2066 4419 2246 4473 mundi
2278 4436 2293 4477 :
2333 4419 2401 4474 ita
2431 4422 2573 4477 enim
2600 4436 2755 4480 vocat
2787 4428 2874 4481 ille
2904 4430 3128 4500 elegiam
3161 4418 3448 4491 Dracontii.

198 4521 288 4577 24.
332 4521 385 4578 In
417 4523 641 4592 epistula
677 4524 931 4594 synodica
980 4526 1193 4579 concilii
1236 4525 1581 4581 Alexandrini
1622 4541 1765 4581 anno

1893 4509 2022 4579 .egit
2058 4518 2237 4563 autem
2259 4526 2327 4565 ex
2353 4526 2453 4566 ms.
2485 4514 2607 4567 cod.
2640 4516 2903 4572 Dracontii
2931 4538 2943 4572 :

199 4614 324 4679 362,
351 4631 506 4687 quam
526 4616 776 4680 Eusebio,
802 4616 1070 4682 Lucifero,
1094 4626 1223 4682 etc.,
1248 4620 1575 4688 scripserunt
1602 4619 1769 4673 Atha-

201 4706 369 4763 nasius
396 4710 683 4776 exterique
707 4706 949 4775 episc0pi
989 4707 1080 4777 qui
1120 4708 1457 4762 Alexandria:
1492 4723 1558 4762 ex
1592 4707 1765 4774 Italia,

201 4797 405 4864 Arabia,
436 4797 668 4868 {Egypto
693 4808 747 4852 et
774 4799 944 4869 Libya
973 4798 1216 4863 aderant,
1246 4797 1389 4852 inter
1413 4814 1506 4853 cos
1533 4799 1619 4867 qui
1644 4815 1765 4854 cum

200 4887 479 4943 Athanasio
505 4890 746 4944 scribunt
775 4892 1081 4944 nominatur
1110 4890 1446 4945 Dracontius.
1484 4890 1540 4943 In
1569 4890 1680 4946 Vita
1703 4891 1765 4947 S.

200 4976 475 5036 Hilarionis
499 4988 724 5035 auctore
750 4981 808 5038 S.
843 4981 1172 5052 Hieronymo
1198 4996 1319 5049 cap.
1349 4982 1443 5047 25,
1475 4983 1684 5037 mentio
1710 4984 1769 5038 tit

198 5067 453 5128 Dracontii
474 5072 716 5141 episcopi
737 5082 792 5128 et
815 5073 1164 5141 confessoris,
1183 5074 1272 5143 qui
1290 5074 1445 5143 jussu
1466 5074 1766 5131 Constantii

198 5159 260 5213 ad
282 5170 511 5219 castrum
538 5164 839 5221 'I’hebatum
862 5166 1159 5223 exsulabat.
1200 5167 1283 5222 Ab
1306 5166 1391 5222 liis
1419 5168 1689 5233 omnibus.
1720 5167 1768 5225 si

200 5258 361 5307 tamen
395 5268 589 5310 omnes
630 5254 773 5311 inter
818 5270 878 5312 se
925 5266 1048 5313 sunt
1091 5256 1372 5325 distincti,
1420 5260 1765 5316 Dracontion)

200 5352 427 5399 tuistrum
444 5355 496 5401 et
526 5354 795 5416 tempora,
818 5359 871 5403 et
895 5350 1130 5406 rationes
1152 5352 1274 5407 vita:
1299 5353 1366 5405 ab
1391 5366 1457 5408 eo
1485 5354 1761 5421 instituta,

197 5444 437 5498 quantum
480 5436 697 5507 quidem
738 5452 805 5494 ex
849 5449 1094 5508 poemate
1125 5440 1192 5497 de
1236 5442 1346 5497 Deo
1384 5451 1439 5498 et
1482 5457 1548 5499 es
1583 5444 1761 5514 Elegia

199 5524 476 5595 colligitur,
512 5529 648 5585 satis
675 5543 861 5599 aperte
889 5532 1218 5590 discernunt.
1262 5537 1490 5607 Propius
1529 5539 1595 5592 ad
1625 5539 1759 5594 Dra-

202 5616 350 5671 contii
394 5620 563 5675 nostri
609 5629 821 5681 :ctatcm
867 5623 1094 5693 accessit
1123 5624 1439 5681 Dracontius
1467 5626 1760 5697 discipulus

212 5701 481 5766 Pambonis
505 5709 735 5774 abbatis,
771 5715 859 5782 qui
899 5713 979 5771 vir
1010 5715 1335 5773 admirabilis
1369 5719 1560 5776 dicitur
1589 5722 1640 5779 in
1679 5724 1758 5779 hi-

1992 4601 2500 4678 tic'rajdakingenlnm
2528 4608 2692 4678 pueris
2711 4609 2965 4678 primordia
2990 4625 3178 4678 sensus,

2054 4660 2175 4712 Inde
2200 4662 2251 4711 lit
2275 4660 2325 4711 υῑ
2352 4660 2551 4726 prmstet
2570 4660 2729 4717 littera
2752 4669 2827 4719 vel
2853 4680 3041 4722 noceat.

1871 4765 2044 4834 Atque
2070 4768 2141 4821 ita
2168 4778 2349 4837 postea
2377 4770 2576 4824 editum
2609 4771 2704 4827 fuit
2734 4774 2783 4827 in
2808 4775 3046 4832 editione
3078 4778 3448 4836 Sirmondiana

1870 4864 1925 4910 ct
1947 4857 2249 4913 Matritensi
2278 4861 2332 4929 6
2361 4860 2572 4914 Patrum
2603 4862 3006 4920 Toletanorum.
3056 4867 3163 4924 Nec
3207 4870 3445 4939 displicet

1872 4947 2085 5018 quidem
2112 4959 2337 5019 pra-stet,
2367 4950 2461 5006 sed
2486 4952 2761 5021 przcl'eratn
2789 4958 2947 5026 prosit
2974 4974 3094 5013 cum
3124 4961 3443 5017 membranis

1874 5040 2262 5110 antiquissimis
2285 5043 2576 5100 Vaticanis.
2632 5046 2713 5101 Ex
2737 5049 2925 5105 eadem
2963 5051 3131 5121 elegia
3177 5053 3442 5109 Dracontii

1873 5130 2051 5201 plures
2074 5146 2263 5189 versus
2293 5134 2505 5204 reperio
2531 5152 2561 5192 a
2590 5134 2648 5193 S.
2680 5134 3033 5211 Columbano,
3064 5155 3187 5197 ante
3233 5144 3292 5199 S.
3347 5146 3441 5199 lsi.

1872 5222 2061 5276 durum
2094 5224 2441 5292 nominando,
2473 5234 2876 5303 acceptos,qni,
2902 5243 2957 5287 ut
2998 5249 3027 5287 ιι
3062 5233 3365 5297 Prudentia,
3392 5247 3440 5290 et

1872 5313 1939 5368 ab
1970 5314 2263 5371 Octaviano
2292 5315 2534 5375 Romano
2557 5321 2725 5390 (quod
2761 5331 2907 5389 putat
2932 5320 3262 5393 Goldastns),
3304 5328 3445 5381 etab

1867 5404 1988 5459 aliis
2018 5406 2171 5472 alios,
2205 5407 2276 5463 ita
2310 5408 2409 5464 hos
2434 5421 2704 5466 mutuatus
2729 5422 2810 5467 est
2836 5428 2862 5464 a
2899 5413 3184 5467 Dracontio
3232 5416 3284 5471 in
3327 5419 3435 5486 cpi.

1868 5495 2001 5548 stola
2044 5495 2111 5551 ad
2145 5496 2444 5553 IIunaldnm
2472 5538 2489 5565 ,
2541 5513 2699 5567 quam
2744 5500 2985 5555 nonnulli
3054 5501 3214 5559 setho
3257 5504 3429 5561 inscri-

1864 5584 2028 5640 bunt:

1984 5677 2155 5742 Omina
2182 5686 2374 5742 tempus
2393 5678 2507 5737 agit.
2533 5689 2642 5726 cum
2665 5686 2885 5742 tempore
2904 5690 3077 5735 cuneta
3110 5690 3381 5740 tralnmtur.

1988 5739 2246 5788 Alternant
2275 5740 2521 5787 elementa
2543 5742 2689 5794 vices.
2718 5739 3008 5805 et'tempnra
3033 5759 3238 5801 mutant.
