4030 6170
302 322 423 390 605

1667 320 2195 379 PROLEGOMENA.

3447 320 3557 384 ωδ

306 443 366 498 In
386 439 618 496 editione
646 439 933 496 Parisienst
956 439 1195 493 omnium
1217 451 1438 507 operum
1462 437 1733 493 Sirmondi
1760 453 1883 491 con-
1909 438 1955 499 Ἀ
1988 439 2043 497 5.
2067 438 2342 507 apposuit,
2372 454 2474 510 qua
2506 440 2578 495 ait
2609 454 2771 509 penes
2796 452 2854 493 se
2876 452 2995 494 esse
3021 452 3083 492 ex
3117 450 3217 491 ms.
3242 434 3427 490 codice
3453 434 3553 489 To-

305 533 495 585 tribata
516 530 683 596 gratia
715 530 793 583 uel
834 529 1033 595 fauoris.
1071 528 1127 583 In
1156 529 1449 598 exemplari
1480 529 1663 596 prima:
1689 530 1879 583 editio-

305 622 413 687 nis,
443 635 550 689 quo
591 627 731 684 utor,
764 618 893 673 vitio
936 628 1184 688 typornm
1232 634 1336 673 non
1384 620 1529 673 clare
1573 619 1735 672 verba
1765 620 1879 673 ha-c

302 720 587 780 apparent.
634 711 878 772 Rivinns,
920 710 1009 777 qui
1052 710 1223 763 solum
1274 709 1543 764 Sirmondi
1590 708 1878 764 editionem

305 804 473 869 vidit,
496 803 664 858 edidit
701 802 1000 856 contributio
1039 803 1228 855 amoris
1260 802 1332 853 rel
1375 801 1583 870 favoris.
1621 800 1879 855 Henricus

310 896 528 961 Florez,
556 895 826 965 Hispania:
856 908 1022 947 sacrae
1051 894 1293 962 egregius
1323 893 1626 962 primusque
1669 904 1876 961 auctor,

302 988 402 1057 qui
439 997 745 1056 excerptum
775 1000 961 1040 eorum
992 1001 1112 1054 quin
1140 1001 1207 1039 eo
1233 986 1417 1039 codice
1456 985 1713 1037 'l‘oletano
1750 1000 1880 1037 cott-

307 1081 568 1144 tinentur,
596 1092 755 1132 manu
791 1076 1012 1131 Joannis
1039 1075 1283 1145 Vazquez
1311 1076 1393 1129 del
1426 1076 1645 1130 Marmol
1677 1076 1878 1130 deseri-

308 1182 463 1242 ptum
507 1184 673 1241 penes
712 1183 773 1225 se
809 1168 1067 1233 habebat,
1095 1182 1215 1221 cum
1253 1166 1459 1221 videret
1500 1181 1696 1223 nomen
1740 1168 1879 1235 rcg's

307 1262 467 1317 initio
493 1260 731 1331 epistola:
773 1260 984 1326 deesse,
1012 1258 1239 1328 coniecit
1282 1273 1403 1312 eum
1446 1257 1609 1313 fuisse
1654 1258 1880 1312 liecccs-

306 1351 587 1415 vinthum,
617 1350 708 1420 qui
736 1349 914 1405 studio
942 1364 1212 1404 sacrarum
1244 1348 1541 1403 litterarum
1572 1348 1877 1404 delectaba-

307 1452 424 1496 tur.
477 1441 624 1497 llanc
674 1439 1036 1508 conjecturam
1094 1437 1549 1493 eminentissimus
1595 1436 1879 1493 cardinalis

308 1531 653 1593 Lorenzana,
684 1542 839 1598 quem
873 1527 1093 1582 honoris
1131 1540 1292 1581 causa
1321 1526 1558 1592 nomino,
1591 1540 1654 1581 ac
1681 1527 1879 1595 saepius

304 1622 362 1675 in
394 1620 499 1674 hoc
521 1631 682 1688 opera
712 1618 988 1672 nominare
1014 1616 1206 1683 debeo,
1236 1617 1289 1671 in
1318 1617 1541 1671 eruditis
1578 1618 1878 1671 adnotatio-

302 1711 470 1766 nibus
488 1710 553 1764 ad
582 1710 767 1764 Patres
791 1708 1079 1764 Toletanos
1105 1708 1359 1778 prreclare
1386 1718 1440 1763 et
1467 1723 1692 1764 nervosa
1718 1709 1875 1764 refel-

304 1803 370 1858 lit
398 1820 417 1857 :
448 1812 557 1857 tum
598 1800 719 1869 quia
748 1800 977 1855 studium
1006 1772 1275 1855 sacrarum
1310 1799 1619 1855 litterarum'
1646 1800 1877 1856 Chinda-
1907 1772 1954 1833 Β

300 1892 526 1949 suintho
537 1904 658 1946 cum
679 1890 786 1945 lilio
800 1890 1184 1946 Reccesvintho
1198 1890 1612 1955 communel'uit,
1629 1901 1737 1946 tum
1755 1893 1876 1961 quia

300 1982 625 2039 Sirmondus
640 1982 692 2035 in
706 1996 805 2037 ms.
820 1981 1006 2037 codice
1020 1996 1211 2037 nomen
1227 1981 1635 2036 Chindasvinthi
1656 1986 1876 2052 reperit,

297 2074 455 2145 quod
494 2072 715 2143 proinde
741 2072 1075 2127 retinendum
1107 2080 1211 2127 est.
1248 2072 1506 2141 Equidem
1532 2082 1657 2142 puto
1689 2074 1877 2129 Flore-

298 2167 451 2221 zium
474 2164 761 2219 editionem
792 2162 1061 2218 Dracontii
1093 2162 1521 2218 Sirmondianztm
1548 2173 1636 2220 aut
1664 2181 1771 2218 non
1802 2180 1879 2219 vt-

297 2258 456 2313 tlisse
497 2271 759 2325 unquam,
793 2264 883 2308 aut
912 2269 1015 2308 non
1046 2254 1385 2323 expendisse,
1418 2271 1524 2310 non
1553 2257 1724 2311 solum
1755 2258 1877 2325 quia

300 2366 419 2407 non
461 2349 687 2404 advertit
721 2346 1129 2405 Chindasuinthi
1158 2362 1350 2403 nomen
1392 2363 1707 2417 expressum
1739 2352 1789 2402 in
1816 2365 1879 2404 ea

205 2465 221 2476 ο
298 2457 455 2505 esse,
481 2455 663 2495 verum
693 2440 851 2494 etiam
878 2438 998 2509 quia
1024 2439 1255 2493 afﬁrmat
1282 2438 1553 2493 Dracontii
1584 2455 1716 2507 opus
1738 2440 1877 2509 quod

301 2556 333 2593 a
365 2536 653 2593 Sirmondo
672 2535 869 2589 editum
891 2534 1007 2599 luit,
1034 2548 1140 2588 non
1160 2548 1280 2588 esse
1309 2533 1698 2600 Hexaemeron,
1729 2545 1778 2586 ut
1812 2534 1879 2585 ab

303 2627 549 2697 Eugenio
584 2633 883 2681 eorrcctum
924 2631 1036 2693 est,
1068 2621 1163 2679 sed
1203 2622 1346 2677 aliud
1385 2623 1654 2677 diversum
1694 2624 1760 2675 ah
1788 2623 1880 2676 illo

302 2718 548 2775 carmine
568 2716 706 2786 quod
734 2717 786 2771 in
807 2714 992 2770 codice
1017 2714 1305 2784 Azagrensi
1335 2713 1550 2780 existit;
1580 2715 1881 2784 allegatque

304 2808 683 2868 auctoritatem
705 2805 924 2865 Joannis
956 2805 1204 2878 Baptista:
1226 2804 1390 2863 Peres
1413 2805 1465 2862 in
1496 2813 1622 2862 nota
1651 2804 1718 2861 ad
1757 2818 1878 2877 cap.

308 2902 378 2958 N
413 2900 661 2958 lldel‘onsi
690 2899 758 2956 de
788 2899 901 2954 Vir.
929 2899 1182 2955 illustrib.

384 2992 478 3048 19.
504 2992 611 3047 Sed
651 2991 821 3060 primo
860 2989 977 3044 loco
1001 3004 1235 3059 quaeram
1278 3005 1308 3046 a
1361 2990 1602 3046 Florezio
1630 2989 1718 3061 qui
1764 2990 1882 3044 lieri

308 3083 487 3152 potuit
524 3091 579 3136 ut
615 3080 862 3135 Perczius
883 3079 951 3135 de
974 3080 1204 3136 editione
1232 3082 1604 3137 Sirmondiana
1634 3081 1881 3151 loquere-

312 3184 418 3238 tur,
451 3188 572 3227 cum
624 3172 712 3227 ille
756 3186 896 3226 anno
942 3171 1077 3227 1597
1126 3170 1351 3238 obierit,
1393 3171 1709 3227 Sirmondus
1756 3189 1883 3227 vero

314 3262 657 3317 D:acontium
683 3278 822 3316 anno
853 3262 1067 3316 tandem
1098 3262 1231 3317 1619
1257 3263 1395 3333 typis
1422 3263 1751 3332 vulgaverit?
1783 3265 1886 3334 ιο

315 3354 519 3409 Deinde
560 3365 840 3422 utramque
880 3353 1167 3408 editionem
1214 3353 1603 3418 consideranti,
1642 3355 1885 3410 Sirmon-

316 3447 526 3502 dianam
554 3446 758 3502 scilicet
784 3458 835 3501 et
859 3461 976 3500 eam
1005 3459 1161 3515 quam
1186 3460 1253 3501 ex
1278 3445 1401 3501 cod.
1434 3446 1719 3516 Azugrensi
1750 3447 1885 3501 etni-

316 3540 662 3596 nentissimus
691 3538 973 3595 cardinalis
1003 3538 1310 3594 Lorenzaua
1336 3538 1673 3610 procurarit,
1714 3537 1887 3593 mani-

319 3632 453 3687 lesto
495 3632 666 3701 liquet
709 3631 1048 3693 Dracontium
1093 3647 1120 3684 a
1170 3631 1457 3686 Sirmondo
1505 3632 1706 3687 editum
1758 3646 1887 3686 vero

319 3723 504 3787 luisse,
529 3730 586 3775 ut
616 3722 683 3775 ah
715 3722 947 3791 Eugenio
992 3721 1162 3776 fuerat
1201 3730 1495 3777 correctus.
1540 3721 1721 3792 Itaque
1762 3737 1886 3776 cum

321 3814 573 3870 Perezius
608 3813 674 3868 ad
716 3823 873 3879 caput
916 3812 983 3867 ll
1027 3815 1086 3869 S.
1117 3806 1367 3868 llde'l'onsi
1408 3812 1477 3868 de
1511 3813 1620 3867 Vir.
1666 3813 1884 3879 illustr.,

319 3916 479 3976 caput
506 3907 596 3972 37,
624 3906 806 3959 Isidori
836 3906 904 3961 de
934 3906 1215 3961 Dracontio
1244 3905 1539 3971 laudasset,
1566 3917 1619 3960 et
1646 3904 1885 3959 addidis-

319 4006 434 4052 set:
470 3996 773 4049 Dracontius
799 4011 950 4065 porro
975 4005 1152 4062 poeta,
1182 3996 1326 4062 cujus
1351 3995 1432 4048 Itic
1458 3996 1517 4063 ﬁt
1542 3995 1746 4061 mentio,
1769 3997 1885 4066 jam

320 4089 406 4139 diu
434 4088 600 4157 fertur
624 4088 913 4155 impressus,
943 4101 1043 4137 non
1073 4095 1241 4138 tamen
1266 4095 1318 4137 ut
1353 4088 1519 4153 fuerat
1560 4085 1623 4136 ab
1662 4082 1889 4153 Eugenio

322 4180 640 4243 emendatus;
662 4178 748 4231 sed
778 4179 909 4229 hunc
940 4176 1157 4247 Eugenii
1181 4175 1578 4229 emendationem
1601 4176 1703 4229 ridi
1725 4176 1777 4228 in
1798 4174 1890 4228 illo

324 4279 514 4324 vetusto
540 4269 710 4322 codice
750 4265 920 4321 Ruizii
960 4267 1195 4336 Azagrii,
1224 4269 1365 4337 cujus
1394 4282 1551 4335 supra
1588 4267 1890 4320 mentionem

268 4426 274 4430 η
324 4362 451 4430 feci;
479 4360 719 4414 laudatus
746 4359 1031 4413 cardinalis
1072 4360 1374 4414 Lorenzana
1402 4357 1672 4427 suhjecit:
1707 4356 1774 4410 Et
1808 4356 1892 4410 ltio

1984 530 2161 584 letano
2192 531 2471 599 epistolam
2518 530 2738 598 Eugcnii
2780 530 2843 582 ad
2890 544 3067 599 regem
3116 524 3552 600 (Recresrinthum

1982 621 2188 686 forsan,
2219 622 2419 690 inquit,
2449 632 2537 675 aut
2562 620 3060 690 Chindasvintltum),
3093 620 3456 689 przcl’ationcm
3487 620 3553 674 ad

1982 710 2120 765 idem
2168 727 2302 779 opus
2349 714 2593 768 versibus
2637 715 2918 781 scriptam,
2961 722 3015 767 et
3059 710 3550 779 recapitulationem

1979 802 2045 854 ad
2082 803 2239 857 llnem
2272 804 2389 857 libri
2422 805 2694 859 Dracontii
2738 819 3057 872 appensam,
3087 817 3192 872 quo
3218 800 3350 857 satis
3378 802 3549 856 innuit

1980 894 2145 947 visam
2170 908 2198 945 a
2244 907 2303 947 se
2334 894 2603 949 Sirmondi
2648 895 2934 948 editionem
2977 910 3081 947 non
3132 894 3316 958 luisse,
3358 893 3414 947 in
3441 907 3546 962 qua

1981 983 2095 1037 hinc
2124 984 2300 1038 omnia
2348 986 2709 1054 reperiuntur,
2737 994 2789 1039 et
2818 983 3218 1039 Chiudasvinthi
3267 985 3408 1051 regis
3451 1000 3548 1036 no-

1980 1091 2102 1130 tnen
2139 1075 2378 1145 epistola:
2422 1076 2781 1144 praemittitur.
2820 1075 2972 1141 Quod
3011 1076 3204 1131 attinet
3231 1076 3445 1145 quidem
3476 1076 3545 1131 ad

1982 1175 2279 1235 temporum
2310 1168 2568 1222 rationem
2587 1208 2603 1231 ,
2636 1168 2845 1237 utrique
2873 1167 2985 1237 regi
3025 1166 3249 1236 epistola
3278 1166 3400 1221 data
3426 1181 3546 1221 esse

1981 1257 2181 1325 potuit;
2212 1258 2305 1313 sed
2345 1259 2412 1313 de
2454 1257 2859 1313 Chindasvinthi
2909 1259 3142 1323 nomine,
3173 1257 3314 1328 quod
3360 1273 3425 1311 ex
3456 1272 3545 1311 ve-

1981 1350 2083 1405 teri
2113 1352 2233 1407 cod.
2264 1353 2533 1409 Sirmondi
2561 1354 2783 1420 eruitur,
2813 1352 3030 1407 dubium
3061 1351 3263 1405 nullum
3301 1365 3420 1405 esse
3448 1350 3544 1405 de-

1981 1441 2103 1506 bet;
2134 1445 2233 1499 nisi
2279 1445 2417 1499 lorte
2447 1444 2663 1499 dubium
2695 1445 2907 1514 aliquod
2937 1452 3186 1498 nascatur
3209 1459 3275 1498 an
3314 1459 3439 1498 vere
3477 1444 3540 1495 ilo

1981 1531 2067 1585 lttd
2100 1549 2289 1590 nomen
2320 1535 2370 1590 in
2393 1534 2571 1605 aliquo
2590 1534 2775 1590 codice
2794 1534 3024 1604 antiquis
3049 1534 3240 1589 litteris
3267 1544 3543 1590 exaratum

1980 1626 2205 1697 legatur.

2054 1720 2138 1774 15.
2176 1720 2353 1773 Dicam
2403 1719 2505 1773 hoc
2543 1717 2665 1773 loco
2692 1716 2759 1774 de
2799 1717 3082 1774 Sirmondo
3122 1717 3262 1787 quod
3295 1716 3363 1772 de
3391 1731 3457 1771 eo
3484 1729 3547 1770 ac

1979 1811 2048 1865 de
2089 1809 2269 1864 multis
2296 1809 2415 1864 aliis
2441 1808 2572 1867 viris
2600 1807 2801 1864 criticis
2828 1809 3004 1863 sznculi
3036 1806 3260 1878 proximi
3301 1823 3361 1862 ae
3390 1822 3549 1873 supc-

1978 1902 2136 1958 rioris
2174 1901 2377 1966 sentio;
2403 1900 2497 1955 sed
2535 1899 2708 1956 dicam
2760 1904 2856 1971 11
2888 1900 3036 1969 prius
3076 1914 3163 1954 me
3202 1898 3545 1953 Sirmondum

1979 1994 2111 2049 tanti
2140 1994 2317 2047 lacere
2343 2000 2525 2060 quanti
2558 2006 2755 2060 paucos
2779 1991 2947 2057 alios;
2974 1989 3058 2045 cui
3090 1990 3140 2044 in
3167 1989 3350 2060 judicii
3378 1988 3547 2043 exacti

1978 2082 2303 2147 maturitate,
2329 2093 2382 2136 et
2412 2082 2509 2136 hac
2537 2096 2689 2137 sacra
2715 2081 2993 2137 amceniori
3015 2080 3255 2135 doctrina
3281 2080 3547 2135 neminem

1981 2172 2233 2240 prtel‘c-ro.
2268 2172 2625 2228 Vehementer
2644 2174 2804 2227 etiam
2836 2187 2922 2226 me
2947 2171 3176 2227 oblectat
3205 2171 3468 2241 placidum
3496 2180 3550 2226 et

1980 2265 2240 2337 atqnahile
2274 2264 2485 2320 dicendi
2515 2279 2682 2333 genus
2723 2264 2883 2319 etiam
2930 2263 2981 2318 in
3011 2264 3461 2326 contentionibus,
3483 2279 3549 2318 ex

1980 2373 2105 2428 quo,
2131 2358 2175 2411 si
2207 2356 2422 2411 aliunde
2452 2355 2746 2420 nescirem,
2774 2355 2954 2408 animo
2994 2369 3116 2409 eum
3163 2354 3277 2409 ntiti
3314 2363 3367 2409 et
3408 2365 3550 2407 tran-

1980 2450 2150 2519 quillo
2195 2448 2358 2502 fuisse
2395 2445 2926 2511 comprehenderem.
2971 2445 3075 2501 Sed
3120 2460 3223 2499 non
3272 2454 3552 2513 propterea

1981 2540 2096 2594 sine
2122 2539 2365 2592 examine
2392 2538 2533 2591 illico
2562 2535 2925 2602 recipiendum
2967 2545 3052 2589 est
3088 2535 3342 2604 quidquid
3389 2536 3456 2589 ab
3487 2549 3551 2588 eo

1983 2632 2055 2686 ita
2097 2630 2383 2701 profertur,
2422 2634 2479 2681 ut
2518 2642 2583 2681 ex
2614 2627 2792 2693 aliquo
2833 2626 3000 2681 veteri
3043 2642 3145 2682 ms.
3176 2627 3343 2681 vidi-ri
3389 2626 3550 2694 possit

1980 2720 2344 2793 desumptum.
2376 2719 2529 2777 Mitto
2558 2718 2900 2776 oscitationes
2927 2718 3182 2787 quasdam
3223 2718 3549 2783 tolerabiles,

1981 2829 2112 2886 quas
2136 2815 2353 2870 omnino
2381 2828 2570 2869 cavere
2596 2813 2823 2866 humana
2851 2822 3036 2865 natura
3066 2827 3170 2866 non
3200 2819 3393 2880 potest.
3416 2809 3549 2866 Illud

1984 2921 2091 2962 non
2131 2906 2318 2976 probo,
2349 2904 2491 2976 quod
2521 2918 2664 2972 smpe
2704 2903 3020 2959 Sirmondus
3049 2903 3244 2973 aliique
3285 2905 3334 2957 in
3381 2903 3551 2958 lucem

1984 2999 2179 3068 scripta
2208 3007 2392 3053 vetera
2443 2996 2814 3065 proferebant,
2842 2998 2966 3065 quin
3015 2996 3327 3066 explicatius
3374 2997 3551 3049 trade.

1986 3099 2105 3144 rent
2130 3088 2254 3155 qttid
2278 3088 2329 3142 in
2357 3087 2686 3143 membranis
2715 3094 2946 3142 exstaret
2968 3132 2984 3157 ,
3010 3087 3136 3157 quid
3162 3086 3232 3143 ab
3261 3088 3386 3155 ipsis
3409 3087 3553 3141 addi~

1987 3192 2096 3238 tum
2128 3182 2316 3236 luisset
2336 3223 2349 3246 ,
2377 3184 2491 3236 sive
2521 3193 2575 3237 ut
2605 3181 2964 3251 corrigerent,
2993 3185 3103 3237 sive
3132 3192 3187 3236 ut
3216 3184 3553 3250 supplerent,

1985 3275 2099 3329 sive
2126 3283 2184 3328 ιιι
2223 3274 2592 3338 declararent;
2620 3287 2684 3326 ac
2729 3288 3104 3343 nonnunquam
3152 3277 3325 3342 neque
3356 3273 3554 3327 indica~

1988 3375 2106 3420 rent
2135 3379 2241 3435 quo
2270 3365 2321 3419 in
2367 3366 2485 3419 loco
2513 3364 2728 3419 codices
2757 3373 3182 3418 asservarcntur.
3225 3364 3292 3418 Et
3329 3365 3403 3419 illi
3441 3365 3554 3435 qui-

1986 3456 2106 3511 dem
2143 3457 2314 3511 sccuri
2367 3456 2697 3524 posteritatis
2743 3456 2879 3509 bona
2931 3455 3034 3509 llde
3076 3455 3336 3524 agebant;
3365 3464 3418 3509 at
3462 3471 3557 3511 nos

1986 3562 2129 3616 sazpe
2167 3548 2218 3600 in
2250 3562 2341 3602 eas
2379 3547 2719 3601 difﬁcultates
2766 3544 3072 3615 incidimus,
3102 3561 3130 3598 a
3161 3547 3351 3614 quibus
3392 3552 3556 3614 expc-

1986 3638 2085 3693 diri
2114 3652 2218 3691 non
2251 3649 2549 3704 possumus,
2578 3635 2699 3703 quia
2728 3634 2838 3696 illi,
2866 3648 2986 3686 eum
3014 3645 3257 3701 possent,
3289 3634 3427 3688 viam
3453 3650 3563 3689 non

1987 3728 2357 3796 cxplanaruut.
2390 3725 2572 3794 Itaque
2602 3723 2858 3777 Ruinartii
2881 3722 3151 3790 diligentia
3175 3723 3434 3777 laudanda
3455 3734 3559 3791 est,

1990 3818 2080 3887 qui
2110 3833 2228 3873 cum
2262 3827 2447 3870 nactus
2488 3814 2671 3869 luisset
2699 3812 2936 3868 codicem
2986 3825 3090 3867 ms.
3115 3827 3220 3880 quo
3248 3813 3558 3867 Sirmondus

1991 3909 2043 3964 in
2076 3907 2283 3965 edenda
2322 3906 2521 3962 Notitia
2562 3906 2947 3975 provinciarum
2977 3914 3031 3959 et
3057 3904 3327 3959 civitatum
3369 3905 3559 3957 Africae

1990 4015 2120 4056 usus
2163 4000 2365 4063 fuerat,
2400 4014 2505 4053 nou
2546 3998 2715 4052 solum
2766 3997 2972 4051 titulum
3014 4003 3248 4050 veterem
3298 3994 3558 4059 restituit,

1992 4107 2180 4146 verum
2221 4091 2380 4144 etiam
2426 4089 2744 4159 scripturam
2797 4087 2996 4141 codicis
3048 4085 3243 4140 alicubi
3290 4083 3560 4147 adhibuit,

1991 4181 2187 4237 omissa
2245 4179 2687 4249 interpretatione
2734 4192 2828 4231 seu
2880 4176 3212 4232 restitutione
3258 4174 3559 4245 Sirmondi,

1991 4271 2238 4340 quamvis
2267 4268 2553 4338 probabilis
2582 4268 2679 4338 ipsi
2704 4267 2996 4320 videretur.
3328 4282 3335 4288 ·

2064 4365 2152 4418 Η.
2185 4362 2436 4416 Nonnulli
2478 4368 2722 4414 ass-runt
2766 4357 3109 4413 Sirmondum
3152 4371 3246 4411 eos
3274 4354 3564 4423 scriptores

327 4450 652 4517 Dracontius,
690 4461 742 4505 ttt
779 4450 843 4505 ab
889 4450 1116 4521 Eugenio
1142 4450 1464 4516 emendatus,
1498 4448 1664 4502 editus
1703 4448 1886 4517 πρίω

1995 4454 2227 4511 edidisse
2250 4468 2315 4508 ex
2338 4451 2460 4507 eod.
2484 4466 2583 4505 ms.
2600 4448 2943 4505 bibliotheca:
2973 4448 3289 4503 Parisiensis
3309 4448 3369 4502 S.
3390 4446 3563 4501 Victo-

325 4554 427 4610 est,
466 4545 689 4612 primum
728 4560 761 4596 u
798 4500 1090 4597 doctissaimo
1125 4543 1426 4608 Sirmondo,
1463 4542 1646 4596 deinde
1686 4542 1739 4595 in
1774 4539 1889 4595 PP.
1918 4500 1974 4563 Ι)
1997 4546 2093 4602 ris.
2125 4545 2238 4600 Hoc
2275 4543 2446 4611 ipsum
2494 4541 2716 4595 innuere
2765 4539 2972 4593 videtur
3002 4537 3114 4593 Nic.
3150 4538 3411 4592 Antonius
3459 4536 3563 4591 loe.

325 4632 599 4701 Biblioh,
631 4634 835 4687 tandem
857 4648 889 4686 α
926 4631 1067 4685 nobis
1094 4631 1176 4684 Itic
1206 4633 1336 4684 inter
1373 4645 1557 4686 ca'tera
1587 4630 1648 4687 S.
1676 4630 1894 4701 Eugenii

326 4742 479 4795 opera
505 4743 662 4795 supra
690 4741 911 4779 recusas.
952 4722 1220 4779 Florczins
1254 4724 1467 4793 quidem
1496 4725 1721 4778 fortasse
1744 4740 1804 4777 ev
1828 4738 1894 4776 eo

328 4818 579 4888 deceptus
615 4828 697 4872 est
734 4816 874 4886 quod
915 4815 1029 4870 Nic.
1055 4815 1314 4869 Antonius
1353 4814 1489 4869 Bibl.
1538 4823 1644 4869 vet.
1678 4822 1807 4869 tom.
1841 4813 1894 4881 l,

329 4908 423 4965 lib.
445 4925 499 4975 ν,
526 4924 646 4976 cap.
670 4908 725 4974 5,
758 4923 863 4962 non
905 4906 1037 4962 satis
1078 4905 1225 4961 elate
1252 4905 1537 4974 explicuit,
1569 4904 1622 4958 in
1648 4905 1896 4959 editioni-

328 4998 427 5056 bus
450 5014 572 5069 qua:
596 4996 1024 5054 Sirmondiauam
1051 5002 1437 5067 prtecesscrant
1462 4992 1653 5049 deesse
1688 4995 1893 5061 episw-

328 5089 460 5155 lam,
498 5090 777 5162 prologum
819 5088 1128 5151 metricum.
1166 5096 1220 5143 et
1250 5087 1742 5157 recapitulationem
1792 5088 1898 5141 Eu-

328 5180 467 5248 genii
504 5181 571 5234 ad
614 5194 748 5249 opus
791 5178 1087 5243 Dracontii;
1119 5186 1172 5232 et
1202 5177 1293 5232 lib.
1323 5193 1409 5240 Ill,
1439 5192 1558 5247 cap.
1585 5179 1639 5241 5,
1672 5193 1792 5231 cunt
1830 5193 1893 5233 ex

331 5268 594 5325 lldeiouso
618 5278 888 5325 narrasset
910 5267 1179 5323 Dracontii
1218 5267 1582 5322 Hexaemeron
1610 5268 1678 5320 ah
1723 5266 1897 5337 Eugv-

330 5360 419 5416 nio
441 5371 738 5417 correctum
770 5362 954 5430 fuisse,
977 5369 1031 5416 et
1057 5361 1489 5430 recapitulatione
1514 5369 1671 5430 atque
1697 5375 1898 5429 appen-

327 5454 454 5511 ἀίω
478 5453 692 5522 septimi
718 5453 750 5507 d
772 5454 821 5508 ei
862 5462 1073 5507 anetum
1091 5492 1107 5516 ,
1139 5453 1413 5523 subiunxit
1439 5472 1452 5507 :
1488 5452 1600 5506 "ac
1626 5455 1700 5507 ita
1740 5470 1900 5507 cura-

332 5555 439 5599 tttnt
474 5562 602 5616 opus
640 5545 857 5613 primunt
904 5544 1093 5612 prodiit
1138 5543 1355 5600 Parisiis
1396 5561 1459 5600 ea:
1501 5544 1801 5600 bibliomeca
1836 5544 1898 5599 S.

343 5636 579 5689 Victoris.
603 5634 720 5704 lpse
746 5632 1028 5689 cardinalis
1056 5634 1353 5702 Aguirrius,
1375 5634 1463 5701 qui
1489 5634 1779 5690 editionem
1814 5633 1901 5688 Bi-

332 5726 615 5784 bliotheca:
639 5726 830 5784 veteris
855 5726 1090 5792 curavit,
1119 5733 1298 5782 notam
1326 5726 1553 5793 margini
1582 5725 1675 5783 lib.
1702 5743 1755 5794 ν,
1782 5740 1899 5793 cap.

1994 4636 2088 4691 cit.
2114 4633 2249 4688 Bibl.
2280 4642 2410 4695 vct.,
2442 4632 2521 4685 vel
2543 4633 2730 4686 saltem
2756 4645 2939 4683 ansam
2966 4629 3183 4684 errandi
3212 4630 3449 4698 praebere
3471 4644 3565 4697 po-

1998 4736 2119 4783 test.
2138 4726 2377 4781 Andreas
2400 4724 2621 4777 lii'vinus
2645 4722 2696 4776 in
2719 4737 2811 4776 sua
2836 4721 3100 4775 Dracontii
3123 4721 3358 4777 editione
3379 4721 3566 4774 dubius

1999 4819 2189 4874 ltatsit:
2220 4816 2546 4875 Sirmondus,
2573 4814 2676 4879 ait,
2710 4812 3133 4867 Dracontium....
3171 4813 3310 4865 haud
3336 4812 3486 4865 dubie
3508 4825 3567 4864 ea

1996 4908 2203 4976 Asagrii
2224 4907 2372 4960 istius
2400 4904 2682 4976 Hispanico
2702 4904 3005 4972 exemplari,
3032 4905 3129 4957 nisi
3156 4904 3384 4974 fortassis
3409 4902 3567 4971 ipsius

2008 4998 2363 5052 Vaticana...
2393 4996 2688 5067 publicauit.
2719 4996 2974 5061 Putabat,
3007 5004 3066 5050 ttt
3107 4996 3314 5063 opinor,
3350 4992 3569 5047 lliviuus

1964 5108 1969 5113 '
2005 5091 2346 5145 Dracontium
2372 5087 2518 5143 curis
2566 5087 2839 5142 Michaelis
2882 5085 3052 5141 Ruizii
3096 5086 3165 5141 de
3202 5086 3403 5151 Azagra
3432 5084 3570 5152 typis

2004 5181 2207 5237 editum
2238 5179 2423 5235 fuisse.
2452 5179 2526 5234 Ex
2556 5178 2843 5233 Sirmondo
2865 5178 2979 5248 ipso
3007 5177 3132 5231 nihil
3162 5175 3348 5229 horum
3371 5176 3571 5243 colligi-

2005 5280 2119 5336 tur;
2148 5285 2268 5324 natn
2312 5270 2364 5323 in
2410 5269 2583 5324 indice
2613 5284 2833 5339 operum
2876 5282 2994 5336 qucc
3021 5267 3176 5320 simul
3218 5265 3405 5320 edebat
3434 5280 3574 5319 anno

2007 5364 2161 5427 l6l9,
2196 5371 2314 5433 post
2355 5363 2571 5417 nomina
2612 5360 2829 5431 Eugenii
2852 5400 2867 5425 ,
2897 5358 3163 5413 Dracontil
3186 5398 3199 5421 ,
3231 5357 3436 5411 Martini
3472 5356 3575 5409 hn-

2004 5454 2225 5508 miensis
2250 5460 2306 5506 et
2344 5451 2698 5518 Columbani,
2734 5462 2866 5517 quos
2904 5446 3041 5501 unde
3081 5456 3287 5516 promat
3329 5445 3576 5500 distincte

2006 5559 2038 5597 n
2063 5560 2112 5597 nn
2138 5542 2424 5611 exprimit,
2446 5543 2617 5598 solum
2640 5539 2786 5593 addit
2810 5554 2822 5589 :
2848 5536 3077 5591 Severini
3101 5538 3322 5607 episcopi
3347 5537 3578 5593 doctrina

2009 5651 2072 5689 ea:
2110 5634 2409 5688 bibliotheca
2448 5633 2587 5704 regia
2614 5638 2662 5685 et
2692 5630 2981 5684 monasterii
3012 5628 3404 5701 Theologirnsis.
3435 5628 3575 5683 Tiro-

2011 5729 2086 5784 nis
2116 5726 2360 5791 Prosperi
2390 5724 2628 5787 Aquitani
2669 5722 2915 5791 confessio
2953 5740 3016 5779 ea:
3046 5722 3316 5781 Vaticana.
3356 5721 3467 5779 [loc
3498 5721 3576 5791 ip-
