4030 6170
515 292 619 348 1307

1909 279 2367 352 ωΑοοΝτιυε.

3645 287 3739 346 6(‘3

512 419 634 464 smn
662 403 736 459 ita
760 402 1022 472 repetitur
1050 403 1104 457 in
1139 403 1239 473 12
1268 399 1503 457 editione
1529 386 1816 453 Parisiensl
1841 396 2080 452 omnium
2111 397 2158 455 Δ
2188 403 2472 453 mulcentur
2508 406 2706 466 nectus,
2738 407 2829 452 aut
2867 397 3110 454 doceatur
3143 367 3578 466 iudactzwlouod
3617 402 3744 470 judi-

513 509 738 561 Opel'tttn
761 493 1028 550 Sirmondi
1051 506 1174 547 cura
1197 491 1379 546 Jacobi
1400 491 1468 544 de
1494 490 1538 543 la
1564 490 1744 543 Banne
1765 501 1906 542 anno
1928 486 2086 550 1697,

511 582 759 649 dormi-1,
797 597 863 638 ac
905 583 1077 636 solmn
1117 581 1294 636 editor
1334 580 1402 634 ad
1448 579 1666 634 verbum
1707 575 2091 647 Tlteologiensis

514 682 708 728 notat:
744 673 895 727 Nunc
923 672 1134 726 Tholeia
1153 711 1168 736 ,
1200 670 1479 725 coenobium
1508 667 1703 722 ordinis
1743 665 1806 723 S.
1831 665 2092 721 Benedicti

515 765 589 818 ad
614 764 834 819 Suram
860 764 1072 833 ﬂuvium
1097 763 1151 816 in
1177 761 1366 831 ﬁnibus
1401 759 1770 829 Lotltaringiie,
1793 768 1840 813 et
1867 758 2092 813 dimcesis

521 854 851 910 Tret'irertsis.
880 853 1023 908 Nihil
1047 852 1191 908 aliud
1215 852 1476 920 expiscari
1509 851 1655 918 potui
1685 857 1777 904 aut
1803 865 1868 904 ex
1901 848 2095 903 Biblio-

439 975 463 1029 χ
519 946 676 1001 theca
705 945 919 1029 Patrum
947 944 1287 1014 Lugdunensi
1313 943 1440 998 anni
1469 942 1625 1007 1677,
1657 941 1746 996 ubi
1773 955 1934 1005 onera
1957 941 2093 996 Dra-

457 1036 471 1102 ἱ
520 1037 781 1092 contiiex
813 1031 1054 1092 editione
1095 1033 1476 1089 Sirmondiana
1520 1031 1868 1096 recuduntur,
1897 1040 1988 1086 aut
2028 1045 2096 1085 ex

456 1106 467 1124 ⁸
529 1127 730 1182 Veneta
777 1127 1016 1181 editione
1067 1125 1310 1180 omiiium
1363 1138 1586 1193 operum
1635 1121 1907 1180 Sirmondi
1955 1137 2098 1176 anno

528 1217 666 1272 I728
689 1216 973 1285 publicata.

595 1307 686 1362 l5.
717 1307 774 1363 in
801 1305 1130 1362 bibliotheca
1165 1304 1457 1361 Parisiensi
1492 1303 1551 1360 S.
1582 1303 1814 1360 Victoris
1839 1302 2102 1360 Montibu-

524 1398 714 1454 oeuius
757 1408 1004 1455 recenset
1053 1396 1444 1461 Draconicium,
1488 1395 1580 1466 qui
1625 1403 1708 1451 est
1751 1404 1938 1450 noster
1972 1395 2101 1450 Dra-

523 1490 770 1556 contius;
802 1488 896 1544 sed
918 1503 1038 1545 cum
1061 1504 1126 1544 ex
1157 1502 1218 1542 ea
1245 1487 1564 1543 bibliotheca
1595 1486 1852 1557 prodierit
1876 1487 2104 1542 Dracon-

525 1581 633 1636 tius
670 1595 812 1636 anno
841 1580 979 1635 l560
1007 1579 1245 1645 mutilus,
1274 1588 1330 1634 et
1371 1579 1488 1635 sine
1530 1578 1776 1648 epistola.
1801 1587 1855 1634 et
1885 1579 2105 1648 prologo

521 1671 772 1740 metrico,
798 1679 854 1726 et
889 1669 1331 1739 recapitulatione
1375 1669 1630 1740 Eugenii,
1665 1669 1811 1725 illum
1855 1669 2101 1724 codicem

2189 489 2332 544 cium
2365 489 2591 558 Eugenil
2623 505 2689 544 an
2713 490 2782 544 ab
2808 489 3062 547 omnibus
3090 489 3254 544 fuerit
3273 489 3576 559 probatum,
3601 491 3742 560 paulo

2186 588 2314 646 post
2341 578 2662 634 videbimus.
2707 579 2821 634 Non
2862 580 3141 648 ignorabat
3187 579 3326 650 ipse,
3377 580 3431 635 in
3461 582 3744 652 aliquorum

2191 672 2670 744 reprehensionem
2700 688 2865 742 posse
2895 672 3034 729 hanc
3063 673 3255 741 agendi
3287 672 3548 729 rationem
3588 676 3748 732 incur-

2189 779 2314 820 rere
2331 749 2612 835 z'adeoque
2644 765 2698 820 in
2729 765 2963 820 secunda
3008 765 3344 834 prmlatione,
3377 775 3435 821 ut
3462 781 3583 822 sese
3608 782 3750 822 excu-

2194 863 2298 919 set.
2328 856 2542 923 satagit.
2573 855 2832 910 Solebant
2857 856 3003 911 enim
3028 866 3240 914 veteres
3266 857 3403 912 duas
3425 858 3752 926 prmlatiooes

2195 945 2348 1000 libris
2387 944 2654 1001 interdum
2693 961 3025 1016 prmponere,
3069 948 3366 1016 prtesertim
3412 949 3752 1004 carminibus.

2193 1035 2254 1091 In
2281 1035 2517 1092 Martiali
2548 1035 2600 1091 id
2621 1050 2854 1092 cernere
2898 1037 3045 1103 licet,
3080 1053 3149 1095 ex
3176 1054 3285 1108 quo
3307 1039 3379 1095 ad
3419 1038 3752 1096 Prudentium

2194 1137 2320 1194 pag.
2351 1123 2458 1180 252
2477 1125 2686 1191 notavi,
2719 1125 3089 1196 pmlatianem
3117 1127 3425 1198 hajusmodi
3451 1131 3755 1200 simpliciter

2199 1215 2469 1284 epistolam
2501 1215 2784 1287 appellari.
2817 1216 2872 1272 Id
2899 1217 3340 1274 coniirmaturex
3377 1219 3574 1285 Statio,
3602 1220 3689 1274 lih.
3724 1236 3756 1275 u

2199 1304 2400 1364 Silvar.
2427 1306 2482 1362 ia
2510 1305 2717 1377 praefat.
2741 1306 2888 1363 inter
2907 1318 3094 1377 poetas
3107 1307 3439 1364 Christianos
3454 1309 3758 1366 Prudentius

2197 1395 2536 1466 Apotheosin
2561 1397 2771 1454 duobus
2807 1399 3045 1469 prologis
3064 1400 3310 1456 carmine
3337 1401 3664 1471 conscriptis
3685 1416 3759 1456 or-

2197 1490 2370 1546 navit.
2397 1490 2669 1546 iuvencus
2693 1504 2820 1545 cum
2846 1506 2954 1547 u-no
2981 1499 3186 1548 tantum
3211 1494 3431 1563 prologo
3444 1493 3762 1549 editur:sot|

2204 1581 2260 1637 in
2300 1581 2588 1638 veterrimo
2611 1582 2798 1638 codice
2827 1596 2930 1640 ms.
2962 1582 3221 1639 Vaticano
3247 1599 3360 1655 reg.
3387 1584 3585 1648 Suec..
3627 1599 3762 1639 trum.

2205 1672 2330 1735 $33.
2360 1672 2494 1728 duas
2514 1671 2860 1743 praefationes
2887 1673 3211 1729 hexametris
3236 1674 3530 1739 confectas.
3547 1689 3616 1731 ac
3633 1676 3766 1731 clare

527 1762 899 1832 imperfectum
917 1762 974 1817 in
999 1776 1062 1817 ea
1092 1761 1413 1817 bibliOtheca
1436 1760 1614 1816 adhuc
1641 1759 1845 1816 servari
1873 1759 2094 1816 ercden-
2121 1754 2172 1816 Β
2199 1765 2475 1820 distinctas
2494 1763 2701 1820 inveni.
2724 1763 2870 1820 .Ante
2900 1764 3123 1833 primam
3159 1764 3353 1836 legitur
3373 1765 3569 1837 Incipit
3593 1769 3764 1837 prtzfa-

527 1853 654 1910 dum
681 1861 791 1922 est,
818 1868 924 1908 non
950 1852 1145 1919 alium,
1177 1852 1244 1908 ad
1270 1867 1430 1922 quem
1460 1851 1780 1908 Sirmondus
1804 1865 1954 1906 suam
1985 1849 2097 1904 edi-

524 1945 731 2000 tionem
782 1945 1219 2000 conformaverit.
1277 1943 1354 2000 De
1409 1943 1730 2000 bibliotheca
1786 1943 2097 1998 monasterii

527 2033 935 2105 Theologiensis
965 2033 1097 2088 nihil
1127 2034 1298 2089 habeo
1329 2033 1470 2104 quod
1501 2034 1553 2088 in
1583 2033 1816 2089 medium
1853 2033 2096 2090 aderam.

523 2126 698 2197 Magis
749 2125 1085 2196 exploratum
1130 2125 1260 2180 mihi
1291 2135 1374 2180 est
1415 2123 1760 2180 Sirmondum
1808 2123 2097 2179 editionem

523 2233 680 2274 suam
707 2218 930 2288 Fugenii
959 2229 1012 2273 et
1039 2216 1306 2272 Dracontii
1335 2217 1624 2271 adornasse
1669 2229 1737 2271 ex
1780 2213 1968 2272 codice
2013 2214 2100 2270 bi-

531 2309 814 2365 bliotheca:
853 2311 1013 2378 regia:
1041 2309 1381 2375 Parisiensis,
1422 2322 1581 2377 quem
1625 2323 1773 2362 nunt.
1802 2307 1870 2362 ιδ
1895 2305 2100 2362 descri-

530 2401 680 2469 bam;
712 2401 813 2456 hoe
841 2401 983 2456 enim
1012 2400 1215 2466 innuit,
1245 2410 1336 2454 aut
1362 2399 1505 2454 clare
1545 2399 1705 2454 etiam
1743 2399 1976 2452 afﬁrmat
2001 2412 2098 2450 au-

529 2504 648 2549 ctor
685 2492 925 2562 Catalogi
971 2490 1216 2548 codicum
1269 2503 1398 2545 mss.
1437 2490 1554 2559 ejus
1583 2488 1946 2544 bibliotheca»
1994 2487 2100 2544 Sed

529 2588 702 2643 adhuc
726 2587 1076 2658 qurerendum
1103 2597 1346 2656 superest
1389 2601 1458 2640 an
1499 2585 1668 2640 veteri
1711 2584 2019 2639 charactere
2047 2584 2102 2638 in

529 2695 597 2735 eo
620 2679 806 2734 codice
832 2681 1090 2748 scriptum
1123 2677 1307 2743 fuerit,
1337 2675 1557 2745 Eugenii
1589 2675 1809 2745 epistola
1836 2674 1904 2728 ad
1943 2674 2101 2730 Chiu-

523 2770 856 2824 dasu’utlmm
891 2785 1088 2840 regem,
1119 2783 1186 2823 an
1216 2783 1284 2823 ex
1329 2766 1633 2837 conjectura
1677 2765 1746 2820 ab
1793 2765 1972 2834 aliquo
2019 2780 2103 2820 re-

529 2862 756 2917 centiori
805 2862 874 2915 ita
923 2861 1260 2929 appositum,
1311 2867 1403 2912 aut
1449 2856 1826 2913 declarationis
1873 2869 2035 2910 causa
2073 2870 2102 2908 a

529 2950 819 3007 Sirmondo
846 2949 1175 3019 adjunctum.
1215 2949 1422 3018 Quippe
1451 2945 1982 3002 animadvertendum
2022 2954 2105 3000 est

531 3043 728 3097 nullam
752 3043 804 3096 irt
827 3050 936 3096 toto
966 3057 1128 3112 opere
1151 3040 1374 3095 inveniri
1403 3039 1675 3095 Sirmondi
1703 3038 2102 3093 adnotationem

2196 1855 2294 1920 tio,
2323 1867 2492 1924 eaque
2519 1853 2761 1910 absoluta
2799 1855 2918 1909 item
2946 1855 3204 1924 ρτωίαιεο.
3233 1855 3387 1911 Hunc
3408 1856 3658 1913 codicem
3692 1871 3764 1914 sco

2199 1959 2332 2015 quar
2361 1945 2415 2002 in
2453 1959 2518 2002 ea
2542 1959 2700 2014 quam
2741 1947 2939 2001 molior
2959 1945 3199 2001 editione
3225 1946 3446 2003 iuvenci
3473 1948 3545 2002 ad
3577 1957 3767 2004 veteres

2198 2037 2409 2093 codices
2435 2044 2595 2107 atque
2619 2036 2884 2092 editiones
2913 2039 3196 2107 recogniti,
3218 2038 3598 2108 perpetuisque
3620 2039 3748 2093 notis

2201 2129 2470 2186 illustrati.
2510 2131 2705 2186 Arator
2729 2129 2865 2185 duas
2907 2130 3106 2202 elegias
3147 2132 3370 2188 Actibus
3405 2132 3759 2199 apostolon

2201 2221 2464 2292 praeﬁxit:
2489 2221 2584 2277 sed
2611 2236 2732 2276 cum
2759 2221 2929 2277 altera
2959 2221 3080 2277 data
3107 2223 3177 2276 sit
3199 2221 3266 2277 ad
3297 2222 3608 2283 Florianum
3623 2222 3768 2278 abba-

2203 2318 2332 2372 tem,
2360 2311 2528 2366 altera
2549 2310 2616 2365 ad
2637 2306 2886 2381 Vigilium
2917 2311 3245 2380 pontiﬁcem,
3265 2320 3316 2366 et
3337 2321 3570 2381 utraque
3598 2313 3666 2366 sit
3686 2327 3768 2379 pro

2201 2401 2424 2470 epistola
2446 2401 2794 2466 dedicatoria,
2811 2402 3060 2458 exiStimo
3083 2403 3362 2458 Aratorem
3402 2418 3570 2458 unum
3603 2418 3768 2458 exem-

2202 2492 2320 2561 plar
2349 2491 2540 2562 Vigilio
2571 2505 2694 2547 cum
2731 2492 2961 2562 epistola
3003 2491 3073 2547 ad
3119 2507 3239 2548 eum
3279 2491 3518 2554 dedisse.
3555 2493 3767 2548 alterum

2203 2583 2456 2654 Flor-iano
2490 2597 2612 2638 cum
2651 2583 2882 2654 epistola
2923 2583 2993 2640 ad
3037 2585 3232 2652 ipsum.
3277 2582 3426 2638 Nunc
3465 2595 3618 2639 certe
3654 2598 3768 2637 no-

2203 2673 2334 2728 nulli
2358 2671 2565 2729 duabus
2582 2674 2827 2743 epistolis
2845 2675 3191 2730 dedicatoriis
3205 2688 3298 2728 sua
3323 2688 3486 2744 Opera
3515 2674 3768 2736 muniunt,

2204 2765 2289 2822 vel
2321 2781 2525 2821 morem
2556 2777 2797 2822 veterum
2825 2768 3016 2833 secuti,
3046 2766 3134 2822 vel
3171 2767 3409 2836 qualibet
3433 2765 3540 2820 alia
3582 2766 3769 2821 ratiooe

2207 2858 2461 2926 permoti.
2511 2857 2732 2914 Sedulio
2771 2865 2879 2912 tres
2918 2857 3263 2927 prmlationes
3298 2857 3461 2926 aliqui
3499 2858 3769 2926 imputant,

2215 2947 2319 3020 14
2348 2949 2572 3014 primam
2601 2949 2851 3005 oratione
2871 2951 3044 3004 soluta
3076 2950 3146 3004 ad
3178 2949 3528 3016 Bonifacium,
3561 2949 3767 3003 alteram

2213 3039 2460 3095 versibus
2485 3039 2756 3109 elegiacis,
2783 3040 2976 3110 quibus
2995 3039 3067 3096 de
3093 3054 3194 3094 suo
3217 3039 3390 3108 Opere
3422 3038 3664 3093 Paschali
3703 3039 3770 3093 lu-

468 3188 473 3194 ,
530 3149 633 3202 qua
681 3133 803 3187 sciri
849 3133 1016 3202 possit
1053 3147 1119 3184 an
1159 3131 1373 3200 aliquod
1420 3129 1640 3184 verbum
1687 3127 1972 3184 obscurum
2015 3136 2106 3183 aut
2131 3123 2178 3186 C
2209 3131 2411 3199 quitur,
2446 3131 2679 3198 tertiam,
2722 3145 2840 3197 qum
2879 3130 3076 3186 dicitur
3120 3129 3394 3186 Dedicatio
3429 3130 3493 3183 ad
3539 3129 3770 3185 Theodo-

531 3232 840 3294 corruptum
865 3225 1148 3278 mutaverit
1175 3231 1267 3278 aut
1294 3221 1608 3278 correxerit.
1638 3220 1769 3288 Quis
1795 3230 1973 3276 autem
2002 3221 2104 3276 sibi

531 3315 853 3385 persuadeat
897 3316 1135 3369 codicem
1177 3315 1250 3368 ita
1290 3315 1510 3368 omnino
1549 3328 1670 3369 esse
1713 3313 2006 3382 scriptum,
2049 3323 2110 3370 ut

531 3420 562 3460 ο
595 3405 882 3462 Sirmondo
923 3404 1099 3459 editus
1140 3403 1259 3459 est?
1297 3402 1629 3458 Crediderim
1672 3401 1832 3458 facile
1861 3401 2107 3458 Sirmon-

530 3494 658 3550 dum
707 3493 836 3548 nihil
866 3509 1054 3548 att-um
1086 3493 1186 3549 nisi
1228 3508 1291 3548 ex
1338 3493 1480 3562 justa
1525 3506 1686 3548 causa
1713 3501 1807 3548 aut
1849 3493 2108 3563 probabili

533 3585 857 3654 conjectura.
891 3583 996 3640 Sed
1027 3593 1206 3638 nostra
1248 3585 1473 3639 interest
1517 3581 1655 3638 scire
1696 3582 1823 3650 quid
1863 3593 2011 3638 certe
2040 3598 2108 3638 ex

533 3679 640 3733 title
661 3691 789 3731 mss.
808 3677 1092 3741 tenendum
1113 3677 1206 3744 sit,
1221 3676 1346 3748 quid
1366 3683 1725 3746 congruenter
1741 3676 2105 3746 recipiendum

532 3787 599 3827 ex
625 3770 946 3842 coujecturis
990 3773 1274 3828 editorum.
1301 3773 1468 3840 Quam
1509 3772 1672 3827 multa
1703 3773 1896 3842 passim
1929 3773 2104 3841 profe-

531 3865 702 3921 rimus
744 3875 991 3936 tanquam
1034 3867 1304 3935 explorata
1347 3867 1545 3922 veteris
1572 3865 1793 3934 alicujus
1830 3867 2106 3935 scripturis

533 3957 726 4023 verba,
756 3972 874 4027 qua:
901 3957 1129 4012 fortasse
1158 3957 1276 4025 ejus
1313 3973 1418 4010 non
1446 3965 1600 4021 sunt,
1627 3956 1720 4010 sed
1756 3955 1908 4025 primi
1937 3955 2106 4010 edito.

536 4053 638 4117 ris,
679 4051 769 4121 qui
821 4051 997 4106 locum
1049 4050 1327 4114 mutilum,
1377 4049 1682 4114 diiﬁeilcm,
1725 4049 1967 4102 vitiatum
2008 4060 2106 4101 suo

533 4149 706 4195 marte
755 4141 1054 4210 supplevit,
1082 4140 1405 4204 declaravit,
1434 4137 1780 4194 emendavit?
1808 4139 1992 4207 Neque
2021 4147 2104 4191 ta-

537 4247 660 4287 men
706 4231 944 4301 plerique
986 4231 1352 4300 hujuscemodi
1394 4231 1630 4286 editores
1669 4244 1790 4284 cum
1821 4229 2106 4285 Sit-mendo

533 4331 661 4378 sunt
675 4325 1036 4393 comparandi.
1053 4325 1182 4391 Qua:
1201 4340 1228 4376 a
1248 4340 1335 4379 me
1351 4325 1420 4379 ita
1436 4332 1560 4378 sunt
1573 4324 1862 4393 disputata,
1886 4324 1985 4395 13
1999 4339 2104 4379 nou

533 4423 595 4467 ut
619 4413 1022 4469 Chindasvinthi
1052 4430 1246 4470 nomen
1274 4413 1508 4484 rejiciaiu
1527 4453 1543 4480 ,
1571 4414 1664 4470 sed
1693 4423 1748 4468 ut
1773 4413 1900 4468 illud
1928 4421 2102 4481 caute,

534 4513 594 4560 et
618 4505 788 4562 donec
816 4507 954 4562 aliud
979 4518 1218 4573 constet,
1251 4507 1584 4563 retinendum
1609 4522 1728 4562 esse
1754 4505 2102 4562 concludam:
2135 4495 2186 4555 D

536 4608 649 4653 tum
678 4607 737 4653 ut
771 4599 837 4653 ad
866 4600 1079 4656 codices
1118 4600 1388 4655 Dracontii
1435 4599 1742 4668 diligentius
1785 4597 2108 4667 qurereudos

535 4697 594 4744 et
620 4687 997 4755 conferendas,
1027 4691 1072 4746 si
1099 4690 1187 4762 qui
1213 4690 1302 4746 alii
1347 4690 1522 4747 adhuc
1561 4691 1703 4758 sint,
1746 4689 2106 4763 Hispanorum

536 4782 850 4839 industriam
875 4786 1125 4840 excitem.

609 4875 695 4931 16.
737 4875 814 4931 Ex
838 4876 1062 4946 epistola
1099 4875 1321 4946 Eugenii
1353 4883 1498 4945 patet
1535 4874 1664 4945 quid
1707 4873 1760 4929 in
1809 4871 2100 4929 Dracontio

534 4965 874 5022 eruendando
901 4965 970 5020 ab
997 4966 1112 5034 ipso
1151 4966 1442 5034 praestitum
1488 4963 1673 5021 fuerit.
1720 4963 1917 5020 Putant
1959 4962 2102 5022 enim

536 5057 780 5114 nonnulli
823 5057 958 5113 nihil
992 5056 1134 5112 aliud
1170 5055 1344 5126 egisse
1385 5057 1700 5126 Eugenium,
1733 5055 1834 5111 nisi
1865 5065 1923 5110 ut
1960 5053 2108 5110 codi-

537 5161 680 5214 cem,
707 5155 971 5204 vetustate
995 5153 1056 5203 et
1095 5145 1436 5202 librariorum
1477 5145 1794 5216 negligentia
1838 5144 2104 5210 vitiatum,

535 5239 848 5310 corrigeret.
875 5239 983 5296 Sed
1009 5237 1152 5294 aliud
1178 5235 1280 5291 sibi
1309 5235 1492 5291 volunt
1511 5251 1575 5291 ea
1598 5236 1762 5292 verba
1788 5253 1800 5289 :
1831 5235 2107 5304 Super/ina

537 5333 808 5399 demerent,
837 5332 1113 5403 semiplena
1158 5330 1464 5401 supplerem,
1506 5328 1674 5398 fracte
1705 5328 2104 5394 constabilircm,

535 5433 588 5479 et
611 5426 785 5480 crebro
807 5428 1021 5495 repetita
1045 5434 1291 5479 mitterem
1314 5437 1334 5478 :
1361 5431 1469 5478 tum
1493 5419 1652 5476 etiam
1698 5419 1839 5489 quod
1869 5418 2018 5473 addit
2039 5417 2108 5472 de

537 5516 834 5586 versiculis,
861 5532 996 5588 quos
1021 5516 1315 5583 subtraxit,
1345 5513 1468 5585 quia
1489 5521 1538 5568 et
1559 5528 1708 5567 sensu
1724 5511 1906 5581 tepidi,
1936 5519 1982 5565 et
2004 5525 2110 5564 ver-

538 5606 612 5660 bis
636 5607 856 5677 illepidi,
893 5621 941 5663 et
971 5609 1115 5663 nulla
1157 5607 1436 5678 probantur
1468 5605 1664 5660 ratione
1689 5602 1912 5668 subnixi,
1942 5617 2031 5654 nec
2054 5599 2108 5653 in

539 5696 610 5749 eis
633 5696 831 5766 aliquid
860 5701 1122 5766 Iepcrilur,
1152 5717 1251 5768 quo
1272 5700 1470 5756 lectoris
1489 5699 1688 5755 animus
1715 5695 1992 5754 animetur.
2016 5703 2103 5747 aut

2210 3221 2346 3277 sium
2383 3221 2703 3290 Augustum.
2736 3220 2931 3278 Verum
2955 3221 3071 3277 ham
3090 3221 3363 3278 Dedicatio
3393 3221 3445 3275 in
3473 3220 3621 3276 nullo
3640 3220 3770 3276 codi-

2209 3330 2330 3372 cum
2373 3315 2774 3381 Vaticanorum,
2808 3317 2899 3384 qui
2943 3313 3144 3371 Sedulii
3185 3324 3241 3370 et
3285 3314 3354 3369 de
3407 3313 3626 3368 Sedulio
3675 3328 3768 3366 non

2212 3406 2366 3476 pauci
2409 3417 2555 3471 sunt,
2597 3421 2626 3459 a
2679 3423 2766 3462 me
2802 3415 3016 3475 reperta
3059 3413 3164 3472 est,
3207 3414 3264 3462 et
3302 3405 3548 3462 Sedulius
3575 3404 3768 3460 diversa

2207 3496 2416 3553 ratione
2441 3497 2600 3553 metri
2629 3497 2775 3566 leges
2799 3496 3138 3566 sequebatur.

2283 3587 2368 3644 l7.
2399 3589 2494 3644 llis
2518 3598 2756 3646 veterum
2793 3601 3073 3660 poetarum
3103 3589 3361 3660 exemplis
3389 3590 3576 3646 ductus
3613 3590 3768 3658 Euge-

2206 3679 2330 3734 nius
2364 3681 2559 3749 prima:
2609 3681 2907 3751 praelationi
2948 3660 3171 3737 alteram
3209 3680 3504 3750 subjunxit,
3527 3697 3626 3750 qua
3659 3695 3770 3734 se-o

2209 3780 2427 3826 excusat
2470 3772 2612 3839 quod
2643 3773 2915 3828 Dracontii
2948 3788 3136 3842 poema
3165 3774 3549 3832 emendaverit.
3582 3774 3654 3827 εδ
3684 3789 3769 3825 au-

2211 3869 2316 3915 tem
2355 3861 2426 3916 ita
2468 3861 2631 3919 habet
2658 3863 2713 3918 in
2755 3873 2983 3934 utraque
3007 3863 3245 3919 editione
3288 3864 3678 3927 Sirmondiana,
3721 3872 3769 3916 et

2207 3950 2502 4009 Blatritensi
2531 3955 2650 4010 sine
2675 3953 2776 4008 ulla
2805 3954 3186 4025 discrepantia,
3213 3965 3320 4012 uta
3349 3957 3502 4012 nobis
3541 3955 3636 4012 hoc
3657 3956 3767 4010 loco

2207 4053 2644 4115 repraesentetur.

2337 4136 2570 4206 frincipis
2581 4139 2834 4206 insignem
2855 4141 3026 4206 faciem
3049 4144 3236 4206 visure,
3260 4142 3450 4205 libelle,

2330 4198 2476 4263 Qujus
2497 4198 2554 4248 ad
2579 4198 2833 4263 imperium
2856 4205 3078 4255 meruisti
3099 4198 3242 4255 ἐοινόὰ
3265 4198 3436 4253 carere

2335 4260 2602 4329 Et'capere
2627 4260 2827 4329 nitidam
2849 4264 2995 4329 longe
3022 4273 3127 4329 post
3151 4274 3371 4329 tempore
3395 4265 3584 4329 pallam.

2331 4322 2550 4388 (imperis
2571 4333 2624 4374 ut
2647 4324 2794 4388 limen
2817 4322 2944 4375 anlm‘
2964 4322 3146 4388 regalis
3165 4322 3320 4386 adire,

2331 4381 2496 4448 Atque
2517 4397 2636 4434 auro
2659 4385 2804 4434 rutilo
2829 4381 3095 4437 radiantém
3119 4381 3332 4437 cernere
3351 4387 3541 4448 sedem,

2333 4445 2500 4511 Ῑβοίρθ
2521 4459 2665 4508 quam
2688 4449 2896 4509 primum
2921 4449 3078 4510 largas
3100 4450 3383 4511 persolvere
3408 4445 3586 4511 grates,

2332 4505 2562 4570 [inerunt
2587 4505 2712 4570 quod
2739 4511 2873 4570 nube
2894 4505 3070 4560 carens
3091 4505 3346 4562 correctus
3369 4505 3562 4560 hiberis
3588 4524 3598 4556 ;

2333 4566 2461 4634 pein
2484 4566 2760 4634 prostratus
2782 4569 2916 4634 humi
2943 4573 3129 4620 veniam
3153 4572 3364 4632 deposce
3390 4577 3599 4634 precatu,

2331 4627 2621 4694 [.atorisque
2646 4631 2727 4694 tui
2741 4630 2898 4694 solers
2919 4639 3150 4694 patronus
3164 4627 3362 4694 adesto;

2335 4687 2561 4755 Ignoscat
2577 4690 2808 4755 placidus,
2843 4687 3062 4755 ignoscat
3083 4701 3251 4744 mente
3274 4687 3532 4755 benignus,

2333 4751 2468 4815 Quod
2489 4759 2538 4815 te
2562 4751 3003 4815 sordidultit‘n'dum
3024 4767 3171 4804 conor
3194 4758 3292 4804 rite
3315 4751 3498 4815 lavare,

2331 4811 2566 4878 Asperius
2588 4813 2821 4878 impressa
2841 4827 3012 4878 manus
3035 4816 3278 4864 tenuando
3309 4811 3495 4878 pollvit;

2327 4874 2392 4948 ﬁt
2405 4873 2454 4924 'si
2474 4873 2539 4948 de
2561 4873 2706 4948 mehe
2723 4877 3150 4948 quisquam‘livore
3167 4873 3395 4948 perustus

2330 4933 2522 5000 pixerit
2540 4933 2653 5000 {Et
2669 4933 2776 5000 quis
2800 4933 2891 4999 est,
2918 4944 3140 4987 veterum
3165 4933 3246 5000 qui
3270 4938 3479 5000 carmina
3504 4935 3672 4994 mutat?

2331 4996 2513 5060 _S_criblt
2533 4997 2616 5059 qui
2642 4995 2831 5048 levibus
2853 4995 3202 5060 epigrammata
3227 5011 3346 5048 vana
3369 4999 3570 5050 libellis?

2332 5057 2535 5122 l‘joverit
2552 5057 2652 5108 hoc
2684 5060 2811 5122 ipse,
2836 5057 2964 5120 quod
2995 5074 3232 5122 nusquam
3253 5062 3392 5122 culpa
3419 5069 3624 5120 putatur.

2335 5118 2486 5182 Quam
2520 5132 2613 5168 non
2631 5120 2758 5170 velle
2783 5118 2931 5180 videt,
2955 5123 3044 5170 sed
3065 5118 3215 5180 m'aior
3234 5118 3387 5182 jussit)
3408 5118 3538 5182 cogit

2332 5178 2557 5245 Denique
2576 5183 2707 5245 jussa
2740 5182 2862 5245 bona
2883 5178 2996 5231 dum
3019 5178 3382 5245 promulgantnr
3405 5178 3604 5245 agenda,

2332 5241 2424 5306 Qui
2444 5241 2670 5306 cataplet,
2691 5244 2903 5306 sapiens,
2921 5241 3128 5306 quivult
3143 5241 3480 5300 contemnere,
3497 5241 3695 5294 «leniens.

2335 5303 2470 5362 Quod
2490 5304 2532 5352 sl
2556 5303 2810 5366 Virgilius,
2836 5312 2890 5356 et
2911 5303 3069 5356 vatum
3090 5320 3307 5357 summus
3329 5307 3563 5356 Homerus

2336 5366 2597 5430 (Eeusuram
2619 5377 2852 5430 meruere
2879 5379 3050 5430 nov_am
3074 5375 3178 5430 post
3196 5368 3292 5417 fata
3309 5369 3496 5424 subire,

2339 5424 2491 5490 Quam
2513 5427 2597 5490 dat
2614 5425 2937 5489 Aristarchus,
2957 5424 3139 5485 Tucca.
3157 5429 3449 5490 Variusque,
3469 5429 3748 5488 l‘rohnsan.

2334 5488 2429 5553 Qur
2452 5487 2766 5553 dedignetur,
2790 5487 3102 5553 quod'jussus
3126 5487 3537 5553 principe'ioa‘gno

2335 5547 2540 5598 Parvula
2566 5547 3051 5611 praeparuiDraéonti
3072 5547 3412 5600 carmina'lihri

2333 5611 2568 5660 Parvulos
2587 5611 2835 5673 Eugenius
2852 5623 3087 5675 nugarum
3109 5612 3240 5662 mule
3265 5614 3426 5676 piari?

2284 5694 2366 5748 l8.
2402 5693 2500 5764 15
2530 5693 2586 5747 lu
2617 5709 2774 5750 versu
2816 5695 2882 5751 l7
2909 5693 3195 5752 obscurum
3225 5705 3304 5752 est
3333 5711 3481 5757 quam
3513 5708 3606 5748 non
3641 5682 3746 5742 ulla
