4030 6170
280 276 395 335 609

1628 281 2135 339 ΡιιοιΕοοιιεΝΛ
2147 324 2159 337 .

3430 298 3545 361 610

282 400 454 463 ridet;
487 406 545 452 et
584 394 810 450 fortasse
841 393 1107 461 Eugenius
1131 393 1344 488 scripsit
1372 394 1497 447 velle
1540 409 1729 459 nicum,
1764 399 1856 450 aut
1885 400 1933 461 Α
1962 397 2277 464 praedicare,
2303 398 2355 451 in
2385 400 2521 454 libro
2548 416 2718 469 primo
2744 404 2977 461 liotnitds
2996 410 3345 481 creationem,
3372 424 3543 488 atque

280 491 602 553 vellentem,
633 496 727 540 aut
750 486 877 539 velle
895 484 1061 554 jubet.
1089 484 1265 538 Poetae
1291 483 1583 539 Cilfi~ll3llll
1615 488 1742 539 uelle
1761 502 1860 556 pro

283 581 580 645 voluntate,
625 594 774 646 posse
810 592 907 647 pro
946 585 1208 644 potestate
1236 586 1514 645 usurpant.
1550 577 1686 631 Vide
1714 593 1855 632 vers.

282 676 394 731 561
423 673 515 728 lib.
543 686 563 726 ι
593 669 886 733 Dracontii,
923 668 1066 723 Velle
1091 680 1259 737 pares,
1290 677 1339 721 et
1367 668 1506 721 nolle
1547 683 1716 735 pares.
1741 666 1861 722 Cte-

285 776 407 821 tera
431 761 713 819 commode
745 766 1059 830 procecunt,
1103 758 1205 813 nisi
1249 759 1387 828 quod
1418 759 1614 828 smpius
1655 758 1860 815 ratione

284 857 460 911 solius
480 866 701 907 caesura:
727 850 953 905 brevem
978 848 1241 918 producit.
1276 848 1496 902 l‘tivinus
1527 849 1578 903 in
1608 849 1863 904 emenda-

286 947 387 1011 tis,
411 943 593 999 nescio
619 957 716 996 cur
744 955 885 996 vers.
928 939 962 993 3
997 939 1296 993 correxerit
1323 936 1389 991 Et
1422 939 1641 991 nitidum
1681 955 1859 1007 capere

282 1042 463 1109 longe,
486 1048 582 1102 pro
608 1032 677 1086 Et
704 1045 885 1101 rapere
908 1029 1127 1083 nitidam
1156 1029 1329 1097 longo.
1349 1027 1518 1096 Idem,
1553 1028 1687 1085 ibid.
1715 1042 1858 1085 vers.

283 1129 381 1196 14,
412 1143 508 1199 pro
532 1135 582 1182 et
604 1126 722 1197 quia
746 1134 825 1178 est
846 1124 1027 1194 posuit
1053 1130 1102 1177 et
1126 1123 1361 1192 quisnam
1386 1132 1497 1188 est;
1536 1123 1631 1179 sed
1660 1123 1713 1178 in
1755 1123 1861 1178 Eu-

283 1221 451 1291 genio
476 1219 675 1273 mirum
698 1214 871 1269 videri
890 1229 1011 1291 non
1033 1214 1196 1269 debet
1219 1216 1359 1283 quod
1398 1212 1704 1281 produxerit
1726 1215 1861 1284 quis,

280 1325 341 1369 ct
371 1312 631 1382 frigidum
651 1319 735 1364 est
758 1310 991 1379 quintam
1019 1316 1095 1362 est
1123 1307 1224 1361 hoc
1267 1306 1403 1362 loco.
1438 1306 1493 1360 ln
1526 1305 1714 1360 Rivino
1740 1306 1863 1360 niti-

281 1407 418 1458 thtm
444 1402 699 1456 mendum
719 1399 933 1454 videtur
957 1412 1054 1468 pro
1074 1398 1308 1451 nitidam.
1345 1396 1519 1451 Prima
1543 1398 1594 1451 in
1622 1397 1865 1453 Draconti

280 1493 627 1564 corripienda
668 1501 832 1554 esset,
862 1489 907 1544 si
947 1490 1087 1545 ratio
1128 1488 1357 1543 nominis
1387 1488 1735 1559 inspiciatur:
1768 1487 1862 1543 sed

282 1598 465 1658 poeta:
498 1584 785 1641 Christiani
835 1584 887 1637 in
917 1582 1221 1636 nominibus
1250 1582 1481 1650 propriis
1516 1594 1757 1649 magnam
1793 1580 1861 1634 li-

278 1680 515 1735 centiam
538 1677 637 1732 sib.
652 1672 1012 1745 ‘arrogabanr.
1035 1672 1383 1729 Observanda
1406 1685 1487 1725 est
1516 1674 1676 1726 etiam
1707 1671 1865 1739 phra-

1964 503 2027 541 ea
2053 490 2233 543 omnia
2261 506 2382 560 quae
2405 502 2623 563 propter
2647 496 2890 553 homines
2909 513 3003 555 sex
3022 503 3127 558 illis
3148 505 3333 573 primis
3352 507 3544 566 diebus

1965 578 2106 633 Deus
2134 579 2280 647 fecit,
2311 582 2595 652 diligenter
2631 589 2901 655 exposuit,
2939 594 3191 660 quoniam
3226 612 3293 652 cx
3326 600 3547 668 opiﬁcio

1962 683 2057 724 sex
2102 669 2309 725 dierum
2346 684 2718 743 argumentum
2750 692 2905 733 suum
2942 682 3226 751 insigniter
3271 685 3547 747 illustrare

1962 766 2200 846 poterat:
2227 771 2336 815 tum
2358 761 2565 818 duobus
2594 765 2811 835 reliquis
2845 767 2999 823 libris
3026 772 3128 825 alia
3160 774 3257 830 Dei
3284 792 3448 846 opera
3473 795 3540 835 ex
3606 805 3626 823 ο

1966 845 2143 903 Veteri
2181 848 2433 920 Novoque
2467 853 2811 911 Testamento
2839 858 2893 913 iu
2934 862 3175 918 eamdem
3225 845 3545 927 sententiam

1961 946 2274 1025 persecutus
2294 948 2394 994 est.
2426 941 2480 994 Ιιι
2511 941 2626 1011 ipso
2648 943 2783 999 libro
2809 947 3005 1013 primo,
3029 952 3261 1021 atquein
3291 956 3409 1025 ipsa
3441 958 3543 1014 hu-

1959 1024 2049 1094 jus
2083 1025 2204 1081 libri
2238 1040 2419 1097 parte,
2445 1046 2607 1099 quam
2635 1033 2900 1103 Eugenius
2930 1042 3217 1107 recensuit,
3256 1024 3391 1100 intra
3422 1062 3543 1104 sex-

1962 1122 2073 1169 tum
2096 1115 2239 1171 diem
2274 1119 2590 1176 Dracontius
2621 1122 2776 1191 longe
2797 1140 3110 1196 progressus
3139 1133 3257 1190 fuit.
3282 1135 3544 1195 Describit

1963 1207 2107 1263 enim
2137 1208 2334 1276 primos
2356 1222 2602 1278 parentes
2626 1213 2677 1267 iu
2707 1216 2951 1282 paradiso
2967 1218 3075 1287 jam
3106 1222 3416 1291 collocatos,
3449 1243 3543 1283 eo-

1965 1304 2206 1359 rumdem
2247 1316 2517 1373 peccatum
2542 1347 2558 1374 ,
2596 1311 2910 1367 sententinn
2948 1314 3043 1369 Dei
3084 1318 3446 1375 misericordia
3488 1333 3544 1391 et

1959 1396 2167 1466 justiti.
2194 1406 2565 1467 temperatam,
2590 1416 2691 1469 qua
2720 1418 2751 1457 e
2793 1406 3039 1472 paradiso
3074 1419 3197 1463 sunt
3227 1412 3404 1479 ejecti,
3447 1413 3543 1469 sed

1964 1488 2121 1542 simul
2164 1488 2215 1541 in
2261 1505 2444 1543 eorum
2495 1505 2646 1545 usum
2698 1502 2886 1549 natura
2917 1497 3064 1564 ju~sa
3106 1508 3193 1554 cst
3240 1517 3411 1568 Opera
3445 1519 3541 1560 sua

1964 1592 2220 1635 exercere
2250 1595 2347 1649 per
2370 1581 2533 1635 miras
2572 1598 2635 1637 ac
2670 1585 2845 1639 varias
2885 1603 3067 1643 rerum
3100 1592 3534 1661 vicissitudines;

1964 1684 2067 1740 qua
2122 1672 2402 1727 occasione
2456 1675 2523 1729 de
2571 1680 2961 1735 resurrectione
3019 1685 3267 1754 corporis
3318 1686 3537 1743 humani

278 1774 362 1829 δίς
412 1785 636 1826 “mm”,
674 1778 864 1834 ratum,
906 1775 965 1821 ut
1003 1764 1149 1835 apud
1184 1764 1531 1820 Prudentium
1572 1762 1859 1835 Psychom.
1895 1763 1941 1823 Β
1966 1763 2228 1830 exemplis
2255 1779 2287 1818 e
2316 1774 2505 1819 natura
2532 1768 2708 1835 petitis
2728 1770 2996 1826 edisserit.

280 1879 436 1918 vers.
466 1862 573 1918 530
595 1875 805 1928 magnus
829 1856 1217 1925 discipulorum.
1249 1856 1353 1919 vel,
1388 1864 1453 1909 ut
1476 1854 1632 1909 multi
1658 1855 1862 1924 legunt,

276 1970 515 2007 summa:
542 1950 927 2020 discipulorum.
960 1946 1163 2016 Virgilii
1195 1945 1479 2002 IEneidcm
1513 1947 1765 2011 Tuccam,
1812 1954 1867 2001 et

283 2045 510 2098 \‘arinm
535 2044 685 2112 jussu
712 2038 935 2109 Augusti
970 2038 1159 2092 leviter
1181 2038 1501 2102 correxisse,
1530 2046 1687 2107 atque
1716 2038 1786 2090 ita
1810 2045 1866 2090 ut

277 2134 425 2189 nihil
462 2129 783 2195 addiderim,
818 2142 993 2195 neque
1025 2141 1211 2181 versus
1256 2126 1595 2195 imperfectos
1624 2126 1865 2195 complc-

277 2227 488 2289 verint,
521 2223 575 2276 in
605 2220 810 2290 Virgilii
838 2219 977 2286 Vita,
1007 2235 1126 2289 quae
1154 2231 1371 2273 auctore
1398 2218 1601 2275 Donato
1630 2220 1863 2274 circum-

279 2322 481 2383 fertur,
513 2313 765 2367 traditum
806 2322 907 2366 est.
953 2312 1024 2365 Μ.
1071 2309 1317 2364 Valet-ius
1367 2309 1572 2364 Probus
1617 2321 1769 2364 notas
1811 2310 1862 2363 in

278 2411 537 2464 ttucolica
567 2416 620 2462 et
653 2408 705 2459 in
730 2403 987 2474 Georgica
1015 2402 1224 2473 Virgilii
1273 2402 1509 2471 scripsit.
1558 2402 1779 2456 Rivinus
1810 2402 1863 2456 in

275 2502 587 2557 enitendatis
616 2515 711 2570 pro
734 2499 926 2562 Tucca,
967 2496 1273 2563 Variusque,
1306 2494 1604 2565 Probusqne
1632 2496 1867 2549 correxit

285 2597 581 2664 Variusque
623 2602 670 2647 et
714 2591 886 2645 Tucca
927 2589 1212 2659 probuaque
1241 2604 1263 2642 :
1293 2588 1504 2642 videtur
1529 2586 1670 2641 enim
1703 2587 1860 2655 velle,

274 2688 477 2759 probus
505 2687 672 2756 accipi
702 2701 799 2756 pro
839 2680 1122 2752 adjective,
1158 2681 1298 2750 quod
1329 2695 1449 2734 cum
1492 2680 1664 2733 Tucca
1687 2681 1865 2735 colim-

276 2790 427 2834 teat.
458 2783 527 2834 At
555 2780 681 2849 quid
712 2778 812 2831 sibi
842 2787 966 2830 tunc
996 2775 1194 2830 vellent
1222 2774 1338 2828 dum
1382 2772 1491 2827 illa:
1526 2773 1863 2841 conjunctio-

276 2889 373 2928 nes
406 2882 452 2925 et
482 2871 646 2925 Tucca
687 2870 1007 2941 probusque?
1034 2867 1378 2921 Aristarchus
1405 2868 1475 2919 ita
1508 2865 1721 2920 llomeri
1747 2880 1866 2919 vcr-

273 2980 367 3019 sus
428 2962 765 3030 corrigebat,
814 2969 871 3014 ut
922 2960 1133 3015 llomcri
1173 2974 1292 3013 esse
1342 2968 1559 3027 negaret
1587 2971 1721 3027 quos
1759 2971 1864 3011 non

276 3055 568 3126 probabat.
601 3054 849 3125 Apertius
876 3052 964 3107 alii
1002 3066 1281 3106 censuram
1312 3052 1362 3105 in
1395 3053 1681 3105 Homerum
1711 3065 1865 3104 exer-

2036 1853 2127 1908 20.
2198 1854 2712 1923 Recapitulationcm
2784 1861 3052 1919 Dracontii
3104 1868 3371 1929 Engenius
3448 1884 3543 1926 sua

1964 1955 2160 2011 sponte
2181 1946 2594 2014 eottscripscrat,
2629 1950 2933 2019 priu~quam
2964 1969 3056 2008 rex
3098 1957 3366 2025 negotium
3410 1959 3544 2014 Dra-

1964 2036 2130 2089 cuntii
2163 2036 2482 2091 emendandi
2513 2039 2589 2092 illi
2622 2039 2962 2109 injunxisset.
3000 2045 3308 2114 llujusmodi
3339 2050 3543 2119 recapi-

1967 2124 2249 2181 tulaziones
2280 2138 2589 2195 poematum
2621 2140 2857 2185 veterum
2897 2134 3137 2203 plurima:
3175 2148 3413 2207 exstant,
3442 2143 3544 2197 sci-

1966 2216 2091 2271 licet
2115 2228 2435 2287 argumenta
2452 2237 2628 2276 rerum
2660 2226 2841 2291 paucis
2872 2228 3112 2282 versibus
3136 2234 3544 2301 COlttprl‘iielsa‘.

1964 2306 2137 2361 Grazci
2180 2309 2467 2377 periochas
2506 2322 2699 2366 vocant
2742 2316 2926 2383 quales
2968 2316 3019 2370 in
3066 2319 3277 2376 llomeri
3329 2324 3545 2382 Iliadem

1964 2398 2178 2466 scripsit
2236 2401 2524 2467 Ausonius,
2577 2404 2629 2457 in
2667 2404 2903 2460 Terentii
2944 2410 3233 2464 commdias
3281 2414 3547 2484 Sulpicius

1965 2491 2305 2558 Apollinaris,
2338 2492 2389 2546 in
2421 2493 2622 2562 Virgilii
2657 2495 2916 2566 Georgica
2948 2509 3001 2554 ct
3027 2501 3319 2557 [Eiicidem
3341 2507 3544 2576 plures,

1964 2588 2022 2633 ιιι
2048 2578 2216 2635 videri
2266 2591 2440 2650 potest
2485 2584 2537 2637 in
2577 2582 2797 2640 Collect.
2840 2586 3043 2643 Pisanr.
3081 2600 3185 2647 vet.
3218 2592 3387 2660 Poct.,
3414 2605 3544 2654 tom.

1967 2670 2055 2736 IV,
2075 2687 2193 2740 pag.
2218 2672 2321 2725 47?.
2348 2689 2521 2743 seqq.,
2549 2685 2601 2729 et
2630 2676 2682 2730 in
2710 2677 2924 2731 Anthol.
2952 2679 3261 2737 Burmanni.
3291 2685 3344 2739 lu
3375 2690 3545 2756 poetis

1965 2761 2283 2817 ChriSIianis
2324 2779 2427 2819 non
2480 2778 2603 2820 sunt
2635 2770 2711 2820 ita
2753 2767 3057 2835 frequentes
3102 2776 3385 2841 periocha}.
3429 2781 3539 2851 17

1967 2853 2024 2907 In
2056 2854 2377 2910 bibliotheca
2412 2857 2663 2913 Vaticana
2691 2861 2859 2914 codex
2902 2860 3175 2918 Palatinus
3213 2883 3364 2925 num.
3406 2872 3543 2927 ﬁt?

1968 2944 2127 3000 habet
2154 2949 2392 3003 Aratoris
2421 2966 2601 3019 opera,
2626 2967 2743 3021 qua?
2772 2968 2891 3007 cum
2921 2956 3041 3009 aliis
3069 2972 3197 3013 mss.
3231 2963 3455 3031 contuli,
3487 2966 3541 3021 in

1967 3052 2075 3106 quo
2102 3037 2348 3107 leguntur
2372 3038 2477 3094 duo
2505 3043 2746 3097 versiculi
2781 3045 3066 3115 rbythmici
3115 3049 3269 3104 initio
3301 3052 3544 3109 uniuscus

274 3122 554 3203 eneruat:
588 3122 686 3199 nec
711 3146 903 3200 desunt
949 3144 1039 3213 qui
1073 3152 1149 3197 tot
1190 3145 1241 3197 in
1271 3158 1392 3197 eum
1429 3141 1654 3196 aliorum
1685 3156 1869 3195 emen-
1896 3122 1940 3185 (ἶ
1967 3129 2161 3198 jusque
2176 3133 2386 3200 capitis,
2410 3134 2601 3203 quibus
2616 3148 2985 3206 argumentum
3004 3145 3309 3209 exponitur.
3339 3147 3544 3203 Aurora

275 3242 534 3294 datiooes
562 3236 832 3291 coniectas
876 3244 1081 3304 ptttent,
1114 3243 1171 3289 ut
1194 3249 1330 3303 opus
1359 3233 1643 3287 multorum
1691 3233 1867 3302 potius

276 3346 443 3400 quam
480 3331 640 3383 unius
680 3331 914 3382 auctoris
951 3328 1277 3381 censendum
1322 3327 1413 3382 sit.
1470 3326 1525 3380 In
1572 3326 1866 3395 pcreclcbri

277 3424 654 3478 controversia
684 3422 752 3475 dc
783 3430 1027 3473 veterum
1070 3419 1223 3476 libris
1269 3418 1535 3487 corruptis
1575 3434 1679 3472 non
1736 3418 1867 3472 levis

278 3517 311 3570 d
334 3514 577 3568 l'licultas
600 3527 663 3566 ex
699 3512 796 3565 hac
826 3522 971 3579 parte
992 3512 1162 3564 creari
1194 3519 1386 3580 potest,
1417 3508 1556 3579 quod
1586 3509 1735 3563 multi
1766 3509 1863 3564 s:bi

277 3607 451 3661 licere
488 3612 735 3673 putarent
771 3602 995 3656 aliorum
1039 3617 1199 3669 opera
1234 3602 1283 3655 in
1316 3603 1592 3655 meliorem
1641 3600 1864 3655 formam

279 3698 557 3765 redigere,
591 3692 691 3748 hoc
722 3701 827 3758 est,
858 3694 902 3745 si
931 3693 1071 3760 loqui
1115 3694 1431 3762 simpliciter
1456 3692 1723 3759 Volumus,
1749 3706 1867 3745 cor-

278 3798 559 3854 rumpere.
592 3782 772 3852 Neque
801 3797 930 3837 vero
956 3781 1280 3836 credendum
1311 3793 1413 3845 est,
1443 3795 1630 3836 omnes
1656 3783 1742 3849 qui
1772 3796 1865 3834 an-

278 3878 556 3947 tiquorum
580 3875 773 3941 scripta
796 3872 1153 3927 cmendabant
1177 3889 1240 3927 eo
1260 3872 1439 3926 animo
1459 3872 1686 3940 ingenuo
1705 3870 1865 3925 fuisse

279 3982 385 4035 quo
417 3965 525 4019 fuit
551 3964 835 4033 Eugcnius,
869 3977 967 4017 nec
995 3970 1100 4016 tam
1135 3963 1390 4032 probabili
1419 3963 1623 4016 ratione
1654 3978 1866 4031 permo-

278 4070 384 4125 tos,
420 4068 484 4113 ut
508 4071 696 4110 ausum
720 4071 872 4109 suum
902 4056 1053 4109 lateri
1088 4070 1191 4110 non
1234 4056 1634 4111 erubescerent.
1670 4056 1863 4111 Verum

278 4170 343 4209 ex
368 4153 481 4206 hac
505 4151 620 4219 ipsa
646 4149 951 4219 pra-latione
978 4157 1123 4204 recte
1144 4150 1401 4219 arguitur,
1430 4151 1534 4221 16
1559 4151 1716 4204 etiam
1742 4161 1867 4206 tunc

281 4247 416 4300 vitio
440 4245 628 4299 datum
660 4243 825 4298 fuisse
866 4253 1106 4300 veterum
1152 4244 1468 4313 scriptorum
1496 4244 1709 4300 codices
1750 4246 1867 4301 sine

281 4337 423 4407 iusta
454 4350 616 4391 causa
648 4335 973 4405 interpolare
998 4353 1010 4389 :

406 4452 476 4501 Et
513 4450 625 4513 quis
650 4458 725 4500 est
742 4458 965 4501 veterum
984 4464 1065 4512 qui
1090 4452 1295 4500 carmina
1313 4450 1498 4501 mutat?

280 4555 691 4613 lntolerandum
723 4565 867 4612 certe
896 4564 1060 4623 esset,
1089 4556 1132 4611 si
1164 4557 1232 4611 ita
1256 4568 1493 4613 veterum
1522 4558 1721 4625 scripta
1745 4574 1865 4613 mu-

280 4656 560 4713 tarentur,
586 4654 641 4701 ut
662 4646 829 4703 codex
856 4647 956 4702 sub
983 4647 1205 4716 alicujus
1230 4648 1359 4704 certi
1390 4649 1622 4704 auctoris
1650 4653 1869 4705 nomine

280 4742 645 4809 proferretur,
670 4739 796 4809 quin
824 4739 890 4794 de
905 4740 1240 4797 correctione
1265 4740 1332 4795 ab
1353 4742 1457 4797 alio
1482 4741 1717 4798 adhibita
1738 4758 1869 4797 eone

280 4840 480 4886 staret.

354 4946 449 4999 19.
482 4941 767 5011 Eugenius
799 4957 903 4997 non
934 4941 1108 4996 solum
1142 4956 1330 5010 poema
1378 4941 1647 4997 Dracontii
1692 4960 1868 4999 cmen-

280 5038 430 5089 davit
450 5075 467 5100 ,
509 5048 693 5087 verum
721 5033 881 5087 etiatn
913 5034 1404 5102 recapitulationem
1445 5044 1499 5089 ct
1527 5036 1875 5104 supplemen-

284 5141 399 5183 tum
420 5130 491 5183 de
511 5126 601 5181 die
628 5130 856 5197 septimo
884 5128 1108 5192 addidit,
1138 5128 1388 5198 quoniam
1417 5130 1532 5183 sine
1558 5130 1733 5198 aliqua
1764 5130 1881 5185 diei»

282 5220 503 5290 septimi
531 5221 1042 5274 commemoratione
1070 5234 1204 5287 opus
1232 5235 1443 5284 sentum,
1476 5229 1531 5273 ut
1556 5219 1669 5289 ipse
1695 5220 1867 5289 loqui-

286 5326 397 5383 tur,
426 5314 513 5368 vel
544 5313 893 5380 semiplenam,
928 5322 984 5368 ut
1010 5313 1082 5367 ait
1109 5312 1402 5367 lldefonsus
1425 5312 1476 5366 in
1501 5312 1722 5381 Eugcoii
1750 5314 1864 5368 elo.

282 5407 401 5474 gio,
427 5405 503 5459 illi
534 5405 831 5458 videbatur.
867 5404 1071 5459 llevera
1113 5406 1163 5458 in
1191 5404 1460 5479 Dracontii
1500 5414 1747 5474 poemate
1784 5406 1869 5460 itt-

286 5506 467 5563 tegro,
495 5504 555 5549 ut
580 5510 613 5548 a
642 5508 731 5553 me.
755 5494 953 5561 editur,
981 5494 1121 5549 nulla
1148 5497 1286 5549 ratio
1312 5495 1419 5549 diei
1442 5496 1653 5564 septimi
1684 5496 1867 5551 haberi

286 5586 509 5643 debuit:
537 5601 659 5641 cum
692 5587 836 5641 enim
870 5587 1133 5641 Dracontii
1167 5602 1358 5656 seopus
1390 5598 1533 5643 esset
1574 5589 1865 5644 bonitatem
1954 5624 1958 5628 -

292 5680 392 5736 Dei
410 5692 538 5749 erga
550 5678 799 5734 homines
818 5686 869 5734 et
880 5677 1164 5748 justitiam,
1182 5683 1272 5732 seJ
1292 5678 1582 5735 bonitatem
1612 5681 1863 5746 maxime,

1969 3224 2130 3277 etiam
2188 3224 2330 3278 Petri
2390 3226 2632 3295 Rigensis
2680 3245 2804 3282 suas
2858 3230 3017 3287 habet
3081 3237 3547 3304 i‘ccapitulationes

1971 3314 2247 3383 utriusque
2274 3316 2622 3382 Testamcnti,
2652 3336 2782 3389 quas
2812 3336 2877 3376 ex
2917 3339 3045 3377 mss.
3090 3326 3250 3380 edidit
3284 3328 3546 3399 Ley~crus

1969 3403 2159 3459 histor.
2196 3406 2343 3461 Poet.
2372 3410 2510 3463 med.
2539 3412 2635 3463 τενί
2669 3427 2786 3480 pag.
2821 3414 2941 3469 705.
2973 3416 3020 3470 ls
3042 3427 3122 3471 est
3152 3419 3339 3474 l‘etrus
3366 3422 3454 3476 illc
3478 3422 3547 3478 de

1972 3495 2097 3563 [liga
2120 3497 2187 3551 ab
2213 3513 2374 3567 opere
2400 3501 2718 3557 Aurorarius
2740 3504 2932 3570 dictus,
2966 3509 3052 3577 qui
3078 3526 3265 3579 magna
3296 3527 3357 3567 ev
3394 3526 3545 3583 parte

1968 3589 2141 3643 adhuc
2171 3590 2405 3645 incditus
2446 3602 2549 3659 est,
2582 3598 2824 3661 quamvis
2859 3599 3073 3668 plenam
3105 3604 3221 3670 ejus
3250 3604 3541 3660 editionem

1968 3680 2117 3733 multi
2156 3680 2259 3734 sint
2292 3682 2530 3748 polliciti.
2564 3684 2748 3738 Roma:
2771 3701 2829 3740 ea
2854 3689 3067 3759 egregie
3091 3692 3157 3745 ad
3183 3693 3384 3747 exitum
3418 3710 3544 3764 pcr-

1967 3769 2087 3823 duci
2121 3780 2329 3839 posset;
2354 3783 2474 3826 sunt
2495 3774 2637 3828 enim
2666 3776 2819 3830 multi
2845 3778 3057 3835 codices
3079 3796 3208 3837 mss.
3239 3784 3355 3852 ejus
3369 3788 3547 3855 operis

1968 3874 2075 3913 non
2106 3860 2279 3915 solum
2310 3863 2360 3914 in
2385 3862 2706 3919 bibliotheca
2737 3866 3011 3935 Vaticana,
3051 3872 3145 3924 sed
3176 3874 3336 3927 etiam
3382 3873 3435 3928 in
3469 3885 3546 3930 ta-

1968 3949 2181 4003 bulario
2212 3950 2444 4007 basilicm
2473 3953 2740 4010 Vaticana:
2769 3956 2826 4012 S.
2857 3957 3024 4014 Petri.
3056 3960 3109 4015 in
3137 3961 3360 4031 aliisque
3391 3962 3546 4020 Urbis

1968 4041 2331 4097 bibliothecis.
2363 4044 2441 4099 Ad
2482 4061 2628 4101 meas
2663 4064 2874 4116 manus,
2905 4051 3028 4106 dum
3059 4053 3204 4108 aliud
3230 4070 3430 4123 quarto.
3467 4073 3547 4111 vo.

1968 4132 2053 4186 nit
2073 4134 2242 4189 codex
2275 4134 2612 4192 bibliotheca:
2645 4139 2932 4203 Vaticanm,
2963 4158 3120 4211 quem
3148 4144 3314 4198 multo
3342 4148 3547 4201 auctio—

1967 4241 2080 4279 rem
2108 4226 2434 4295 deprehendi
2462 4246 2619 4299 quam
2641 4231 2748 4286 sint
2767 4233 2979 4289 codices
3000 4250 3031 4288 a
3059 4235 3300 4292 Fabricio
3322 4238 3373 4292 in
3404 4239 3545 4294 Bibl.

1968 4317 2085 4373 Lat.
2116 4320 2258 4374 med.
2287 4330 2340 4376 et
2375 4321 2471 4376 inf.
2503 4324 2606 4379 αξνὶ
2644 4323 2865 4379 laudati.
2897 4326 2973 4380 Ex
3014 4343 3078 4381 eo
3114 4327 3255 4383 clare
3284 4330 3548 4400 colligitur

1967 4412 2205 4465 carmina
2239 4412 2289 4466 in
2320 4412 2525 4468 Novum
2556 4414 2958 4471 Testamentum
2982 4416 3221 4486 ejusdem
3250 4419 3389 4476 Petri
3409 4436 3544 4491 opus

1896 4496 1943 4557 Β
1971 4517 2114 4569 esse,
2141 4505 2282 4574 quod
2305 4507 2454 4561 multi
2484 4507 2536 4561 in
2565 4507 2786 4563 dubium
2817 4519 3219 4565 revocaverant.

2040 4595 2131 4649 2i.
2174 4596 2339 4666 Igitur
2375 4600 2870 4666 recapitulationem
2913 4601 3135 4672 Eugenii
3171 4618 3291 4659 cum
3334 4605 3550 4674 supple-

1971 4694 2153 4739 mento
2180 4687 2248 4740 ad
2289 4687 2631 4744 Dracontium
2662 4707 2805 4747 nunc
2833 4692 3116 4762 adjiciam;
3148 4694 3364 4751 decrevi
3404 4697 3548 4751 enim

1971 4778 2147 4831 omnia
2193 4793 2311 4845 qua:
2352 4780 2416 4833 de
2448 4781 2741 4837 Dracontio
2786 4784 3059 4855 Eugenius
3101 4787 3339 4856 scripsit,
3370 4786 3422 4840 in
3469 4786 3500 4840 h
3525 4802 3550 4840 s

1973 4869 2369 4938 prolegotnenis
2418 4873 2733 4941 producere,
2781 4886 2836 4929 et
2876 4877 2961 4931 his
3004 4876 3151 4932 locus
3193 4893 3298 4932 non
3342 4877 3550 4931 videtur

1973 4971 2092 5012 esse
2116 4958 2340 5027 alienus,
2360 4975 2425 5014 ac
2444 4959 2669 5017 fortasse
2686 4963 2820 5018 aiius
2850 4968 3198 5034 opportunior
3225 4980 3329 5019 non
3356 4980 3548 5019 occur-

1978 5062 2079 5106 ret.
2110 5052 2240 5107 Nam
2282 5056 2510 5110 diversae
2549 5057 2807 5113 lectiones
2847 5076 2967 5130 qua:
2998 5061 3049 5114 in
3092 5073 3252 5129 opere
3284 5059 3550 5113 Dracontii

1978 5145 2047 5200 ab
2088 5146 2324 5216 Eugenio
2354 5150 2662 5217 emendato,
2712 5161 2764 5205 et
2814 5152 2867 5206 in
2916 5151 3235 5206 membranis
3284 5151 3552 5205 Vaticanis

1974 5235 2347 5305 observantur,
2382 5241 2577 5295 melius
2621 5244 2721 5296 sub
2764 5244 2891 5311 ipsis
2924 5242 3163 5296 versibus
3193 5242 3546 5308 proferentur.

2103 5327 2292 5393 Primus
2319 5331 2370 5393 in
2396 5332 2518 5380 orbe
2541 5332 2648 5381 dies
2672 5332 2791 5381 lucis
2815 5332 3070 5391 primordia
3093 5332 3318 5393 sumpsit,

2098 5389 2236 5451 diter
2260 5390 2561 5451 Splendiiluis
2594 5394 2767 5442 cmlum
2794 5389 2996 5440 limavit
3022 5393 3071 5439 in
3094 5389 3216 5450 orisi

2100 5450 2297 5499 Tertius
2324 5454 2612 5513 undivagum
2640 5452 2874 5513 ntarerdat
2910 5464 3018 5500 cum
3048 5455 3271 5513 germine
3297 5460 3461 5510 terra,

2099 5514 2309 5580 Quartus
2330 5515 2478 5580 habet
2502 5512 2755 5580 Phoebum,
2782 5512 3061 5580 lunamque,
3084 5519 3135 5561 et
3154 5515 3316 5562 sidera
3349 5515 3487 5580 caeli;

2101 5575 2308 5637 Quintus
2330 5574 2623 5637 plumigeras
2645 5576 2883 5631 volucres,
2906 5576 3163 5637 piscesque
3186 5582 3436 5637 natantes;

2101 5636 2282 5683 Sextus
2305 5635 2660 5744 quadrulgedes.
2686 5641 2904 5706 reptans,
2939 5635 3259 5698 hominesque
3282 5635 3510 5701 sagaces;

2104 5696 2353 5744 Septimus
2378 5701 2451 5744 est
2524 5708 2681 5744 omtuo
2702 5707 2906 5744 requies
2929 5698 3007 5744 his
3033 5699 3126 5744 rite
3152 5700 3376 5744 peractis.

2104 5696 2353 5754 Septimus
2378 5701 2451 5745 est
2478 5696 2681 5753 Domino
2702 5697 2906 5753 requies
2929 5698 3007 5748 his
3033 5699 3126 5749 rite
3152 5696 3376 5759 peractis.
