4030 6170
511 232 602 288 (ΙΙ

632 343 736 392 Non
751 344 864 403 quia
892 340 1233 404 cunctipotens
1255 342 1463 392 humano
1483 357 1620 394 more
1640 345 1836 396 laboret

629 400 847 467 scutis,
865 413 950 454 aut
968 400 1126 452 mus
1144 414 1332 465 quaerat
1359 408 1678 467 mluieseere
1699 409 1920 467 laudern,

627 465 724 531 Qui
741 478 940 531 seraper
969 469 1224 531 requietus
1245 467 1363 531 agit.
1389 465 1674 531 (sciensque
1687 465 1922 531 quiescit}

623 526 726 592 god
748 526 874 588 quod
893 539 1029 592 saera
1049 526 1190 592 quies
1211 529 1381 592 typtc'ts
1398 526 1630 592 adoperta
1651 526 1820 592 lig'uris

630 584 779 636 Ilulta
803 597 942 649 gerat
964 584 1118 645 signis
1140 595 1192 636 et
1215 584 1390 648 pandat
1411 584 1604 649 mystica
1626 584 1777 640 nobis.

630 649 771 710 Dicta
792 649 880 697 Dei
905 651 1120 710 requies,
1147 649 1274 710 quod
1307 651 1456 697 rebus
1479 651 1585 710 iure
1605 651 1840 700 creandis

630 711 738 829 ἒς
759 709 862 769 Ipsa
885 709 1052 756 modus
1074 708 1250 767 fuerat,
1276 711 1461 759 cunctis
1481 708 1537 761 et
1557 714 1762 760 maxima
1795 713 1901 762 linis
1923 726 1938 762 :

675 795 750 829 am
768 793 888 828 nova
911 791 1118 829 numque
1141 777 1278 829 liunt.
1305 779 1398 829 iam
1433 788 1548 829 tunc
1570 781 1730 829 ordita
1764 781 1938 829 probat

675 777 750 830 ain
768 793 888 828 nova
911 791 1118 840 quicque
1141 777 1278 838 liunt,
1304 779 1398 836 iam
1433 788 1548 829 tunc
1570 781 1730 830 ordita
1764 781 2047 842 probantur.

625 843 765 892 Dicta
791 842 881 892 Dei
901 842 1120 900 requies,
1143 845 1271 900 quod
1296 848 1456 889 nostra
1479 843 1758 901 redemptio
1771 841 1999 892 Christus

628 904 682 952 lu
705 917 852 953 carne
878 903 1098 964 veniens,
1123 909 1174 964 et
1192 903 1350 964 carnis
1373 901 1525 951 vincla
1555 903 1830 964 resolvens,

624 965 730 1015 Hoc
757 964 998 1012 redeunte
1017 961 1121 1023 die,
1144 961 1270 1024 felici
1302 969 1458 1011 morte
1483 963 1688 1024 quievit.

625 1025 764 1075 Dicta
790 1025 880 1074 Dei
905 1021 1124 1086 requies,
1145 1023 1275 1086 quod
1298 1033 1385 1071 nos
1408 1021 1514 1086 post
1535 1022 1673 1073 mille
1696 1021 1898 1086 labores

627 1087 772 1137 Solus
789 1086 977 1146 ubique
982 1082 1174 1132 towns
1188 1085 1236 1131 in
1247 1095 1314 1146 se
1339 1082 1665 1146 requiescere
1683 1085 1817 1144 cogit
1842 1097 1856 1132 :

624 1147 731 1197 Nec
749 1144 1010 1198 datur—ulla
1031 1146 1174 1206 quies
1195 1144 1404 1206 miseris,
1431 1146 1522 1206 nisi
1541 1145 1744 1206 suscipit
1767 1148 1890 1205 ipse.

624 1209 761 1258 Dicta
773 1218 967 1270 quoque
990 1205 1066 1254 est
1081 1206 1297 1266 requies,
1311 1205 1550 1270 mundana
1568 1205 1696 1270 quod
1717 1207 1844 1270 actio
1861 1218 2080 1267 presens

626 1271 742 1320 Post
766 1267 855 1319 se:
879 1267 1062 1331 aetates
1079 1279 1199 1328 quas
1223 1267 1428 1314 mundus
1452 1267 1500 1331 in
1517 1267 1690 1316 ordine
1706 1267 1882 1331 currit,

539 1371 543 1374 _
623 1333 735 1394 Otia
758 1329 1036 1394 percipiens
1057 1333 1244 1394 aeterna
1264 1338 1381 1388 pace
1402 1328 1627 1394 quiescit.

632 1386 772 1442 Dicta'
791 1386 988 1454 quoilue
1008 1395 1080 1437 est
1103 1386 1324 1454 requies,
1353 1386 1479 1454 qua;
1495 1389 1635 1454 nobis
1660 1386 1826 1438 ultima
1846 1400 1954 1438 sors
1979 1394 2081 1440 est.

627 1455 745 1503 Nam
767 1447 879 1504 vitae
901 1447 1074 1500 cursus
1097 1447 1350 1497 mundana:
1371 1447 1510 1497 molis
1532 1450 1590 1498 ad
1609 1451 1776 1499 instar.

625 1517 730 1564 Sex
753 1521 866 1564 sunt
890 1518 1063 1562 aetates
1080 1511 1285 1569 homini,
1307 1509 1395 1556 sed
1417 1513 1625 1572 septima
1650 1523 1778 1572 mors
1799 1517 1900 1560 est.

630 1579 787 1626 l‘rima
814 1582 954 1634 tenet
974 1581 1132 1634 ortum
1151 1573 1353 1634 generis
1377 1571 1575 1634 infantia
1598 1571 1806 1634 simplex
1821 1610 1836 1634 ,

624 1640 792 1688 Altera
813 1633 992 1684 deinde
1017 1633 1121 1683 loco
1148 1632 1354 1693 pueritia
1377 1632 1536 1680 mollis
1555 1632 1784 1693 habetur,

620 1699 791 1748 Tertia
810 1708 920 1759 qua:
937 1692 1182 1759 sequitur,
1212 1693 1313 1754 ipsa
1338 1695 1575 1742 vocitatur
1597 1692 1782 1759 adulta,

633 1764 812 1818 Quarta
829 1755 973 1818 'gerit
997 1755 1189 1803 virtutis
1211 1766 1354 1818 opem
1373 1759 1590 1818 speciosa
1609 1756 1830 1816 juventa,

623 1815 801 1880 Quinta
825 1815 1026 1880 senecta
1051 1819 1230 1877 gravis,
1257 1823 1316 1880 ct_
1333 1817 1386 1880 in,
1399 1815 1566 1864 ultima
1594 1815 1814 1880 tempora
1837 1827 2083 1878 vergens;

623 1875 775 1932 Sexta
801 1879 935 1928 venit
955 1875 1165 1934 senium,
1191 1875 1318 1940 quod
1345 1877 1456 1926 vitm
1478 1877 1711 1940 terminat
1732 1890 1908 1940 aevum.

625 1945 744 1992 ilzec.
769 1942 880 1996 tibi,
900 1952 990 1988 rex
1010 1937 1220 1995 summe,
1241 1937 1377 1996 iussu
1396 1938 1674 1998 compulsus
1691 1938 1836 1986 herili

569 1997 572 2002 ’
626 2001 862 2055 Servulus
881 1999 1132 2060 Eugeniae
1151 1999 1329 2048 devota
1353 1997 1520 2048 tuente
1543 1999 1734 2048 dicavit.

573 2106 666 2162 22.
713 2101 1028 2159 Sirmondus
1058 2101 1156 2154 hos
1177 2114 1362 2155 versus
1390 2108 1510 2170 post
1530 2099 1822 2168 epistolam.
1841 2099 2080 2156 Dracon-

506 2201 565 2258 tii
588 2196 782 2269 posuit,
813 2193 1006 2263 quibus
1038 2195 1177 2246 hunc
1201 2191 1416 2247 titulum
1445 2192 1674 2262 praeﬁxit
1703 2208 1719 2248 :
1754 2191 2084 2248 Monosticha

506 2286 935 2361 recapitulationis
961 2285 1159 2354 septimi
1185 2283 1308 2350 diei,
1331 2301 1364 2338 a
1388 2283 1453 2339 Β.
1486 2284 1737 2356 Eugenio,
1765 2287 1818 2340 in
1839 2287 1944 2355 ﬁne
1968 2287 2084 2340 libri

506 2378 769 2434 Dracontii
796 2375 1108 2447 adjicienda.
1137 2374 1314 2429 Prima
1341 2374 1504 2432 verba
1533 2376 1859 2431 Monasticha
1887 2377 2085 2446 recapi-

505 2469 763 2524 tulationis
796 2466 999 2537 septimi
1025 2465 1126 2518 dici
1153 2479 1220 2520 ex
1244 2465 1433 2521 codice
1460 2478 1672 2536 sumpta
1711 2476 1853 2530 sunt,
1887 2477 1944 2521 ut
1973 2469 2085 2522 cul-

505 2559 596 2630 ligi
640 2557 847 2614 videtur
875 2570 943 2610 ex
972 2555 1214 2626 catalogo
1248 2555 1496 2612 biblioth.
1539 2573 1653 2627 reg.
1687 2558 1861 2614 Paris.
1890 2559 1947 2613 In
1990 2573 2084 2613 co-

503 2653 622 2708 dice
651 2650 936 2721 Azagrensi
967 2664 1062 2720 pro
1085 2651 1286 2718 septimi
1313 2650 1415 2705 diei
1442 2651 1638 2707 rectius
1669 2652 1862 2722 legitur
1891 2663 2080 2721 septem

504 2746 724 2807 dierum,
755 2742 858 2797 nisi
888 2742 1024 2796 forte
1061 2741 1341 2812 legendum
1371 2743 1441 2797 sit
1471 2741 1796 2799 Monosticha
1825 2747 2083 2817 recapitu-

503 2837 710 2890 lationis
737 2853 826 2891 sea:
844 2836 1061 2902 dierum,
1092 2843 1140 2888 et
1167 2835 1574 2903 supplementum
1597 2837 1799 2906 septimi
1824 2837 1946 2890 diei.
1976 2837 2084 2891 llu-

504 2929 732 2999 justnodi
756 2927 1132 2995 inscriptiones
1155 2926 1425 2996 pleneque
1447 2927 1783 2982 librariorum
1805 2939 1950 2998 sunt,
1975 2943 2080 2983 non

504 3027 801 3073 auctorum.
829 3017 1093 3086 Eugenius
1122 3018 1235 3084 ipse
1262 3017 1316 3072 in
1339 3018 1568 3087 epistola
1589 3020 1656 3075 ad
1675 3035 1854 3090 regem
1874 3024 1944 3076 ita
1966 3024 2076 3076 ait:

1899 238 2348 306 DRACON'I‘IUS.

3656 273 3757 329 612

2118 377 2160 433 Α
2193 357 2403 423 lonsus,
2429 369 2637 417 certum
2662 363 2871 422 videtur
2897 382 3004 422 non
3033 368 3207 428 solum
3237 372 3628 444 Hexaemeron,
3667 385 3760 438 sed

2189 451 2474 518 epistolam
2498 456 2673 510 etiam
2693 456 2960 516 Dracontii
2979 459 3147 518 [uino
3169 466 3536 534 emendatam,
3552 484 3761 529 servata

2190 547 2370 612 tamen
2412 553 2712 612 opportuna
2757 545 3105 605 distinctione
3147 551 3288 609 ter
3316 555 3763 624 “clamet

2190 631 2449 701 Elegiam.
2479 633 2591 690 luto
2617 635 2757 706 quod
2787 638 2862 692 ait
2884 638 3154 710 Eugenius
3176 642 3246 700 de
3273 647 3520 702 versibus
3545 650 3764 718 quib-.-

2189 720 2313 777 dam
2353 722 2634 792 detractis,
2663 727 2833 796 magis
2860 729 2914 783 in
2934 729 3159 798 epistola
3180 749 3339 803 quam
3363 736 3420 793 it.
3437 737 3763 797 Rementem

2189 809 2364 866 locum
2393 813 2576 877 habet,
2603 825 2661 868 ut
2687 815 2985 873 conlcrenti
3015 822 3300 877 constabit.

2259 899 2350 956 23.
2392 903 2636 959 Allirmat
2681 906 2948 977 Eugenius
2990 923 3050 966 se
3085 911 3213 967 olim
3240 914 3538 970 versiculos
3575 919 3763 987 quibus

2188 994 2556 1063 recapitulatio
2586 998 2890 1054 continetur
2929 1003 3332 1071 composuisse;
3363 1005 3458 1060 sed
3502 1021 3612 1062 non
3639 1023 3763 1064 con-

2187 1091 2297 1137 stat
2334 1099 2403 1139 an
2442 1100 2538 1140 eos
2580 1085 2648 1142 ad
2693 1101 3066 1158 argumentum
3103 1092 3376 1152 Dracontii
3422 1097 3761 1156 indicandum

2186 1175 2587 1244 conscripserit,
2610 1191 2680 1232 an
2704 1179 2878 1234 solum
2905 1181 2974 1236 ad
3001 1184 3185 1239 mundi
3211 1186 3539 1244 creationem
3567 1204 3637 1246 es
3663 1191 3764 1248 Ge-

2187 1266 2300 1320 nesi
2330 1267 2510 1335 paucis
2533 1268 2778 1326 versibus
2799 1269 3381 1342 comprehendendam.
3409 1277 3524 1336 iluc
3555 1289 3763 1348 postre-

2187 1371 2332 1412 mum
2363 1359 2530 1429 magis
2554 1359 2757 1418 arridet
2785 1380 2800 1416 :
2829 1378 2952 1420 nam
2993 1365 3136 1422 inter
3173 1377 3366 1426 caetera
3393 1370 3625 1443 Eugestii
3654 1391 3764 1430 car-

2188 1449 2329 1502 mina
2357 1449 2450 1505 lib.
2478 1466 2518 1520 t,
2550 1468 2697 1510 nunt.
2731 1454 2820 1523 i9,
2850 1465 3027 1512 exstat
3053 1457 3438 1530 Heptametruat
3457 1464 3523 1518 de
3542 1466 3762 1534 primor-

2186 1541 2272 1595 dio
2299 1544 2500 1612 utuudi,
2530 1544 2778 1602 videlicet
2803 1548 2961 1618 primi
2981 1560 3186 1618 septem
3214 1565 3400 1608 versus
3437 1556 3762 1625 recapitulao

2189 1633 2372 1690 tionis.
2403 1636 2459 1691 ln
2501 1636 2687 1693 codice
2722 1637 2979 1696 Vaticano
3016 1641 3379 1700 Alexandrino
3417 1661 3579 1701 num.
3606 1648 3762 1713 2078,

2118 1746 2162 1807 Β
2189 1724 2367 1778 sa-culi
2418 1741 2502 1790 ix,
2553 1735 2676 1796 post
2718 1729 2824 1783 alia
2871 1745 3034 1800 opera
3082 1734 3460 1791 exscrihuntur
3507 1739 3761 1793 nonnulla

2185 1815 2420 1870 carmina
2469 1817 2688 1888 Eugenii
2737 1818 2840 1874 hoc
2887 1821 3041 1876 titulo
3071 1838 3088 1876 :
3120 1820 3311 1895 Incipit
3349 1827 3666 1892 opusculum
3701 1826 3761 1885 Β.

2186 1903 2409 1977 Eugenii
2429 1910 2670 1980 episcopi.
2699 1911 2919 1968 Sextum
2945 1929 3164 1972 carmen
3201 1924 3286 1974 est
3314 1917 3416 1974 hoc
3447 1920 3629 1989 ipsum
3657 1920 3761 1975 Hc-

2185 2011 2468 2070 ptamctrou
2521 2003 2585 2058 de
2632 2005 2912 2073 primordio
2955 2009 3156 2063 mundi.
3206 2009 3262 2064 In
3307 2011 3551 2081 catalogo
3611 2013 3760 2068 codd.

2185 2107 2317 2148 mss.
2350 2093 2686 2150 bibliotheca:
2716 2095 3043 2153 Florentium
3066 2100 3175 2170 20
3201 2099 3605 2168 Laurentianus,
3635 2112 3758 2157 tom.

2187 2182 2251 2249 ll,
2273 2183 2380 2239 cui.
2411 2185 2538 2250 752,
2575 2187 2715 2242 inter
2744 2189 3082 2245 miscellanea
3122 2191 3322 2246 szeculo
3351 2208 3382 2246 κ
3408 2203 3501 2248 aut
3531 2209 3617 2260 ιι,
3646 2209 3762 2264 per-

2185 2277 2382 2342 St'ripla
2418 2276 2722 2332 indicantur
2743 2293 2773 2331 a
2801 2279 3062 2346 Bandinio
3107 2278 3298 2335 Versus
3316 2289 3508 2350 septem
3534 2283 3760 2348 dictum,

2184 2367 2287 2422 sire
2316 2367 2636 2424 llonosticha
2679 2370 2743 2423 de
2779 2386 2852 2426 vn
2880 2371 3054 2426 diebus
3082 2371 3436 2429 hebdomadis.
3475 2374 3687 2430 Diversi
3713 2375 3761 2430 hi

2185 2470 2309 2512 sunt
2336 2474 2367 2514 a
2398 2459 2640 2516 versibus
2675 2461 2921 2532 Eugenii,
2951 2473 3008 2517 ut
3036 2478 3102 2518 es
3134 2463 3348 2519 illorum
3393 2466 3569 2534 primo
3601 2476 3760 2535 patet,

2191 2547 2366 2603 Prima
2406 2550 2516 2606 dies
2546 2549 2735 2607 Phabo
2761 2562 2994 2608 sacratus
3031 2555 3238 2609 numine
3261 2555 3446 2626 fulget,
3477 2565 3534 2611 et
3569 2558 3762 2612 clarius

2186 2639 2300 2696 lucc
2325 2641 2681 2711 discrepantia
2729 2643 3175 2700 animadvertitur
3202 2646 3254 2700 in
3285 2645 3472 2701 codice
3501 2646 3762 2703 Vaticano

2187 2732 2442 2788 Urbiuate
2467 2733 2594 2798 584,
2614 2733 2740 2788 olim
2769 2735 2876 2790 828
2899 2773 2918 2802 ,
2946 2735 3034 2790 ubi
3064 2745 3184 2804 post
3204 2736 3403 2791 multos
3418 2736 3554 2791 alios
3577 2753 3762 2815 versus

2185 2824 2378 2880 inserta
2405 2833 2532 2880 sunt
2555 2825 2792 2881 carmina
2822 2826 3156 2882 diversorum
3183 2827 3252 2883 de
3273 2843 3437 2893 anno,
3461 2830 3760 2897 mensibus,

2185 2915 2627 2984 hebdomadibus,
2656 2928 2789 2984 etc.,
2818 2927 2874 2974 et
2913 2921 3141 2989 primum
3164 2929 3248 2974 est
3273 2919 3348 2975 De
3375 2935 3444 2974 vn
3469 2919 3655 2974 diebus
3677 2921 3760 2973 lte-

2185 3007 2474 3072 bdomadis,
2509 3018 2564 3062 et
2595 3009 2796 3078 primus
2836 3026 3022 3066 versus
3050 3013 3346 3066 correctior
3385 3027 3547 3082 quam
3594 3011 3650 3067 in
3675 3025 3760 3067 co-

504 3108 612 3164 Sca:
654 3107 850 3158 dierum
880 3105 1345 3176 recapitulationem
1384 3107 1600 3177 singulis
1628 3110 1920 3169 ‘versiculis.
1953 3127 2080 3180 quos
2107 3114 2154 3178 ς
2183 3099 2301 3153 dice
2343 3097 2682 3166 Florentino,
2728 3099 2908 3154 Prima
2945 3101 3053 3155 dies
3095 3101 3275 3156 thbi
3315 3111 3516 3156 sacrato
3555 3103 3758 3158 nomine

503 3199 624 3253 clim
661 3197 883 3263 condidi,
920 3197 1152 3252 denotavi
1175 3240 1190 3263 ,
1229 3197 1294 3253 tle
1326 3199 1408 3252 die
1437 3203 1553 3254 itero
1589 3203 1806 3271 septimo
1834 3221 1943 3273 qua:
1972 3206 2078 3260 visa

503 3301 619 3345 sunt
646 3289 863 3343 dicenda
888 3288 1153 3342 subnexui.
1180 3289 1256 3342 Ex
1285 3287 1478 3359 quibus
1510 3290 1596 3346 hic
1627 3291 1812 3348 titulus
1841 3295 1955 3348 erui
1983 3311 2077 3364 po-

503 3393 637 3436 terat
662 3398 678 3438 :
711 3379 1082 3451 Recapitulatio
1108 3395 1198 3434 sea:
1235 3382 1454 3447 dierum,
1488 3390 1536 3436 et
1567 3384 1825 3453 appendix
1856 3386 2074 3456 septimi.

505 3473 612 3527 Etsi
639 3481 814 3525 autem
842 3471 1174 3535 Sirmondus,
1203 3471 1434 3526 fortasse
1463 3487 1616 3526 suum
1647 3473 1890 3528 codicem
1921 3489 2077 3531 secu-

502 3577 608 3628 tus,
635 3562 1124 3631 recapitulationem
1144 3561 1385 3631 epistola:
1414 3565 1517 3634 19
1539 3563 1807 3619 Dracontii
1833 3566 2002 3634 5ι11ι]‹·‹
2018 3582 2078 3622 c-

501 3659 590 3724 rit,
625 3667 801 3710 tamcn
840 3655 984 3710 illius
1024 3655 1169 3711 locus
1207 3656 1276 3711 ab
1315 3656 1550 3726 Eugenio
1589 3660 1898 3727 designatus
1945 3661 2074 3716 mihi

499 3734 708 3802 videtur
731 3745 894 3801 luisse
922 3756 1042 3816 post
1070 3745 1231 3802 linem
1262 3747 1610 3814 ilcxaemcri,
1636 3750 1750 3803 sive
1774 3752 1893 3805 libri
1919 3752 2074 3820 primi

497 3835 750 3890 carminis
776 3835 1043 3890 Dracontii
1075 3836 1140 3890 de
1168 3836 1280 3891 Deo
1308 3853 1321 3889 :
1352 3852 1472 3890 nam
1495 3839 1777 3905 epistolam
1807 3841 2071 3896 Dracontii

494 3943 613 3983 cuin
645 3937 888 3998 poemate
920 3927 988 3983 de
1017 3927 1229 3996 opiﬁcio
1265 3943 1360 3983 sex
1392 3929 1600 3983 dierum
1641 3945 1744 3984 non
1773 3941 1856 3986 est
1887 3934 2070 3988 dicen-

494 4020 594 4076 dus
623 4020 946 4085 confudissc,
978 4017 1081 4074 nisi
1124 4018 1262 4074 forte
1292 4019 1344 4073 in
1372 4020 1602 4088 a'iquem
1633 4021 1877 4077 codicem
1916 4024 2072 4079 valde

493 4121 799 4180 corruptum
829 4121 882 4167 et
901 4111 1244 4181 depravatum
1277 4109 1539 4164 inciderit.
1571 4109 1628 4166 In
1655 4111 1839 4168 codice
1869 4113 2064 4170 biblio-

493 4202 664 4254 theca:
690 4200 1025 4268 Parisiensis,
1058 4204 1217 4269 quem
1245 4216 1390 4254 num.
1423 4198 1491 4253 47
1523 4201 1832 4266 recensebo,
1867 4203 2070 4259 indica-

492 4297 580 4342 tur
617 4288 788 4341 solum
832 4288 1220 4355 Hexaemeron,
1252 4291 1368 4344 sive
1409 4289 1541 4344 liber
1582 4292 1785 4360 primus
1825 4293 2068 4350 versibus

491 4377 752 4445 heroicis,
802 4377 885 4432 cui
937 4377 1142 4447 accedit
1198 4377 1420 4449 Eugenii
1479 4381 1902 4450 supplementum
1950 4384 2067 4439 sine

2181 3193 2362 3266 fulget.
2394 3193 2582 3250 Sermo
2604 3194 2747 3250 enim
2773 3203 2853 3250 est
2894 3194 2961 3249 de
2991 3193 3344 3250 hebdomadis
3366 3195 3582 3263 diebus,
3615 3196 3758 3268 quia

2178 3287 2455 3355 gentilium
2487 3287 2590 3342 diis
2618 3302 2811 3344 nomen
2840 3289 3094 3345 retineat.
3493 3291 3503 3300 “

2247 3377 2338 3433 24.
2391 3377 2446 3434 In
2476 3379 2722 3434 versibus
2761 3380 2979 3450 Eugenii
3024 3381 3137 3434 haec
3173 3378 3406 3434 notanda
3442 3388 3753 3438 occurrunt.

2177 3469 2335 3526 Vers.
2377 3471 2432 3534 6,
2471 3471 2788 3527 Sirmondus
2815 3472 2976 3527 edidit
3019 3473 3344 3541 hominesque
3380 3474 3616 3544 fugaces.
3656 3475 3754 3532 Sed

2176 3561 2500 3632 hominesque
2522 3578 2728 3632 sagaces
2759 3563 2872 3633 ipse
2895 3561 3140 3618 ediderat
3161 3563 3298 3619 inter
3320 3564 3559 3619 carmina
3585 3565 3758 3635 Euge-

2176 3651 2252 3706 nii
2283 3653 2334 3704 in
2367 3653 2702 3720 heptatnetro
2737 3652 2803 3707 de
2846 3667 2917 3707 vu
2962 3654 3153 3708 diebus
3189 3665 3245 3709 et
3287 3655 3342 3710 in
3372 3655 3561 3712 codice
3591 3656 3755 3711 Tole-

2178 3755 2322 3808 tano,
2355 3743 2406 3798 in
2436 3744 2712 3812 Vaticano,
2741 3753 2798 3800 et
2825 3762 2854 3800 a
2881 3746 3175 3802 Bridel‘erto
3206 3747 3537 3804 Ramcsiensi
3563 3751 3636 3804 ad
3662 3751 3754 3803 Bc-

2175 3835 2257 3889 dze
2285 3844 2413 3889 tom.
2436 3835 2498 3901 ll,
2525 3850 2643 3905 pag.
2667 3835 2756 3901 το,
2787 3835 2875 3890 ubi
2893 3847 3097 3906 septem
3117 3838 3320 3908 primos
3337 3853 3527 3894 versus
3549 3837 3753 3908 profert

2173 3927 2366 3995 legitur
2395 3925 2718 3994 hominesque
2756 3943 2986 3996 sagaces,
3027 3943 3148 3997 qua:
3176 3943 3298 3985 vera
3327 3939 3410 3984 est
3433 3929 3703 3999 scriptura
3734 3945 3751 3986 :

2173 4030 2296 4070 nam
2335 4031 2496 4086 sagax
2521 4030 2619 4085 pro
2641 4016 2860 4071 rationis
2891 4019 3146 4088 participe
3172 4029 3226 4075 et
3255 4021 3553 4090 perspicaci
3581 4024 3744 4078 sumi-

2175 4115 2278 4160 tur.
2305 4105 2581 4182 llclpidius
2604 4107 2655 4161 in
2683 4109 2922 4164 carmine
2949 4109 3018 4164 de
3041 4109 3168 4165 Jcsu
3197 4110 3392 4167 Christi
3421 4112 3612 4168 Benel.
3645 4131 3661 4169 :

2295 4224 2561 4294 gontentus
2581 4231 2896 4294 nostrumque
2923 4241 3084 4292 genus
3105 4231 3292 4280 ratione
3314 4231 3496 4294 sagaci,

2291 4287 2353 4337 Et
2375 4287 2484 4336 forti
2505 4291 2719 4338 timuisse
2740 4287 2902 4338 mauu.

2169 4388 2356 4445 Cicero
2397 4405 2433 4444 ιι
2465 4391 2532 4445 de
2575 4391 2774 4457 Finib.,
2812 4406 2930 4461 cap.
2964 4393 3052 4459 li,
3087 4393 3333 4449 Homines
3361 4395 3460 4448 hoc
3503 4412 3536 4449 a
3577 4398 3743 4450 bestiis

496 4469 582 4522 illa
597 4469 832 4537 cpistola:
851 4469 1395 4540 mentiouc.-Epistola
1419 4471 1783 4540 ipsa,utcdita
1797 4482 1880 4530 est
1901 4475 2062 4530 aSir—
2094 4487 2145 4549 ι)
2169 4483 2448 4555 plurimum
2490 4483 2755 4552 differunt,
2785 4487 2921 4555 quod
2966 4487 3212 4541 rationem
3241 4486 3456 4541 habeant
3484 4504 3518 4540 a
3561 4500 3745 4542 natura
3833 4471 3838 4478 ’

488 4559 685 4613 tnoudo
710 4562 839 4612 etin
868 4560 1194 4616 Collectionc
1226 4562 1439 4616 Patrum
1472 4563 1880 4630 'l‘oletauorum,
1910 4567 1956 4624 si
1983 4578 2063 4624 at-

489 4660 634 4704 tente
666 4649 936 4718 inspicias,
990 4666 1093 4704 non
1136 4654 1364 4709 obscure
1409 4653 1740 4710 demonstrat
1781 4658 1912 4712 nihil
1959 4659 2059 4729 ipsi

483 4755 606 4794 esse
637 4755 755 4794 cum
785 4741 1022 4794 carmine
1050 4741 1117 4795 de
1144 4755 1235 4796 sex
1265 4743 1473 4798 diebus.
1517 4743 1732 4800 Certum
1780 4746 1909 4802 illud
1955 4759 2059 4816 est,

485 4831 976 4902 recapitulationem
1023 4832 1090 4886 ab
1123 4833 1357 4903 Eugenio
1383 4835 1643 4904 adiectam
1672 4837 1724 4891 in
1767 4838 1870 4907 [ine
1901 4839 2061 4894 libelli

481 4940 591 4994 quo
633 4924 950 4979 Dracontius
981 4923 1346 4980 Hexaemeron
1386 4928 1698 4996 complexus
1724 4941 1826 4985 est.
1853 4932 1921 4986 Et
1949 4931 2064 4989 lucc

480 5025 565 5072 est
590 5016 727 5072 ratio
749 5029 843 5070 cur
867 5013 1222 5086 rccapitulatio
1247 5016 1472 5074 dicatur.
1506 5020 1896 5094 Recapitulatio
1915 5028 2059 5082 enim

479 5105 533 5161 in
564 5107 732 5162 sacris
763 5105 979 5161 Litteris
1021 5105 1340 5174 appellatur,
1386 5122 1508 5163 cum
1539 5113 1802 5182 scriptura
1830 5114 1968 5169 redit
1992 5115 2060 5171 ad

481 5195 608 5251 illud
634 5196 787 5266 cujus
818 5197 1051 5252 narratio
1065 5195 1174 5264 jam
1203 5195 1508 5260 transierat,
1537 5210 1591 5252 ut
1627 5209 1746 5269 post
1774 5202 2053 5267 'l‘iconium

478 5294 534 5339 ct
560 5285 906 5355 Angusdnum
935 5286 1166 5356 explicat
1195 5285 1428 5342 Isidorus
1467 5287 1561 5342 lib.
1589 5305 1604 5343 ι
1634 5290 1900 5360 Sentent.,
1925 5309 2048 5364 cap.

481 5376 604 5442 109,
647 5387 699 5432 et
748 5378 847 5432 hoc
893 5378 1001 5433 fere
1049 5392 1208 5432 sensu
1256 5377 1422 5432 verbo
1468 5379 1842 5447 recapitulandi
1884 5387 2051 5440 utitur

479 5466 831 5523 Tertullianus
881 5469 976 5524 lib.
1026 5485 1058 5524 v
1107 5469 1319 5525 advers.
1371 5470 1652 5540 Marciam,
1698 5489 1820 5546 cap.
1868 5481 1954 5546 l7,
1995 5489 2051 5535 et

477 5561 885 5614 Comtnodianus
907 5577 1075 5617 carm.
1104 5565 1193 5618 il.
1238 5563 1344 5620 Sed
1372 5562 1491 5620 cum
1523 5564 1791 5635 Eugenius
1818 5569 1962 5626 dicat
1986 5571 2050 5626 li-

477 5649 646 5704 belles
675 5652 937 5708 Dracontii
964 5668 991 5707 a
1018 5667 1078 5711 se
1101 5663 1394 5726 correctos,
1422 5655 1579 5727 idque
1601 5657 1882 5720 conﬁrmet
1903 5660 2040 5719 llde-

2167 4576 2364 4640 datam,
2395 4585 2705 4645 mentemque
2729 4585 2776 4630 et
2802 4593 2994 4642 acrem,
3018 4587 3064 4632 el
3089 4579 3354 4648 vigentem,
3383 4580 3744 4650 celen'imeque

2168 4667 2330 4718 multa
2351 4665 2650 4734 agitantem,
2679 4675 2750 4732 et,
2776 4665 2829 4719 ul
2853 4667 2924 4720 ita
2946 4668 3134 4737 dicam,
3166 4685 3421 4739 sagacem.
3452 4671 3607 4725 Vers.
3631 4673 3664 4723 8
3689 4681 3743 4726 et

2167 4757 2222 4819 9,
2265 4755 2694 4825 distinguendum
2736 4766 2864 4825 puto
2911 4756 3126 4826 laboret,
3174 4760 3378 4815 Actibus
3418 4771 3510 4815 aut
3557 4763 3737 4830 fessus.

2169 4846 2294 4900 Post
2320 4861 2460 4900 vers.
2494 4845 2579 4912 l2,
2609 4845 2774 4900 Multa
2803 4857 2966 4918 gerat,
2990 4858 3099 4902 tres
3117 4849 3207 4919 qui
3228 4859 3523 4917 sequuntur
3547 4853 3740 4906 desunt

2167 4938 2220 4993 in
2249 4937 2558 5004 Sirmondo,
2597 4939 2692 4994 sed
2722 4954 2785 4994 es
2817 4939 2936 4993 cod.
2981 4939 3152 4995 Tolet.
3185 4940 3351 4998 additi
3381 4953 3505 4997 sunt
3536 4944 3588 4998 in
3629 4942 3741 4997 edi-

2164 5030 2308 5085 tione
2337 5030 2651 5086 lllatritensi.
2697 5030 2844 5084 Vers.
2874 5031 2966 5096 2i,
3001 5031 3053 5086 in
3083 5033 3203 5088 cod.
3239 5033 3437 5100 Tolet.,
3466 5036 3574 5090 otia
3608 5050 3739 5105 pm.

2161 5121 2375 5186 cipieus.
2408 5119 2562 5175 Vers.
2593 5120 2684 5186 26,
2721 5120 2939 5177 [livinus
2966 5137 3032 5177 ex
3065 5124 3372 5191 conjectura
3402 5127 3522 5196 legit
3548 5169 3565 5194 ,
3597 5125 3734 5181 Nam

2160 5212 2273 5264 vita:
2305 5226 2455 5263 cursu
2484 5211 2757 5265 mundana:
2786 5213 2935 5266 molis
2962 5213 3029 5266 ad
3055 5213 3236 5280 instar,
3271 5214 3380 5269 Sea:
3398 5227 3515 5268 sunt
3540 5226 3728 5276 natales.

2155 5310 2258 5356 etc.
2288 5301 2393 5358 Sed
2423 5301 2580 5358 lectio
2607 5303 2848 5358 codicum
2873 5307 3148 5360 retinenda
3178 5317 3282 5362 est.
3311 5307 3462 5363 Vers.
3486 5309 3582 5375 27,
3610 5311 3726 5364 cod.

2154 5391 2356 5458 Tolet.,
2384 5401 2556 5446 letales
2581 5393 2866 5466 hominum.
2893 5396 3047 5451 Vers.
3072 5398 3162 5462 29,
3199 5398 3515 5456 Sirtnondus
3541 5401 3722 5467 edidit,

2153 5483 2326 5536 Altera
2346 5483 2531 5538 deinde
2554 5485 2775 5553 pueritia
2805 5486 2978 5540 mollis
3004 5487 3238 5542 habetur.
3281 5490 3530 5560 Rivinus,
3557 5491 3724 5545 Altera

2151 5573 2335 5627 deinde
2358 5573 2575 5628 hominis
2600 5576 2815 5645 pueritia
2849 5576 3025 5633 mollis
3053 5579 3286 5647 habetur,
3321 5580 3416 5637 sed
3448 5581 3499 5636 in
3540 5579 3722 5637 erratis

2149 5666 2380 5723 correxit
2429 5667 2602 5723 Altera
2648 5668 2831 5724 deinde
2866 5677 2992 5726 tetas
3026 5670 3244 5739 pueritia
3281 5672 3449 5730 mollis
3488 5673 3712 5738 habetsr,
