4030 6170
565 301 672 358 615

1979 281 2430 342 ιηιιεεοκτιιιε.

3723 279 3828 336 lilii

563 415 712 471 stcrii
739 410 1138 471 bibliothecam.
1169 416 1225 462 et
1261 403 1492 461 fortasse
1527 399 1768 471 plerique
1795 397 1866 456 ab
1901 412 1968 455 eo
2004 407 2140 454 tear.
2167 403 2218 464 ι
2245 398 2398 453 tilum
2419 396 2902 452 demustraturex
2929 392 2990 448 S.
3015 389 3245 460 Isidoro,
3271 389 3366 462 qui
3391 389 3492 447 lib.
3522 405 3599 446 ιιι
3627 391 3831 467 Ειςιι..

565 520 694 576 pore
736 520 843 572 quo
880 501 1156 556 fundatum
1183 505 1301 562 est,
1336 493 1586 548 videntur
1628 490 1968 562 pertinuisse.
1999 491 2144 546 Inter
2242 502 2362 556 cap.
2395 487 2478 554 9.,
2502 500 2680 576 innuat
2705 499 2772 539 ex
2811 481 2895 537 his
2929 482 2986 538 in
3015 482 3257 538 editione
3283 482 3591 576 Parisiensi‘
3625 481 3832 542 Manlii

567 599 666 651 hos
702 592 1024 650 vetuStiores
1067 589 1230 643 libros
1259 585 1530 655 catalogus
1576 581 1764 648 refert,
1793 580 2014 634 Libram
2037 580 2146 634 1,·-

2245 577 2466 632 omissis
2497 573 2699 630 laudat.
2725 571 2995 638 Qumrilur
3019 579 3204 630 aute
3227 585 3297 626 au
3335 585 3531 642 poema
3558 559 3630 627 de
3663 573 3832 645 Opem

564 689 709 743 cretii
736 684 799 751 I;
837 683 1049 737 Librum
1090 676 1361 733 Dracontii
1385 674 1450 740 1;
1495 673 1708 728 Librum
1745 671 1976 727 Ennodii
2005 669 2060 736 ι,
2090 671 2152 726 iir
2243 683 2336 724 sex
2357 666 2589 733 dierum,
2609 663 2830 721 Parisiis
2849 677 2882 717 a
2903 661 3125 718 Mortalia
3147 661 3378 730 editum,
3396 662 3469 717 sit
3497 662 3634 717 illud
3661 663 3829 734 ipsum

563 797 665 852 quo
704 787 752 833 et
791 776 898 830 alia
931 773 1258 828 continentur
1288 767 1566 837 opuscula;
1590 763 1772 819 Libros
1805 761 1990 817 Donati
2022 774 2153 827 tres,

563 879 667 925 etc.
703 867 866 922 Liber
896 877 1033 918 unus
1061 858 1352 925 Dracontii,
1400 859 1540 913 sicut
1569 855 1704 910 liber
1729 869 1866 908 unus
1892 852 2143 918 Lucretii,

565 971 648 1015 cst
687 971 828 1013 unus
862 954 1062 1022 codex,
1091 951 1206 1008 sive
1234 950 1476 1006 carmina
1517 947 1572 1002 in
1613 945 1792 1016 plures
1829 945 1940 998 sint
1984 944 2149 997 libros

566 1053 771 1116 divisa,
812 1033 928 1104 sive
965 1059 1072 1101 uno
1113 1039 1661 1112 comprehendantur.
1701 1037 1793 1093 Sic
1834 1038 2000 1092 etiam
2042 1033 2152 1106 2Q

570 1156 680 1200 tres
727 1143 850 1199 libri
901 1138 1093 1196 Donati
1133 1145 1259 1192 sunt
1306 1143 1420 1188 tres
1461 1133 1676 1187 codices
1719 1130 1898 1199 operis
1937 1127 2156 1182 Donati.-

570 1232 935 1294 Auimadverti
953 1230 1065 1302 jam
1089 1244 1238 1284 num.
1255 1227 1309 1293 8,
1327 1225 1383 1281 S.
1399 1223 1790 1279 Columbanum
1809 1235 1844 1276 a-
1867 1215 2156 1274 Dracontie

571 1330 752 1400 plures
780 1339 974 1383 versus
1013 1323 1179 1378 fuisse
1209 1328 1532 1382 mutuatum,
1562 1328 1627 1371 ac
1665 1315 1822 1385 paulo
1853 1322 1974 1384 post
2000 1326 2150 1367 nam.

570 1437 684 1492 seq.
719 1420 968 1484 referam,
1000 1414 1199 1470 saeculo
1227 1426 1298 1467 xv
1335 1420 1588 1473 exeunte,
1636 1406 1907 1462 Dracontii
1935 1419 2070 1475 opus
2100 1404 2153 1458 in

572 1510 899 1568 monasterio
931 1506 1182 1563 Bobiensi
1209 1507 1371 1558 luisse
1409 1492 1701 1571 repertum.
1735 1497 1866 1552 Miro
1897 1496 2011 1552 lucc
2033 1507 2154 1550 cum

2246 759 2390 830 quod
2426 755 2808 826 interpolatum
2833 763 2919 809 est
2953 753 3032 808 air-
3057 753 3318 823 Eugeuio,
3341 769 3411 809 an
3445 755 3629 825 potius
3653 755 3833 826 primi.

2246 847 2463 921 genium
2493 860 2637 916 opus
2653 845 2814 916 quale
2835 859 2870 898 a
2891 843 3182 899 Dracontio
3205 844 3428 921 prodiit,
3446 860 3570 900 eum
3599 847 3737 902 solis
3755 848 3832 906 his

2248 907 2639 1007 Erroribus-qui
2658 907 2691 988 ti
2714 934 3056 990 librariorum
3084 907 3290 1016 incuria
3316 907 3685 990 accesserunt.
3715 935 3834 994 Gol-

2249 1032 2443 1086 dastus
2487 1029 2542 1083 in
2589 1025 2814 1095 epistola
2845 1023 2922 1086 ad
2964 1023 3256 1079 Weitzium
3300 1024 3683 1082 Hexaemeron
3741 1027 3833 1086 hoc

2251 1122 2484 1188 “melii,
2505 1116 2646 1190 quod
2676 1117 2792 1188 ipse
2817 1115 3078 1171 Weitzius
3101 1116 3345 1171 editurus
3370 1124 3514 1178 erat,
3544 1125 3701 1186 putat
3721 1133 3832 1176 esse

2257 1217 2438 1286 ipsum
2455 1213 2781 1288 ’Δρχετυπον
2811 1207 3102 1264 Dracontii.
3133 1206 3244 1262 liae
3271 1207 3366 1262 ille
3391 1208 3606 1264 ratione
3631 1223 3836 1279 permo-

2255 1314 2436 1366 vetur,
2451 1303 2592 1373 quod
2609 1302 2671 1355 -in
2687 1315 2752 1354 eo
2769 1297 3100 1354 llexaemero
3111 1296 3180 1351 de
3196 1311 3290 1352 sex
3311 1297 3521 1363 dierum
3540 1300 3836 1370 amcepha.

2260 1398 2410 1454 ἰωυεὶ
2439 1405 2502 1452 et-
2519 1393 2738 1466 septimi
2762 1392 2870 1448 diei
2888 1391 3264 1460 supplemento
3286 1405 3385 1444 nec
3404 1390 3525 1445 vola
3556 1404 3661 1446 nec
3685 1394 3837 1448 vesti-

2256 1493 2403 1561 gium
2427 1499 2531 1544 est.
2571 1485 2778 1543 Censet
2813 1483 2930 1538 luet:
2969 1481 3266 1538 desiderari
3297 1490 3430 1537 ante
3467 1496 3687 1538 versum
3719 1481 3834 1552 M9,

571 1605 790 1675 antiquo
831 1600 1019 1656 codice
1062 1594 1403 1653 biblimbeca:
1440 1592 1557 1661 ejus
1601 1587 1911 1645 monasterii
1958 1599 2157 1642 convet-
2263 1583 2481 1639 Vomere
2509 1577 3120 1646 nenteilus,ubiineipit
3147 1576 3285 1631 horti
3317 1577 3492 1632 Edoni
3517 1576 3835 1650 descriptio:

574 1672 746 1752 nium.
776 1691 912 1760 Quid
939 1690 1009 1746 de
1050 1686 1336 1743 Dracontio
1365 1685 1417 1738 in
1453 1681 1661 1746 Dextri,
1690 1679 1910 1734 Maximi
1934 1688 1987 1733 et
2012 1675 2157 1732 llaus
2190 1755 2220 1760 ᾼ
2260 1692 2381 1732 nam
2403 1675 2583 1732 cmteri
2610 1684 2784 1744 poeta:
2806 1673 3154 1737 Ilexaemeri,
3170 1672 3467 1754 Cyprianus
3491 1675 3677 1744 (quem
3705 1687 3836 1728 nunc

576 1751 710 1842 herti
733 1751 1025 1850 clironicis,
1046 1789 1103 1837 et
1126 1781 1177 1835 in
1206 1776 1540 1834 Adversariis
1561 1773 1756 1830 Juliaui
1780 1771 2156 1840 archipresby.
2187 1755 2234 1819 Β
2261 1769 2352 1824 alii
2381 1767 2571 1823 volunt
2615 1763 2982 1834 Javencum),
3023 1763 3258 1819 Hilarius
3279 1803 3304 1828 ν
3337 1751 3544 1829 Victor,
3576 1764 3833 1829 Alcimus,

575 1877 675 1933 teri
715 1879 976 1944 scriptum
1015 1875 1105 1940 sit,
1140 1870 1298 1940 hujus
1331 1868 1433 1923 loci
1465 1882 1571 1921 non
1601 1875 1685 1920 est
1713 1877 1965 1919 enarrare
1991 1874 2008 1915 :
2035 1875 2155 1915 nam

577 1967 676 2024 etsi
709 1966 927 2021 nomina
955 1963 1063 2019 sint
1092 1962 1334 2030 antiqua,
1363 1967 1613 2013 auctores
1647 1965 1826 2010 tamen
1863 1952 1961 2023 qui
1993 1963 2157 2021 opera

576 2059 948 2112 conﬁnxerunt
973 2063 1098 2110 sunt
1132 2059 1400 2118 recentes,
1423 2062 1487 2104 ac
1507 2045 1730 2119 proinde
1757 2044 1824 2102 ad
1851 2049 2013 2115 caput
2037 2056 2155 2112 seq.

581 2147 872 2219 pertinent.
1194 2210 1422 2268 CAPUT
1459 2208 1556 2267 Ν,

582 2331 846 2388 Dracontii
872 2329 1119 2383 memoria
1158 2327 1297 2398 apud
1327 2332 1553 2398 recentes
1580 2321 1850 2398 scripture:
1894 2325 2153 2383 renovata,

952 2409 999 2454 et
1027 2394 1238 2452 diversa:
1266 2397 1330 2450 de
1357 2411 1416 2450 eo
1447 2394 1744 2462 opiniones.

656 2493 743 2548 28.
775 2491 984 2548 Sarculo
1020 2505 1130 2556 xv,
1174 2504 1298 2543 cum
1349 2488 1537 2542 littera:
1584 2480 1798 2540 restitui
1835 2481 2156 2552 ctepissent,

582 2587 812 2655 undique
837 2583 954 2638 libri
976 2590 1188 2638 veteres
1214 2577 1698 2649 conquirebantur;
1731 2581 1890 2643 atque
1909 2573 1981 2628 ad
2003 2571 2160 2642 hujus

583 2676 763 2732 smculi
793 2676 953 2729 linem
978 2680 1182 2742 spectat
1211 2670 1260 2726 id
1288 2668 1428 2740 quod
1467 2681 1636 2738 nuper
1667 2664 1895 2720 iudicati
1923 2663 1992 2718 de
2021 2663 2158 2718 Dra-

581 2767 784 2834 routio,
810 2774 863 2821 et
905 2764 1069 2819 refert
1112 2761 1349 2831 ltnphacl
1382 2759 1765 2813 Volaterranus
1793 2755 1889 2810 lib.
1923 2767 1973 2809 tv
2003 2753 2162 2808 Com-

582 2867 834 2927 mentar.,
879 2857 966 2910 ubi
1013 2855 1080 2909 de
1127 2852 1371 2908 Bobiensi
1420 2846 1767 2912 monasterio,
1796 2845 1862 2900 ad
1895 2841 2160 2914 Apennini

584 2956 702 3020 juga
733 2951 859 3012 sito,
884 2962 914 3000 a
943 2944 1306 3001 Theodclindu
1341 2941 1522 3011 regina
1565 2935 2042 3008 Langobardorum
2069 2949 2162 2989 ex-

583 3048 805 3102 structo,
838 3037 944 3090 ait:
979 3035 1082 3089 Hic
1109 3051 1247 3087 anno
1280 3031 1418 3086 M94
1449 3027 1803 3101 hujuscemodi
1832 3027 1948 3081 libri
1977 3024 2162 3093 reperti

2258 1857 2549 1929 Gregorius
2570 1857 2811 1926 Magnus,
2837 1853 3158 1910 Ambrosius
3175 1854 3388 1919 iunior,
3416 1853 3648 1920 Pisides,
3671 1855 3837 1908 Theo-

2258 1949 2440 2005 dullas
2480 1945 2912 2013 Aurelianensis,
2944 1945 3274 2012 Nicephorus
3319 1943 3613 2009 Callistus,
3658 1941 3836 1999 Petrus

2259 2039 2539 2111 Rigensis,
2570 2037 2662 2093 alii
2702 2035 2772 2092 de
2821 2036 3054 2104 septimo
3097 2035 3186 2092 die
3237 2034 3312 2090 ad
3359 2035 3614 2090 eamdem
3659 2036 3836 2090 faciem

2259 2141 2648 2202 exsequuntur.
2681 2128 2904 2200 (Confer
2925 2137 3105 2183 notam
3128 2125 3196 2182 ad
3222 2139 3364 2182 vers.
3396 2126 3500 2182 llti
3521 2126 3616 2181 lib.
3644 2125 3706 2196 ι).
3734 2127 3837 2180 Dis-

2259 2222 2425 2277 sentit
2450 2220 2701 2276 Barthius
2726 2218 2953 2274 Advers;
2984 2216 3082 2272 lib.
3109 2232 3207 2283 vn,
3227 2230 3352 2286 cap.
3373 2216 3468 2282 20,
3492 2217 3586 2286 qui
3616 2234 3680 2270 ex
3711 2217 3838 2287 style

2259 2313 2497 2371 universi
2516 2313 2678 2383 hujus
2704 2312 2873 2367 libelli
2904 2310 3040 2366 duos
3064 2314 3313 2364 auctores
3332 2308 3530 2378 arguit.
3558 2309 3728 2375 Certe,
3751 2309 3836 2371 ait,

2259 2407 2568 2480 ταυτόλογον
2606 2407 2703 2459 hoc
2739 2402 3080 2475 opusculum,
3134 2411 3188 2456 et
3229 2403 3435 2455 minime
3471 2403 3837 2455 narrationibus

2260 2499 2554 2552 detexendit
2581 2495 2688 2552 sibi.
2704 2503 2976 2557 constans,.
2990 2492 3218 2546 extendit
3236 2493 3360 2561 jam
3377 2493 3470 2561 ﬁni
3493 2493 3772 2563 proximas,
3796 2499 3837 2544 et

2259 2591 2492 2659 abruptis
2528 2589 2649 2642 aliis
2693 2588 2955 2641 aliusnon
2987 2586 3095 2641 suis
3127 2585 3252 2639 locis
3280 2585 3476 2638 inserit.
3505 2584 3704 2639 Verum
3732 2583 3836 2638 hate

2261 2679 2438 2736 aiebat
2457 2680 2734 2748 Barthius,
2750 2672 3126 2748 qui-Dracontii
3144 2675 3356 2732 libellos
3375 2675 3504 2730 olim
3526 2675 3597 2729 ab
3615 2677 3837 2745 Eugenio

2262 2770 2581 2826 reformatus
2611 2776 2853 2823 noverat.
2890 2767 3094 2822 Vellem
3124 2767 3263 2822 scire
3301 2766 3429 2836 quid
3457 2767 3598 2822 alius
3626 2767 3837 2822 sentiret

2263 2863 2330 2916 ab
2363 2863 2461 2917 hac
2501 2859 2844 2932 prtejudicata-
2883 2858 3139 2929 opinione
3177 2858 3396 2912 omnino
3427 2858 3586 2924 liber,
3615 2866 3671 2913 et
3700 2858 3838 2926 igua-

2264 2968 2397 3009 rans-
2429 2953 2556 3023 quid
2611 2953 2807 3006 factum
2841 2950 3050 3005 lttisset.
3085 2947 3286 3004 Barthii
3330 2950 3638 3018 opinionem
3682 2947 3835 3004 tenuit

2263 3049 2422 3103 etiam
2444 3046 2560 3100 Nic.
2579 3045 2842 3100 Antonius
2870 3044 3006 3098 Bibl.
3023 3053 3129 3099 vet.
3154 3042 3248 3098 lib.
3267 3055 3319 3108 v,
3345 3057 3464 3110 cap.
3483 3043 3540 3105 5,
3557 3051 3612 3096 et
3633 3041 3834 3097 Gallam

585 3139 728 3197 runt,
777 3128 1093 3181 Rulilius....
1137 3121 1400 3176 Dracontii
1446 3121 1644 3174 varium
1689 3134 1838 3186 opus.
1883 3115 2153 3208 Prttdentii
2181 3120 2230 3184 (ζ
2260 3139 2380 3195 dius
2407 3150 2538 3194 tom.
2562 3136 2632 3193 lx
2662 3137 2884 3192 sum“,
2908 3137 3154 3208 28th
3173 3135 3539 3190 commvcrsia
3567 3135 3836 3189 ddian

588 3219 781 3288 hymni,
823 3225 949 3280 ctc.,
996 3229 1210 3284 quorum
1242 3212 1376 3264 bona
1418 3226 1538 3279 pars
1572 3209 1649 3262 Itis
1679 3207 1828 3261 annis
1856 3205 2102 3275 proximis
2125 3220 2158 3258 α

587 3325 695 3362 meo
733 3306 986 3371 municipc
1027 3304 1223 3358 Thema
1255 3301 1478 3356 Plta‘dro
1518 3297 1876 3372 (lngltiratni)
1917 3298 2162 3351 bonarum

589 3401 773 3455 artium
813 3400 935 3470 prof
960 3413 1098 3451 ssore
1137 3405 1207 3450 est
1256 3394 1466 3450 advecta
1519 3395 1572 3447 in
1615 3393 1820 3448 Urbem.
1863 3391 2160 3462 Optattdum

495 3530 499 3534 -
589 3494 818 3548 maxime
841 3499 985 3546 esset
1011 3503 1065 3543 ut
1091 3491 1192 3544 hoc
1212 3487 1488 3543 Dracontii
1515 3488 1718 3541 varium
1741 3502 1896 3557 opus,
1921 3486 2164 3541 siadhuc

588 3584 782 3639 alicubi
819 3582 946 3636 latet
977 3581 1089 3634 sive
1115 3578 1418 3645 Mediolani,
1452 3578 1565 3632 sive
1595 3575 1802 3640 Romae,
1822 3577 1872 3630 in
1902 3576 2164 3644 publicam

591 3677 765 3732 lucem
800 3674 1008 3729 veniret
1039 3715 1052 3739 ,
1089 3689 1210 3727 nam
1245 3673 1329 3727 hic
1370 3672 1579 3726 videtur
1606 3683 1727 3724 esse
1764 3669 2167 3739 antiquissimus

591 3769 678 3822 ille
703 3767 874 3822 codex
911 3764 1064 3835 cujus
1096 3763 1158 3818 lit
1191 3763 1390 3818 utet-itio
1428 3763 1482 3817 in
1525 3764 1764 3828 cata-I050
1807 3761 1989 3814 saeculi
2015 3776 2047 3813 χ
2090 3759 2168 3815 bi-

590 3859 872 3912 hliotheca:
921 3855 1230 3911 monasterii
1282 3853 1577 3920 Bobiensia,
1608 3863 1661 3906 et
1705 3850 1932 3906 fortasse
1965 3859 2049 3906 est
2077 3850 2168 3906 ille

589 3952 707 4021 ipse
732 3967 842 4020 quo
869 3961 995 4002 usus
1025 3955 1108 4001 cst
1134 3946 1192 4001 S.
1224 3944 1602 3998 Columbauus.
1627 3943 1836 3999 Titulus
1861 3943 2038 3996 innuit
2061 3956 2168 3996 non

591 4057 709 4111 e.~s_e
729 4043 904 4097 solum
928 4040 1295 4095 Hexaemeron
1319 4035 1386 4090 ab
1408 4034 1644 4105 Eugenio
1671 4035 2085 4107 interpolatum;
2112 4044 2169 4089 et

591 4138 730 4190 inter
759 4149 945 4189 versas
974 4146 1108 4203 quos
1135 4145 1199 4186 ex
1234 4127 1518 4183 Dracontio
1548 4126 1910 4183 Columbanus
1936 4128 2168 4196 sumpsit

592 4227 834 4282 nonnulli
856 4235 981 4278 sunt
1000 4225 1090 4293 qui
1112 4225 1164 4278 in
1194 4224 1382 4277 codice
1404 4221 1668 4276 Toletano
1690 4219 2084 4286 desiderantur,
2117 4227 2172 4274 et

593 4332 623 4371 a
648 4317 799 4372 nobis
825 4332 856 4370 e
882 4315 1210 4370 membranis
1236 4314 1506 4369 Vaticanis
1530 4313 1887 4383 proferentur.

661 4409 754 4464 29.
785 4408 1096 4464 Guilie'mus
1127 4407 1398 4474 Morelius,
1431 4405 1521 4477 qui
1554 4407 1755 4476 primus
1799 4406 2169 4461 Hexaemeron

2264 3236 2404 3290 inter
2429 3247 2490 3287 se
2517 3229 2745 3286 conferri
2777 3229 2974 3284 debent
3000 3227 3271 3284 variantes
3296 3228 3556 3282 lectiones
3597 3225 3835 3282 editionis

2264 3323 2594 3389 Morelianae,
2627 3320 3040 3385 Sirmondianw,
3071 3331 3125 3375 et
3156 3330 3352 3374 nostra:
3392 3334 3462 3373 ex
3492 3318 3679 3372 οοάιοθ
3705 3318 3834 3371 Vati-

2263 3432 2416 3472 cano.
2445 3416 2570 3472 Mihi
2599 3430 2732 3473 sane
2757 3415 3010 3470 codicem
3032 3413 3381 3490 Vaticanum,
3421 3421 3475 3466 et
3504 3412 3680 3466 omnia
3711 3410 3830 3463 Dn-

2263 3508 2429 3567 contii
2459 3522 2622 3579 opera
2669 3505 3036 3562 consideranti
3067 3503 3306 3560 Goldztsti
3337 3501 3604 3559 sententia
3634 3500 3829 3570 placet;

2265 3602 2358 3656 sed
2403 3601 2597 3655 mirum
2633 3599 2792 3654 simul
2830 3598 3022 3654 accidit
3059 3597 3214 3668 quodi
3236 3606 3344 3651 tam
3388 3610 3576 3664 pauca:
3608 3608 3670 3648 ac
3700 3592 3834 3646 lem

2269 3693 2595 3748 mutationes
2636 3693 2776 3747 inter
2813 3705 2949 3760 opus
2980 3689 3306 3745 l-lexaemeri'
3337 3688 3686 3758 archetypum
3713 3685 3833 3738 Dra-

2267 3786 2456 3850 contii,
2483 3793 2540 3840 et
2573 3784 2712 3840 idem
2744 3798 2880 3853 opus
2914 3785 2981 3838 ab
3009 3782 3248 3852 Eugenio
3277 3781 3657 3850 interpolatum
3683 3791 3833 3846 a,-pa-

2268 3885 2439 3932 reant.
2473 3876 2657 3945 Itaque
2700 3888 2899 3931 censeo
2946 3890 3052 3929 non
3093 3874 3265 3928 solum
3312 3872 3718 3935 Hexaemeron,
3745 3867 3832 3923 sed

2271 3969 2430 4024 etiam
2461 3967 2698 4037 Elegiam
2744 3965 3018 4021 Dracontii
3051 3965 3216 4019 fuisse
3243 3964 3311 4019 ab
3340 3964 3579 4034 Eugenio
3607 3958 3832 4029 recogni-

2274 4071 2402 4128 tam,
2433 4060 2485 4114 in
2513 4074 2612 4129 qua
2647 4072 2834 4112 versus
2862 4057 3028 4127 aliqui
3057 4056 3223 4112 additi
3251 4056 3469 4111 fuerunt
3495 4056 3566 4109 ab
3587 4051 3829 4123 Eugenio,

2274 4153 2456 4223 plures
2493 4150 2753 4215 detracti,
2789 4159 2846 4204 ut
2869 4165 2937 4206 ex
2967 4151 3202 4206 editione
3244 4158 3426 4204 nostra
3463 4148 3682 4218 patebit.
3712 4144 3829 4201 Gol-

2273 4244 2486 4309 dastus,
2517 4243 2606 4312 qui
2654 4241 3025 4312 praelationem-
3057 4241 3279 4312 E'ugcuii
3309 4256 3415 4298 non
3457 4239 3689 4303 viderat,
3716 4248 3828 4303 sup-

2276 4334 2598 4402 plementum
2651 4332 2756 4388 dici
2809 4332 3020 4400 septimi
3077 4341 3203 4386 ante
3257 4331 3489 4400 paradisi
3538 4325 3827 4394 descripvio-

2281 4440 2401 4479 ttetu
2451 4423 2743 4478 desiderari
2797 4422 2993 4477 aiebat.
3050 4422 3153 4477 Sed
3204 4434 3324 4475 cum
3376 4422 3644 4490 Eugenius
3671 4416 3730 4470 ad
3763 4413 3823 4466 li-

597 4500 864 4553 Dracontii
906 4499 1094 4564 edidit,
1129 4499 1181 4552 in
1215 4498 1438 4567 cpistola
1466 4495 1792 4553 dedicatoria
1821 4497 1938 4552 lucc
1965 4505 2161 4552 tantum

2279 4514 2399 4569 belli
2447 4515 2605 4568 linetn
2643 4512 3132 4582 recapitulatiouem
3165 4521 3219 4566 et
3252 4485 3680 4581 supplementum
3707 4503 3825 4573 adji-

595 4589 786 4644 l'tabct:
822 4590 948 4654 Qua:
971 4589 1076 4661 25
1109 4587 1158 4641 Η
1185 4589 1325 4658 tarii,
1354 4588 1620 4660 Cypriani,
1642 4596 1688 4642 et
1714 4586 1982 4648 Dracontii
2008 4588 2174 4643 subse-

593 4689 840 4749 quuntur,
871 4695 929 4732 ea
957 4680 1100 4732 nobis
1133 4678 1191 4733 S.
1232 4679 1448 4733 Victoris
1469 4678 1781 4733 Parisiensis
1808 4678 2018 4733 libraria
2047 4693 2172 4749 sup-

593 4774 899 4846 peditavit...
927 4772 1200 4842 Exemplar
1220 4789 1320 4843 quo
1347 4773 1425 4826 usi
1447 4787 1622 4827 sumus
1647 4773 1798 4827 unico
1814 4815 1828 4838 ,
1852 4773 2027 4826 multis
2067 4774 2172 4826 suis

597 4868 826 4939 partibus
875 4869 1219 4938 perturbatum
1263 4877 1411 4934 atque
1451 4869 1720 4938 confusum
1755 4879 1906 4935 erat,
1951 4877 2004 4923 ut
2030 4869 2168 4923 haud

593 4965 778 5016 mirum
803 4963 960 5016 videri
985 4969 1156 5031 queat,
1189 4961 1232 5013 si
1269 4962 1355 5030 qui
1389 4961 1487 5014 loci
1525 4961 1636 5014 labe
1673 4978 1774 5015 non
1805 4971 2038 5028 careant;
2068 4979 2169 5034 quo

593 5065 821 5121 carerent
846 5064 1041 5119 autem,
1085 5067 1305 5116 omnem,
1354 5068 1508 5119 quam
1537 5056 1699 5123 potui,
1731 5056 2043 5124 diligentiam
2070 5058 2171 5111 ad-

595 5146 766 5202 hibui:
797 5145 956 5199 malui
979 5152 1144 5197 tamen
1175 5141 1308 5194 locos
1340 5142 1560 5212 integros
1590 5154 1636 5197 et
1665 5148 1838 5213 quales
1868 5146 1996 5201 liber
2022 5148 2174 5203 ltabc-

595 5239 710 5308 bat,
741 5240 862 5294 aliis
905 5234 1269 5310 dijudicandos
1291 5273 1306 5300 ,
1350 5250 1503 5303 quant
1544 5251 1655 5289 utea
1689 5238 2039 5294 emendatione
2069 5241 2175 5294 ulla

597 5335 967 5389 contaminatos
1009 5329 1262 5384 exhibere.
1311 5325 1586 5394 Inscripsit
1630 5337 1808 5384 autem
1863 5330 2114 5387 Morclius
2156 5349 2172 5386 :

601 5424 859 5479 Dracontii
884 5424 945 5476 de
971 5438 1120 5493 apere
1142 5436 1231 5474 rex
1259 5420 1474 5473 dierum.
1510 5417 1731 5484 Deerat,
1762 5431 1821 5475 ut
1852 5423 2086 5490 videtur,
2121 5427 2172 5481 in

534 5583 539 5588 _
600 5512 704 5569 hoc
726 5513 910 5568 codice
936 5513 1119 5566 charta
1151 5511 1328 5582 aliqua
1352 5525 1366 5561 :
1406 5523 1530 5563 nam
1557 5508 1930 5566 desiderantur
1955 5515 2172 5572 omnino

601 5603 670 5658 58
685 5619 890 5667 versus,
913 5601 1105 5672 quibus
1125 5601 1447 5658 describitur
1471 5609 1741 5671 peccatum
1767 5601 2056 5671 primorum
2079 5621 2166 5676 pa-

606 5701 834 5746 rentum.
883 5692 1162 5750 Exstitisse
1200 5703 1377 5751 autem
1418 5691 1515 5750 bos
1546 5709 1732 5753 versus
1759 5706 1882 5754 ante
1909 5695 1965 5754 S.
2000 5696 2145 5767 Euge

2271 4621 2394 4661 cere
2426 4604 2678 4669 voluerit,
2722 4604 2857 4660 ratio
2901 4603 3136 4658 Goldasti
3183 4605 3254 4657 ita
3297 4602 3486 4672 rellngi
3519 4599 3744 4655 debebit.
3774 4597 3824 4649 In

2276 4698 2380 4752 line
2431 4696 2754 4766 exemplaris
2792 4694 3068 4750 Mat-eliani
3113 4695 3258 4749 nulla
3308 4704 3391 4748 est
3445 4689 3822 4761 recapitulatio,

2278 4789 2483 4846 nullum
2511 4787 2940 4858 supplementum
2973 4785 3234 4855 Eugenii;
3265 4784 3546 4854 exemplar
3573 4783 3722 4853 igitur
3741 4779 3825 4832 huc

2279 4880 2652 4952 primigenium
2691 4878 2954 4936 Dracontii
2985 4891 3117 4946 opus
3144 4875 3560 4932 existimandum
3586 4882 3684 4929 est.

2348 4972 2437 5028 50.
2464 4971 2766 5026 Editionem
2795 4968 2997 5026 Morelii
3020 4975 3236 5023 secutus
3255 4976 3337 5022 est
3356 4967 3630 5022 Fabricius
3657 4965 3708 5018 in
3727 4958 3822 5016 Col-

2278 5065 2508 5120 lectione
2533 5071 2808 5132 poetarum
2825 5060 3275 5126 Christianorum,
3291 5058 3501 5126 quietsi
3516 5058 3648 5112 alios
3667 5062 3823 5126 poetas

2276 5171 2396 5210 cum
2437 5155 2588 5211 libris
2616 5154 2886 5210 veteribus
2929 5153 3130 5208 soleret
3167 5150 3446 5215 conferre,
3494 5161 3671 5206 tamen
3700 5147 3744 5202 id
3779 5145 3820 5198 iu

2264 5247 2584 5313 Dracontio,
2614 5245 2891 5301 codicibus
2920 5259 3049 5300 mss.
3089 5245 3397 5308 destitutus,
3439 5257 3548 5298 non
3585 5238 3817 5311 przestitit.

2278 5337 2607 5406 Dracontius,
2641 5337 2811 5406 inquit
2838 5337 2892 5391 itt
2921 5335 3222 5392 Comment.
3256 5351 3375 5406 pag.
3403 5335 3497 5401 ιδ,
3526 5344 3672 5404 poeta
3696 5329 3820 5386 Citri-

2276 5429 2488 5495 stianus,
2518 5446 2620 5500 qua
2648 5439 2791 5500 gente
2813 5439 2898 5482 aut
2925 5429 3092 5497 patria
3119 5430 3293 5496 fuerit,
3314 5429 3566 5498 ignotum.
3584 5424 3706 5496 Ejus
3725 5434 3818 5473 alr-

2274 5536 2388 5574 men
2439 5518 2821 5589 Hexaemeron,
2871 5521 2926 5573 id
2969 5528 3075 5586 est,
3124 5517 3187 5572 de
3239 5518 3406 5587 Opere
3447 5515 3706 5572 creationit
3731 5523 3817 5563 -ισ

2273 5614 2491 5678 dierum,
2507 5612 2760 5666 eruditum
2780 5621 2928 5681 atque
2946 5612 3146 5682 insigne
3163 5620 3268 5665 est:
3281 5612 3417 5681 quod
3429 5606 3816 5664 Parisiireditul

2281 5714 2308 5753 e
2331 5702 2626 5757 bibliotheca
2664 5700 2730 5755 D.
2763 5700 2980 5757 Victoris
3010 5703 3126 5757 huic
3173 5702 3314 5759 oneri
3359 5701 3633 5758 adiecimus
3681 5692 3815 5748 tribu
