4030 6170
211 385 297 439 ϐξῗ

1579 385 1945 444 PROLEGOM
1955 388 2104 444 ENA.

3353 384 3458 442 6l8

208 512 463 572 quatuorve
480 499 763 558 emendatis
785 499 1204 570 erroribus,quos
1225 498 1577 569 typographus
1600 499 1770 552 admi-
1799 503 1850 560 Α
1951 499 2040 556 5‘2.
2076 499 2360 554 Videamus
2390 514 2527 553 nunc
2553 499 2692 569 quod
2723 499 2794 553 ait
2821 499 2935 554 Nic.
2969 500 3252 564 Antonius,
3282 480 3462 554 aucto-

207 602 341 649 serat.
365 593 571 649 Revera
600 592 668 648 de
690 593 858 662 patria
887 601 942 648 et
961 601 1121 661 gente
1145 590 1412 645 Dracontii
1440 591 1606 645 altum
1631 590 1770 658 apud

209 697 396 743 veteres
441 686 736 741 silentium.
763 685 1000 740 Joannes
1033 684 1249 738 Vasreus
1293 682 1346 738 in
1392 682 1664 738 Chronico
1703 680 1770 736 ad

207 791 284 833 so.
310 776 429 840 651.
462 776 554 832 ubi
582 776 650 832 de
679 775 737 831 S.
769 775 1011 844 Eugenio
1039 788 1345 829 sermonem
1378 773 1567 842 injicit,
1598 771 1772 827 videri

207 871 268 926 ait
292 868 631 924 Dracontium
662 866 826 922 fuisse
857 865 1175 944 Hispanum.
1204 874 1460 936 quantum
1491 879 1558 918 ex
1587 863 1646 920 S.
1679 862 1772 917 lsi-

207 964 321 1018 doro
349 960 526 1031 colligi
555 968 747 1030 potest,
773 967 827 1015 et
849 959 1094 1013 ﬂoruisse
1121 957 1456 1027 temporibus
1484 955 1773 1012 Justiniani

207 1054 527 1123 imperatoris
565 1062 620 1108 et
657 1051 996 1120 Athanagildi
1031 1053 1174 1120 regis
1202 1050 1524 1106 Gothorum.
1555 1048 1662 1104 Sed
1707 1064 1772 1102 ex

207 1146 379 1202 lsidori
405 1143 608 1211 verbis,
632 1158 750 1214 quas
783 1158 930 1198 num.
959 1145 991 1196 7
1021 1143 1210 1206 habes,
1245 1142 1428 1197 nescio
1454 1139 1545 1211 qui
1596 1139 1771 1209 colligi

206 1236 382 1302 possit,
400 1233 741 1288 Dracontium
767 1230 934 1287 fuisse
961 1231 1276 1301 llispanum,
1293 1239 1386 1285 aut
1412 1230 1659 1284 floruisse
1681 1244 1776 1282 sae-

203 1327 314 1381 culo
347 1343 418 1381 vt.
461 1327 522 1380 Et
551 1339 671 1380 cum
712 1324 828 1394 ipse
871 1323 1092 1378 Vasatus
1125 1323 1442 1386 confirmet,
1475 1320 1770 1390 Eugenium

206 1416 560 1471 Hexaemeron
591 1414 861 1469 Dracontii
887 1415 1004 1481 jam
1032 1421 1280 1467 vetustate
1309 1414 1540 1466 vitiatum
1568 1425 1668 1465 suo
1697 1411 1777 1464 ni-

204 1509 296 1563 tnri
325 1507 639 1573 restituisse,
669 1516 966 1576 oporteret,
992 1515 1051 1562 ut
1092 1508 1476 1577 aliquantulum
1507 1507 1774 1576 antiquio-

203 1611 306 1651 rem
325 1596 571 1653 crederet
597 1597 942 1652 Dracontium
970 1612 984 1650 :
1010 1611 1130 1651 nam
1163 1598 1430 1666 Eugenius
1459 1597 1656 1651 saeculo
1678 1612 1773 1663 vu,

204 1703 334 1742 anno
374 1688 588 1744 circiter
635 1687 739 1744 645
766 1729 781 1754 ,
832 1687 1180 1742 Dracontium
1224 1687 1566 1742 emendabat.
1601 1686 1774 1741 Vasmi

205 1779 496 1849 opinionem
520 1780 670 1835 multi
697 1779 788 1834 alii
811 1779 1047 1850 amplexi
1073 1789 1223 1846 sunt,
1247 1779 1406 1834 etiam
1422 1780 1526 1852 27
1542 1779 1776 1834 Joannes

1878 592 2025 646 ribus
2048 592 2292 648 confictis
2311 585 2601 646 nonnullos
2625 591 2918 646 credidisse
2936 591 3280 646 Dracontium
3307 592 3466 646 fuisse

1877 693 2034 753 gente
2100 683 2412 752 Hispanum.
2483 683 2767 737 Famosum
2824 682 3084 751 imprimis
3141 692 3222 737 est
3277 683 3463 737 Dextri

1877 774 2198 830 Chronicon.
2235 775 2290 829 ln
2320 775 2460 830 notis
2490 774 2555 828 ad
2589 773 3011 830 recentissimam
3039 773 3327 829 editionem
3358 773 3467 827 Ma-

1879 867 2166 920 tritensem
2198 865 2546 920 Bibliotheca:
2575 865 2773 921 veteris
2805 865 3052 935 lliSpanze
3091 864 3207 919 Nic.
3246 863 3464 920 Antonii

1878 958 1973 1013 lib.
2001 974 2080 1023 ιιι,
2111 974 2231 1027 cap.
2258 961 2310 1023 5,
2338 957 2682 1013 doctissimus
2705 958 2878 1011 editor
2906 956 3203 1011 mirandum
3235 957 3310 1011 ait
3336 955 3470 1010 nihil

1878 1051 1946 1105 de
1978 1052 2265 1106 Dracontio
2313 1050 2450 1118 apud
2495 1049 2982 1118 pseudo-Dextrum
3024 1049 3126 1118 legi
3158 1063 3263 1102 non
3294 1049 3466 1104 solum

1877 1143 1930 1198 in
1959 1144 2210 1198 Cbronici
2237 1143 2554 1213 fragmento,
2585 1145 2724 1212 quod
2761 1151 2882 1206 post
2911 1142 3046 1196 Bibl.
3077 1149 3184 1197 vet.
3216 1141 3329 1197 [\‘ic.
3361 1141 3471 1196 An-

1879 1235 2056 1288 tonius
2085 1234 2322 1300 prontlit,
2350 1233 2441 1287 sed
2468 1247 2642 1303 neque
2674 1233 2723 1285 in
2762 1231 2986 1297 pleniori
3017 1233 3264 1301 exemplo
3289 1231 3470 1302 Regia:

1877 1325 2237 1382 bibliothecae.
2283 1326 2354 1379 At
2402 1325 2621 1379 minime
2660 1325 2876 1379 dubium
2919 1332 3002 1378 est
3035 1325 3162 1392 quin
3193 1325 3243 1378 in
3283 1325 3469 1380 Dextri

1877 1417 2146 1473 Chronico
2166 1433 2288 1473 cum
2311 1419 2719 1484 Commentariis
2745 1416 2938 1471 Bivarii
2962 1417 3100 1486 typis
3125 1416 3267 1471 edito
3289 1417 3470 1485 aliqua

1880 1511 2080 1564 mentio
2110 1509 2379 1564 Dracontii
2407 1518 2651 1563 occurrat
2689 1526 2701 1561 :
2740 1523 2806 1563 ex
2840 1523 2940 1574 qua
2967 1517 3143 1561 tamen
3177 1507 3471 1575 Hispanum

1881 1601 2044 1656 fuisse
2073 1601 2413 1655 Dracontium
2448 1614 2781 1669 nequaquam
2809 1598 3092 1668 colligitur,
3118 1597 3225 1652 imo
3254 1605 3471 1652 contra-

1879 1693 2014 1747 rium
2061 1693 2278 1761 collegit
2323 1701 2714 1745 commentator
2761 1690 3022 1744 Bivarius.
3067 1691 3198 1743 Cum
3231 1689 3372 1744 enim
3403 1689 3470 1743 ad

1880 1798 2078 1838 annum
2133 1783 2239 1838 58").
2289 1790 2536 1837 narretur
2582 1782 2632 1835 in
2677 1779 2986 1849 Chronico,
3035 1779 3378 1834 Dracontium
3420 1789 3473 1835 et

209 1871 433 1927 Crialius
461 1873 513 1926 in
541 1872 777 1927 editione
807 1872 1103 1927 Matritensi
1128 1873 1184 1927 S.
1213 1871 1400 1926 lsidori
1431 1872 1572 1928 4599
1595 1873 1661 1927 ad
1687 1873 1779 1928 lib.
1819 1876 1860 1935 Β
1892 1873 2186 1943 Adelphum
2227 1873 2508 1943 episcopos
2537 1872 2590 1925 in
2621 1871 2876 1940 llispania
2905 1871 3200 1937 exsulasse,
3235 1869 3474 1923 Bivarius

209 1980 276 2018 xit
301 1966 476 2035 Etym.
498 1980 620 2034 cap.
641 1965 696 2030 2,
723 1965 814 2019 ubi
839 1965 1042 2020 diserte
1068 1965 1145 2018 ait
1169 1980 1184 2017 :
1215 1963 1524 2019 Dracontius
1547 1981 1675 2035 opus
1695 1981 1784 2018 sea:

207 2054 405 2110 Dierum
426 2057 648 2110 carmine
669 2056 973 2126 composuit,
989 2055 1337 2129 Atltanagildo
1361 2069 1624 2126 regnante,
1648 2058 1785 2127 quod

206 2164 373 2216 poema
399 2147 655 2219 Eugenius
677 2147 772 2201 III
809 2147 972 2203 Tolet.
1018 2149 1232 2202 antistes
1265 2149 1355 2203 sub
1383 2148 1786 2203 Chindasuintho

206 2250 246 2294 tt
269 2240 657 2306 Receesuiatlto,
691 2250 739 2294 et
766 2240 1078 2307 emendavit,
1117 2250 1166 2295 et
1191 2240 1393 2308 septimi
1425 2241 1528 2294 diei
1557 2241 1781 2294 versibus

208 2335 363 2388 auxit.
395 2332 548 2401 Quod
579 2347 709 2387 vero
743 2331 810 2386 ad
855 2341 1067 2400 tempus
1096 2331 1286 2386 attinet
1320 2346 1427 2400 quo
1462 2331 1786 2385 Dracontius

206 2424 350 2487 vixit,
368 2421 588 2493 insignis
613 2429 698 2476 est
719 2436 872 2476 error
900 2421 1122 2477 Gerardi
1144 2421 1367 2477 Joannis
1396 2421 1570 2476 νοθεῐί
1597 2436 1720 2490 cap.
1751 2422 1785 2477 9

207 2516 321 2571 libri
356 2515 424 2571 de
452 2514 603 2569 Poet.
643 2513 785 2578 Lat.,
819 2513 906 2568 ubi
949 2514 1091 2569 inter
1127 2522 1312 2584 poetas
1350 2513 1572 2569 incerta:
1615 2512 1786 2567 aetatis

208 2605 546 2661 Dracontium
593 2613 876 2674 recenset,
912 2613 968 2660 et
998 2613 1122 2675 post
1147 2605 1397 2660 Carolum
1436 2604 1682 2675 Magnum
1717 2605 1784 2659 ad

204 2711 394 2752 annum
420 2694 525 2753 800
548 2694 787 2766 relegat:
819 2695 908 2764 qui
939 2710 1042 2750 non
1069 2695 1240 2750 solum
1272 2696 1526 2766 operibus
1556 2695 1788 2751 Dracon-

205 2789 279 2853 tii,
303 2803 492 2843 verum
520 2786 680 2842 etiam
708 2784 897 2840 lsidori
926 2785 1286 2856 lldefonsique
1315 2787 1638 2842 testimoniis
1668 2787 1783 2842 evi-

205 2880 390 2936 denter
411 2879 693 2934 refellitur.
711 2877 943 2933 Funcius
961 2878 1030 2933 de
1045 2878 1230 2947 V'eget.
1257 2879 1373 2933 Lat.
1396 2881 1522 2948 ling.
1546 2881 1784 2946 Senect.,

207 2985 320 3042 cap.
345 2971 401 3036 5,
436 2969 464 3041 ᾗ
498 2971 587 3037 97,
623 2971 816 3024 merito
847 2969 1022 3038 rejicit
1061 2970 1334 3025 Matthiam
1366 2971 1588 3037 Kaenig,
1617 2973 1705 3041 qui
1737 2974 1787 3026 in

210 3064 342 3120 Bibl.
366 3072 475 3118 vet.
500 3072 554 3116 et
580 3075 707 3116 nov.
731 3061 1071 3116 Dracontium
1099 3062 1198 3117 sub
1218 3062 1518 3117 Justiuiano
1543 3063 1790 3118 ﬂoruisse

209 3157 316 3221 ait;
372 3157 464 3212 sed
499 3155 650 3209 nullo
679 3156 792 3223 ipse
831 3153 1170 3210 l‘undamento
1209 3166 1414 3210 certum
1453 3170 1652 3222 annum
1683 3156 1791 3210 450

1889 1963 2031 2019 hunc
2048 1965 2278 2018 atlirmat
2300 1978 2420 2018 esse
2445 1962 2785 2017 Dracontium
2816 1971 3048 2031 poetam,
3074 1975 3174 2016 nec
3202 1960 3472 2015 diversum

1888 2059 2118 2116 credita
2149 2056 2439 2114 Draeuntio
2486 2056 2573 2110 vel
2621 2055 2907 2110 Dracontio
2933 2096 2948 2121 ,
2996 2053 3062 2108 ad
3105 2067 3262 2124 quem
3303 2061 3475 2108 exstat

1888 2155 2113 2225 epistola
2159 2151 2459 2207 Athanasii.
2510 2150 2617 2206 Nec
2664 2149 2834 2204 fuerat
2874 2164 3034 2204 nemo
3079 2149 3163 2202 cui
3202 2148 3315 2201 haec
3359 2147 3474 2214 ipsa

1887 2248 2070 2316 Opinio
2120 2255 2274 2300 antea
2320 2244 2376 2298 in
2425 2254 2660 2298 mentem
2705 2242 2979 2307 venisset,
3012 2248 3070 2295 ut
3097 2255 3162 2295 ex
3194 2237 3277 2294 his
3301 2238 3477 2292 verbis

1890 2337 2130 2393 Goldasti
2161 2339 2213 2392 in
2241 2335 2464 2406 epistola
2493 2333 2558 2388 ad
2590 2334 2873 2389 Weitzium
2905 2332 3167 2402 intelliges
3195 2347 3210 2386 :
3244 2331 3324 2384 Ad
3347 2331 3479 2384 hunc

1892 2431 2249 2495 Dracontium,
2262 2445 2377 2500 qua:
2389 2445 2450 2482 ea:
2461 2427 2685 2481 Baronio
2702 2437 2937 2496 suggesta
2959 2435 3075 2480 sunt
3092 2424 3220 2477 nihil
3239 2413 3478 2476 attinent.

1890 2521 1991 2576 Ille
2019 2523 2150 2574 enim
2187 2519 2492 2582 Orientalis,
2529 2517 2611 2570 hic
2653 2515 3031 2579 Occidentalis;
3072 2513 3162 2568 ille
3197 2513 3478 2575 Asiaticus,

1890 2617 1971 2670 hic
2002 2614 2304 2682 Europeus;
2346 2611 2434 2665 ille
2467 2609 2696 2678 Crassus,
2730 2609 2813 2663 hic
2849 2607 3106 2676 Hispanus
3125 2623 3145 2673 ;
3175 2606 3260 2659 ille
3289 2605 3480 2674 episeo-

1890 2726 1985 2779 pus
2007 2751 2020 2773 ,
2051 2708 2132 2760 hic
2160 2704 2450 2778 palatinas;
2489 2702 2578 2756 ille
2603 2699 2932 2756 Constantino
2966 2697 3176 2768 Magno,
3201 2695 3282 2749 hic
3312 2696 3480 2750 Justi-

1890 2802 2044 2854 niaiio
2085 2797 2279 2867 Magno
2313 2794 2740 2862 imperatoribus;
2785 2792 2873 2845 ille
2905 2808 2936 2844 a
2973 2789 3172 2843 Christo
3206 2799 3326 2841 noto
3354 2789 3482 2849 550.

1891 2892 1974 2945 hic
2005 2890 2107 2945 540
2137 2890 2356 2959 viguere.
2388 2886 2548 2940 Errat
2574 2899 2694 2939 cum
2729 2884 2916 2937 Vasmo
2947 2885 2996 2935 in
3028 2890 3185 2935 artato
3211 2878 3481 2934 Draconti

1892 2981 2208 3042 Goldastns;
2234 2977 2326 3031 si-d
2351 2979 2529 3031 mirari
2549 2975 2693 3029 subit
2718 2972 2857 3027 unde
2879 2971 3170 3040 sumpserit
3193 2970 3481 3038 palatinum

1894 3071 2058 3124 fuisse
2099 3067 2443 3123 Dracontium
2473 3109 2487 3133 ,
2537 3079 2656 3118 nam
2706 3063 2945 3132 plerique
2992 3061 3078 3114 alii
3111 3058 3484 3130 presbyterum

1895 3173 2104 3218 vocant.
2151 3161 2390 3216 Goldisti
2436 3159 2697 3216 veriorem
2725 3172 2846 3212 esse
2868 3155 3189 3212 sententiam
3220 3169 3285 3209 ex
3317 3168 3485 3208 mem-

213 3248 469 3318 designat,
499 3262 604 3316 quo
627 3248 943 3300 Dracontius
981 3246 1141 3300 rebus
1179 3247 1424 3302 humanis
1456 3247 1790 3300 valedixerit.
1819 3243 1866 3305 C
1900 3257 2078 3311 Manis
2108 3255 2400 3320 Vaticanis,
2435 3267 2582 3307 num.
2617 3250 2722 3305 129.
2743 3295 2756 3317 ,
2788 3247 3186 3304 demonstrabo.
3219 3247 3296 3300 Ex
3323 3247 3485 3301 Baro-

273 3339 364 3393 3l.
399 3339 665 3393 Dracontii
709 3339 878 3408 patria
927 3353 1033 3392 non
1066 3349 1264 3392 tantum
1297 3337 1360 3392 G.
1394 3337 1660 3402 Fabricio,
1694 3352 1789 3391 ve-

207 3445 324 3484 rum
353 3430 510 3485 etiam
539 3430 650 3485 Nic.
686 3431 920 3485 Antonio
947 3431 1146 3484 incerta
1174 3438 1308 3494 erat,
1333 3431 1419 3498 qui
1445 3440 1575 3482 tom.
1606 3429 1620 3480 l
1650 3428 1786 3482 Bibl.

208 3531 319 3576 vel.
341 3562 355 3585 ,
381 3521 470 3575 lib.
503 3537 568 3588 v,
604 3537 723 3591 eap.
753 3522 817 3586 5,
850 3522 920 3575 ita
951 3522 1255 3590 pronuntiat
1292 3538 1304 3572 :
1350 3519 1688 3572 Dracontium
1719 3529 1791 3572 te-

206 3627 344 3665 mere
361 3615 500 3666 aiunt
518 3621 662 3685 gente
685 3611 978 3682 Hispanum
1001 3608 1236 3664 nonnulli
1252 3609 1542 3662 auctoribus
1563 3608 1793 3676 con/ictis

206 3704 479 3765 credentes.
517 3712 690 3772 Atque
721 3703 809 3756 ille
840 3702 1056 3771 quidem
1090 3701 1279 3770 partim
1309 3699 1524 3753 silentio
1552 3706 1792 3752 veterum

209 3807 474 3865 permotus
504 3799 572 3850 ita
597 3796 901 3866 judicabat,
937 3796 1127 3865 partim
1157 3795 1280 3849 odio
1307 3793 1541 3863 quodam
1569 3807 1668 3845 suo
1698 3792 1796 3846 ad-

207 3903 393 3942 versus
420 3899 663 3943 auctores
707 3887 960 3940 falsorum
992 3885 1367 3940 chronicorum
1408 3884 1659 3938 incensus
1685 3926 1698 3950 ,
1730 3897 1796 3936 ex

207 3997 322 4053 quo
343 3982 562 4038 fortasse
595 3984 647 4036 in
689 3983 1024 4035 contrariam
1065 3989 1269 4049 partem
1309 3991 1688 4046 nonnunquam
1721 3976 1802 4030 ni-

207 4075 375 4128 mium
410 4089 469 4130 se
507 4074 679 4145 abripi
718 4088 910 4145 passus
946 4082 1050 4128 est.
1093 4072 1334 4126 Vidimus
1366 4072 1508 4127 enim
1535 4071 1658 4140 quid
1694 4071 1798 4124 Va-

207 4176 374 4231 sarus,
406 4163 492 4232 qui
517 4179 659 4217 anno
687 4164 902 4218 circiter
935 4161 1073 4218 1569.
1097 4161 1348 4227 decessit,
1381 4171 1435 4217 et
1463 4177 1620 4232 quem
1649 4163 1800 4216 multi

205 4254 377 4306 secuti
418 4262 565 4321 sunt,
605 4253 764 4322 longe
805 4261 932 4307 ante
978 4251 1233 4306 chronica
1275 4251 1504 4306 conficta
1550 4252 1800 4318 senserit,

207 4359 434 4412 quorum
460 4346 698 4402 inventio
725 4346 790 4400 ad
813 4361 1011 4400 annum
1047 4345 1183 4401 159’s
1210 4347 1460 4414 refertur,
1495 4347 1663 4417 prima
1692 4345 1805 4400 edi-

212 4439 292 4492 tio
321 4453 452 4494 anno
482 4440 620 4495 1619
653 4449 863 4508 peracta
905 4449 1007 4494 est.
1055 4440 1250 4494 Eadem
1283 4441 1465 4510 Opinio
1494 4444 1651 4495 etiam
1684 4449 1805 4509 post

211 4531 406 4586 editam
452 4533 830 4587 Bibliothecam
873 4532 988 4586 Nic.
1031 4531 1251 4586 Antonii
1287 4533 1458 4588 Valuit
1506 4532 1618 4588 fere
1663 4531 1801 4600 apud

1896 3349 1986 3402 nio
2015 3362 2143 3402 vero
2172 3347 2286 3401 lucc
2305 3387 2319 3411 ,
2351 3344 2564 3414 opinor,
2600 3341 2828 3396 Weitzio
2857 3349 3102 3411 suggesta
3129 3348 3279 3394 erant
3298 3380 3314 3405 ,
3345 3337 3488 3407 quod

1896 3444 1961 3499 ad
1989 3457 2184 3496 annum
2216 3440 2340 3505 528,
2372 3455 2521 3493 num.
2551 3437 2642 3501 25,
2672 3434 2977 3490 memiiierit
3009 3432 3275 3487 Dracontii
3305 3445 3488 3485 mona-

1897 3537 1981 3591 chi
2003 3575 2018 3601 ,
2058 3548 2218 3604 quem
2255 3531 2580 3586 Athanasius
2609 3543 2706 3597 per
2737 3528 3014 3597 epistolam
3054 3527 3296 3580 hortatus
3325 3532 3491 3577 estut

1899 3629 2263 3700 episcopatum
2288 3641 2393 3680 non
2425 3633 2719 3688 recusaret,
2747 3634 2798 3678 et
2827 3638 3013 3677 rursus
3041 3622 3106 3674 ad
3138 3635 3334 3674 annum
3362 3622 3491 3682 556.

1902 3736 2050 3776 num.
2082 3720 2175 3785 47,
2204 3720 2294 3782 48,
2328 3716 2420 3782 59.,
2462 3714 2804 3770 Dracontium
2836 3714 3143 3783 episcopum
3174 3714 3224 3766 in
3260 3711 3493 3780 Egypto

1901 3813 2140 3868 exsulem
2169 3827 2237 3865 ex
2277 3811 2332 3863 S.
2367 3807 2660 3864 Athanasio
2689 3806 2756 3860 de
2786 3804 2926 3874 Fuga
2956 3818 3051 3857 sua
3079 3811 3134 3857 et
3157 3803 3221 3856 ad
3247 3802 3489 3861 Solitar..

1903 3916 1953 3959 et
1980 3919 2048 3958 ex
2093 3902 2212 3957 Vita
2254 3900 2314 3956 S.
2339 3899 2626 3955 Hilarionis
2668 3914 2697 3954 a
2739 3898 2795 3954 S.
2825 3896 3150 3967 llierooymo
3190 3894 3491 3964 conscripta

1903 3987 2422 4056 commemoraveri't,
2445 4007 2601 4057 quem
2620 3980 2793 4044 unum
2817 3987 3174 4056 eamdemque
3199 3999 3317 4039 esse
3347 3994 3494 4052 putat

1905 4106 1969 4146 ac
1989 4087 2334 4144 Dracontium
2365 4085 2705 4149 monaelmm,
2727 4083 2793 4138 ad
2825 4097 2982 4151 quem
3012 4079 3329 4135 Athanasius
3359 4078 3495 4132 litteo

1907 4198 1992 4238 ras
2019 4183 2128 4253 29
2157 4180 2322 4236 dedit.
2354 4178 2428 4234 De
2453 4176 2684 4232 diversis
2710 4175 3010 4229 Dracontiis
3035 4183 3189 4227 antea
3214 4186 3361 4226 num.
3387 4172 3418 4226 5
3442 4180 3496 4226 et

1907 4275 1938 4329 6
1964 4289 1990 4326 a
2016 4273 2167 4328 nobis
2192 4271 2514 4339 disputatum
2537 4265 2771 4322 est.Non
2795 4264 3084 4318 omittenda
3108 4271 3234 4317 sunt
3254 4260 3498 4317 Goldasti

1910 4366 2067 4421 verba
2101 4364 2293 4434 quibus
2313 4341 2697 4419 Dracontium,
2723 4356 2950 4411 aliorum
2983 4353 3326 4424 opinionibus
3354 4351 3498 4420 reje-

1906 4457 2046 4520 ctis,
2095 4453 2360 4521 Hispanim
2404 4446 2731 4516 adiudicavit
2781 4467 2794 4502 :
2843 4446 2906 4500 In
2950 4455 3205 4512 comperto
3241 4454 3317 4498 est
3351 4444 3500 4516 gente

1910 4548 2066 4612 fuisse
2093 4546 2379 4598 litterarunt
2403 4541 2635 4605 alumna,
2669 4537 2954 4590 studiorum
2983 4537 3200 4604 nutrice,
3231 4533 3500 4588 Musarum

210 4640 400 4681 OUW’S
420 4667 434 4691 9
463 4628 707 4698 quamvis
754 4642 912 4682 nemo
947 4627 1058 4696 jam
1103 4629 1484 4684 commentitiis
1532 4626 1800 4683 cbrunieis
1832 4629 1883 4688 D
1908 4637 2108 4700 colona,
2133 4645 2178 4688 et
2209 4633 2369 4702 ipsius
2392 4629 2642 4685 Parnassi
2662 4639 2813 4695 atque
2841 4625 3107 4681 Heliconis
3133 4625 3352 4691 remulo,
3377 4641 3501 4696 gen-

217 4715 372 4772 lidem
415 4730 672 4788 praestet;
714 4720 827 4774 sive
853 4719 1115 4773 rationem
1158 4718 1336 4774 Vasmi
1365 4719 1489 4775 inde
1521 4722 1795 4787 roborent,

213 4809 356 4875 quod
379 4810 436 4866 S.
456 4810 893 4882 Eugeniusjussu
918 4811 1057 4882 regis
1081 4812 1132 4866 in
1160 4811 1430 4867 Dracontii
1460 4814 1796 4870 emendatio-

218 4914 340 4954 nem
375 4903 706 4967 ineubuerit,
742 4903 883 4974 quod
918 4903 1061 4958 hunc
1091 4912 1361 4958 auctorem
1395 4901 1687 4973 Hispanum
1720 4905 1800 4959 in-

215 4993 395 5052 dicare
420 5009 625 5067 potest,
653 5000 766 5054 sive
786 5041 802 5065 ,
835 5010 892 5054 ut
921 5015 1020 5069 ego
1049 4997 1218 5067 magis
1245 4995 1496 5064 arbitror,
1527 5013 1590 5052 ex
1621 4999 1799 5068 aliqua

214 5087 496 5146 traditione
533 5100 627 5145 aut
654 5106 755 5146 ms.
786 5091 972 5146 codice
997 5100 1172 5145 ortum
1197 5090 1312 5144 haec
1340 5090 1601 5144 sententia
1632 5091 1799 5146 duxe-

213 5177 314 5244 rit,
337 5197 450 5250 qum
469 5183 668 5239 deinde
692 5184 758 5237 ad
784 5183 1016 5252 reliquos
1038 5181 1448 5252 permanaverit.
1474 5181 1801 5248 Gallandius.

214 5271 312 5336 qui
353 5288 418 5329 ex
455 5276 690 5330 editione
737 5276 1109 5332 Sirmondiana
1161 5274 1501 5329 Dracontium
1552 5283 1684 5330 tom.
1735 5277 1807 5331 ιχ

213 5373 333 5417 sua:
351 5365 597 5423 Biblioth.
624 5369 873 5428 inseruit.
897 5367 1034 5422 hanc
1051 5367 1314 5420 rationem
1336 5366 1628 5436 probabilis
1650 5366 1809 5437 hujus

155 5525 157 5528 ⁴
215 5459 501 5514 sentcntiae
531 5451 807 5530 adjungit,
838 5458 981 5530 quod
1021 5457 1303 5512 illustrium
1335 5458 1557 5512 virorum
1607 5459 1693 5527 qui
1728 5475 1809 5513 res

213 5559 391 5602 sacras
418 5553 638 5607 carmine
665 5553 983 5618 cecinerunt,
1014 5550 1260 5616 Iuvenci,
1301 5549 1595 5616 Prudentii,
1639 5549 1812 5604 Mero-

216 5634 439 5707 baudis,
490 5643 599 5715 28
654 5643 876 5696 aliorum
942 5643 1090 5714 ferax
1141 5637 1299 5695 'antca
1361 5643 1619 5696 exstiterat
1671 5644 1813 5697 natio

217 5723 482 5798 Hispana,
507 5747 557 5788 ut
580 5744 850 5806 propterea
869 5751 952 5790 eos
973 5735 1242 5789 wmulatus
1277 5751 1423 5788 suum
1461 5733 1808 5789 Hexaemeron

225 5826 459 5884 Panxerit
475 5843 668 5894 quoque
694 5827 1020 5883 Dracontius.

505 5920 772 5981 l‘tt'mOL.
825 5922 927 5980 LX

1907 4731 2118 4799 tilcsque
2146 4727 2377 4781 habuisse
2397 4741 2459 4779 ex
2479 4723 2656 4794 priscis
2679 4722 2782 4777 illis
2805 4722 3116 4776 ethnicorum
3141 4721 3298 4788 poetis
3322 4718 3498 4775 Sexti-

1908 4821 2036 4873 lium
2067 4817 2360 4882 Ileminam,
2394 4815 2661 4878 Senecam,
2705 4811 2995 4878 Lucanum,
3038 4812 3350 4865 Victorinum
3379 4809 3500 4864 Sta-

1909 4912 2118 4974 toriunt,
2142 4905 2494 4974 Colume'lum,
2526 4904 2718 4960 Silium
2741 4903 3005 4970 Italicum,
3037 4903 3338 4967 Decimium,
3364 4899 3501 4953 Lici-

1908 5003 2155 5065 iiianum,
2195 4999 2469 5054 Caninium
2518 4997 2710 5068 Rufum
2735 5038 2750 5064 ,
2798 4995 3094 5050 Martialem
3121 5037 3136 5060 ,
3170 4994 3498 5048 Hadrianum

1905 5094 2291 5162 imperatorem,
2337 5090 2548 5144 Festum
2603 5092 2871 5153 Avienum,
2913 5089 3173 5159 Aquilium
3213 5085 3499 5148 Severum;

1912 5195 1978 5251 et,
2010 5203 2073 5240 ex
2097 5185 2497 5238 Christianorum
2519 5201 2689 5255 grege,
2717 5183 3115 5244 Maronianum,
3144 5178 3492 5246 Tiberianam,

1911 5277 2228 5340 iuvencum,
2267 5276 2607 5331 Prudentium
2640 5288 2809 5340 tuum,
2845 5274 3150 5337 Damasum,
3188 5271 3498 5335 Leandrum,

1918 5367 2272 5438 Fulgentium,
2293 5365 2576 5434 Isidorum,
2597 5377 2642 5421 et
2660 5383 2800 5436 quem
2823 5379 2984 5431 nuper
3006 5361 3192 5414 nobilis
3212 5370 3259 5416 et
3282 5361 3500 5430 eleganti

1917 5461 2119 5531 ingenio
2142 5461 2434 5515 adolescens
2466 5459 2768 5513 Laurentius
2797 5453 3106 5509 llamiresius
3130 5453 3364 5522 princeps
3392 5451 3505 5502 vul-

1925 5554 2076 5626 gavit,
2113 5553 2400 5608 Orontium.

1998 5647 2085 5700 55.
2126 5645 2330 5698 Profert
2361 5644 2475 5698 Nic.
2507 5641 2768 5699 Antonius
2794 5639 2953 5695 verba
2985 5637 3335 5693 commentitii
3366 5637 3509 5692 Hau-

1923 5737 2061 5790 berti
2105 5736 2435 5804 liispalensis
2471 5750 2536 5787 cx
2573 5735 2826 5788 cbronico
2861 5733 2925 5788 ad
2961 5748 3157 5786 antunn
3201 5732 3325 5798 455,
3358 5747 3503 5785 num.

1923 5829 1991 5882 ‘21
2016 5869 2029 5893 ,
2069 5829 2288 5884 Sanctus
2324 5827 2399 5880 uir
2431 5826 2736 5881 Dracontius
2777 5829 2919 5883 Osca:
2955 5826 3318 5884 Crlli'berorttnt
3361 5824 3502 5887 obiit,

3122 5920 3202 5980 20
