4030 6170
595 333 692 389 (τις)

1987 325 2069 379 DB
2082 327 2115 378 .»\
2125 325 2430 383 CONTIUS.
3748 331 3828 389 6ἰο

593 448 678 500 ubi
708 454 812 498 erat
838 445 1115 516 presbyter.
1167 442 1270 499 Sed
1318 450 1670 511 praeterquam
1706 437 1845 508 quod
1878 436 2176 490 llauhertus
2208 437 2254 496 Λ
2280 437 2491 492 dosium
2535 435 2838 501 Juniorctn,
2875 435 3215 489 Dracontium
3247 451 3388 490 anno
3423 437 3527 493 “2
3553 446 3608 493 et
3633 439 3730 497 450
3753 443 3829 496 11η.

593 544 691 596 iste
733 540 929 594 sarculo
975 553 1080 590 xvu
1126 537 1370 591 elabente
1416 533 1677 589 confictos
1727 531 1824 585 fuit
1851 571 1865 595 ,
1907 530 2174 584 neminem

594 635 737 701 l-gcs
766 632 854 700 qui
887 627 1228 682 Dracontium
1266 627 1635 696 presbyterum
1667 623 1957 677 Oscensem
1993 619 2171 682 faciat,

591 742 652 780 es
688 725 749 778 iis
794 723 980 778 saltem
1023 722 1111 790 qui
1145 721 1283 776 inter
1324 721 1466 774 viros
1505 719 1720 774 criticos
1764 715 1946 784 aliquo
1974 714 2027 767 in
2059 712 2179 766 loco
2233 771 2255 792 .

591 817 904 870 habeantur.
936 813 1097 868 Multo
1125 828 1252 867 vero
1277 821 1400 865 ante
1431 812 1569 864 hunc
1599 809 1928 862 Hauhertuin
1960 805 2177 874 reperio

586 909 674 978 qui
721 907 1058 961 Dracontium
1100 912 1312 973 poetam
1353 903 1522 956 divum
1561 899 1855 953 vocaverit.
1896 896 1953 950 In
1993 895 2175 950 indice

587 1000 707 1054 |.hr.
739 1012 961 1066 expurg.
988 1011 1082 1065 per
1102 995 1359 1050 Joannem
1386 993 1453 1046 Μ.
1480 989 1980 1051 Brasichellensem,
2012 986 2172 1050 1607,

586 1106 708 1160 pag.
739 1092 828 1154 85,
849 1089 1065 1157 jubetur
1092 1087 1301 1140 titulum
1329 1085 1440 1138 divi
1473 1081 1738 1138 Dracnintii
1766 1082 1817 1134 in
1842 1078 2171 1134 Bibliotheca

585 1183 801 1236 Patrum
836 1195 929 1248 per
957 1177 1311 1247 Margarinum
1339 1175 1406 1230 de
1431 1175 1479 1228 la
1512 1174 1694 1241 Bigne,
1723 1170 1852 1226 edit.
1889 1170 2045 1234 1589,
2073 1169 2172 1224 de-

586 1275 706 1338 leri,
739 1273 813 1326 uti
839 1271 998 1326 etiam
1041 1284 1159 1338 pag.
1191 1266 1302 1321 256
1328 1267 1532 1318 titulum
1563 1263 1673 1317 divi
1709 1261 1948 1316 Bclisarii
1978 1268 2167 1330 poetae,

585 1364 693 1418 divi
732 1363 926 1417 Liberii
971 1373 1143 1431 poetae
1170 1399 1186 1424 ,
1229 1359 1290 1412 D.
1331 1354 1575 1411 Vettantii
1603 1396 1616 1418 ,
1665 1354 1727 1408 D.
1774 1353 2062 1416 Dracontii,
2106 1351 2166 1404 D.

586 1455 920 1525 Theodulplii
943 1494 957 1520 ,
987 1463 1040 1508 et
1071 1452 1193 1506 alibi
1238 1449 1343 1504 divi
1389 1447 1681 1503 Prudenlii.
1739 1445 1870 1500 Vide
1900 1461 2046 1498 num.
2079 1442 2168 1499 55.

587 1553 768 1622 ltigius
794 1591 807 1615 ,
845 1563 963 1617 cap.
1000 1547 1035 1601 5
1059 1545 1124 1599 de
1155 1543 1409 1598 Biblioth.
1437 1581 1452 1605 ,
1497 1541 1725 1594 allirinat
1752 1538 2022 1592 rarissima
2053 1551 2172 1589 esse

583 1641 908 1711 exemplaria
942 1639 1097 1706 hujus
1128 1636 1355 1698 Indicis,
1395 1649 1554 1704 quem
1597 1645 1770 1701 neque
1801 1631 1914 1699 ipse
1942 1629 2168 1691 viderat,

583 1737 704 1808 quia
727 1735 933 1789 scilicet
963 1735 1197 1786 Romana
1227 1729 1396 1785 editio
1424 1741 1710 1797 suppressa
1740 1725 1934 1788 [.lel‘al,
1959 1732 2012 1776 et
2035 1736 2167 1775 nova

582 1801 704 1902 qua:
731 1831 782 1885 iu
814 1828 995 1898 Belgio
1024 1843 1132 1896 par.
1153 1827 1309 1882 batur
1347 1824 1624 1878 sullocata.
1665 1819 1818 1888 Quod
1856 1819 1931 1872 ait
1967 1818 2034 1872 de
2067 1817 2173 1871 Bo-
2205 1801 2249 1860 Β

584 1939 757 1978 mana:
786 1921 1040 1977 editionis
1065 1917 1468 1989 suppressione,
1490 1915 1680 1969 falsum
1712 1921 1862 1982 puto,
1888 1910 1987 1964 nisi
2017 1909 2173 1963 intel-

584 2018 709 2086 ligat
732 2017 958 2071 alterum
981 2021 1183 2067 tomum
1205 2012 1294 2082 qui
1320 2009 1604 2080 parabatur
1628 2022 1732 2062 non
1758 2007 1921 2060 fuisse
1943 2003 2166 2060 editum.

581 2105 1131 2164 Animadvertendum
1161 2111 1246 2158 est
1275 2103 1327 2156 in
1359 2117 1424 2156 eo
1454 2099 1637 2156 lndice
1665 2100 1826 2155 etiam
1861 2097 1924 2152 iis
1953 2097 2043 2167 qui
2071 2110 2170 2166 pro

580 2206 778 2261 sanctis
808 2203 1091 2268 habentur,
1123 2214 1306 2255 vocem
1335 2198 1442 2253 divi
1473 2195 1728 2267 denegari
1755 2209 1819 2250 ex
1851 2208 2034 2248 eorum
2064 2191 2168 2246 sci-

580 2299 704 2353 licet
727 2296 992 2352 sententia
1011 2295 1102 2365 qui
1125 2293 1226 2348 hoc
1247 2290 1509 2346 vocabulo
1525 2289 1858 2344 divinitatem
1881 2286 2166 2357 signiﬁcari

579 2391 901 2461 opinantur;
945 2400 1118 2456 neque
1144 2386 1286 2441 enim
1317 2397 1504 2437 omnes
1533 2382 1605 2436 ita
1635 2390 1895 2447 censent,
1929 2389 2020 2432 aut
2051 2379 2167 2432 usui

577 2483 848 2536 centrario
896 2479 1105 2549 piorutn
1136 2486 1190 2532 et
1228 2475 1508 2530 doctorum
1540 2473 1816 2528 hominum
1861 2483 2166 2539 repugnan-

577 2576 703 2626 ilum
732 2572 839 2642 30
858 2569 1186 2625 existimant.
1214 2563 1484 2620 Dracontii
1506 2578 1633 2618 vero
1654 2561 1914 2618 memoria
1945 2565 1994 2614 in
2020 2559 2168 2615 nullo

578 2663 962 2735 martyrologio
991 2666 1166 2715 exstat
1197 2675 1210 2710 :
1245 2657 1352 2711 imo
1381 2655 1585 2709 nullum
1613 2653 1774 2708 alium
1803 2661 2047 2707 sanctum
2077 2650 2165 2718 qui

577 2757 680 2810 hoc
727 2755 943 2810 nomine
986 2749 1284 2821 appellatus
1335 2748 1534 2812 fuerit,
1583 2746 1635 2801 in
1685 2745 1868 2816 primis
1916 2757 2008 2799 sex
2039 2741 2165 2795 anni

577 2847 853 2903 mensibus
883 2844 1023 2915 apud
1059 2841 1436 2897 Bollandianos
1466 2840 1666 2897 inveni.

646 2937 737 2993 54.
766 2937 1032 2990 Caeterum
1057 2934 1174 2988 Nic.
1201 2933 1486 2996 Antonius,
1520 2930 1620 2986 etsi
1643 2929 1747 2984 loc.
1773 2928 1865 2984 cit.
1896 2926 2031 2982 Bibl.
2054 2935 2163 2981 vel.

575 3032 704 3085 dum
733 3030 800 3084 de
822 3029 881 3083 S.
913 3028 1151 3097 Eugenio
1184 3025 1425 3089 disserit,
1462 3022 1803 3076 Dracontium
1833 3034 1863 3074 a
1895 3019 2166 3074 nonnullis

575 3124 866 3193 Hispanum
896 3129 1100 3174 temere
1125 3117 1232 3172 dici
1260 3116 1603 3170 affirmaverit
1625 3155 1640 3178 ,
1671 3123 1849 3168 tamen
1880 3113 2052 3167 locum
2083 3112 2166 3166 in-

575 3227 658 3272 ter
691 3215 984 3283 scriptores
1023 3210 1287 3280 llispanos
1312 3207 1487 3264 eidrm
1516 3205 1664 3261 dedit
1697 3213 1830 3260 tom.
1863 3204 1920 3272 l,
1948 3205 2041 3259 lib.
2076 3219 2158 3270 ιιι,

572 3325 692 3379 cap.
714 3307 767 3371 5,
793 3305 881 3360 ubi
907 3306 1117 3359 cautius
1141 3299 1395 3370 loquitur.
1421 3298 1508 3353 Ait
1537 3297 1679 3352 enim
1702 3311 1762 3352 se
1787 3295 1995 3351 nescire
2019 3294 2158 3350 unde

573 3399 702 3456 moti
732 3399 944 3453 Mirazns
973 3395 1023 3450 in
1061 3392 1199 3448 notis
1228 3391 1294 3446 ad
1326 3388 1587 3446 lsidorum
1615 3428 1630 3454 ,
1664 3386 1908 3443 Labbeus
1936 3387 2154 3441 dissert.

569 3492 634 3546 ad
666 3491 916 3546 Bellarm.
948 3486 1016 3541 de
1046 3485 1243 3554 Script.
1275 3482 1502 3549 eccles.,
1553 3481 1781 3551 Bigneus
1819 3479 1869 3534 in
1900 3478 2152 3534 Biblioth.

570 3589 784 3640 Patrum
813 3626 827 3651 ,
871 3578 1216 3636 Dracontium
1256 3575 1548 3645 Hispanum
1595 3579 1781 3643 aperte
1823 3571 2152 3626 vocaverint.

568 3680 677 3748 Qua
703 3675 778 3730 illi
817 3674 1028 3730 ratione
1073 3668 1298 3740 permOti
1344 3665 1540 3722 fuerint
1567 3663 1737 3720 videri
1778 3672 1956 3733 potest
1992 3676 2153 3729 supra

567 3783 716 3824 num.
761 3765 849 3822 51.
895 3763 1125 3833 Bigneus
1165 3774 1292 3815 vero
1336 3773 1446 3813 non
1496 3756 1612 3824 ipse
1656 3755 1948 3824 HiSpanum
1997 3760 2154 3806 vocat

566 3857 905 3915 Dracontium
930 3895 945 3921 ,
989 3852 1085 3908 sed
1131 3851 1184 3906 in
1225 3850 1399 3920 aliqua
1433 3846 1713 3917 posteriori
1745 3844 1978 3900 editione
2010 3841 2149 3896 Bibl.

563 3953 814 4016 Patrum,
847 3956 903 4002 ut
931 3947 985 4000 in
1013 3943 1123 3999 edit
1145 3957 1248 3996 one
1279 3940 1618 4009 Lugdunensi
1653 3938 1786 3993 l677
1818 3933 2150 3991 conformata

563 4045 627 4099 ad
655 4057 772 4100 eam
800 4054 959 4111 quam
992 4037 1116 4092 fecit
1160 4035 1498 4099 Sirmondus,
1533 4035 1599 4088 ab
1633 4034 1839 4089 editore
1870 4030 2151 4101 presbyter

564 4136 829 4203 tlispanus
851 4142 1069 4186 vocatus
1091 4136 1175 4182 est
1198 4127 1534 4182 Dracentius.
1560 4124 1722 4179 Addit
1744 4124 1860 4179 Nic.
1885 4121 2150 4178 Antonius

563 4234 747 4280 notum
787 4223 887 4278 sibi
938 4236 1056 4277 esse
1081 4221 1148 4274 ad
1195 4230 1375 4288 partes
1424 4219 1541 4288 quis
1587 4216 1809 4272 traxerit
1853 4214 2145 4276 Bivarium,

565 4331 756 4387 nempe
797 4313 1287 4385 pseudo-Maximus
1331 4312 1398 4367 ad
1436 4326 1632 4366 annum
1661 4309 1798 4377 450,
1835 4309 2148 4362 Dracontius

562 4409 822 4481 presbyter
860 4408 1077 4462 moritur
1116 4406 1298 4471 Osric;
1331 4415 1385 4462 et
1424 4406 1489 4459 ad
1518 4421 1641 4459 ann.
1679 4403 1807 4468 412,
1839 4401 2147 4456 Dracontius

2283 528 2474 592 ruisse,
2495 544 2635 582 anno
2652 529 2754 581 453
2771 528 3089 593 decessisse,
3105 529 3455 596 scripserunt.
3478 530 3554 583 Ex
3576 531 3832 587 Sirmondo

2279 624 2438 675 etiam
2466 661 2480 684 ,
2512 620 2601 690 qui
2643 636 2783 673 anno
2819 621 2952 674 16ίῖ
2981 621 3271 675 editioni-tn
3310 622 3431 676 libri
3461 623 3756 678 Bellarmini
3782 631 3833 681 tle

2275 714 2474 780 Script.
2500 712 2695 767 eccles.
2722 711 2946 779 curavit,
2973 722 3150 766 ortum
3177 714 3354 779 duxit,
3385 726 3441 769 ut
3469 717 3681 784 opinor,
3705 731 3835 786 caput

2277 808 2394 876 ejus
2421 809 2540 862 libri
2570 809 2637 863 de
2660 808 2966 874 Dracontio,
2988 809 3129 875 quod
3155 811 3205 864 in
3240 811 3409 877 prima
3432 812 3671 868 editione
3691 813 3833 877 dce~t,

2277 911 2331 956 et
2362 903 2412 956 in
2441 918 2547 970 quo
2572 912 2700 956 tetas
2735 903 2998 957 Dracontii
3024 919 3166 957 anno
3198 903 3301 958 Mli
3327 904 3684 974 adjudicatur.
3911 973 3913 977 λ

2346 995 2449 1065 31
2481 995 2569 1050 5‘5.
2617 995 2690 1048 Ex
2723 995 2804 1048 his
2830 995 3083 1064 colligere
3114 996 3256 1062 licet,
3293 997 3346 1051 in
3377 997 3696 1066 assignanda
3732 998 3834 1052 Dra-

2275 1088 2436 1142 contii
2459 1086 2624 1154 patria
2655 1095 2708 1139 et
2737 1095 2894 1141 :ctate
2942 1102 3046 1141 non
3093 1089 3226 1142 alius
3252 1087 3520 1143 chronicis
3548 1089 3716 1154 falsis,
3761 1093 3834 1144 ενδ

2274 1192 2520 1233 auctores
2560 1177 2868 1248 hujusmodi
2905 1178 3284 1233 chronicorum
3332 1181 3674 1247 Opinionibus
3723 1181 3836 1233 alio-

2277 1287 2392 1324 rum
2421 1271 2508 1341 qui
2551 1281 2961 1339 praecesserant,
2989 1269 3302 1335 adhzesisse,
3339 1279 3393 1323 ut
3413 1279 3699 1340 prepterea
3718 1287 3836 1340 stcpe

2278 1362 2630 1424 variaverint;
2663 1376 2838 1430 neque
2874 1361 2971 1416 has
3010 1363 3294 1416 varietates
3325 1362 3635 1417 defenstires
3679 1363 3840 1418 conci-

2275 1454 2404 1507 liare
2439 1463 2703 1522 poterant,
2747 1452 2846 1507 nisi
2893 1453 3073 1522 plures
3120 1453 3430 1508 Dracontios
3481 1455 3837 1510 comminisce-

2274 1557 2480 1601 rentur.
2538 1547 2720 1616 Neque
2767 1548 2894 1602 mihi
2926 1547 3108 1603 videre
3140 1549 3398 1603 hactenus
3445 1548 3596 1602 licuit
3641 1548 3837 1617 quinam

2276 1639 2616 1692 Dracominm
2649 1639 3022 1709 presbyterum
3044 1639 3358 1704 Oscensem,
3391 1649 3483 1694 aut
3510 1640 3836 1709 Compluten-

2274 1744 2410 1796 sem,
2463 1740 2554 1785 aut
2602 1730 3161 1800 Ctesaraugustannm,
3214 1739 3306 1786 aut
3337 1731 3594 1787 vicarium
3639 1733 3834 1796 Africr,

2274 1822 2416 1890 quod
2461 1818 2675 1877 volebat
2723 1822 3220 1892 pseudo-Julianus,
3276 1824 3552 1879 nominent
3582 1865 3598 1888 ,
3655 1840 3773 1879 cum
3812 1841 3836 1877 a

2273 1916 2456 1970 multis
2486 1915 2769 1986 presbyter
2799 1915 3108 1980 Toletanus,
3139 1917 3282 1985 quo‘d
3313 1919 3362 1970 in
3395 1917 3542 1971 falsis
3590 1917 3838 1972 chronicis

2272 2025 2378 2064 non
2406 2008 2692 2079 reperitur,
2729 2017 2967 2064 vocetur.
2999 2009 3074 2064 Ita
3117 2009 3367 2063 nimirum
3403 2008 3744 2064 Dracontium
3763 2025 3838 2078 ap-

2272 2101 2476 2172 pellant
2518 2100 2710 2156 Joann.
2745 2099 3076 2156 Gottefridus
3110 2100 3352 2156 Olearius
3383 2101 3433 2155 in
3466 2101 3602 2156 Bibl.
3630 2103 3838 2164 eccles.,

2270 2201 2458 2246 auctor
2485 2191 2675 2246 indicis
2707 2208 2838 2247 mss.
2875 2191 3214 2247 bibliothecae
3241 2193 3401 2263 regias
3432 2192 3770 2262 Parisiensis,
3799 2207 3841 2247 et

2270 2289 2384 2343 alii.
2415 2288 2690 2354 Nonnulli,
2725 2304 2832 2343 non
2866 2302 3123 2358 expresso
3151 2287 3448 2358 presbyteri
3491 2290 3729 2353 nomine,
3753 2289 3841 2342 Το-

2271 2379 2505 2435 letanum
2558 2380 2830 2450 appellant
2859 2379 3224 2446 Dracontium,
3277 2391 3334 2433 ut
3360 2377 3617 2434 Weitzius
3661 2384 3710 2434 in
3739 2380 3840 2450 ejus

2271 2473 2532 2539 editione,
2557 2473 2781 2529 Rivinus
2811 2473 3011 2542 pariter
3041 2473 3092 2527 in
3132 2472 3252 2541 ejus
3291 2472 3548 2538 editione,
3584 2472 3842 2527 Fabricius

2268 2565 2326 2619 in
2350 2563 2489 2619 Bibl.
2524 2564 2640 2619 Lat.
2666 2568 2808 2620 med.
2837 2566 2956 2620 sevi.
2985 2563 3133 2622 Multi
3163 2565 3534 2634 presbyterum
3564 2565 3839 2634 Hispanum

2274 2656 2522 2712 eumdem
2558 2656 2900 2712 Dracontium
2927 2656 3369 2726 nominant,quin
3386 2656 3638 2726 oppidum
3659 2656 3841 2720 natale,

2269 2760 2362 2806 aut
2393 2752 2444 2805 in
2473 2766 2581 2822 quo
2605 2758 2967 2807 commoratus
2994 2749 3177 2817 fuerit,
3218 2751 3518 2821 designent,
3564 2759 3620 2804 ut
3663 2752 3840 2822 Syxtus

2269 2844 2532 2900 Senensis
2560 2846 2611 2899 in
2642 2844 2968 2900 Bibliotheca
2990 2854 3174 2899 sancta
3198 2843 3336 2899 edita
3366 2859 3506 2898 anno
3530 2844 3697 2906 l575;
3726 2844 3840 2898 Pos-

2271 2939 2491 2992 sevinus
2519 2939 2572 2992 in
2604 2938 2876 3006 Apparatu
2927 2951 3081 2992 sacro
3112 2946 3242 2991 tom.
3300 2937 3342 3003 Ι,
3371 2935 3488 3006 qui.
3511 2937 3690 2990 sazculi
3743 2951 3840 2991 xvn

2272 3031 2425 3084 initio
2449 3029 2756 3094 scribebat;
2810 3029 3023 3084 Mirzeus
3075 3029 3128 3083 in
3183 3035 3297 3082 not.
3351 3027 3417 3081 ad
3459 3026 3515 3082 S.
3553 3027 3838 3087 lsidorum;

2275 3123 2516 3179 Labbeus
2546 3123 2597 3177 in
2629 3121 2850 3177 dissert.
2898 3121 2963 3175 ad
3007 3121 3255 3174 Bellarm.
3289 3119 3358 3175 de
3389 3120 3524 3185 εει-ὴ
3548 3127 3587 3172 t.
3618 3118 3837 3178 eccles.;

2268 3214 2441 3270 editor
2467 3212 2719 3269 Bibliotb.
2755 3211 2968 3267 Patrum
2989 3211 3159 3282 Lugd.
3195 3210 3366 3274 1677;
3397 3208 3671 3280 Remigius
3706 3207 3837 3263 Ceil-

2263 3305 2451 3361 lict-ius
2480 3314 2610 3359 tom.
2644 3303 2736 3358 XV
2766 3303 2835 3358 de
2863 3303 3060 3373 Script.
3102 3301 3324 3365 eccles.,
3352 3316 3472 3370 cap.
3500 3301 3607 3364 2t);
3655 3299 3836 3354 Joann.

2263 3400 2511 3456 Nicolaus
2535 3399 2769 3454 Funcius
2797 3398 2865 3454 de
2890 3397 3073 3468 Veget.
3109 3395 3224 3451 Lat.
3253 3395 3383 3465 ling.
3412 3406 3616 3449 senect.
3649 3409 3758 3462 cap.
3783 3393 3834 3459 5,

2262 3510 2412 3549 num.
2446 3493 2549 3559 97;
2580 3502 2768 3547 auctor
2795 3490 3024 3560 catalogi
3053 3487 3396 3544 bibliotheca:
3425 3485 3792 3541 Casanatcnsis
3819 3501 3833 3548 ;

2258 3585 2464 3641 Natalis
2491 3583 2798 3640 Alexander
2841 3582 2976 3637 llist.
3029 3581 3175 3635 Eccl.
3208 3581 3405 3634 Saecula
3431 3593 3485 3633 v.
3523 3579 3710 3634 Verum
3737 3593 3836 3648 quo

2257 3679 2377 3734 loco
2407 3689 2564 3732 natus
2591 3688 2680 3732 aut
2709 3678 2870 3730 vitam
2889 3673 3059 3744 egerit
3087 3672 3428 3740 Dracontius,
3454 3684 3542 3726 aut
3566 3671 3699 3741 quod
3727 3686 3837 3724 mu-

2258 3784 2358 3824 nus
2387 3768 2600 3836 obierit,
2632 3768 2784 3823 nullo
2812 3767 2971 3822 modo
2999 3781 3065 3821 ex
3095 3763 3361 3820 veteribus
3391 3762 3624 3831 constat,
3666 3776 3724 3817 ac
3753 3777 3834 3816 so-

2255 3861 2363 3917 lum
2394 3861 2736 3930 probabiliter
2757 3875 2821 3914 ex
2844 3859 2951 3913 illis
2969 3856 3119 3926 argui
3143 3863 3318 3926 potest
3345 3855 3511 3910 fuisse
3535 3855 3835 3924 Hispanum,

2252 3965 2312 4012 ut
2340 3957 2451 4013 dixi
2483 3971 2630 4010 num.
2661 3955 2749 4008 51.

2325 4049 2414 4105 56.
2450 4048 2736 4115 Postquam
2764 4043 3083 4101 Sirmondus
3135 4042 3483 4097 Dracontium
3541 4040 3718 4103 edidit,
3765 4039 3836 4094 de

2252 4153 2411 4198 astate
2436 4155 2537 4209 qua
2571 4141 2615 4194 is
2643 4140 2779 4193 vixit
2807 4138 3006 4193 certius
3041 4137 3241 4207 aliquid
3271 4137 3548 4191 detinitum
3574 4135 3682 4189 fuit.
3705 4131 3834 4186 Post

2251 4249 2470 4288 carmen
2501 4233 2568 4287 de
2597 4229 2812 4301 opificio
2834 4245 2928 4285 sex
2957 4230 3163 4285 dierum
3188 4228 3367 4282 addita
3397 4238 3481 4282 est
3503 4243 3531 4280 a
3559 4222 3834 4282 Sirmondo

2253 4327 2434 4398 Elegia
2465 4325 2708 4397 ejusdem
2755 4324 3026 4379 Dracontii
3073 4323 3140 4378 ad
3172 4322 3537 4378 Theodosium
3569 4319 3830 4376 Juniorem

2250 4422 2591 4488 Augustum:
2648 4417 2718 4470 ita
2747 4415 2891 4470 enim
2946 4414 3277 4480 inscribitur,
3322 4423 3376 4468 et
3426 4414 3479 4466 in
3531 4415 3832 4480 argumento

565 4504 691 4556 alter
723 4509 872 4571 poeta
906 4501 1168 4571 Hispanus
1202 4500 1358 4553 mirus
1388 4497 1599 4552 habetur
1625 4512 1643 4550 :
1671 4495 1761 4566 qui
1790 4511 1855 4548 an
1887 4495 1992 4548 duo
2015 4496 2141 4558 sint,

2264 4524 2439 4564 rursus
2477 4510 2676 4564 mentio
2705 4505 2991 4562 Theodosii
3033 4505 3270 4560 Junioris
3321 4505 3545 4574 Augusti
3585 4496 3827 4556 occurrit.

563 4593 817 4650 hariolari
847 4609 949 4648 non
980 4594 1140 4649 audet
1182 4593 1440 4648 Bivarius.
1480 4592 1553 4646 De
1587 4590 1781 4646 Bivarii
1812 4589 2062 4658 opinione
2091 4589 2144 4642 in

565 4694 852 4740 comment.
883 4685 949 4740 ad
991 4685 1482 4755 pseudo-Dextrum
1515 4685 1625 4740 dixi
1673 4699 1821 4738 num.
1854 4681 1942 4736 52.
1996 4682 2144 4737 Nunc

562 4780 729 4844 addo,
763 4778 818 4832 in
852 4777 1292 4847 pseudovblaximi
1323 4777 1612 4846 Chronico,
1643 4776 1784 4846 quod
1817 4775 1930 4830 Nic.
1970 4781 2138 4828 Anto-

559 4873 684 4927 nius
713 4871 765 4925 in
797 4871 901 4923 line
930 4869 1179 4923 llibliotli.
1211 4879 1319 4922 vet.
1353 4869 1580 4936 adjecit,
1608 4869 1769 4922 alium
1802 4865 2144 4920 Dracontium

560 4963 831 5021 recenseri
860 4962 926 5017 ad
963 4976 1161 5014 annum
1203 4960 1332 5024 600,
1371 4960 1672 5013 Dracontius
1711 4967 1859 5028 poeta
1902 4955 2147 5022 Complu-

563 5060 716 5112 tmis
741 5058 921 5126 ﬂoret;
953 5052 1100 5109 etad
1122 5067 1248 5105 anu.
1282 5053 1408 5115 6'05,
1445 5050 1751 5104 Dracontius
1778 5059 1923 5120 poeta
1948 5046 2145 5101 Ctesar-

564 5158 790 5220 augusta:
811 5147 1045 5201 moritur.
1069 5144 1167 5210 Qui
1187 5143 1288 5198 hoc
1303 5143 1594 5196 cltrouicon
1615 5143 1898 5205 confinxit,
1919 5140 2144 5193 fortasse

568 5256 674 5309 prae
695 5241 864 5294 oculis
885 5237 1203 5297 sententiam
1235 5233 1445 5288 illorum
1474 5234 1654 5288 habuit
1680 5250 1713 5303 q
1736 5235 1766 5287 ti
1799 5233 2139 5287 Dracontium

564 5330 920 5400 Atbauagildo
964 5339 1220 5398 regnante
1261 5324 1457 5378 vixisse
1497 5325 1856 5391 tradiderant;
1907 5340 2030 5378 nam
2071 5340 2138 5379 ex

568 5422 903 5492 Athanagildi
939 5432 1178 5492 tempore
1207 5417 1352 5474 illius
1381 5427 1508 5472 (ct-is
1539 5417 1602 5470 ad
1633 5431 1829 5470 annum
1857 5417 1961 5472 605
1989 5418 2143 5472 facile

574 5517 741 5583 potuit
766 5516 1058 5586 prorogari.
1101 5514 1179 5568 llli
1218 5527 1346 5567 vero
1381 5513 1469 5580 qui
1512 5511 1707 5566 deinde
1738 5511 1955 5566 Maximi
1989 5509 2147 5566 chro-

571 5609 728 5661 nieon
757 5623 820 5660 ex
853 5607 1065 5676 ingenio
1091 5614 1376 5668 auxerunt,
1411 5606 1484 5658 uti
1516 5605 1676 5659 etiam
1706 5612 1892 5659 auctor
1920 5604 2146 5674 pseudo-

576 5699 860 5760 llauberti,
897 5712 1016 5751 cum
1065 5699 1454 5753 intellexissent
1495 5699 1547 5752 in
1585 5697 1854 5752 Dracontii
1891 5700 2143 5767 Operibus

574 5795 732 5854 prout
751 5801 779 5839 a
800 5786 1080 5842 Sirmondo
1101 5789 1238 5844 edita
1260 5799 1401 5858 Sunt,
1420 5791 1605 5846 referri
1629 5791 1850 5861 elegiam
1879 5796 1942 5848 ad
1967 5794 2142 5850 Theo-

2248 4603 2337 4657 Sic
2382 4601 2524 4657 enim
2571 4610 2944 4670 argumentum
2994 4598 3180 4667 elegia:
3227 4598 3567 4663 explicatur:
3607 4595 3714 4648 Iloc
3754 4608 3831 4644 sb

2249 4693 2421 4763 quanti
2448 4691 2618 4746 libello
2633 4693 2858 4745 auctoris
2878 4691 3164 4760 satisfactio
3189 4691 3497 4760 continetur,
3521 4705 3620 4759 qua
3645 4687 3700 4740 ab
3723 4700 3829 4739 anz-

2206 4818 2210 4823 -
2249 4785 2508 4851 nipotente
2537 4782 2644 4837 Deo
2669 4783 2868 4837 veniam
2898 4783 3020 4854 petit
3046 4799 3107 4836 ne
3144 4782 3452 4852 pracedenti
3479 4781 3693 4835 carmine
3730 4775 3824 4829 alio

2249 4876 2374 4947 quid
2402 4877 2635 4929 incautus
2678 4881 2913 4929 errasset.
2954 4871 3090 4927 Dein
3146 4873 3433 4928 Theodosio
3479 4871 3680 4927 laniari
3719 4870 3823 4923 Att-

2251 4980 2398 5040 gusto
2459 4985 2660 5040 precem
2717 4966 2881 5037 defert
2937 4983 3031 5020 cur
3069 4967 3134 5021 de
3188 4966 3463 5036 triumphis
3494 4967 3634 5019 illius
3662 4962 3819 5017 eodem

2255 5079 2405 5131 opere
2431 5063 2688 5116 tacuisset.
2719 5060 2844 5114 Haec
2866 5059 3085 5114 totidem
3113 5058 3289 5114 verbis
3313 5062 3365 5113 in
3394 5057 3629 5112 editione
3657 5051 3818 5109 Matri-

2256 5153 2391 5209 tensi
2427 5154 2639 5207 Patrum
2681 5153 2786 5223 32
2813 5151 3193 5206 Toletanorum
3223 5150 3552 5214 referuntur,
3581 5158 3632 5202 et
3657 5146 3702 5200 iu
3732 5140 3811 5193 lib.

2255 5245 2561 5299 Bellarmini
2597 5244 2665 5299 de
2691 5245 2888 5312 Script.
2926 5242 3121 5298 eccles.
3173 5240 3499 5304 indicantur,
3525 5239 3637 5304 sed,
3665 5246 3712 5290 ut
3737 5247 3815 5288 aro

2253 5339 2443 5404 bitror,
2475 5347 2529 5392 et
2557 5337 2668 5391 dixi
2696 5353 2846 5392 num.
2881 5335 2974 5406 54,
3001 5352 3065 5392 ex
3097 5334 3282 5390 codice
3313 5349 3416 5388 ms.
3443 5331 3720 5390 Sirmondi.
3755 5323 3818 5378 Et

2252 5433 2462 5488 videtur
2488 5431 2702 5502 quidem
2750 5430 3031 5500 inscriptio
3076 5445 3143 5485 ex
3177 5427 3364 5484 codice
3392 5427 3512 5498 ipso
3539 5427 3814 5488 desumpta.

2248 5538 2372 5580 cum
2402 5527 2564 5578 verba
2593 5523 2960 5593 ant'quitatem
3001 5520 3308 5586 redoleant;
3339 5521 3435 5575 sed
3483 5519 3617 5573 scire
3640 5510 3815 5567 vellem

2249 5632 2316 5671 an
2345 5616 2532 5672 eadem
2561 5616 2729 5670 veteri
2780 5629 2942 5668 manu
2981 5629 3082 5682 qua
3112 5627 3304 5668 versus
3358 5611 3460 5681 ipsi
3490 5609 3601 5665 hac
3640 5597 3819 5660 inscri°

2251 5707 2362 5776 ptio
2382 5715 2598 5766 exarata
2629 5707 2718 5760 sit.
2759 5703 2889 5758 Nam
2912 5719 3030 5759 eam
3064 5701 3251 5758 falsam
3280 5717 3406 5760 esse
3435 5711 3489 5757 et
3517 5699 3686 5769 clegize
3707 5703 3815 5746 non

2251 5795 2536 5853 Convenire
2576 5810 2640 5851 ex
2684 5794 3009 5850 membranis
3040 5795 3271 5864 antiquis
3305 5790 3568 5850 Vaticanis
3613 5795 3661 5842 et
3702 5784 3811 5851 ipsa
