4030 6170
258 340 354 395 631

1625 335 1996 393 PROLEGOM
2007 337 2140 396 ENA
2156 377 2168 392 .

3432 357 3537 410 0:22

254 452 428 523 elegia
456 450 794 520 postmodum
843 449 1142 505 rstcndam.
1175 450 1377 504 Interea
1427 448 1554 502 illud
1584 450 1833 513 monebo,

1965 450 2054 503 tali
2083 461 2306 521 peccato,
2339 452 2402 506 de
2426 453 2692 509 Sententia
2733 454 2850 514 Dei.
2900 458 3165 514 Ενιετοιι
3219 459 3525 516 ὓκιεοιςτιι.

255 551 451 604 mirum
482 561 602 602 esse
626 546 768 616 quod
801 545 915 600 lucc
945 546 1242 613 inscriptio,
1275 543 1538 612 siquidem
1569 544 1842 600 incodice

254 642 548 713 Διπαιεηεί
595 647 793 704 exstat,
846 655 872 691 a
911 637 1114 693 Grialio
1166 653 1270 694 non
1322 638 1483 694 fuerit
1525 640 1842 694 observata:

255 748 381 788 nam
409 731 640 786 (irialius
661 731 714 785 in
739 739 852 784 not.
886 729 950 782 ad
984 730 1076 783 lib.
1110 743 1165 784 Vl
1196 729 1369 800 Etym.
1399 729 1455 784 S.
1488 728 1699 794 lsidori,
1722 743 1842 797 cap.

255 828 309 890 9,
344 815 481 880 diros
508 825 626 894 ejus
657 837 848 878 versus
876 821 1082 892 profert
1126 822 1178 876 in
1227 822 1413 878 codice
1441 822 1731 892 Azagrensi
1763 836 1848 876 re-

257 927 464 986 pertos,
495 926 550 971 et
577 916 630 969 in
660 923 773 968 not.
806 913 872 968 ad
905 914 997 968 lib.
1025 929 1118 978 xu,
1144 929 1262 981 cap.
1289 912 1345 976 2,
1374 913 1613 982 ejusdem
1646 913 1847 968 codicis

256 1009 523 1072 meminit,
553 1022 616 1062 ac
645 1007 806 1061 simul
835 1006 1068 1061 affirmat
1091 1006 1430 1060 Dracontium
1454 1020 1589 1075 opus
1619 1021 1711 1060 sex
1733 1005 1850 1060 die-

257 1117 380 1156 rum
433 1099 792 1170 Athanagildo
820 1110 1078 1168 regnante
1130 1099 1518 1168 composuisse.
1569 1099 1731 1168 Igitur
1757 1107 1849 1153 aut

256 1193 540 1262 inscriptio
572 1192 766 1260 Elegia:
797 1191 862 1245 ad
893 1190 1254 1245 Theodosium
1304 1198 1430 1245 tunc
1474 1189 1527 1244 itt
1571 1204 1637 1244 eo
1662 1189 1850 1245 codice

259 1299 371 1338 non
399 1292 533 1347 erat,
560 1292 651 1336 aut
675 1279 930 1346 Grialius,
957 1296 1077 1334 cutn
1107 1280 1223 1334 hinc
1250 1280 1484 1348 scripsit,
1516 1281 1752 1334 animum
1783 1280 1849 1337 ad

255 1389 384 1429 eam
436 1389 543 1427 non
597 1372 846 1426 advertit.
902 1371 1083 1440 Neque
1128 1385 1254 1424 vero
1302 1386 1498 1442 negare
1527 1381 1613 1426 est
1641 1371 1852 1428 animus

259 1465 611 1519 Dracontium
629 1462 935 1518 Theodosio
961 1462 1180 1517 Juuiore
1204 1463 1530 1532 imperatore
1560 1463 1848 1528 claruisse;

257 1559 362 1614 sed
392 1559 442 1612 id
471 1557 588 1612 aliis
633 1557 928 1612 rationibus
953 1557 1288 1626 probandum
1319 1569 1440 1612 esse
1469 1555 1759 1621 comendo,
1790 1569 1853 1611 ac

256 1650 482 1704 demum
517 1646 773 1715 probabo,
813 1656 1095 1715 postquam
1142 1645 1211 1700 de
1257 1645 1530 1702 codicibus
1561 1661 1692 1701 mss.
1726 1647 1854 1700 Dra-

260 1737 430 1794 contii
468 1747 520 1793 et
553 1737 621 1793 de
639 1736 965 1792 cditionibus
988 1737 1246 1790 hactenus
1276 1735 1427 1790 factis
1459 1738 1619 1792 verba
1649 1735 1850 1793 fecero.

888 1869 1113 1926 CAPUT
1163 1869 1257 1924 ν..

721 1982 932 2038 Codices
961 1999 1081 2036 mss.
1113 1981 1398 2039 Dracontii.

332 2100 427 2156 57.
461 2098 540 2152 De
592 2095 777 2152 codice
825 2095 1093 2149 Dracontii
1147 2109 1305 2163 quem
1333 2094 1533 2149 saeculo
1575 2111 1607 2148 x
1639 2095 1854 2151 circiter

259 2192 588 2248 bibliotheca
616 2187 924 2242 monasterii
976 2185 1257 2241 Bobiensia
1305 2187 1634 2251 asservabat,
1685 2187 1859 2257 deque

256 2288 372 2342 alio
401 2285 610 2349 codice,
633 2290 725 2335 aut
751 2282 976 2334 fortasse
1006 2277 1216 2343 eodem,
1240 2279 1331 2349 qui
1359 2279 1411 2332 in
1437 2278 1651 2333 laudato
1676 2294 1860 2334 mona-

255 2376 432 2431 srerio
457 2372 654 2427 sacculo
677 2386 743 2424 xv
770 2380 998 2425 exeunte
1033 2379 1278 2440 repertus
1319 2378 1423 2433 est,
1460 2368 1572 2424 dixi
1613 2384 1761 2424 num.
1787 2368 1857 2423 27

256 2478 315 2524 ct
353 2466 448 2523 28.
1127 2467 1136 2473 '

333 2559 428 2614 58.
463 2556 698 2627 Exposui
727 2555 885 2611 etiam
930 2571 1080 2610 num.
1106 2553 1176 2610 29
1202 2569 1310 2624 quo
1338 2554 1522 2610 codice
1544 2569 1671 2609 usus
1699 2554 1859 2610 fuerit

257 2651 522 2707 Morclius
552 2651 604 2704 in
642 2647 879 2704 editione
908 2649 1079 2718 prima
1106 2646 1396 2702 Parisiensi
1425 2646 1695 2702 Dracontii
1732 2663 1861 2703 con-

257 2744 517 2800 ficienda.
550 2740 977 2796 Montfauconius
1000 2739 1051 2793 itt
1094 2738 1232 2793 Bibl.
1263 2737 1513 2794 bibliotlt.
1547 2754 1703 2806 mss.,
1734 2754 1856 2809 pag.

258 2835 430 2902 1570,
464 2835 602 2889 inter
629 2833 798 2887 libros
820 2831 1161 2886 bibliothecae
1183 2829 1241 2886 S.
1263 2830 1490 2885 Victoris
1514 2830 1856 2901 Parisiensis,

260 2927 374 2982 col.
399 2926 458 2991 Ξ,
487 2926 566 2978 sic
606 2922 769 2978 refert
794 2937 810 2976 :
852 2920 1212 2984 Draconicius,
1241 2920 1305 2975 de
1328 2920 1491 2991 Opere
1516 2937 1606 2974 sea:
1635 2921 1853 2974 dierum.

262 3017 367 3071 Hic
394 3027 478 3070 est
510 3014 842 3078 Dracontius,
873 3022 927 3068 et
957 3011 1062 3076 hic,
1095 3011 1306 3082 opinor,
1340 3021 1426 3067 est
1451 3011 1620 3068 codex
1655 3026 1722 3067 ex
1750 3026 1856 3081 quo

263 3109 498 3181 primum
549 3106 743 3176 prodiit
774 3105 1109 3160 Dracontius.

334 3199 427 3256 39.
461 3199 606 3252 Idem
633 3195 1056 3251 Montfauconius
1105 3209 1223 3264 pag.
1275 3195 1378 3251 155
1407 3193 1613 3264 profert
1643 3197 1850 3250 catato»
1875 3179 1922 3243 C

262 3308 392 3364 gum
417 3301 688 3360 repertum
721 3290 770 3342 in
801 3303 928 3342 mss.
957 3288 1019 3341 D.
1059 3287 1261 3342 Claudii
1292 3287 1563 3358 Etiennot,
1597 3289 1711 3344 sive
1741 3290 1861 3345 Ste-

266 3384 533 3456 phanotii,
559 3399 664 3451 quo
681 3382 786 3454 33
814 3382 1022 3436 diversa
1051 3396 1210 3448 Opera
1243 3392 1589 3436 recensentur
1610 3392 1860 3452 tanquam

265 3480 322 3532 in
354 3475 684 3532 bibliotheca
717 3474 970 3529 Vaticana
999 3473 1308 3540 existentia,
1341 3483 1394 3530 et
1417 3475 1470 3529 in
1494 3474 1597 3530 hoc
1621 3477 1862 3546 catalogo

268 3579 601 3627 memoratur
641 3568 910 3622 Dracontii
959 3566 1334 3622 Hexaemeron.
1385 3568 1491 3624 Sed
1545 3570 1861 3638 quibusdam

268 3666 524 3735 cperibus
569 3663 784 3718 additur
826 3677 1082 3718 numerus
1121 3662 1220 3716 sub
1252 3677 1356 3729 quo
1403 3664 1688 3731 quazrenda
1716 3673 1862 3730 sunt,

269 3756 592 3828 quibusdam
627 3771 729 3808 non
759 3753 1005 3808 additur:
1048 3760 1102 3808 et
1132 3752 1359 3807 forta~se
1401 3755 1468 3806 ab
1515 3753 1866 3823 Stephanotio

271 3849 528 3903 adnotata
579 3847 630 3900 in
677 3861 776 3900 suo
804 3845 1052 3913 catalogo
1106 3853 1280 3909 erant,
1330 3853 1388 3898 ut
1437 3860 1498 3899 ea
1550 3845 1864 3915 inquireret.

229 3960 245 3974 ι
274 3939 566 3994 Dracontio
590 3939 642 3992 in
670 3953 736 3993 eo
756 3937 1001 4006 catalogo
1033 3936 1208 3990 nullus
1238 3946 1418 3991 certus
1443 3952 1701 3993 numerus
1728 3939 1866 3993 assi-

273 4039 505 4098 gnatur:
535 4043 708 4098 neque
733 4027 848 4097 ejus
871 4027 1239 4081 llexaemcrou
1272 4028 1325 4081 in
1354 4027 1670 4084 bibliotheca
1701 4031 1868 4086 veteri

278 4120 531 4174 Vaticana
564 4121 850 4174 invenitur.
884 4119 938 4173 ιιι
969 4119 1182 4174 schedis
1219 4135 1350 4175 mss.
1376 4120 1647 4178 Laurentii
1676 4124 1869 4179 Zacca-

275 4215 407 4284 gnii,
436 4213 771 4268 bibliotheca:
795 4212 1064 4267 Vaticana:
1092 4213 1218 4267 olim
1252 4215 1507 4283 praefecti,
1541 4217 1681 4272 inter
1706 4233 1868 4288 opera

277 4306 500 4370 inedita,
535 4320 655 4374 quae
677 4305 791 4374 ipse
819 4304 1035 4374 vulgare
1055 4306 1344 4373 cogitabat,
1376 4305 1645 4362 Dracontii
1673 4324 1869 4364 nomen

279 4399 525 4452 similiter
553 4408 748 4461 exstat,
777 4412 882 4451 non
924 4397 1158 4451 indicato
1181 4397 1382 4452 codicis
1426 4415 1672 4456 numero.
1717 4401 1868 4466 Quod

279 4491 446 4560 magis
478 4489 753 4559 magisque
783 4488 1066 4542 confirmat
1090 4488 1448 4556 suspicionem
1499 4505 1673 4544 meam
1704 4491 1870 4547 latere

280 4583 330 4635 in
359 4581 681 4634 bibliotheca
728 4580 978 4634 Vaticana
1027 4579 1256 4649 aiiquem
1309 4579 1548 4635 codicem
1597 4581 1867 4639 Dracontii

281 4675 363 4741 qui
410 4688 476 4726 ex
510 4671 836 4726 monasterio
869 4671 1116 4725 Bobicnsi
1149 4686 1177 4724 a
1204 4671 1408 4725 Thoma
1438 4671 1665 4727 Phtedro
1690 4674 1868 4742 lnglii-

283 4766 454 4818 ramlo
478 4764 639 4818 fuerit
665 4763 876 4830 allatus,
908 4777 1082 4833 neque
1120 4762 1364 4818 diversus
1388 4762 1459 4818 sit
1505 4765 1576 4819 ab
1616 4765 1706 4819 illo
1755 4768 1870 4835 ipso

282 4871 384 4922 quo
405 4857 464 4909 S.
490 4853 856 4908 Columbanus
887 4854 1158 4908 utebatur.
1192 4853 1246 4907 In
1289 4852 1468 4910 indice
1494 4855 1871 4914 Montfauconii

283 4945 365 5002 hic
394 4948 716 5002 Dracontius
745 4955 961 5000 voeatur
987 4947 1368 5000 Stratoniezeus
1392 4962 1406 5010 ;
1439 4962 1623 5001 verum
1654 4949 1752 5003 hoc
1782 4967 1872 5006 co-

283 5056 509 5110 gnomcn
535 5040 808 5110 proprium
826 5047 910 5092 est
938 5038 1218 5094 Dracontis
1239 5037 1597 5104 Stratonicmi,
1617 5040 1768 5109 cujus
1788 5057 1871 5097 εει

285 5135 446 5190 codex
476 5134 699 5190 Grecus
743 5131 817 5186 De
859 5133 1032 5186 metris
1077 5132 1282 5200 poeticis
1327 5131 1383 5185 in
1428 5131 1670 5186 biblioth.
1727 5135 1869 5203 regia

287 5227 574 5283 Parisiensi
623 5226 762 5296 apud
794 5228 1042 5281 eumdem
1076 5225 1555 5292 Montfauconium,
1589 5241 1710 5297 pag.
1738 5227 1862 5295 946,

287 5331 336 5373 et
363 5336 484 5375 cunt
516 5318 671 5373 titulo
697 5317 769 5370 De
798 5333 1041 5380 mensura
1071 5318 1351 5370 carminum
1380 5314 1555 5371 Gra’ce
1591 5320 1643 5370 in
1673 5333 1868 5388 papyro

288 5411 421 5465 inter
475 5411 644 5465 libros
697 5409 940 5480 prmsidis
966 5408 1032 5463 de
1075 5407 1257 5464 Mesne
1283 5450 1299 5476 ,
1334 5407 1461 5463 ibid.
1491 5448 1508 5475 ,
1555 5425 1673 5480 pag.
1706 5409 1864 5477 1526,

289 5506 388 5557 tul.
432 5507 486 5559 Ξ.

350 5599 438 5653 40.
471 5599 526 5651 lu
550 5595 868 5652 bibliotheca
897 5594 1220 5650 cathedralis
1247 5593 1616 5649 Laudunensis
1640 5609 1669 5647 a
1693 5593 1864 5649 Mont-

291 5689 550 5755 fauetinio,
603 5705 722 5758 pag.
774 5689 907 5744 1297
959 5686 1187 5743 refertur
1236 5688 1319 5742 hic
1347 5688 1514 5742 codex
1547 5704 1694 5740 nutn.
1738 5687 1863 5741 276.

294 5780 506 5837 Harum
535 5781 595 5836 S.
629 5780 813 5846 Hilarii
843 5779 1197 5836 Pii'taricnsis.
1225 5781 1408 5836 Alcimi
1439 5781 1570 5836 Aviti
1596 5781 1656 5835 de
1691 5779 1866 5852 Origi-

1898 4548 1946 4607 D

1945 539 2093 594 Liber
2111 541 2460 606 Quaestionum
2482 546 2534 600 in
2557 547 2769 602 Genesin
2792 565 2853 602 ea:
2873 551 3174 620 Augustino,
3202 551 3530 622 Hieronymo,

1943 631 2232 698 Ambrosio,
2266 634 2494 703 Hilario,
2525 636 2752 703 Isidoro,
2785 639 3060 695 Eucherio.
3101 643 3304 698 Dicitur
3330 643 3417 699 hic
3443 659 3530 699 co-

1945 723 2046 778 dex
2072 739 2192 780 esse
2214 728 2640 796 antiquissimus.
2669 729 2962 799 Epistolam
2989 733 3258 787 Dracontii
3285 735 3535 790 existimo

1948 827 2069 867 esse
2095 815 2334 884 Elegiam
2373 817 2436 872 ad
2466 815 2816 874 Guntharium
2866 837 3070 891 regem,
3100 823 3166 879 de
3194 839 3298 893 qua
3326 836 3528 892 postea.

1948 903 2089 959 Nihil
2122 905 2266 960 aliud
2297 907 2348 960 in
2372 906 2765 964 Montfauconio
2794 913 3004 980 reperio
3034 917 3174 982 quod
3203 914 3268 968 ad
3305 915 3534 971 Dracon~

1951 996 2080 1050 tium
2115 994 2362 1051 nostruu‘l
2381 999 2652 1066 pertinere
2675 1002 2861 1068 possit.

2021 1086 2109 1141 41.
2147 1088 2223 1144 De
2238 1089 2589 1144 celeberrimo
2605 1092 2792 1147 codice
2816 1093 3089 1150 Michaelis
3119 1095 3286 1150 Ruizii
3317 1099 3536 1167 Azagra:

1951 1178 2212 1248 agendum
2239 1196 2377 1234 nunc
2408 1189 2507 1235 est.
2560 1181 2790 1236 Primam
2822 1185 2935 1252 ejus
2967 1187 3291 1245 mentionem
3323 1188 3538 1242 invenio

1952 1269 2090 1338 apud
2123 1271 2463 1326 Ambrosium
2499 1273 2724 1328 Morales
2783 1275 2870 1329 lib.
2925 1292 2999 1339 xt,
3044 1294 3162 1344 cap.
3221 1279 3312 1343 54,
3346 1279 3538 1334 deinde

1952 1363 2091 1430 apud
2121 1363 2366 1417 eumdem
2420 1365 2675 1425 Azaaram
2723 1366 2772 1419 in
2829 1366 3062 1422 editione
3092 1367 3307 1438 Corippi
3335 1411 3349 1437 ,
3393 1386 3537 1440 quae,

1955 1455 2204 1523 quoniam
2230 1471 2346 1508 rara
2380 1467 2482 1521 est,
2510 1461 2610 1512 hoc
2633 1458 2751 1512 loco
2778 1458 3131 1514 describctur.
3168 1459 3379 1529 Corippi
3403 1463 3540 1532 Afri-

1954 1547 2410 1616 canigrmnmatici
2437 1548 2512 1601 De
2541 1548 2775 1604 laudibus
2826 1550 3019 1604 Justini
3068 1553 3283 1622 Augusti
3330 1555 3540 1608 minoris

1958 1634 2160 1691 heroico
2191 1629 2414 1692 carmine
2434 1639 2551 1692 libri
2575 1639 2682 1705 IV,
2729 1657 2862 1693 nunc
2890 1643 3110 1710 primum
3165 1659 3190 1696 ε
3237 1644 3450 1698 tenebris
3491 1646 3541 1698 in

1959 1727 2124 1782 lucem
2153 1733 2377 1784 asserti:
2422 1732 2626 1785 scito/iis
2663 1735 2812 1787 etiam
2858 1745 2904 1788 et
2945 1736 3375 1791 observationibus
3421 1739 3542 1792 illu-

1879 1809 1927 1870 Β
1955 1826 2104 1880 strati
2134 1841 2223 1895 per
2250 1824 2552 1878 illicitaelent
2587 1825 2829 1879 Ruizium
2858 1827 3454 1900 Azagrium‘Celtibcrttm
3477 1831 3544 1883 ad

1960 1917 2222 1972 Albertum
2266 1917 2577 1970 cardinalcm
2621 1917 2944 1972 arrhiduccm
2993 1917 3101 1988 35.
3144 1920 3382 1975 Austriw.
3441 1925 3544 1973 An-

1960 2009 2171 2076 tuerpia:
2192 2023 2256 2061 ex
2282 2008 2492 2078 ofﬁcina
2532 2006 2886 2076 Cbristophoxi
2916 2007 3144 2062 Plautini
3202 2011 3359 2075 1581,
3406 2012 3543 2066 iit-8.

1963 2098 2199 2166 Epistola
2231 2097 2558 2153 tleilicatoria
2601 2099 2721 2153 data
2771 2109 2883 2154 erat
2927 2101 3119 2154 Matriti
3169 2100 3328 2167 1579,
3364 2104 3544 2170 inqua

1963 2191 2168 2261 Azagra
2200 2207 2258 2246 se
2287 2191 2414 2245 olim
2467 2193 2686 2248 servitio
2737 2194 3059 2249 Ferdinandi
3110 2195 3448 2264 intper..toris
3493 2209 3545 2254 et

1963 2283 2307 2338 Maxitniliani
2339 2283 2584 2353 Ctesatis,
2617 2295 2740 2340 tunc
2766 2285 2974 2341 Rudolfi
3005 2287 3247 2351 Cmsaris,
3277 2288 3544 2345 addictum

1964 2385 2368 2432 commemorat.
2402 2376 2531 2432 Post
2571 2379 2809 2432 carmina
2864 2381 3076 2448 Corippi
3107 2381 3229 2436 addi
3260 2399 3322 2437 ur
3372 2387 3546 2438 votiva

1963 2469 2247 2537 gratulatio
2274 2470 2488 2524 heroi-"0
2515 2471 2754 2524 carmine
2784 2485 2875 2538 per
2908 2471 3154 2526 eumdem
3197 2474 3450 2543 Azagram
3480 2476 3546 2528 ad

1966 2559 2385 2613 Maximilianum
2424 2558 2466 2612 Il
2496 2559 2836 2628 designatum
2862 2560 3236 2629 imperatorem
3267 2563 3547 2620 Francim-

1964 2650 2068 2705 dite
2096 2650 2162 2704 ad
2190 2649 2419 2706 anum
2447 2661 2656 2704 cantata
2685 2667 2823 2705 anno
2865 2652 3019 2707 13:62.
3064 2654 3120 2707 ln
3163 2653 3547 2711 observationi-

1966 2741 2064 2795 bus
2096 2742 2255 2811 igitur
2282 2742 2347 2795 ad
2379 2743 2697 2812 Corippum,
2732 2745 2886 2812 paulo
2917 2754 3036 2814 post
3067 2746 3274 2801 initium
3306 2763 3426 2818 pag.
3457 2750 3547 2815 7.5,

1966 2831 2080 2886 lnrc
2112 2831 2270 2886 habet
2317 2831 2553 2901 Azagra:
2606 2831 2670 2885 In
2721 2844 2892 2888 nostra
2938 2836 3234 2904 exemplari,
3288 2839 3446 2907 quod,
3490 2849 3545 2892 ut

1963 2921 2092 2976 alibi
2119 2923 2190 2976 ad
2209 2940 2334 2993 opus
2369 2923 2632 2977 Dracontii
2659 2933 2817 2990 poeta:
2863 2925 2925 2979 de
2951 2923 3170 2979 Fabrica
3199 2929 3376 2982 mundi
3409 2938 3456 2982 et
3479 2933 3547 2983 ad

1965 3015 2199 3068 carmina
2233 3016 2384 3070 simul
2431 3015 2500 3070 ο.
2549 3013 2764 3086 Eugenii
2810 3019 3032 3088 episwpi
3077 3018 3308 3074 Tol-lani
3361 3021 3548 3089 cli/fuse

1965 3107 2168 3177 ρνωῙαιὶ
2191 3124 2387 3173 sumus,
2419 3123 2517 3161 non
2549 3122 2612 3160 ea:
2657 3110 2979 3180 conjecturis,
3009 3110 3097 3163 sed
3140 3111 3242 3179 [ide
3270 3113 3418 3178 plane
3443 3129 3558 3167 cer-

1959 3201 2180 3268 tissime,
2208 3210 2404 3255 constat
2429 3211 2546 3255 ante
2571 3203 2910 3274 septingentos
2939 3212 2982 3256 et
3021 3219 3078 3257 eo
3123 3205 3342 3271 amplius
3391 3223 3550 3260 annos

1962 3293 2122 3359 fuisse
2149 3293 2476 3363 descriptum,
2519 3309 2713 3364 semper
2765 3309 2985 3349 TOTIENS
3037 3305 3085 3349 et
3137 3310 3392 3357 coctus
3416 3337 3430 3350 .
3457 3336 3472 3351 .
3497 3336 3510 3350 .
3532 3337 3546 3350 .

1962 3382 2220 3455 leguntur.
2259 3384 2568 3451 Descriptus
2595 3399 2723 3454 ergo
2752 3384 2923 3438 fuerat
2953 3385 3122 3440 codex
3151 3389 3349 3442 szeculo
3388 3404 3440 3443 tx
3461 3400 3554 3444 aut

1964 3485 2112 3533 ante.
2139 3477 2250 3530 lloc
2277 3477 2484 3544 codice,
2519 3477 2678 3531 simul
2716 3493 2854 3532 cmm
2898 3478 3185 3534 Dracontio
3214 3490 3266 3535 et
3293 3482 3552 3552 Eugenio,

1966 3568 2382 3640 continebantur
2408 3568 2645 3622 eartnina
2675 3569 2884 3638 Corippi
2937 3573 3141 3636 mutila,
3175 3573 3460 3643 multisque
3497 3575 3554 3628 in

1969 3661 2102 3717 locis
2132 3672 2406 3728 corrupta,
2426 3677 2546 3730 quae
2577 3669 2633 3714 ut
2659 3674 2758 3715 suo
2784 3663 2944 3716 nitori
2975 3663 3403 3729 restituerentur,
3435 3677 3556 3735 post

1971 3753 2228 3822 Azagram
2250 3751 2399 3805 multi
2425 3750 2528 3804 viri
2549 3750 2722 3806 critici
2746 3765 2962 3820 cperam
2988 3753 3330 3808 contulerunt
3358 3769 3506 3810 suam
3535 3773 3552 3808 :

1972 3845 2147 3899 nullus
2175 3845 2317 3898 enim
2345 3843 2477 3897 alius
2507 3832 2681 3898 adhuc
2705 3852 2948 3910 repertus
2996 3851 3078 3896 est
3134 3844 3302 3898 codex
3358 3847 3554 3900 carmi-

1972 3954 2100 3992 num
2131 3936 2366 4007 Corippi,
2401 3935 2503 3990 nisi
2534 3935 2674 4003 quod
2725 3937 2864 3991 idem
2897 3935 3097 4007 Azagra
3129 3952 3244 4006 pag.
3280 3937 3348 3993 89
3380 3948 3552 4007 notat,

1975 4031 2152 4100 plures
2186 4029 2451 4084 variantes
2476 4028 2756 4093 lectiones,
2794 4028 2858 4081 ad
2891 4027 3180 4098 marginem
3225 4029 3318 4083 lih.
3351 4044 3405 4083 Ill
3435 4045 3556 4083 vcr-

1972 4139 2064 4177 sus
2093 4123 2247 4176 finem
2291 4122 2584 4192 appositas,
2615 4137 2678 4176 ex
2709 4121 3080 4191 antiquissimo
3124 4122 3392 4177 volumine
3418 4123 3556 4177 ονε-

1975 4217 2140 4272 tensis
2190 4214 2446 4270 Ecclesia:
2485 4230 2604 4270 esse
2649 4214 2922 4278 collectas,
2977 4213 3063 4269 ubi
3115 4216 3234 4268 dua:
3281 4215 3559 4271 orationes

1975 4308 2134 4378 legati
2177 4306 2317 4376 regis
2365 4309 2597 4360 Avarum
2627 4313 2681 4359 et
2716 4303 2912 4358 Justini
2960 4301 3299 4372 imperatoris
3335 4320 3401 4360 ex
3453 4306 3557 4359 Co-

1977 4401 2127 4470 rippo
2149 4398 2447 4467 desumpta:
2468 4412 2587 4451 cum
2611 4396 2727 4450 aliis
2746 4396 2907 4450 variis
2927 4397 3178 4465 cperibus
3203 4396 3517 4468 legebantur
3539 4415 3556 4454 :

1975 4491 2166 4557 quibus
2217 4489 2353 4547 addc
2399 4488 2464 4543 18
2495 4501 2684 4542 versus
2721 4487 2981 4542 orationis
3009 4487 3269 4554 Avarum,
3300 4490 3388 4558 qui
3419 4491 3559 4546 inter

1973 4583 2178 4638 Sidonii
2202 4581 2540 4650 aliorumque
2560 4580 2795 4634 carmina
2825 4593 2918 4649 pro
2941 4579 3250 4636 Sidonianis
3281 4581 3409 4636 editi
3433 4594 3560 4638 sunt

1973 4677 2040 4731 ab
2068 4676 2178 4730 Elia
2216 4675 2404 4730 Vineto
2431 4689 2572 4731 anno
2601 4672 2738 4728 1552
2761 4688 2824 4727 ex
2857 4673 3040 4728 codice
3063 4673 3407 4730 Santonensi.
3439 4675 3560 4742 Quo

1974 4768 2207 4838 majores
2235 4769 2455 4836 Azagrze
2483 4764 2739 4819 habendae
2762 4773 2888 4819 sunt
2917 4764 3126 4834 gratiae,
3152 4766 3244 4835 qui
3274 4782 3396 4821 cum
3423 4767 3555 4820 scriv

1975 4869 2180 4930 ptorem
2214 4874 2241 4912 a
2273 4857 2508 4913 tenebris
2557 4856 2843 4910 vindicavit
2872 4875 2887 4912 :
2924 4872 3022 4912 nec
3050 4857 3232 4913 decuit
3272 4867 3417 4912 certe
3448 4858 3558 4912 Pe-

1977 4962 2116 5006 trum
2151 4951 2494 5006 Franciscum
2518 4948 2856 5019 Fogginium,
2885 4950 2974 5020 qui
3006 4965 3124 5004 cum
3151 4951 3290 5004 notis
3313 4952 3555 5018 Azagrae,

1977 5044 2202 5096 aliorum
2233 5055 2296 5096 ac
2323 5042 2454 5105 suis,
2481 5040 2567 5095 bis
2594 5041 2761 5094 edidit
2800 5041 3114 5111 Corippum,
3163 5055 3340 5095 acrem
3393 5043 3552 5102 hanc.

1978 5148 2077 5186 nec
2115 5147 2318 5196 veram,
2373 5130 2441 5186 de
2489 5135 2692 5198 Azagra
2726 5132 2864 5186 ferre
2915 5145 3198 5186 censuram
3243 5131 3294 5183 in
3344 5138 3456 5183 not.
3489 5130 3558 5185 ad

1977 5237 2192 5276 carmen
2224 5235 2480 5290 panegyr.
2507 5219 2562 5274 in
2597 5220 2804 5274 laudem
2835 5219 3108 5276 Athanasii
3137 5237 3149 5270 :
3182 5217 3408 5272 Parcant
3431 5221 3557 5274 mihi

1976 5313 2086 5381 ejus
2118 5328 2288 5365 manes
2312 5328 2330 5366 :
2359 5313 2486 5366 satis
2521 5312 2637 5366 hinc
2663 5321 2794 5382 patet
2835 5311 3010 5380 quanti
3038 5310 3222 5364 valeret
3248 5311 3300 5362 in
3329 5311 3558 5380 legendis

1977 5415 2021 5458 et
2050 5403 2364 5476 corrigendis
2392 5421 2513 5458 mss.
2564 5403 2754 5474 Magno
2780 5418 2902 5456 sane
2928 5402 3117 5472 ingenii
3144 5403 3380 5455 acumine
3429 5419 3560 5472 opus

1978 5512 2077 5548 non
2107 5505 2236 5560 erat,
2267 5506 2319 5550 ut
2347 5497 2530 5567 legeret
2577 5507 2808 5549 TROPICIS
2862 5493 2879 5564 [
2907 5493 2957 5544 in
2988 5493 3192 5561 trcpicis
3215 5492 3267 5564 ],
3299 5493 3561 5562 suppleret

1978 5605 2247 5644 veasmus.
2277 5590 2338 5644 At
2363 5591 2564 5657 Azagra
2596 5587 2843 5640 mendum
2888 5586 3104 5655 agnovit
3131 5589 3182 5640 in
3208 5588 3434 5656 trepicis,
3466 5587 3563 5642 sed

1977 5698 2083 5736 non
2111 5680 2336 5737 tentavit
2359 5678 2627 5746 corrigere
2657 5678 2900 5738 verbum,
2931 5677 3071 5745 quod
3099 5694 3195 5733 nec
3217 5678 3432 5749 Corippi
3457 5689 3562 5734 εει.

1979 5778 2086 5835 Nec
2119 5773 2356 5848 Fogginii
2387 5773 2746 5843 conjecturam
2769 5773 3019 5832 omnibus
3047 5777 3361 5848 placituram
3387 5788 3519 5847 puto
3541 5794 3560 5842 ;
