4030 6170
507 349 612 406 69.5

1933 340 2389 399 DRACONTIUS.

3672 335 3760 393 liii

505 463 646 536 quod
672 463 717 518 si
748 469 980 524 vacaret,
1003 458 1364 523 ostenderem,
1405 454 1513 530 35
1552 455 1864 528 Fuggiuium
1894 454 2089 527 Stultius
2118 460 2164 516 Λ
2196 457 2447 512 Bibliutb.
2477 463 2583 510 vet.
2616 455 2697 511 bis
2722 468 2820 510 nec
2843 451 3202 524 perfunctorie
3227 451 3295 507 de
3320 450 3606 508 Dracontio
3635 450 3762 508 locu-

504 558 705 628 judicio
728 554 1018 624 etingenio
1044 552 1235 607 editori
1285 551 1459 621 primo
1504 549 1719 620 Corippi
1768 549 1984 616 cedere,
2030 558 2089 603 ut

506 665 629 705 cum
652 647 746 703 lib.
779 662 852 711 tv,
884 658 1025 699 vers.
1057 642 1184 710 266,
1218 641 1522 712 Imperium,
1575 640 1877 709 Christoque
1906 655 2087 694 pavens

503 759 598 797 sua
628 747 743 794 vota
773 739 989 801 dicarat,
1022 736 1255 791 restituit
1275 732 1448 789 volens
1476 744 1586 788 tum
1615 734 1771 787 metri
1794 747 1978 799 causa,
2032 739 2090 785 ttt

502 834 597 899 ait,
630 840 739 887 tum
762 830 883 900 quia
912 835 1070 899 poeta
1096 828 1399 896 exprimere
1429 824 1759 889 intendebat,
1802 823 2089 892 imperato-

503 938 616 978 rem
644 920 889 978 consulto
918 918 1151 973 voluisse
1179 916 1396 986 Sophia:
1436 915 1664 970 nomine
1691 914 1960 979 Christum
2009 912 2091 967 in-

505 1014 687 1085 telligi.
722 1012 826 1068 Sed
870 1022 927 1065 ιιι
965 1009 1198 1065 secunda
1233 1009 1369 1064 ratio
1396 1007 1628 1063 invalida
1660 1015 1761 1071 est,
1795 1007 1862 1060 ita
1906 1015 2092 1075 aperte

503 1107 635 1162 lulsa
664 1114 747 1160 est
777 1104 967 1173 prima.
997 1098 1199 1155 Confer
1229 1098 1389 1154 verba
1423 1097 1625 1165 B‘artltii
1655 1110 1801 1150 num.
1829 1110 1945 1165 seq.

577 1199 667 1253 42.
709 1194 981 1251 Laudatus
1010 1207 1222 1262 quoque
1250 1200 1331 1246 est
1364 1191 1533 1245 codex
1572 1193 1791 1257 Azugra:
1827 1204 1855 1241 a
1885 1186 2091 1243 doctis-

504 1290 641 1345 simo
669 1288 787 1343 viro
824 1285 1030 1341 Joanne
1073 1282 1313 1348 Baptism
1363 1280 1551 1346 Perez,
1605 1280 1758 1347 cujus
1787 1286 1912 1331 sunt
1952 1290 2092 1331 noue

503 1380 570 1434 ad
596 1377 685 1432 lib.
716 1378 772 1433 S.
810 1374 995 1430 Isiduri
1027 1383 1078 1429 el
1108 1371 1167 1428 S.
1220 1370 1474 1427 Ildel‘onsi
1524 1370 1593 1425 de
1642 1367 1755 1424 Vir.
1817 1368 2091 1433 illustrib.,

504 1469 593 1541 qui
620 1471 901 1541 episcopus
930 1463 1338 1537 Segobricensis
1361 1460 1494 1519 obiit
1522 1476 1650 1517 ann.
1681 1462 1841 1518 1597.
1884 1460 1939 1515 lu
1977 1470 2090 1517 nut.

503 1561 570 1615 ad
600 1574 717 1630 cap.
753 1558 819 1611 14
847 1558 905 1613 S.
932 1554 1186 1612 lldefonsi
1210 1556 1281 1610 ita
1308 1555 1384 1609 ait
1410 1554 1700 1609 Perezius:
1735 1551 1887 1605 Hanc
1918 1550 2093 1620 Enge-

504 1654 576 1707 nii
600 1631 999 1707 emendationem
1029 1649 1130 1703 vidi
1160 1648 1213 1702 in
1242 1648 1334 1702 illo
1362 1656 1552 1702 vetusto
1572 1648 1746 1701 codice
1769 1644 1939 1700 Ruizii
1961 1646 2095 1697 Aza-

503 1744 622 1815 grii,
654 1744 801 1814 cujus
827 1758 985 1813 supra
1011 1741 1316 1796 mentionem
1354 1739 1473 1809 feci.
1523 1737 1776 1808 lntelligit
1817 1746 1997 1791 notam
2027 1734 2093 1815 ad

2192 563 2277 615 tua
2301 558 2385 603 est
2435 555 2490 602 et
2519 557 2577 601 ut
2606 547 2660 602 in
2706 561 2871 615 Opere
2920 546 3228 616 posthumo,
3278 544 3453 614 neque
3495 544 3562 599 ad
3597 543 3764 599 limam

2191 649 2461 706 rerucato,
2513 637 2781 693 interdum
2831 638 3019 693 eadem
3072 638 3259 703 verba,
3317 634 3535 692 easdem
3590 635 3769 703 repetit

2191 733 2447 801 rationes,
2480 746 2857 802 nonnunquam
2886 731 2988 785 sibi
3031 730 3131 800 ipsi
3178 728 3484 785 contrarius
3524 737 3629 783 est.
3662 726 3769 808 βειν-

2190 816 2428 884 mundus,
2472 809 2643 893 inquit
2671 823 2763 877 lib.
2798 837 2883 887 tu,
2914 836 3033 890 cap.
3063 821 3117 887 '5,
3157 819 3385 875 collectis
3413 819 3639 874 versibus
3681 817 3773 872 Ee-

2191 914 2327 986 genii
2379 916 2713 970 Dracontium
2754 922 2868 969 cum
2918 916 2980 969 iis
3026 915 3207 979 edidit,
3285 912 3557 967 Dracontii
3608 927 3777 980 nempe

2193 1000 2458 1073 utrumque
2482 1006 2685 1071 librum,
2721 1023 2837 1061 cum
2876 1007 3177 1069 secundum,
3207 1021 3297 1059 seu
3328 989 3660 1073 posteriorem
3687 1003 3775 1072 pri-

2193 1114 2306 1153 mus
2336 1096 2557 1152 Michael
2577 1097 2778 1168 Azagra
2808 1098 3156 1167 publicaverit,
3182 1107 3236 1150 ut
3264 1096 3374 1166 ipse
3417 1096 3472 1149 in
3500 1096 3689 1149 notulis
3718 1094 3776 1147 ad

2194 1188 2467 1262 Corippum
2487 1190 2581 1245 ait.
2612 1189 2755 1245 Idem
2786 1187 2903 1244 Nic.
2926 1179 3188 1244 A‘ntonius
3217 1188 3311 1242 lib.
3356 1201 3411 1253 ν,
3443 1201 3565 1256 cap.
3597 1185 3655 1251 5,
3689 1199 3778 1239 ve-

2196 1283 2307 1338 rius
2333 1281 2545 1353 scripsit
2575 1298 2588 1334 :
2625 1278 2851 1335 Michael
2886 1280 3018 1336 fluis
3052 1280 3257 1351 Azagra
3277 1294 3342 1333 ex
3366 1278 3544 1333 codice
3569 1275 3778 1331 Gothico

2196 1376 2313 1431 ante
2350 1376 2693 1446 septingentos
2719 1360 2900 1441 dnnos,
2940 1382 2995 1429 ut
3024 1377 3134 1446 ipse
3154 1373 3408 1436 credebat,
3430 1376 3628 1437 scripto
3669 1387 3776 1424 car-

2198 1469 2336 1522 mina
2361 1467 2577 1539 Eugenii
2603 1478 2650 1522 et
2679 1465 2944 1521 Dracontii
2967 1468 3114 1522 edere
3134 1466 3370 1537 parabat.
3398 1458 3528 1531 Quae
3549 1466 3777 1517 carmina

2198 1559 2269 1613 ita
2294 1558 2514 1615 editioni
2546 1553 2727 1628 parata
2756 1574 2881 1615 cum
2909 1556 3137 1629 epistola
3184 1560 3405 1628 Azagrae
3429 1557 3495 1611 ad
3523 1556 3779 1612 decanum

2198 1640 2254 1704 et
2290 1649 2584 1719 capitulum
2631 1649 2908 1704 'l‘uletante
2961 1648 3218 1704 Ecclesia:
3264 1647 3370 1703 cal.
3397 1647 3601 1717 Aprilis
3653 1647 3780 1703 1577

2200 1739 2319 1794 ‘data
2347 1740 2482 1796 vidit
2521 1740 2637 1809 ipse
2675 1736 2795 1795 Nic.
2850 1739 3118 1795 Antonius
3165 1739 3218 1792 in
3271 1753 3402 1793 mss.
3452 1736 3782 1821 bibliotheca:

503 1811 663 1904 caput
697 1811 727 1887 7
776 1811 964 1887 [sideri
1001 1832 1068 1887 de
1098 1830 1211 1885 Vir.
1256 1829 1451 1886 illustr.
1482 1827 1550 1885 de
1580 1828 1896 1884 Verecundo
1926 1843 1939 1880 :
1982 1811 2095 1881 Vidi
2129 1821 2173 1883 Β
2208 1830 2689 1887 Vill-Umbrosana:
2712 1871 2729 1898 ,
2785 1840 2915 1886 tom.
2947 1830 3037 1887 Vll
3077 1829 3563 1886 Miseellaneorum.
3590 1811 3781 1901 Juscph

504 1940 659 1993 porro
687 1922 842 1994 hujus
873 1920 1162 1977 Verecundi
1190 1924 1379 1993 ,ipsnm
1414 1919 1644 1975 libellum
1690 1919 1755 1973 de
1789 1917 2091 1973 Paenitentia

505 2017 812 2072 hexametris
838 2016 1110 2087 scriptum,
1139 2016 1288 2086 cujus
1312 2015 1407 2067 hoc
1448 2021 1520 2068 est
1544 2012 1748 2066 initium
1772 2026 1792 2066 :
1822 2010 1947 2078 Quis
1966 2009 2091 2064 mihi

508 2118 688 2164 maesta
716 2106 859 2162 dabit
889 2106 1186 2179 lacrymosis
1214 2104 1457 2160 imbribus
1479 2104 1612 2158 ora?
1639 2101 1698 2158 Is
1736 2102 1882 2167 liber,
1911 2099 2094 2157 Gothi-

505 2202 578 2255 cis
630 2199 813 2254 litteris
856 2197 1161 2268 descriptus,
1215 2196 1315 2268 [uit
1346 2195 1471 2249 olim
1519 2192 1763 2248 Ecclesite
1802 2192 2091 2258 Ovelensis,

506 2303 681 2362 postea
709 2292 849 2362 apud
900 2288 1203 2346 Michaelem
1253 2287 1492 2344 Ruizium
1536 2286 1816 2358 Asagrium
1869 2287 2094 2340 amicum

506 2397 693 2436 meum.
728 2381 972 2443 Meminit
1020 2384 1185 2437 etiam
1226 2381 1280 2434 in
1329 2388 1451 2434 nota
1501 2377 1568 2433 ad
1596 2386 1759 2449 caput
1783 2375 1851 2432 47
1880 2376 2001 2432 libri
2033 2377 2091 2434 S.

504 2475 691 2549 lsidori
722 2475 789 2531 de
818 2475 931 2530 Vir.
978 2474 1201 2543 illustr.,
1252 2488 1358 2544 quo
1411 2471 1642 2529 refertur
1688 2473 2003 2543 prmnotatio
2035 2473 2090 2527 li-

506 2574 723 2647 brorum
753 2571 812 2627 S.
842 2569 1029 2626 lsidori
1074 2586 1105 2625 a
1150 2568 1438 2625 Braulione
1473 2568 1952 2638 Casaraugustauo
1981 2570 2095 2638 epi-

506 2682 676 2736 scopo
700 2665 921 2737 scripta.
953 2665 1032 2720 Ibi
1060 2663 1313 2720 Perezius
1349 2662 1417 2717 ad
1462 2675 1648 2717 vocem
1696 2662 1932 2717 DESTINA
1975 2662 2093 2716 ait:

513 2759 686 2814 Utitur
704 2775 765 2813 ea
790 2773 909 2813 voce
939 2754 1219 2827 Corippus,
1250 2763 1397 2826 poeta
1425 2754 1568 2823 Afer,
1599 2752 1729 2808 libro
1748 2753 1813 2807 de
1836 2752 2098 2807 Laudibus

508 2851 699 2908 Justini
723 2848 959 2905 Junioris
987 2864 1153 2919 nuper
1189 2847 1327 2901 edito
1356 2861 1388 2898 a
1423 2844 1720 2899 doctissimo
1748 2842 1934 2898 Ruizio
1964 2844 2097 2897 Aza-

507 2949 642 3015 grio.
673 2943 765 2998 llis
796 2941 936 2997 inter
964 2956 1024 2996 se
1073 2938 1283 2995 collatis
1329 2936 1529 3007 liquido
1576 2944 1722 3006 patet
1752 2934 1912 2990 verba
1964 2937 2100 2988 Aza-

513 3051 625 3107 gr:e
646 3035 713 3090 ad
738 3034 1042 3103 Corripum,
1074 3031 1141 3086 Ut
1168 3031 1291 3085 alibi
1316 3032 1385 3085 ad
1405 3044 1534 3101 opus
1579 3027 1932 3082 Dracontii....
1956 3041 2094 3097 pra:-

509 3128 604 3196 [αεὶ
631 3142 825 3191 sumus,
857 3139 961 3180 non
997 3137 1119 3180 esse
1145 3122 1215 3177 ita
1244 3120 1611 3191 intelligenda,
1640 3129 1700 3174 ut
1743 3118 2087 3176 Dracontium

511 3195 650 3290 typis
686 3216 1003 3288 vulgaverit,
1035 3214 1129 3270 sed
1169 3214 1342 3269 solum
1390 3212 1962 3281 editionemparatam
2005 3211 2098 3266 ba-
2124 3195 2172 3260 C

509 3312 707 3367 bnerit.
740 3308 987 3365 Barthius
1013 3306 1106 3362 lib.
1155 3321 1218 3361 ιν
1250 3304 1497 3368 Advers.,
1527 3318 1646 3373 cap.
1682 3301 1768 3368 ll,
1803 3302 1942 3359 hanc
1981 3302 2100 3359 edi.

508 3402 704 3457 tionem
734 3400 920 3455 videre
958 3410 1303 3467 summopere
1331 3395 1617 3463 espetcbat
1648 3411 1661 3447 :
1696 3391 1845 3448 Illud
1898 3410 2104 3449 monere

509 3494 660 3547 etiam
684 3493 857 3547 doctos
882 3489 1206 3543 volumus....
1248 3489 1400 3541 etiam
1440 3496 1557 3540 ante
1592 3483 1841 3539 Iacobum
1866 3482 2103 3539 Sirmon-

510 3585 653 3650 dum,
678 3598 824 3654 quem
846 3591 947 3635 tam
973 3580 1129 3652 hujus
1158 3595 1313 3650 quam
1344 3578 1566 3650 plurium
1588 3577 1806 3631 aliorum
1832 3586 2103 3631 auctorum

510 3673 836 3730 restitutionis
881 3671 1049 3743 gratia
1087 3670 1268 3724 merito
1307 3685 1504 3739 semper
1534 3668 1823 3733 laudamus,
1873 3660 2103 3721 Dracon-

508 3770 637 3824 tium
667 3769 800 3822 hunc
819 3768 882 3820 ab
909 3764 1143 3836 Eugenio
1168 3771 1485 3817 contractum
1510 3773 1555 3816 et
1577 3760 2100 3830 interpolatum,'edi-

509 3862 643 3917 disse
667 3862 721 3915 in
750 3858 1008 3929 Hispania
1054 3854 1359 3911 Michaelem
1396 3854 1630 3914 lluisjum
1660 3852 1979 3924 Assagrium,
2010 3866 2103 3904 cu-

508 3962 592 4029 jus
621 3954 864 4024 beneﬁcio
891 3950 1174 4021 Corippum
1203 3947 1446 4001 habemus
1477 3962 1495 4000 :
1529 3963 1622 4001 nos
1652 3946 1767 4001 vero
1792 3959 2101 4017 magnoyere

509 4048 770 4116 qua'silam
811 4060 923 4099 eam
950 4042 1225 4099 editionem
1265 4037 1503 4108 indipisci
1539 4037 1681 4090 nulla
1717 4036 1909 4107 diligen
1932 4037 1985 4089 ia
2008 4052 2099 4089 va-

510 4138 695 4202 luisse;
723 4150 902 4207 rogare
923 4141 1109 4202 autem,
1138 4131 1182 4184 si
1210 4128 1297 4201 qui
1324 4128 1388 4182 sit
1418 4127 1506 4197 qui
1536 4142 1682 4181 usum
1712 4131 1820 4194 ejus
1851 4125 1994 4180 nobis
2015 4130 2097 4196 [a-

509 4241 622 4281 cere
644 4226 825 4295 possit,
865 4238 1051 4294 magno
1080 4238 1173 4276 nos
1202 4220 1363 4291 officio
1389 4218 1771 4272 demeriturum.
1801 4215 1949 4271 Adeo
1973 4217 2102 4270 Bar-

512 4318 656 4372 thius
685 4320 903 4386 Azagrae
940 4330 1157 4383 operam
1185 4323 1241 4369 et
1270 4312 1508 4367 studium
1536 4324 1643 4365 non
1672 4309 2049 4365 contemnebat
2083 4327 2097 4364 :

509 4408 601 4479 qui
629 4407 722 4462 lib.
754 4420 872 4474 xxi,
903 4420 1022 4475 cap.
1049 4405 1106 4468 Ξ.
1134 4403 1386 4459 disertius
1411 4401 1478 4456 tle
1506 4403 1624 4463 eius
1653 4400 1793 4455 notis
1828 4400 1881 4455 in
1912 4400 2100 4469 Corip-

511 4514 637 4570 pum
665 4500 739 4555 ait
772 4517 786 4554 :
820 4498 1058 4569 Assagrio
1097 4497 1207 4567 36
1242 4512 1342 4548 non
1373 4510 1642 4562 possumus
1671 4510 1774 4547 non
1803 4493 1929 4547 dare
1956 4494 2099 4548 testi-

2198 1920 2497 1992 Bodriguez
2519 1920 2587 1977 de
2612 1920 2826 1999 castro,
2855 1923 2946 1993 qui
2979 1921 3263 1991 llispanice
3281 1923 3576 1992 scriptores
3600 1921 3781 1992 llzspa-

2194 2026 2297 2067 nos
2320 2026 2604 2069 recensere
2625 2014 2811 2083 coepit,
2841 2013 2936 2069 sed
2966 2022 3138 2070 morte
3171 2014 3499 2081 interceptus
3520 2029 3657 2083 opus
3678 2029 3779 2069 non

2195 2104 2445 2173 absolvit,
2473 2104 2701 2161 fortasse
2726 2099 2958 2176 primum
2986 2106 3164 2162 locum
3185 2106 3386 2162 Nicolai
3408 2105 3654 2171 Antonii,
3680 2122 3782 2162 non

2197 2196 2489 2251 secundum
2516 2196 2664 2266 legit,
2691 2212 2814 2252 cum
2844 2198 3082 2269 scripsit,
3114 2197 3484 2254 llexaemt-run
3517 2198 3783 2254 Dracontii

2195 2287 2264 2342 ab
2294 2286 2526 2357 Eugenio
2555 2292 2860 2343 correctum
2898 2299 3114 2344 exstare
3141 2296 3273 2344 tom.
3302 2289 3386 2358 lx
3440 2290 3781 2346 Bibliotheca}

2198 2374 2414 2434 Patrum
2448 2377 2692 2450 Lugduni
2723 2378 2861 2434 1677
2890 2394 2955 2434 ex
2984 2380 3171 2436 codice
3200 2379 3345 2435 Petri
3377 2380 3510 2435 Buiz
3549 2383 3618 2445 de
3645 2380 3780 2435 Asa-

2196 2487 2312 2543 gra,
2336 2472 2426 2543 qui
2455 2473 2508 2528 in
2535 2472 2677 2528 uotis
2696 2473 2761 2527 ad
2783 2472 3073 2543 Corippum
3104 2488 3164 2529 se
3180 2472 3412 2544 primum
3436 2473 3781 2528 Dracontiutu

2197 2564 2430 2621 edidisse
2458 2565 2689 2645 afﬁrmat
2726 2582 2741 2621 :
2770 2580 2890 2636 qua:
2928 2565 3116 2631 editio,
3161 2566 3332 2633 addit,
3364 2567 3636 2637 antiquior
3661 2580 3779 2622 cen-

2197 2658 2303 2714 seri
2348 2658 2509 2714 debet
2550 2657 2878 2716 editionlbus
2924 2659 3137 2715 Weitzii
3195 2667 3250 2716 et
3297 2658 3570 2714 Sirmoudi
3600 2658 3783 2715 eodem

2198 2768 2341 2808 anno
2373 2753 2510 2809 l6l9
2542 2753 2718 2809 laetis.

2268 2844 2359 2900 41.
2393 2844 2662 2902 Praetereo
2709 2844 2852 2902 nunc
2887 2844 3154 2903 editiones
3182 2844 3457 2901 Sirmon’di
3496 2852 3553 2901 et
3576 2836 3782 2902 weitzii

2201 2952 2305 2993 non
2329 2938 2520 2995 eodem
2548 2930 2693 2994 anno
2724 2936 2891 2994 fuisse
2936 2936 3128 3004 factas,
3166 2947 3224 2993 ut
3264 2953 3390 2993 mox
3414 2937 3703 2992 constabit.
3731 2937 3784 2994 In

2201 3020 2525 3088 Bibliotheca
2561 3024 2779 3086 Patrum
2808 3028 3153 3101 Lugdunensi
3177 3029 3304 3084 anni
3338 3029 3500 3096 1677,
3528 3024 3659 3084 tom.
3693 3024 3782 3094 IX,

2202 3133 2387 3195 aperte
2418 3138 2731 3193 espressum
2764 3131 2850 3178 est
2894 3122 3166 3177 Dracontii
3196 3121 3301 3193 37
3324 3119 3562 3176 carmina
3607 3135 3639 3176 e
3678 3120 3783 3176 Sir-

2204 3216 2492 3272 mondiana
2540 3215 2779 3271 editione
2824 3213 3086 3284 depromi.
3139 3212 3209 3269 Et
3250 3228 3371 3268 cum
3405 3211 3785 3282 Rodrigue‘zius

2202 3309 2374 3363 solum
2407 3309 2569 3365 verba
2616 3312 2836 3380 Azagra:
2883 3308 2937 3363 in
2967 3308 3107 3362 notis
3152 3306 3218 3362 ad
3250 3305 3544 3378 Corippum
3575 3308 3782 3377 alleget,

2203 3414 2321 3468 qua:
2344 3399 2413 3454 de
2440 3399 2679 3455 editione
2717 3411 2924 3470 parata,
2959 3415 3064 3454 non
3104 3398 3168 3454 ad
3198 3399 3399 3454 exitum
3429 3400 3681 3470 perducta
3708 3400 3783 3455 in-

2205 3490 2532 3559 telliguntur,
2581 3491 2697 3560 eius
2743 3492 3105 3546 testimonium
3138 3491 3270 3546 nihil
3307 3507 3406 3547 nos
3451 3506 3668 3548 merere
3694 3492 3785 3549 de.

2202 3580 2312 3636 bet.
2339 3581 2488 3649 Quod
2518 3590 2697 3637 autem
2722 3580 3031 3638 Micltaelem
3078 3597 3322 3638 nusrum
3367 3593 3525 3638 vocat
3557 3583 3783 3650 Petrum,

2205 3687 2310 3727 nun
2341 3672 2589 3743 proprius
2632 3672 2749 3743 ejus
2796 3689 2950 3728 error
2998 3685 3110 3742 est,
3170 3672 3263 3728 sed
3316 3673 3617 3729 communis
3665 3689 3785 3727 cum

2202 3764 2342 3820 aliis.
2378 3766 2435 3819 In
2476 3765 2656 3821 lndice
2703 3765 2963 3821 librorum
2995 3764 3465 3835 expurgandurum
3510 3782 3603 3836 per
3627 3766 3784 3823 Joan-

2202 3870 2325 3911 nem
2347 3854 2416 3910 Μ.
2445 3855 2951 3913 Brassichellensem
2981 3870 3123 3912 anno
3148 3856 3304 3923 1607,
3343 3871 3463 3927 pag.
3487 3855 3612 3927 269,
3640 3870 3786 3928 quae.

2200 3947 2323 4003 dam
2352 3948 2419 4003 de
2446 3948 2730 4004 Dracontio
2759 3958 3120 4019 exponuntur,
3155 3958 3213 4004 ut
3246 3947 3300 4003 iu
3332 3946 3657 4003 Bibliotheca
3690 3935 3789 4003 Pa;

2203 4050 2343 4096 trum
2370 4039 2757 4111 adjungantur;
2792 4040 2879 4095 ubi
2898 4039 2965 4094 de
2992 4040 3371 4096 emendatione
3401 4055 3429 4092 a
3458 4039 3520 4096 S.
3551 4039 3785 4110 Eugenio

2203 4134 2341 4191 facta
2367 4134 2482 4190 lnec
2505 4132 2753 4204 leguntur
2777 4154 2791 4187 :
2822 4132 2989 4201 Quam
3009 4132 3417 4189 emendationem
3446 4134 3632 4188 vidisse
3656 4149 3709 4187 se
3728 4133 3781 4185 in

2201 4238 2486 4302 peruetusto
2507 4244 2602 4282 ms.
2625 4228 2796 4282 codice
2835 4226 2979 4283 Petri
3023 4227 3191 4281 Iluizii
3234 4227 3451 4300 Azagra:
3495 4227 3785 4283 scholiastes

2202 4322 2266 4377 S.
2298 4320 2546 4391 lldefonsi
2565 4316 2804 4390 aﬂirmat.
2829 4318 3022 4375 Sermo
3051 4328 3136 4375 est
3159 4318 3229 4374 de
3249 4318 3496 4387 Perezio,
3527 4320 3615 4391 qui
3648 4319 3784 4375 libro

2202 4411 2263 4470 S.
2298 4410 2547 4468 lltltfunsi
2594 4410 2662 4466 de
2686 4410 2885 4479 Script.
2925 4410 3119 4465 eeeles.
3154 4418 3309 4464 notas
3338 4411 3560 4480 adjecit.
3589 4412 3783 4480 Verum

2205 4504 2455 4560 Perrzius
2480 4503 2546 4557 ad
2569 4496 2688 4572 cap.
2707 4503 2772 4557 tt
2793 4500 2852 4556 s.
2875 4499 3127 4558 lldcionsi
3157 4517 3353 4558 nomen
3378 4479 3549 4559 Ruizii
3570 4479 3784 4573 Az'agm

513 4563 742 4645 monium
775 4592 891 4643 boni
911 4563 1138 4660 judicii:
1152 4563 1290 4657 quod
1318 4596 1451 4640 certe
1478 4602 1506 4639 e
1533 4582 1749 4654 singulis
1775 4585 1977 4657 paginis
2006 4602 2096 4654 ap-

2207 4595 2394 4660 tacuit,
2434 4594 2500 4649 ad
2529 4563 2688 4664 caput
2710 4593 2743 4648 7
2775 4593 2961 4649 lsidori
2987 4594 3054 4648 de
3077 4592 3191 4649 Vir.
3222 4593 3418 4649 illustr.
3451 4595 3594 4651 clare
3618 4563 3782 4649 ηοὶιιι-

512 4690 679 4751 paret.
714 4679 922 4735 Utinam
966 4679 1272 4733 Dracontius
1316 4694 1513 4747 quoque
1540 4676 1672 4747 ejus,
1716 4684 1762 4731 el
1818 4675 2100 4749 Eugenius,

510 4776 598 4845 qui
625 4772 890 4827 Dracontii
914 4771 1164 4842 epitomen
1212 4771 1351 4841 fecit,
1398 4771 1453 4824 in
1497 4787 1677 4825 manus
1715 4782 1916 4825 nostras
1947 4774 2104 4826 renis-

511 4873 643 4921 sent.
670 4862 808 4933 Quid
831 4862 898 4918 ad
934 4863 1047 4916 lucc
1072 4871 1357 4930 reponeret
1384 4861 1669 4932 Fogginius
1693 4863 1717 4914 ‘t

585 4956 677 5013 45.
719 4955 826 5011 Sed
872 4968 1031 5024 quam
1067 4953 1285 5021 putabat
1341 4954 1609 5017 Barthius,
1659 4954 1800 5009 nul’a
1860 4954 1996 5025 typis
2034 4954 2103 5010 ab

512 5051 719 5118 Azagra
751 5048 882 5101 facta
912 5045 1084 5099 fuerat
1110 5042 1380 5097 Dracontii
1407 5052 1463 5097 et
1490 5045 1709 5115 Eugenii
1739 5046 1926 5101 editio.
1972 5047 2101 5100 Itur-

510 5143 657 5197 thius
687 5141 850 5207 enim,
909 5136 1088 5193 verbis
1138 5136 1360 5205 Azagra:
1406 5151 1524 5203 qua:
1573 5153 1744 5207 nuper
1794 5139 1950 5194 retuli
1999 5141 2096 5194 de-

508 5241 718 5304 ceptus,
753 5232 806 5287 itl
837 5229 1124 5285 affirmavit
1154 5227 1296 5297 quod
1319 5227 1405 5281 alti
1435 5240 1613 5296 posma
1632 5233 1949 5287 auctoritate
1974 5234 2100 5286 Bar-

511 5326 607 5379 tltii
638 5325 1028 5379 confirmarunt
1060 5338 1073 5373 :
1100 5333 1273 5391 eaque
1298 5317 1479 5388 Opinio
1522 5318 1627 5374 late
1672 5336 1957 5393 pervagata
1989 5333 2091 5392 est,

509 5431 667 5484 quam
697 5414 973 5471 Fabricius
1002 5412 1142 5468 Bibl.
1164 5420 1273 5467 vet.
1305 5410 1422 5466 Lat.
1447 5410 1740 5480 adoptavit,
1765 5415 1857 5470 sed
1888 5416 1938 5469 in
1956 5414 2090 5469 Bibl.

509 5506 670 5589 medii
701 5506 800 5560 mvi
828 5507 1038 5559 cautius
1071 5503 1279 5559 locutus
1303 5502 1399 5568 ait,
1446 5500 1822 5570 interpolatum
1856 5504 2091 5559 Dracon-

511 5596 643 5649 tium
671 5595 741 5649 ab
777 5595 1013 5665 Eugenio
1041 5594 1299 5655 'l‘oietano
1323 5592 1485 5649 edere
1517 5591 1814 5649 instituisse
1854 5595 2089 5652 Michae-

511 5684 618 5737 letn
647 5682 782 5736 Buiz
814 5684 882 5739 de
931 5685 1155 5753 Azagra,
1185 5684 1279 5739 sed
1325 5685 1463 5741 banc
1505 5685 1793 5741 editionem
1825 5701 1924 5742 nec
1955 5688 2085 5743 Bar-

514 5772 684 5827 tttium
730 5786 829 5827 nec
872 5772 985 5827 Nic.
1020 5773 1302 5830 Antonium
1331 5776 1549 5835 vidisse.
1594 5777 1706 5834 Nic.
1739 5780 1999 5836 Antonius
2029 5781 2083 5838 in

2209 4697 2297 4742 nat
2330 4685 2656 4740 Michaelem.
2698 4686 2899 4739 Auctor
2927 4684 3069 4739 illius
3093 4695 3233 4740 noue
3262 4685 3329 4739 ad
3363 4684 3700 4751 Dracontium
3728 4685 3782 4740 in

2208 4776 2532 4833 Bibliotheca
2565 4776 2778 4831 Patrum
2810 4776 3069 4832 addenda:
3102 4776 3199 4831 fuit
3221 4777 3613 4833 eruditissimus
3636 4777 3781 4831 Tho-

2209 4884 2323 4924 tnas
2349 4868 2643 4935 Matrenda,
2673 4866 2729 4923 ut
2751 4883 2817 4922 ex
2850 4867 2931 4921 bis
2952 4867 3128 4935 colligi
3156 4874 3332 4936 potest
3358 4884 3479 4938 quae
3510 4868 3578 4924 de
3603 4882 3667 4923 eo
3694 4864 3779 4920 ln-

2207 4959 2326 5014 diee
2368 4960 2477 5013 dixi
2509 4960 2561 5012 in
2606 4959 2899 5028 prolegom.
2944 4956 3009 5011 ad
3059 4955 3434 5026 Prudentium,
3486 4972 3602 5030 pag.
3658 4955 3773 5011 l59.

2206 5051 2376 5106 Verba
2416 5053 2506 5105 illa
2542 5051 2733 5105 Indicis
2789 5050 2843 5104 in
2903 5049 3231 5105 Bibliotheca
3290 5050 3506 5107 Patrum
3553 5049 3774 5108 Colonia

2203 5141 2508 5210 Agrippina:
2540 5142 2698 5207 1618,
2723 5154 2853 5195 tom.
2884 5140 2974 5207 Vl,
3004 5149 3058 5196 et
3087 5140 3328 5210 Lugduni
3365 5143 3524 5208 1677,
3552 5141 3768 5211 ascripta

2200 5240 2359 5300 sunt;
2387 5249 2450 5287 ex
2486 5249 2591 5303 quo
2642 5231 2785 5288 Petri
2822 5247 3015 5287 nomen
3045 5232 3289 5289 Miebacli
3328 5244 3514 5290 nostro
3547 5234 3765 5290 affictum

2198 5326 2338 5397 apud
2367 5326 2503 5380 alios
2563 5326 2851 5394 scriptores
2902 5325 3119 5396 legitur,
3146 5336 3220 5383 ut‘
3247 5327 3387 5395 apud
3439 5326 3678 5383 Bivinum
3715 5323 3766 5376 in

2197 5418 2433 5475 editione
2464 5418 2752 5483 Dracontii,
2795 5420 2939 5489 apud
2966 5419 3261 5490 Leyserum
3291 5421 3346 5476 in
3396 5421 3594 5477 llistor.
3629 5425 3761 5489 poet.

2201 5510 2344 5566 med.
2376 5511 2497 5566 aevi.
2544 5510 2748 5566 Nomen
2783 5512 2944 5567 etiam
2977 5512 3199 5569 Joannis
3244 5528 3275 5568 a
3318 5514 3687 5573 Nic.~Antonio
3711 5511 3762 5563 in

2195 5601 2334 5657 Bibl.
2367 5615 2491 5655 nov.
2526 5602 2698 5657 eidem
2726 5602 2969 5660 Michaeli
2996 5603 3176 5660 datum
3190 5605 3509 5674 fuerat;setl
3526 5607 3574 5661 in
3592 5617 3762 5660 cmen‘

2194 5690 2335 5746 datis
2361 5692 2576 5761 agnovit
2601 5692 2910 5749 Micltaelcm
2955 5709 3076 5750 esse
3115 5697 3511 5766 appellandum,
3540 5710 3652 5751 cum
3683 5691 3757 5745 bis

2193 5782 2440 5840 eumdem
2472 5784 2741 5840 hominem
2771 5788 3150 5853 recensuisset,
3180 5787 3406 5858 primunt
3433 5788 3640 5844 Joannis
3666 5795 3755 5837 no-
