  <div class='ocr_page' id='page_1' title='image "/cluster/home/n/w/nwhite01/storage/ocr_20150623/60/hvd.32044054758677/328.png"; bbox 0 0 4030 6170; ppageno 0'>
   <div class='ocr_carea' id='block_1_1' title="bbox 225 297 332 389">
    <p class='ocr_par' dir='ltr' id='par_1_1' title="bbox 225 297 332 389">
     <span class='ocr_line' id='line_1_1' title="bbox 225 297 332 389; baseline -0.028 -1"><span class='ocrx_word' id='word_1_1' title='bbox 225 297 332 389; x_wconf 67' lang='lat' dir='ltr'><strong>sas</strong></span> 
     </span>
    </p>
   </div>
   <div class='ocr_carea' id='block_1_2' title="bbox 1615 319 2138 382">
    <p class='ocr_par' dir='ltr' id='par_1_2' title="bbox 1615 319 2138 382">
     <span class='ocr_line' id='line_1_2' title="bbox 1615 319 2138 382; baseline -0.006 0"><span class='ocrx_word' id='word_1_2' title='bbox 1615 319 2138 382; x_wconf 58' lang='lat' dir='ltr'><strong>PliOLl‘LGOMEM.</strong></span> 
     </span>
    </p>
   </div>
   <div class='ocr_carea' id='block_1_3' title="bbox 3383 331 3488 387">
    <p class='ocr_par' dir='ltr' id='par_1_3' title="bbox 3383 331 3488 387">
     <span class='ocr_line' id='line_1_3' title="bbox 3383 331 3488 387; baseline 0.01 -2"><span class='ocrx_word' id='word_1_3' title='bbox 3383 331 3488 387; x_wconf 72' lang='lat'><strong>69.6</strong></span> 
     </span>
    </p>
   </div>
   <div class='ocr_carea' id='block_1_4' title="bbox 238 443 3489 518">
    <p class='ocr_par' dir='ltr' id='par_1_4' title="bbox 238 443 3489 518">
     <span class='ocr_line' id='line_1_4' title="bbox 238 443 3489 518; baseline -0.001 -14"><span class='ocrx_word' id='word_1_4' title='bbox 238 450 360 504; x_wconf 88' lang='lat' dir='ltr'><strong>mine</strong></span> <span class='ocrx_word' id='word_1_5' title='bbox 381 449 448 500; x_wconf 91' lang='lat' dir='ltr'><strong>ab</strong></span> <span class='ocrx_word' id='word_1_6' title='bbox 477 445 803 516; x_wconf 80' lang='lat' dir='ltr'><strong>Hieronymo</strong></span> <span class='ocrx_word' id='word_1_7' title='bbox 831 445 1074 500; x_wconf 76' lang='lat' dir='ltr'><strong>Romano</strong></span> <span class='ocrx_word' id='word_1_8' title='bbox 1099 443 1164 500; x_wconf 86' lang='lat' dir='ltr'><strong>de</strong></span> <span class='ocrx_word' id='word_1_9' title='bbox 1185 444 1232 498; x_wconf 86' lang='lat' dir='ltr'><strong>la</strong></span> <span class='ocrx_word' id='word_1_10' title='bbox 1254 443 1478 514; x_wconf 84' lang='lat' dir='ltr'><strong>lligucra</strong></span> <span class='ocrx_word' id='word_1_11' title='bbox 1507 443 1762 512; x_wconf 73' lang='lat' dir='ltr'><strong>deceptos</strong></span> <span class='ocrx_word' id='word_1_12' title='bbox 1784 483 1799 506; x_wconf 84' lang='lat'><strong>,</strong></span> <span class='ocrx_word' id='word_1_13' title='bbox 1832 447 1880 504; x_wconf 76' lang='grc' dir='ltr'><strong>Α</strong></span> <span class='ocrx_word' id='word_1_14' title='bbox 1912 448 2108 517; x_wconf 74' lang='lat' dir='ltr'><strong>fecisse.</strong></span> <span class='ocrx_word' id='word_1_15' title='bbox 2136 445 2274 516; x_wconf 84' lang='lat' dir='ltr'><strong>quod</strong></span> <span class='ocrx_word' id='word_1_16' title='bbox 2310 463 2458 500; x_wconf 81' lang='lat' dir='ltr'><strong>suout</strong></span> <span class='ocrx_word' id='word_1_17' title='bbox 2487 447 2629 502; x_wconf 85' lang='lat' dir='ltr'><strong>nobis</strong></span> <span class='ocrx_word' id='word_1_18' title='bbox 2668 457 2860 518; x_wconf 84' lang='lat' dir='ltr'><strong>septem</strong></span> <span class='ocrx_word' id='word_1_19' title='bbox 2904 448 3214 518; x_wconf 84' lang='lat' dir='ltr'><strong>integrorum</strong></span> <span class='ocrx_word' id='word_1_20' title='bbox 3257 463 3489 502; x_wconf 80' lang='lat' dir='ltr'><strong>rcrsmtm</strong></span> 
     </span>
    </p>
   </div>
   <div class='ocr_carea' id='block_1_5' title="bbox 237 534 1800 594">
    <p class='ocr_par' dir='ltr' id='par_1_5' title="bbox 237 534 1800 594">
     <span class='ocr_line' id='line_1_5' title="bbox 237 534 1800 594; baseline -0.004 -2"><span class='ocrx_word' id='word_1_21' title='bbox 237 536 408 594; x_wconf 86' lang='lat' dir='ltr'><strong>deinde</strong></span> <span class='ocrx_word' id='word_1_22' title='bbox 432 535 702 590; x_wconf 80' lang='lat' dir='ltr'><strong>Michaelis</strong></span> <span class='ocrx_word' id='word_1_23' title='bbox 721 550 852 589; x_wconf 92' lang='lat' dir='ltr'><strong>vero</strong></span> <span class='ocrx_word' id='word_1_24' title='bbox 883 535 1164 590; x_wconf 88' lang='lat' dir='ltr'><strong>vocabulo.</strong></span> <span class='ocrx_word' id='word_1_25' title='bbox 1193 534 1250 588; x_wconf 90' lang='lat' dir='ltr'><strong>lu</strong></span> <span class='ocrx_word' id='word_1_26' title='bbox 1281 535 1650 592; x_wconf 80' lang='lat' dir='ltr'><strong>recentissima</strong></span> <span class='ocrx_word' id='word_1_27' title='bbox 1681 534 1800 586; x_wconf 82' lang='lat' dir='ltr'><strong>edi-</strong></span> 
     </span>
    </p>
   </div>
   <div class='ocr_carea' id='block_1_6' title="bbox 239 623 1799 696">
    <p class='ocr_par' dir='ltr' id='par_1_6' title="bbox 239 623 1799 696">
     <span class='ocr_line' id='line_1_6' title="bbox 239 623 1799 696; baseline -0.004 -12"><span class='ocrx_word' id='word_1_28' title='bbox 239 632 361 684; x_wconf 82' lang='lat' dir='ltr'><strong>tione</strong></span> <span class='ocrx_word' id='word_1_29' title='bbox 385 627 676 682; x_wconf 83' lang='lat' dir='ltr'><strong>Matriteusi</strong></span> <span class='ocrx_word' id='word_1_30' title='bbox 695 623 1040 682; x_wconf 70' lang='lat' dir='ltr'><strong>Bibliotheca:</strong></span> <span class='ocrx_word' id='word_1_31' title='bbox 1058 630 1261 696; x_wconf 83' lang='lat' dir='ltr'><strong>Azagra</strong></span> <span class='ocrx_word' id='word_1_32' title='bbox 1287 625 1386 680; x_wconf 87' lang='lat' dir='ltr'>sub</span> <span class='ocrx_word' id='word_1_33' title='bbox 1415 626 1536 680; x_wconf 85' lang='lat' dir='ltr'><strong>solo</strong></span> <span class='ocrx_word' id='word_1_34' title='bbox 1563 625 1799 680; x_wconf 78' lang='lat' dir='ltr'><strong>Michae-</strong></span> 
     </span>
    </p>
   </div>
   <div class='ocr_carea' id='block_1_7' title="bbox 240 715 1802 788">
    <p class='ocr_par' dir='ltr' id='par_1_7' title="bbox 240 715 1802 788">
     <span class='ocr_line' id='line_1_7' title="bbox 240 715 1802 788; baseline -0.004 -12"><span class='ocrx_word' id='word_1_35' title='bbox 240 715 528 776; x_wconf 75' lang='lat' dir='ltr'><strong>lis&#39;nomine</strong></span> <span class='ocrx_word' id='word_1_36' title='bbox 565 717 842 782; x_wconf 80' lang='lat' dir='ltr'><strong>laudatur;</strong></span> <span class='ocrx_word' id='word_1_37' title='bbox 878 718 970 772; x_wconf 78' lang='lat' dir='ltr'><strong>Sl&#39;d</strong></span> <span class='ocrx_word' id='word_1_38' title='bbox 1005 719 1057 772; x_wconf 90' lang='lat' dir='ltr'><strong>in</strong></span> <span class='ocrx_word' id='word_1_39' title='bbox 1088 717 1268 772; x_wconf 90' lang='lat' dir='ltr'><strong>Iudice</strong></span> <span class='ocrx_word' id='word_1_40' title='bbox 1297 726 1578 788; x_wconf 74' lang='lat' dir='ltr'><strong>utrumque</strong></span> <span class='ocrx_word' id='word_1_41' title='bbox 1608 731 1802 770; x_wconf 86' lang='lat' dir='ltr'><strong>nomen</strong></span> 
     </span>
    </p>
   </div>
   <div class='ocr_carea' id='block_1_8' title="bbox 153 807 1807 882">
    <p class='ocr_par' dir='ltr' id='par_1_8' title="bbox 153 807 1807 882">
     <span class='ocr_line' id='line_1_8' title="bbox 153 807 1807 882; baseline -0.002 -18"><span class='ocrx_word' id='word_1_42' title='bbox 153 869 156 872; x_wconf 96' lang='lat'><em>_</em></span> <span class='ocrx_word' id='word_1_43' title='bbox 237 812 368 882; x_wconf 87' lang='lat' dir='ltr'><strong>quasi</strong></span> <span class='ocrx_word' id='word_1_44' title='bbox 408 809 634 864; x_wconf 88' lang='lat' dir='ltr'><strong>duorum</strong></span> <span class='ocrx_word' id='word_1_45' title='bbox 671 810 993 878; x_wconf 89' lang='lat' dir='ltr'><strong>scriptorum</strong></span> <span class='ocrx_word' id='word_1_46' title='bbox 1029 808 1244 865; x_wconf 78' lang='lat' dir='ltr'><strong>mansit.</strong></span> <span class='ocrx_word' id='word_1_47' title='bbox 1273 808 1330 863; x_wconf 91' lang='lat' dir='ltr'><strong>lu</strong></span> <span class='ocrx_word' id='word_1_48' title='bbox 1363 807 1599 863; x_wconf 85' lang='lat' dir='ltr'><strong>Censura</strong></span> <span class='ocrx_word' id='word_1_49' title='bbox 1627 808 1807 861; x_wconf 86' lang='lat' dir='ltr'><strong>llisto-</strong></span> 
     </span>
    </p>
   </div>
   <div class='ocr_carea' id='block_1_9' title="bbox 239 898 1806 969">
    <p class='ocr_par' dir='ltr' id='par_1_9' title="bbox 239 898 1806 969">
     <span class='ocr_line' id='line_1_9' title="bbox 239 898 1806 969; baseline -0.004 -11"><span class='ocrx_word' id='word_1_50' title='bbox 239 903 420 959; x_wconf 89' lang='lat' dir='ltr'><strong>riarum</strong></span> <span class='ocrx_word' id='word_1_51' title='bbox 449 901 707 968; x_wconf 84' lang='lat' dir='ltr'><strong>fabulos.,</strong></span> <span class='ocrx_word' id='word_1_52' title='bbox 733 916 892 969; x_wconf 82' lang='lat' dir='ltr'><strong>quam</strong></span> <span class='ocrx_word' id='word_1_53' title='bbox 923 900 1024 954; x_wconf 90' lang='lat' dir='ltr'><strong>hoc</strong></span> <span class='ocrx_word' id='word_1_54' title='bbox 1049 900 1251 954; x_wconf 67' lang='lat' dir='ltr'><strong>saeculo</strong></span> <span class='ocrx_word' id='word_1_55' title='bbox 1279 899 1564 968; x_wconf 90' lang='lat' dir='ltr'><strong>publicavit</strong></span> <span class='ocrx_word' id='word_1_56' title='bbox 1591 898 1806 969; x_wconf 79' lang='lat' dir='ltr'><strong>Mnyan-</strong></span> 
     </span>
    </p>
   </div>
   <div class='ocr_carea' id='block_1_10' title="bbox 239 989 1807 1060">
    <p class='ocr_par' dir='ltr' id='par_1_10' title="bbox 239 989 1807 1060">
     <span class='ocr_line' id='line_1_10' title="bbox 239 989 1807 1060; baseline -0.003 -12"><span class='ocrx_word' id='word_1_57' title='bbox 239 994 357 1056; x_wconf 71' lang='lat' dir='ltr'><strong>sius,</strong></span> <span class='ocrx_word' id='word_1_58' title='bbox 396 1007 636 1048; x_wconf 82' lang='lat' dir='ltr'><strong>errorem</strong></span> <span class='ocrx_word' id='word_1_59' title='bbox 684 1006 788 1060; x_wconf 89' lang='lat' dir='ltr'><strong>quo</strong></span> <span class='ocrx_word' id='word_1_60' title='bbox 829 989 1064 1045; x_wconf 81' lang='lat' dir='ltr'><strong>Joannes</strong></span> <span class='ocrx_word' id='word_1_61' title='bbox 1108 989 1325 1044; x_wconf 77' lang='lat' dir='ltr'><strong>ltuizius</strong></span> <span class='ocrx_word' id='word_1_62' title='bbox 1353 989 1557 1060; x_wconf 80' lang='lat' dir='ltr'><strong>Azagra</strong></span> <span class='ocrx_word' id='word_1_63' title='bbox 1589 998 1807 1043; x_wconf 87' lang='lat' dir='ltr'><strong>vocatus</strong></span> 
     </span>
    </p>
   </div>
   <div class='ocr_carea' id='block_1_11' title="bbox 239 1081 1806 1160">
    <p class='ocr_par' dir='ltr' id='par_1_11' title="bbox 239 1081 1806 1160">
     <span class='ocr_line' id='line_1_11' title="bbox 239 1081 1806 1160; baseline -0.005 -17"><span class='ocrx_word' id='word_1_64' title='bbox 239 1097 328 1150; x_wconf 88' lang='lat' dir='ltr'><strong>est,</strong></span> <span class='ocrx_word' id='word_1_65' title='bbox 359 1086 472 1160; x_wconf 85' lang='lat' dir='ltr'><strong>Nic.</strong></span> <span class='ocrx_word' id='word_1_66' title='bbox 508 1085 770 1139; x_wconf 77' lang='lat' dir='ltr'><strong>Antonius</strong></span> <span class='ocrx_word' id='word_1_67' title='bbox 809 1099 916 1137; x_wconf 90' lang='lat' dir='ltr'><strong>non</strong></span> <span class='ocrx_word' id='word_1_68' title='bbox 959 1083 1256 1147; x_wconf 88' lang='lat' dir='ltr'><strong>deleverat,</strong></span> <span class='ocrx_word' id='word_1_69' title='bbox 1286 1081 1380 1137; x_wconf 89' lang='lat' dir='ltr'><strong>sed</strong></span> <span class='ocrx_word' id='word_1_70' title='bbox 1424 1081 1570 1135; x_wconf 93' lang='lat' dir='ltr'><strong>illum</strong></span> <span class='ocrx_word' id='word_1_71' title='bbox 1604 1085 1655 1134; x_wconf 85' lang='lat' dir='ltr'><strong>in</strong></span> <span class='ocrx_word' id='word_1_72' title='bbox 1687 1081 1806 1135; x_wconf 77' lang='lat' dir='ltr'><strong>Vita</strong></span> 
     </span>
    </p>
   </div>
   <div class='ocr_carea' id='block_1_12' title="bbox 238 1173 1810 1246">
    <p class='ocr_par' dir='ltr' id='par_1_12' title="bbox 238 1173 1810 1246">
     <span class='ocr_line' id='line_1_12' title="bbox 238 1173 1810 1246; baseline -0.008 -10"><span class='ocrx_word' id='word_1_73' title='bbox 238 1180 342 1236; x_wconf 90' lang='lat' dir='ltr'><strong>Nic.</strong></span> <span class='ocrx_word' id='word_1_74' title='bbox 367 1179 578 1234; x_wconf 55' lang='lat' dir='ltr'><strong>Antonii</strong></span> <span class='ocrx_word' id='word_1_75' title='bbox 609 1178 863 1232; x_wconf 74' lang='lat' dir='ltr'><strong>Censura:</strong></span> <span class='ocrx_word' id='word_1_76' title='bbox 889 1175 1165 1246; x_wconf 65' lang='lat' dir='ltr'><strong>przcmissa</strong></span> <span class='ocrx_word' id='word_1_77' title='bbox 1190 1174 1564 1228; x_wconf 83' lang='lat' dir='ltr'><strong>animadvertit</strong></span> <span class='ocrx_word' id='word_1_78' title='bbox 1593 1173 1810 1244; x_wconf 80' lang='lat' dir='ltr'><strong>Mayan-</strong></span> 
     </span>
    </p>
   </div>
   <div class='ocr_carea' id='block_1_13' title="bbox 239 1265 1807 1338">
    <p class='ocr_par' dir='ltr' id='par_1_13' title="bbox 239 1265 1807 1338">
     <span class='ocr_line' id='line_1_13' title="bbox 239 1265 1807 1338; baseline -0.006 -12"><span class='ocrx_word' id='word_1_79' title='bbox 239 1274 361 1327; x_wconf 86' lang='lat' dir='ltr'><strong>sius.</strong></span> <span class='ocrx_word' id='word_1_80' title='bbox 403 1268 560 1326; x_wconf 82' lang='lat' dir='ltr'><strong>Aliud</strong></span> <span class='ocrx_word' id='word_1_81' title='bbox 601 1283 798 1323; x_wconf 86' lang='lat' dir='ltr'><strong>nomen</strong></span> <span class='ocrx_word' id='word_1_82' title='bbox 828 1282 1234 1338; x_wconf 67' lang='lat' dir='ltr'><strong>cognomenque</strong></span> <span class='ocrx_word' id='word_1_83' title='bbox 1264 1267 1486 1336; x_wconf 79' lang='lat' dir='ltr'><strong>Azagrae</strong></span> <span class='ocrx_word' id='word_1_84' title='bbox 1515 1265 1727 1334; x_wconf 71' lang='lat' dir='ltr'><strong>reperio</strong></span> <span class='ocrx_word' id='word_1_85' title='bbox 1757 1265 1807 1317; x_wconf 91' lang='lat' dir='ltr'><strong>in</strong></span> 
     </span>
    </p>
   </div>
   <div class='ocr_carea' id='block_1_14' title="bbox 239 1355 1810 1432">
    <p class='ocr_par' dir='ltr' id='par_1_14' title="bbox 239 1355 1810 1432">
     <span class='ocr_line' id='line_1_14' title="bbox 239 1355 1810 1432; baseline -0.006 -13"><span class='ocrx_word' id='word_1_86' title='bbox 239 1363 369 1419; x_wconf 85' lang='lat' dir='ltr'><strong>uotis</strong></span> <span class='ocrx_word' id='word_1_87' title='bbox 405 1362 599 1418; x_wconf 85' lang='lat' dir='ltr'><strong>Grialis</strong></span> <span class='ocrx_word' id='word_1_88' title='bbox 637 1361 704 1417; x_wconf 90' lang='lat' dir='ltr'><strong>ad</strong></span> <span class='ocrx_word' id='word_1_89' title='bbox 732 1375 850 1430; x_wconf 87' lang='lat' dir='ltr'><strong>cap.</strong></span> <span class='ocrx_word' id='word_1_90' title='bbox 883 1359 918 1412; x_wconf 99' lang='grc'><strong>2</strong></span> <span class='ocrx_word' id='word_1_91' title='bbox 945 1360 1034 1415; x_wconf 88' lang='lat' dir='ltr'><strong>lib.</strong></span> <span class='ocrx_word' id='word_1_92' title='bbox 1069 1377 1142 1414; x_wconf 83' lang='lat' dir='ltr'><strong>xu</strong></span> <span class='ocrx_word' id='word_1_93' title='bbox 1175 1361 1347 1432; x_wconf 78' lang='lat' dir='ltr'><strong>Etym.</strong></span> <span class='ocrx_word' id='word_1_94' title='bbox 1383 1357 1442 1414; x_wconf 90' lang='lat' dir='ltr'><strong>S.</strong></span> <span class='ocrx_word' id='word_1_95' title='bbox 1475 1357 1684 1424; x_wconf 88' lang='lat' dir='ltr'><strong>lsidori,</strong></span> <span class='ocrx_word' id='word_1_96' title='bbox 1718 1355 1810 1410; x_wconf 77' lang='lat' dir='ltr'><strong>tibi</strong></span> 
     </span>
    </p>
   </div>
   <div class='ocr_carea' id='block_1_15' title="bbox 238 1449 1800 1524">
    <p class='ocr_par' dir='ltr' id='par_1_15' title="bbox 238 1449 1800 1524">
     <span class='ocr_line' id='line_1_15' title="bbox 238 1449 1800 1524; baseline -0.007 -13"><span class='ocrx_word' id='word_1_97' title='bbox 238 1459 300 1512; x_wconf 89' lang='lat' dir='ltr'><strong>de</strong></span> <span class='ocrx_word' id='word_1_98' title='bbox 327 1455 513 1512; x_wconf 83' lang='lat' dir='ltr'><strong>codee</strong></span> <span class='ocrx_word' id='word_1_99' title='bbox 541 1456 832 1524; x_wconf 73' lang='lat' dir='ltr'><strong>Azagrensi</strong></span> <span class='ocrx_word' id='word_1_100' title='bbox 865 1453 940 1507; x_wconf 84' lang='lat' dir='ltr'><strong>ait</strong></span> <span class='ocrx_word' id='word_1_101' title='bbox 970 1469 982 1506; x_wconf 89' lang='lat'>:</span> <span class='ocrx_word' id='word_1_102' title='bbox 1013 1451 1170 1507; x_wconf 76' lang='lat' dir='ltr'><strong>Htmc</strong></span> <span class='ocrx_word' id='word_1_103' title='bbox 1196 1453 1380 1506; x_wconf 83' lang='lat' dir='ltr'><strong>librum</strong></span> <span class='ocrx_word' id='word_1_104' title='bbox 1421 1449 1650 1504; x_wconf 76' lang='lat' dir='ltr'><strong>Gottiicis</strong></span> <span class='ocrx_word' id='word_1_105' title='bbox 1689 1449 1800 1501; x_wconf 88' lang='lat' dir='ltr'><strong>cha-</strong></span> 
     </span>
    </p>
   </div>
   <div class='ocr_carea' id='block_1_16' title="bbox 236 1542 1807 1617">
    <p class='ocr_par' dir='ltr' id='par_1_16' title="bbox 236 1542 1807 1617">
     <span class='ocr_line' id='line_1_16' title="bbox 236 1542 1807 1617; baseline -0.005 -15"><span class='ocrx_word' id='word_1_106' title='bbox 236 1547 503 1602; x_wconf 83' lang='lat' dir='ltr'><strong>racteribus</strong></span> <span class='ocrx_word' id='word_1_107' title='bbox 528 1547 771 1617; x_wconf 88' lang='lat' dir='ltr'><strong>scriptum</strong></span> <span class='ocrx_word' id='word_1_108' title='bbox 816 1545 1113 1598; x_wconf 74' lang='lat' dir='ltr'><strong>bibliotheca</strong></span> <span class='ocrx_word' id='word_1_109' title='bbox 1155 1542 1371 1598; x_wconf 82' lang='lat' dir='ltr'><strong>Martini</strong></span> <span class='ocrx_word' id='word_1_110' title='bbox 1403 1543 1640 1598; x_wconf 77' lang='lat' dir='ltr'><strong>Roderici</strong></span> <span class='ocrx_word' id='word_1_111' title='bbox 1670 1542 1807 1596; x_wconf 77' lang='lat' dir='ltr'><strong>Aza-</strong></span> 
     </span>
    </p>
   </div>
   <div class='ocr_carea' id='block_1_17' title="bbox 235 1634 1810 1710">
    <p class='ocr_par' dir='ltr' id='par_1_17' title="bbox 235 1634 1810 1710">
     <span class='ocr_line' id='line_1_17' title="bbox 235 1634 1810 1710; baseline -0.005 -16"><span class='ocrx_word' id='word_1_112' title='bbox 235 1655 334 1710; x_wconf 72' lang='lat' dir='ltr'><strong>grat</strong></span> <span class='ocrx_word' id='word_1_113' title='bbox 360 1654 496 1693; x_wconf 84' lang='lat' dir='ltr'><strong>nunc</strong></span> <span class='ocrx_word' id='word_1_114' title='bbox 534 1645 722 1692; x_wconf 80' lang='lat' dir='ltr'><strong>servat.</strong></span> <span class='ocrx_word' id='word_1_115' title='bbox 755 1637 962 1708; x_wconf 84' lang='lat' dir='ltr'><strong>Quibus</strong></span> <span class='ocrx_word' id='word_1_116' title='bbox 1006 1637 1058 1690; x_wconf 93' lang='lat' dir='ltr'><strong>in</strong></span> <span class='ocrx_word' id='word_1_117' title='bbox 1109 1635 1282 1692; x_wconf 77' lang='lat' dir='ltr'><strong>verbis</strong></span> <span class='ocrx_word' id='word_1_118' title='bbox 1313 1635 1537 1690; x_wconf 79' lang='lat' dir='ltr'><strong>Rivinus</strong></span> <span class='ocrx_word' id='word_1_119' title='bbox 1566 1634 1632 1688; x_wconf 88' lang='lat' dir='ltr'><strong>ad</strong></span> <span class='ocrx_word' id='word_1_120' title='bbox 1675 1634 1810 1688; x_wconf 91' lang='lat' dir='ltr'><strong>Dra-</strong></span> 
     </span>
    </p>
   </div>
   <div class='ocr_carea' id='block_1_18' title="bbox 199 1725 1812 1799">
    <p class='ocr_par' dir='ltr' id='par_1_18' title="bbox 199 1725 1812 1799">
     <span class='ocr_line' id='line_1_18' title="bbox 199 1725 1812 1799; baseline -0.003 -13"><span class='ocrx_word' id='word_1_121' title='bbox 199 1775 204 1778; x_wconf 89' lang='lat'><strong>.</strong></span> <span class='ocrx_word' id='word_1_122' title='bbox 235 1730 462 1786; x_wconf 91' lang='lat' dir='ltr'><strong>contium</strong></span> <span class='ocrx_word' id='word_1_123' title='bbox 509 1730 618 1799; x_wconf 76' lang='lat'><strong>38</strong></span> <span class='ocrx_word' id='word_1_124' title='bbox 640 1728 890 1784; x_wconf 89' lang='lat' dir='ltr'><strong>eumdem</strong></span> <span class='ocrx_word' id='word_1_125' title='bbox 921 1728 1164 1796; x_wconf 76' lang='lat' dir='ltr'><strong>agnoscit</strong></span> <span class='ocrx_word' id='word_1_126' title='bbox 1207 1728 1498 1798; x_wconf 76' lang='lat' dir='ltr'><strong>Azagram,</strong></span> <span class='ocrx_word' id='word_1_127' title='bbox 1537 1741 1694 1796; x_wconf 86' lang='lat' dir='ltr'><strong>quem</strong></span> <span class='ocrx_word' id='word_1_128' title='bbox 1723 1725 1812 1781; x_wconf 88' lang='lat' dir='ltr'><strong>alii</strong></span> 
     </span>
    </p>
   </div>
   <div class='ocr_carea' id='block_1_19' title="bbox 1904 537 3490 610">
    <p class='ocr_par' dir='ltr' id='par_1_19' title="bbox 1904 537 3490 610">
     <span class='ocr_line' id='line_1_19' title="bbox 1904 537 3490 610; baseline 0.001 -18"><span class='ocrx_word' id='word_1_129' title='bbox 1904 539 2262 592; x_wconf 74' lang='lat' dir='ltr'><strong>correctionem</strong></span> <span class='ocrx_word' id='word_1_130' title='bbox 2283 537 2518 610; x_wconf 68' lang='lat' dir='ltr'><strong>obtrusit,</strong></span> <span class='ocrx_word' id='word_1_131' title='bbox 2534 540 2685 594; x_wconf 82' lang='lat' dir='ltr'><strong>veteri</strong></span> <span class='ocrx_word' id='word_1_132' title='bbox 2705 540 2916 606; x_wconf 70' lang='lat' dir='ltr'><strong>lectione</strong></span> <span class='ocrx_word' id='word_1_133' title='bbox 2939 541 3145 594; x_wconf 75' lang='lat' dir='ltr'><strong>codicis.</strong></span> <span class='ocrx_word' id='word_1_134' title='bbox 3165 554 3312 608; x_wconf 74' lang='lat' dir='ltr'><strong>quem</strong></span> <span class='ocrx_word' id='word_1_135' title='bbox 3331 557 3490 594; x_wconf 84' lang='lat' dir='ltr'><strong>unum</strong></span> 
     </span>
    </p>
   </div>
   <div class='ocr_carea' id='block_1_20' title="bbox 1906 627 3486 702">
    <p class='ocr_par' dir='ltr' id='par_1_20' title="bbox 1906 627 3486 702">
     <span class='ocr_line' id='line_1_20' title="bbox 1906 627 3486 702; baseline 0.001 -20"><span class='ocrx_word' id='word_1_136' title='bbox 1906 629 2170 698; x_wconf 80' lang='lat' dir='ltr'><strong>solumque</strong></span> <span class='ocrx_word' id='word_1_137' title='bbox 2196 637 2396 682; x_wconf 75' lang='lat' dir='ltr'><strong>exstare</strong></span> <span class='ocrx_word' id='word_1_138' title='bbox 2421 627 2666 702; x_wconf 77' lang='lat' dir='ltr'><strong>hactenus</strong></span> <span class='ocrx_word' id='word_1_139' title='bbox 2695 646 2796 682; x_wconf 86' lang='lat' dir='ltr'><strong>non</strong></span> <span class='ocrx_word' id='word_1_140' title='bbox 2825 631 2928 700; x_wconf 72' lang='lat' dir='ltr'><strong>igtt&#39;</strong></span> <span class='ocrx_word' id='word_1_141' title='bbox 2946 631 3111 694; x_wconf 57' lang='lat' dir='ltr'><strong>raliat,</strong></span> <span class='ocrx_word' id='word_1_142' title='bbox 3145 631 3486 696; x_wconf 74' lang='lat' dir='ltr'><strong>dissimulata,</strong></span> 
     </span>
    </p>
   </div>
   <div class='ocr_carea' id='block_1_21' title="bbox 1905 720 3496 790">
    <p class='ocr_par' dir='ltr' id='par_1_21' title="bbox 1905 720 3496 790">
     <span class='ocr_line' id='line_1_21' title="bbox 1905 720 3496 790; baseline 0.004 -18"><span class='ocrx_word' id='word_1_143' title='bbox 1905 735 2021 774; x_wconf 88' lang='lat' dir='ltr'><strong>cum</strong></span> <span class='ocrx_word' id='word_1_144' title='bbox 2066 735 2119 774; x_wconf 88' lang='lat' dir='ltr'><strong>se</strong></span> <span class='ocrx_word' id='word_1_145' title='bbox 2161 735 2244 775; x_wconf 87' lang='lat' dir='ltr'><strong>eos</strong></span> <span class='ocrx_word' id='word_1_146' title='bbox 2287 720 2693 790; x_wconf 87' lang='lat' dir='ltr'><strong>corruptissimos</strong></span> <span class='ocrx_word' id='word_1_147' title='bbox 2737 721 2982 776; x_wconf 72' lang='lat' dir='ltr'><strong>invenisse</strong></span> <span class='ocrx_word' id='word_1_148' title='bbox 3029 721 3268 788; x_wconf 73' lang='lat' dir='ltr'><strong>fateatur.</strong></span> <span class='ocrx_word' id='word_1_149' title='bbox 3312 721 3496 778; x_wconf 83' lang='lat' dir='ltr'><strong>Adisi-s</strong></span> 
     </span>
    </p>
   </div>
   <div class='ocr_carea' id='block_1_22' title="bbox 1908 809 2180 865">
    <p class='ocr_par' dir='ltr' id='par_1_22' title="bbox 1908 809 2180 865">
     <span class='ocr_line' id='line_1_22' title="bbox 1908 809 2180 865; baseline -0.007 0"><span class='ocrx_word' id='word_1_150' title='bbox 1908 827 2054 865; x_wconf 89' lang='lat' dir='ltr'><strong>num.</strong></span> <span class='ocrx_word' id='word_1_151' title='bbox 2093 809 2180 864; x_wconf 79' lang='grc'><strong>15.</strong></span> 
     </span>
    </p>
   </div>
   <div class='ocr_carea' id='block_1_23' title="bbox 1977 903 3494 974">
    <p class='ocr_par' dir='ltr' id='par_1_23' title="bbox 1977 903 3494 974">
     <span class='ocr_line' id='line_1_23' title="bbox 1977 903 3494 974; baseline 0.001 -14"><span class='ocrx_word' id='word_1_152' title='bbox 1977 904 2068 960; x_wconf 75' lang='grc'><strong>46.</strong></span> <span class='ocrx_word' id='word_1_153' title='bbox 2109 903 2226 958; x_wconf 86' lang='lat' dir='ltr'><strong>Jam</strong></span> <span class='ocrx_word' id='word_1_154' title='bbox 2259 917 2388 958; x_wconf 88' lang='lat' dir='ltr'><strong>vero</strong></span> <span class='ocrx_word' id='word_1_155' title='bbox 2415 919 2520 972; x_wconf 90' lang='lat' dir='ltr'><strong>quo</strong></span> <span class='ocrx_word' id='word_1_156' title='bbox 2545 904 2729 958; x_wconf 80' lang='lat' dir='ltr'><strong>codice</strong></span> <span class='ocrx_word' id='word_1_157' title='bbox 2761 905 2812 958; x_wconf 90' lang='lat' dir='ltr'><strong>in</strong></span> <span class='ocrx_word' id='word_1_158' title='bbox 2841 919 2937 958; x_wconf 87' lang='lat' dir='ltr'><strong>sua</strong></span> <span class='ocrx_word' id='word_1_159' title='bbox 2967 904 3200 974; x_wconf 79' lang='lat' dir='ltr'><strong>editione</strong></span> <span class='ocrx_word' id='word_1_160' title='bbox 3222 919 3350 964; x_wconf 88' lang='lat' dir='ltr'><strong>usus</strong></span> <span class='ocrx_word' id='word_1_161' title='bbox 3373 905 3494 962; x_wconf 80' lang='lat' dir='ltr'><strong>fue-</strong></span> 
     </span>
    </p>
   </div>
   <div class='ocr_carea' id='block_1_24' title="bbox 1907 993 3494 1061">
    <p class='ocr_par' dir='ltr' id='par_1_24' title="bbox 1907 993 3494 1061">
     <span class='ocr_line' id='line_1_24' title="bbox 1907 993 3494 1061; baseline -0.001 -10"><span class='ocrx_word' id='word_1_162' title='bbox 1907 997 1979 1051; x_wconf 86' lang='lat' dir='ltr'><strong>rit</strong></span> <span class='ocrx_word' id='word_1_163' title='bbox 2003 993 2340 1058; x_wconf 86' lang='lat' dir='ltr'><strong>Sirtnondus,</strong></span> <span class='ocrx_word' id='word_1_164' title='bbox 2369 993 2596 1047; x_wconf 88' lang='lat' dir='ltr'><strong>dubitari</strong></span> <span class='ocrx_word' id='word_1_165' title='bbox 2629 1003 2828 1061; x_wconf 66' lang='lat' dir='ltr'><strong>posset,</strong></span> <span class='ocrx_word' id='word_1_166' title='bbox 2863 1009 2925 1048; x_wconf 89' lang='lat' dir='ltr'><strong>ac</strong></span> <span class='ocrx_word' id='word_1_167' title='bbox 2962 1009 3147 1049; x_wconf 81' lang='lat' dir='ltr'><strong>revera</strong></span> <span class='ocrx_word' id='word_1_168' title='bbox 3181 996 3233 1048; x_wconf 90' lang='lat' dir='ltr'><strong>in</strong></span> <span class='ocrx_word' id='word_1_169' title='bbox 3263 1012 3327 1050; x_wconf 67' lang='grc' dir='ltr'><strong>ρο</strong></span> <span class='ocrx_word' id='word_1_170' title='bbox 3357 999 3494 1052; x_wconf 87' lang='lat' dir='ltr'><strong>assi-</strong></span> 
     </span>
    </p>
   </div>
   <div class='ocr_carea' id='block_1_25' title="bbox 1911 1083 3490 1156">
    <p class='ocr_par' dir='ltr' id='par_1_25' title="bbox 1911 1083 3490 1156">
     <span class='ocr_line' id='line_1_25' title="bbox 1911 1083 3490 1156; baseline 0 -16"><span class='ocrx_word' id='word_1_171' title='bbox 1911 1086 2123 1156; x_wconf 76' lang='lat' dir='ltr'><strong>gnando</strong></span> <span class='ocrx_word' id='word_1_172' title='bbox 2153 1083 2394 1140; x_wconf 90' lang='lat' dir='ltr'><strong>nonnulli</strong></span> <span class='ocrx_word' id='word_1_173' title='bbox 2428 1084 2566 1138; x_wconf 89' lang='lat' dir='ltr'><strong>inter</strong></span> <span class='ocrx_word' id='word_1_174' title='bbox 2594 1098 2714 1138; x_wconf 88' lang='lat' dir='ltr'><strong>sese</strong></span> <span class='ocrx_word' id='word_1_175' title='bbox 2740 1083 3086 1151; x_wconf 77' lang='lat' dir='ltr'><strong>dissentiunt,</strong></span> <span class='ocrx_word' id='word_1_176' title='bbox 3121 1095 3179 1138; x_wconf 90' lang='lat' dir='ltr'><strong>ut</strong></span> <span class='ocrx_word' id='word_1_177' title='bbox 3205 1086 3313 1140; x_wconf 81' lang='lat' dir='ltr'><strong>dixi</strong></span> <span class='ocrx_word' id='word_1_178' title='bbox 3343 1103 3490 1142; x_wconf 90' lang='lat' dir='ltr'><strong>num.</strong></span> 
     </span>
    </p>
   </div>
   <div class='ocr_carea' id='block_1_26' title="bbox 1915 1173 3496 1244">
    <p class='ocr_par' dir='ltr' id='par_1_26' title="bbox 1915 1173 3496 1244">
     <span class='ocr_line' id='line_1_26' title="bbox 1915 1173 3496 1244; baseline 0.001 -14"><span class='ocrx_word' id='word_1_179' title='bbox 1915 1177 2000 1232; x_wconf 73' lang='grc'><strong>14.</strong></span> <span class='ocrx_word' id='word_1_180' title='bbox 2034 1177 2138 1232; x_wconf 90' lang='lat' dir='ltr'><strong>Sed</strong></span> <span class='ocrx_word' id='word_1_181' title='bbox 2168 1191 2380 1232; x_wconf 87' lang='lat' dir='ltr'><strong>omnem</strong></span> <span class='ocrx_word' id='word_1_182' title='bbox 2409 1173 2797 1230; x_wconf 84' lang='lat' dir='ltr'><strong>dubitationem</strong></span> <span class='ocrx_word' id='word_1_183' title='bbox 2847 1177 3005 1244; x_wconf 87' lang='lat' dir='ltr'><strong>plane</strong></span> <span class='ocrx_word' id='word_1_184' title='bbox 3039 1176 3180 1230; x_wconf 91' lang='lat' dir='ltr'><strong>tollit</strong></span> <span class='ocrx_word' id='word_1_185' title='bbox 3206 1176 3382 1230; x_wconf 83' lang='lat' dir='ltr'><strong>editor</strong></span> <span class='ocrx_word' id='word_1_186' title='bbox 3406 1193 3496 1232; x_wconf 80' lang='lat' dir='ltr'><strong>ca-</strong></span> 
     </span>
    </p>
   </div>
   <div class='ocr_carea' id='block_1_27' title="bbox 1911 1268 3496 1341">
    <p class='ocr_par' dir='ltr' id='par_1_27' title="bbox 1911 1268 3496 1341">
     <span class='ocr_line' id='line_1_27' title="bbox 1911 1268 3496 1341; baseline -0.002 -14"><span class='ocrx_word' id='word_1_187' title='bbox 1911 1271 2070 1341; x_wconf 84' lang='lat' dir='ltr'><strong>talogi</strong></span> <span class='ocrx_word' id='word_1_188' title='bbox 2104 1270 2362 1326; x_wconf 81' lang='lat' dir='ltr'><strong>librorum</strong></span> <span class='ocrx_word' id='word_1_189' title='bbox 2401 1285 2536 1326; x_wconf 87' lang='lat' dir='ltr'><strong>mss.</strong></span> <span class='ocrx_word' id='word_1_190' title='bbox 2581 1268 2918 1324; x_wconf 56' lang='lat' dir='ltr'><strong>bibliothecas</strong></span> <span class='ocrx_word' id='word_1_191' title='bbox 2964 1268 3125 1338; x_wconf 76' lang='lat' dir='ltr'><strong>regia:</strong></span> <span class='ocrx_word' id='word_1_192' title='bbox 3157 1269 3496 1336; x_wconf 81' lang='lat' dir='ltr'><strong>Parisiensis,</strong></span> 
     </span>
    </p>
   </div>
   <div class='ocr_carea' id='block_1_28' title="bbox 1912 1362 3494 1436">
    <p class='ocr_par' dir='ltr' id='par_1_28' title="bbox 1912 1362 3494 1436">
     <span class='ocr_line' id='line_1_28' title="bbox 1912 1362 3494 1436; baseline 0.001 -18"><span class='ocrx_word' id='word_1_193' title='bbox 1912 1364 2002 1436; x_wconf 88' lang='lat' dir='ltr'><strong>qui</strong></span> <span class='ocrx_word' id='word_1_194' title='bbox 2028 1364 2266 1420; x_wconf 88' lang='lat' dir='ltr'><strong>codicem</strong></span> <span class='ocrx_word' id='word_1_195' title='bbox 2289 1363 2432 1419; x_wconf 78' lang='grc'>2852</span> <span class='ocrx_word' id='word_1_196' title='bbox 2459 1362 2948 1430; x_wconf 79' lang='lat' dir='ltr'><strong>membranacoum,</strong></span> <span class='ocrx_word' id='word_1_197' title='bbox 2971 1365 3101 1418; x_wconf 93' lang='lat' dir='ltr'><strong>olim</strong></span> <span class='ocrx_word' id='word_1_198' title='bbox 3131 1363 3494 1434; x_wconf 80' lang='lat' dir='ltr'><strong>Bigotianum,</strong></span> 
     </span>
    </p>
   </div>
   <div class='ocr_carea' id='block_1_29' title="bbox 1912 1453 3494 1532">
    <p class='ocr_par' dir='ltr' id='par_1_29' title="bbox 1912 1453 3494 1532">
     <span class='ocr_line' id='line_1_29' title="bbox 1912 1453 3494 1532; baseline -0.001 -21"><span class='ocrx_word' id='word_1_199' title='bbox 1912 1455 2111 1512; x_wconf 64' lang='lat' dir='ltr'><strong>saeculo</strong></span> <span class='ocrx_word' id='word_1_200' title='bbox 2141 1471 2191 1510; x_wconf 73' lang='grc' dir='ltr'><strong>ιι</strong></span> <span class='ocrx_word' id='word_1_201' title='bbox 2221 1454 2437 1511; x_wconf 83' lang='lat' dir='ltr'><strong>circiter</strong></span> <span class='ocrx_word' id='word_1_202' title='bbox 2465 1463 2737 1532; x_wconf 81' lang='lat' dir='ltr'><strong>exaratum</strong></span> <span class='ocrx_word' id='word_1_203' title='bbox 2761 1497 2776 1520; x_wconf 89' lang='lat'><strong>,</strong></span> <span class='ocrx_word' id='word_1_204' title='bbox 2815 1455 2884 1508; x_wconf 93' lang='lat' dir='ltr'><strong>ita</strong></span> <span class='ocrx_word' id='word_1_205' title='bbox 2913 1462 3157 1508; x_wconf 87' lang='lat' dir='ltr'><strong>recenset</strong></span> <span class='ocrx_word' id='word_1_206' title='bbox 3183 1472 3194 1506; x_wconf 92' lang='lat'><strong>:</strong></span> <span class='ocrx_word' id='word_1_207' title='bbox 3225 1453 3280 1508; x_wconf 86' lang='grc'><strong>1⁸</strong></span> <span class='ocrx_word' id='word_1_208' title='bbox 3323 1453 3494 1524; x_wconf 79' lang='lat' dir='ltr'><strong>Euge-</strong></span> 
     </span>
    </p>
   </div>
   <div class='ocr_carea' id='block_1_30' title="bbox 1914 1545 3496 1619">
    <p class='ocr_par' dir='ltr' id='par_1_30' title="bbox 1914 1545 3496 1619">
     <span class='ocr_line' id='line_1_30' title="bbox 1914 1545 3496 1619; baseline -0.004 -15"><span class='ocrx_word' id='word_1_209' title='bbox 1914 1551 1984 1604; x_wconf 86' lang='lat' dir='ltr'><strong>nii</strong></span> <span class='ocrx_word' id='word_1_210' title='bbox 2011 1550 2246 1604; x_wconf 76' lang='lat' dir='ltr'><strong>Toletani</strong></span> <span class='ocrx_word' id='word_1_211' title='bbox 2271 1549 2524 1619; x_wconf 86' lang='lat' dir='ltr'><strong>poematia</strong></span> <span class='ocrx_word' id='word_1_212' title='bbox 2551 1549 2641 1610; x_wconf 77' lang='lat'><strong>31,</strong></span> <span class='ocrx_word' id='word_1_213' title='bbox 2663 1547 2840 1600; x_wconf 88' lang='lat' dir='ltr'><strong>eadem</strong></span> <span class='ocrx_word' id='word_1_214' title='bbox 2867 1562 2981 1613; x_wconf 78' lang='lat' dir='ltr'><strong>qua:</strong></span> <span class='ocrx_word' id='word_1_215' title='bbox 3000 1563 3032 1600; x_wconf 90' lang='lat' dir='ltr'><strong>a</strong></span> <span class='ocrx_word' id='word_1_216' title='bbox 3056 1545 3334 1602; x_wconf 85' lang='lat' dir='ltr'><strong>Sirmondo</strong></span> <span class='ocrx_word' id='word_1_217' title='bbox 3358 1546 3496 1599; x_wconf 86' lang='lat' dir='ltr'><strong>edita</strong></span> 
     </span>
    </p>
   </div>
   <div class='ocr_carea' id='block_1_31' title="bbox 1889 1635 3500 1711">
    <p class='ocr_par' dir='ltr' id='par_1_31' title="bbox 1889 1635 3500 1711">
     <span class='ocr_line' id='line_1_31' title="bbox 1889 1635 3500 1711; baseline -0.004 -16"><span class='ocrx_word' id='word_1_218' title='bbox 1889 1642 2170 1711; x_wconf 81' lang='lat' dir='ltr'><strong>&quot;fuerunt;</strong></span> <span class='ocrx_word' id='word_1_219' title='bbox 2211 1640 2272 1694; x_wconf 76' lang='grc'>2⁸</span> <span class='ocrx_word' id='word_1_220' title='bbox 2313 1639 2582 1692; x_wconf 86' lang='lat' dir='ltr'><strong>Dracontii</strong></span> <span class='ocrx_word' id='word_1_221' title='bbox 2630 1638 2906 1708; x_wconf 84' lang='lat' dir='ltr'><strong>presbyteri</strong></span> <span class='ocrx_word' id='word_1_222' title='bbox 2945 1654 3148 1691; x_wconf 87' lang='lat' dir='ltr'><strong>carmen</strong></span> <span class='ocrx_word' id='word_1_223' title='bbox 3178 1639 3243 1692; x_wconf 88' lang='lat' dir='ltr'><strong>de</strong></span> <span class='ocrx_word' id='word_1_224' title='bbox 3273 1635 3500 1690; x_wconf 83' lang='lat' dir='ltr'><strong>Fabrica</strong></span> 
     </span>
    </p>
   </div>
   <div class='ocr_carea' id='block_1_32' title="bbox 1917 1729 3499 1803">
    <p class='ocr_par' dir='ltr' id='par_1_32' title="bbox 1917 1729 3499 1803">
     <span class='ocr_line' id='line_1_32' title="bbox 1917 1729 3499 1803; baseline -0.004 -13"><span class='ocrx_word' id='word_1_225' title='bbox 1917 1737 2113 1803; x_wconf 87' lang='lat' dir='ltr'><strong>mundi,</strong></span> <span class='ocrx_word' id='word_1_226' title='bbox 2135 1735 2236 1789; x_wconf 82' lang='lat' dir='ltr'><strong>sive</strong></span> <span class='ocrx_word' id='word_1_227' title='bbox 2257 1732 2584 1788; x_wconf 71' lang='lat' dir='ltr'><strong>Hexameron</strong></span> <span class='ocrx_word' id='word_1_228' title='bbox 2607 1748 2625 1786; x_wconf 89' lang='lat'><strong><em>:</em></strong></span> <span class='ocrx_word' id='word_1_229' title='bbox 2651 1733 2978 1803; x_wconf 65' lang='lat' dir='ltr'><strong>praemittitur</strong></span> <span class='ocrx_word' id='word_1_230' title='bbox 3005 1730 3224 1801; x_wconf 85' lang='lat' dir='ltr'><strong>Eugenii</strong></span> <span class='ocrx_word' id='word_1_231' title='bbox 3253 1731 3320 1783; x_wconf 87' lang='lat' dir='ltr'><strong>ad</strong></span> <span class='ocrx_word' id='word_1_232' title='bbox 3343 1729 3499 1784; x_wconf 70' lang='lat' dir='ltr'><strong>Chin~</strong></span> 
     </span>
    </p>
   </div>
   <div class='ocr_carea' id='block_1_33' title="bbox 238 1808 3498 1898">
    <p class='ocr_par' dir='ltr' id='par_1_33' title="bbox 238 1808 3498 1898">
     <span class='ocr_line' id='line_1_33' title="bbox 238 1808 3498 1898; baseline -0.004 -22"><span class='ocrx_word' id='word_1_233' title='bbox 238 1821 440 1876; x_wconf 81' lang='lat' dir='ltr'><strong>Petrum</strong></span> <span class='ocrx_word' id='word_1_234' title='bbox 463 1815 729 1888; x_wconf 79' lang='lat' dir='ltr'><strong>Ruizium,</strong></span> <span class='ocrx_word' id='word_1_235' title='bbox 748 1819 838 1874; x_wconf 87' lang='lat' dir='ltr'><strong>alii</strong></span> <span class='ocrx_word' id='word_1_236' title='bbox 859 1819 1168 1874; x_wconf 78' lang='lat' dir='ltr'><strong>Michaelem</strong></span> <span class='ocrx_word' id='word_1_237' title='bbox 1189 1819 1433 1874; x_wconf 81' lang='lat' dir='ltr'><strong>Ruizium</strong></span> <span class='ocrx_word' id='word_1_238' title='bbox 1455 1819 1812 1890; x_wconf 82' lang='lat' dir='ltr'><strong>appellarunt.</strong></span> <span class='ocrx_word' id='word_1_239' title='bbox 1845 1808 1894 1868; x_wconf 88' lang='lat' dir='ltr'><strong>B</strong></span> <span class='ocrx_word' id='word_1_240' title='bbox 1919 1829 2250 1885; x_wconf 64' lang='lat' dir='ltr'><strong>dasuinthum</strong></span> <span class='ocrx_word' id='word_1_241' title='bbox 2277 1843 2444 1898; x_wconf 80' lang='lat' dir='ltr'><strong>regem</strong></span> <span class='ocrx_word' id='word_1_242' title='bbox 2472 1826 2720 1896; x_wconf 82' lang='lat' dir='ltr'><strong>epistola,</strong></span> <span class='ocrx_word' id='word_1_243' title='bbox 2760 1843 2860 1894; x_wconf 83' lang='lat' dir='ltr'><strong>qua</strong></span> <span class='ocrx_word' id='word_1_244' title='bbox 2900 1824 3149 1878; x_wconf 79' lang='lat' dir='ltr'><strong>nonnulla</strong></span> <span class='ocrx_word' id='word_1_245' title='bbox 3179 1825 3232 1878; x_wconf 74' lang='lat' dir='ltr'><strong>in</strong></span> <span class='ocrx_word' id='word_1_246' title='bbox 3267 1840 3329 1878; x_wconf 77' lang='grc' dir='ltr'><strong>ρο</strong></span> <span class='ocrx_word' id='word_1_247' title='bbox 3361 1823 3498 1876; x_wconf 75' lang='grc' dir='ltr'><strong>θνα-</strong></span> 
     </span>
    </p>
   </div>
   <div class='ocr_carea' id='block_1_34' title="bbox 237 1909 1810 1983">
    <p class='ocr_par' dir='ltr' id='par_1_34' title="bbox 237 1909 1810 1983">
     <span class='ocr_line' id='line_1_34' title="bbox 237 1909 1810 1983; baseline -0.001 -15"><span class='ocrx_word' id='word_1_248' title='bbox 237 1911 334 1968; x_wconf 85' lang='lat' dir='ltr'><strong>Sed</strong></span> <span class='ocrx_word' id='word_1_249' title='bbox 357 1911 578 1966; x_wconf 80' lang='lat' dir='ltr'><strong>fortasse</strong></span> <span class='ocrx_word' id='word_1_250' title='bbox 605 1909 840 1966; x_wconf 88' lang='lat' dir='ltr'><strong>Grialius</strong></span> <span class='ocrx_word' id='word_1_251' title='bbox 862 1911 1129 1967; x_wconf 86' lang='lat' dir='ltr'><strong>hominem</strong></span> <span class='ocrx_word' id='word_1_252' title='bbox 1155 1913 1316 1966; x_wconf 88' lang='lat' dir='ltr'><strong>alium</strong></span> <span class='ocrx_word' id='word_1_253' title='bbox 1351 1911 1546 1979; x_wconf 90' lang='lat' dir='ltr'><strong>innu&#39;t,</strong></span> <span class='ocrx_word' id='word_1_254' title='bbox 1567 1913 1631 1966; x_wconf 85' lang='lat' dir='ltr'><strong>ad</strong></span> <span class='ocrx_word' id='word_1_255' title='bbox 1649 1927 1810 1983; x_wconf 88' lang='lat' dir='ltr'><strong>quem</strong></span> 
     </span>
    </p>
   </div>
   <div class='ocr_carea' id='block_1_35' title="bbox 235 2001 1816 2076">
    <p class='ocr_par' dir='ltr' id='par_1_35' title="bbox 235 2001 1816 2076">
     <span class='ocr_line' id='line_1_35' title="bbox 235 2001 1816 2076; baseline 0.003 -18"><span class='ocrx_word' id='word_1_256' title='bbox 235 2003 266 2058; x_wconf 90' lang='lat' dir='ltr'><strong>b</strong></span> <span class='ocrx_word' id='word_1_257' title='bbox 287 2001 546 2058; x_wconf 87' lang='lat' dir='ltr'><strong>bliotheca</strong></span> <span class='ocrx_word' id='word_1_258' title='bbox 577 2002 852 2058; x_wconf 75' lang='lat' dir='ltr'><strong>Michaelis</strong></span> <span class='ocrx_word' id='word_1_259' title='bbox 873 2002 1046 2058; x_wconf 79' lang='lat' dir='ltr'><strong>Ruizii</strong></span> <span class='ocrx_word' id='word_1_260' title='bbox 1071 2004 1314 2074; x_wconf 63' lang='lat' dir='ltr'><strong>Azagrar,</strong></span> <span class='ocrx_word' id='word_1_261' title='bbox 1346 2003 1816 2076; x_wconf 66' lang='lat' dir='ltr'><strong>ba2reditatisjure</strong></span> 
     </span>
    </p>
   </div>
   <div class='ocr_carea' id='block_1_36' title="bbox 235 2094 1102 2165">
    <p class='ocr_par' dir='ltr' id='par_1_36' title="bbox 235 2094 1102 2165">
     <span class='ocr_line' id='line_1_36' title="bbox 235 2094 1102 2165; baseline 0.001 -17"><span class='ocrx_word' id='word_1_262' title='bbox 235 2104 316 2148; x_wconf 83' lang='lat' dir='ltr'><strong>aut</strong></span> <span class='ocrx_word' id='word_1_263' title='bbox 345 2094 448 2147; x_wconf 86' lang='lat' dir='ltr'><strong>alia</strong></span> <span class='ocrx_word' id='word_1_264' title='bbox 479 2094 709 2164; x_wconf 83' lang='lat' dir='ltr'><strong>ratione,</strong></span> <span class='ocrx_word' id='word_1_265' title='bbox 735 2094 1102 2165; x_wconf 83' lang='lat' dir='ltr'><strong>pervenisset.</strong></span> 
     </span>
    </p>
   </div>
   <div class='ocr_carea' id='block_1_37' title="bbox 295 2173 1818 2258">
    <p class='ocr_par' dir='ltr' id='par_1_37' title="bbox 295 2173 1818 2258">
     <span class='ocr_line' id='line_1_37' title="bbox 295 2173 1818 2258; baseline 0.003 -16"><span class='ocrx_word' id='word_1_266' title='bbox 295 2185 388 2242; x_wconf 69' lang='grc'><strong>45.</strong></span> <span class='ocrx_word' id='word_1_267' title='bbox 431 2187 498 2242; x_wconf 80' lang='lat' dir='ltr'><strong>At</strong></span> <span class='ocrx_word' id='word_1_268' title='bbox 521 2202 648 2242; x_wconf 89' lang='lat' dir='ltr'><strong>vero</strong></span> <span class='ocrx_word' id='word_1_269' title='bbox 675 2187 790 2243; x_wconf 83' lang='lat' dir='ltr'><strong>sive</strong></span> <span class='ocrx_word' id='word_1_270' title='bbox 804 2173 1034 2243; x_wconf 82' lang='lat' dir='ltr'><strong>Grialius</strong></span> <span class='ocrx_word' id='word_1_271' title='bbox 1052 2189 1364 2244; x_wconf 82' lang='lat' dir='ltr'><strong>Michaelem</strong></span> <span class='ocrx_word' id='word_1_272' title='bbox 1391 2190 1676 2258; x_wconf 68' lang='lat' dir='ltr'><strong>intelligat,</strong></span> <span class='ocrx_word' id='word_1_273' title='bbox 1701 2193 1818 2247; x_wconf 84' lang='lat' dir='ltr'><strong>sive</strong></span> 
     </span>
    </p>
   </div>
   <div class='ocr_carea' id='block_1_38' title="bbox 233 2276 1814 2350">
    <p class='ocr_par' dir='ltr' id='par_1_38' title="bbox 233 2276 1814 2350">
     <span class='ocr_line' id='line_1_38' title="bbox 233 2276 1814 2350; baseline 0.003 -18"><span class='ocrx_word' id='word_1_274' title='bbox 233 2278 390 2332; x_wconf 90' lang='lat' dir='ltr'><strong>alium</strong></span> <span class='ocrx_word' id='word_1_275' title='bbox 425 2293 454 2330; x_wconf 90' lang='lat' dir='ltr'><strong>a</strong></span> <span class='ocrx_word' id='word_1_276' title='bbox 503 2276 758 2332; x_wconf 71' lang='lat' dir='ltr'><strong>Michaele</strong></span> <span class='ocrx_word' id='word_1_277' title='bbox 785 2277 1090 2344; x_wconf 78' lang='lat' dir='ltr'><strong>diversum,</strong></span> <span class='ocrx_word' id='word_1_278' title='bbox 1116 2280 1166 2333; x_wconf 91' lang='lat' dir='ltr'><strong>in</strong></span> <span class='ocrx_word' id='word_1_279' title='bbox 1197 2294 1256 2334; x_wconf 90' lang='lat' dir='ltr'><strong>re</strong></span> <span class='ocrx_word' id='word_1_280' title='bbox 1289 2282 1398 2350; x_wconf 89' lang='lat' dir='ltr'><strong>ipsa</strong></span> <span class='ocrx_word' id='word_1_281' title='bbox 1433 2281 1646 2336; x_wconf 88' lang='lat' dir='ltr'><strong>videtur</strong></span> <span class='ocrx_word' id='word_1_282' title='bbox 1681 2281 1814 2337; x_wconf 84' lang='lat' dir='ltr'><strong>falli.</strong></span> 
     </span>
    </p>
   </div>
   <div class='ocr_carea' id='block_1_39' title="bbox 235 2369 1820 2440">
    <p class='ocr_par' dir='ltr' id='par_1_39' title="bbox 235 2369 1820 2440">
     <span class='ocr_line' id='line_1_39' title="bbox 235 2369 1820 2440; baseline 0.004 -16"><span class='ocrx_word' id='word_1_283' title='bbox 235 2369 346 2438; x_wconf 91' lang='lat' dir='ltr'><strong>Ipse</strong></span> <span class='ocrx_word' id='word_1_284' title='bbox 371 2369 513 2424; x_wconf 87' lang='lat' dir='ltr'><strong>enim</strong></span> <span class='ocrx_word' id='word_1_285' title='bbox 537 2385 698 2438; x_wconf 86' lang='lat' dir='ltr'><strong>opera</strong></span> <span class='ocrx_word' id='word_1_286' title='bbox 725 2371 780 2424; x_wconf 86' lang='lat' dir='ltr'><strong>S.</strong></span> <span class='ocrx_word' id='word_1_287' title='bbox 813 2369 1000 2424; x_wconf 89' lang='lat' dir='ltr'><strong>lsidori</strong></span> <span class='ocrx_word' id='word_1_288' title='bbox 1033 2371 1224 2426; x_wconf 82' lang='lat' dir='ltr'><strong>edebat</strong></span> <span class='ocrx_word' id='word_1_289' title='bbox 1249 2387 1391 2426; x_wconf 89' lang='lat' dir='ltr'><strong>anno</strong></span> <span class='ocrx_word' id='word_1_290' title='bbox 1422 2374 1582 2440; x_wconf 73' lang='lat'><strong>1599,</strong></span> <span class='ocrx_word' id='word_1_291' title='bbox 1618 2385 1671 2429; x_wconf 83' lang='lat' dir='ltr'><strong>et</strong></span> <span class='ocrx_word' id='word_1_292' title='bbox 1696 2385 1820 2430; x_wconf 89' lang='lat' dir='ltr'><strong>ante</strong></span> 
     </span>
    </p>
   </div>
   <div class='ocr_carea' id='block_1_40' title="bbox 233 2461 1821 2531">
    <p class='ocr_par' dir='ltr' id='par_1_40' title="bbox 233 2461 1821 2531">
     <span class='ocr_line' id='line_1_40' title="bbox 233 2461 1821 2531; baseline 0.003 -16"><span class='ocrx_word' id='word_1_293' title='bbox 233 2462 282 2515; x_wconf 88' lang='lat' dir='ltr'><strong>id</strong></span> <span class='ocrx_word' id='word_1_294' title='bbox 309 2473 515 2530; x_wconf 86' lang='lat' dir='ltr'><strong>tempus</strong></span> <span class='ocrx_word' id='word_1_295' title='bbox 541 2461 780 2516; x_wconf 89' lang='lat' dir='ltr'><strong>codicem</strong></span> <span class='ocrx_word' id='word_1_296' title='bbox 813 2461 1174 2531; x_wconf 79' lang='lat' dir='ltr'><strong>Azagrensem</strong></span> <span class='ocrx_word' id='word_1_297' title='bbox 1203 2461 1254 2516; x_wconf 91' lang='lat' dir='ltr'><strong>in</strong></span> <span class='ocrx_word' id='word_1_298' title='bbox 1285 2464 1610 2520; x_wconf 72' lang='lat' dir='ltr'><strong>bibliotheca</strong></span> <span class='ocrx_word' id='word_1_299' title='bbox 1643 2465 1821 2520; x_wconf 78' lang='lat' dir='ltr'><strong>eccle-</strong></span> 
     </span>
    </p>
   </div>
   <div class='ocr_carea' id='block_1_41' title="bbox 231 2554 1818 2628">
    <p class='ocr_par' dir='ltr' id='par_1_41' title="bbox 231 2554 1818 2628">
     <span class='ocr_line' id='line_1_41' title="bbox 231 2554 1818 2628; baseline 0.002 -19"><span class='ocrx_word' id='word_1_300' title='bbox 231 2554 320 2610; x_wconf 70' lang='lat' dir='ltr'><strong>site</strong></span> <span class='ocrx_word' id='word_1_301' title='bbox 343 2555 613 2610; x_wconf 74' lang='lat' dir='ltr'><strong>Toletanre</strong></span> <span class='ocrx_word' id='word_1_302' title='bbox 635 2566 970 2610; x_wconf 86' lang='lat' dir='ltr'><strong>asservatum</strong></span> <span class='ocrx_word' id='word_1_303' title='bbox 1001 2554 1166 2611; x_wconf 83' lang='lat' dir='ltr'><strong>fuisse</strong></span> <span class='ocrx_word' id='word_1_304' title='bbox 1188 2564 1417 2612; x_wconf 88' lang='lat' dir='ltr'><strong>testatur</strong></span> <span class='ocrx_word' id='word_1_305' title='bbox 1438 2558 1508 2612; x_wconf 92' lang='lat' dir='ltr'><strong>cl.</strong></span> <span class='ocrx_word' id='word_1_306' title='bbox 1539 2557 1818 2628; x_wconf 77' lang='lat' dir='ltr'><strong>Bayerius,</strong></span> 
     </span>
    </p>
   </div>
   <div class='ocr_carea' id='block_1_42' title="bbox 233 2646 1820 2716">
    <p class='ocr_par' dir='ltr' id='par_1_42' title="bbox 233 2646 1820 2716">
     <span class='ocr_line' id='line_1_42' title="bbox 233 2646 1820 2716; baseline 0.002 -16"><span class='ocrx_word' id='word_1_307' title='bbox 233 2647 316 2716; x_wconf 87' lang='lat' dir='ltr'><strong>qui</strong></span> <span class='ocrx_word' id='word_1_308' title='bbox 344 2646 400 2700; x_wconf 89' lang='lat' dir='ltr'><strong>in</strong></span> <span class='ocrx_word' id='word_1_309' title='bbox 441 2647 582 2702; x_wconf 89' lang='lat' dir='ltr'><strong>notis</strong></span> <span class='ocrx_word' id='word_1_310' title='bbox 605 2646 670 2700; x_wconf 92' lang='lat' dir='ltr'><strong>ad</strong></span> <span class='ocrx_word' id='word_1_311' title='bbox 701 2663 822 2716; x_wconf 89' lang='lat' dir='ltr'><strong>cap.</strong></span> <span class='ocrx_word' id='word_1_312' title='bbox 852 2648 886 2702; x_wconf 81' lang='grc'><strong>5</strong></span> <span class='ocrx_word' id='word_1_313' title='bbox 913 2647 1006 2702; x_wconf 91' lang='lat' dir='ltr'><strong>lib.</strong></span> <span class='ocrx_word' id='word_1_314' title='bbox 1051 2663 1106 2702; x_wconf 86' lang='grc' dir='ltr'>ιιι</span> <span class='ocrx_word' id='word_1_315' title='bbox 1137 2648 1393 2703; x_wconf 87' lang='lat' dir='ltr'><strong>Biblioth.</strong></span> <span class='ocrx_word' id='word_1_316' title='bbox 1421 2657 1530 2704; x_wconf 90' lang='lat' dir='ltr'><strong>vet.</strong></span> <span class='ocrx_word' id='word_1_317' title='bbox 1561 2649 1678 2704; x_wconf 81' lang='lat' dir='ltr'><strong>Nic.</strong></span> <span class='ocrx_word' id='word_1_318' title='bbox 1709 2650 1820 2704; x_wconf 84' lang='grc' dir='ltr'>Διι-</span> 
     </span>
    </p>
   </div>
   <div class='ocr_carea' id='block_1_43' title="bbox 233 2737 1817 2814">
    <p class='ocr_par' dir='ltr' id='par_1_43' title="bbox 233 2737 1817 2814">
     <span class='ocr_line' id='line_1_43' title="bbox 233 2737 1817 2814; baseline 0.003 -22"><span class='ocrx_word' id='word_1_319' title='bbox 233 2737 360 2792; x_wconf 89' lang='lat' dir='ltr'><strong>tonii</strong></span> <span class='ocrx_word' id='word_1_320' title='bbox 395 2737 637 2793; x_wconf 88' lang='lat' dir='ltr'><strong>codicem</strong></span> <span class='ocrx_word' id='word_1_321' title='bbox 666 2741 1024 2806; x_wconf 79' lang='lat' dir='ltr'><strong>Azagrensem</strong></span> <span class='ocrx_word' id='word_1_322' title='bbox 1055 2749 1268 2794; x_wconf 76' lang='lat' dir='ltr'><strong>cxsmre</strong></span> <span class='ocrx_word' id='word_1_323' title='bbox 1309 2739 1385 2793; x_wconf 88' lang='lat' dir='ltr'><strong>ait</strong></span> <span class='ocrx_word' id='word_1_324' title='bbox 1423 2737 1476 2793; x_wconf 90' lang='lat' dir='ltr'><strong>in</strong></span> <span class='ocrx_word' id='word_1_325' title='bbox 1494 2739 1817 2814; x_wconf 83' lang='lat' dir='ltr'><strong>bibliotheca</strong></span> 
     </span>
    </p>
   </div>
   <div class='ocr_carea' id='block_1_44' title="bbox 233 2825 1817 2899">
    <p class='ocr_par' dir='ltr' id='par_1_44' title="bbox 233 2825 1817 2899">
     <span class='ocr_line' id='line_1_44' title="bbox 233 2825 1817 2899; baseline 0.002 -17"><span class='ocrx_word' id='word_1_326' title='bbox 233 2825 486 2884; x_wconf 77' lang='lat' dir='ltr'><strong>Toletana</strong></span> <span class='ocrx_word' id='word_1_327' title='bbox 518 2827 707 2883; x_wconf 87' lang='lat' dir='ltr'><strong>Plttleo</strong></span> <span class='ocrx_word' id='word_1_328' title='bbox 735 2829 821 2894; x_wconf 79' lang='grc'><strong>15,</strong></span> <span class='ocrx_word' id='word_1_329' title='bbox 855 2845 1001 2885; x_wconf 87' lang='grc' dir='ltr'>ιιιιιιι.</span> <span class='ocrx_word' id='word_1_330' title='bbox 1033 2829 1120 2898; x_wconf 81' lang='grc'><strong>15,</strong></span> <span class='ocrx_word' id='word_1_331' title='bbox 1151 2829 1395 2899; x_wconf 82' lang='lat' dir='ltr'><strong>beneﬁcio</strong></span> <span class='ocrx_word' id='word_1_332' title='bbox 1423 2829 1491 2885; x_wconf 86' lang='lat' dir='ltr'><strong>cl.</strong></span> <span class='ocrx_word' id='word_1_333' title='bbox 1533 2831 1630 2884; x_wconf 82' lang='lat' dir='ltr'><strong>viri</strong></span> <span class='ocrx_word' id='word_1_334' title='bbox 1657 2831 1817 2886; x_wconf 88' lang='lat' dir='ltr'><strong>Joan-</strong></span> 
     </span>
    </p>
   </div>
   <div class='ocr_carea' id='block_1_45' title="bbox 233 2913 1815 2993">
    <p class='ocr_par' dir='ltr' id='par_1_45' title="bbox 233 2913 1815 2993">
     <span class='ocr_line' id='line_1_45' title="bbox 233 2913 1815 2993; baseline 0.004 -21"><span class='ocrx_word' id='word_1_335' title='bbox 233 2921 310 2975; x_wconf 85' lang='lat' dir='ltr'><strong>nis</strong></span> <span class='ocrx_word' id='word_1_336' title='bbox 345 2919 596 2990; x_wconf 72' lang='lat' dir='ltr'><strong>Baptistaz</strong></span> <span class='ocrx_word' id='word_1_337' title='bbox 649 2913 941 2978; x_wconf 74' lang='lat' dir='ltr'><strong>Perezii....</strong></span> <span class='ocrx_word' id='word_1_338' title='bbox 983 2923 1208 2990; x_wconf 82' lang='lat' dir='ltr'><strong>episcopi</strong></span> <span class='ocrx_word' id='word_1_339' title='bbox 1253 2923 1652 2993; x_wconf 86' lang='lat' dir='ltr'><strong>Segobricensis.</strong></span> <span class='ocrx_word' id='word_1_340' title='bbox 1684 2925 1815 2978; x_wconf 80' lang='lat' dir='ltr'><strong>Cum</strong></span> 
     </span>
    </p>
   </div>
   <div class='ocr_carea' id='block_1_46' title="bbox 232 3013 1814 3082">
    <p class='ocr_par' dir='ltr' id='par_1_46' title="bbox 232 3013 1814 3082">
     <span class='ocr_line' id='line_1_46' title="bbox 232 3013 1814 3082; baseline -0.001 -16"><span class='ocrx_word' id='word_1_341' title='bbox 232 3027 356 3082; x_wconf 81' lang='lat' dir='ltr'><strong>ergo</strong></span> <span class='ocrx_word' id='word_1_342' title='bbox 387 3013 634 3067; x_wconf 81' lang='lat' dir='ltr'><strong>Perezius</strong></span> <span class='ocrx_word' id='word_1_343' title='bbox 655 3013 850 3068; x_wconf 85' lang='lat' dir='ltr'><strong>obierit</strong></span> <span class='ocrx_word' id='word_1_344' title='bbox 877 3027 1019 3068; x_wconf 88' lang='lat' dir='ltr'><strong>anno</strong></span> <span class='ocrx_word' id='word_1_345' title='bbox 1051 3014 1210 3078; x_wconf 81' lang='grc'><strong>1597,</strong></span> <span class='ocrx_word' id='word_1_346' title='bbox 1243 3023 1333 3068; x_wconf 90' lang='lat' dir='ltr'><strong>aut</strong></span> <span class='ocrx_word' id='word_1_347' title='bbox 1353 3013 1676 3068; x_wconf 89' lang='lat' dir='ltr'><strong>bibliotheca</strong></span> <span class='ocrx_word' id='word_1_348' title='bbox 1705 3013 1814 3068; x_wconf 82' lang='lat' dir='ltr'><strong>To-</strong></span> 
     </span>
    </p>
   </div>
   <div class='ocr_carea' id='block_1_47' title="bbox 231 3103 1814 3176">
    <p class='ocr_par' dir='ltr' id='par_1_47' title="bbox 231 3103 1814 3176">
     <span class='ocr_line' id='line_1_47' title="bbox 231 3103 1814 3176; baseline 0 -18"><span class='ocrx_word' id='word_1_349' title='bbox 231 3103 404 3158; x_wconf 83' lang='lat' dir='ltr'><strong>letam</strong></span> <span class='ocrx_word' id='word_1_350' title='bbox 449 3120 553 3158; x_wconf 89' lang='lat' dir='ltr'><strong>non</strong></span> <span class='ocrx_word' id='word_1_351' title='bbox 593 3106 851 3160; x_wconf 85' lang='lat' dir='ltr'><strong>bencticio</strong></span> <span class='ocrx_word' id='word_1_352' title='bbox 879 3105 995 3175; x_wconf 85' lang='lat' dir='ltr'><strong>ejus</strong></span> <span class='ocrx_word' id='word_1_353' title='bbox 1023 3106 1214 3160; x_wconf 90' lang='lat' dir='ltr'><strong>librum</strong></span> <span class='ocrx_word' id='word_1_354' title='bbox 1247 3106 1506 3176; x_wconf 85' lang='lat' dir='ltr'><strong>possidet,</strong></span> <span class='ocrx_word' id='word_1_355' title='bbox 1552 3115 1644 3159; x_wconf 91' lang='lat' dir='ltr'><strong>aut</strong></span> <span class='ocrx_word' id='word_1_356' title='bbox 1671 3122 1814 3160; x_wconf 89' lang='lat' dir='ltr'><strong>anno</strong></span> 
     </span>
    </p>
   </div>
   <div class='ocr_carea' id='block_1_48' title="bbox 231 3171 1888 3268">
    <p class='ocr_par' dir='ltr' id='par_1_48' title="bbox 231 3171 1888 3268">
     <span class='ocr_line' id='line_1_48' title="bbox 231 3171 1888 3268; baseline 0.001 -17"><span class='ocrx_word' id='word_1_357' title='bbox 231 3197 366 3252; x_wconf 71' lang='lat'><strong>1599</strong></span> <span class='ocrx_word' id='word_1_358' title='bbox 411 3196 734 3252; x_wconf 84' lang='lat' dir='ltr'><strong>bibliotheca</strong></span> <span class='ocrx_word' id='word_1_359' title='bbox 781 3171 999 3268; x_wconf 51' lang='lat' dir='ltr'><strong>Azaértn</strong></span> <span class='ocrx_word' id='word_1_360' title='bbox 1042 3212 1164 3252; x_wconf 91' lang='lat' dir='ltr'><strong>eum</strong></span> <span class='ocrx_word' id='word_1_361' title='bbox 1195 3171 1301 3251; x_wconf 79' lang='lat' dir='ltr'><strong>non</strong></span> <span class='ocrx_word' id='word_1_362' title='bbox 1345 3197 1613 3252; x_wconf 86' lang='lat' dir='ltr'><strong>servabat.</strong></span> <span class='ocrx_word' id='word_1_363' title='bbox 1663 3197 1814 3252; x_wconf 72' lang='lat' dir='ltr'><strong>Nunc</strong></span> <span class='ocrx_word' id='word_1_364' title='bbox 1843 3171 1888 3230; x_wconf 59' lang='grc' dir='ltr'>ί)</span> 
     </span>
    </p>
   </div>
   <div class='ocr_carea' id='block_1_49' title="bbox 231 3289 1816 3358">
    <p class='ocr_par' dir='ltr' id='par_1_49' title="bbox 231 3289 1816 3358">
     <span class='ocr_line' id='line_1_49' title="bbox 231 3289 1816 3358; baseline 0 -14"><span class='ocrx_word' id='word_1_365' title='bbox 231 3303 376 3345; x_wconf 87' lang='lat' dir='ltr'><strong>certe</strong></span> <span class='ocrx_word' id='word_1_366' title='bbox 403 3297 578 3344; x_wconf 79' lang='lat' dir='ltr'><strong>exstat</strong></span> <span class='ocrx_word' id='word_1_367' title='bbox 611 3289 696 3344; x_wconf 90' lang='lat' dir='ltr'><strong>hic</strong></span> <span class='ocrx_word' id='word_1_368' title='bbox 725 3291 892 3345; x_wconf 81' lang='lat' dir='ltr'><strong>codex</strong></span> <span class='ocrx_word' id='word_1_369' title='bbox 923 3291 974 3344; x_wconf 92' lang='lat' dir='ltr'><strong>in</strong></span> <span class='ocrx_word' id='word_1_370' title='bbox 1006 3289 1330 3344; x_wconf 88' lang='lat' dir='ltr'><strong>bibliotheca</strong></span> <span class='ocrx_word' id='word_1_371' title='bbox 1347 3289 1625 3352; x_wconf 89' lang='lat' dir='ltr'><strong>Toletana,</strong></span> <span class='ocrx_word' id='word_1_372' title='bbox 1654 3301 1816 3358; x_wconf 88' lang='lat' dir='ltr'><strong>atque</strong></span> 
     </span>
    </p>
   </div>
   <div class='ocr_carea' id='block_1_50' title="bbox 233 3381 1815 3437">
    <p class='ocr_par' dir='ltr' id='par_1_50' title="bbox 233 3381 1815 3437">
     <span class='ocr_line' id='line_1_50' title="bbox 233 3381 1815 3437; baseline 0 -3"><span class='ocrx_word' id='word_1_373' title='bbox 233 3382 297 3434; x_wconf 86' lang='lat' dir='ltr'><strong>ita</strong></span> <span class='ocrx_word' id='word_1_374' title='bbox 319 3381 648 3437; x_wconf 76' lang='lat' dir='ltr'><strong>describitur</strong></span> <span class='ocrx_word' id='word_1_375' title='bbox 675 3381 728 3436; x_wconf 91' lang='lat' dir='ltr'><strong>in</strong></span> <span class='ocrx_word' id='word_1_376' title='bbox 763 3381 999 3436; x_wconf 88' lang='lat' dir='ltr'><strong>editione</strong></span> <span class='ocrx_word' id='word_1_377' title='bbox 1027 3381 1323 3436; x_wconf 85' lang='lat' dir='ltr'><strong>Matritensi</strong></span> <span class='ocrx_word' id='word_1_378' title='bbox 1352 3381 1568 3435; x_wconf 89' lang='lat' dir='ltr'><strong>Patrum</strong></span> <span class='ocrx_word' id='word_1_379' title='bbox 1595 3381 1815 3436; x_wconf 85' lang='lat' dir='ltr'><strong>&#39;I&#39;oleta-</strong></span> 
     </span>
    </p>
   </div>
   <div class='ocr_carea' id='block_1_51' title="bbox 233 3470 1818 3544">
    <p class='ocr_par' dir='ltr' id='par_1_51' title="bbox 233 3470 1818 3544">
     <span class='ocr_line' id='line_1_51' title="bbox 233 3470 1818 3544; baseline -0.001 -17"><span class='ocrx_word' id='word_1_380' title='bbox 233 3489 418 3527; x_wconf 87' lang='lat' dir='ltr'><strong>norum</strong></span> <span class='ocrx_word' id='word_1_381' title='bbox 453 3483 570 3543; x_wconf 89' lang='lat' dir='ltr'><strong>post</strong></span> <span class='ocrx_word' id='word_1_382' title='bbox 596 3473 959 3544; x_wconf 80' lang='lat' dir='ltr'><strong>pra-tationem</strong></span> <span class='ocrx_word' id='word_1_383' title='bbox 989 3473 1142 3542; x_wconf 83' lang='lat' dir='ltr'><strong>primi</strong></span> <span class='ocrx_word' id='word_1_384' title='bbox 1169 3473 1299 3526; x_wconf 90' lang='lat' dir='ltr'><strong>tomi</strong></span> <span class='ocrx_word' id='word_1_385' title='bbox 1327 3488 1341 3525; x_wconf 88' lang='lat'><strong>:</strong></span> <span class='ocrx_word' id='word_1_386' title='bbox 1374 3471 1547 3526; x_wconf 66' lang='lat' dir='ltr'><strong>Cadra:</strong></span> <span class='ocrx_word' id='word_1_387' title='bbox 1571 3470 1818 3526; x_wconf 85' lang='lat' dir='ltr'><strong>Gothicus</strong></span> 
     </span>
    </p>
   </div>
   <div class='ocr_carea' id='block_1_52' title="bbox 230 3565 1816 3636">
    <p class='ocr_par' dir='ltr' id='par_1_52' title="bbox 230 3565 1816 3636">
     <span class='ocr_line' id='line_1_52' title="bbox 230 3565 1816 3636; baseline -0.001 -20"><span class='ocrx_word' id='word_1_388' title='bbox 230 3567 393 3619; x_wconf 82' lang='lat' dir='ltr'><strong>dictus</strong></span> <span class='ocrx_word' id='word_1_389' title='bbox 433 3566 500 3620; x_wconf 87' lang='lat' dir='ltr'><strong>de</strong></span> <span class='ocrx_word' id='word_1_390' title='bbox 541 3567 760 3636; x_wconf 79' lang='lat' dir='ltr'><strong>Azagra,</strong></span> <span class='ocrx_word' id='word_1_391' title='bbox 795 3566 1058 3620; x_wconf 87' lang='lat' dir='ltr'><strong>continens</strong></span> <span class='ocrx_word' id='word_1_392' title='bbox 1097 3573 1281 3634; x_wconf 60' lang='lat' dir='ltr'><strong>matter</strong></span> <span class='ocrx_word' id='word_1_393' title='bbox 1305 3565 1414 3618; x_wconf 89' lang='lat' dir='ltr'><strong>alia</strong></span> <span class='ocrx_word' id='word_1_394' title='bbox 1443 3565 1660 3617; x_wconf 88' lang='lat' dir='ltr'><strong>aliorum</strong></span> <span class='ocrx_word' id='word_1_395' title='bbox 1689 3579 1816 3632; x_wconf 82' lang='lat' dir='ltr'><strong>apu-</strong></span> 
     </span>
    </p>
   </div>
   <div class='ocr_carea' id='block_1_53' title="bbox 229 3653 1819 3731">
    <p class='ocr_par' dir='ltr' id='par_1_53' title="bbox 229 3653 1819 3731">
     <span class='ocr_line' id='line_1_53' title="bbox 229 3653 1819 3731; baseline -0.001 -21"><span class='ocrx_word' id='word_1_396' title='bbox 229 3657 394 3722; x_wconf 82' lang='lat' dir='ltr'><strong>scuta,</strong></span> <span class='ocrx_word' id='word_1_397' title='bbox 427 3674 526 3711; x_wconf 85' lang='lat' dir='ltr'><strong>non</strong></span> <span class='ocrx_word' id='word_1_398' title='bbox 560 3653 722 3712; x_wconf 85' lang='lat' dir='ltr'><strong>solum</strong></span> <span class='ocrx_word' id='word_1_399' title='bbox 754 3653 1126 3731; x_wconf 79' lang='lat' dir='ltr'><strong>epigrammata</strong></span> <span class='ocrx_word' id='word_1_400' title='bbox 1149 3667 1301 3710; x_wconf 90' lang='lat' dir='ltr'><strong>antea</strong></span> <span class='ocrx_word' id='word_1_401' title='bbox 1328 3657 1464 3711; x_wconf 85' lang='lat' dir='ltr'><strong>edita</strong></span> <span class='ocrx_word' id='word_1_402' title='bbox 1495 3655 1555 3710; x_wconf 89' lang='lat' dir='ltr'><strong>S.</strong></span> <span class='ocrx_word' id='word_1_403' title='bbox 1600 3653 1819 3726; x_wconf 85' lang='lat' dir='ltr'><strong>Eugenii</strong></span> 
     </span>
    </p>
   </div>
   <div class='ocr_carea' id='block_1_54' title="bbox 231 3745 1820 3820">
    <p class='ocr_par' dir='ltr' id='par_1_54' title="bbox 231 3745 1820 3820">
     <span class='ocr_line' id='line_1_54' title="bbox 231 3745 1820 3820; baseline 0.003 -21"><span class='ocrx_word' id='word_1_404' title='bbox 231 3745 296 3799; x_wconf 87' lang='grc' dir='ltr'><strong>ΙΙ</strong></span> <span class='ocrx_word' id='word_1_405' title='bbox 309 3745 354 3812; x_wconf 84' lang='grc'><strong>1,</strong></span> <span class='ocrx_word' id='word_1_406' title='bbox 371 3766 468 3802; x_wconf 88' lang='lat' dir='ltr'><strong>una</strong></span> <span class='ocrx_word' id='word_1_407' title='bbox 489 3765 602 3802; x_wconf 90' lang='lat' dir='ltr'><strong>cum</strong></span> <span class='ocrx_word' id='word_1_408' title='bbox 618 3751 968 3804; x_wconf 76' lang='lat' dir='ltr'><strong>emendatione</strong></span> <span class='ocrx_word' id='word_1_409' title='bbox 987 3748 1250 3804; x_wconf 87' lang='lat' dir='ltr'><strong>Dracontii</strong></span> <span class='ocrx_word' id='word_1_410' title='bbox 1265 3759 1311 3804; x_wconf 88' lang='lat' dir='ltr'><strong>et</strong></span> <span class='ocrx_word' id='word_1_411' title='bbox 1332 3748 1545 3820; x_wconf 86' lang='lat' dir='ltr'><strong>epistola</strong></span> <span class='ocrx_word' id='word_1_412' title='bbox 1566 3751 1634 3802; x_wconf 84' lang='lat' dir='ltr'><strong>ad</strong></span> <span class='ocrx_word' id='word_1_413' title='bbox 1650 3765 1820 3820; x_wconf 83' lang='lat' dir='ltr'><strong>regem</strong></span> 
     </span>
    </p>
   </div>
   <div class='ocr_carea' id='block_1_55' title="bbox 229 3839 1821 3914">
    <p class='ocr_par' dir='ltr' id='par_1_55' title="bbox 229 3839 1821 3914">
     <span class='ocr_line' id='line_1_55' title="bbox 229 3839 1821 3914; baseline 0.003 -22"><span class='ocrx_word' id='word_1_414' title='bbox 229 3839 517 3912; x_wconf 81' lang='lat' dir='ltr'><strong>Errigittm,</strong></span> <span class='ocrx_word' id='word_1_415' title='bbox 551 3843 644 3895; x_wconf 86' lang='lat' dir='ltr'><strong>sed</strong></span> <span class='ocrx_word' id='word_1_416' title='bbox 683 3848 836 3896; x_wconf 87' lang='lat' dir='ltr'><strong>etiam</strong></span> <span class='ocrx_word' id='word_1_417' title='bbox 883 3844 992 3896; x_wconf 89' lang='lat' dir='ltr'><strong>alia</strong></span> <span class='ocrx_word' id='word_1_418' title='bbox 1021 3843 1401 3914; x_wconf 84' lang='lat' dir='ltr'><strong>quamplurima</strong></span> <span class='ocrx_word' id='word_1_419' title='bbox 1427 3843 1654 3896; x_wconf 84' lang='lat' dir='ltr'><strong>carmina</strong></span> <span class='ocrx_word' id='word_1_420' title='bbox 1683 3845 1821 3910; x_wconf 76' lang='lat' dir='ltr'><strong>ejus—</strong></span> 
     </span>
    </p>
   </div>
   <div class='ocr_carea' id='block_1_56' title="bbox 227 3931 1818 4005">
    <p class='ocr_par' dir='ltr' id='par_1_56' title="bbox 227 3931 1818 4005">
     <span class='ocr_line' id='line_1_56' title="bbox 227 3931 1818 4005; baseline 0.003 -23"><span class='ocrx_word' id='word_1_421' title='bbox 227 3931 370 3994; x_wconf 84' lang='lat' dir='ltr'><strong>dem,</strong></span> <span class='ocrx_word' id='word_1_422' title='bbox 397 3949 505 4000; x_wconf 59' lang='lat' dir='ltr'><strong>quis</strong></span> <span class='ocrx_word' id='word_1_423' title='bbox 527 3949 560 3984; x_wconf 89' lang='lat' dir='ltr'><strong>a</strong></span> <span class='ocrx_word' id='word_1_424' title='bbox 599 3933 742 3986; x_wconf 81' lang='lat' dir='ltr'><strong>nobis</strong></span> <span class='ocrx_word' id='word_1_425' title='bbox 771 3951 904 3987; x_wconf 88' lang='lat' dir='ltr'><strong>nunc</strong></span> <span class='ocrx_word' id='word_1_426' title='bbox 927 3935 1146 4005; x_wconf 86' lang='lat' dir='ltr'><strong>primum</strong></span> <span class='ocrx_word' id='word_1_427' title='bbox 1186 3935 1485 3987; x_wconf 88' lang='lat' dir='ltr'><strong>emittuntur</strong></span> <span class='ocrx_word' id='word_1_428' title='bbox 1531 3933 1584 3987; x_wconf 88' lang='lat' dir='ltr'><strong>in</strong></span> <span class='ocrx_word' id='word_1_429' title='bbox 1631 3934 1818 3987; x_wconf 84' lang='lat' dir='ltr'><strong>lucem.</strong></span> 
     </span>
    </p>
   </div>
   <div class='ocr_carea' id='block_1_57' title="bbox 227 4025 1823 4098">
    <p class='ocr_par' dir='ltr' id='par_1_57' title="bbox 227 4025 1823 4098">
     <span class='ocr_line' id='line_1_57' title="bbox 227 4025 1823 4098; baseline 0.003 -22"><span class='ocrx_word' id='word_1_430' title='bbox 227 4025 626 4092; x_wconf 76' lang='lat' dir='ltr'><strong>Antiquissimus</strong></span> <span class='ocrx_word' id='word_1_431' title='bbox 651 4037 722 4080; x_wconf 89' lang='lat' dir='ltr'><strong>est</strong></span> <span class='ocrx_word' id='word_1_432' title='bbox 762 4027 938 4090; x_wconf 66' lang='lat' dir='ltr'><strong>eodem,</strong></span> <span class='ocrx_word' id='word_1_433' title='bbox 970 4038 1216 4092; x_wconf 81' lang='lat' dir='ltr'><strong>quantum</strong></span> <span class='ocrx_word' id='word_1_434' title='bbox 1247 4043 1312 4080; x_wconf 79' lang='lat' dir='ltr'><strong>ea:</strong></span> <span class='ocrx_word' id='word_1_435' title='bbox 1347 4029 1612 4098; x_wconf 76' lang='lat' dir='ltr'><strong>scriptura:</strong></span> <span class='ocrx_word' id='word_1_436' title='bbox 1639 4027 1823 4080; x_wconf 87' lang='lat' dir='ltr'><strong>chara-</strong></span> 
     </span>
    </p>
   </div>
   <div class='ocr_carea' id='block_1_58' title="bbox 225 4117 1822 4188">
    <p class='ocr_par' dir='ltr' id='par_1_58' title="bbox 225 4117 1822 4188">
     <span class='ocr_line' id='line_1_58' title="bbox 225 4117 1822 4188; baseline 0.006 -24"><span class='ocrx_word' id='word_1_437' title='bbox 225 4123 365 4166; x_wconf 78' lang='lat' dir='ltr'><strong>ctere</strong></span> <span class='ocrx_word' id='word_1_438' title='bbox 383 4117 660 4187; x_wconf 79' lang='lat' dir='ltr'><strong>col.‘igitur,</strong></span> <span class='ocrx_word' id='word_1_439' title='bbox 685 4117 872 4171; x_wconf 80' lang='lat' dir='ltr'><strong>swculo</strong></span> <span class='ocrx_word' id='word_1_440' title='bbox 899 4134 930 4172; x_wconf 73' lang='grc' dir='ltr'><strong>ι</strong></span> <span class='ocrx_word' id='word_1_441' title='bbox 952 4119 1090 4170; x_wconf 82' lang='lat' dir='ltr'><strong>haud</strong></span> <span class='ocrx_word' id='word_1_442' title='bbox 1115 4120 1407 4188; x_wconf 85' lang='lat' dir='ltr'><strong>posteriori.</strong></span> <span class='ocrx_word' id='word_1_443' title='bbox 1441 4123 1746 4173; x_wconf 77' lang='lat' dir='ltr'><strong>Asservatur</strong></span> <span class='ocrx_word' id='word_1_444' title='bbox 1767 4121 1822 4174; x_wconf 83' lang='lat' dir='ltr'><strong>in</strong></span> 
     </span>
    </p>
   </div>
   <div class='ocr_carea' id='block_1_59' title="bbox 225 4209 1822 4283">
    <p class='ocr_par' dir='ltr' id='par_1_59' title="bbox 225 4209 1822 4283">
     <span class='ocr_line' id='line_1_59' title="bbox 225 4209 1822 4283; baseline 0.006 -23"><span class='ocrx_word' id='word_1_445' title='bbox 225 4209 530 4264; x_wconf 52' lang='lat' dir='ltr'><strong>bibliotheca</strong></span> <span class='ocrx_word' id='word_1_446' title='bbox 569 4211 814 4266; x_wconf 85' lang='lat' dir='ltr'><strong>Totetana</strong></span> <span class='ocrx_word' id='word_1_447' title='bbox 841 4211 1024 4267; x_wconf 85' lang='lat' dir='ltr'><strong>Pluteo</strong></span> <span class='ocrx_word' id='word_1_448' title='bbox 1047 4214 1138 4283; x_wconf 82' lang='grc'><strong>51,</strong></span> <span class='ocrx_word' id='word_1_449' title='bbox 1171 4229 1315 4267; x_wconf 87' lang='lat' dir='ltr'><strong>num.</strong></span> <span class='ocrx_word' id='word_1_450' title='bbox 1356 4213 1445 4270; x_wconf 90' lang='grc'><strong>18.</strong></span> <span class='ocrx_word' id='word_1_451' title='bbox 1477 4213 1656 4270; x_wconf 85' lang='lat' dir='ltr'><strong>Facile</strong></span> <span class='ocrx_word' id='word_1_452' title='bbox 1688 4215 1822 4269; x_wconf 86' lang='lat' dir='ltr'><strong>mihi</strong></span> 
     </span>
    </p>
   </div>
   <div class='ocr_carea' id='block_1_60' title="bbox 227 4303 1821 4376">
    <p class='ocr_par' dir='ltr' id='par_1_60' title="bbox 227 4303 1821 4376">
     <span class='ocr_line' id='line_1_60' title="bbox 227 4303 1821 4376; baseline 0.008 -27"><span class='ocrx_word' id='word_1_453' title='bbox 227 4303 614 4368; x_wconf 71' lang='lat' dir='ltr'><strong>persttascrim,</strong></span> <span class='ocrx_word' id='word_1_454' title='bbox 641 4303 781 4358; x_wconf 89' lang='lat' dir='ltr'><strong>hunc</strong></span> <span class='ocrx_word' id='word_1_455' title='bbox 811 4304 1050 4358; x_wconf 85' lang='lat' dir='ltr'><strong>codicem</strong></span> <span class='ocrx_word' id='word_1_456' title='bbox 1074 4311 1200 4360; x_wconf 89' lang='lat' dir='ltr'><strong>ante</strong></span> <span class='ocrx_word' id='word_1_457' title='bbox 1231 4305 1534 4358; x_wconf 81' lang='lat' dir='ltr'><strong>Maurorum</strong></span> <span class='ocrx_word' id='word_1_458' title='bbox 1561 4306 1614 4359; x_wconf 92' lang='lat' dir='ltr'><strong>iu</strong></span> <span class='ocrx_word' id='word_1_459' title='bbox 1638 4307 1821 4376; x_wconf 83' lang='lat' dir='ltr'><strong>Hispa-</strong></span> 
     </span>
    </p>
   </div>
   <div class='ocr_carea' id='block_1_61' title="bbox 229 4383 1820 4468">
    <p class='ocr_par' dir='ltr' id='par_1_61' title="bbox 229 4383 1820 4468">
     <span class='ocr_line' id='line_1_61' title="bbox 229 4383 1820 4468; baseline 0.004 -22"><span class='ocrx_word' id='word_1_460' title='bbox 229 4393 379 4447; x_wconf 86' lang='lat' dir='ltr'><strong>niam</strong></span> <span class='ocrx_word' id='word_1_461' title='bbox 421 4383 772 4465; x_wconf 84' lang='lat' dir='ltr'><strong>inuptinncm</strong></span> <span class='ocrx_word' id='word_1_462' title='bbox 811 4395 972 4450; x_wconf 79' lang='lat' dir='ltr'><strong>fuisse</strong></span> <span class='ocrx_word' id='word_1_463' title='bbox 995 4395 1346 4466; x_wconf 88' lang='lat' dir='ltr'><strong>descriptum,</strong></span> <span class='ocrx_word' id='word_1_464' title='bbox 1375 4397 1464 4468; x_wconf 89' lang='lat' dir='ltr'><strong>qtti</strong></span> <span class='ocrx_word' id='word_1_465' title='bbox 1494 4413 1525 4452; x_wconf 88' lang='lat' dir='ltr'><strong>e</strong></span> <span class='ocrx_word' id='word_1_466' title='bbox 1552 4400 1820 4454; x_wconf 91' lang='lat' dir='ltr'><strong>communi</strong></span> 
     </span>
    </p>
   </div>
   <div class='ocr_carea' id='block_1_62' title="bbox 226 4481 1818 4558">
    <p class='ocr_par' dir='ltr' id='par_1_62' title="bbox 226 4481 1818 4558">
     <span class='ocr_line' id='line_1_62' title="bbox 226 4481 1818 4558; baseline 0.007 -24"><span class='ocrx_word' id='word_1_467' title='bbox 226 4481 324 4535; x_wconf 81' lang='lat' dir='ltr'><strong>illa</strong></span> <span class='ocrx_word' id='word_1_468' title='bbox 352 4483 613 4554; x_wconf 80' lang='lat' dir='ltr'><strong>Hispania:</strong></span> <span class='ocrx_word' id='word_1_469' title='bbox 636 4487 942 4542; x_wconf 82' lang='lat' dir='ltr'><strong>calamitate</strong></span> <span class='ocrx_word' id='word_1_470' title='bbox 967 4503 1088 4541; x_wconf 91' lang='lat' dir='ltr'><strong>cum</strong></span> <span class='ocrx_word' id='word_1_471' title='bbox 1118 4490 1298 4558; x_wconf 86' lang='lat' dir='ltr'><strong>paucis</strong></span> <span class='ocrx_word' id='word_1_472' title='bbox 1318 4487 1436 4542; x_wconf 91' lang='lat' dir='ltr'><strong>aliis</strong></span> <span class='ocrx_word' id='word_1_473' title='bbox 1459 4499 1678 4558; x_wconf 89' lang='lat' dir='ltr'><strong>ereptus</strong></span> <span class='ocrx_word' id='word_1_474' title='bbox 1702 4491 1818 4545; x_wconf 81' lang='lat' dir='ltr'><strong>tue-</strong></span> 
     </span>
    </p>
   </div>
   <div class='ocr_carea' id='block_1_63' title="bbox 226 4575 1818 4637">
    <p class='ocr_par' dir='ltr' id='par_1_63' title="bbox 226 4575 1818 4637">
     <span class='ocr_line' id='line_1_63' title="bbox 226 4575 1818 4637; baseline 0.006 -9"><span class='ocrx_word' id='word_1_475' title='bbox 226 4575 328 4636; x_wconf 87' lang='lat' dir='ltr'><strong>rit,</strong></span> <span class='ocrx_word' id='word_1_476' title='bbox 355 4585 410 4628; x_wconf 88' lang='lat' dir='ltr'><strong>et</strong></span> <span class='ocrx_word' id='word_1_477' title='bbox 435 4577 485 4630; x_wconf 92' lang='lat' dir='ltr'><strong>in</strong></span> <span class='ocrx_word' id='word_1_478' title='bbox 511 4577 746 4632; x_wconf 72' lang='lat' dir='ltr'><strong>Ecclesia</strong></span> <span class='ocrx_word' id='word_1_479' title='bbox 774 4577 1024 4633; x_wconf 86' lang='lat' dir='ltr'><strong>Ovcteusi</strong></span> <span class='ocrx_word' id='word_1_480' title='bbox 1045 4589 1410 4634; x_wconf 81' lang='lat' dir='ltr'><strong>conservatus.</strong></span> <span class='ocrx_word' id='word_1_481' title='bbox 1443 4581 1546 4634; x_wconf 90' lang='lat' dir='ltr'><strong>Sed</strong></span> <span class='ocrx_word' id='word_1_482' title='bbox 1575 4596 1696 4636; x_wconf 92' lang='lat' dir='ltr'><strong>cum</strong></span> <span class='ocrx_word' id='word_1_483' title='bbox 1725 4596 1818 4637; x_wconf 88' lang='lat' dir='ltr'><strong>co-</strong></span> 
     </span>
    </p>
   </div>
   <div class='ocr_carea' id='block_1_64' title="bbox 227 4665 1820 4742">
    <p class='ocr_par' dir='ltr' id='par_1_64' title="bbox 227 4665 1820 4742">
     <span class='ocr_line' id='line_1_64' title="bbox 227 4665 1820 4742; baseline 0.006 -24"><span class='ocrx_word' id='word_1_484' title='bbox 227 4665 407 4722; x_wconf 87' lang='lat' dir='ltr'><strong>dicem</strong></span> <span class='ocrx_word' id='word_1_485' title='bbox 438 4684 541 4724; x_wconf 90' lang='lat' dir='ltr'><strong>non</strong></span> <span class='ocrx_word' id='word_1_486' title='bbox 573 4669 820 4736; x_wconf 76' lang='lat' dir='ltr'><strong>viderim,</strong></span> <span class='ocrx_word' id='word_1_487' title='bbox 865 4669 1000 4724; x_wconf 89' lang='lat' dir='ltr'><strong>nihil</strong></span> <span class='ocrx_word' id='word_1_488' title='bbox 1030 4673 1162 4726; x_wconf 91' lang='lat' dir='ltr'><strong>certi</strong></span> <span class='ocrx_word' id='word_1_489' title='bbox 1193 4671 1366 4726; x_wconf 88' lang='lat' dir='ltr'><strong>audeo</strong></span> <span class='ocrx_word' id='word_1_490' title='bbox 1397 4671 1646 4736; x_wconf 88' lang='lat' dir='ltr'><strong>delinire,</strong></span> <span class='ocrx_word' id='word_1_491' title='bbox 1682 4687 1820 4742; x_wconf 76' lang='lat' dir='ltr'><strong>prte-</strong></span> 
     </span>
    </p>
   </div>
   <div class='ocr_carea' id='block_1_65' title="bbox 229 4760 1820 4834">
    <p class='ocr_par' dir='ltr' id='par_1_65' title="bbox 229 4760 1820 4834">
     <span class='ocr_line' id='line_1_65' title="bbox 229 4760 1820 4834; baseline 0.004 -22"><span class='ocrx_word' id='word_1_492' title='bbox 229 4760 418 4814; x_wconf 85' lang='lat' dir='ltr'><strong>sertim</strong></span> <span class='ocrx_word' id='word_1_493' title='bbox 443 4763 790 4818; x_wconf 82' lang='lat' dir='ltr'><strong>dissentiente</strong></span> <span class='ocrx_word' id='word_1_494' title='bbox 821 4764 1068 4834; x_wconf 86' lang='lat' dir='ltr'><strong>Baycrio,</strong></span> <span class='ocrx_word' id='word_1_495' title='bbox 1101 4765 1188 4834; x_wconf 89' lang='lat' dir='ltr'><strong>qui</strong></span> <span class='ocrx_word' id='word_1_496' title='bbox 1217 4764 1284 4818; x_wconf 91' lang='lat' dir='ltr'><strong>ad</strong></span> <span class='ocrx_word' id='word_1_497' title='bbox 1322 4766 1579 4820; x_wconf 65' lang='lat' dir='ltr'><strong>sacculum</strong></span> <span class='ocrx_word' id='word_1_498' title='bbox 1611 4781 1659 4818; x_wconf 80' lang='lat' dir='ltr'><strong>xt</strong></span> <span class='ocrx_word' id='word_1_499' title='bbox 1691 4777 1820 4819; x_wconf 83' lang='lat' dir='ltr'><strong>aeta-</strong></span> 
     </span>
    </p>
   </div>
   <div class='ocr_carea' id='block_1_66' title="bbox 231 4854 1820 4920">
    <p class='ocr_par' dir='ltr' id='par_1_66' title="bbox 231 4854 1820 4920">
     <span class='ocr_line' id='line_1_66' title="bbox 231 4854 1820 4920; baseline 0.008 -18"><span class='ocrx_word' id='word_1_500' title='bbox 231 4861 342 4904; x_wconf 74' lang='lat' dir='ltr'><strong>tem</strong></span> <span class='ocrx_word' id='word_1_501' title='bbox 396 4854 534 4908; x_wconf 87' lang='lat' dir='ltr'><strong>illius</strong></span> <span class='ocrx_word' id='word_1_502' title='bbox 585 4855 784 4920; x_wconf 83' lang='lat' dir='ltr'><strong>ditl&#39;ert,</strong></span> <span class='ocrx_word' id='word_1_503' title='bbox 836 4857 936 4910; x_wconf 87' lang='lat' dir='ltr'><strong>nisi</strong></span> <span class='ocrx_word' id='word_1_504' title='bbox 984 4872 1138 4912; x_wconf 88' lang='lat' dir='ltr'><strong>error</strong></span> <span class='ocrx_word' id='word_1_505' title='bbox 1178 4868 1262 4912; x_wconf 91' lang='lat' dir='ltr'><strong>est</strong></span> <span class='ocrx_word' id='word_1_506' title='bbox 1309 4857 1362 4911; x_wconf 92' lang='lat' dir='ltr'><strong>in</strong></span> <span class='ocrx_word' id='word_1_507' title='bbox 1390 4859 1650 4914; x_wconf 83' lang='lat' dir='ltr'><strong>numeris.</strong></span> <span class='ocrx_word' id='word_1_508' title='bbox 1678 4859 1820 4914; x_wconf 86' lang='lat' dir='ltr'><strong>Sane</strong></span> 
     </span>
    </p>
   </div>
   <div class='ocr_carea' id='block_1_67' title="bbox 231 4945 1818 5020">
    <p class='ocr_par' dir='ltr' id='par_1_67' title="bbox 231 4945 1818 5020">
     <span class='ocr_line' id='line_1_67' title="bbox 231 4945 1818 5020; baseline 0.006 -24"><span class='ocrx_word' id='word_1_509' title='bbox 231 4945 653 5011; x_wconf 80' lang='lat' dir='ltr'><strong>pretiosissimas</strong></span> <span class='ocrx_word' id='word_1_510' title='bbox 679 4959 762 5002; x_wconf 90' lang='lat' dir='ltr'><strong>est</strong></span> <span class='ocrx_word' id='word_1_511' title='bbox 809 4963 914 5002; x_wconf 91' lang='lat' dir='ltr'><strong>non</strong></span> <span class='ocrx_word' id='word_1_512' title='bbox 957 4949 1132 5004; x_wconf 87' lang='lat' dir='ltr'><strong>solum</strong></span> <span class='ocrx_word' id='word_1_513' title='bbox 1182 4949 1252 5000; x_wconf 86' lang='lat' dir='ltr'><strong>oh</strong></span> <span class='ocrx_word' id='word_1_514' title='bbox 1295 4951 1691 5020; x_wconf 77' lang='lat' dir='ltr'><strong>antiquitatem,</strong></span> <span class='ocrx_word' id='word_1_515' title='bbox 1723 4949 1818 5005; x_wconf 90' lang='lat' dir='ltr'><strong>sed</strong></span> 
     </span>
    </p>
   </div>
   <div class='ocr_carea' id='block_1_68' title="bbox 229 5037 1827 5113">
    <p class='ocr_par' dir='ltr' id='par_1_68' title="bbox 229 5037 1827 5113">
     <span class='ocr_line' id='line_1_68' title="bbox 229 5037 1827 5113; baseline 0.003 -23"><span class='ocrx_word' id='word_1_516' title='bbox 229 5037 396 5093; x_wconf 87' lang='lat' dir='ltr'><strong>etiam</strong></span> <span class='ocrx_word' id='word_1_517' title='bbox 435 5040 558 5108; x_wconf 84' lang='lat' dir='ltr'><strong>quia</strong></span> <span class='ocrx_word' id='word_1_518' title='bbox 591 5039 644 5094; x_wconf 89' lang='lat' dir='ltr'><strong>in</strong></span> <span class='ocrx_word' id='word_1_519' title='bbox 671 5057 739 5096; x_wconf 89' lang='lat' dir='ltr'><strong>eo</strong></span> <span class='ocrx_word' id='word_1_520' title='bbox 769 5042 884 5095; x_wconf 88' lang='lat' dir='ltr'><strong>solo</strong></span> <span class='ocrx_word' id='word_1_521' title='bbox 924 5043 1170 5111; x_wconf 70' lang='lat' dir='ltr'><strong>qumdam</strong></span> <span class='ocrx_word' id='word_1_522' title='bbox 1197 5041 1374 5096; x_wconf 89' lang='lat' dir='ltr'><strong>adhuc</strong></span> <span class='ocrx_word' id='word_1_523' title='bbox 1405 5043 1570 5096; x_wconf 66' lang='lat' dir='ltr'><strong>lato&#39;nt</strong></span> <span class='ocrx_word' id='word_1_524' title='bbox 1606 5059 1722 5113; x_wconf 73' lang='lat' dir='ltr'><strong>quae</strong></span> <span class='ocrx_word' id='word_1_525' title='bbox 1749 5043 1827 5096; x_wconf 86' lang='lat' dir='ltr'><strong>lu-</strong></span> 
     </span>
    </p>
   </div>
   <div class='ocr_carea' id='block_1_69' title="bbox 225 5133 1822 5201">
    <p class='ocr_par' dir='ltr' id='par_1_69' title="bbox 225 5133 1822 5201">
     <span class='ocr_line' id='line_1_69' title="bbox 225 5133 1822 5201; baseline 0.004 -19"><span class='ocrx_word' id='word_1_526' title='bbox 225 5141 352 5183; x_wconf 80' lang='lat' dir='ltr'><strong>cem</strong></span> <span class='ocrx_word' id='word_1_527' title='bbox 381 5133 645 5198; x_wconf 88' lang='lat' dir='ltr'><strong>publicam</strong></span> <span class='ocrx_word' id='word_1_528' title='bbox 699 5145 996 5201; x_wconf 89' lang='lat' dir='ltr'><strong>merentur,</strong></span> <span class='ocrx_word' id='word_1_529' title='bbox 1043 5143 1100 5186; x_wconf 89' lang='lat' dir='ltr'><strong>ut</strong></span> <span class='ocrx_word' id='word_1_530' title='bbox 1155 5133 1367 5188; x_wconf 88' lang='lat' dir='ltr'><strong>libellus</strong></span> <span class='ocrx_word' id='word_1_531' title='bbox 1415 5133 1713 5189; x_wconf 80' lang='lat' dir='ltr'><strong>Vcrecundi</strong></span> <span class='ocrx_word' id='word_1_532' title='bbox 1755 5133 1822 5189; x_wconf 84' lang='lat' dir='ltr'><strong>de</strong></span> 
     </span>
    </p>
   </div>
   <div class='ocr_carea' id='block_1_70' title="bbox 227 5213 1819 5294">
    <p class='ocr_par' dir='ltr' id='par_1_70' title="bbox 227 5213 1819 5294">
     <span class='ocr_line' id='line_1_70' title="bbox 227 5213 1819 5294; baseline 0.004 -20"><span class='ocrx_word' id='word_1_533' title='bbox 227 5213 578 5290; x_wconf 70' lang='lat' dir='ltr'><strong>Pmnitentia,</strong></span> <span class='ocrx_word' id='word_1_534' title='bbox 601 5224 670 5280; x_wconf 87' lang='lat' dir='ltr'><strong>de</strong></span> <span class='ocrx_word' id='word_1_535' title='bbox 691 5241 798 5294; x_wconf 88' lang='lat' dir='ltr'><strong>quo</strong></span> <span class='ocrx_word' id='word_1_536' title='bbox 829 5239 978 5279; x_wconf 89' lang='lat' dir='ltr'><strong>num.</strong></span> <span class='ocrx_word' id='word_1_537' title='bbox 1011 5225 1100 5278; x_wconf 70' lang='grc'><strong>12.</strong></span> <span class='ocrx_word' id='word_1_538' title='bbox 1135 5225 1386 5278; x_wconf 86' lang='lat' dir='ltr'><strong>Carmina</strong></span> <span class='ocrx_word' id='word_1_539' title='bbox 1416 5225 1575 5278; x_wconf 87' lang='lat' dir='ltr'><strong>etiam</strong></span> <span class='ocrx_word' id='word_1_540' title='bbox 1602 5225 1819 5294; x_wconf 87' lang='lat' dir='ltr'><strong>Corippi</strong></span> 
     </span>
    </p>
   </div>
   <div class='ocr_carea' id='block_1_71' title="bbox 223 5310 1818 5383">
    <p class='ocr_par' dir='ltr' id='par_1_71' title="bbox 223 5310 1818 5383">
     <span class='ocr_line' id='line_1_71' title="bbox 223 5310 1818 5383; baseline 0.005 -19"><span class='ocrx_word' id='word_1_541' title='bbox 223 5310 540 5383; x_wconf 80' lang='lat' dir='ltr'><strong>diligentius</strong></span> <span class='ocrx_word' id='word_1_542' title='bbox 559 5331 682 5372; x_wconf 90' lang='lat' dir='ltr'><strong>cum</strong></span> <span class='ocrx_word' id='word_1_543' title='bbox 706 5316 809 5371; x_wconf 88' lang='lat' dir='ltr'><strong>hoc</strong></span> <span class='ocrx_word' id='word_1_544' title='bbox 837 5317 998 5371; x_wconf 89' lang='lat' dir='ltr'><strong>unico</strong></span> <span class='ocrx_word' id='word_1_545' title='bbox 1027 5316 1214 5371; x_wconf 88' lang='lat' dir='ltr'><strong>codice</strong></span> <span class='ocrx_word' id='word_1_546' title='bbox 1242 5325 1426 5371; x_wconf 87' lang='lat' dir='ltr'><strong>essent</strong></span> <span class='ocrx_word' id='word_1_547' title='bbox 1455 5316 1818 5373; x_wconf 82' lang='lat' dir='ltr'><strong>conterenda:</strong></span> 
     </span>
    </p>
   </div>
   <div class='ocr_carea' id='block_1_72' title="bbox 225 5403 1819 5487">
    <p class='ocr_par' dir='ltr' id='par_1_72' title="bbox 225 5403 1819 5487">
     <span class='ocr_line' id='line_1_72' title="bbox 225 5403 1819 5487; baseline 0.003 -29"><span class='ocrx_word' id='word_1_548' title='bbox 225 5419 358 5460; x_wconf 85' lang='lat' dir='ltr'><strong>nam</strong></span> <span class='ocrx_word' id='word_1_549' title='bbox 401 5409 605 5480; x_wconf 77' lang='lat' dir='ltr'><strong>Azagra</strong></span> <span class='ocrx_word' id='word_1_550' title='bbox 647 5425 1030 5480; x_wconf 85' lang='lat' dir='ltr'><strong>nonnunquam</strong></span> <span class='ocrx_word' id='word_1_551' title='bbox 1055 5410 1202 5487; x_wconf 83' lang='lat' dir='ltr'><strong>hanc</strong></span> <span class='ocrx_word' id='word_1_552' title='bbox 1226 5403 1499 5465; x_wconf 80' lang='lat' dir='ltr'><strong>licentiam</strong></span> <span class='ocrx_word' id='word_1_553' title='bbox 1539 5410 1638 5464; x_wconf 90' lang='lat' dir='ltr'><strong>sibi</strong></span> <span class='ocrx_word' id='word_1_554' title='bbox 1666 5425 1819 5464; x_wconf 85' lang='lat' dir='ltr'><strong>arro-</strong></span> 
     </span>
    </p>
   </div>
   <div class='ocr_carea' id='block_1_73' title="bbox 221 5500 1820 5574">
    <p class='ocr_par' dir='ltr' id='par_1_73' title="bbox 221 5500 1820 5574">
     <span class='ocr_line' id='line_1_73' title="bbox 221 5500 1820 5574; baseline 0.003 -24"><span class='ocrx_word' id='word_1_555' title='bbox 221 5500 415 5568; x_wconf 77' lang='lat' dir='ltr'><strong>gavit,</strong></span> <span class='ocrx_word' id='word_1_556' title='bbox 439 5512 495 5556; x_wconf 89' lang='lat' dir='ltr'><strong>ut</strong></span> <span class='ocrx_word' id='word_1_557' title='bbox 515 5519 702 5558; x_wconf 87' lang='lat' dir='ltr'><strong>versus</strong></span> <span class='ocrx_word' id='word_1_558' title='bbox 726 5512 1009 5571; x_wconf 88' lang='lat' dir='ltr'><strong>corruptos</strong></span> <span class='ocrx_word' id='word_1_559' title='bbox 1035 5517 1099 5557; x_wconf 83' lang='lat' dir='ltr'><strong>ex</strong></span> <span class='ocrx_word' id='word_1_560' title='bbox 1124 5501 1338 5574; x_wconf 84' lang='lat' dir='ltr'><strong>ingenio</strong></span> <span class='ocrx_word' id='word_1_561' title='bbox 1367 5515 1466 5556; x_wconf 87' lang='lat' dir='ltr'><strong>suo</strong></span> <span class='ocrx_word' id='word_1_562' title='bbox 1493 5501 1820 5566; x_wconf 88' lang='lat' dir='ltr'><strong>restitueret,</strong></span> 
     </span>
    </p>
   </div>
   <div class='ocr_carea' id='block_1_74' title="bbox 221 5575 1819 5656">
    <p class='ocr_par' dir='ltr' id='par_1_74' title="bbox 221 5575 1819 5656">
     <span class='ocr_line' id='line_1_74' title="bbox 221 5575 1819 5656; baseline 0.001 -13"><span class='ocrx_word' id='word_1_563' title='bbox 221 5589 362 5656; x_wconf 81' lang='lat' dir='ltr'><strong>quin</strong></span> <span class='ocrx_word' id='word_1_564' title='bbox 393 5597 556 5648; x_wconf 85' lang='lat' dir='ltr'><strong>verba</strong></span> <span class='ocrx_word' id='word_1_565' title='bbox 588 5595 788 5649; x_wconf 88' lang='lat' dir='ltr'><strong>codicis</strong></span> <span class='ocrx_word' id='word_1_566' title='bbox 837 5596 957 5649; x_wconf 87' lang='lat' dir='ltr'><strong>aliis</strong></span> <span class='ocrx_word' id='word_1_567' title='bbox 1005 5593 1235 5650; x_wconf 88' lang='lat' dir='ltr'><strong>videnda</strong></span> <span class='ocrx_word' id='word_1_568' title='bbox 1289 5593 1621 5648; x_wconf 86' lang='lat' dir='ltr'><strong>ostenderet.</strong></span> <span class='ocrx_word' id='word_1_569' title='bbox 1676 5575 1819 5646; x_wconf 82' lang='lat' dir='ltr'><strong>Illud</strong></span> 
     </span>
    </p>
   </div>
   <div class='ocr_carea' id='block_1_75' title="bbox 221 5676 1820 5754">
    <p class='ocr_par' dir='ltr' id='par_1_75' title="bbox 221 5676 1820 5754">
     <span class='ocr_line' id='line_1_75' title="bbox 221 5676 1820 5754; baseline 0.001 -18"><span class='ocrx_word' id='word_1_570' title='bbox 221 5676 340 5750; x_wconf 82' lang='lat'><strong>39</strong></span> <span class='ocrx_word' id='word_1_571' title='bbox 364 5693 528 5738; x_wconf 87' lang='lat' dir='ltr'><strong>tamen</strong></span> <span class='ocrx_word' id='word_1_572' title='bbox 566 5686 848 5739; x_wconf 84' lang='lat' dir='ltr'><strong>notandum</strong></span> <span class='ocrx_word' id='word_1_573' title='bbox 871 5695 966 5754; x_wconf 83' lang='lat' dir='ltr'><strong>est,</strong></span> <span class='ocrx_word' id='word_1_574' title='bbox 999 5686 1075 5743; x_wconf 89' lang='lat' dir='ltr'><strong>ait</strong></span> <span class='ocrx_word' id='word_1_575' title='bbox 1103 5685 1354 5741; x_wconf 83' lang='lat' dir='ltr'><strong>Barthius</strong></span> <span class='ocrx_word' id='word_1_576' title='bbox 1379 5701 1500 5754; x_wconf 82' lang='lat' dir='ltr'><strong>cap.</strong></span> <span class='ocrx_word' id='word_1_577' title='bbox 1531 5687 1555 5739; x_wconf 92' lang='grc'><strong>1</strong></span> <span class='ocrx_word' id='word_1_578' title='bbox 1599 5685 1695 5739; x_wconf 90' lang='lat' dir='ltr'><strong>lib.</strong></span> <span class='ocrx_word' id='word_1_579' title='bbox 1726 5700 1820 5738; x_wconf 84' lang='lat' dir='ltr'><strong>vtu</strong></span> 
     </span>
    </p>
   </div>
   <div class='ocr_carea' id='block_1_76' title="bbox 227 5763 1824 5846">
    <p class='ocr_par' dir='ltr' id='par_1_76' title="bbox 227 5763 1824 5846">
     <span class='ocr_line' id='line_1_76' title="bbox 227 5763 1824 5846; baseline 0.005 -22"><span class='ocrx_word' id='word_1_580' title='bbox 227 5771 488 5840; x_wconf 64' lang='grc' dir='ltr'><strong>Δάνα-9.,</strong></span> <span class='ocrx_word' id='word_1_581' title='bbox 523 5776 822 5834; x_wconf 74' lang='lat' dir='ltr'><strong>Michaelem</strong></span> <span class='ocrx_word' id='word_1_582' title='bbox 853 5779 1001 5833; x_wconf 85' lang='lat' dir='ltr'><strong>illum</strong></span> <span class='ocrx_word' id='word_1_583' title='bbox 1039 5779 1336 5846; x_wconf 79' lang='lat' dir='ltr'><strong>Assagrium</strong></span> <span class='ocrx_word' id='word_1_584' title='bbox 1362 5763 1824 5843; x_wconf 77' lang='lat' dir='ltr'><strong>impudcntinscute</strong></span> 
     </span>
    </p>
   </div>
   <div class='ocr_carea' id='block_1_77' title="bbox 1916 1916 3506 1989">
    <p class='ocr_par' dir='ltr' id='par_1_77' title="bbox 1916 1916 3506 1989">
     <span class='ocr_line' id='line_1_77' title="bbox 1916 1916 3506 1989; baseline -0.005 -15"><span class='ocrx_word' id='word_1_585' title='bbox 1916 1921 2070 1974; x_wconf 86' lang='lat' dir='ltr'><strong>contii</strong></span> <span class='ocrx_word' id='word_1_586' title='bbox 2097 1933 2247 1989; x_wconf 74' lang='lat' dir='ltr'><strong>opere</strong></span> <span class='ocrx_word' id='word_1_587' title='bbox 2278 1933 2552 1988; x_wconf 86' lang='lat' dir='ltr'><strong>suppressa</strong></span> <span class='ocrx_word' id='word_1_588' title='bbox 2571 1957 2585 1980; x_wconf 93' lang='lat'><strong>,</strong></span> <span class='ocrx_word' id='word_1_589' title='bbox 2633 1916 2883 1971; x_wconf 87' lang='lat' dir='ltr'><strong>nonnulla</strong></span> <span class='ocrx_word' id='word_1_590' title='bbox 2913 1923 3064 1968; x_wconf 90' lang='lat' dir='ltr'><strong>aucta</strong></span> <span class='ocrx_word' id='word_1_591' title='bbox 3103 1931 3136 1968; x_wconf 91' lang='lat' dir='ltr'><strong>a</strong></span> <span class='ocrx_word' id='word_1_592' title='bbox 3161 1931 3216 1968; x_wconf 85' lang='lat' dir='ltr'><strong>se</strong></span> <span class='ocrx_word' id='word_1_593' title='bbox 3243 1923 3290 1967; x_wconf 87' lang='lat' dir='ltr'><strong>et</strong></span> <span class='ocrx_word' id='word_1_594' title='bbox 3317 1929 3506 1984; x_wconf 51' lang='grc' dir='ltr'><strong>ρει-ρος</strong></span> 
     </span>
    </p>
   </div>
   <div class='ocr_carea' id='block_1_78' title="bbox 1917 2004 3500 2082">
    <p class='ocr_par' dir='ltr' id='par_1_78' title="bbox 1917 2004 3500 2082">
     <span class='ocr_line' id='line_1_78' title="bbox 1917 2004 3500 2082; baseline -0.005 -16"><span class='ocrx_word' id='word_1_595' title='bbox 1917 2013 2012 2066; x_wconf 88' lang='lat' dir='ltr'><strong>lita</strong></span> <span class='ocrx_word' id='word_1_596' title='bbox 2033 2019 2283 2076; x_wconf 82' lang='lat' dir='ltr'><strong>testatur;</strong></span> <span class='ocrx_word' id='word_1_597' title='bbox 2315 2009 2372 2064; x_wconf 83' lang='lat'><strong>5°</strong></span> <span class='ocrx_word' id='word_1_598' title='bbox 2401 2009 2627 2082; x_wconf 85' lang='lat' dir='ltr'><strong>ejusdem</strong></span> <span class='ocrx_word' id='word_1_599' title='bbox 2641 2010 2709 2061; x_wconf 85' lang='lat' dir='ltr'><strong>ad</strong></span> <span class='ocrx_word' id='word_1_600' title='bbox 2735 2008 3079 2060; x_wconf 76' lang='lat' dir='ltr'><strong>Theodosium</strong></span> <span class='ocrx_word' id='word_1_601' title='bbox 3103 2004 3369 2060; x_wconf 77' lang='lat' dir='ltr'><strong>Juniorem</strong></span> <span class='ocrx_word' id='word_1_602' title='bbox 3390 2005 3500 2058; x_wconf 68' lang='lat' dir='ltr'><strong>Au-</strong></span> 
     </span>
    </p>
   </div>
   <div class='ocr_carea' id='block_1_79' title="bbox 1918 2096 3502 2174">
    <p class='ocr_par' dir='ltr' id='par_1_79' title="bbox 1918 2096 3502 2174">
     <span class='ocr_line' id='line_1_79' title="bbox 1918 2096 3502 2174; baseline -0.005 -18"><span class='ocrx_word' id='word_1_603' title='bbox 1918 2113 2120 2174; x_wconf 85' lang='lat' dir='ltr'><strong>gustum</strong></span> <span class='ocrx_word' id='word_1_604' title='bbox 2160 2118 2364 2155; x_wconf 87' lang='lat' dir='ltr'><strong>carmen</strong></span> <span class='ocrx_word' id='word_1_605' title='bbox 2400 2100 2702 2170; x_wconf 85' lang='lat' dir='ltr'><strong>eleg&#39;acum,</strong></span> <span class='ocrx_word' id='word_1_606' title='bbox 2750 2101 2900 2170; x_wconf 86' lang='lat' dir='ltr'><strong>cujus</strong></span> <span class='ocrx_word' id='word_1_607' title='bbox 2931 2099 3010 2152; x_wconf 90' lang='lat' dir='ltr'><strong>hic</strong></span> <span class='ocrx_word' id='word_1_608' title='bbox 3033 2107 3110 2152; x_wconf 86' lang='lat' dir='ltr'><strong>est</strong></span> <span class='ocrx_word' id='word_1_609' title='bbox 3148 2097 3365 2152; x_wconf 86' lang='lat' dir='ltr'><strong>titulus:</strong></span> <span class='ocrx_word' id='word_1_610' title='bbox 3401 2096 3502 2152; x_wconf 82' lang='lat' dir='ltr'><strong>Sa-</strong></span> 
     </span>
    </p>
   </div>
   <div class='ocr_carea' id='block_1_80' title="bbox 1921 2189 3501 2262">
    <p class='ocr_par' dir='ltr' id='par_1_80' title="bbox 1921 2189 3501 2262">
     <span class='ocr_line' id='line_1_80' title="bbox 1921 2189 3501 2262; baseline -0.003 -16"><span class='ocrx_word' id='word_1_611' title='bbox 1921 2194 2166 2262; x_wconf 77' lang='lat' dir='ltr'><strong>tisfactio,</strong></span> <span class='ocrx_word' id='word_1_612' title='bbox 2191 2209 2292 2262; x_wconf 87' lang='lat' dir='ltr'><strong>qua</strong></span> <span class='ocrx_word' id='word_1_613' title='bbox 2307 2210 2338 2246; x_wconf 92' lang='lat' dir='ltr'><strong>a</strong></span> <span class='ocrx_word' id='word_1_614' title='bbox 2361 2193 2468 2246; x_wconf 89' lang='lat' dir='ltr'><strong>Deo</strong></span> <span class='ocrx_word' id='word_1_615' title='bbox 2489 2192 2820 2260; x_wconf 80' lang='lat' dir='ltr'><strong>omnipotenti</strong></span> <span class='ocrx_word' id='word_1_616' title='bbox 2839 2191 3034 2244; x_wconf 77' lang='lat' dir='ltr'><strong>veniam</strong></span> <span class='ocrx_word' id='word_1_617' title='bbox 3055 2189 3198 2260; x_wconf 86' lang='lat' dir='ltr'><strong>petit.</strong></span> <span class='ocrx_word' id='word_1_618' title='bbox 3224 2205 3284 2242; x_wconf 88' lang='lat' dir='ltr'><strong>ne</strong></span> <span class='ocrx_word' id='word_1_619' title='bbox 3313 2204 3501 2254; x_wconf 65' lang='lat' dir='ltr'><strong>prlece-</strong></span> 
     </span>
    </p>
   </div>
   <div class='ocr_carea' id='block_1_81' title="bbox 1921 2277 3502 2354">
    <p class='ocr_par' dir='ltr' id='par_1_81' title="bbox 1921 2277 3502 2354">
     <span class='ocr_line' id='line_1_81' title="bbox 1921 2277 3502 2354; baseline -0.006 -15"><span class='ocrx_word' id='word_1_620' title='bbox 1921 2287 2061 2339; x_wconf 84' lang='lat' dir='ltr'><strong>denti</strong></span> <span class='ocrx_word' id='word_1_621' title='bbox 2082 2285 2305 2338; x_wconf 87' lang='lat' dir='ltr'><strong>carmine</strong></span> <span class='ocrx_word' id='word_1_622' title='bbox 2333 2282 2532 2354; x_wconf 85' lang='lat' dir='ltr'><strong>aliquid</strong></span> <span class='ocrx_word' id='word_1_623' title='bbox 2557 2283 2793 2335; x_wconf 85' lang='lat' dir='ltr'><strong>incautus</strong></span> <span class='ocrx_word' id='word_1_624' title='bbox 2827 2289 3042 2334; x_wconf 85' lang='lat' dir='ltr'><strong>errasset</strong></span> <span class='ocrx_word' id='word_1_625' title='bbox 3071 2295 3088 2344; x_wconf 83' lang='lat'><strong>,&#39;</strong></span> <span class='ocrx_word' id='word_1_626' title='bbox 3119 2281 3241 2333; x_wconf 86' lang='lat' dir='ltr'><strong>dein</strong></span> <span class='ocrx_word' id='word_1_627' title='bbox 3269 2277 3502 2334; x_wconf 85' lang='lat' dir='ltr'><strong>Theodo-</strong></span> 
     </span>
    </p>
   </div>
   <div class='ocr_carea' id='block_1_82' title="bbox 1920 2369 3504 2443">
    <p class='ocr_par' dir='ltr' id='par_1_82' title="bbox 1920 2369 3504 2443">
     <span class='ocr_line' id='line_1_82' title="bbox 1920 2369 3504 2443; baseline -0.004 -14"><span class='ocrx_word' id='word_1_628' title='bbox 1920 2377 1996 2430; x_wconf 86' lang='lat' dir='ltr'><strong>sio</strong></span> <span class='ocrx_word' id='word_1_629' title='bbox 2018 2374 2225 2429; x_wconf 80' lang='lat' dir='ltr'><strong>Juniori</strong></span> <span class='ocrx_word' id='word_1_630' title='bbox 2251 2377 2481 2443; x_wconf 73' lang='lat' dir='ltr'><strong>Augusto</strong></span> <span class='ocrx_word' id='word_1_631' title='bbox 2522 2389 2718 2442; x_wconf 75' lang='lat' dir='ltr'><strong>present</strong></span> <span class='ocrx_word' id='word_1_632' title='bbox 2750 2372 2944 2441; x_wconf 76' lang='lat' dir='ltr'><strong>defert,</strong></span> <span class='ocrx_word' id='word_1_633' title='bbox 2990 2387 3083 2424; x_wconf 84' lang='lat' dir='ltr'><strong>cur</strong></span> <span class='ocrx_word' id='word_1_634' title='bbox 3125 2370 3188 2423; x_wconf 92' lang='lat' dir='ltr'><strong>de</strong></span> <span class='ocrx_word' id='word_1_635' title='bbox 3233 2369 3504 2439; x_wconf 81' lang='lat' dir='ltr'><strong>triumphis</strong></span> 
     </span>
    </p>
   </div>
   <div class='ocr_carea' id='block_1_83' title="bbox 1920 2461 3510 2534">
    <p class='ocr_par' dir='ltr' id='par_1_83' title="bbox 1920 2461 3510 2534">
     <span class='ocr_line' id='line_1_83' title="bbox 1920 2461 3510 2534; baseline -0.004 -14"><span class='ocrx_word' id='word_1_636' title='bbox 1920 2469 2064 2522; x_wconf 86' lang='lat' dir='ltr'><strong>illius</strong></span> <span class='ocrx_word' id='word_1_637' title='bbox 2109 2468 2163 2522; x_wconf 86' lang='lat' dir='ltr'><strong>in</strong></span> <span class='ocrx_word' id='word_1_638' title='bbox 2200 2467 2377 2521; x_wconf 79' lang='lat' dir='ltr'><strong>eodem</strong></span> <span class='ocrx_word' id='word_1_639' title='bbox 2419 2482 2569 2534; x_wconf 87' lang='lat' dir='ltr'><strong>opere</strong></span> <span class='ocrx_word' id='word_1_640' title='bbox 2617 2467 2898 2526; x_wconf 79' lang='lat' dir='ltr'><strong>tacuisset;</strong></span> <span class='ocrx_word' id='word_1_641' title='bbox 2935 2465 2994 2518; x_wconf 72' lang='grc'><strong>4⁸</strong></span> <span class='ocrx_word' id='word_1_642' title='bbox 3026 2461 3244 2534; x_wconf 83' lang='lat' dir='ltr'><strong>Eugenii</strong></span> <span class='ocrx_word' id='word_1_643' title='bbox 3272 2462 3510 2516; x_wconf 78' lang='lat' dir='ltr'><strong>Toletani</strong></span> 
     </span>
    </p>
   </div>
   <div class='ocr_carea' id='block_1_84' title="bbox 1922 2553 3502 2624">
    <p class='ocr_par' dir='ltr' id='par_1_84' title="bbox 1922 2553 3502 2624">
     <span class='ocr_line' id='line_1_84' title="bbox 1922 2553 3502 2624; baseline -0.006 -10"><span class='ocrx_word' id='word_1_644' title='bbox 1922 2558 2234 2614; x_wconf 85' lang='lat' dir='ltr'><strong>monastic/ta</strong></span> <span class='ocrx_word' id='word_1_645' title='bbox 2279 2557 2718 2624; x_wconf 83' lang='lat' dir='ltr'><strong>recapitulationis</strong></span> <span class='ocrx_word' id='word_1_646' title='bbox 2759 2555 2961 2624; x_wconf 84' lang='lat' dir='ltr'><strong>septimi</strong></span> <span class='ocrx_word' id='word_1_647' title='bbox 3006 2555 3144 2618; x_wconf 88' lang='lat' dir='ltr'><strong>diei;</strong></span> <span class='ocrx_word' id='word_1_648' title='bbox 3189 2555 3246 2608; x_wconf 80' lang='lat'><strong>5&#39;</strong></span> <span class='ocrx_word' id='word_1_649' title='bbox 3291 2553 3352 2608; x_wconf 90' lang='lat' dir='ltr'><strong>S.</strong></span> <span class='ocrx_word' id='word_1_650' title='bbox 3406 2554 3502 2622; x_wconf 71' lang='grc' dir='ltr'><strong>(ἰυ-</strong></span> 
     </span>
    </p>
   </div>
   <div class='ocr_carea' id='block_1_85' title="bbox 1921 2637 3510 2720">
    <p class='ocr_par' dir='ltr' id='par_1_85' title="bbox 1921 2637 3510 2720">
     <span class='ocr_line' id='line_1_85' title="bbox 1921 2637 3510 2720; baseline -0.006 -16"><span class='ocrx_word' id='word_1_651' title='bbox 1921 2637 2090 2720; x_wconf 85' lang='lat' dir='ltr'><strong>priani</strong></span> <span class='ocrx_word' id='word_1_652' title='bbox 2135 2666 2308 2704; x_wconf 82' lang='lat' dir='ltr'><strong>versus</strong></span> <span class='ocrx_word' id='word_1_653' title='bbox 2341 2650 2410 2702; x_wconf 87' lang='lat' dir='ltr'><strong>ad</strong></span> <span class='ocrx_word' id='word_1_654' title='bbox 2442 2647 2713 2716; x_wconf 86' lang='lat' dir='ltr'><strong>quemdam</strong></span> <span class='ocrx_word' id='word_1_655' title='bbox 2739 2655 3048 2710; x_wconf 85' lang='lat' dir='ltr'><strong>senatorem,</strong></span> <span class='ocrx_word' id='word_1_656' title='bbox 3093 2654 3197 2700; x_wconf 86' lang='lat' dir='ltr'><strong>etc.</strong></span> <span class='ocrx_word' id='word_1_657' title='bbox 3232 2646 3284 2698; x_wconf 90' lang='lat' dir='ltr'><strong>ln</strong></span> <span class='ocrx_word' id='word_1_658' title='bbox 3316 2644 3510 2698; x_wconf 68' lang='lat' dir='ltr'><strong>codice</strong></span> 
     </span>
    </p>
   </div>
   <div class='ocr_carea' id='block_1_86' title="bbox 1923 2735 3500 2810">
    <p class='ocr_par' dir='ltr' id='par_1_86' title="bbox 1923 2735 3500 2810">
     <span class='ocr_line' id='line_1_86' title="bbox 1923 2735 3500 2810; baseline -0.004 -13"><span class='ocrx_word' id='word_1_659' title='bbox 1923 2742 2264 2798; x_wconf 91' lang='lat' dir='ltr'><strong>Dracontium</strong></span> <span class='ocrx_word' id='word_1_660' title='bbox 2315 2740 2498 2794; x_wconf 87' lang='lat' dir='ltr'><strong>vocari</strong></span> <span class='ocrx_word' id='word_1_661' title='bbox 2542 2739 2914 2810; x_wconf 86' lang='lat' dir='ltr'><strong>presbyterum</strong></span> <span class='ocrx_word' id='word_1_662' title='bbox 2953 2753 3059 2793; x_wconf 92' lang='lat' dir='ltr'><strong>non</strong></span> <span class='ocrx_word' id='word_1_663' title='bbox 3092 2737 3283 2802; x_wconf 88' lang='lat' dir='ltr'><strong>credo,</strong></span> <span class='ocrx_word' id='word_1_664' title='bbox 3321 2735 3414 2790; x_wconf 90' lang='lat' dir='ltr'><strong>sed</strong></span> <span class='ocrx_word' id='word_1_665' title='bbox 3449 2736 3500 2790; x_wconf 92' lang='lat' dir='ltr'><strong>id</strong></span> 
     </span>
    </p>
   </div>
   <div class='ocr_carea' id='block_1_87' title="bbox 1919 2828 3502 2904">
    <p class='ocr_par' dir='ltr' id='par_1_87' title="bbox 1919 2828 3502 2904">
     <span class='ocr_line' id='line_1_87' title="bbox 1919 2828 3502 2904; baseline -0.005 -14"><span class='ocrx_word' id='word_1_666' title='bbox 1919 2833 2298 2904; x_wconf 74' lang='lat' dir='ltr'><strong>explicationis</strong></span> <span class='ocrx_word' id='word_1_667' title='bbox 2325 2833 2493 2902; x_wconf 81' lang='lat' dir='ltr'><strong>gratia</strong></span> <span class='ocrx_word' id='word_1_668' title='bbox 2523 2847 2588 2886; x_wconf 78' lang='lat' dir='ltr'><strong>ex</strong></span> <span class='ocrx_word' id='word_1_669' title='bbox 2617 2830 2964 2900; x_wconf 58' lang='lat' dir='ltr'><strong>praeiudicata</strong></span> <span class='ocrx_word' id='word_1_670' title='bbox 2992 2830 3248 2900; x_wconf 82' lang='lat' dir='ltr'><strong>Opinione</strong></span> <span class='ocrx_word' id='word_1_671' title='bbox 3277 2829 3344 2884; x_wconf 86' lang='lat' dir='ltr'><strong>ab</strong></span> <span class='ocrx_word' id='word_1_672' title='bbox 3387 2828 3502 2884; x_wconf 86' lang='lat' dir='ltr'><strong>edi-</strong></span> 
     </span>
    </p>
   </div>
   <div class='ocr_carea' id='block_1_88' title="bbox 1920 2920 3502 2991">
    <p class='ocr_par' dir='ltr' id='par_1_88' title="bbox 1920 2920 3502 2991">
     <span class='ocr_line' id='line_1_88' title="bbox 1920 2920 3502 2991; baseline -0.003 -11"><span class='ocrx_word' id='word_1_673' title='bbox 1920 2935 2036 2980; x_wconf 89' lang='lat' dir='ltr'><strong>tore</strong></span> <span class='ocrx_word' id='word_1_674' title='bbox 2079 2923 2316 2978; x_wconf 88' lang='lat' dir='ltr'><strong>additum</strong></span> <span class='ocrx_word' id='word_1_675' title='bbox 2347 2923 2617 2978; x_wconf 80' lang='lat' dir='ltr'><strong>existimo.</strong></span> <span class='ocrx_word' id='word_1_676' title='bbox 2658 2924 2734 2978; x_wconf 76' lang='lat' dir='ltr'><strong>Ex</strong></span> <span class='ocrx_word' id='word_1_677' title='bbox 2773 2922 2960 2978; x_wconf 72' lang='lat' dir='ltr'><strong>codice</strong></span> <span class='ocrx_word' id='word_1_678' title='bbox 3005 2922 3119 2991; x_wconf 89' lang='lat' dir='ltr'><strong>ipso</strong></span> <span class='ocrx_word' id='word_1_679' title='bbox 3155 2921 3367 2976; x_wconf 86' lang='lat' dir='ltr'><strong>videtur</strong></span> <span class='ocrx_word' id='word_1_680' title='bbox 3408 2920 3502 2976; x_wconf 74' lang='lat' dir='ltr'><strong>de-</strong></span> 
     </span>
    </p>
   </div>
   <div class='ocr_carea' id='block_1_89' title="bbox 1921 3013 3506 3085">
    <p class='ocr_par' dir='ltr' id='par_1_89' title="bbox 1921 3013 3506 3085">
     <span class='ocr_line' id='line_1_89' title="bbox 1921 3013 3506 3085; baseline -0.003 -15"><span class='ocrx_word' id='word_1_681' title='bbox 1921 3027 2160 3085; x_wconf 84' lang='lat' dir='ltr'><strong>prompta</strong></span> <span class='ocrx_word' id='word_1_682' title='bbox 2185 3016 2463 3084; x_wconf 84' lang='lat' dir='ltr'><strong>inscriptio</strong></span> <span class='ocrx_word' id='word_1_683' title='bbox 2489 3017 2676 3085; x_wconf 73' lang='lat' dir='ltr'><strong>elegia:</strong></span> <span class='ocrx_word' id='word_1_684' title='bbox 2705 3013 2975 3069; x_wconf 90' lang='lat' dir='ltr'><strong>Dracontii</strong></span> <span class='ocrx_word' id='word_1_685' title='bbox 3020 3013 3342 3084; x_wconf 78' lang='lat' dir='ltr'><strong>Satisfactio,</strong></span> <span class='ocrx_word' id='word_1_686' title='bbox 3369 3022 3506 3079; x_wconf 86' lang='lat' dir='ltr'><strong>etc.,</strong></span> 
     </span>
    </p>
   </div>
   <div class='ocr_carea' id='block_1_90' title="bbox 1919 3105 3502 3178">
    <p class='ocr_par' dir='ltr' id='par_1_90' title="bbox 1919 3105 3502 3178">
     <span class='ocr_line' id='line_1_90' title="bbox 1919 3105 3502 3178; baseline -0.001 -16"><span class='ocrx_word' id='word_1_687' title='bbox 1919 3109 1986 3163; x_wconf 92' lang='lat' dir='ltr'><strong>de</strong></span> <span class='ocrx_word' id='word_1_688' title='bbox 2014 3124 2116 3178; x_wconf 89' lang='lat' dir='ltr'><strong>qua</strong></span> <span class='ocrx_word' id='word_1_689' title='bbox 2161 3108 2282 3164; x_wconf 91' lang='lat' dir='ltr'><strong>vide</strong></span> <span class='ocrx_word' id='word_1_690' title='bbox 2313 3124 2460 3165; x_wconf 90' lang='lat' dir='ltr'><strong>num.</strong></span> <span class='ocrx_word' id='word_1_691' title='bbox 2488 3108 2576 3174; x_wconf 79' lang='grc'><strong>56,</strong></span> <span class='ocrx_word' id='word_1_692' title='bbox 2614 3117 2668 3162; x_wconf 82' lang='lat' dir='ltr'><strong>et</strong></span> <span class='ocrx_word' id='word_1_693' title='bbox 2701 3107 2922 3163; x_wconf 60' lang='lat' dir='ltr'><strong>dicenda</strong></span> <span class='ocrx_word' id='word_1_694' title='bbox 2963 3123 3112 3164; x_wconf 90' lang='lat' dir='ltr'><strong>num.</strong></span> <span class='ocrx_word' id='word_1_695' title='bbox 3139 3109 3209 3162; x_wconf 76' lang='lat'><strong>93</strong></span> <span class='ocrx_word' id='word_1_696' title='bbox 3237 3121 3353 3178; x_wconf 90' lang='lat' dir='ltr'><strong>seq.</strong></span> <span class='ocrx_word' id='word_1_697' title='bbox 3385 3105 3502 3160; x_wconf 86' lang='lat' dir='ltr'><strong>Non</strong></span> 
     </span>
    </p>
   </div>
   <div class='ocr_carea' id='block_1_91' title="bbox 1921 3201 3502 3268">
    <p class='ocr_par' dir='ltr' id='par_1_91' title="bbox 1921 3201 3502 3268">
     <span class='ocr_line' id='line_1_91' title="bbox 1921 3201 3502 3268; baseline -0.004 -8"><span class='ocrx_word' id='word_1_698' title='bbox 1921 3204 2273 3260; x_wconf 82' lang='lat' dir='ltr'><strong>omittendum</strong></span> <span class='ocrx_word' id='word_1_699' title='bbox 2319 3203 2370 3256; x_wconf 89' lang='lat' dir='ltr'><strong>in</strong></span> <span class='ocrx_word' id='word_1_700' title='bbox 2424 3205 2526 3258; x_wconf 89' lang='lat' dir='ltr'><strong>hoc</strong></span> <span class='ocrx_word' id='word_1_701' title='bbox 2568 3201 2754 3256; x_wconf 85' lang='lat' dir='ltr'><strong>codice</strong></span> <span class='ocrx_word' id='word_1_702' title='bbox 2792 3203 2931 3255; x_wconf 85' lang='lat' dir='ltr'><strong>inter</strong></span> <span class='ocrx_word' id='word_1_703' title='bbox 2958 3201 3060 3256; x_wconf 90' lang='lat' dir='ltr'><strong>alia</strong></span> <span class='ocrx_word' id='word_1_704' title='bbox 3091 3216 3252 3268; x_wconf 86' lang='lat' dir='ltr'><strong>opera</strong></span> <span class='ocrx_word' id='word_1_705' title='bbox 3286 3201 3404 3255; x_wconf 91' lang='lat' dir='ltr'><strong>loco</strong></span> <span class='ocrx_word' id='word_1_706' title='bbox 3429 3201 3502 3254; x_wconf 82' lang='grc'><strong>22</strong></span> 
     </span>
    </p>
   </div>
   <div class='ocr_carea' id='block_1_92' title="bbox 1919 3289 3501 3365">
    <p class='ocr_par' dir='ltr' id='par_1_92' title="bbox 1919 3289 3501 3365">
     <span class='ocr_line' id='line_1_92' title="bbox 1919 3289 3501 3365; baseline -0.004 -15"><span class='ocrx_word' id='word_1_707' title='bbox 1919 3293 2108 3364; x_wconf 84' lang='lat' dir='ltr'><strong>reponi</strong></span> <span class='ocrx_word' id='word_1_708' title='bbox 2143 3293 2362 3365; x_wconf 70' lang='grc' dir='ltr'><strong>[ἔασεηῆ</strong></span> <span class='ocrx_word' id='word_1_709' title='bbox 2385 3293 2610 3363; x_wconf 75' lang='lat' dir='ltr'><strong>episcopi</strong></span> <span class='ocrx_word' id='word_1_710' title='bbox 2633 3291 2876 3362; x_wconf 82' lang='lat' dir='ltr'><strong>hymnum</strong></span> <span class='ocrx_word' id='word_1_711' title='bbox 2897 3291 2958 3344; x_wconf 85' lang='lat' dir='ltr'><strong>de</strong></span> <span class='ocrx_word' id='word_1_712' title='bbox 2988 3289 3050 3346; x_wconf 91' lang='lat' dir='ltr'><strong>S.</strong></span> <span class='ocrx_word' id='word_1_713' title='bbox 3085 3289 3350 3360; x_wconf 84' lang='lat' dir='ltr'><strong>Dionysio.</strong></span> <span class='ocrx_word' id='word_1_714' title='bbox 3383 3289 3501 3345; x_wconf 70' lang='lat' dir='ltr'><strong>Sir-</strong></span> 
     </span>
    </p>
   </div>
   <div class='ocr_carea' id='block_1_93' title="bbox 1920 3382 3506 3457">
    <p class='ocr_par' dir='ltr' id='par_1_93' title="bbox 1920 3382 3506 3457">
     <span class='ocr_line' id='line_1_93' title="bbox 1920 3382 3506 3457; baseline -0.002 -17"><span class='ocrx_word' id='word_1_715' title='bbox 1920 3388 2148 3440; x_wconf 88' lang='lat' dir='ltr'><strong>momlus</strong></span> <span class='ocrx_word' id='word_1_716' title='bbox 2167 3387 2309 3440; x_wconf 91' lang='lat' dir='ltr'><strong>hunc</strong></span> <span class='ocrx_word' id='word_1_717' title='bbox 2335 3385 2590 3457; x_wconf 87' lang='lat' dir='ltr'><strong>hymnum</strong></span> <span class='ocrx_word' id='word_1_718' title='bbox 2612 3394 2703 3438; x_wconf 89' lang='lat' dir='ltr'><strong>aut</strong></span> <span class='ocrx_word' id='word_1_719' title='bbox 2728 3401 2832 3438; x_wconf 88' lang='lat' dir='ltr'><strong>non</strong></span> <span class='ocrx_word' id='word_1_720' title='bbox 2859 3385 3011 3449; x_wconf 88' lang='lat' dir='ltr'><strong>vidit,</strong></span> <span class='ocrx_word' id='word_1_721' title='bbox 3045 3394 3134 3438; x_wconf 89' lang='lat' dir='ltr'><strong>aut</strong></span> <span class='ocrx_word' id='word_1_722' title='bbox 3154 3383 3220 3438; x_wconf 89' lang='lat' dir='ltr'><strong>ad</strong></span> <span class='ocrx_word' id='word_1_723' title='bbox 3243 3383 3300 3438; x_wconf 93' lang='lat' dir='ltr'><strong>S.</strong></span> <span class='ocrx_word' id='word_1_724' title='bbox 3329 3382 3506 3453; x_wconf 81' lang='lat' dir='ltr'><strong>Euge-</strong></span> 
     </span>
    </p>
   </div>
   <div class='ocr_carea' id='block_1_94' title="bbox 1922 3474 3592 3544">
    <p class='ocr_par' dir='ltr' id='par_1_94' title="bbox 1922 3474 3592 3544">
     <span class='ocr_line' id='line_1_94' title="bbox 1922 3474 3592 3544; baseline -0.003 -13"><span class='ocrx_word' id='word_1_725' title='bbox 1922 3479 2067 3531; x_wconf 89' lang='lat' dir='ltr'><strong>nium</strong></span> <span class='ocrx_word' id='word_1_726' title='bbox 2093 3477 2412 3531; x_wconf 87' lang='lat' dir='ltr'><strong>Toletanum</strong></span> <span class='ocrx_word' id='word_1_727' title='bbox 2437 3493 2541 3530; x_wconf 91' lang='lat' dir='ltr'><strong>non</strong></span> <span class='ocrx_word' id='word_1_728' title='bbox 2567 3475 3132 3544; x_wconf 80' lang='lat' dir='ltr'><strong>pertinerejudicavit.</strong></span> <span class='ocrx_word' id='word_1_729' title='bbox 3158 3474 3505 3542; x_wconf 83' lang='lat' dir='ltr'><strong>Aliiscripto-</strong></span> <span class='ocrx_word' id='word_1_730' title='bbox 3584 3491 3592 3499; x_wconf 91' lang='grc'><strong>·</strong></span> 
     </span>
    </p>
   </div>
   <div class='ocr_carea' id='block_1_95' title="bbox 1920 3564 3504 3636">
    <p class='ocr_par' dir='ltr' id='par_1_95' title="bbox 1920 3564 3504 3636">
     <span class='ocr_line' id='line_1_95' title="bbox 1920 3564 3504 3636; baseline -0.003 -14"><span class='ocrx_word' id='word_1_731' title='bbox 1920 3582 2008 3622; x_wconf 87' lang='lat' dir='ltr'><strong>res</strong></span> <span class='ocrx_word' id='word_1_732' title='bbox 2055 3566 2190 3621; x_wconf 87' lang='lat' dir='ltr'><strong>Galli</strong></span> <span class='ocrx_word' id='word_1_733' title='bbox 2234 3567 2496 3620; x_wconf 87' lang='lat' dir='ltr'><strong>acerrime</strong></span> <span class='ocrx_word' id='word_1_734' title='bbox 2547 3581 2643 3633; x_wconf 87' lang='lat' dir='ltr'><strong>pro</strong></span> <span class='ocrx_word' id='word_1_735' title='bbox 2677 3564 2776 3618; x_wconf 91' lang='lat' dir='ltr'><strong>hoc</strong></span> <span class='ocrx_word' id='word_1_736' title='bbox 2817 3565 3017 3634; x_wconf 85' lang='lat' dir='ltr'><strong>hymno</strong></span> <span class='ocrx_word' id='word_1_737' title='bbox 3047 3573 3305 3636; x_wconf 80' lang='lat' dir='ltr'><strong>pugnant,</strong></span> <span class='ocrx_word' id='word_1_738' title='bbox 3343 3579 3504 3632; x_wconf 88' lang='lat' dir='ltr'><strong>quem</strong></span> 
     </span>
    </p>
   </div>
   <div class='ocr_carea' id='block_1_96' title="bbox 1924 3653 3504 3729">
    <p class='ocr_par' dir='ltr' id='par_1_96' title="bbox 1924 3653 3504 3729">
     <span class='ocr_line' id='line_1_96' title="bbox 1924 3653 3504 3729; baseline -0.004 -16"><span class='ocrx_word' id='word_1_739' title='bbox 1924 3658 2160 3729; x_wconf 80' lang='lat' dir='ltr'><strong>Eugenio</strong></span> <span class='ocrx_word' id='word_1_740' title='bbox 2190 3655 2450 3710; x_wconf 84' lang='lat' dir='ltr'><strong>Toletano</strong></span> <span class='ocrx_word' id='word_1_741' title='bbox 2479 3654 2893 3722; x_wconf 84' lang='lat' dir='ltr'><strong>adjudlcandum</strong></span> <span class='ocrx_word' id='word_1_742' title='bbox 2911 3654 3266 3710; x_wconf 87' lang='lat' dir='ltr'><strong>contendunt.</strong></span> <span class='ocrx_word' id='word_1_743' title='bbox 3302 3653 3379 3710; x_wconf 88' lang='lat' dir='ltr'><strong>De</strong></span> <span class='ocrx_word' id='word_1_744' title='bbox 3399 3670 3504 3724; x_wconf 86' lang='lat' dir='ltr'><strong>qua</strong></span> 
     </span>
    </p>
   </div>
   <div class='ocr_carea' id='block_1_97' title="bbox 1922 3747 3506 3817">
    <p class='ocr_par' dir='ltr' id='par_1_97' title="bbox 1922 3747 3506 3817">
     <span class='ocr_line' id='line_1_97' title="bbox 1922 3747 3506 3817; baseline -0.004 -9"><span class='ocrx_word' id='word_1_745' title='bbox 1922 3749 2288 3808; x_wconf 83' lang='lat' dir='ltr'><strong>controversia</strong></span> <span class='ocrx_word' id='word_1_746' title='bbox 2324 3749 2490 3804; x_wconf 89' lang='lat' dir='ltr'><strong>videri</strong></span> <span class='ocrx_word' id='word_1_747' title='bbox 2532 3760 2749 3817; x_wconf 89' lang='lat' dir='ltr'><strong>possunt</strong></span> <span class='ocrx_word' id='word_1_748' title='bbox 2782 3747 3066 3802; x_wconf 80' lang='lat' dir='ltr'><strong>Meuardus</strong></span> <span class='ocrx_word' id='word_1_749' title='bbox 3097 3748 3149 3800; x_wconf 89' lang='lat' dir='ltr'><strong>in</strong></span> <span class='ocrx_word' id='word_1_750' title='bbox 3185 3748 3402 3802; x_wconf 89' lang='lat' dir='ltr'><strong>dissert.</strong></span> <span class='ocrx_word' id='word_1_751' title='bbox 3434 3747 3506 3802; x_wconf 84' lang='lat' dir='ltr'><strong>de</strong></span> 
     </span>
    </p>
   </div>
   <div class='ocr_carea' id='block_1_98' title="bbox 1924 3833 3506 3918">
    <p class='ocr_par' dir='ltr' id='par_1_98' title="bbox 1924 3833 3506 3918">
     <span class='ocr_line' id='line_1_98' title="bbox 1924 3833 3506 3918; baseline -0.005 -16"><span class='ocrx_word' id='word_1_752' title='bbox 1924 3833 2088 3902; x_wconf 11' lang='lat' dir='ltr'><strong>unico.</strong></span> <span class='ocrx_word' id='word_1_753' title='bbox 2114 3843 2389 3914; x_wconf 83' lang='lat' dir='ltr'><strong>Dionysio,</strong></span> <span class='ocrx_word' id='word_1_754' title='bbox 2421 3841 2619 3918; x_wconf 74' lang='lat' dir='ltr'><strong>Natalis</strong></span> <span class='ocrx_word' id='word_1_755' title='bbox 2651 3840 2952 3895; x_wconf 77' lang='lat' dir='ltr'><strong>Alexander</strong></span> <span class='ocrx_word' id='word_1_756' title='bbox 2981 3840 3194 3894; x_wconf 58' lang='lat' dir='ltr'><strong>dissert.</strong></span> <span class='ocrx_word' id='word_1_757' title='bbox 3227 3839 3292 3894; x_wconf 89' lang='grc'><strong>16</strong></span> <span class='ocrx_word' id='word_1_758' title='bbox 3321 3840 3506 3894; x_wconf 74' lang='lat' dir='ltr'><strong>smculi</strong></span> 
     </span>
    </p>
   </div>
   <div class='ocr_carea' id='block_1_99' title="bbox 1923 3929 3514 4006">
    <p class='ocr_par' dir='ltr' id='par_1_99' title="bbox 1923 3929 3514 4006">
     <span class='ocr_line' id='line_1_99' title="bbox 1923 3929 3514 4006; baseline -0.006 -12"><span class='ocrx_word' id='word_1_759' title='bbox 1923 3955 1961 4002; x_wconf 84' lang='grc' dir='ltr'>ι,</span> <span class='ocrx_word' id='word_1_760' title='bbox 1991 3948 2044 3992; x_wconf 82' lang='lat' dir='ltr'><strong>et</strong></span> <span class='ocrx_word' id='word_1_761' title='bbox 2070 3980 2084 4002; x_wconf 88' lang='lat'><strong>,</strong></span> <span class='ocrx_word' id='word_1_762' title='bbox 2113 3936 2200 4006; x_wconf 84' lang='lat' dir='ltr'><strong>qui</strong></span> <span class='ocrx_word' id='word_1_763' title='bbox 2231 3935 2315 3989; x_wconf 88' lang='lat' dir='ltr'><strong>his</strong></span> <span class='ocrx_word' id='word_1_764' title='bbox 2353 3933 2585 3997; x_wconf 82' lang='lat' dir='ltr'><strong>resistit,</strong></span> <span class='ocrx_word' id='word_1_765' title='bbox 2617 3931 2936 3986; x_wconf 79' lang='lat' dir='ltr'><strong>Francismts</strong></span> <span class='ocrx_word' id='word_1_766' title='bbox 2965 3930 3160 4000; x_wconf 78' lang='lat' dir='ltr'><strong>Pagius</strong></span> <span class='ocrx_word' id='word_1_767' title='bbox 3188 3929 3406 3984; x_wconf 86' lang='lat' dir='ltr'><strong>dissert.</strong></span> <span class='ocrx_word' id='word_1_768' title='bbox 3437 3929 3514 3984; x_wconf 70' lang='lat' dir='ltr'><strong>de</strong></span> 
     </span>
    </p>
   </div>
   <div class='ocr_carea' id='block_1_100' title="bbox 1923 4023 3504 4098">
    <p class='ocr_par' dir='ltr' id='par_1_100' title="bbox 1923 4023 3504 4098">
     <span class='ocr_line' id='line_1_100' title="bbox 1923 4023 3504 4098; baseline -0.009 -12"><span class='ocrx_word' id='word_1_769' title='bbox 1923 4030 1982 4086; x_wconf 93' lang='lat' dir='ltr'><strong>S.</strong></span> <span class='ocrx_word' id='word_1_770' title='bbox 2030 4027 2280 4098; x_wconf 83' lang='lat' dir='ltr'><strong>Dionysio</strong></span> <span class='ocrx_word' id='word_1_771' title='bbox 2319 4025 2490 4080; x_wconf 82' lang='lat' dir='ltr'><strong>Paris.</strong></span> <span class='ocrx_word' id='word_1_772' title='bbox 2533 4024 2804 4094; x_wconf 84' lang='lat' dir='ltr'><strong>episcopo.</strong></span> <span class='ocrx_word' id='word_1_773' title='bbox 2859 4023 2982 4076; x_wconf 78' lang='lat' dir='ltr'><strong>lllthi</strong></span> <span class='ocrx_word' id='word_1_774' title='bbox 3025 4023 3356 4098; x_wconf 63' lang='lat' dir='ltr'><strong>esploratnm</strong></span> <span class='ocrx_word' id='word_1_775' title='bbox 3399 4028 3504 4086; x_wconf 86' lang='lat' dir='ltr'><strong>est,</strong></span> 
     </span>
    </p>
   </div>
   <div class='ocr_carea' id='block_1_101' title="bbox 1925 4097 3508 4188">
    <p class='ocr_par' dir='ltr' id='par_1_101' title="bbox 1925 4097 3508 4188">
     <span class='ocr_line' id='line_1_101' title="bbox 1925 4097 3508 4188; baseline -0.005 -14"><span class='ocrx_word' id='word_1_776' title='bbox 1925 4135 2141 4182; x_wconf 84' lang='lat' dir='ltr'><strong>versus,</strong></span> <span class='ocrx_word' id='word_1_777' title='bbox 2170 4097 2263 4188; x_wconf 87' lang='lat' dir='ltr'><strong>qui</strong></span> <span class='ocrx_word' id='word_1_778' title='bbox 2294 4127 2440 4172; x_wconf 90' lang='lat' dir='ltr'><strong>certo</strong></span> <span class='ocrx_word' id='word_1_779' title='bbox 2470 4124 2596 4171; x_wconf 90' lang='lat' dir='ltr'><strong>sunt</strong></span> <span class='ocrx_word' id='word_1_780' title='bbox 2625 4114 2848 4184; x_wconf 80' lang='lat' dir='ltr'><strong>Eugenii</strong></span> <span class='ocrx_word' id='word_1_781' title='bbox 2879 4097 3158 4178; x_wconf 70' lang='lat' dir='ltr'><strong>Toletani,</strong></span> <span class='ocrx_word' id='word_1_782' title='bbox 3208 4112 3318 4183; x_wconf 68' lang='grc'><strong>40</strong></span> <span class='ocrx_word' id='word_1_783' title='bbox 3348 4111 3508 4180; x_wconf 84' lang='lat' dir='ltr'><strong>plano</strong></span> 
     </span>
    </p>
   </div>
   <div class='ocr_carea' id='block_1_102' title="bbox 1926 4203 3508 4274">
    <p class='ocr_par' dir='ltr' id='par_1_102' title="bbox 1926 4203 3508 4274">
     <span class='ocr_line' id='line_1_102' title="bbox 1926 4203 3508 4274; baseline -0.005 -8"><span class='ocrx_word' id='word_1_784' title='bbox 1926 4211 2214 4266; x_wconf 79' lang='lat' dir='ltr'><strong>dissimiles</strong></span> <span class='ocrx_word' id='word_1_785' title='bbox 2250 4222 2370 4264; x_wconf 90' lang='lat' dir='ltr'><strong>esse</strong></span> <span class='ocrx_word' id='word_1_786' title='bbox 2411 4205 2652 4261; x_wconf 88' lang='lat' dir='ltr'><strong>iambicis</strong></span> <span class='ocrx_word' id='word_1_787' title='bbox 2681 4204 2920 4260; x_wconf 90' lang='lat' dir='ltr'><strong>dimetris</strong></span> <span class='ocrx_word' id='word_1_788' title='bbox 2965 4203 3119 4270; x_wconf 89' lang='lat' dir='ltr'><strong>hujus</strong></span> <span class='ocrx_word' id='word_1_789' title='bbox 3162 4204 3368 4274; x_wconf 82' lang='lat' dir='ltr'><strong>hymni,</strong></span> <span class='ocrx_word' id='word_1_790' title='bbox 3414 4206 3508 4274; x_wconf 89' lang='lat' dir='ltr'><strong>qui</strong></span> 
     </span>
    </p>
   </div>
   <div class='ocr_carea' id='block_1_103' title="bbox 1924 4297 3514 4370">
    <p class='ocr_par' dir='ltr' id='par_1_103' title="bbox 1924 4297 3514 4370">
     <span class='ocr_line' id='line_1_103' title="bbox 1924 4297 3514 4370; baseline -0.006 -11"><span class='ocrx_word' id='word_1_791' title='bbox 1924 4305 2145 4359; x_wconf 87' lang='lat' dir='ltr'><strong>omnino</strong></span> <span class='ocrx_word' id='word_1_792' title='bbox 2182 4303 2468 4370; x_wconf 84' lang='lat' dir='ltr'><strong>abnormcs</strong></span> <span class='ocrx_word' id='word_1_793' title='bbox 2496 4307 2621 4354; x_wconf 89' lang='lat' dir='ltr'><strong>sunt</strong></span> <span class='ocrx_word' id='word_1_794' title='bbox 2659 4307 2714 4354; x_wconf 89' lang='lat' dir='ltr'><strong>et</strong></span> <span class='ocrx_word' id='word_1_795' title='bbox 2753 4297 2990 4368; x_wconf 78' lang='lat' dir='ltr'><strong>exleges.</strong></span> <span class='ocrx_word' id='word_1_796' title='bbox 3027 4297 3300 4365; x_wconf 74' lang='lat' dir='ltr'><strong>Prau-ipne</strong></span> <span class='ocrx_word' id='word_1_797' title='bbox 3327 4309 3514 4350; x_wconf 79' lang='lat' dir='ltr'><strong>autem</strong></span> 
     </span>
    </p>
   </div>
   <div class='ocr_carea' id='block_1_104' title="bbox 1927 4389 3510 4461">
    <p class='ocr_par' dir='ltr' id='par_1_104' title="bbox 1927 4389 3510 4461">
     <span class='ocr_line' id='line_1_104' title="bbox 1927 4389 3510 4461; baseline -0.005 -10"><span class='ocrx_word' id='word_1_798' title='bbox 1927 4398 1978 4452; x_wconf 92' lang='lat' dir='ltr'><strong>iu</strong></span> <span class='ocrx_word' id='word_1_799' title='bbox 2013 4396 2255 4451; x_wconf 91' lang='lat' dir='ltr'><strong>iambicis</strong></span> <span class='ocrx_word' id='word_1_800' title='bbox 2283 4402 2338 4450; x_wconf 91' lang='lat' dir='ltr'><strong>et</strong></span> <span class='ocrx_word' id='word_1_801' title='bbox 2371 4391 2654 4448; x_wconf 71' lang='lat' dir='ltr'><strong>trochaic‘s</strong></span> <span class='ocrx_word' id='word_1_802' title='bbox 2686 4389 2874 4461; x_wconf 64' lang='lat' dir='ltr'><strong>peritia</strong></span> <span class='ocrx_word' id='word_1_803' title='bbox 2897 4400 2951 4444; x_wconf 84' lang='lat' dir='ltr'><strong>et</strong></span> <span class='ocrx_word' id='word_1_804' title='bbox 2979 4391 3245 4460; x_wconf 77' lang='lat' dir='ltr'><strong>elegantia</strong></span> <span class='ocrx_word' id='word_1_805' title='bbox 3285 4389 3510 4458; x_wconf 82' lang='lat' dir='ltr'><strong>Eugenii</strong></span> 
     </span>
    </p>
   </div>
   <div class='ocr_carea' id='block_1_105' title="bbox 1924 4487 2350 4543">
    <p class='ocr_par' dir='ltr' id='par_1_105' title="bbox 1924 4487 2350 4543">
     <span class='ocr_line' id='line_1_105' title="bbox 1924 4487 2350 4543; baseline -0.009 -1"><span class='ocrx_word' id='word_1_806' title='bbox 1924 4487 2350 4543; x_wconf 74' lang='lat' dir='ltr'><strong>commendatur.</strong></span> 
     </span>
    </p>
   </div>
   <div class='ocr_carea' id='block_1_106' title="bbox 1997 4573 3512 4644">
    <p class='ocr_par' dir='ltr' id='par_1_106' title="bbox 1997 4573 3512 4644">
     <span class='ocr_line' id='line_1_106' title="bbox 1997 4573 3512 4644; baseline -0.006 -8"><span class='ocrx_word' id='word_1_807' title='bbox 1997 4581 2087 4636; x_wconf 76' lang='grc'><strong>47.</strong></span> <span class='ocrx_word' id='word_1_808' title='bbox 2148 4581 2204 4634; x_wconf 85' lang='grc' dir='ltr'><strong>1η</strong></span> <span class='ocrx_word' id='word_1_809' title='bbox 2250 4577 2442 4633; x_wconf 88' lang='lat' dir='ltr'><strong>eodem</strong></span> <span class='ocrx_word' id='word_1_810' title='bbox 2489 4574 2731 4644; x_wconf 80' lang='lat' dir='ltr'><strong>catalogo</strong></span> <span class='ocrx_word' id='word_1_811' title='bbox 2773 4573 3114 4628; x_wconf 69' lang='lat' dir='ltr'><strong>bibliotheca:</strong></span> <span class='ocrx_word' id='word_1_812' title='bbox 3153 4573 3314 4643; x_wconf 74' lang='lat' dir='ltr'><strong>regiae</strong></span> <span class='ocrx_word' id='word_1_813' title='bbox 3363 4573 3512 4640; x_wconf 79' lang='lat' dir='ltr'><strong>Pari-</strong></span> 
     </span>
    </p>
   </div>
   <div class='ocr_carea' id='block_1_107' title="bbox 1927 4667 3512 4734">
    <p class='ocr_par' dir='ltr' id='par_1_107' title="bbox 1927 4667 3512 4734">
     <span class='ocr_line' id='line_1_107' title="bbox 1927 4667 3512 4734; baseline -0.005 -6"><span class='ocrx_word' id='word_1_814' title='bbox 1927 4673 2122 4729; x_wconf 86' lang='lat' dir='ltr'><strong>siensis</strong></span> <span class='ocrx_word' id='word_1_815' title='bbox 2161 4671 2328 4726; x_wconf 84' lang='lat' dir='ltr'><strong>codex</strong></span> <span class='ocrx_word' id='word_1_816' title='bbox 2365 4669 2506 4724; x_wconf 78' lang='lat'><strong>8095</strong></span> <span class='ocrx_word' id='word_1_817' title='bbox 2550 4667 3016 4729; x_wconf 83' lang='lat' dir='ltr'><strong>membranaceus,</strong></span> <span class='ocrx_word' id='word_1_818' title='bbox 3071 4667 3263 4734; x_wconf 86' lang='lat' dir='ltr'><strong>partim</strong></span> <span class='ocrx_word' id='word_1_819' title='bbox 3311 4667 3512 4721; x_wconf 77' lang='lat' dir='ltr'><strong>szcculo</strong></span> 
     </span>
    </p>
   </div>
   <div class='ocr_carea' id='block_1_108' title="bbox 1929 4759 3508 4834">
    <p class='ocr_par' dir='ltr' id='par_1_108' title="bbox 1929 4759 3508 4834">
     <span class='ocr_line' id='line_1_108' title="bbox 1929 4759 3508 4834; baseline -0.004 -14"><span class='ocrx_word' id='word_1_820' title='bbox 1929 4783 2000 4830; x_wconf 80' lang='lat' dir='ltr'><strong>ts,</strong></span> <span class='ocrx_word' id='word_1_821' title='bbox 2026 4765 2217 4834; x_wconf 88' lang='lat' dir='ltr'><strong>partim</strong></span> <span class='ocrx_word' id='word_1_822' title='bbox 2245 4779 2295 4824; x_wconf 84' lang='lat' dir='ltr'><strong>x,</strong></span> <span class='ocrx_word' id='word_1_823' title='bbox 2324 4762 2514 4830; x_wconf 90' lang='lat' dir='ltr'><strong>partim</strong></span> <span class='ocrx_word' id='word_1_824' title='bbox 2543 4775 2650 4822; x_wconf 82' lang='lat' dir='ltr'><strong>xiv,</strong></span> <span class='ocrx_word' id='word_1_825' title='bbox 2680 4759 2932 4828; x_wconf 85' lang='lat' dir='ltr'><strong>scriptus,</strong></span> <span class='ocrx_word' id='word_1_826' title='bbox 2965 4760 3053 4827; x_wconf 87' lang='lat' dir='ltr'><strong>qui</strong></span> <span class='ocrx_word' id='word_1_827' title='bbox 3084 4759 3212 4813; x_wconf 91' lang='lat' dir='ltr'><strong>o&#39;im</strong></span> <span class='ocrx_word' id='word_1_828' title='bbox 3241 4759 3508 4814; x_wconf 85' lang='lat' dir='ltr'><strong>Colbcrti-</strong></span> 
     </span>
    </p>
   </div>
   <div class='ocr_carea' id='block_1_109' title="bbox 1927 4852 3510 4924">
    <p class='ocr_par' dir='ltr' id='par_1_109' title="bbox 1927 4852 3510 4924">
     <span class='ocr_line' id='line_1_109' title="bbox 1927 4852 3510 4924; baseline 0 -18"><span class='ocrx_word' id='word_1_829' title='bbox 1927 4873 2027 4913; x_wconf 80' lang='lat' dir='ltr'><strong>nos</strong></span> <span class='ocrx_word' id='word_1_830' title='bbox 2061 4857 2187 4920; x_wconf 73' lang='lat' dir='ltr'><strong>fuit,</strong></span> <span class='ocrx_word' id='word_1_831' title='bbox 2219 4856 2359 4908; x_wconf 82' lang='lat' dir='ltr'><strong>inter</strong></span> <span class='ocrx_word' id='word_1_832' title='bbox 2391 4853 2491 4906; x_wconf 87' lang='lat' dir='ltr'><strong>alia</strong></span> <span class='ocrx_word' id='word_1_833' title='bbox 2521 4853 2757 4907; x_wconf 87' lang='lat' dir='ltr'><strong>continet</strong></span> <span class='ocrx_word' id='word_1_834' title='bbox 2783 4852 2839 4906; x_wconf 77' lang='lat'><strong>5°</strong></span> <span class='ocrx_word' id='word_1_835' title='bbox 2882 4853 2994 4905; x_wconf 88' lang='lat' dir='ltr'><strong>loco</strong></span> <span class='ocrx_word' id='word_1_836' title='bbox 3027 4853 3242 4924; x_wconf 72' lang='lat' dir='ltr'><strong>Eugenii</strong></span> <span class='ocrx_word' id='word_1_837' title='bbox 3281 4852 3510 4908; x_wconf 71' lang='lat' dir='ltr'><strong>Toletani</strong></span> 
     </span>
    </p>
   </div>
   <div class='ocr_carea' id='block_1_110' title="bbox 1929 4941 3509 5008">
    <p class='ocr_par' dir='ltr' id='par_1_110' title="bbox 1929 4941 3509 5008">
     <span class='ocr_line' id='line_1_110' title="bbox 1929 4941 3509 5008; baseline -0.003 -9"><span class='ocrx_word' id='word_1_838' title='bbox 1929 4947 2160 5000; x_wconf 87' lang='lat' dir='ltr'><strong>carmina</strong></span> <span class='ocrx_word' id='word_1_839' title='bbox 2191 4962 2208 5008; x_wconf 87' lang='lat'><strong><em>;</em></strong></span> <span class='ocrx_word' id='word_1_840' title='bbox 2239 4943 2294 4998; x_wconf 85' lang='lat'><strong>6°</strong></span> <span class='ocrx_word' id='word_1_841' title='bbox 2325 4943 2435 4996; x_wconf 88' lang='lat' dir='ltr'><strong>loco</strong></span> <span class='ocrx_word' id='word_1_842' title='bbox 2462 4941 2730 5006; x_wconf 81' lang='lat' dir='ltr'><strong>Dracontii</strong></span> <span class='ocrx_word' id='word_1_843' title='bbox 2757 4941 2989 4996; x_wconf 88' lang='lat' dir='ltr'><strong>Toletani</strong></span> <span class='ocrx_word' id='word_1_844' title='bbox 3029 4941 3355 4996; x_wconf 68' lang='lat' dir='ltr'><strong>Hea-ameron</strong></span> <span class='ocrx_word' id='word_1_845' title='bbox 3384 4943 3509 4995; x_wconf 81' lang='lat' dir='ltr'><strong>liber</strong></span> 
     </span>
    </p>
   </div>
   <div class='ocr_carea' id='block_1_111' title="bbox 1929 5031 3508 5108">
    <p class='ocr_par' dir='ltr' id='par_1_111' title="bbox 1929 5031 3508 5108">
     <span class='ocr_line' id='line_1_111' title="bbox 1929 5031 3508 5108; baseline -0.001 -20"><span class='ocrx_word' id='word_1_846' title='bbox 1929 5038 2121 5108; x_wconf 83' lang='lat' dir='ltr'><strong>primus</strong></span> <span class='ocrx_word' id='word_1_847' title='bbox 2143 5035 2361 5090; x_wconf 85' lang='lat' dir='ltr'><strong>versibus</strong></span> <span class='ocrx_word' id='word_1_848' title='bbox 2392 5033 2610 5086; x_wconf 85' lang='lat' dir='ltr'><strong>heroicis</strong></span> <span class='ocrx_word' id='word_1_849' title='bbox 2635 5049 2652 5085; x_wconf 88' lang='lat'><em>:</em></span> <span class='ocrx_word' id='word_1_850' title='bbox 2683 5033 2877 5086; x_wconf 83' lang='lat' dir='ltr'><strong>accedit</strong></span> <span class='ocrx_word' id='word_1_851' title='bbox 2912 5033 3131 5103; x_wconf 75' lang='lat' dir='ltr'><strong>Eugenii</strong></span> <span class='ocrx_word' id='word_1_852' title='bbox 3153 5031 3250 5084; x_wconf 91' lang='lat' dir='ltr'><strong>IlI</strong></span> <span class='ocrx_word' id='word_1_853' title='bbox 3277 5032 3508 5087; x_wconf 86' lang='lat' dir='ltr'><strong>Toletani</strong></span> 
     </span>
    </p>
   </div>
   <div class='ocr_carea' id='block_1_112' title="bbox 1927 5123 3506 5196">
    <p class='ocr_par' dir='ltr' id='par_1_112' title="bbox 1927 5123 3506 5196">
     <span class='ocr_line' id='line_1_112' title="bbox 1927 5123 3506 5196; baseline -0.002 -16"><span class='ocrx_word' id='word_1_854' title='bbox 1927 5127 2168 5181; x_wconf 84' lang='lat' dir='ltr'><strong>antistitis</strong></span> <span class='ocrx_word' id='word_1_855' title='bbox 2225 5125 2632 5196; x_wconf 81' lang='lat' dir='ltr'><strong>supplementum</strong></span> <span class='ocrx_word' id='word_1_856' title='bbox 2675 5126 2742 5176; x_wconf 83' lang='lat' dir='ltr'><strong>atl</strong></span> <span class='ocrx_word' id='word_1_857' title='bbox 2793 5124 3121 5178; x_wconf 71' lang='lat' dir='ltr'><strong>llexameron</strong></span> <span class='ocrx_word' id='word_1_858' title='bbox 3181 5123 3446 5178; x_wconf 87' lang='lat' dir='ltr'><strong>Dracontii</strong></span> <span class='ocrx_word' id='word_1_859' title='bbox 3491 5143 3506 5191; x_wconf 86' lang='lat'><strong>;</strong></span> 
     </span>
    </p>
   </div>
   <div class='ocr_carea' id='block_1_113' title="bbox 1927 5214 3510 5274">
    <p class='ocr_par' dir='ltr' id='par_1_113' title="bbox 1927 5214 3510 5274">
     <span class='ocr_line' id='line_1_113' title="bbox 1927 5214 3510 5274; baseline -0.001 0"><span class='ocrx_word' id='word_1_860' title='bbox 1927 5219 1984 5274; x_wconf 79' lang='lat'><strong>7’</strong></span> <span class='ocrx_word' id='word_1_861' title='bbox 2015 5221 2122 5274; x_wconf 90' lang='lat' dir='ltr'><strong>loco</strong></span> <span class='ocrx_word' id='word_1_862' title='bbox 2157 5217 2366 5272; x_wconf 76' lang='lat' dir='ltr'><strong>Martini</strong></span> <span class='ocrx_word' id='word_1_863' title='bbox 2400 5217 2692 5271; x_wconf 84' lang='lat' dir='ltr'><strong>Dnmiensis</strong></span> <span class='ocrx_word' id='word_1_864' title='bbox 2717 5217 2961 5270; x_wconf 83' lang='lat' dir='ltr'><strong>carmina.</strong></span> <span class='ocrx_word' id='word_1_865' title='bbox 2998 5216 3156 5270; x_wconf 87' lang='lat' dir='ltr'><strong>Deest</strong></span> <span class='ocrx_word' id='word_1_866' title='bbox 3189 5214 3240 5269; x_wconf 89' lang='lat' dir='ltr'><strong>in</strong></span> <span class='ocrx_word' id='word_1_867' title='bbox 3283 5216 3384 5272; x_wconf 91' lang='lat' dir='ltr'><strong>hoc</strong></span> <span class='ocrx_word' id='word_1_868' title='bbox 3419 5233 3510 5272; x_wconf 87' lang='lat' dir='ltr'><strong>co-</strong></span> 
     </span>
    </p>
   </div>
   <div class='ocr_carea' id='block_1_114' title="bbox 1925 5297 3508 5380">
    <p class='ocr_par' dir='ltr' id='par_1_114' title="bbox 1925 5297 3508 5380">
     <span class='ocr_line' id='line_1_114' title="bbox 1925 5297 3508 5380; baseline -0.002 -13"><span class='ocrx_word' id='word_1_869' title='bbox 1925 5312 2046 5367; x_wconf 90' lang='lat' dir='ltr'><strong>dice</strong></span> <span class='ocrx_word' id='word_1_870' title='bbox 2076 5311 2252 5380; x_wconf 81' lang='lat' dir='ltr'><strong>Elegia</strong></span> <span class='ocrx_word' id='word_1_871' title='bbox 2297 5297 2590 5374; x_wconf 84' lang='lat' dir='ltr'><strong>Dracontii,</strong></span> <span class='ocrx_word' id='word_1_872' title='bbox 2627 5325 2744 5379; x_wconf 69' lang='lat' dir='ltr'><strong>qua:</strong></span> <span class='ocrx_word' id='word_1_873' title='bbox 2771 5307 2837 5362; x_wconf 91' lang='lat' dir='ltr'><strong>ad</strong></span> <span class='ocrx_word' id='word_1_874' title='bbox 2885 5308 3249 5376; x_wconf 79' lang='lat' dir='ltr'><strong>Hexaemeron</strong></span> <span class='ocrx_word' id='word_1_875' title='bbox 3291 5309 3508 5378; x_wconf 90' lang='lat' dir='ltr'><strong>quidem</strong></span> 
     </span>
    </p>
   </div>
   <div class='ocr_carea' id='block_1_115' title="bbox 1927 5396 3511 5472">
    <p class='ocr_par' dir='ltr' id='par_1_115' title="bbox 1927 5396 3511 5472">
     <span class='ocr_line' id='line_1_115' title="bbox 1927 5396 3511 5472; baseline 0 -16"><span class='ocrx_word' id='word_1_876' title='bbox 1927 5403 2146 5456; x_wconf 90' lang='lat' dir='ltr'><strong>minime</strong></span> <span class='ocrx_word' id='word_1_877' title='bbox 2175 5400 2425 5472; x_wconf 87' lang='lat' dir='ltr'><strong>pertinet.</strong></span> <span class='ocrx_word' id='word_1_878' title='bbox 2443 5401 2882 5470; x_wconf 89' lang='lat' dir='ltr'><strong>Supplementum</strong></span> <span class='ocrx_word' id='word_1_879' title='bbox 2905 5396 3147 5467; x_wconf 81' lang='lat' dir='ltr'><strong>Eugenii,</strong></span> <span class='ocrx_word' id='word_1_880' title='bbox 3173 5400 3278 5455; x_wconf 84' lang='lat' dir='ltr'><strong>etsi</strong></span> <span class='ocrx_word' id='word_1_881' title='bbox 3299 5417 3404 5456; x_wconf 90' lang='lat' dir='ltr'><strong>non</strong></span> <span class='ocrx_word' id='word_1_882' title='bbox 3427 5415 3511 5456; x_wconf 80' lang='lat' dir='ltr'><strong>cst</strong></span> 
     </span>
    </p>
   </div>
   <div class='ocr_carea' id='block_1_116' title="bbox 1929 5493 3510 5563">
    <p class='ocr_par' dir='ltr' id='par_1_116' title="bbox 1929 5493 3510 5563">
     <span class='ocr_line' id='line_1_116' title="bbox 1929 5493 3510 5563; baseline -0.001 -11"><span class='ocrx_word' id='word_1_883' title='bbox 1929 5498 2320 5563; x_wconf 89' lang='lat' dir='ltr'><strong>necessarium,</strong></span> <span class='ocrx_word' id='word_1_884' title='bbox 2355 5506 2533 5551; x_wconf 90' lang='lat' dir='ltr'><strong>tamen</strong></span> <span class='ocrx_word' id='word_1_885' title='bbox 2560 5495 2736 5549; x_wconf 89' lang='lat' dir='ltr'><strong>minus</strong></span> <span class='ocrx_word' id='word_1_886' title='bbox 2762 5493 2936 5546; x_wconf 89' lang='lat' dir='ltr'><strong>alieno</strong></span> <span class='ocrx_word' id='word_1_887' title='bbox 2966 5493 3083 5548; x_wconf 91' lang='lat' dir='ltr'><strong>loco</strong></span> <span class='ocrx_word' id='word_1_888' title='bbox 3113 5495 3237 5560; x_wconf 90' lang='lat' dir='ltr'><strong>poni</strong></span> <span class='ocrx_word' id='word_1_889' title='bbox 3267 5510 3349 5549; x_wconf 91' lang='lat' dir='ltr'><strong>ur.</strong></span> <span class='ocrx_word' id='word_1_890' title='bbox 3378 5494 3510 5550; x_wconf 85' lang='lat' dir='ltr'><strong>Nam</strong></span> 
     </span>
    </p>
   </div>
   <div class='ocr_carea' id='block_1_117' title="bbox 1932 5581 3511 5658">
    <p class='ocr_par' dir='ltr' id='par_1_117' title="bbox 1932 5581 3511 5658">
     <span class='ocr_line' id='line_1_117' title="bbox 1932 5581 3511 5658; baseline -0.003 -16"><span class='ocrx_word' id='word_1_891' title='bbox 1932 5596 2052 5658; x_wconf 91' lang='lat' dir='ltr'><strong>post</strong></span> <span class='ocrx_word' id='word_1_892' title='bbox 2077 5589 2314 5658; x_wconf 78' lang='lat' dir='ltr'><strong>Elegiam</strong></span> <span class='ocrx_word' id='word_1_893' title='bbox 2335 5627 2351 5652; x_wconf 88' lang='lat'><strong>,</strong></span> <span class='ocrx_word' id='word_1_894' title='bbox 2383 5587 2435 5641; x_wconf 91' lang='lat' dir='ltr'><strong>in</strong></span> <span class='ocrx_word' id='word_1_895' title='bbox 2463 5601 2563 5655; x_wconf 86' lang='lat' dir='ltr'><strong>qua</strong></span> <span class='ocrx_word' id='word_1_896' title='bbox 2594 5583 2724 5637; x_wconf 85' lang='lat' dir='ltr'><strong>nihil</strong></span> <span class='ocrx_word' id='word_1_897' title='bbox 2755 5581 2822 5638; x_wconf 88' lang='lat' dir='ltr'><strong>de</strong></span> <span class='ocrx_word' id='word_1_898' title='bbox 2853 5582 3047 5640; x_wconf 84' lang='lat' dir='ltr'><strong>fabrica</strong></span> <span class='ocrx_word' id='word_1_899' title='bbox 3075 5585 3258 5640; x_wconf 89' lang='lat' dir='ltr'><strong>mundi</strong></span> <span class='ocrx_word' id='word_1_900' title='bbox 3289 5587 3511 5642; x_wconf 71' lang='lat' dir='ltr'><strong>disse-ri-</strong></span> 
     </span>
    </p>
   </div>
   <div class='ocr_carea' id='block_1_118' title="bbox 1933 5661 3510 5752">
    <p class='ocr_par' dir='ltr' id='par_1_118' title="bbox 1933 5661 3510 5752">
     <span class='ocr_line' id='line_1_118' title="bbox 1933 5661 3510 5752; baseline -0.001 -17"><span class='ocrx_word' id='word_1_901' title='bbox 1933 5690 2039 5746; x_wconf 87' lang='lat' dir='ltr'><strong>tur,</strong></span> <span class='ocrx_word' id='word_1_902' title='bbox 2073 5681 2192 5752; x_wconf 90' lang='lat' dir='ltr'><strong>quis</strong></span> <span class='ocrx_word' id='word_1_903' title='bbox 2217 5683 2363 5736; x_wconf 91' lang='lat' dir='ltr'><strong>locns</strong></span> <span class='ocrx_word' id='word_1_904' title='bbox 2387 5694 2504 5734; x_wconf 87' lang='lat' dir='ltr'><strong>esse</strong></span> <span class='ocrx_word' id='word_1_905' title='bbox 2528 5685 2702 5745; x_wconf 71' lang='lat' dir='ltr'><strong>potest</strong></span> <span class='ocrx_word' id='word_1_906' title='bbox 2727 5676 3101 5744; x_wconf 85' lang='lat' dir='ltr'><strong>supplemento</strong></span> <span class='ocrx_word' id='word_1_907' title='bbox 3129 5681 3340 5748; x_wconf 80' lang='lat' dir='ltr'><strong>septimi</strong></span> <span class='ocrx_word' id='word_1_908' title='bbox 3366 5661 3510 5736; x_wconf 78' lang='lat' dir='ltr'><strong>dici?</strong></span> 
     </span>
    </p>
   </div>
   <div class='ocr_carea' id='block_1_119' title="bbox 1932 5769 3506 5846">
    <p class='ocr_par' dir='ltr' id='par_1_119' title="bbox 1932 5769 3506 5846">
     <span class='ocr_line' id='line_1_119' title="bbox 1932 5769 3506 5846; baseline -0.001 -14"><span class='ocrx_word' id='word_1_909' title='bbox 1932 5775 2066 5832; x_wconf 85' lang='lat' dir='ltr'><strong>Vide</strong></span> <span class='ocrx_word' id='word_1_910' title='bbox 2093 5791 2240 5831; x_wconf 91' lang='lat' dir='ltr'><strong>num.</strong></span> <span class='ocrx_word' id='word_1_911' title='bbox 2267 5773 2356 5828; x_wconf 89' lang='grc'>22.</span> <span class='ocrx_word' id='word_1_912' title='bbox 2385 5769 2725 5838; x_wconf 88' lang='lat' dir='ltr'><strong>Sirmondus,</strong></span> <span class='ocrx_word' id='word_1_913' title='bbox 2749 5769 2838 5840; x_wconf 88' lang='lat' dir='ltr'><strong>qui</strong></span> <span class='ocrx_word' id='word_1_914' title='bbox 2867 5770 3023 5834; x_wconf 80' lang='lat' dir='ltr'><strong>simul</strong></span> <span class='ocrx_word' id='word_1_915' title='bbox 3050 5788 3168 5832; x_wconf 90' lang='lat' dir='ltr'><strong>cum</strong></span> <span class='ocrx_word' id='word_1_916' title='bbox 3201 5773 3440 5846; x_wconf 70' lang='lat' dir='ltr'><strong>Eugenio</strong></span> <span class='ocrx_word' id='word_1_917' title='bbox 3457 5780 3506 5832; x_wconf 82' lang='lat' dir='ltr'><strong>sl</strong></span> 
     </span>
    </p>
   </div>
  </div>
