4030 6170
496 370 595 426 ὓέἹ

1911 357 2360 416 DBACONTIUS.

3661 361 3756 422 69.8

497 485 784 542 Dracontio
829 483 1068 539 carmina
1122 477 1328 533 Martini
1374 473 1680 531 Dumicusis
1737 471 1926 539 edidit,
1984 473 2084 528 hoc
2111 478 2164 535 Α
2189 484 2313 529 sunt
2339 473 2588 530 dicenda.
2622 473 2852 559 Namde
2890 475 3111 545 Azagra:
3138 473 3389 530 bretibus
3429 476 3569 530 notis
3622 476 3764 544 plura

498 574 688 630 eodem
722 573 908 629 codice
937 587 1064 628 usus
1091 573 1320 626 videtur.

571 664 664 720 48.
697 665 876 722 Codex
921 664 1058 720 alius
1088 664 1143 719 in
1172 663 1362 719 eodem
1395 661 1641 732 catalogo
1669 659 1901 716 refertur
1935 673 2080 713 num.

503 757 666 822 832i,
720 758 909 826 partim
958 755 1432 820 membranaceus,
1487 754 1674 824 partim
1729 751 2083 812 chartaceus,

504 851 631 906 olim
657 850 1020 916 Colbertinus,
1048 849 1244 904 saeculo
1275 865 1340 902 xv
1371 857 1643 912 exaratos,
1671 845 1722 898 in
1745 857 1852 912 quo
1880 842 1934 897 6°
1967 841 2087 895 loco

505 943 719 1011 ponitur
734 943 1002 997 Dracontii
1022 941 1252 996 Toletani
1275 956 1479 994 carmen
1501 939 1560 991 de
1577 937 1740 1006 Opere
1763 950 1852 988 sea:
1867 933 2013 987 dieru
2034 949 2061 982 ll
2072 971 2084 984 .

506 1035 757 1090 Fortasse
785 1033 1147 1103 apograpbunt
1181 1042 1350 1088 estex
1381 1030 1562 1083 codice
1593 1029 1653 1082 S.
1685 1025 1912 1080 Victoris
1943 1023 2090 1077 Pari-

502 1125 717 1188 siensis,
762 1134 852 1179 aut
882 1123 957 1177 illi
989 1123 1204 1177 simile:
1246 1137 1366 1175 nam
1407 1120 1688 1188 inscriptio
1719 1118 1780 1170 de
1813 1115 1975 1183 Opere
1999 1128 2092 1166 sea:

504 1215 707 1268 dierum
731 1215 917 1270 eadem
951 1225 1034 1269 est
1064 1213 1367 1282 utrobique,
1400 1221 1454 1266 et
1483 1226 1604 1266 cum
1635 1207 1836 1262 mentio
1866 1203 2091 1274 Eugenii

506 1325 615 1366 non
641 1321 908 1378 occurrat,
940 1309 1266 1365 credendum
1294 1317 1377 1363 est
1408 1305 1749 1362 emendatum
1783 1305 1882 1356 hoc
1902 1315 2058 1356 exem
2077 1327 2090 1336 -

507 1404 625 1472 plar
651 1404 719 1458 ab
760 1404 1006 1474 Eugenio
1025 1419 1131 1458 non
1169 1403 1353 1457 fuisse.
1403 1401 1536 1456 Vide
1571 1415 1720 1452 nunt.
1749 1396 1842 1450 29.

579 1496 668 1550 49.
700 1496 775 1550 Ex
797 1497 1038 1566 Philippo
1055 1496 1268 1550 Labbeo
1284 1493 1415 1548 Nov.
1431 1492 1642 1547 Bibliot.
1665 1505 1819 1553 mss.,
1834 1488 1945 1544 sive
1961 1486 2093 1556 Spe-

509 1589 638 1642 cim.
657 1593 821 1657 antiq.
846 1589 968 1642 lect.
986 1590 1037 1640 in
1053 1584 1322 1641 Coronide
1337 1586 1538 1655 poetica
1550 1625 1563 1645 ,
1581 1582 1668 1636 ubi
1687 1580 1836 1650 plura
1855 1587 2094 1634 veterum

509 1679 746 1734 carmina
786 1692 884 1732 suo
917 1687 1158 1746 tempore
1208 1678 1440 1732 nondum
1486 1673 1630 1730 edita
1686 1675 2092 1732 commemorat,

515 1785 632 1839 pag.
666 1771 735 1824 58
785 1769 898 1823 hinc
938 1767 1188 1837 profero:
1242 1767 1508 1821 Dracontii
1553 1765 1802 1819 nonnulla
1843 1762 2090 1826 carmina,

2181 568 2298 637 dixi
2327 584 2474 623 nunt.
2503 567 2566 623 ll
2613 583 2729 637 seq.
2763 568 2878 624 Nic.
2912 569 3198 637 Antonius,
3253 570 3349 626 lib.
3393 587 3425 623 v
3465 569 3603 625 Bibl.
3638 581 3766 636 vet.,

2187 675 2305 730 cap.
2333 662 2386 726 5,
2420 670 2569 729 putat
2591 659 2880 716 editionem
2903 660 3334 716 Sirmondianam
3361 662 3633 716 Dracontii
3657 676 3769 717 cor-

2190 752 2470 807 rectiorem
2502 767 2622 807 esse
2651 767 2811 821 quam
2846 751 3031 807 fuisset
3061 751 3148 805 illa
3177 753 3244 808 ab
3273 754 3477 821 Azagra
3509 753 3772 822 promissa

2191 855 2244 898 ct
2270 853 2476 913 parata,
2521 859 2696 914 neque
2741 844 2914 913 magni
2963 843 3227 898 interesse
3267 843 3408 906 quod
3458 843 3687 914 Engenii
3723 855 3777 900 et

2192 934 2458 988 Dracontii
2487 934 2723 987 carmina
2768 941 2890 1001 po:t
2918 934 3207 988 editionem
3245 933 3518 990 Sirtnondi
3545 951 3612 990 ex
3646 952 3776 990 mss.

2192 1025 2414 1094 Azagra:
2470 1023 2828 1094 publicentur.
2891 1025 3155 1080 Dissentit
3208 1025 3484 1081 Florezius
3540 1037 3675 1081 tom.
3739 1027 3776 1081 ν

2192 1115 2346 1183 Ilisp.
2389 1130 2555 1181 sacr.,
2586 1123 2742 1170 tract.
2773 1115 2839 1182 5,
2870 1131 2988 1186 cap.
3021 1119 3076 1181 ὅ,
3109 1118 3253 1188 quia,
3284 1127 3342 1172 ut
3371 1126 3541 1186 putat,
3574 1118 3782 1174 llexae-

2196 1221 2382 1260 meron
2413 1206 2706 1273 Dracontii,
2739 1219 2895 1276 proot
2923 1210 2990 1262 ab
3020 1208 3258 1279 Eugenio
3286 1209 3384 1264 fuit
3411 1211 3781 1278 emendatum,

2196 1299 2249 1352 in
2280 1312 2410 1352 mss.
2444 1300 2669 1367 Azagra‘.
2691 1307 2884 1361 exstat.
2914 1315 3020 1352 non
3053 1301 3104 1352 in
3132 1299 3366 1356 editione
3382 1301 3784 1355 Sirmondiana.

2200 1390 2322 1444 llaec
2355 1389 2492 1444 ratio
2527 1389 2661 1445 falsa
2694 1400 2796 1459 est,
2845 1389 2953 1461 42
2983 1400 3039 1444 ttt
3070 1391 3286 1460 probavi
3327 1409 3474 1446 num.
3513 1393 3602 1446 12.
3641 1393 3788 1448 Alio-

2197 1485 2324 1554 quin
2369 1485 2531 1538 etiam
2569 1491 2691 1553 post
2726 1483 3000 1539 Sirmondi
3037 1485 3328 1540 editionem
3357 1501 3388 1540 e
3425 1501 3482 1540 re
3524 1486 3788 1541 litteraria

2133 1648 2150 1666 ο
2201 1577 2406 1646 publica
2433 1585 2596 1641 esset,
2628 1585 2685 1631 ut
2728 1577 3100 1633 adnotationes
3129 1588 3184 1633 et
3209 1579 3535 1648 conjectum
3565 1581 3788 1649 Azagra:

2204 1669 2254 1722 itt
2282 1668 2542 1737 publicam
2572 1669 2742 1724 lucem
2778 1669 3073 1739 prodirent,
3098 1686 3229 1741 quas
3253 1671 3500 1725 Barthius
3529 1674 3789 1727 maximo.

2208 1779 2332 1834 pere
2358 1763 2542 1818 videre
2570 1764 2840 1832 cupiebat.
2872 1765 3002 1818 Nam
3030 1765 3348 1820 Sirmondns
3379 1765 3518 1819 nuda
3548 1766 3790 1821 c:.rtuina

515 1861 615 1914 nisi
656 1865 786 1929 forte
822 1860 1081 1913 'mentitur
1121 1859 1405 1926 inscriptio,
1449 1859 1511 1911 iis
1564 1857 1959 1925 superaddemus
1987 1867 2100 1922 qua:
2134 1839 2176 1898 Β
2207 1857 2344 1928 typis
2371 1858 2622 1928 vulgavit,
2650 1859 2776 1926 quin
2801 1857 2958 1912 ullam
2985 1859 3312 1912 notationem
3339 1858 3631 1926 subjiceret
3657 1875 3670 1924 ;
3700 1874 3792 1914 ne-

515 1953 712 2021 pridem
743 1953 907 2006 emisit
935 1953 988 2006 in
1013 1951 1276 2022 publicum
1305 1966 1419 2005 cum
1450 1949 1710 2003 nonnullis
1736 1948 1852 2001 aliis
1883 1945 2101 2014 Eugenii

518 2043 752 2098 Toletani
773 2042 998 2098 Iacobus
1020 2043 1351 2098 Sirmondus.
1373 2042 1574 2106 Codex,
1601 2051 1656 2094 ut
1684 2039 1937 2104 arbitror,
1961 2037 2103 2105 apud

518 2136 692 2202 ipsum
734 2135 1002 2191 Labbeum
1050 2135 1343 2190 exstabat:
1382 2147 1504 2188 nam
1552 2132 1678 2186 alibi
1725 2131 2102 2186 bibliothecam

517 2229 657 2282 solet
688 2228 952 2297 indicate,
988 2228 1078 2283 ubi
1107 2229 1324 2284 codices
1353 2235 1719 2282 asservantur.
1748 2223 1882 2278 Cum
1925 2232 2103 2277 autem

520 2321 574 2372 in
605 2318 790 2374 codice
823 2320 1062 2374 carmina
1095 2319 1382 2376 Dracontio
1409 2319 1734 2382 tribuantur,
1781 2316 1882 2370 nisi
1917 2313 2105 2368 idonea

520 2413 695 2482 aliqua
719 2413 859 2468 adsit
879 2412 1154 2468 dubitandi
1175 2413 1332 2477 ratio,
1353 2421 1537 2467 auctor
1561 2409 1877 2465 Dracontius
1899 2407 2108 2462 censeri

521 2507 702 2562 debet.
732 2504 806 2559 Ex
837 2505 977 2576 stylo
1002 2505 1055 2559 id
1100 2503 1296 2573 conjici
1339 2512 1560 2572 posset;
1595 2501 1688 2556 sed
1721 2501 1934 2554 ubinam
1980 2513 2110 2568 gen-

525 2599 654 2652 tium
684 2611 807 2652 eum
838 2595 1078 2651 codicem
1129 2610 1270 2650 nunc
1302 2595 1469 2649 latere
1491 2591 1831 2648 existimem?
1860 2591 1905 2645 si
1933 2599 2108 2645 tamen

525 2692 648 2746 latet
678 2732 692 2756 ,
735 2699 788 2745 et
837 2704 943 2744 non
997 2692 1176 2758 petius
1227 2686 1521 2743 infortunio
1565 2685 1750 2755 aliquo
1807 2694 2112 2754 assumptus

527 2782 703 2851 periit.

597 2873 702 2945 ἀι
719 2873 806 2928 50.
826 2873 1012 2928 Eidem
1026 2871 1390 2929 eruditissimo
1407 2871 1620 2927 Labbeo
1634 2871 1736 2925 loc.
1753 2869 1844 2925 cit.
1857 2914 1870 2939 ,
1887 2884 2005 2940 pag.
2022 2869 2112 2932 59,

529 2967 668 3022 hanc
707 2967 975 3022 Dracontii
1025 2967 1339 3022 memoriam
1383 2967 1590 3022 debeo:
1635 2965 1902 3020 οἰκίαι-αντὶ
1933 2967 2117 3018 Aurea:

542 3058 701 3113 Vallis
735 3059 929 3112 abbatis
956 3060 1149 3112 ordinis
1179 3058 1524 3113 Cisterciensis
1572 3073 1745 3110 rersus
1774 3057 1826 3110 in
1855 3055 2119 3109 sanctissi-

532 3167 668 3204 mam
713 3150 1072 3206 eucharistiam
1105 3151 1228 3204 addi
1272 3159 1504 3219 poterant
1544 3165 1605 3203 ex
1643 3147 1920 3202 Petaaiano
1949 3147 2118 3200 indice

2205 1964 2309 2019 que
2338 1949 2478 2003 enim
2508 1949 2806 2006 audiendus
2837 1959 2920 2005 est
2946 1949 3332 2019 Rodriguezius
3361 1951 3428 2005 de
3454 1948 3666 2018 Castro,
3702 1951 3793 2020 qui

2205 2043 2258 2096 in
2299 2043 2435 2097 Bibl.
2470 2043 2619 2110 lliSp.
2665 2042 2952 2099 Sirmondo
2984 2057 3148 2097 novas
3183 2053 3238 2098 et
3268 2042 3502 2098 cruditas
3544 2054 3701 2097 notas
3745 2045 3792 2098 in

2207 2136 2552 2192 Dracontium
2583 2137 2650 2191 ab
2679 2137 2856 2205 aliquo
2871 2136 3126 2206 deceptus
3156 2135 3382 2204 affingit.
3415 2137 3615 2191 (lmitto
3646 2139 3792 2191 codi-

2208 2243 2324 2282 cem
2356 2227 2714 2295 Azagrensem
2746 2227 3076 2297 aliquantum
3119 2228 3416 2282 auctiorem
3459 2241 3580 2282 esse
3607 2227 3794 2282 codice

2210 2320 2630 2376 Sirmondiano:
2667 2329 2816 2377 certe
2857 2323 3064 2376 auctior
3105 2336 3172 2376 ex
3213 2321 3306 2377 illo
3361 2322 3547 2378 codice
3596 2324 3797 2394 prodiit

2211 2409 2392 2480 Elegia
2436 2410 2705 2467 Dracontii
2735 2411 2788 2467 in
2831 2414 3068 2468 editione
3090 2414 3385 2478 matritensi
3414 2414 3794 2469 Toletanornm

2213 2505 2455 2573 Patrum,
2493 2505 2810 2574 additusque
2836 2506 3075 2562 estliber
3097 2521 3395 2561 carnnnum
3434 2507 3660 2578 Eugenii
3691 2523 3795 2562 non

2214 2606 2370 2652 antea
2421 2597 2710 2653 editorum.
2761 2598 2937 2668 Ipsum
2985 2598 3154 2653 Nieol.
3199 2599 3489 2653 Antonium
3531 2600 3582 2653 in
3637 2613 3796 2668 opera

2219 2687 2444 2758 Eugenii
2471 2697 2524 2743 et
2554 2688 2829 2744 Dracontii
2858 2690 3205 2744 brevissimas
3228 2699 3382 2744 notas
3411 2705 3509 2744 seu
3541 2688 3799 2744 lectiones

2218 2781 2483 2836 variantes
2522 2781 2802 2850 scripsisse
2831 2793 3018 2836 auctor
3050 2781 3179 2836 milti
3221 2791 3305 2836 est
3331 2781 3672 2853 Mayansius,
3711 2782 3796 2853 qui

2219 2886 2310 2927 eas
2358 2887 2488 2928 mss.
2520 2886 2686 2941 penes
2726 2888 2786 2928 se
2816 2873 3082 2939 habebat,
3121 2883 3282 2942 atque
3321 2872 3482 2928 edere
3510 2873 3800 2943 aliquando

2219 2953 2509 3034 cogitabat,
2539 2975 2598 3019 ut
2626 2966 2860 3020 affirmat
2889 2964 2940 3018 in
2979 2965 3092 3019 Vita
3123 2965 3242 3020 Nic.
3277 2966 3492 3021 Antonii
3524 2969 3800 3035 praemissa

2221 3054 2287 3110 ad
2318 3055 2613 3110 Censuram
2652 3054 2854 3111 llistor.
2885 3055 3146 3122 fabulos.;
3179 3058 3272 3112 sed
3303 3057 3533 3112 fortasse
3559 3057 3650 3112 lite
3688 3068 3803 3112 sunt

2222 3149 2417 3205 breves
2457 3149 2565 3204 illm
2595 3157 2739 3203 notae
2767 3159 2822 3203 et
2859 3149 3119 3216 lectiones
3143 3149 3412 3204 variantes
3440 3165 3573 3220 quas
3603 3152 3804 3220 Azagra

532 3264 647 3299 cum
673 3245 963 3298 centonibus
988 3245 1052 3298 de
1083 3243 1376 3311 ptrnitentia
1397 3257 1459 3296 ea:
1479 3240 1776 3304 Dracontio,
1801 3239 2029 3292 oratione
2050 3236 2115 3291 ad
2143 3210 2189 3273 ο
2222 3255 2354 3297 mss.
2399 3241 2637 3310 reliquit,
2673 3250 2722 3296 et
2765 3255 2825 3296 se
2855 3241 3052 3296 vidisse
3083 3251 3306 3296 testatur
3338 3241 3455 3297 Nic.
3492 3243 3760 3297 Antonius
3786 3285 3800 3308 ,

533 3337 791 3392 Christum
823 3337 1044 3390 versibus
1074 3335 1335 3398 Adonicis.
1382 3334 1446 3388 de
1471 3333 1639 3387 niisste
1664 3331 2118 3402 signiﬁcationibus

535 3431 756 3499 elegiaco
773 3427 1015 3494 carmine,
1043 3427 1307 3497 prwceptis
1329 3424 1608 3478 moralibus
1635 3423 1856 3490 heroico,
1889 3431 1934 3476 et
1956 3421 2120 3493 pluri-

537 3523 627 3576 bus
653 3523 790 3576 aliis.
814 3522 1081 3590 Scriptum
1104 3528 1220 3575 erat
1248 3519 1538 3584 Diacontio,
1562 3517 1654 3572 sed
1679 3515 1961 3586 legendum
1991 3515 2122 3568 Dra-

537 3613 709 3667 contia
737 3621 947 3666 constat
985 3627 1051 3665 ex
1089 3609 1286 3674 indice,
1319 3610 1408 3677 qni
1436 3609 1600 3663 verbo
1634 3607 1969 3662 DRACONTIUS
1999 3622 2120 3660 eum

541 3705 715 3759 locum
747 3705 1097 3758 demonstrat.
1127 3701 1284 3756 Multa
1327 3709 1454 3756 sunt
1484 3701 1534 3753 in
1568 3699 1836 3754 Dracontii
1880 3708 2124 3766 poemate

543 3797 612 3852 tle
639 3796 773 3861 Deo,
801 3796 1139 3866 potissimum
1167 3809 1292 3849 \eto
1317 3794 1367 3848 itt
1392 3793 1558 3861 elegia
1587 3793 1648 3845 ad
1685 3809 1722 3845 rc
1743 3808 1862 3860 gem
1887 3791 2126 3845 Guntha-

542 3890 706 3956 riutn,
737 3905 800 3942 ex
831 3889 1026 3960 quibus
1055 3897 1312 3942 centones
1343 3888 1411 3941 de
1443 3885 1752 3955 pmnitentia
1783 3884 1974 3938 confici
2005 3899 2129 3952 pos-

543 3981 688 4033 sint:
724 3988 782 4034 ttt
810 3993 1027 4033 carmen
1057 3979 1116 4032 S.
1163 3975 1498 4040 Columbini,
1532 3975 1600 4030 de
1629 3990 1734 4044 quo
1761 3973 1946 4029 confer
1976 3990 2122 4028 num.

543 4071 596 4132 8,
627 4085 693 4126 ex
724 4068 992 4126 Dracontii
1020 4068 1352 4136 aliormnque
1384 4065 1626 4119 versibus
1656 4080 1848 4134 magna
1880 4081 1943 4118 ex
1976 4077 2129 4133 parte

544 4163 815 4216 coa'escit.
845 4161 1114 4216 Centoncs
1139 4159 1190 4213 in
1223 4159 1385 4212 rebus
1407 4157 1576 4212 saccis
1606 4171 1671 4210 ex
1701 4155 1872 4225 poetis
1892 4158 2128 4225 profanis

545 4270 574 4308 a
631 4253 871 4308 Faltonia
926 4254 1098 4308 Proba
1141 4253 1464 4322 Sedulioque
1518 4251 1729 4306 collecti
1778 4259 2013 4306 exstant.
2074 4251 2126 4304 ln

547 4355 863 4416 argumento
889 4345 1111 4416 profano
1142 4356 1387 4416 poemata
1433 4344 1780 4416 Hippodamia
1822 4353 1875 4399 et
1923 4344 2129 4398 Alceste

548 4446 682 4491 tom.
716 4435 781 4489 IV
809 4435 1031 4491 Collect.
1063 4436 1268 4490 Pisaur.
1301 4437 1416 4489 sine
1439 4446 1713 4489 auctorum
1739 4435 1972 4498 nomine,
2007 4447 2130 4486 cen-

549 4537 706 4581 tones
732 4536 856 4580 sunt
884 4543 952 4582 ex
993 4527 1230 4598 Virgilio,
1265 4535 1323 4582 ut
1353 4527 1479 4580 mihi
1506 4525 1721 4595 quidem
1753 4525 1947 4595 legenti
1980 4523 2130 4578 video

548 4620 727 4674 batur.
758 4617 1040 4676 Poetarum
1075 4636 1349 4675 sacrorum
1376 4631 1571 4688 pra-ter
1603 4617 1940 4673 Dracontium
1972 4630 2130 4670 nemo

550 4713 686 4768 alius
709 4727 849 4767 nunc
874 4714 1102 4767 occurrit
1127 4728 1191 4768 ex
1217 4712 1371 4783 cujus
1393 4712 1635 4766 versibus
1657 4721 1911 4766 centones
1935 4709 2131 4765 fuerint

550 4804 797 4860 confecti.
843 4803 1002 4857 Index
1050 4803 1383 4863 Petavianus,
1419 4819 1446 4857 a
1495 4802 1710 4858 Labbeo
1753 4802 2016 4865 laudatus,
2049 4810 2132 4855 est

551 4881 825 4965 catalogus
856 4893 1192 4949 bibliotheca:
1226 4896 1513 4950 Alexandri
1544 4896 1766 4960 Petavii,
1794 4911 1914 4965 qtae
1942 4894 2008 4948 ad
2043 4909 2129 4950 re-

549 4993 727 5061 ginam
750 4990 956 5045 Suecite
981 4990 1298 5042 (ibristinam
1331 4989 1568 5057 devenit,
1596 4989 1718 5044 inde
1746 4989 1810 5042 ad
1842 4988 2129 5043 bibliothe-

551 5098 670 5139 cam
723 5083 1054 5138 Vaticanam.
1101 5081 1544 5148 Montfauconius,
1595 5098 1714 5152 pag.
1763 5083 1831 5137 64
1874 5081 2128 5136 Biblioth.

555 5178 801 5234 biblioth.
845 5192 1016 5242 mss.,
1045 5193 1108 5231 ex
1141 5191 1202 5230 ea
1241 5175 1562 5232 bibliotheca
1602 5178 1806 5231 Alcxan
1830 5177 1891 5230 lri
1931 5176 2132 5231 Petavii

555 5270 721 5326 refert
774 5269 912 5324 inter
959 5285 1090 5325 mss.
1144 5266 1481 5324 bibliotheca:
1531 5267 1798 5323 Vaticana:
1863 5268 2134 5323 Gisleberti

554 5367 735 5418 Aurea:
783 5362 946 5417 Vallis
971 5363 1165 5416 abbatis
1211 5377 1412 5414 carmen
1441 5360 1504 5414 de
1532 5359 1880 5414 Eucltaristia.
1933 5359 2037 5414 Sed
2079 5358 2131 5414 id

555 5473 696 5512 nunc
719 5471 821 5510 non
845 5459 1108 5526 reperitur
1129 5457 1180 5511 itt
1205 5455 1525 5510 bibliotheca
1555 5453 1826 5517 Vaticana,
1855 5453 1931 5506 uti
1958 5451 2134 5521 plures

557 5548 646 5602 alii
677 5549 942 5604 Petaviani
965 5549 1178 5603 codices
1206 5548 1601 5603 desiderantur.

627 5641 716 5696 51.
755 5641 979 5696 Codices
1004 5643 1136 5695 alios
1169 5642 1454 5707 Dracontii,
1482 5641 1722 5711 quamvis
1750 5638 1800 5692 in
1834 5639 2011 5693 multis
2039 5654 2129 5693 ca-

559 5725 747 5792 talogis
776 5727 1018 5779 codicum
1064 5741 1193 5781 mss.
1237 5729 1520 5797 diligenter
1557 5727 1846 5797 quazsitos,
1896 5725 2134 5781 invenire

560 5831 668 5870 non
697 5815 860 5883 potui.
889 5816 962 5868 De
985 5818 1124 5870 notis
1145 5833 1275 5872 mss.
1303 5820 1353 5872 in
1379 5820 1720 5875 Dracontium
1753 5833 1918 5888 pauca
1941 5833 2130 5889 super-

2221 3333 2310 3402 qui
2341 3332 2396 3386 in
2419 3332 2721 3401 hujusmodi
2748 3343 2988 3387 veterum
3018 3333 3382 3388 monumentis
3403 3335 3802 3404 conquirendis,

2223 3424 2433 3494 sibique
2460 3423 2839 3494 comparandis
2867 3423 3269 3479 curiosissimus
3290 3434 3408 3479 erat
3436 3433 3492 3479 et
3518 3425 3806 3495 diligentis-

2224 3516 2410 3570 simus.
2453 3516 2577 3570 Mihi
2620 3516 2854 3585 ignotum
2903 3516 3122 3570 omnino
3155 3526 3240 3572 est
3266 3531 3334 3571 an
3382 3517 3692 3587 Mayansius
3721 3532 3806 3572 cas

2226 3609 2417 3665 breves
2445 3619 2598 3664 notas
2621 3610 2757 3678 typis
2783 3609 3133 3664 commiserit.

2297 3703 2388 3757 59..
2439 3703 2704 3757 Andream
2729 3702 2962 3757 Marcum
2989 3702 3195 3757 Burriel
3217 3701 3510 3756 editionem
3540 3702 3808 3758 Sirmondi

2227 3809 2348 3850 cum
2376 3795 2664 3864 Azagrensi
2686 3793 2872 3848 eodice
2895 3793 3210 3856 contulisse,
3243 3795 3594 3864 lertionisque
3617 3794 3810 3849 discreo

2232 3887 2464 3955 pantiant
2512 3886 2798 3941 adnotasse
2844 3901 2909 3940 ex
2962 3885 3185 3957 Bayerio
3228 3885 3412 3940 didici.
3466 3886 3533 3941 Et
3570 3887 3812 3956 quamvis

2232 3977 2506 4032 Burrieltts
2537 3977 2807 4031 communi
2839 3977 3076 4030 omnium
3105 3975 3293 4044 plausu
3338 3975 3646 4030 celebretur
3667 4019 3682 4042 ,
3711 3991 3812 4029 non

2237 4072 2505 4142 ingratum
2559 4073 2662 4124 erit
2706 4079 2883 4123 tamen
2935 4069 3049 4138 cjus
3103 4068 3286 4124 laudes
3327 4067 3395 4122 ab
3452 4067 3814 4123 eruditissimo

2236 4164 2462 4233 Bayerio
2491 4163 2676 4216 audire
2705 4161 2756 4214 in
2789 4170 2901 4214 not.
2934 4161 2998 4214 ad
3033 4159 3281 4214 Biblioth.
3315 4167 3422 4213 vet.
3456 4160 3569 4214 Nic.
3603 4159 3811 4213 Antonii

2235 4255 2324 4309 lib.
2357 4268 2436 4319 ιιι,
2469 4268 2586 4322 cap.
2627 4253 2703 4306 ὗε
2741 4250 3075 4305 Dracontium
3116 4251 3381 4306 Sirmondt'
3415 4267 3532 4304 cum
3572 4250 3815 4306 Toletano

2237 4345 2507 4401 Michaelis
2538 4345 2708 4398 Ruizii
2741 4345 2953 4414 Azagraz
2983 4344 3155 4397 scecnli
3197 4359 3252 4397 χι
3285 4345 3458 4398 cod'ce
3496 4342 3740 4408 contulit,
3769 4352 3814 4396 et

2233 4440 2486 4493 variantes
2517 4438 2754 4492 lectiones
2794 4437 3054 4490 aan'avit
3094 4436 3325 4490 Andreas
3370 4435 3578 4490 Marcus
3618 4435 3815 4490 Burriel

2238 4533 2360 4587 Soc.
2393 4529 2517 4584 Jesu
2550 4530 2826 4598 presbyter,
2860 4545 3048 4598 magno
3089 4532 3162 4582 rei
3193 4530 3460 4584 [iuerat-ite
3488 4531 3677 4583 damno
3703 4541 3817 4585 ante

2236 4642 2399 4678 annos
2445 4624 2635 4690 aliquot
2681 4631 2992 4688 prtenmtura
3036 4633 3193 4676 morte
3234 4622 3659 4691 abreptus:quas
3707 4637 3817 4675 cum

2237 4716 2474 4787 plurimis
2531 4716 2754 4780 eiusdem
2801 4714 3039 4780 stupendi
3094 4713 3244 4780 plane
3296 4713 3487 4766 laboris
3539 4723 3691 4779 atque
3735 4712 3818 4763 in-

2237 4808 2448 4860 dustria:
2489 4804 2697 4874 fetibus,
2739 4807 2792 4858 in
2839 4808 3027 4874 regiam
3077 4805 3428 4858 bibliothecam
3472 4803 3816 4858 Matritensent

2236 4907 2408 4969 postea
2461 4897 2658 4950 (lc-latas
2695 4898 3136 4967 autographasque
3172 4896 3240 4947 ad
3282 4912 3487 4948 manum
3517 4895 3700 4948 habeo.
3747 4893 3816 4948 De

2237 4989 2435 5045 codicis
2462 4998 2620 5043 :etate
2646 4990 2833 5044 confer
2861 4989 3000 5043 dicta
3032 5005 3178 5042 num.
3210 4990 3298 5044 45.
3336 4989 3410 5043 De
3443 4990 3667 5045 Burrieli
3700 4989 3814 5058 qui-

2237 5082 2356 5137 dem
2402 5081 2677 5150 diligentia
2725 5081 2902 5134 omnia
2949 5080 3077 5133 mibi
3125 5079 3366 5148 polliceri
3403 5081 3612 5144 debeo;
3651 5079 3744 5135 sed
3773 5077 3812 5132 si

2236 5174 2408 5228 stilum
2439 5173 2752 5227 varietatem
2784 5174 3062 5240 scriptura:
3095 5171 3232 5226 inter
3264 5173 3502 5227 codicem
3547 5176 3812 5243 Azagren-

2238 5281 2348 5322 sem
2377 5276 2428 5321 et
2454 5266 2744 5321 editionem
2770 5265 3199 5319 Sirtnondianam
3227 5265 3621 5332 animadvertit,
3649 5276 3703 5320 et
3730 5280 3814 5334 pec

2238 5358 2470 5414 culiarcs
2495 5373 2618 5413 suas
2647 5358 2984 5425 caujectnras
3017 5372 3121 5410 non
3154 5357 3385 5426 adjecit,
3418 5359 3534 5427 ejus
3562 5359 3814 5412 lectiones

2239 5450 2506 5504 variantes
2557 5450 2732 5502 minus
2763 5463 2902 5502 nunc
2931 5457 3055 5500 sunt
3086 5449 3428 5513 necessariae,
3459 5448 3561 5520 43
3594 5464 3720 5502 cum
3759 5447 3810 5500 in

2185 5616 2193 5626 δ
2243 5540 2483 5595 editione
2537 5539 2832 5594 Matritensi
2874 5537 3187 5592 Dracontius
3233 5541 3491 5607 prodierit
3530 5554 3648 5593 cum
3682 5543 3812 5591 Aza-

2243 5633 2422 5705 grensi
2452 5633 2653 5697 codice,
2686 5639 2740 5685 et
2763 5630 3131 5685 Sirmondiana
3159 5632 3394 5686 editione
3420 5632 3812 5700 diligentissime

2242 5724 2485 5780 collatus.
2518 5722 2904 5777 Animadvet'to
2934 5731 3189 5790 praetcrea
3220 5723 3488 5779 diversmn
3517 5739 3542 5776 a
3574 5721 3807 5776 Dracon-

2243 5818 2315 5872 tio
2334 5830 2452 5872 esse
2473 5815 2792 5886 Ccponium,
2815 5814 2966 5885 Cujus
2990 5813 3357 5874 Hexaemeron
3387 5832 3484 5874 ms.
3511 5813 3807 5871 asservabat
