4030 6170
262 262 383 319 629
431 229 438 236 ’

1675 271 2200 333 PROLEGOMENA.

3447 291 3546 346 67.0

260 377 547 446 Barthius,
597 378 731 434 illud
785 378 1146 449 publicaturus
1195 381 1283 437 lib.
1342 398 1425 438 εις
1481 383 1710 438 ΑιΙνετε.
1737 425 1752 448 .
1810 385 1854 439 Si
1886 387 1934 446 Α
1963 396 2276 451 mentarius:
2308 397 2359 451 in
2402 414 2499 469 quo
2527 415 2628 454 non
2674 401 2841 455 solum
2882 417 2961 456 res
2990 411 3036 456 et
3065 403 3211 457 verba
3256 403 3547 459 obscuriora

256 469 518 524 \ixisset.
554 469 705 524 llunc
728 470 1024 538 Ceponium
1058 473 1374 537 monachum
1398 482 1552 527 vocat
1583 474 1850 541 Barthius,

259 559 362 613 5rd
389 560 504 614 Nic.
528 561 791 614 Antonius
815 561 905 615 lib.
934 577 986 614 ιιι
1009 562 1143 617 Bibl.
1166 572 1298 629 vet.,
1319 573 1448 617 tum.
1474 564 1515 629 l,
1534 579 1652 634 cap.
1679 567 1737 631 4,
1758 582 1852 634 pu-

265 661 344 706 tat
383 653 548 707 luisse
573 652 884 721 episcopum
911 652 1198 722 llispanum
1227 655 1404 708 δίρρυιί
1437 670 1491 719 v,
1524 655 1588 708 ad
1612 671 1768 724 quem
1799 665 1853 710 et

253 745 324 797 ad
355 743 590 797 ldacium
622 752 795 798 exstat
817 743 1055 813 episcopi
1085 744 1288 798 Turihii
1314 746 1558 815 epistola.
1605 745 1853 799 Barthius

251 833 323 888 ad
355 835 453 889 lib.
483 851 541 900 ιι,
573 835 708 889 Silv.
735 837 768 890 4
804 834 980 900 Statii,
1015 836 1286 890 vers.‘24:
1324 835 1468 900 Vide,
1503 838 1711 906 inquit,
1753 839 1849 891 Ce-

251 928 474 994 ponium
503 927 555 980 in
588 926 929 993 Hexaemero,
959 945 1108 998 quem
1136 945 1229 982 nos
1256 939 1515 984 auctorem
1552 929 1685 984 Vitta
1714 947 1850 985 asse-

249 1021 428 1074 rimus
453 1037 546 1074 suo
571 1020 704 1084 loco,
734 1019 979 1075 hactenus
1006 1022 1195 1075 nemini
1224 1039 1314 1076 nec
1344 1026 1502 1092 fando
1534 1033 1842 1094 perceptum.

248 1111 515 1181 Bayerius
569 1111 622 1165 in
655 1111 795 1166 notis
825 1111 890 1166 ad
920 1111 1172 1166 Biblioth.
1216 1121 1322 1166 vet.
1373 1113 1489 1168 Nic.
1524 1114 1738 1168 Antonii
1779 1115 1844 1167 ad

251 1201 381 1258 haec
413 1202 615 1257 Barthii
649 1203 810 1258 verba
851 1205 1063 1270 reponit
1092 1219 1108 1256 :
1136 1204 1202 1258 At
1240 1205 1352 1274 quis
1381 1206 1446 1258 sit
1487 1203 1622 1259 Vitta
1645 1217 1840 1272 auctor,

248 1303 346 1346 aut
379 1294 508 1362 quid
546 1294 642 1347 sibi
662 1295 779 1347 velit
809 1296 1116 1366 adjunctum
1147 1295 1290 1350 Vtra:
1311 1337 1326 1360 ,
1357 1298 1510 1365 plane
1548 1314 1648 1351 non
1675 1299 1841 1368 capio.

245 1385 476 1440 Scilicet
509 1389 649 1456 quod
690 1387 860 1455 prima
905 1388 1082 1442 littera
1134 1387 1186 1441 in
1231 1390 1347 1443 vita:
1382 1389 1520 1458 apud
1566 1391 1839 1445 Barthiuut

246 1477 551 1544 majuscula
581 1476 649 1530 sit
676 1518 690 1542 ,
722 1477 1064 1533 doctissimus
1100 1478 1182 1533 vir
1212 1480 1262 1534 in
1313 1479 1407 1536 has
1438 1481 1688 1551 ambages
1713 1496 1841 1537 con-

241 1570 421 1639 iectus
450 1579 553 1624 est.
589 1570 833 1625 Barthius
861 1571 960 1626 hoc
983 1581 1186 1627 tantum
1215 1575 1345 1638 vult,
1374 1574 1513 1643 quod
1544 1572 1837 1645 Ceponium

242 1669 578 1726 asserturus,
609 1661 721 1716 sive
748 1664 1092 1718 restituturus
1121 1664 1242 1718 vita:
1272 1673 1407 1729 erat,
1450 1680 1572 1719 cum
1606 1667 1659 1720 in
1691 1675 1838 1723 tene-

1963 489 2318 559 exp’irantur,
2358 493 2448 546 sed
2499 503 2545 547 et
2577 493 2820 548 historica
2863 495 3098 564 qutrdam
3138 511 3238 548 non
3281 495 3541 567 vulgaria,

1957 584 2292 653 ipsorumque
2339 595 2608 640 auctorum
2659 589 2795 652 uitte,
2827 597 2873 642 et
2920 590 2988 642 ad
3025 589 3308 643 carminum
3354 605 3541 658 genera

1958 678 2194 746 qua’dam
2222 685 2501 748 spectantia
2527 683 2780 753 singulari
2819 683 2990 739 s‘udio
3019 685 3277 738 elaborata
3306 686 3541 739 inserun-

1957 779 2059 822 tur.
2101 769 2318 825 Basilete
2365 791 2456 840 per
2481 774 2738 828 Joannem
2782 777 3087 845 Oporinum.
3147 777 3257 832 lloc
3309 778 3539 832 Fabricii

1953 874 2088 927 opus
2114 861 2304 919 ordine
2330 863 2667 932 alphabeticn
2694 883 2737 920 et
2763 868 3071 920 ncinnatum
3100 877 3204 932 est,
3237 867 3370 922 utile
3389 877 3536 922 certe

1953 951 2185 1008 futurum
2207 995 2221 1019 ,
2253 957 2296 1008 si
2342 964 2464 1024 post
2497 972 2686 1010 novam
2717 958 3022 1012 uberiorem
3059 969 3334 1028 poetarum
3373 959 3530 1014 Chri-

1951 1044 2248 1100 stianorum
2301 1045 2677 1102 collectionem
2710 1048 2917 1103 auctius
2961 1052 3364 1118 correctiusque
3404 1050 3530 1104 eda-

1951 1143 2055 1202 tur,
2113 1139 2308 1193 notatis
2358 1139 2657 1208 praesertim
2690 1139 2756 1196 iis
2804 1157 2925 1211 qua!
2971 1155 3196 1196 censura
3246 1143 3530 1211 perstricta

1946 1239 2070 1282 sunt
2099 1230 2150 1284 in
2196 1229 2373 1286 indice
2400 1235 2776 1300 expurgatorio
2817 1233 3045 1301 Philippi
3078 1232 3143 1296 li,
3169 1233 3320 1298 jussu
3353 1243 3405 1288 et
3435 1250 3528 1285 au-

1944 1321 2194 1376 ctoitate
2246 1321 2398 1391 juxta
2445 1324 2581 1376 sacri
2632 1324 2844 1378 concilii
2903 1324 3201 1379 Tridentini
3251 1325 3524 1381 decretqu

1943 1399 2248 1476 Antuerpia:
2287 1413 2416 1468 1571
2452 1415 2808 1484 promulgata.

2012 1499 2102 1556 55.
2149 1503 2327 1559 Tertia
2383 1505 2548 1559 editio
2577 1520 2718 1560 anno
2750 1505 2910 1572 l589,
2948 1515 3093 1561 tomo
3125 1505 3239 1562 Vlll
3269 1509 3520 1562 secunda:

1924 1593 2191 1650 editionis
2221 1595 2569 1651 Bibliotheeze
2609 1598 2825 1652 Patrum
2872 1598 3090 1653 Parisiis
3123 1613 3218 1666 per
3260 1599 3521 1668 Margari.

1941 1700 2066 1739 num
2093 1686 2160 1741 de
2192 1686 2238 1740 la
2278 1688 2470 1757 liigne;
2514 1705 2635 1757 qua:
2676 1703 2794 1742 cum
2842 1689 2964 1743 aliis
2985 1689 3236 1757 cperibus
3273 1689 3516 1757 ejusdem

240 1750 364 1850 bris
391 1752 636 1850 iaceret;
675 1751 751 1806 De
794 1751 1033 1823 Ceponio
1073 1754 1292 1810 consule
1337 1754 1638 1811 Fabricium
1694 1758 1830 1813 Bibl-
1869 1752 1908 1809 Β
1940 1775 2285 1833 canonice.»
2313 1750 2365 1834 n1
2416 1750 2590 1835 indice
2638 1750 3036 1850 expurgatorio'
3066 1781 3191 1834 anni
3221 1750 3387 1839 1667.
3422 1795 3517 1848 per

241 1838 387 1895 med.
409 1849 466 1896 et
487 1840 581 1895 iul.
615 1840 731 1896 Lat.

864 1983 1091 2039 CAPUT
1134 1984 1222 2039 Vl.

751 2093 1014 2150 Editiones
1037 2094 1326 2151 Dracontii.

304 2205 401 2263 53.
441 2205 619 2261 Prima
651 2207 818 2263 editio
866 2208 1140 2264 Dracontii
1192 2225 1335 2263 anno
1393 2210 1568 2282 1560,
1615 2216 1694 2270 sic
1741 2218 1824 2271 in-

236 2298 430 2368 scripta
447 2309 558 2354 est:
588 2299 667 2355 Cl.
697 2300 853 2356 Marii
874 2302 1092 2358 Victoris
1113 2313 1430 2370 AAHBEIAE,
1451 2322 1539 2361 seu
1559 2307 1828 2365 Commen-

233 2394 491 2446 tationum
513 2397 563 2448 in
589 2393 808 2450 Genesin
831 2397 919 2452 lib.
943 2414 997 2452 ιιι
1024 2416 1038 2463 ;
1073 2398 1461 2472 Epigrammata
1485 2403 1623 2456 varia
1645 2404 1825 2458 vetusti

232 2485 508 2554 cujusdam
530 2489 772 2552 auctoris,
788 2490 920 2542 inter
941 2507 1055 2558 qum
1074 2503 1192 2546 sunt
1219 2501 1268 2547 et
1289 2494 1486 2561 aliquot
1509 2495 1695 2563 psalmi
1713 2511 1822 2549 ver-

228 2577 371 2629 sibus
400 2578 614 2631 redditi.
650 2579 846 2633 Hilarii
890 2579 1227 2636 Pietaeiensis
1256 2585 1415 2653 episc.
1447 2583 1678 2638 Genesis.
1718 2585 1820 2656 Cy-

228 2663 693 2735 priuni'Cenesis,
735 2679 782 2724 et
831 2671 1080 2727 Sodoma.
1133 2673 1398 2729 Dracontii
1446 2678 1508 2730 de
1552 2693 1704 2744 apere
1731 2693 1822 2733 sea:

228 2758 456 2816 dierum.
493 2761 678 2814 Omnia
705 2764 928 2818 versibus
957 2781 1091 2820 nunc
1130 2770 1351 2837 primum
1385 2787 1410 2822 e
1437 2771 1642 2825 vetustis
1671 2772 1814 2824 codi-

229 2848 372 2902 cibus
399 2865 661 2920 expressa.
698 2851 910 2908 Parisiis
937 2853 1012 2908 ili.
1045 2855 1112 2910 D.
1146 2857 1261 2910 LX.
1289 2859 1442 2925 Apud
1471 2859 1615 2916 Guil.
1647 2860 1815 2916 More-

227 2938 375 2992 lium.
431 2940 576 2996 ln-8.
627 2942 702 2997 De
749 2944 934 2999 codice
981 2960 1045 3002 ex
1098 2963 1204 3016 quo
1244 2958 1540 3003 extractum
1572 2964 1650 3005 est
1680 2966 1814 3021 opus

227 3029 530 3098 Dracontii,
573 3033 692 3087 vide
722 3049 868 3088 num.
890 3035 961 3089 29
997 3048 1047 3092 el
1080 3038 1168 3093 58.
1195 3037 1248 3092 In
1282 3040 1387 3095 line
1416 3053 1536 3094 sunt
1568 3042 1810 3111 quaedam

224 3225 276 3265 tu
306 3213 582 3268 Victorius
606 3217 921 3285 appellatur.
977 3217 1204 3274 Genesis
1233 3235 1352 3289 qua:
1394 3220 1646 3292 Cypriani
1679 3224 1811 3277 dit-i-

225 3311 339 3369 tur,
403 3314 488 3359 est
537 3307 890 3376 fragmentum
935 3310 1196 3377 poem-itis
1229 3311 1278 3365 in
1307 3311 1540 3368 Genesin
1569 3315 1708 3384 quod
1741 3315 1811 3370 ab

223 3394 336 3448 aliis
371 3395 706 3453 Tertulliano
735 3399 1112 3468 adjudicatur,
1145 3403 1213 3457 ab
1248 3403 1368 3458 aliis
1410 3404 1682 3471 Juveneo;
1711 3422 1810 3476 ego

220 3500 337 3556 post
357 3491 616 3545 saeculum
652 3507 683 3545 v
714 3505 896 3549 natum
947 3505 1097 3563 puto,
1131 3496 1309 3551 invitis
1353 3499 1518 3551 musis
1557 3511 1610 3552 et
1639 3499 1808 3565 Apol-

219 3582 320 3638 line
341 3601 358 3636 :
391 3583 462 3639 de
483 3600 590 3655 quo
621 3587 772 3655 p'ura
794 3587 902 3642 dixi
934 3588 1042 3661 44
1065 3591 1117 3643 in
1144 3591 1437 3662 prolegom.
1469 3591 1536 3645 ad
1568 3591 1808 3648 Pruden-

220 3676 348 3728 tium
379 3691 499 3744 pag.
529 3679 664 3741 196,
692 3689 747 3733 et
795 3681 1044 3750 quaedam
1089 3682 1284 3737 addam
1333 3699 1454 3739 cum
1497 3684 1799 3742 iuvencum

218 3776 626 3836 recognoscam.
663 3778 716 3824 et
737 3770 960 3838 publirte
993 3773 1095 3827 luci
1127 3773 1481 3828 committam.

280 3856 381 3912 51.
424 3857 671 3914 Secunda
699 3860 866 3915 editio
913 3877 1056 3917 anno
1101 3864 1260 3918 1561.
1300 3864 1424 3920 litae
1448 3873 1532 3919 est
1559 3866 1806 3922 collectio

217 3960 494 4018 poetarum
525 3947 950 4007 Christianorum
993 3970 1021 4006 τι
1069 3955 1263 4025 Georg.
1309 3956 1556 4012 Fabricio
1607 3974 1801 4028 procu-

215 4050 323 4094 rata
379 4041 606 4096 Basilea:
647 4043 747 4098 hoc
793 4041 934 4099 anno
962 4044 1074 4100 in-4
1102 4047 1321 4116 majoris
1350 4047 1570 4102 formae:
1601 4064 1664 4104 ex
1696 4065 1804 4119 quo

215 4131 297 4185 alii
333 4131 547 4201 decepti
567 4133 744 4190 in-fol.
769 4135 974 4190 dicunt.
1007 4137 1204 4192 Verum
1226 4139 1293 4194 de
1317 4137 1414 4193 hac
1435 4139 1672 4195 editione
1694 4142 1802 4195 dis.

215 4225 361 4278 sensi
386 4226 440 4278 in
465 4227 674 4296 proleg.
705 4229 771 4283 ad
806 4230 1152 4284 Prudentium
1180 4247 1301 4302 pag.
1327 4233 1395 4289 88
1424 4243 1478 4288 et
1507 4249 1621 4303 seq.
1646 4236 1796 4301 Quod

214 4319 406 4372 attinet
422 4319 489 4372 ad
519 4320 856 4376 Dracontium
875 4362 890 4387 ,
911 4323 1187 4378 Fabricius
1216 4324 1268 4378 in
1297 4340 1364 4379 eo
1386 4325 1596 4380 edendo
1617 4341 1799 4381 exem-

215 4408 329 4476 plar
357 4425 383 4459 a
434 4410 654 4466 alorelio
698 4412 1026 4482 publicatum
1077 4425 1294 4470 Scottqu
1320 4425 1428 4481 est,
1461 4417 1621 4470 tribus
1663 4434 1794 4486 qua-

216 4510 384 4554 tuorve
409 4503 690 4555 emendatis
720 4505 994 4571 erroribus,
1029 4515 1086 4559 ut
1122 4505 1233 4574 jam
1265 4508 1487 4575 exposui
1531 4523 1675 4561 num.
1704 4509 1793 4564 30.
1828 4475 1878 4535 Β

215 4589 444 4646 Ioannes
490 4594 740 4648 Alhertus
787 4594 1064 4651 Fabricius
1115 4597 1167 4651 in
1211 4598 1462 4653 Bibliotlt.
1516 4610 1625 4654 vet.
1677 4600 1790 4655 Lat.

215 4697 330 4752 (ap.
360 4685 412 4746 4,
445 4683 538 4738 lib.
572 4700 632 4747 ιι.
663 4686 736 4740 ait
778 4687 828 4740 in
871 4687 972 4742 hac
1001 4687 1322 4744 etillectione
1350 4689 1412 4744 G.
1445 4689 1676 4746 Ειιιιιιέριί
1709 4707 1797 4745 so-

215 4774 318 4829 lum
370 4776 564 4830 librum
613 4784 840 4846 primum
890 4779 1160 4834 Dracontii
1209 4791 1446 4847 exstare,
1479 4798 1711 4852 eumque
1744 4785 1794 4838 in

216 4867 317 4923 line
365 4870 634 4924 mutilum.
693 4871 800 4927 Sed
851 4873 1240 4929 advertendum
1290 4876 1534 4930 mutilum
1575 4877 1792 4947 quidem

214 4977 328 5020 esse
366 4965 562 5019 librum
593 4966 733 5022 hunc
776 4967 1042 5022 Dracontii
1078 4968 1132 5022 in
1162 4970 1398 5024 editione
1422 4969 1712 5026 Mureliaua
1737 4983 1794 5027 et

215 5053 545 5124 Fabriciana,
577 5059 669 5113 sed
704 5075 808 5114 non
841 5060 894 5114 in
929 5060 1060 5115 line:
1094 5076 1214 5114 nam
1257 5063 1325 5117 58
1354 5076 1541 5117 versus
1570 5062 1661 5132 qui
1689 5065 1790 5120 de-

213 5149 515 5204 siderantur
559 5152 832 5222 pertinent
875 5153 941 5207 ad
975 5157 1338 5210 narrationem
1386 5158 1788 5228 peccatilprimi

213 5253 371 5307 paren
399 5244 470 5304 is,
501 5255 623 5312 pOSt
669 5258 906 5312 versum,
962 5245 1071 5300 Nec
1109 5248 1540 5315 circumscriptor.
1581 5249 1638 5304 lu
1677 5249 1792 5305 suis

212 5335 631 5400 commentariis,
663 5337 752 5404 qui
787 5337 1052 5404 posterior
1080 5347 1165 5392 est
1194 5348 1368 5394 tomus
1397 5339 1560 5408 ptiori
1587 5341 1786 5404 rarior,

215 5425 472 5482 rationem
513 5430 813 5484 carminum
847 5431 1118 5484 Dracontii
1157 5431 1320 5486 habet
1361 5432 1660 5488 Fabricius.
1690 5433 1785 5488 Ti-

215 5517 352 5572 tulus
373 5520 532 5583 hujus
561 5523 811 5577 secundm.
841 5525 1010 5592 partis
1037 5535 1150 5580 esu
1180 5523 1246 5579 In
1275 5536 1537 5595 poetarum
1565 5537 1781 5584 veterum

215 5610 658 5667 ecclesiasticorum
685 5613 972 5669 Christiana
1005 5631 1178 5686 opera,
1209 5628 1254 5670 et
1286 5634 1496 5686 cperunt
1523 5621 1785 5687 reliquias,

217 5710 360 5771 atque
398 5707 686 5776 fragmenta
729 5705 936 5778 Georgii
985 5707 1206 5762 Fabricii
1237 5710 1614 5766 Cltcmnicensis
1647 5729 1787 5766 com-

1934 1867 2128 1922 Joann.
2157 1869 2229 1924 M.
2264 1870 2740 1927 Brasichellensem
2768 1872 3038 1942 recognita
3070 1883 3192 1936 est;
3231 1873 3362 1926 nihil
3387 1888 3518 1927 vero

1931 1973 1959 2012 a
1988 1960 2301 2016 censoribus
2331 1962 2384 2015 in
2417 1962 2688 2018 Dracontii
2721 1974 2965 2033 poemate
2987 1965 3053 2021 de
3081 1980 3245 2035 Opete
3268 1981 3361 2021 sex
3401 1966 3518 2019 dic-

1932 2067 2048 2106 rum
2076 2061 2291 2108 notatur
2320 2055 2460 2124 quod
2492 2065 2580 2110 aut
2611 2072 2838 2112 censura
2861 2058 3078 2125 dignum
3101 2098 3116 2122 ,
3138 2067 3228 2112 aut
3261 2070 3414 2112 caute
3438 2059 3514 2112 le-

1928 2145 2162 2213 gendum
2192 2145 2424 2213 dicatur,
2466 2147 2575 2221 45
2601 2159 2661 2204 ut
2691 2150 2742 2204 in
2772 2150 3020 2219 plurimis
3065 2149 3294 2204 aliorqu
3337 2152 3516 2218 operi-

1930 2239 2029 2294 bus
2059 2241 2254 2294 l'actum
2285 2240 2401 2295 luit.
2445 2242 2626 2298 Solum
2658 2243 2828 2298 deleri
2869 2242 3080 2311 jussum
3113 2242 3181 2307 D,
3204 2251 3295 2296 aut
3331 2241 3435 2294 divi
3456 2243 3514 2296 in

1930 2329 2012 2384 his
2034 2330 2212 2385 verbis
2242 2330 2308 2385 D.
2329 2332 2595 2386 Dracontii
2617 2331 2998 2388 Hexaemeron.
3024 2334 3180 2402 Quod
3203 2335 3254 2389 in
3278 2335 3511 2388 editione

1927 2427 2048 2480 anni
2078 2427 2220 2481 1641
2258 2427 2477 2483 Parisiis
2521 2429 2816 2497 praestitum
2849 2445 2955 2482 non
2995 2428 3120 2498 fuit,
3157 2432 3207 2483 in
3239 2445 3341 2498 qua
3375 2441 3509 2484 tom.

1925 2515 2060 2581 Vlll,
2106 2517 2220 2572 ha‘c
2252 2520 2364 2588 ipsa
2414 2520 2575 2574 verba
2608 2521 2784 2575 adhuc
2823 2521 3071 2591 leguntur
3098 2522 3249 2575 initio
3281 2522 3332 2576 in
3364 2534 3514 2574 eata-

1926 2607 2051 2676 logo
2079 2608 2428 2677 scriptorum.
2456 2610 2695 2663 Thomas
2725 2611 2910 2680 ltigins
2943 2613 2993 2665 in
3025 2611 3120 2666 lib.
3152 2611 3220 2665 de
3251 2611 3503 2665 Bibliotlt.

1921 2701 1975 2755 in
2005 2699 2340 2755 Bibliotheca
2381 2701 2596 2755 Patrum
2647 2711 2704 2758 et
2730 2701 3031 2769 doctorum,
3081 2701 3276 2772 Lipsiae
3335 2701 3507 2764 1602,

1920 2806 2049 2862 cura
2074 2792 2138 2846 Μ.
2170 2792 2432 2847 Joachimi
2472 2793 2725 2860 Zehneri,
2765 2793 2907 2847 inter
2934 2793 3067 2848 alios
3096 2793 3386 2861 scriptores
3413 2806 3504 2845 ves

1921 2892 2063 2938 teres
2092 2884 2489 2939 ecclesiasticos
2515 2885 2688 2940 editos
2719 2887 2882 2940 refert
2914 2884 3294 2947 Dracontium;
3328 2881 3424 2937 sed
3446 2882 3502 2936 in

1919 2992 1978 3029 ea
2010 2975 2342 3032 Bibliotheca
2374 2993 2479 3032 non
2511 2978 2716 3049 integra
2757 2979 2976 3032 Patrum
3008 2993 3202 3048 opera,
3235 2977 3329 3031 sed
3364 2975 3503 3047 frag.-

227 3067 530 3098 -uau.uuuv,
579 3067 692 3087 nuo
723 3067 868 3088 ιιυιιι.
894 3067 960 3089 ἆυ
997 3067 1047 3092 σι
1080 3067 1168 3093 uo.
1196 3067 1248 3092 ιιι
1283 3067 1387 3095 ιιιιῠ
1416 3067 1536 3094 aunt
1568 3067 1810 3111 quarunt"
1918 3077 2094 3121 mema
2117 3067 2358 3136 qumdam
2397 3069 2646 3124 videnmr
2665 3071 2886 3124 inserta.

225 3119 418 3175 breves
450 3134 590 3177 noue
632 3124 695 3176 ad
735 3124 999 3179 Victorem
1025 3170 1040 3193 ,
1092 3130 1179 3198 qui
1214 3127 1266 3181 in
1300 3129 1454 3183 initio
1485 3139 1539 3184 et
1571 3131 1675 3185 line
1715 3131 1805 3186 lib.
1839 3111 1884 3170 (ἶ
1991 3159 2056 3198 ιιςκ
2121 3158 2320 3198 nm",
2369 3161 2537 3198 ,δςηη
2567 3175 2705 3198 mm
2739 3160 2878 3198 mm

1988 3159 2076 3215 56.
2121 3158 2321 3225 Quarta
2369 3161 2537 3215 editio
2565 3175 2705 3214 anno
2739 3160 2898 3225 1610,
2947 3160 3190 3214 scilicet:
3239 3160 3507 3214 Dracontii

1919 3242 2149 3297 Toletani
2180 3245 2405 3316 Hispani
2447 3245 2798 3301 Hexaemeron
2817 3289 2832 3312 ,
2871 3262 2959 3300 seu
2989 3247 3052 3300 de
3080 3246 3246 3314 Opere
3275 3264 3365 3301 sex-
3393 3247 3506 3300 die-

1914 3349 2028 3386 rum
2055 3345 2101 3386 et
2123 3337 2377 3390 creatione
2399 3338 2578 3389 mundi
2613 3335 2741 3390 liber
2769 3336 3050 3407 singu’aris
3079 3353 3192 3390 cum
3223 3335 3298 3390 .il.
3329 3336 3499 3391 Joan-

1913 3425 1994 3479 nis
2019 3425 2229 3480 Weitzii
2243 3427 2409 3481 indice
2423 3427 2696 3498 glossario,
2729 3437 2777 3481 et
2807 3431 2938 3482 notis
2961 3428 3074 3495 quia
3087 3430 3217 3499 jusfi
3243 3415 3510 3504 commenQ

1912 3518 2032 3570 tarii
2056 3518 2214 3572 uicem
2243 3534 2350 3572 esse
2387 3529 2634 3589 possunt,
2669 3520 2868 3573 collatis
2890 3522 3020 3574 inter
3042 3537 3096 3575 se
3121 3531 3340 3576 veterum
3368 3523 3498 3574 scri-

1911 3616 2110 3675 ptorum
2154 3610 2376 3662 maxime
2400 3607 2506 3664 SS.
2538 3607 2753 3662 Patrum
2777 3611 2841 3663 de
2867 3612 3160 3664 conditione
3183 3628 3349 3666 rerum
3381 3615 3500 3666 uni-

1910 3698 2188 3753 versalium
2235 3701 2518 3755 sententiis.
2576 3700 2909 3768 Francofurti
2965 3705 3096 3772 typis
3155 3687 3509 3774 Wolffgangi:

1908 3791 2194 3855 sumptibus
2224 3807 2339 3846 vero
2368 3791 2510 3846 Petri
2543 3792 2729 3863 Κορθῑε
2763 3810 2896 3846 anno
2934 3811 2987 3847 ιι.
3029 3810 3112 3848 nc.
3145 3812 3197 3848 x.
3226 3797 3366 3851 ln-8.
3397 3797 3496 3850 Fa-

1908 3883 2111 3938 bricius
2134 3886 2186 3939 in
2211 3885 2350 3939 Bibl.
2381 3897 2493 3940 vet;
2531 3886 2670 3948 Lat...
2702 3886 2792 3941 lib.
2824 3903 2896 3948 tv,
2928 3902 3048 3957 cap.
3077 3887 3132 3950 ἓ,
3159 3903 3357 3941 annum
3381 3890 3494 3942 edi-

1907 3976 2071 4030 tionis
2100 3975 2416 4031 Weitziana:
2455 3978 2692 4048 assignat
2726 3977 2864 4034 l6l9
2886 4019 2900 4042 ,
2933 3994 2962 4032 a
2993 3993 3098 4047 quo
3139 3976 3365 4032 fortasse
3393 3978 3490 4033 dc-

1905 4077 2089 4134 ceptns
2117 4075 2200 4123 est
2231 4067 2614 4137 Rodriguezins
2637 4070 2704 4124 de
2725 4068 2935 4138 Castra,
2968 4071 3056 4139 qui
3088 4072 3139 4122 in
3169 4070 3303 4124 Bibl.
3333 4070 3482 4137 llisp.

1903 4157 2089 4212 eodem
2124 4172 2265 4212 anno
2296 4159 2453 4221 1619,
2479 4161 2774 4216 editionem
2805 4159 3490 4215 SirmondianametWeit-

1903 4249 2110 4302 zianam
2153 4249 2324 4304 iactas
2352 4251 2606 4305 afﬁrmat.
2634 4252 2901 4306 Cancrum
2943 4251 3223 4305 Fabricius
3262 4253 3314 4306 in
3346 4253 3502 4307 Bibl.‘

1903 4339 2061 4394 medii
2109 4343 2208 4395 aevi
2259 4357 2454 4396 annum
2509 4343 2670 4405 1610,
2720 4343 2946 4398 editioni
2978 4343 3291 4399 Weitziana:
3339 4357 3491 4401 reete

1903 4431 2142 4487 ascribit.
2189 4433 2473 4487 Pramtittit
2507 4433 2770 4489 Weitzins
2810 4435 3091 4504 epistolam
3137 4435 3375 4491 Goldasti
3417 4437 3488 4492 de

1905 4521 2213 4587 Dracontio,
2237 4539 2395 4587 quam
2432 4525 2701 4578 nonnullis
2726 4527 2778 4578 in
2809 4525 2941 4580 locis
2970 4525 3203 4580 laudavi.
3240 4526 3376 4580 Rara
3399 4537 3484 4581 est

1901 4613 2014 4668 haec
2045 4616 2211 4671 edi:io
2236 4617 2440 4680 Romus,
2472 4633 2741 4686 unumque
2771 4619 2946 4672 solum
2990 4619 3267 4686 exemplar
3299 4620 3353 4674 in
3396 4619 3484 4673 Bi-

1900 4707 2165 4762 bliotheca
2200 4709 2455 4778 Angelica
2497 4710 2703 4764 servari
2737 4711 2870 4768 scio.
2906 4710 3066 4765 lndex
3113 4711 3407 4780 glossarius
3430 4725 3486 4768 et

1902 4807 2041 4854 notae
2076 4802 2231 4855 utiles
2263 4812 2423 4866 sunt;
2461 4811 2582 4872 post
2632 4811 2784 4856 notas
2817 4803 3091 4859 nonnulltn
3136 4813 3259 4858 sunt
3303 4817 3484 4857 corre-

1901 4892 2108 4946 ctiones
2149 4907 2397 4947 versuum
2431 4909 2492 4948 cx
2524 4893 2742 4949 Weitzii
2769 4895 3104 4964 aliorumque
3135 4894 3346 4963 ingenio
3387 4908 3482 4948 ex-

1899 4987 2162 5054 cogitatae,
2205 5000 2433 5055 quarum
2465 4988 2763 5042 nonnullus
2789 4989 2917 5042 mihi
2951 4989 3051 5041 erit
3078 5002 3224 5042 usus.

1969 5079 2054 5132 57.
2099 5078 2292 5144 Quinta
2340 5080 2507 5134 editio
2541 5096 2684 5135 anno
2718 5082 2856 5137 1616
2901 5083 2954 5137 in
2986 5081 3164 5135 Choro
3204 5086 3479 5145 poetarum

1895 5182 2034 5242 part.
2080 5172 2136 5240 2,
2187 5173 2324 5239 ειμι,
2364 5174 2630 5243 Lugduni,
2669 5176 2847 5230 studio
2893 5172 3178 5230 Alexandri
3211 5169 3438 5225 Firhetti
3464 5211 3478 5232 ν

1894 5262 2036 5331 quod
2095 5278 2251 5317 manu
2299 5266 2348 5318 in
2400 5265 2632 5335 quodam
2683 5265 2974 5332 exemplari
3025 5264 3280 5330 scriptum
3323 5259 3478 5315 vidi.

1897 5369 2018 5407 nam
2050 5354 2272 5410 editoris
2305 5373 2501 5411 nomen
2534 5358 2672 5428 typis
2699 5369 3013 5423 expressum
3045 5368 3150 5404 non
3171 5363 3277 5406 est.

1965 5444 2056 5500 58.
2100 5444 2262 5500 Sexta
2300 5446 2467 5502 editio
2495 5461 2636 5500 anno
2664 5444 2800 5498 1618
2822 5444 2872 5497 in
2906 5442 3232 5497 BibliOIheea
3263 5442 3476 5498 Patrum

1894 5534 2133 5590 Colonia:
2155 5536 2459 5606 Agrippina:
2487 5547 2615 5590 tom.
2648 5534 2736 5600 IV,
2767 5548 2886 5602 pag.
2915 5532 3037 5588 500.

1968 5627 2060 5683 59.
2099 5627 2343 5695 Septima
2391 5626 2556 5680 editio
2587 5639 2726 5679 anno
2765 5623 2922 5687 1619,
2954 5622 3222 5679 Sirmondi
3269 5639 3428 5694 opera
3455 5665 3471 5690 ,

1898 5719 2000 5775 hoc
2024 5719 2208 5774 titulo:
2241 5717 2386 5772 Beati
2429 5715 2644 5786 Eugenii
2683 5718 2910 5788 episwpi
2944 5716 3170 5774 Toletani
3201 5719 3468 5788 opuscula.
