4030 6170
492 226 588 281 631

1887 209 2336 270 DRACONTIUS.

3648 216 3752 272 632

494 339 687 406 Quibus
714 340 890 392 inserti
919 348 1037 390 sunt
1085 322 1353 388 dracontii
1396 330 1553 384 libelli
1584 330 1686 382 duo
1730 329 1793 382 ab
1840 327 2070 400 Eugenio
2100 329 2152 387 Α
2249 329 2336 384 61.
2367 329 2512 384 Nona
2535 328 2700 384 editio
2732 345 2877 385 anno
2901 329 3029 387 1651
3064 344 3158 401 per
3179 329 3448 386 Andream
3476 330 3749 403 Birinum,

491 432 668 483 eodem
697 427 819 483 olim
842 426 1108 499 recogniti.
1134 426 1348 496 Adjecta
1367 423 1476 494 46
1502 422 1674 474 itidem
1709 421 1929 474 aliorum
1955 419 2033 472 ali
2043 448 2065 459 -

489 532 610 591 quot
637 532 859 576 veterum
887 521 1193 588 scriptorum
1222 518 1384 571 uaria.
1416 516 1632 569 Parisiis
1657 531 1721 569 ea:
1741 515 1943 584 ofﬁcina
1969 512 2070 567 Ni-

491 616 710 672 velliana
730 615 870 684 apud
892 613 1256 669 Sebastianum
1282 609 1548 681 Cramoisy
1578 626 1633 664 at.
1665 625 1750 663 nc.
1781 623 1899 662 xu.
1928 606 2066 661 [lt—8.

500 709 719 766 Iacobus
749 707 1069 763 Sirmondus
1119 693 1374 774 opuscula
1415 703 1532 758 haec
1585 701 1816 756 llenrico
1869 699 2069 753 Barba-

439 845 444 849 .
494 800 603 864 nio,
641 799 784 868 regis
823 798 966 859 lilio.
999 797 1253 866 episcOpo
1301 791 1566 854 Mctensi,
1603 790 1833 845 dedicat.
1868 789 2071 842 Praeter

493 893 785 962 Eugenium
815 900 870 946 et
909 889 1248 944 Dracontium
1281 897 1404 942 sunt
1435 884 1647 940 Martini
1675 884 1910 952 episeopi
1959 883 2068 936 Du-

494 986 715 1042 ntiensis
743 984 1008 1055 quaedam,
1038 979 1358 1037 Columbani
1399 978 1607 1033 abbatis
1635 977 1861 1045 epistola
1894 989 2070 1047 parte:

494 1082 668 1136 netica
705 1082 769 1132 ad
826 1076 1166 1139 llunaldum,
1219 1072 1462 1128 Severini
1493 1069 1734 1140 episcopi
1794 1069 2068 1131 Doctrina,

491 1171 704 1228 Tironis
751 1170 997 1238 PrOSperi
1053 1166 1302 1236 Aquitani
1334 1163 1639 1220 Confessio.
1688 1161 1915 1216 Michael
1945 1176 1974 1240 ξι
2007 1158 2066 1215 S.

491 1262 729 1334 Josepho
781 1262 834 1316 in
889 1257 1252 1328 Bibliograph.
1303 1255 1593 1311 editionem
1639 1251 2070 1310 Sirtnondianam

492 1354 560 1411 ad
580 1368 776 1409 annum
806 1351 945 1407 1617
989 1350 1187 1405 refert:
1222 1349 1308 1417 qui
1345 1347 1574 1402 fortasse
1618 1360 1769 1401 error
1797 1352 1879 1399 est
1918 1351 2069 1413 typo-

491 1445 796 1522 graphicus,
825 1443 927 1498 nisi
968 1442 1109 1497 hunc
1149 1455 1346 1495 annum
1390 1439 1480 1494 ile
1506 1453 1572 1492 ex
1604 1436 1814 1492 Diction
1834 1430 1930 1489 ει·ῖο
1962 1433 2072 1487 Meo

493 1537 637 1603 reri,
672 1535 763 1592 ubi
790 1535 991 1604 pariter
1012 1531 1300 1596 indicatur,
1328 1528 1696 1596 exscripserit.
1728 1527 1803 1581 De
1833 1526 1931 1579 hac
1953 1525 2069 1578 edi-

494 1628 640 1684 tione
671 1627 792 1683 vide
819 1640 968 1680 num.
1000 1624 1071 1679 46
1101 1623 1154 1678 et
1179 1638 1294 1692 seq.
1327 1623 1467 1676 Ante
1502 1618 1849 1676 Sirmondum
1876 1617 2071 1671 editio-

2174 421 2264 490 qui
2288 421 2652 490 longissimam
2688 422 2825 477 hanc
2859 422 3268 492 inscriptionem
3308 424 3594 493 apposuit:
3619 425 3748 479 Dra-

2175 511 2331 566 contii
2355 511 2582 582 Hispani
2600 513 2896 567 libellorum
2927 513 3042 584 biga
3063 530 3084 568 :
3109 531 3329 584 quorum
3356 515 3498 582 prior
3518 516 3582 569 de
3608 533 3756 584 opere

2173 619 2263 656 sea:
2287 604 2506 670 dierum,
2540 612 2587 656 et
2618 605 2874 659 creatione
2901 605 3083 659 mundi
3127 604 3442 660 Ilexaemeri
3473 607 3623 661 titulo
3648 609 3758 679 pri-

2173 693 2307 761 dem,
2351 693 2440 747 sed
2493 709 2581 748 cst
2635 694 2858 749 versibus
2904 696 3118 750 mutilus
3163 698 3330 751 editus
3374 697 3496 767 fuit,
3541 700 3758 768 scriptus

2174 782 2379 837 heroico
2410 793 2607 849 metro;
2652 783 2783 839 alter
2825 801 2944 840 vero
2978 788 3231 858 posterior
3259 788 3485 859 elegiaco
3515 791 3762 858 postfatio

2173 875 2324 943 quasi
2352 875 2590 944 quaedam
2621 885 2718 941 est,
2762 885 2808 932 et
2851 879 3169 945 pra’cedanei
3195 879 3337 933 illius
3369 880 3580 946 pariter,
3613 889 3763 950 atque

2172 966 2417 1033 suiipsius
2439 954 2509 1020 ad
2536 967 2720 1032 Deum,
2749 976 2798 1022 et
2825 971 2893 1022 ad
2915 986 3081 1040 regem
3108 969 3455 1024 Theodosium
3495 970 3762 1027 Juniorem

2173 1056 2462 1126 Augustum
2506 1059 2768 1113 excusatio
2817 1061 3040 1131 primunt
3081 1061 3322 1132 v’gesimo
3349 1062 3583 1135 [corrige
3610 1065 3764 1134 trige—

2171 1148 2322 1220 sima]
2353 1149 2535 1203 abhinc
2575 1168 2711 1205 anno
2749 1151 2965 1207 Parisiis
2993 1157 3206 1224 prodiit,
3239 1173 3492 1222 nus7nam
3527 1158 3657 1212 a‘ibi
3678 1176 3764 1214 ea:-

2172 1255 2320 1292 cusus
2344 1255 2363 1292 :
2394 1230 2530 1293 nunc
2549 1257 2664 1296 vero
2697 1254 2985 1314 utrumque,
3025 1254 3073 1298 et
3111 1246 3164 1299 in
3193 1245 3371 1315 primis
3403 1245 3764 1304 Hexaemeron

2170 1331 2320 1397 illud,
2355 1333 2457 1386 sive
2485 1334 2548 1387 de
2576 1334 2817 1389 machina
2840 1338 3021 1391 mundi
3063 1347 3175 1406 post
3213 1338 3507 1410 Eugenium
3558 1322 3766 1397 Toleta-

2171 1439 2293 1477 num
2317 1425 2607 1495 episcOpum
2637 1425 2812 1498 [cujus
2841 1428 2997 1482 simul
3037 1429 3121 1483 hic
3157 1431 3391 1499 apposita
3424 1441 3501 1486 est
3528 1431 3766 1504 Septidui

2171 1519 2555 1589 recapitulatio,
2585 1529 2639 1573 ut
2677 1530 2724 1574 et
2760 1522 3135 1591 epigrammata
3164 1524 3378 1595 reliqua,
3411 1525 3620 1596 aliaque
3651 1543 3766 1596 poe-

2172 1613 2330 1666 matia
2352 1614 2625 1684 subjuncta
2655 1613 2915 1686 reperies],
2939 1617 3058 1670 item
3089 1627 3203 1687 post
3226 1615 3416 1688 Georg.
3444 1617 3764 1682 Fabricium.

493 1733 617 1776 nem
657 1717 1001 1773 Morelianam
1046 1729 1231 1770 omnes
1259 1689 1432 1769 secuti
1481 1719 1624 1778 sunt,
1677 1709 1859 1780 paucis
1889 1724 2073 1763 cmen-
2106 1689 2150 1748 Β
2179 1703 2375 1759 Joann.
2411 1705 2712 1776 Weitzium,
2742 1707 2861 1762 Jac.
2894 1707 3250 1777 Sirmondum,
3280 1712 3439 1781 Casp.
3467 1711 3766 1780 Barthium,

493 1812 656 1868 datis.
700 1807 1023 1864 Sirmondus
1077 1823 1136 1863 ex
1191 1823 1323 1862 mss.
1357 1806 1729 1860 llexaetneron
1783 1803 1992 1856 auctius
2021 1809 2076 1855 et

494 1903 794 1960 corrcctius
824 1897 1014 1965 edidit,
1065 1907 1119 1952 et
1168 1898 1406 1966 Elegiam
1439 1892 1711 1949 Dracontii
1743 1895 1944 1962 primus
1982 1907 2076 1960 pu-

494 1993 742 2057 blicavit;
787 2005 944 2061 quem
992 1989 1216 2043 mirifice
1243 1987 1314 2042 ob
1337 1985 1638 2054 hujusmodi
1665 1995 1906 2038 veterum
1939 1984 2075 2036 scri-

493 2094 705 2156 ptorum
749 2082 1014 2138 editiones
1051 2077 1291 2133 celebrat
1321 2076 1593 2140 Barthius,
1625 2075 1778 2144 cujus
1809 2073 1922 2126 haec
1949 2079 2075 2125 sunt

434 2157 440 2163 ’
493 2179 587 2234 lib.
633 2191 762 2231 xm
812 2174 1065 2238 Advers.,
1102 2187 1220 2240 cap.
1263 2169 1337 2223 ‘2':
1389 2168 1650 2223 Plurimos
1699 2167 1960 2236 inferioris
1981 2167 2073 2219 (eui

495 2269 765 2333 scriptores
806 2265 906 2319 luci
945 2265 1156 2330 uittaque
1185 2261 1323 2313 dedit
1370 2259 1466 2312 hoc
1492 2258 1681 2312 steculo
1709 2256 1932 2321 Jacobus
1961 2255 2076 2310 Sir-

495 2360 730 2424 mondus,
751 2357 939 2428 judicii
984 2356 1192 2419 eximii,
1223 2352 1452 2406 lec.ionis
1481 2362 1628 2406 certat
1655 2349 1827 2414 ltomo,
1858 2365 1947 2402 nec
1976 2348 2075 2401 nisi

496 2457 617 2510 bene
661 2454 724 2508 de
773 2453 1075 2521 antiquitate
1123 2450 1313 2504 meritis
1343 2448 1708 2503 accensendus.
1762 2446 1826 2499 Et
1870 2446 2076 2514 prolixe

495 2546 588 2601 lib.
632 2560 706 2610 LI,
738 2558 858 2610 cap.
887 2542 954 2596 ιε
991 2542 1196 2608 Quanta
1217 2541 1268 2592 in
1302 2539 1550 2607 patientia
1586 2538 1713 2601 haec,
1744 2546 1792 2590 et
1816 2537 2073 2590 liberalis-

495 2641 623 2693 sima
652 2637 821 2691 studia
850 2636 1033 2688 merita
1062 2643 1260 2688 exstent
1285 2631 1468 2685 Jacobi
1491 2630 1775 2695 Sirmondi,
1798 2631 2075 2698 prtedicavi

495 2735 737 2787 hactenus
767 2745 870 2784 non
893 2727 1082 2792 semel,
1117 2743 1218 2780 non
1253 2737 1429 2796 potero
1454 2733 1624 2777 autem
1652 2725 1774 2778 satis
1801 2725 2069 2790 extollere,

496 2833 583 2878 aut
629 2837 831 2890 requare
872 2820 1064 2885 verbis,
1106 2819 1150 2872 si
1193 2817 1469 2884 atept'sst'me
1493 2825 1604 2883 post
1626 2815 1775 2869 etiam
1823 2815 2072 2884 prwdica-

497 2932 633 2972 vero.
656 2913 753 2968 Tot
778 2913 867 2968 ille
891 2912 1032 2965 bonis
1057 2913 1317 2981 proximos
1345 2911 1659 2980 scriptorese
1680 2908 1898 2961 tenebris
1916 2907 2070 2973 eruit,

497 3016 569 3063 tot
608 3005 780 3078 sagaci
827 3004 1051 3075 ingenio,
1076 3001 1280 3074 judicio
1307 3000 1561 3070 exquisito
1583 3039 1597 3065 ,
1627 3009 1766 3054 certa
1815 2999 2028 3052 lectione
2051 3039 2066 3064 ,

2181 1799 2311 1852 Sim.
2347 1797 2742 1864 Taelmannum,
2778 1801 2947 1872 Wolf.
2980 1802 3247 1868 Seberum,
3301 1814 3432 1868 etc.,
3471 1806 3792 1861 restitutum

2178 1891 2370 1958 integre
2397 1892 2701 1957 emendavit,
2733 1893 2786 1946 in
2806 1899 2975 1962 ‘eoque
3001 1896 3217 1965 confusa
3246 1897 3509 1962 distinJit,
3539 1909 3587 1951 et
3627 1915 3767 1952 corn-

2176 1982 2474 2046 ntodiorem,
2505 1991 2655 2053 atque
2675 1984 2962 2053 faciliorem
2986 1985 3054 2040 ad
3075 2002 3276 2041 sensum
3301 1989 3513 2042 obscura
3544 1989 3766 2059 redegit,

2177 2077 2407 2144 notisque
2439 2077 2693 2144 prioribus
2719 2078 2940 2132 aliorum
2969 2079 3190 2147 selectis,
3222 2081 3363 2134 nouis
3391 2097 3590 2150 quoque
3622 2082 3768 2135 auxit

2177 2177 2224 2220 et
2265 2167 2543 2220 illustravit
2575 2169 2741 2222 Andr.
2784 2169 2998 2223 Rivinus
3025 2169 3092 2224 D.
3126 2179 3174 2224 et
3218 2169 3337 2224 PP.
3382 2171 3595 2243 Lipsire.
3628 2170 3768 2226 £ra

2177 2257 2502 2327 Dionysiana
2524 2275 2702 2314 uncu.
2729 2260 2872 2316 ln-8.
2901 2261 3128 2317 Videtur
3141 2277 3262 2317 esse
3288 2279 3440 2317 error
3461 2263 3512 2317 in
3539 2279 3768 2318 numero

2174 2363 2427 2403 versuum
2467 2349 2556 2418 qui
2590 2350 2641 2403 in
2687 2351 2876 2419 primis
2904 2352 3231 2407 editionilms
3252 2352 3441 2408 deesse
3468 2355 3763 2410 dicuntur:

2176 2442 2348 2497 solum
2375 2445 2518 2497 enim
2549 2443 2926 2499 desiderantur
2953 2445 3019 2501 58
3042 2445 3248 2515 versuis,
3279 2463 3400 2502 cum
3428 2450 3618 2502 Adami
3646 2464 3768 2514 pcr-

2175 2542 2350 2587 calum
2379 2532 2717 2598 describitur,
2741 2543 2796 2588 et
2825 2551 2960 2589 unus
2992 2551 3182 2591 versus
3213 2553 3333 2593 cum
3367 2537 3614 2594 formatio
3639 2540 3768 2594 Ειπε

2178 2631 2444 2676 narratur.
2479 2623 2702 2678 Scilicet
2735 2623 2786 2678 in
2835 2625 3069 2681 editione
3099 2627 3387 2683 Moreliana
3426 2638 3552 2684 sunt
3576 2643 3768 2684 versus

2177 2711 2306 2777 575,
2358 2713 2410 2767 in
2449 2713 2826 2769 Sir‘mondiana
2861 2716 2964 2772 654
3002 2729 3200 2786 ρηειει·
3231 2720 3448 2790 Eugenii
3481 2722 3769 2790 praefatio-

2177 2817 2320 2858 nem.
2337 2803 2599 2874 Leyserns
2622 2805 2674 2860 in
2691 2806 2888 2861 lli~tor.
2907 2817 3049 2877 poet.
3083 2809 3242 2865 medii
3269 2811 3488 2883 navim
3513 2812 3660 2868 hunc
3683 2830 3768 2869 er-

2176 2909 2354 2950 rorem
2380 2894 2681 2965 castigavit,
2718 2897 2806 2966 qtti
2828 2898 2987 2953 simul
3029 2910 3178 2955 notat
3216 2901 3424 2956 admitti
3468 2919 3572 2957 non
3603 2920 3769 2974 posse

2175 2985 2316 3055 quod
2347 2986 2396 3039 in
2417 2986 2606 3042 eadem
2648 2987 2824 3044 fronte
2853 2988 2973 3044 libri
3009 2991 3222 3056 dicitur,
3247 3006 3388 3046 anno
3417 2993 3678 3049 vicesimo
3701 2998 3769 3050 ab

497 3061 753 3157 industiia
783 3061 960 3168 ﬁdeli,
997 3061 1323 3149 monumenta
1345 3061 1494 3147 tineis
1520 3104 1693 3161 erepta
1719 3094 1911 3146 merita:
1931 3092 2076 3146 laudi
2107 3061 2154 3124 Ο
2189 3093 2331 3134 anno
2360 3079 2489 3135 1651
2526 3083 2756 3150 primum
2782 3082 3044 3151 p'odiisse
3075 3085 3439 3154 Dracontium,
3466 3103 3627 3156 opera
3653 3089 3769 3144 Sir.

499 3204 824 3266 posterorum
853 3189 1101 3253 restituit,
1133 3197 1188 3241 ut
1209 3203 1326 3240 cum
1350 3202 1534 3240 nomen
1563 3188 1674 3258 ejus
1695 3185 1913 3239 hominis
1940 3200 2073 3254 prae-

500 3293 715 3359 ferentes
743 3300 856 3356 ego,
901 3297 1025 3351 quos
1066 3279 1338 3349 quotannis
1376 3278 1451 3332 bis
1481 3279 1780 3349 accipimus,
1812 3279 2075 3348 catalogos

499 3376 697 3436 uideam
727 3375 994 3438 librarios,
1028 3389 1131 3426 non
1157 3373 1347 3442 possim
1371 3387 1474 3424 non
1501 3370 1758 3424 exsultare
1785 3371 1996 3442 gaudio,
2029 3381 2074 3423 et

500 3489 683 3528 nouam
718 3472 889 3524 anme
910 3483 1020 3520 meo
1052 3464 1282 3518 ltetitiam
1307 3462 1371 3516 de
1391 3461 1560 3515 adhuc
1582 3463 1826 3531 incogniti
1853 3462 2076 3532 alicujus

501 3565 770 3636 scriptoris
809 3559 1021 3615 lectione
1049 3555 1304 3625 polliceri.
1338 3553 1460 3608 Non
1496 3553 1694 3607 turbent
1723 3569 1812 3607 nos
1841 3554 1892 3606 in
1927 3553 2078 3606 laude

503 3670 546 3714 st
595 3652 1030 3710 commendatione
1075 3649 1231 3719 hujus
1277 3648 1372 3699 uiri
1417 3646 1622 3716 ingenia
1670 3645 1924 3708 malivola,
1964 3661 2078 3714 qua:

502 3748 778 3819 pueritiam
830 3741 1110 3814 aliquando
1161 3748 1407 3800 nostram,
1447 3754 1563 3790 cum
1588 3736 1655 3789 ad
1678 3737 1932 3804 praeconia
1982 3737 2075 3790 de-

504 3842 744 3904 buissent,
765 3837 1078 3906 detorquere
1117 3832 1385 3885 uoluerunt
1415 3829 1482 3881 ad
1514 3829 1875 3883 insectationes
1913 3829 2078 3883 Itami-

504 3952 648 4002 ntmt,
677 3921 944 3986 doctorum
966 3929 1104 3995 licet,
1129 3942 1227 3980 non
1255 3933 1421 3980 tamen
1450 3926 1506 3977 id
1528 3925 1581 3977 in
1601 3923 1864 3994 religionis
1895 3935 2079 3978 nostra:

505 4025 898 4080 circumstantiis
927 4020 1280 4080 sentientium,
1315 4017 1448 4085 quod
1469 4016 1592 4085 ipsis
1613 4018 1873 4070 ridebatur
1904 4020 2077 4085 defen-

505 4119 724 4172 dendum
743 4133 762 4182 ;
793 4133 891 4168 non
941 4111 1193 4166 deerimus
1237 4125 1328 4161 nos
1366 4107 1496 4160 mori
1526 4108 1764 4160 candoris
1795 4118 2000 4171 nostra,
2033 4119 2078 4161 et

505 4211 738 4262 uirtutem
764 4206 1100 4259 clarissimam
1140 4203 1350 4256 summis
1381 4198 1646 4270 plausibus
1676 4215 2041 4269 prosequamur
2061 4242 2076 4265 ,

506 4301 579 4354 sic
600 4300 683 4368 [iet
703 4341 716 4363 ,
750 4305 802 4350 ut
817 4297 883 4349 ad
912 4312 1002 4348 nos
1029 4298 1184 4347 etiam
1207 4294 1268 4345 de
1291 4293 1516 4345 bonitate
1548 4301 1719 4345 nostra
1750 4291 1948 4361 fructus
1979 4309 2077 4346 non

505 4387 898 4446 contemnendus
924 4385 1095 4438 redeat
1118 4429 1131 4452 ,
1161 4385 1385 4437 incitatis
1409 4382 1516 4454 47
1545 4383 1788 4436 nimirum
1814 4383 1916 4436 illis
1941 4399 2076 4450 prte-

507 4481 661 4536 claris
689 4480 807 4532 uiris
834 4478 902 4530 ad
924 4475 1294 4546 persistendum
1333 4477 1385 4528 in
1410 4477 1644 4528 instituto
1667 4491 1780 4539 suo,
1814 4476 1950 4544 quod
1978 4492 2077 4529 non

506 4570 744 4644 frustrari
798 4570 992 4622 meritis
1044 4568 1246 4623 uideant
1293 4567 1584 4638 praeconiis.
1637 4568 1781 4631 lla-c,
1834 4567 2078 4636 quamvis

506 4664 768 4736 longiora,
800 4662 885 4716 vel
906 4661 959 4715 in
987 4660 1254 4716 Sirmondi
1286 4660 1533 4730 gratiam,
1564 4659 1648 4714 vel
1679 4660 1729 4714 in
1765 4661 2075 4715 nonnullam

507 4759 676 4815 nostri
712 4752 911 4810 laboris
938 4751 1453 4806 commendationem
1486 4752 1656 4806 libens
1684 4751 1863 4806 attuli.

575 4847 664 4903 60.
705 4845 900 4900 Octava
931 4841 1098 4897 editio
1115 4855 1255 4895 anno
1285 4839 1444 4905 1624,
1476 4842 1526 4894 in
1557 4842 1853 4911 appendice
1882 4842 2078 4898 Biblio-

505 4945 674 4997 theca;
703 4938 917 4993 Patrum
943 4948 1039 5004 per
1061 4933 1412 5002 Margarinum
1438 4933 1505 4988 de
1535 4933 1581 4987 la
1615 4935 1800 5003 Bigne,
1832 4935 2070 5004 Parisiis,

505 5047 625 5104 pag.
653 5031 777 5094 8'57,
806 5042 922 5098 qute
951 5023 1192 5095 quamvis
1222 5031 1341 5091 post
1361 5023 1704 5078 Sirmondum
1725 5025 1882 5092 facta,
1903 5028 2076 5083 adhuc

505 5135 683 5180 tamen
716 5119 1055 5177 Dracontium
1097 5115 1339 5170 mutilum
1387 5131 1452 5170 ex
1506 5117 1742 5172 editione
1781 5121 2073 5178 bloreliana

508 5222 874 5284 repraesentat.
903 5209 1104 5266 Eodem
1136 5205 1294 5262 modo
1323 5221 1541 5261 recusus
1573 5218 1654 5262 est
1683 5209 2001 5269 Dracontius
2023 5216 2074 5271 in

507 5304 836 5360 Bibliotheca
859 5302 1074 5356 Patrum
1105 5298 1328 5354 Parisiis
1357 5297 1516 5362 16M,
1547 5309 1677 5354 tom.
1706 5302 1836 5367 Vill,
1869 5317 1921 5359 et
1958 5323 2077 5360 tur-

506 5411 599 5450 sus
634 5394 764 5448 ibid.
793 5393 1101 5457 1654,10m.
1133 5389 1269 5458 Vlll,
1302 5391 1347 5444 si
1387 5400 1562 5444 tamen
1594 5391 1820 5448 diversa.-
1847 5395 1928 5448 hae
1957 5405 2081 5451 sunt

506 5485 790 5553 editiones,
814 5493 867 5539 et
888 5501 992 5539 non
1024 5483 1138 5539 sola
1157 5486 1326 5552 prima
1354 5482 1499 5537 frons
1521 5483 1813 5540 discrimen
1841 5488 2075 5554 praefert.

507 5577 743 5630 Primum
773 5577 1052 5648 exemplar
1082 5577 1190 5632 vidi
1227 5592 1348 5648 ego,
1383 5575 1612 5634 alterum
1642 5576 1841 5650 _ltig'us
1885 5581 1979 5636 lib.
2013 5583 2079 5638 tle

507 5667 867 5724 Bibliodtecis.

2177 3172 2359 3227 mondi
2392 3173 2678 3241 posteriori
2719 3173 2854 3228 libro
2886 3185 3120 3230 auctum.
3151 3175 3346 3231 Verum
3381 3177 3432 3232 id
3462 3179 3577 3248 ipse
3610 3180 3766 3234 ltivi-

2178 3280 2277 3321 nus
2302 3266 2698 3333 animadvertit,
2739 3277 2793 3322 et
2834 3269 3091 3338 trigesimo
3122 3285 3218 3340 pro
3251 3270 3492 3339 vigesimo
3518 3273 3765 3328 correxit

2178 3359 2231 3412 in
2275 3355 2382 3412 ﬁne
2425 3357 2582 3412 libri:
2616 3359 2812 3415 melius
2840 3361 3169 3416 correxisset
3212 3363 3470 3433 trigesimo
3515 3365 3765 3418 secundo.

2177 3449 2235 3505 ln
2262 3450 2442 3506 libello
2463 3453 2662 3523 exiguo
2692 3453 2841 3507 multi
2876 3469 2972 3509 nec
3002 3454 3147 3510 leves
3173 3454 3476 3526 lmjusmodi
3515 3465 3768 3527 typogra-

2179 3542 2321 3613 phici
2351 3558 2566 3599 errores
2613 3543 2972 3613 irrepserunt,
3016 3546 3157 3616 quod
3195 3547 3346 3602 libris
3387 3548 3441 3603 in
3478 3549 3766 3605 Germania

2179 3634 2341 3689 editis
2370 3637 2501 3690 satis
2532 3634 2784 3706 frequens
2810 3647 2910 3692 est.
2943 3637 3192 3693 Editores
3222 3640 3438 3710 quidem
3468 3657 3686 3697 causam
3713 3641 3765 3695 in

2180 3725 2446 3780 nundinas
2470 3728 2738 3795 proximas
2766 3736 2818 3782 et
2847 3728 3164 3798 bibliopolas
3197 3742 3447 3800 urgentes
3471 3731 3656 3804 solent
3682 3748 3765 3787 reo

2176 3818 2377 3886 jicere;
2405 3820 2497 3874 sed
2523 3836 2627 3875 non
2652 3822 2768 3876 sine
2796 3837 2988 3893 magno
3014 3833 3315 3896 emptorum
3339 3827 3537 3882 damno
3562 3844 3762 3883 morem

2181 3909 2546 3966 venditoribus
2576 3923 2814 3979 gerunt:
2853 3922 2912 3968 ut
2947 3915 3090 3969 enim
3133 3925 3281 3972 recte
3327 3918 3404 3973 ait
3447 3917 3762 3975 Dracontius

2183 3999 2279 4054 lib.
2315 4015 2352 4065 ι,
2381 4017 2523 4054 vt-rs.
2552 4003 2674 4070 615,

2305 4111 2492 4163 Damna
2527 4113 2680 4164 aliena
2705 4113 2866 4164 solent
2891 4116 3090 4166 aliorum
3118 4118 3250 4168 lucra
3275 4112 3480 4183 parare:

2183 4213 2406 4268 Rivinus
2453 4223 2630 4270 tamen
2677 4232 2866 4287 magna
2910 4233 2977 4274 ex
3023 4230 3174 4289 parte
3201 4236 3296 4277 eos
3335 4237 3550 4278 terrores
3581 4225 3632 4278 in
3665 4224 3762 4280 line

2183 4307 2303 4362 libri
2330 4308 2658 4365 emendavit.
2693 4309 2796 4365 Sed
2830 4311 2880 4364 in
2921 4311 3018 4366 hac
3053 4315 3163 4382 ipsa
3191 4313 3336 4371 serie
3360 4331 3605 4372 errorum
3631 4332 3761 4386 quos

2183 4399 2421 4467 corrigit,
2445 4399 2624 4467 plures
2653 4400 2742 4454 alii
2771 4401 2894 4456 novi
2921 4413 3240 4474 occurrunt,
3271 4415 3328 4460 ut
3348 4407 3493 4461 serio
3517 4408 3760 4476 inspexe‘

2185 4489 2282 4544 ritn
2305 4505 2373 4544 an
2397 4490 2532 4545 alius
2556 4501 2700 4546 esset
2719 4493 2876 4548 index
2901 4495 2992 4564 qui
3008 4495 3076 4550 de
3098 4495 3179 4550 bis
3201 4498 3480 4552 erroribus
3500 4510 3755 4555 moneret.

2181 4581 2528 4650 Conjecturas
2548 4583 2722 4638 Rivini
2752 4585 2804 4639 in
2838 4586 3181 4644 Dracontium
3209 4591 3320 4645 suis
3338 4591 3468 4646 locis
3489 4592 3755 4658 indicabo;

2179 4690 2313 4745 quas
2345 4675 2616 4731 interdum
2657 4677 2959 4746 probabiles
2985 4695 3129 4750 esse,
3171 4683 3264 4738 sed
3308 4683 3624 4753 plerumque
3658 4699 3752 4737 non

2181 4766 2532 4832 necessarias,
2562 4768 2717 4824 facile
2741 4769 2914 4839 quivis
2931 4771 3339 4831 animadvertat.
3361 4775 3649 4848 Leyserus,
3672 4776 3752 4844 qui

2180 4857 2556 4912 collectionem
2590 4868 2866 4930 poetarum
2896 4863 3058 4919 medii
3102 4867 3204 4920 (δνί
3237 4867 3484 4936 parabat,
3519 4877 3575 4922 ut
3602 4867 3754 4924 refert

2185 4952 2237 5005 in
2270 4951 2395 5007 hist.
2427 4967 2636 5019 eorum,
2671 4955 3012 5012 Dracontium
3031 4968 3222 5028 quarto
3252 4961 3370 5015 loco
3413 4976 3483 5016 ex
3531 4961 3749 5016 editione

2186 5040 2359 5095 ltivini
2407 5044 2666 5100 recudere
2704 5048 3074 5105 constituerat.
3115 5051 3220 5107 Sed
3251 5052 3445 5108 cllecm
3475 5053 3646 5109 caruit
3674 5053 3752 5106 ille

2185 5139 2493 5202 apparatus.

2259 5224 2348 5280 62.
2383 5225 2602 5281 Decima
2637 5228 2800 5284 editio
2845 5245 2987 5287 anno
3031 5233 3188 5299 1677,
3218 5235 3270 5289 in
3303 5235 3631 5292 Bibliotheca
3661 5235 3752 5290 Pa-

2191 5324 2329 5370 trum
2362 5315 2602 5385 Lugduni
2630 5328 2759 5375 tom.
2788 5322 2957 5389 lX,ex
2989 5339 3052 5380 ea
3073 5341 3230 5396 quam
3258 5326 3580 5384 Srmondus
3607 5328 3752 5382 ador-

2188 5419 2428 5463 navarat.

2262 5499 2350 5551 65.
2404 5497 2696 5555 Undecima
2741 5503 2908 5560 editio
2949 5505 3110 5572 1696,
3161 5507 3300 5562 inter
3345 5511 3449 5563 alia
3498 5506 3751 5566 Sirmondi

2175 5605 2348 5658 opera
2382 5592 2555 5648 in-fol.
2589 5605 2718 5650 tom.
2749 5598 2808 5663 Il,
2831 5615 2956 5653 cura
2988 5601 3170 5657 Jacobi
3195 5603 3263 5659 de
3293 5604 3340 5658 la
3367 5605 3568 5674 Baune,
3591 5604 3677 5675 qui
3708 5603 3752 5655 in

2194 5683 2510 5753 praefatione
2535 5697 2585 5744 et
2609 5688 2676 5746 ad
2708 5694 2999 5762 marginem
3032 5695 3301 5760 Dracontii
3333 5700 3578 5768 quaedam
3603 5697 3754 5753 adno-
