4030 6170
188 305 276 359 635

1518 289 2044 354 PROLEGOMENA.

3321 289 3426 378 est

187 415 313 471 tavit.
343 411 584 484 Repetita
605 418 686 466 est
716 409 830 464 haec
855 407 1022 463 editio
1041 408 1279 463 Venetiis
1305 406 1443 462 1728
1463 421 1584 462 cum
1608 421 1738 460 non-
1767 404 1816 465 Α
1846 373 2092 460 immense
2121 406 2262 461 Deus
2288 420 2307 460 :
2338 405 2391 461 iu
2437 406 2597 476 editis
2641 421 2784 462 nunc
2829 405 3048 479 legitur,
3096 407 3209 484 Rea
3247 373 3428 463 (eterna

191 506 328 562 nullis
378 503 523 559 notis
562 501 628 556 ad
675 487 1026 556 'Dracont'um
1059 516 1124 555 ex
1152 489 1490 554 Adversariis
1540 499 1744 554 Bartbii
1805 499 1811 516 '

189 597 308 668 typis
350 580 731 649 Bartholomtei
773 591 1067 656 Gavarina;
1100 599 1154 646 et
1195 606 1380 646 rursus
1422 589 1549 644 ibid.
1587 591 1744 658 1778,

189 687 310 757 quod
340 685 535 741 alicubi
564 692 802 739 notatum
835 682 957 752 legi.

253 780 335 834 σι.
372 775 695 832 Duodecima
725 774 889 828 editio
921 788 1063 828 anno
1108 772 1270 838 1775,
1322 772 1372 826 in
1414 770 1746 826 Bibliotheca

197 873 388 927 Patrum
421 868 686 923 Gallandii
718 881 844 920 cura
875 872 928 920 et
965 865 1160 930 studio,
1207 863 1446 920 Venetiis
1492 864 1558 916 ab
1607 877 1748 916 anno

195 962 314 1020 1765
335 969 392 1015 et
417 974 567 1028 seqq.
600 958 892 1028 publicata,
925 949 1070 1011 tome
1100 955 1172 1010 IX
1202 955 1302 1009 hoc
1327 971 1472 1014 anno
1502 951 1640 1009 1775
1661 969 1757 1008 ex-

194 1070 322 1110 cuso.
352 1051 661 1107 Gallandius
686 1051 875 1106 br’evvs
897 1050 1202 1104 notationes
1230 1049 1435 1104 addidit
1472 1037 1756 1103 Dracontio

191 1164 246 1201 es
268 1145 500 1213 Bartbio,
521 1145 721 1199 Baunio
742 1144 947 1199 cditore
963 1159 1190 1214 operum
1218 1143 1511 1208 Sirmondi,
1535 1153 1589 1198 et
1614 1143 1760 1196 lieu-

196 1253 400 1296 manno.

254 1331 337 1386 65.
375 1329 588 1385 Decima
630 1328 790 1384 tertia
822 1327 988 1384 editio
1022 1343 1164 1382 anno
1211 1325 1371 1394 1782,
1417 1328 1556 1382 inter
1595 1340 1759 1396 Opera

194 1421 400 1478 Patrum
431 1423 809 1478 Toletanorum
849 1419 919 1476 ad
964 1421 1184 1478 codices
1215 1436 1346 1478 mss.
1381 1422 1676 1495 recognita,
1707 1427 1762 1475 et

193 1516 455 1571 nonnullis
485 1515 627 1569 notis
655 1513 930 1568 illustrata
967 1512 1078 1584 49
1105 1529 1291 1583 opera,
1337 1512 1675 1576 auctoritate,
1707 1519 1764 1566 et

192 1607 441 1678 expensis
484 1606 898 1662 eminentissimi
938 1605 1224 1660 cardinalis
1253 1604 1526 1660 Francisci
1557 1603 1624 1659 de
1655 1603 1762 1658 Lo-

194 1717 413 1757 renzana
430 1699 820 1769 archiepiscopi
833 1699 1099 1765 Toletani,
1115 1696 1483 1769 Hispaniarum
1501 1697 1761 1768 primatis,

1855 499 2013 580 Deus.
2045 499 2139 556 llla
2185 500 2301 574 ipsa
2330 500 2508 554 oratio
2537 499 2758 576 Eugenii
2799 499 3040 576 episeopi
3086 499 3330 560 Toletani
3379 501 3432 555 in

1851 595 2095 665 catalogo
2123 609 2254 648 mss.
2287 594 2627 650 bibliothecae
2645 594 2802 664 regiae
2831 593 3151 649 Parisiensis
3172 595 3433 649 indicatur

1853 685 2037 741 codice
2069 687 2194 752 528,
2216 687 2338 740 cod.
2361 685 2524 761 2085,
2557 686 2676 740 cod.
2696 686 2854 741 537i.
2887 685 2942 740 lu
2972 687 3156 761 codice
3183 687 3434 742 Vaticano

1856 778 2222 834 Alexandrino
2247 777 2383 832 1560
2411 760 2504 832 aut
2530 777 2672 832 2078
2705 787 2919 832 exstant
2937 778 3184 846 quaedam
3213 778 3435 848 Eugenii

1857 855 2118 935 carmina,
2148 877 2202 924 et
2226 869 2363 936 inter
2388 870 2492 923 alia
2525 870 2705 923 Oratio
2725 871 2953 938 ejusdem
2977 868 3214 937 Eugenii,
3241 885 3359 938 qua:
3383 870 3435 922 in

1859 947 2131 1017 nonnullis
2160 961 2338 1016 verbis
2359 945 2629 1028 discrepat
2653 961 2720 1014 ah
2747 961 2982 1014 editione
3008 943 3322 1026 Matritensi,
3342 959 3438 1015 sed

1860 1054 1914 1110 in
1941 1035 2168 1109 'duobus
2214 1054 2399 1122 primis
2436 1053 2685 1110 versibus
2715 1069 2836 1108 cum
2880 1069 2941 1108 ea
2974 1041 3265 1109 consentit.
3300 1053 3437 1109 Ven.

1861 1147 2149 1204 cardinalis
2176 1147 2498 1201 Thomasius
2525 1146 2577 1200 in
2609 1161 2707 1200 suo
2739 1145 3030 1216 llymnario
3048 1145 3292 1201 eamdem
3320 1159 3441 1199 mae

1776 1239 1778 1241 ’
1863 1241 2065 1296 tionem
2095 1239 2270 1295 edidit
2297 1239 2398 1292 sub
2425 1238 2647 1307 Eugenii
2693 1237 2936 1293 Toletani
2984 1238 3228 1297 nomine.
3259 1237 3344 1292 cui
3375 1238 3442 1293 ab

1864 1333 2089 1388 Alcuino
2120 1332 2172 1386 iu
2221 1330 2416 1386 officiis
2456 1345 2552 1400 per
2584 1329 2745 1385 ferias
2786 1329 2984 1384 ascribi
3025 1329 3441 1398 animadvertit:

1866 1425 1990 1497 legit
2009 1432 2212 1490 autem,
2240 1421 2352 1477 Rex
2378 1420 2534 1488 Deus,
2567 1422 2802 1476 immensi
2840 1437 2939 1492 quo
2979 1429 3178 1476 constat
3206 1420 3444 1475 machina

1865 1517 2064 1583 mundi,
2119 1514 2270 1582 Quod
2318 1515 2474 1569 miser
2515 1513 2760 1585 imploro,
2803 1522 2859 1567 tu
2897 1511 3097 1569 Christe
3137 1514 3322 1585 perﬁce
3346 1511 3445 1568 ειε-

1864 1622 2004 1661 mens
2011 1648 2024 1660 .

2460 1695 2686 1752 CAPUT
2725 1695 2840 1751 VII.

197 1791 405 1860 Matriti,
431 1792 567 1862 apud
597 1791 930 1847 Joachimum
951 1779 1159 1854 lbarra:
1176 1789 1350 1846 in-fol.
1379 1789 1548 1845 Tomo
1579 1790 1616 1855 Ι,
1643 1804 1762 1859 pag.

1890 1811 2142 1866 Dracontii
2171 1811 2272 1864 duo
2295 1810 2493 1864 codices
2529 1825 2651 1864 mss.
2695 1809 3006 1863 bibliotheca:
3039 1807 3320 1874 Vaticana,
3351 1825 3450 1864 cte-

197 1883 276 1951 54,
301 1894 517 1940 exstant
552 1884 817 1938 Dracontii
845 1883 1008 1938 libelli
1040 1882 1105 1937 ad
1136 1881 1377 1937 codicem
1409 1885 1767 1950 Azagrensem

198 1975 472 2045 rccOguiti,
515 1974 849 2029 variantibus
877 1973 1198 2029 lectionibus
1224 1975 1446 2044 margini
1497 1973 1770 2041 ascriptis.

196 2067 388 2123 Tomus
421 2066 463 2122 ll
500 2067 654 2136 prodi
685 2076 702 2120 t
743 2067 941 2121 ibidem
981 2082 1123 2120 anno
1169 2065 1328 2122 1785.
1364 2064 1772 2135 Elegantissima

196 2170 268 2216 est
295 2160 415 2215 haec
442 2159 609 2215 editio
640 2160 857 2213 Patrum
885 2158 1288 2223 Toletanorum,
1320 2173 1387 2212 ex
1412 2172 1517 2229 qua
1543 2156 1777 2226 singula-

199 2267 300 2307 rem
355 2252 586 2306 editoris
630 2251 1041 2306 eminentissimi
1099 2250 1421 2317 doctrinam,
1480 2249 1775 2318 meritaque

199 2343 350 2414 plane
382 2343 584 2398 eximia
625 2343 677 2396 in
721 2342 1112 2396 ecclesiasticas
1158 2341 1365 2396 litteras
1409 2340 1560 2396 facile
1605 2333 1783 2410 poenis

202 2451 530 2506 agnoscere:
562 2435 650 2503 qui
685 2451 782 2489 nos
813 2435 972 2513 etiam
996 2435 1268 2505 exemplo,
1299 2449 1421 2503 ope,
1457 2434 1626 2501 libris,
1645 2448 1779 2501 quos

201 2527 378 2597 plures
419 2527 537 2596 ipse
575 2541 725 2593 suos,
763 2526 1099 2597 aliorumque
1146 2527 1197 2580 in
1245 2525 1452 2594 publica
1498 2525 1780 2580 commoda

201 2619 336 2689 typis
359 2619 616 2689 vu'gavit,
647 2633 724 2687 ac
742 2618 990 2673 litteratis
1015 2617 1320 2672 hominibus
1350 2617 1493 2672 dono
1515 2617 1682 2680 dedit.
1713 2617 1781 2672 ad

202 2713 309 2766 lucc
337 2720 581 2765 veterum
615 2711 829 2765 Patrum
864 2717 1208 2764 monumenta
1237 2709 1553 2763 illustrauda
1581 2709 1781 2764 excita-

199 2804 290 2858 vit.
336 2803 610 2858 Dracontii
661 2803 899 2858 carmina
929 2802 1070 2857 edita
1103 2801 1259 2856 simul
1288 2812 1410 2856 sunt
1440 2817 1562 2854 cum
1589 2799 1785 2855 carmi-

199 2891 353 2949 nibus
381 2893 611 2964 aliisque
632 2891 888 2962 operibus
911 2893 970 2946 B.
1013 2891 1232 2961 Eugenii
1261 2909 1272 2944 :
1300 2901 1522 2960 utraque
1544 2891 1782 2945 auctiora

202 2983 285 3040 hic
311 2991 464 3049 sunt,
493 3000 650 3053 quam
681 2984 820 3053 apud
853 2982 1224 3048 Sirmondum,
1257 2982 1530 3052 prmcipue
1562 2980 1785 3057 Eugenii

201 3091 388 3148 opera.
1578 3081 1584 3092 ‘

270 3169 365 3224 6d.
398 3167 655 3240 Bayerins
701 3167 755 3221 in
806 3175 920 3222 not.
971 3167 1039 3221 ad
1085 3165 1220 3220 Bibl.
1265 3174 1373 3220 vet.
1406 3165 1522 3219 Nic.
1566 3162 1784 3219 Antonii

204 3259 446 3330 quamam
477 3259 695 3325 indicat,
722 3257 917 3328 quibus
934 3257 1094 3311 editio
1113 3272 1334 3327 operum
1368 3256 1590 3326 Eugenii
1612 3254 1788 3310 adhuc

206 3353 390 3425 augeri
419 3363 622 3424 posset,
654 3353 795 3407 inter
819 3347 940 3422 quae
967 3350 1152 3416 refert,
1171 3350 1438 3405 recenseri
1472 3350 1524 3403 in
1556 3348 1787 3403 Historia

209 3450 550 3508 bibliotheca:
583 3447 944 3512 Cottoniante,
993 3461 1113 3517 pag.
1165 3445 1256 3511 55,
1295 3444 1398 3500 col.
1447 3443 1503 3508 2,
1546 3443 1786 3497 codicem

209 3543 454 3599 Psalterii
486 3541 726 3597 Davidici
757 3550 880 3594 ante
918 3539 1065 3594 mille
1103 3548 1158 3594 et
1202 3537 1432 3606 amplius
1469 3549 1639 3590 annos
1665 3549 1790 3590 esa-

209 3645 407 3703 ratnm,
455 3636 541 3691 cui
586 3643 803 3688 assutus
847 3629 1157 3701 quintcrnio
1196 3629 1328 3683 satis
1377 3626 1632 3694 antiquus
1669 3639 1790 3679 cum

212 3729 502 3800 rpigraphe
528 3769 544 3793 ,
602 3726 780 3781 Oratio
827 3724 1046 3796 Eugenii
1095 3721 1329 3776 Toletani
1370 3720 1591 3774 versibus
1618 3733 1637 3772 :
1675 3731 1795 3785 quae

213 3821 422 3890 incipit,
442 3819 550 3873 Rea:
574 3818 709 3872 Deus
729 3819 992 3879 immense,
1010 3831 1108 3884 quo
1126 3823 1321 3867 constat
1342 3812 1578 3865 machina
1595 3808 1794 3873 mundi,

215 3913 373 3978 Quod
396 3910 548 3968 miser
578 3912 818 3981 imploro,
859 3920 910 3962 tu
940 3906 1134 3962 Christe
1160 3908 1346 3976 perﬁce
1377 3905 1613 3957 clemens.
1638 3899 1798 3955 Addit

218 4005 480 4076 Bayerius
503 4003 619 4058 haec
647 4018 751 4056 non
785 4000 1042 4054 abludere
1087 3998 1154 4053 ab
1187 3996 1410 4067 Eugenii
1442 3995 1683 4048 Toletani
1710 4007 1795 4061 ge-

215 4095 334 4152 nio.
361 4094 733 4163 Verejudicat,
762 4091 862 4146 nisi
887 4091 1026 4160 quod
1060 4089 1330 4158 Ettgenius
1356 4085 1534 4158 pntius
1555 4085 1798 4146 dixisset,

218 4188 426 4242 Christe
451 4197 503 4240 tu
535 4188 718 4254 perﬁce
741 4187 980 4247 clemens,
1007 4183 1091 4237 vel
1121 4182 1226 4237 alio
1255 4181 1434 4247 modo,
1467 4195 1534 4234 ne
1560 4178 1801 4233 ultimam

218 4278 274 4333 in
310 4277 506 4334 Christe
526 4279 666 4332 nulla
700 4277 906 4331 ratione
936 4274 1274 4345 produceret.
1305 4274 1408 4329 Sed
1432 4273 1685 4343 Bayerius
1713 4269 1807 4326 ob-

220 4387 445 4426 servare
472 4371 644 4441 potuit
676 4369 814 4424 hanc
860 4369 1029 4438 ipsam
1061 4368 1359 4421 orationem
1388 4364 1492 4433 legi
1527 4363 1666 4416 inter
1690 4376 1810 4416 car-

221 4463 378 4516 mina
414 4461 632 4530 Eugeuii
666 4471 772 4515 tam
804 4460 856 4514 in
887 4457 1125 4514 editione
1157 4457 1257 4511 hac
1285 4454 1602 4515 Matritensi,
1648 4467 1806 4520 quam

225 4556 280 4608 in
317 4554 724 4617 Siruiondiana;
755 4553 866 4606 imo
893 4565 1014 4606 esse
1048 4549 1274 4616 primum
1319 4544 1541 4614 Eugenii
1589 4557 1808 4598 carmen

227 4658 359 4714 post
387 4647 538 4715 prwfa
556 4647 780 4701 tionem.
816 4643 940 4704 [line
968 4651 1143 4696 tamen
1169 4649 1251 4694 est
1272 4629 1651 4706 discrepantia,
1670 4635 1809 4704 quod

229 4736 440 4805 primus
462 4750 646 4792 versus
666 4737 718 4791 in
747 4734 830 4789 his
848 4733 1175 4790 editionibus
1203 4731 1274 4786 ita
1302 4731 1492 4785 habet:
1520 4728 1631 4782 Rea:
1651 4727 1809 4795 Deus,

228 4831 467 4883 immensi
485 4847 583 4900 quo
609 4837 805 4883 constat
818 4827 1054 4882 machina
1070 4825 1246 4880 mundi
1270 4841 1288 4879 :
1311 4821 1577 4879 secundus
1593 4834 1812 4876 versus:

234 4919 395 4985 Quod
423 4925 570 4979 miser
599 4919 863 4994 Eugenius
903 4936 1074 4993 porco,
1106 4930 1160 4972 tu
1190 4918 1376 4990 perﬁce
1395 4916 1632 4970 clemens.
1664 4911 1816 4979 Quod

230 5013 588 5070 reformatum
635 5015 829 5084 opinor
855 5013 921 5068 ad
949 5028 1101 5067 usum
1133 5011 1504 5090 ecclesiarum,
1543 5005 1596 5060 in
1627 5004 1822 5075 quibus

232 5124 305 5163 ea
334 5112 492 5165 oratio
516 5111 831 5173 cauebatur,
879 5123 1052 5177 neque
1092 5107 1374 5177 oportebat
1402 5106 1695 5176 Eugenium
1721 5120 1821 5160 no-

233 5201 459 5266 minari,
489 5219 610 5258 cum
643 5203 784 5255 alius
825 5216 922 5271 pro
952 5215 1012 5255 se
1041 5208 1239 5255 oraret.
1275 5199 1448 5254 Aliter
1475 5199 1821 5254 reformatum

234 5303 339 5347 est
363 5296 491 5364 apud
524 5297 834 5351 Browerum
866 5295 918 5349 in
953 5295 1058 5348 fine
1101 5302 1345 5348 notarum
1387 5293 1453 5348 ad
1501 5292 1822 5348 Venautium

234 5386 617 5456 Fortunatam,
652 5388 803 5454 Quod
835 5389 988 5442 miser
1013 5387 1250 5455 imploro,
1289 5404 1381 5457 per
1419 5384 1680 5440 Christum
1711 5403 1824 5454 per-

234 5479 354 5544 fice
379 5483 526 5536 mitis.
559 5482 829 5551 Quasdam
860 5483 990 5536 alias
1025 5482 1310 5536 varietates
1355 5481 1406 5534 in
1453 5479 1662 5547 reliqua
1703 5495 1826 5533 ora-

237 5573 402 5629 tione
429 5577 529 5650 50
555 5581 844 5632 observare
872 5575 997 5630 licet
1025 5574 1160 5642 apud
1196 5574 1526 5632 Browcrum.
1568 5573 1621 5627 In
1657 5573 1828 5641 primo

241 5679 415 5718 versu
451 5659 625 5722 verius
653 5677 781 5736 puto
811 5667 919 5720 Rex
953 5664 1087 5717 Deus
1132 5664 1393 5729 immense,
1439 5679 1560 5734 quo.
1591 5661 1825 5731 Epistula

247 5755 550 5827 Dracontii,
583 5771 638 5816 ut
671 5761 723 5815 in
749 5774 876 5815 mss.
912 5737 1424 5828 Vaticanisdegitur,
1466 5755 1677 5827 inc’pit,
1718 5753 1828 5808 Rex

1943 1883 2065 1938 teris
2093 1884 2365 1947 auctiores,
2389 1897 2605 1951 quorum
2630 1881 2778 1934 nulla
2807 1880 2998 1935 mentio
3025 1879 3165 1951 apud
3193 1879 3343 1934 alios.
3393 1885 3395 1887 ’

1944 1998 2034 2052 67.
2071 1996 2338 2051 llactenus
2367 1994 2434 2049 de
2467 1994 2750 2048 Dracontio
2779 2007 2898 2062 qum
2922 1993 3011 2047 alii
3043 1991 3342 2047 docuerunt
3363 2008 3454 2048 ex-

1875 2092 2027 2161 posui
2053 2108 2067 2144 :
2097 2089 2338 2158 sequitur
2367 2097 2424 2143 ut
2445 2088 2659 2143 codices
2689 2086 2823 2162 duos
2853 2086 3158 2152 Vaticanos,
3192 2101 3220 2141 a
3244 2087 3458 2141 nomine

1876 2190 2028 2237 antea
2054 2182 2301 2244 collatos,
2343 2195 2486 2236 nunc
2516 2177 2845 2257 describam.
2895 2169 3106 2233 Primus
3145 2189 3230 2233 est
3269 2177 3460 2234 biblio—

1879 2275 2048 2328 thecae
2089 2266 2364 2328 Urbina'tis
2409 2287 2559 2325 num.
2613 2268 2741 2336 552,
2792 2271 3232 2325 membranaceus
3279 2267 3458 2323 in-l‘ol.

1879 2363 2136 2426 maximo,
2151 2360 2548 2432 elegantissime
2567 2368 2620 2415 et
2640 2360 2821 2415 multis
2846 2359 3257 2415 versicoloribus
3273 2360 3464 2416 litteris

1879 2464 2152 2510 exaratus.
2179 2449 2352 2522 Opera
2384 2453 2434 2506 in
2466 2467 2533 2507 eo
2563 2453 2709 2506 varia
2733 2453 3098 2527 continentur,
3122 2468 3239 2522 quae
3266 2453 3320 2506 in
3351 2452 3466 2520 pul-

1881 2543 2156 2600 cherrimo
2181 2543 2388 2598 circulo
2418 2543 2572 2598 initio
2605 2542 2726 2596 libri
2754 2544 2974 2612 prafixo
2997 2544 3198 2598 circum
3231 2543 3467 2614 undique

1883 2635 2113 2714 indicata
2143 2643 2286 2688 sunt.
2325 2633 2380 2687 In
2412 2634 2516 2688 fine
2556 2643 2687 2687 tetas
2716 2633 2917 2687 codicis
2945 2634 2998 2688 et
3040 2647 3234 2688 nomen
3264 2633 3468 2687 exscri-

1885 2728 2054 2798 ptoris
2081 2711 2372 2782 adnotatur
2398 2725 2482 2780 his
2506 2726 2685 2780 verbis
2709 2742 2724 2779 :
2758 2711 3038 2780 Federicus
3074 2725 3353 2779 Vcteranus
3374 2724 3470 2780 Ur-

1887 2823 2031 2876 binas
2079 2819 2401 2887 transcripsit
2445 2835 2582 2872 anno
2611 2805 2793 2872 salutis
2837 2834 3166 2873 MCCCCLXXXI
3209 2818 3284 2872 id.
3331 2817 3467 2888 Aug.

1888 2911 2261 2968 Pulcherrima
2291 2911 2498 2966 litteras
2527 2909 2793 2965 formabat
2820 2909 3118 2965 Veteranus
3148 2927 3160 2962 :
3186 2924 3356 2980 neque
3387 2919 3470 2963 ta-

1892 3021 2016 3059 men
2061 3002 2178 3072 ejus
2227 3016 2425 3056 nomen
2471 3000 2632 3056 video
2663 3001 2804 3080 inter
2833 3000 3192 3070 exscriptores
3226 3000 3472 3055 codicum

1813 3129 1860 3192 ϐ
1892 3093 2232 3150 biblimhecae
2277 3089 2658 3148 Laurentianac
2695 3105 2724 3143 a
2767 3090 3035 3146 Bandinio
3065 3090 3356 3161 diligenter
3383 3105 3475 3144 re-

1891 3185 2146 3240 censitos.
2170 3184 2400 3253 Operum
2419 3198 2538 3254 qua:
2552 3181 2724 3237 codex
2749 3181 3125 3250 complectitur
3141 3195 3246 3254 non
3272 3188 3476 3236 tantum

1891 3277 2133 3331 ordinem
2165 3274 2420 3341 referam,
2452 3289 2640 3330 verum
2671 3274 2836 3328 etiam
2861 3273 3104 3329 notitiam
3133 3273 3367 3344 aliquam
3391 3288 3479 3346 ex-

1891 3367 2111 3422 hibcbo.

1965 3457 2054 3513 68.
2088 3457 2269 3512 Primo
2322 3455 2441 3510 loco
2485 3457 2723 3511 occurrit
2751 3455 3175 3510 Anticlaudianus
3225 3455 3288 3510 de
3337 3454 3480 3510 beato

1897 3549 2089 3615 Puero,
2115 3550 2262 3603 nullo
2291 3547 2526 3603 auctoris
2550 3549 2784 3603 indicato
2815 3550 3030 3604 nomine
3062 3551 3113 3604 in
3145 3549 3358 3614 codice;
3385 3547 3481 3604 sed

1896 3651 2102 3695 constat
2129 3655 2248 3696 esse
2277 3639 2501 3693 Alanum
2532 3640 2799 3707 Magnum,
2830 3640 2898 3694 de
2919 3656 3026 3707 quo
3046 3650 3206 3708 agunt
3230 3640 3482 3696 Baillctus

1898 3737 1953 3791 in
1973 3735 2110 3791 libro
2126 3734 2192 3789 de
2209 3733 2433 3800 Scriptis
2452 3733 2554 3805 51
2573 3732 2714 3795 Anti,
2733 3741 2784 3787 et
2807 3731 3084 3787 Fabricius
3107 3733 3159 3786 in
3184 3731 3320 3786 Bibl.
3338 3731 3481 3786 med.

1901 3835 1956 3881 et
1983 3826 2077 3881 inf.
2101 3825 2218 3879 Lat.
2245 3824 2447 3879 Novem
2477 3813 2617 3878 'suut
2647 3813 2790 3887 libri,
2819 3836 2953 3891 quos
2984 3822 3084 3896 sub
3111 3823 3212 3876 hoc
3234 3821 3384 3875 titulo
3422 3823 3488 3877 de

1903 3921 2047 3974 beato
2079 3917 2250 3972 Puero
2293 3932 2320 3970 a
2357 3916 2572 3969 nemine
2605 3913 2850 3968 laudatos
2879 3913 3012 3968 vidi.
3047 3911 3155 3966 Etsi
3181 3919 3360 3965 autem
3391 3911 3485 3964 ali

1904 4012 2058 4065 aliter
2089 4018 2300 4080 putant,
2333 4021 2510 4063 tamen
2543 4007 2808 4063 assentior
2834 4006 2918 4062 his
2955 4005 3044 4075 qui
3074 4005 3344 4059 aﬁirmant
3369 4018 3488 4078 car-

1907 4119 2030 4158 men
2073 4102 2142 4157 ab
2191 4109 2412 4156 auctore
2461 4101 2894 4154 Anticlaudianus
2937 4097 3103 4152 fuisse
3148 4096 3488 4173 inscriptum,

1908 4197 2028 4266 quia
2059 4193 2413 4249 Claudianum
2443 4191 2670 4255 imitari,
2701 4189 2820 4259 ejus
2849 4190 3056 4246 scilicet
3083 4189 3280 4260 stylum
3313 4187 3492 4258 expri-

1911 4303 2059 4344 mere
2088 4297 2312 4342 conatus
2335 4296 2436 4352 eSt,
2470 4292 2527 4339 ut
2566 4283 2648 4340 vel
2687 4298 2751 4338 es
2792 4277 2984 4354 primis
3021 4283 3269 4338 versibus
3318 4280 3496 4351 co'ligi

1914 4389 2089 4452 potest
2113 4398 2126 4434 :

2040 4473 2262 4539 Auctoris
2288 4466 2728 4539 men_d_icots_tylutn,
2755 4465 3079 4539 phalerasque
3104 4470 3284 4528 poetze,

2036 4535 2111 4584 Ne
2135 4547 2244 4583 mea
2269 4533 2483 4596 segnitie
2516 4530 2620 4581 Clio
2643 4530 2840 4591 deiecta
2860 4535 3104 4578 senescat.

1915 4641 2098 4712 Neque
2117 4641 2255 4695 enim
2281 4639 2388 4693 anti
2409 4651 2622 4705 semper
2640 4645 2814 4690 contra
2835 4635 2889 4690 in
2910 4636 3327 4703 compositiones
3347 4631 3504 4704 signi.

1919 4735 2040 4789 ficat
2072 4752 2086 4786 :
2119 4735 2197 4808 sic
2240 4731 2596 4792 ἀντιϐασιλεὺς
2644 4744 2751 4782 non
2793 4738 2875 4782 est
2915 4737 3102 4782 contra
3149 4743 3360 4799 regem.
3409 4726 3504 4782 sed

1925 4842 2152 4899 prores,
2187 4825 2268 4881 vel
2298 4826 2386 4895 qui
2418 4823 2560 4894 regis
2591 4822 2768 4879 locum
2797 4822 3024 4878 obtinet.

1995 4921 2087 4978 69.
2116 4916 2524 4974 Anticlattdiano
2550 4914 2788 4970 succedit
2819 4916 3032 4969 Arator.
3062 4911 3168 4969 Sed
3195 4925 3314 4968 cum
3345 4909 3507 4979 hujus

1925 5013 2162 5070 carmina
2202 5024 2322 5065 cum
2363 5009 2462 5063 hoc
2503 5016 2559 5063 et
2587 5007 2706 5062 aliis
2743 5005 3020 5061 codicibus
3048 5001 3399 5066 contulerim,
3439 4999 3510 5054 de

1927 5121 1992 5161 eo
2021 5100 2318 5159 disserendi
2347 5100 2498 5155 locus
2521 5098 2870 5169 opportunior
2891 5112 2996 5152 non
3021 5094 3220 5162 deerit,
3243 5097 3302 5145 ut
3328 5104 3508 5160 spero.

1929 5199 2156 5254 Tantum
2206 5192 2439 5249 monebo
2489 5193 2717 5246 duorum
2767 5191 3023 5246 librorum
3074 5183 3508 5246 distinctionem,

1929 5306 2048 5363 qua:
2089 5290 2142 5344 in
2180 5287 2301 5342 aliis
2342 5283 2622 5341 codicibus
2659 5296 2909 5353 expressa
2947 5285 3065 5343 est,
3099 5275 3154 5332 in
3199 5275 3301 5330 hoc
3331 5274 3514 5331 codice

1936 5398 2042 5437 non
2075 5392 2352 5449 apparere.

2011 5473 2099 5529 70.
2149 5471 2275 5525 Post
2326 5470 2609 5525 Aratorem
2655 5471 2869 5520 exstant
2921 5457 3110 5530 Ᾰεέςορί
3158 5457 3367 5530 apologi
3415 5457 3518 5513 hoc

1937 5563 2297 5633 titulozEsopi
2324 5561 2540 5633 Phrygii
2578 5557 2812 5621 Fabulce,
2840 5555 2990 5608 dicta:
3017 5551 3245 5625 apalogi,
3271 5551 3520 5606 traductae

1935 5659 1988 5712 in
2014 5657 2241 5725 linguam
2270 5651 2509 5706 Latinam
2535 5648 2803 5716 incipiunt.
2845 5644 3164 5702 Laurentius
3196 5643 3522 5716 Zaccagnius

1938 5765 2096 5806 manu
2125 5763 2219 5804 sua
2251 5745 2391 5801 hanc
2422 5751 2600 5800 notam
2630 5741 2856 5813 margini
2881 5739 3114 5813 adjecit:
3149 5739 3324 5799 Venio
3346 5753 3521 5796 aucto-
