4030 6170
215 386 302 445 657

1581 382 2105 440 PROLEGOMENA.

3373 399 3453 453 εδδ

214 501 383 554 socium
421 505 467 550 et
507 495 748 550 amicum.
794 496 920 552 Post
962 495 1096 550 hanc
1141 495 1544 564 inscriptionem
1591 496 1776 566 incipit
1805 504 1852 556 A
1883 495 2207 566 Contingere
2231 500 2390 554 etiam
2423 501 2593 569 potuit
2617 509 2673 555 ut
2703 487 2918 558 carmen
2949 503 3241 572 Dracontii,
3269 523 3335 566 ex
3363 511 3455 564 lti-

213 594 357 661 t'lcgia
382 589 446 644 ad
478 588 858 659 Vespasianum
889 606 901 641 :

319 705 355 756 Ο
387 713 550 752 custos
572 703 716 752 animi
744 701 950 764 Pylades
981 715 1110 751 nunc
1143 701 1265 751 alter
1289 699 1450 764 Oresti

373 765 581 827 Cognite
605 777 734 825 sape
761 762 878 812 mihi
901 762 1201 826 Vespasiane
1226 762 1352 813 vale.

213 869 454 928 Scribitur
485 867 693 921 Pilades
716 877 767 920 et
793 866 1020 920 IIoresti.
1048 866 1172 921 Post
1201 865 1424 935 elegiam
1444 905 1457 930 ,
1482 880 1600 934 qum
1633 864 1775 918 viccs

213 960 394 1033 prologi
425 958 593 1028 gerit,
623 957 812 1023 incipit
840 972 1053 1011 carmen
1080 973 1094 1009 :

316 1070 402 1135 llle
428 1084 543 1135 ego,
568 1071 648 1131 qui
677 1071 811 1135 tenui
839 1068 1113 1135 modulatus
1131 1071 1340 1135 carmina
1369 1070 1546 1135 culmo,

317 1130 758 1190 Eurydices’ci-cini
784 1131 1024 1190 quondam
1049 1145 1197 1192 grave
1226 1130 1422 1190 vulnus,
1446 1139 1498 1180 et
1520 1133 1659 1190 iram,

318 1195 633 1253 lnlernosque
652 1192 782 1239 lacus
806 1191 1030 1252 linquens
1050 1196 1230 1253 majore
1251 1195 1490 1242 cothurno

316 1257 495 1304 Punica
521 1251 646 1300 bella
671 1253 834 1311 simul,
861 1251 911 1301 et
935 1261 1097 1302 mutua
1124 1251 1322 1301 vulnera
1341 1257 1506 1313 gentis

315 1317 558 1370 Ausoniae,
575 1314 811 1375 l’umique
836 1315 972 1362 ducis
991 1328 1099 1363 cum
1124 1315 1226 1362 dira
1248 1317 1433 1373 paravit

315 1379 532 1428 Pessima
556 1376 836 1438 Tesiphone
866 1377 1104 1438 bellorum
1129 1379 1348 1438 semina:
1385 1376 1471 1423 sed
1497 1387 1624 1424 nunc

317 1439 582 1488 [inmensos
607 1436 755 1488 aestus
781 1437 993 1500 Cereris,
1017 1437 1286 1499 longosque
1309 1436 1565 1486 labores...

208 1543 272 1596 ita
302 1557 458 1612 porro
485 1546 654 1612 pergit
678 1553 1050 1611 argumentum
1086 1555 1412 1610 proponens.
1442 1540 1498 1594 ln
1529 1539 1633 1595 line
1659 1541 1770 1609 epi-

208 1635 430 1704 taphium
459 1635 560 1687 hoc
585 1634 779 1702 legitur
805 1653 816 1685 :

313 1725 470 1774 Sicula
497 1738 574 1772 me
599 1726 773 1784 genuit
799 1723 1168 1781 tellus,nutrivit
1190 1725 1339 1769 amica

367 1785 523 1834 Terra
546 1783 647 1833 suis
668 1785 900 1842 Calabris,
929 1785 1072 1832 Itonia
1097 1785 1304 1830 cadaver
1330 1783 1490 1832 hal‘et.

315 1846 514 1896 Exsulat
541 1861 565 1894 a
593 1849 739 1908 patria
759 1859 953 1907 corpus,
981 1859 1073 1893 non
1095 1845 1309 1901 exsulet,
1336 1857 1440 1905 ora,

377 1908 576 1963 Lector,
601 1911 662 1956 ab
686 1916 885 1957 auctore
905 1909 1104 1969 Spiritus
1130 1909 1362 1969 ipsesuo.

312 1971 525 2032 Spiritus
550 1974 599 2018 in
636 1971 791 2018 varias
815 1967 944 2032 aurai
965 1968 1077 2016 dum
1102 1967 1287 2029 prosdit
1310 1967 1520 2027 umbras,

369 2031 620 2080 Tristitias
644 2032 802 2092 liquit.
827 2031 1012 2092 hospita
1037 2037 1190 2087 terra,
1217 2038 1339 2092 tuas.

311 2092 408 2141 Sed
442 2095 638 2154 repetit,
668 2091 842 2152 lector,
869 2091 996 2153 quod
1024 2093 1169 2154 terris
1192 2093 1234 2137 at
1253 2091 1372 2137 thdit
1396 2095 1528 2138 arcto

368 2151 641 2216 Tempore,
666 2168 762 2216 quo
779 2151 936 2203 tutum
961 2167 1038 2201 ine
1064 2151 1186 2208 fore,
1213 2163 1397 2213 quaso,
1423 2162 1562 2211 roga.

206 2237 295 2309 55
319 2237 392 2292 lta
422 2239 520 2292 hos
548 2238 843 2292 versiculos
865 2236 1076 2304 sciipsi,
1111 2234 1356 2309 mundam
1398 2234 1564 2309 verba
1604 2231 1772 2286 corri-

204 2305 318 2376 gens
349 2326 361 2362 :
397 2324 520 2362 nam
568 2309 825 2376 scriptum
873 2316 990 2362 eiat
1029 2322 1170 2358 vers.
1206 2307 1239 2358 '5
1280 2321 1380 2357 non
1421 2305 1618 2356 exsulat
1657 2319 1769 2366 ora,

206 2394 331 2433 vers.
361 2381 399 2434 4
432 2380 495 2432 ab
526 2389 717 2441 actore,
748 2379 890 2447 quod
925 2386 1101 2430 tamen
1135 2376 1350 2447 retineri
1393 2383 1596 2441 posset,
1628 2387 1770 2427 vers.

205 2447 251 2514 5,
277 2449 501 2518 SpTritus
520 2450 571 2502 in
598 2440 752 2501 auras
766 2440 932 2503 rarius
955 2447 1074 2500 dum
1089 2440 1604 2514 prwfuiluntbras,et
1628 2455 1770 2497 vers.

203 2518 251 2584 7,
277 2529 387 2573 arto
415 2535 513 2588 pro
541 2530 700 2573 arcto.

263 2614 342 2667 75.
366 2612 655 2683 Anonymo
686 2609 770 2664 isti
803 2619 972 2677 poetae
1001 2609 1114 2664 sive
1154 2608 1356 2674 Siculo,
1404 2605 1518 2661 sive
1547 2603 1775 2658 Calabro

202 2704 429 2759 succedit
459 2703 511 2756 in
537 2703 721 2756 codice
749 2700 938 2754 Bmini
971 2700 1252 2754 Mombritii
1297 2699 1365 2752 ad
1386 2697 1766 2750 sanctissimum

203 2795 452 2847 dominum
477 2793 698 2863 Syxtum
729 2802 964 2862 quartum
990 2807 1244 2843 summum
1272 2789 1559 2860 pontiﬁcem
1582 2788 1644 2841 de
1669 2787 1774 2838 Do-

203 2887 374 2938 minica
430 2885 668 2954 passione
713 2884 839 2936 liber
882 2885 1098 2953 primus.
1149 2881 1328 2949 Elegia
1359 2881 1425 2933 ad
1469 2878 1775 2948 pontiﬁcem

204 2976 393 3046 prologi
449 2976 568 3030 loco
613 2985 732 3031 est:
767 2975 1010 3044 sequitur
1058 2987 1274 3027 carmen
1321 2971 1616 3034 heroicum,
1649 2983 1777 3023 con-

203 3074 336 3119 sttns
370 3081 472 3120 sex
515 3063 689 3128 libris,
719 3065 785 3118 de
811 3079 940 3134 quo,
985 3064 1060 3117 uti
1095 3063 1162 3117 de
1198 3070 1419 3116 auctore
1461 3061 1578 3130 ipso
1608 3059 1777 3113 videri

205 3165 366 3221 potest
416 3155 634 3211 Sassius
668 3155 870 3208 llistor.
913 3165 1122 3225 typogr.
1166 3153 1454 3207 Mcdiolan.
1497 3166 1618 3220 pag.
1652 3149 1778 3206 146.

1879 591 2064 657 spania
2091 591 2140 644 in
2162 590 2394 646 Africam
2419 592 2676 660 delatum,
2702 595 2840 648 inter
2867 596 3144 665 Augustini
3169 600 3276 670 53
3301 601 3456 655 sche-

1878 682 1973 736 das
2004 693 2273 749 repertum
2301 685 2460 738 alicui
2492 700 2708 740 causam
2739 688 3062 744 inscribendi
3098 696 3330 748 nominis
3356 697 3456 748 Au-

1876 775 2070 843 gustini
2103 777 2406 843 prmbucrit.
2444 778 2524 832 Ob
2553 779 2755 834 similes
2794 795 2952 834 casus
2985 782 3136 849 plura
3163 799 3322 851 opera
3355 787 3453 840 Pa-

1879 867 2066 930 tribus,
2097 882 2320 935 quorum
2354 884 2481 922 vere
2507 885 2614 923 non
2640 881 2814 935 erant,
2843 873 3090 926 attributa
3124 890 3267 940 Sn'pe
3305 887 3451 929 sunt.

1955 961 2042 1014 77.
2088 961 2252 1014 Multo
2293 976 2424 1014 vero
2473 963 2642 1029 magis
2678 973 2758 1016 est
2809 954 3130 1028 mirandum,
3179 966 3450 1020 Dracontii

1874 1065 2087 1120 poema,
2126 1050 2226 1104 sub
2267 1051 2469 1104 Aurelii
2510 1049 2796 1120 Augustini
2839 1054 3053 1106 nomine
3095 1054 3447 1123 descriptum,

1872 1143 2204 1212 diligentiam
2239 1143 2506 1199 editorum
2544 1144 2600 1199 S.
2632 1145 2935 1212 Augustini,
2974 1148 3270 1214 praesertim
3302 1147 3450 1201 Mau-

1876 1235 2112 1289 rinorum
2155 1234 2225 1290 ita
2259 1234 2476 1304 fugisse,
2513 1245 2570 1290 ut
2600 1237 2806 1289 nullum
2853 1238 2919 1291 de
2952 1252 3018 1291 eo
3063 1238 3280 1291 verbum
3313 1237 3450 1293 fece-

1873 1327 2001 1382 rint.
2034 1326 2330 1396 Oportebat
2374 1327 2516 1380 enim
2564 1329 2769 1381 moneri
2806 1328 3059 1394 lectores,
3095 1342 3304 1383 exstare
3335 1331 3450 1398 qui-

1873 1417 1993 1470 dem
2021 1416 2385 1485 hujuscemodi
2417 1432 2631 1472 carmen
2660 1418 2735 1472 sic
2767 1418 3104 1488 inscriptum,
3139 1421 3231 1473 sed
3265 1422 3448 1490 Angu-

1873 1513 2068 1564 stiuum
2093 1518 2366 1564 auctorem
2391 1525 2496 1565 non
2524 1524 2663 1564 esse.
2691 1510 2872 1578 Neque
2901 1511 2950 1564 in
2977 1511 3089 1580 ipsa
3119 1512 3446 1567 Bibliotheca

1873 1602 2313 1657 bibliothecarum
2346 1618 2475 1658 mss.
2511 1602 2910 1667 Montl'auconii,
2941 1613 3032 1656 aut
3073 1605 3124 1656 in
3151 1604 3268 1658 aliis
3297 1606 3449 1659 simi-

1874 1693 2014 1748 libus
2042 1692 2298 1763 catalogis
2329 1694 2610 1762 vestigium
2641 1694 2794 1762 hujus
2823 1695 3083 1762 poematis
3111 1695 3324 1748 invenio
3355 1701 3448 1748 aut

1875 1784 2181 1847 Dracontio,
2221 1793 2314 1837 aut
2343 1784 2565 1838 Aurelio
2598 1784 2893 1850 Augustino
2922 1785 3159 1852 ascripti.
3188 1783 3448 1837 Motttiau—

1801 1865 1846 1924 B
1874 1879 2060 1930 con’ns
2106 1876 2158 1928 in
2201 1874 2519 1929 bibliotheca
2557 1877 2804 1929 Vaticana
2838 1877 3034 1944 regina:
3083 1877 3289 1931 Suecize
3325 1877 3442 1931 cod.

1880 1969 2014 2023 1556
2043 1979 2430 2023 commemorat
2458 1968 2647 2022 Versus
2672 1971 2945 2039 Augustini
2977 1983 3023 2023 et
3052 1971 3376 2041 llirronymi,
3397 1980 3452 2024 et

1874 2074 2060 2113 rursus
2083 2059 2204 2113 cod.
2232 2060 2391 2124 1587,
2423 2059 2665 2114 Carmina
2697 2063 2941 2115 nonnulla
2961 2064 3252 2132 Augustini,
3275 2063 3453 2117 Plate-

1873 2150 1974 2215 nis,
2009 2150 2163 2212 Aviti,
2198 2149 2415 2203 Jnvenci
2441 2160 2488 2204 et
2516 2149 2816 2207 Fortunati.
2853 2153 3046 2207 Verum
3074 2153 3127 2206 hi
3155 2157 3304 2221 pauci
3333 2155 3452 2224 qui-

1874 2242 1993 2296 dam
2033 2243 2284 2298 versiculi
2323 2244 2572 2298 videntur
2605 2260 2726 2300 esse
2773 2246 2863 2314 qui
2907 2246 3007 2299 sub
3035 2246 3313 2315 Augustini
3360 2261 3456 2300 no-

1875 2333 2017 2386 mine
2045 2333 2100 2387 in
2128 2333 2248 2388 aliis
2271 2335 2432 2388 etiam
2461 2335 2722 2405 catalogis
2757 2337 3083 2390 indicantur.
3129 2336 3288 2392 Liber
3314 2337 3456 2405 ejus-

1875 2424 1995 2479 dem
2024 2424 2082 2480 S.
2105 2425 2386 2495 Augustini
2419 2427 2486 2480 de
2511 2430 2717 2483 orando
2739 2429 2848 2482 Deo
2872 2428 2936 2482 ad
2965 2429 3215 2495 Probam,
3247 2429 3455 2483 Hexae-

1876 2535 2060 2573 meron
2105 2519 2242 2588 ejvs,
2268 2528 2322 2574 et
2351 2532 2603 2588 excerpta
2647 2537 2709 2576 ex
2746 2523 2847 2575 hoc
2877 2537 3041 2589 opere
3082 2522 3148 2576 ad
3185 2523 3454 2576 Dracontii

1874 2626 2062 2681 poema
2093 2611 2244 2666 nullo
2273 2611 2431 2665 modo
2457 2613 2706 2665 attinent.
2738 2611 2793 2666 ln
2834 2613 3153 2666 bibliotheca
3181 2613 3455 2667 Son-Ger-

1877 2708 2120 2762 manensi
2183 2707 2614 2762 Moull’aUConius
2669 2722 2788 2775 pag.
2855 2707 2990 2762 “'25
3053 2707 3290 2761 codicem
3353 2707 3457 2760 123

1876 2800 2136 2860 enuntiat,
2163 2798 2248 2851 tibi
2281 2807 2405 2851 sunt
2427 2799 2484 2852 S.
2521 2797 2788 2851 Ambrosii
2826 2811 2963 2865 opus
2995 2797 3056 2850 de
3081 2797 3448 2861 Sacramentis,

1879 2888 1936 2945 S.
1973 2889 2247 2960 Augustini
2279 2888 2535 2959 quaedam,
2579 2887 2870 2940 Ilildebrrti
2908 2884 3307 2940 Cenomanensis
3348 2889 3457 2952 epi-

1877 2983 2018 3053 scopi
2060 2998 2231 3036 versus
2270 2984 2332 3035 de
2360 2980 2489 3035 Deo.
2520 2980 2704 3049 Neque
2742 2980 2792 3033 in
2842 2980 2924 3033 his
2957 2978 3203 3034 versibus
3240 2992 3458 3032 carmen

1880 3073 2148 3128 Dracontii
2183 3071 2406 3140 intelligi
2445 3070 2644 3125 debet:
2679 3086 2799 3124 nam
2835 3071 2973 3123 inter
3017 3070 3306 3124 llildeberti
3340 3082 3460 3122 car-

1882 3167 2024 3220 mina
2067 3165 2207 3220 edita
2241 3164 2390 3218 multi
2422 3171 2549 3216 sunt
2576 3177 2785 3229 versus,
2814 3161 2904 3230 qui
2947 3175 3012 3215 eo
3036 3161 3188 3214 titulo
3219 3159 3461 3229 insigniri

204 3243 431 3300 carmen
461 3247 530 3300 de
560 3246 812 3316 Passione
843 3245 1109 3300 dominica
1132 3245 1196 3298 ad
1232 3244 1458 3316 Syxmm
1483 3241 1549 3298 Ν
1577 3243 1777 3296 editum
1805 3226 1849 3289 Ο
1886 3266 2123 3326 possent.
2170 3254 2472 3308 Istiusmodi
2507 3226 2888 3323 inscriptiones
2931 3255 2992 3304 de
3033 3251 3137 3306 Deo
3167 3251 3304 3319 apud
3330 3226 3464 3318 poe-

206 3337 289 3393 luit
311 3338 598 3394 Mediolani
622 3354 760 3391 anno
783 3339 936 3393 1481.
969 3337 1300 3407 Prmeipuum
1327 3335 1614 3390 Mombritii
1644 3348 1778 3403 opus

205 3441 316 3485 sunt
344 3432 484 3487 Viue
514 3440 843 3497 sanctorum,
890 3431 1044 3500 cujus
1096 3429 1283 3492 editio,
1317 3429 1382 3482 ab
1415 3428 1533 3497 ipso
1571 3427 1779 3480 duobus

206 3523 559 3579 voluminibus
585 3525 758 3578 in-tol.
785 3523 1015 3593 vulgata,
1044 3521 1320 3592 splendida
1355 3530 1460 3586 est,
1487 3533 1628 3587 rara,
1664 3533 1779 3572 ma-

205 3633 234 3685 g
255 3632 403 3681 :oqne
442 3634 581 3673 nunc
610 3632 772 3685 opere
802 3618 1050 3686 qumsita.

267 3707 352 3762 76.
378 3710 722 3763 Postremum
757 3710 929 3761 locum
963 3709 1014 3759 in
1053 3706 1154 3758 hoc
1180 3703 1367 3758 codice
1388 3710 1624 3769 occupat
1651 3699 1782 3754 Dra-

205 3802 434 3867 contius,
466 3799 559 3854 sed
590 3799 690 3854 θυι)
731 3799 834 3851 alio
867 3800 1103 3852 nomine.
1139 3796 1226 3850 Sic
1251 3796 1394 3848 enim
1425 3809 1640 3848 carmen
1670 3793 1782 3860 ejus

207 3889 518 3946 inscribitur
547 3891 642 3944 fol.
671 3891 775 3946 ‘2“0
804 3906 818 3943 :
853 3889 1125 3960 Augustini
1145 3889 1208 3942 de
1234 3887 1363 3942 Deo.
1389 3886 1584 3939 Aurelii
1613 3887 1783 3956 Auguc

205 3982 320 4034 stini
352 3982 425 4036 de
459 3981 565 4036 Deo
593 3981 719 4035 liber
747 3983 925 4050 incipit
969 3981 1202 4050 feliciter.
1251 3979 1316 4032 Et
1347 3979 1399 4032 in
1433 3977 1536 4031 line
1567 3994 1578 4028 :
1611 3973 1782 4028 Finis.

204 4072 262 4126 Α.
298 4075 579 4145 Augustini
601 4075 665 4127 de
696 4073 828 4126 Dro.
867 4074 931 4127 Et
959 4073 1101 4126 illico
1131 4073 1414 4126 adnotatur
1435 4068 1786 4137 exscriptoris

208 4182 340 4220 tte-tn»
366 4186 432 4234 n,
465 4177 519 4221 rt
553 4169 659 4221 dixi
695 4183 840 4220 num.
872 4157 962 4227 (i7,
998 4181 1170 4234 neque
1201 4165 1346 4218 aliud
1380 4164 1430 4217 in
1476 4163 1577 4216 hoc
1601 4162 1786 4215 codice

205 4261 463 4313 occurrit.
507 4259 639 4313 Cum
675 4267 842 4312 totum
891 4260 992 4311 hoc
1039 4272 1252 4310 carmen
1299 4255 1366 4309 de
1409 4256 1517 4309 Deo
1549 4255 1787 4307 Dracon-

207 4347 330 4402 tiutn
364 4361 642 4404 siuetoretn
671 4359 824 4404 certo
861 4331 1076 4411 haheat,
1108 4357 1164 4400 ιιι
1201 4363 1322 4400 mox
1367 4345 1668 4411 ostendam,
1700 4361 1788 4397 stt-

205 4455 593 4508 pervaeanenm
622 4442 690 4493 sit
717 4455 958 4509 qumrere
988 4453 1084 4492 cur
1123 4454 1316 4491 nomen
1351 4434 1652 4504 Augustini.
1679 4450 1786 4488 non

208 4531 482 4587 Dracontii
519 4533 781 4599 pra-ferat.
828 4531 1030 4584 Passim
1069 4529 1210 4582 enim
1261 4529 1313 4581 in
1347 4543 1476 4580 mss.
1509 4523 1784 4579 codicibus

204 4624 254 4676 id
280 4625 488 4685 evenit,
523 4633 576 4677 ut
621 4625 779 4676 unius
816 4637 952 4690 Opus
995 4621 1148 4674 alteri
1180 4621 1491 4690 aﬂingatur;
1533 4618 1683 4687 cujus
1716 4618 1788 4672 rei

211 4715 294 4768 illa
324 4716 627 4784 sa'pisiine
653 4729 813 4768 causa
843 4723 946 4780 est,
985 4713 1124 4781 quod
1161 4712 1360 4765 librarii
1393 4711 1593 4780 antiqui
1626 4710 1791 4762 multa

208 4820 369 4872 Opera
408 4805 461 4859 iu
502 4821 665 4858 unum
715 4804 964 4858 volumen
1023 4802 1436 4870 compingebant
1474 4810 1528 4854 et
1568 4798 1786 4853 commi-

211 4898 453 4952 scebant.
488 4897 618 4950 llinc
663 4897 854 4950 laetum
899 4895 997 4949 l'uit
1028 4903 1085 4946 ut
1125 4894 1438 4961 plerumque
1471 4901 1677 4954 auctor,
1706 4890 1796 4960 qui

211 4992 422 5058 primus
447 4990 757 5059 apparebat,
798 4999 991 5042 caetera
1021 4987 1297 5056 sequentia
1323 4986 1504 5039 omnia
1542 4999 1704 5052 opera
1728 4983 1796 5035 ab

211 5082 331 5136 aliis
355 5083 670 5137 crederetur
690 5081 1012 5144 confecisse,
1038 5078 1336 5147 praesertim
1366 5077 1491 5146 quia
1523 5075 1792 5130 interdum

207 5176 450 5228 auctoris
482 5190 674 5228 nomen
699 5185 790 5227 aut
809 5173 1063 5226 omissum
1093 5172 1286 5234 fuerat,
1315 5179 1409 5224 aut
1438 5170 1692 5238 temporis
1717 5169 1796 5222 in-

209 5265 348 5334 juria
383 5267 552 5320 aliove
597 5280 724 5320 casu
748 5264 1002 5319 deletum.
1041 5265 1292 5319 Fortasse
1322 5262 1481 5317 etiam
1509 5262 1791 5315 Dracontio

209 5375 420 5411 nomen
445 5359 537 5412 fuit
567 5359 838 5422 Aurelius,
873 5356 1014 5426 quod
1051 5357 1116 5410 ab
1147 5357 1329 5425 aliquo
1377 5353 1595 5408 librario
1626 5355 1794 5406 solum

211 5449 369 5514 operi
421 5451 686 5515 praeﬁxum
726 5447 1068 5503 occasionem
1109 5447 1227 5501 aliis
1257 5446 1486 5508 dederit,
1525 5455 1580 5499 ut
1621 5445 1794 5500 Aure-

212 5536 348 5591 lium
377 5541 728 5608 Augu~tinum
758 5554 881 5595 esse
900 5539 1288 5594 existimarent.
1313 5539 1465 5604 Quod
1498 5539 1641 5592 enim
1668 5541 1799 5590 lira-

211 5632 441 5684 centius
476 5633 574 5687 alia
609 5635 772 5688 etiam
823 5634 1039 5687 nomina
1080 5632 1348 5698 habuerit,
1393 5647 1455 5686 cs
1498 5646 1646 5685 more
1683 5630 1800 5699 ejus

214 5721 486 5788 temporis
524 5725 784 5794 arguitur,
829 5739 938 5793 quo
978 5724 1122 5776 viros
1162 5722 1374 5778 nobiles
1419 5732 1652 5790 quatuor
1709 5730 1802 5776 aut

213 5814 468 5884 quinque
490 5818 790 5887 nominibus
819 5816 1115 5887 appellatos
1143 5814 1306 5871 fuisse
1330 5824 1664 5885 compertum
1693 5822 1795 5870 est.

1882 3359 1963 3402 tas
2001 3346 2336 3400 Christianos
2369 3345 2547 3413 plures
2579 3345 2840 3410 invenies,
2882 3353 2938 3396 ιιι
2979 3357 3168 3396 versus
3201 3341 3460 3396 Victorini

1885 3438 2258 3502 Pictaviensis,
2289 3437 2401 3490 sive
2433 3436 2584 3490 Fabii
2610 3435 2759 3489 Marii
2794 3433 3052 3488 Victorini
3094 3433 3232 3496 Afri,
3257 3435 3338 3486 cui
3372 3449 3458 3486 rc-

1882 3529 2022 3584 ctius
2053 3528 2384 3589 tribuuntur,
2417 3526 2478 3578 de
2509 3523 2634 3578 Jrsu
2663 3523 2865 3578 Christo
2900 3523 3002 3577 Deo
3027 3536 3068 3577 et
3097 3522 3319 3576 nomine.
3345 3522 3464 3575 Car-

1885 3636 2004 3674 men
2036 3620 2098 3671 de
2130 3618 2236 3672 Deo
2265 3617 2468 3669 nomine
2498 3616 2810 3682 inscriptum
2843 3615 3011 3669 edidit
3040 3615 3200 3669 etiam
3229 3615 3463 3669 Joannes

1885 3712 2121 3780 Baptista
2178 3710 2514 3763 Mantuanus.
2575 3705 2747 3762 Simili
2806 3705 2957 3758 titulo
3021 3704 3202 3759 Didaci
3249 3705 3465 3771 Josephi

1885 3803 2074 3858 Abadii
2103 3800 2362 3856 Mexicani
2392 3799 2612 3853 (laena!
2640 3798 2777 3853 l‘180
2813 3812 2999 3866 poema
3026 3797 3217 3864 prodiit
3242 3799 3305 3851 de
3336 3797 3465 3862 Deo,

1886 3894 2094 3962 Deoque
2121 3890 2322 3944 homine
2352 3887 2616 3942 Heroica:
2648 3901 2768 3955 qua:
2798 3885 2954 3941 tertia
2989 3894 3071 3940 est
3097 3886 3262 3941 editio
3287 3887 3468 3956 operis

1887 3984 2178 4037 multorum
2206 3980 2453 4034 laudibus
2473 3978 2751 4034 celebrati.

1958 4074 2045 4129 78.
2091 4075 2206 4128 Jam
2246 4087 2378 4126 vero
2426 4071 2700 4126 Dracontii
2746 4062 2964 4125 carmen
3000 4070 3070 4124 de
3110 4071 3222 4125 Deo
3263 4071 3312 4125 in
3361 4081 3469 4125 tres

1890 4173 2066 4234 partes
2089 4166 2317 4217 divisum
2341 4173 2420 4218 est
2443 4181 2456 4215 :
2485 4163 2585 4217 etsi
2608 4162 2748 4216 enim
2776 4162 2935 4216 trium
2961 4162 3216 4215 libroruin
3242 4171 3331 4215 aut
3357 4176 3471 4229 par-

1890 4267 2017 4310 tum
2050 4257 2250 4310 mentio
2275 4271 2380 4308 non
2417 4256 2556 4308 sitin
2588 4255 2774 4308 codice
2814 4269 3089 4321 expressa,
3129 4254 3472 4323 quemadmo-

1889 4349 2012 4402 dum
2045 4349 2095 4402 in
2127 4347 2316 4402 eodem
2352 4347 2593 4400 Aratoris
2623 4345 2732 4400 duo
2765 4345 2884 4399 libri
2921 4347 3074 4401 nullo
3105 4345 3264 4400 modo
3283 4346 3466 4400 distin-

1890 4454 2144 4512 guuutur,
2172 4450 2227 4495 ιιι
2254 4439 2370 4494 dixi
2409 4456 2556 4494 num.
2585 4440 2675 4505 69,
2703 4455 2763 4495 ea
2799 4449 2976 4494 tamen
2999 4425 3271 4493 dis’tinctio
3302 4448 3355 4493 et
3386 4454 3475 4492 se-

1893 4534 2095 4602 paratio
2131 4532 2358 4601 partium
2409 4532 2674 4584 Dracontii
2727 4531 3037 4594 adhibetur,
3079 4531 3272 4585 litteris
3310 4531 3476 4584 etiam

1898 4626 1999 4697 57
2032 4625 2181 4679 initio
2219 4623 2474 4692 cujusque
2504 4623 2623 4676 libri
2666 4623 2912 4676 maxims
2944 4623 3253 4690 descriptis,
3302 4632 3354 4675 et
3389 4637 3477 4690 pe-

1897 4717 2085 4774 culiari
2132 4715 2358 4770 artilicio
2403 4715 2715 4780 elaboratis,
2772 4725 2828 4767 ut
2871 4723 2982 4769 tres
3031 4715 3195 4768 libros
3232 4713 3478 4767 distincte

1899 4825 2216 4865 enumerare
2256 4817 2616 4877 Opportunum
2659 4807 2830 4860 visum
2868 4807 3071 4861 fuerit:
3107 4809 3191 4862 cui
3232 4806 3477 4860 divisioni

1900 4904 2068 4956 series
2119 4901 2283 4969 ipsius
2322 4899 2648 4966 argumenti,
2689 4908 2744 4953 et
2782 4899 3072 4967 cujuslibet
3115 4899 3280 4967 partis
3319 4912 3473 4952 exor-

1902 4991 2047 5044 dium
2077 4989 2236 5044 favet.
2283 4989 2340 5042 In
2386 4990 2558 5058 primo
2587 4989 2724 5044 libro
2757 4999 2877 5059 post
2915 5004 3102 5044 versus
3148 4989 3248 5043 “6
3290 4989 3476 5041 eodem

1901 5084 2158 5137 orationis
2184 5083 2271 5136 iilo
2305 5081 2642 5137 connectitur
2681 5085 2916 5136 narratio
2944 5082 3009 5136 de
3038 5096 3200 5148 opere
3241 5095 3332 5133 sex
3362 5079 3475 5132 dii--

1902 5193 2042 5244 rum,
2079 5176 2258 5228 Prima
2282 5177 2391 5229 dies
2420 5192 2540 5227 nam
2569 5177 2698 5229 lucis
2724 5187 2853 5239 erat,
2884 5185 3012 5236 etc.,
3041 5190 3154 5239 qua:
3189 5172 3333 5226 edita
3370 5173 3480 5240 pri-

1902 5268 2022 5322 dem
2064 5275 2147 5321 est
2191 5245 2292 5321 su‘b
2336 5265 2490 5320 titulo
2527 5265 2879 5321 Hexaemeron
2923 5264 3186 5317 Dracontii
3212 5303 3227 5325 ,
3274 5263 3386 5317 sive
3423 5269 3484 5317 de

1908 5359 2073 5425 Opere
2097 5373 2186 5412 sea:
2221 5360 2437 5422 dierum,
2466 5357 2570 5414 hoc
2598 5359 2745 5412 initio
2771 5376 2783 5410 :
2815 5357 2990 5409 Prima
3029 5356 3133 5408 dies
3167 5355 3257 5408 tua:
3290 5365 3363 5408 est
3387 5369 3473 5410 ter-

1903 5452 1995 5515 ris,
2030 5460 2133 5505 etc.
2177 5450 2265 5505 Sic
2294 5451 2488 5505 deinde
2522 5451 2656 5504 liber
2695 5448 3030 5518 progreditur
3070 5462 3235 5516 usque
3268 5447 3332 5500 ad
3368 5464 3485 5501 ver-

1902 5557 2018 5595 sum
2052 5543 2180 5605 755,
2217 5543 2328 5610 Quo
2353 5553 2399 5596 te
2422 5541 2698 5610 promittis,
2727 5549 2856 5605 etc.,
2882 5538 2969 5593 cui
2995 5539 3154 5593 etiam
3184 5539 3484 5608 adjnngitur

1906 5632 2329 5698 hemistichium,
2385 5633 2712 5700 Omnipotens
2767 5640 2952 5683 rrterne
2999 5629 3176 5694 Deus,
3237 5642 3486 5700 tanquant

1910 5737 2103 5779 versus
2126 5735 2399 5778 extremus
2423 5722 2575 5790 primi
2604 5720 2750 5774 libri.
2783 5719 2912 5774 Post
2941 5721 3040 5774 hoc
3070 5721 3486 5786 hemistichium,

1911 5813 2316 5883 intercapedine
2343 5825 2395 5869 ct
2422 5813 2765 5870 distinctione
2789 5829 2948 5885 quam
2977 5814 3086 5871 dixi
3124 5816 3380 5880 adhibita,
3411 5819 3486 5868 in-
