4030 6170
497 260 600 316 63')

1923 251 2376 324 nnacotv'rtus.

3663 257 3772 313 MO

496 374 629 444 cipit
669 372 804 429 liber
839 370 1125 438 secundus,
1163 370 1425 434 Inventor,
1467 369 1690 440 g.‘ttitor,
1733 376 1838 422 etc.
1885 365 2078 435 verum
2112 372 2155 427 Α
2188 366 2308 420 cliis
2338 364 2461 420 158.
2495 364 2650 444 Apud
2681 363 3028 430 Sirmondum
3053 363 3228 420 solum
3251 374 3374 420 sunt
3402 366 3493 433 99,
3524 379 3772 438 postqum

497 469 628 522 satis
660 481 753 537 per
791 481 852 522 se
904 465 1068 537 liquet
1098 465 1492 519 hemistichium
1527 464 1857 535 Omnipotens
1896 473 2080 518 teterne

501 560 642 614 Dens
699 558 906 613 initium
962 572 1082 612 esse
1131 557 1250 610 libri
1302 555 1548 618 secundi,
1601 571 1706 608 non
1755 554 1912 609 linem
1961 555 2080 608 libri

502 655 656 721 primi
686 671 697 704 :
723 652 863 720 quod
899 649 1124 704 fortasse
1163 648 1232 702 ab
1260 649 1446 719 ignaro
1471 648 1688 701 librario
1721 661 1842 701 cum
1877 645 1980 700 line
2018 646 2082 698 li-

501 743 580 796 bri
614 741 769 811 primi
806 740 1152 810 conjunctum
1194 748 1296 802 est,
1329 755 1395 792 ne
1427 753 1606 800 versu,
1633 753 1792 803 quem
1835 736 2080 792 mutilum

498 843 554 890 et
582 833 950 904 imperfectum
979 832 1279 894 invenerat,
1318 829 1511 884 librum
1537 829 1829 883 secundum
1863 826 2084 882 inchoa-

499 915 602 992 ret,
635 939 806 991 eoque
831 923 991 978 modo
1015 922 1226 976 initium
1260 920 1417 988 hujus
1441 920 1558 974 libri
1588 921 1765 974 minus
1794 930 2081 974 venustum

499 1025 663 1085 atque
709 1016 926 1083 elegans
972 1012 1240 1067 redderet.
1294 1010 1454 1067 Liber
1501 1009 1789 1074 secundus,
1835 1025 2088 1080 compre-

503 1107 674 1162 henso
725 1106 826 1160 hoc
873 1104 1238 1167 hemistichio,
1278 1093 1525 1172 procedit
1554 1117 1723 1171 uSque
1766 1102 1831 1156 ad
1868 1117 2083 1157 versum

503 1198 631 1265 808,
682 1198 900 1268 Agmina
940 1196 1302 1260 condemnant,
1352 1193 1631 1248 etc.'Tum
1681 1192 1783 1246 alia
1823 1193 2086 1249 divisione

505 1293 842 1361 interposita,
869 1290 1004 1344 liber
1034 1289 1223 1344 tertius
1246 1287 1450 1357 incipit,
1478 1285 1710 1340 Luminis
1731 1286 1926 1351 teterni,
1952 1295 2083 1350 etc.,

502 1399 674 1454 usque
724 1382 790 1436 ad
844 1397 1061 1436 versum
1119 1380 1402 1442 ultimum,
1472 1376 1692 1431 Additus
1745 1377 1934 1432 insonti
1995 1392 2110 1446 po-‘

504 1475 650 1546 pulo,
698 1486 829 1539 ctc.,
869 1474 959 1543 qui
1007 1482 1092 1527 cst
1120 1471 1244 1526 682.
1293 1470 1391 1526 Ubi
1427 1467 1962 1524 animadvertendum
2005 1477 2088 1524 est

505 1577 794 1638 utrumque
832 1567 1026 1620 librum
1060 1564 1358 1620 secundum
1398 1574 1454 1620 et.
1485 1563 1701 1619 tertium
1732 1577 1764 1617 a
1795 1561 1889 1619 Dei
1933 1561 2088 1619 invo-

502 1657 1017 1716 catione'exordium
1051 1657 1272 1711 habere.
1343 1691 1348 1696 -

2187 460 2408 514 [livinus
2431 459 2711 516 adnotavit
2753 479 2766 514 :
2800 461 2997 515 Cretera
3024 460 3404 517 desiderantur.
3457 461 3511 516 ln
3542 463 3773 519 editione

2152 571 2154 574 ·
2185 553 2476 608 Matritensi
2509 569 2574 609 ex
2603 553 2789 609 codice
2813 557 3037 625 Azagrm
3065 554 3246 609 addita
3279 564 3402 610 sunt
3429 553 3489 608 11
3523 555 3771 612 disticha.

2189 645 2242 699 ln
2268 654 2454 698 nostro
2484 645 2670 700 codice
2703 645 2846 700 [inita
2895 646 3090 716 elegia,
3123 646 3312 701 eadem
3357 639 3575 715 antiqua
3616 663 3774 702 manu

2185 735 2424 790 additur:
2453 735 2676 805 Explicit
2711 738 2991 802 satisfactio
3020 737 3282 791 Dracontii
3301 737 3371 789 ad
3392 734 3779 791 Guthamndum

2184 844 2355 899 regem
2385 827 2800 896 Guandalorttm,
2825 831 2953 883 dum
2981 839 3107 884 esset
3129 831 3181 882 in
3203 832 3438 895 vinculis,
3467 831 3613 900 quod
3643 831 3782 886 litte-

2187 918 2262 972 ris
2283 918 2574 987 majoribus
2603 920 2864 988 scriptum
2893 929 2998 975 est.
3028 920 3145 974 Alia
3188 936 3350 989 opera
3393 921 3556 988 hujus
3583 923 3782 992 codicis

2187 1008 2456 1064 diversam
2519 1023 2735 1063 manum
2779 1019 2940 1078 atque
2983 1018 3194 1064 atatem
3224 1009 3538 1080 prml'erunt.
3587 1010 3782 1066 Versus

2189 1100 2352 1156 Marci
2375 1101 2442 1156 de
2465 1100 2522 1157 S.
2549 1101 2859 1168 Benedicto,
2884 1112 2939 1158 et
2965 1103 3271 1157 Satistactio
3293 1103 3568 1158 Dracontii
3595 1107 3782 1159 eodem

2187 1191 2501 1248 charactere
2527 1203 2653 1247 sunt
2680 1194 2902 1261 scripta,
2937 1195 3029 1263 qui
3073 1195 3358 1264 peculiaris
3382 1205 3488 1260 est,
3531 1196 3784 1250 multum-

2189 1299 2292 1354 que
2323 1285 2442 1340 aliis
2463 1286 2552 1352 qui
2583 1285 2739 1356 vulgo
2769 1286 2882 1340 noti
2911 1296 3039 1340 sunt
3065 1287 3366 1342 dissimilis.
3395 1287 3786 1354 Trombellius,

2190 1377 2244 1432 in
2275 1375 2538 1446 Opusculo
2585 1378 2654 1432 de
2705 1379 2834 1432 Arte
2863 1377 3224 1448 cognoscendi
3266 1387 3479 1434 :etatem
3509 1379 3784 1443 codicum.

2189 1483 2311 1535 cap.
2340 1468 2430 1534 il,
2462 1469 2622 1538 hujus
2637 1469 2963 1525 characteris
2987 1471 3496 1526 nonnullaslittcras
3527 1472 3786 1526 exhibet:

2189 1560 2343 1628 cujus
2373 1560 2590 1626 generis
2635 1576 2838 1631 paucos
2885 1561 3102 1617 codices
3130 1563 3181 1617 in
3235 1562 3386 1617 Italia
3419 1565 3529 1636 59
3553 1563 3789 1628 viderat,

2190 1653 2283 1708 sed
2310 1654 2360 1707 in
2386 1653 2712 1728 bibliotheca
2741 1654 3082 1710 Vallicellana
3121 1655 3307 1710 Romae
3328 1655 3509 1724 plures
3542 1671 3786 1711 asserva

573 1750 664 1806 79.
708 1750 822 1805 Etsi
845 1757 1020 1805 autem
1050 1748 1251 1804 codicis
1295 1757 1424 1804 tetas
1465 1763 1653 1804 recens
1683 1751 1773 1814 sit,
1803 1757 1981 1804 tamen
2011 1764 2076 1804 ex
2111 1745 2156 1804 Β
2184 1744 2228 1800 ri
2254 1745 2520 1812 audierat,
2537 1749 2670 1816 quos
2687 1761 2757 1801 ex
2791 1746 3043 1816 llispzmia
3075 1747 3265 1803 allatos
3294 1747 3492 1816 .loseph
3529 1749 3788 1804 Blanchi-

503 1841 875 1910 antiquissimo
902 1839 1174 1894 volumine
1202 1854 1326 1917 eum
1371 1841 1754 1907 transcriptum
1812 1855 1951 1908 esse,
1981 1857 2085 1894 non

505 1933 641 1988 levia
695 1944 818 1987 sunt
866 1931 1082 1986 indicia.
1115 1931 1225 1986 lloc
1253 1931 1398 1986 enim
1446 1930 1677 1984 innuunt
1716 1932 1940 1996 lacunae,
1971 1949 2091 2001 qua:

505 2023 804 2092 prtcsertim
841 2022 997 2090 paqu
1028 2031 1150 2090 post
1195 2020 1405 2074 initium
1453 2031 1761 2085 occurrunt,
1809 2031 1864 2075 et
1902 2038 2092 2077 versus

506 2113 762 2179 inchoati,
783 2129 1164 2184 nonnunquam
1187 2129 1216 2166 a
1250 2114 1418 2182 prima
1444 2113 1558 2167 sola
1581 2113 1776 2179 littera,
1803 2115 1942 2184 quod
1971 2115 2093 2171 ideo

507 2204 702 2260 factum
733 2218 976 2275 apparet,
1009 2207 1134 2276 quia
1167 2209 1424 2275 temporis
1468 2216 1731 2284 vetustate
1757 2209 1876 2272 alia:
1900 2210 2094 2266 littera:

507 2295 612 2364 iam
642 2285 999 2352 evanuerant.
1021 2296 1270 2353 Fortasse
1300 2297 1424 2353 hinc
1475 2299 1636 2352 etiam
1671 2298 1978 2369 frequentes
2009 2319 2096 2357 er-

509 2402 662 2442 rores
689 2389 778 2458 qui
810 2389 861 2442 in
893 2389 1080 2444 codice
1119 2399 1369 2444 notantur
1399 2391 1619 2458 profecti
1665 2401 1810 2454 sunt,
1860 2393 1999 2460 quod
2034 2394 2095 2448 li-

507 2479 716 2534 brarius
740 2482 1110 2536 characterum
1145 2481 1370 2536 formam
1398 2493 1450 2538 et
1481 2485 1586 2538 vim
1628 2500 1733 2538 non
1783 2485 1912 2540 satis
1942 2501 2096 2541 asse-

509 2585 788 2640 queretur.
841 2572 1041 2625 Locum
1101 2582 1278 2626 autem
1323 2587 1549 2627 vacuum
1607 2574 1943 2645 relinquebat
2002 2576 2095 2632 ubi

508 2677 700 2717 versus
727 2664 923 2734 aliquis
944 2675 1038 2719 aut
1062 2665 1228 2720 verba
1261 2666 1506 2733 deerant,
1538 2675 1595 2720 ut
1635 2683 1700 2722 ex
1753 2669 1857 2722 alio
1886 2670 2093 2736 codice,

508 2757 556 2812 si
585 2757 780 2812 alicubi
817 2765 1176 2828 compareret,
1220 2768 1439 2827 possent
1472 2759 1731 2829 suppleri.
1760 2759 1914 2826 Quod
1946 2762 1989 2815 si
2033 2776 2096 2816 ea

509 2849 689 2904 omnia
719 2849 862 2913 vitia,
891 2865 1011 2916 quas
1039 2864 1182 2905 nunc
1221 2850 1274 2904 in
1296 2849 1483 2906 codice
1504 2859 1830 2920 cernuntur,
1874 2852 1928 2906 in
1958 2853 2098 2906 anti-

509 2941 696 3012 quiore
716 2944 988 2999 volumine
1014 2945 1320 3009 exstabant,
1354 2945 1684 3001 censendum
1708 2956 1790 3002 est
1812 2949 2093 3019 Augustini

511 3047 727 3098 nomen,
763 3034 904 3102 quod
951 3033 1138 3090 titulus
1186 3035 1528 3104 przeferebat,
1563 3037 1832 3093 eruditum
1861 3041 2092 3109 aliquem

2193 1835 2314 1890 nilis
2367 1836 2467 1907 ipsi
2514 1846 2839 1892 as<eruerat.
2905 1838 3098 1895 Postea
3153 1839 3315 1894 etiam
3374 1839 3598 1895 rescivit
3649 1841 3787 1895 hunc

2191 1927 2439 1982 ettiudem
2471 1942 2591 1983 esse
2620 1927 2988 1984 characterem
3011 1929 3101 1997 qui
3131 1929 3315 1985 ltziliee
3345 1929 3545 1985 dicitur
3587 1931 3787 2000 gothics

2192 2017 2494 2080 cordellato,
2522 2027 2577 2073 et
2601 2022 2752 2083 cujus
2774 2019 2948 2074 adhuc
2975 2035 3101 2074 usus
3118 2029 3202 2075 est
3231 2021 3284 2074 in
3316 2021 3647 2090 quibusdam
3681 2022 3789 2075 bul-

2195 2113 2262 2166 lis
2293 2110 2601 2180 pontiﬁciis.
2627 2109 3209 2168 Statuit'l‘rombellius
3239 2111 3380 2168 hunc
3415 2115 3791 2170 charattcrem

2196 2208 2249 2280 in
2281 2202 2552 2258 codicibus
2575 2204 2850 2274 preprium
2875 2204 3037 2260 luisse
3061 2206 3240 2260 smculi
3269 2222 3320 2260 XI
3349 2206 3588 2262 circiter.
3624 2207 3785 2274 Equis

2195 2299 2318 2352 dem
2349 2296 2403 2350 in
2435 2296 2758 2351 bibliotheca
2802 2297 3140 2352 Vallicellana
3181 2299 3438 2353 nonnulla
3472 2299 3790 2355 lectinnaria

2195 2389 2262 2443 ad
2301 2406 2455 2445 usum
2492 2389 2842 2444 ecclesiarum
2881 2388 2988 2443 vidi
3045 2390 3147 2445 hoc
3193 2389 3513 2446 charactere
3553 2402 3789 2456 exarata,

2197 2497 2316 2551 quae
2345 2481 2409 2536 ad
2438 2481 2694 2536 saeculum
2724 2497 2756 2535 ι
2789 2493 2880 2534 aut
2905 2497 2956 2535 χι
2983 2481 3236 2537 videntur
3257 2483 3552 2552 pertinere,
3597 2494 3657 2538 et
3686 2484 3790 2538 [or-

2199 2579 2340 2626 t=tsse
2369 2583 2493 2626 sunt
2519 2571 2594 2626 illi
2625 2572 2726 2639 ipsi
2752 2572 2969 2626 codices
2999 2579 3133 2642 quos
3163 2589 3229 2628 ex
3269 2574 3524 2635 Hispania
3559 2574 3668 2629 huc
3694 2576 3786 2627 ad-

2200 2673 2382 2718 vectos
2415 2663 2757 2717 Blanehinius
2789 2662 3108 2719 alﬁrtnabat.
3165 2664 3484 2719 Membranre
3523 2666 3790 2720 Vaticanus

2197 2754 2388 2822 quibus
2409 2752 2717 2808 Satisfactio
2745 2754 3015 2808 Dracontii
3045 2754 3310 2822 descripta
3344 2763 3448 2821 est,
3479 2757 3616 2810 mihi
3648 2768 3789 2812 certe

2197 2849 2400 2904 saeculo
2427 2864 2480 2902 xt
2513 2847 2843 2918 posteriores
2867 2863 2974 2902 non
2997 2848 3266 2903 videntur.
3300 2849 3588 2916 Exemplar
3621 2849 3790 2916 simila

2198 2942 2355 3010 hujus
2376 2941 2704 2996 characteris
2731 2940 2992 2994 habemus
3016 2939 3066 2994 in
3099 2940 3410 3008 praefatione
3438 2939 3787 2995 commenda-

2199 3013 2390 3088 tissimi
2419 3031 2679 3087 cardinali
2709 3031 2979 3087 Francisci
3010 3031 3320 3086 Lorenzana
3358 3032 3421 3085 ad
3459 3031 3788 3100 Breviarinm

512 3123 682 3176 virum
726 3124 1000 3193 impulisse
1039 3140 1106 3181 ne
1145 3128 1245 3181 hoc
1289 3128 1398 3199 53
1445 3143 1633 3197 poema
1680 3133 1891 3198 penitus
1919 3131 2099 3200 perire
2123 3114 2175 3178 C
2203 3126 2556 3182 lsidorianum
2585 3140 2703 3194 pag.
2735 3126 2826 3191 26,
2859 3140 2923 3180 ex
2952 3124 3226 3179 codicibus
3249 3125 3476 3194 gothicis
3506 3125 3632 3194 ejus
3664 3128 3791 3180 Bre-

513 3215 864 3284 permitteret.
891 3215 967 3270 Ac
997 3216 1226 3273 fortasse
1274 3235 1412 3274 nunc
1443 3220 1543 3275 hoc
1572 3221 1931 3292 qualicunque
1960 3224 2100 3279 Dra-

513 3306 675 3362 contii
709 3321 873 3376 Opere
917 3322 1249 3376 careremus,
1294 3311 1395 3366 nisi
1445 3311 1582 3367 falso
1632 3313 1785 3367 titulo
1811 3314 2102 3385 aliquando

513 3399 702 3455 fuisset
720 3409 991 3456 ornatum.
1020 3395 1177 3457 Ratio
1205 3405 1476 3460 scribendi
1513 3407 1564 3462 in
1613 3408 1715 3462 hoc
1767 3408 1958 3465 codice
1986 3411 2102 3466 haec

515 3491 627 3546 fere
652 3501 754 3558 est,
780 3489 1014 3560 Iterebus,
1044 3492 1249 3563 Ityatns,
1295 3497 1582 3565 cohercens,
1629 3498 1870 3570 cathena,
1901 3504 2103 3556 cat/ter-

515 3601 610 3651 να,
636 3595 925 3655 temptator,
974 3588 1402 3644 totiens.Cmtera
1435 3591 1565 3645 nihil
1601 3601 1691 3645 aut
1740 3607 1848 3648 non
1874 3595 2098 3649 multum

514 3677 546 3733 d
573 3679 766 3733 ﬂerunt
792 3695 820 3732 a
842 3683 1107 3734 communi
1137 3681 1539 3753 orthographia.
1561 3685 1927 3754 lnterpunCIio
1957 3687 2100 3742 nulla

467 3778 480 3790 ’
517 3781 621 3837 est,
655 3786 716 3826 ac
737 3771 910 3826 solum
942 3772 1048 3827 duo
1081 3783 1269 3843 puncta
1301 3775 1593 3846 aliquando
1617 3791 1984 3846 apponuntur,
2007 3780 2103 3835 sed

517 3850 739 3928 temere,
773 3873 828 3918 et
853 3864 944 3918 ubi
989 3865 1119 3919 nihil
1171 3867 1274 3920 illis
1307 3882 1443 3937 opus
1471 3880 1608 3939 erat,
1668 3879 1760 3926 aut
1804 3871 1966 3926 etiam
2011 3871 2100 3926 ubi

516 3969 706 4010 sensus
727 3970 788 4010 ea
814 3955 1034 4010 omnino
1057 3956 1283 4024 respuit.

585 4046 676 4102 80.
730 4046 1014 4103 Secundus
1063 4046 1334 4102 Dracontii
1383 4047 1588 4113 codex,
1621 4066 1728 4120 quo
1756 4054 1838 4108 usi
1891 4070 2100 4123 sumus,

517 4141 688 4194 multo
714 4141 931 4210 majoris
951 4151 1033 4195 est
1056 4141 1233 4211 pretii,
1257 4140 1302 4196 si
1326 4141 1696 4210 antiquitatem
1727 4143 1842 4214 ejus
1870 4145 2100 4218 diligen-

519 4233 752 4302 tiamque
780 4250 880 4303 qua
911 4247 1166 4291 exoratus
1185 4245 1287 4304 est,
1319 4237 1436 4293 sine
1461 4238 1671 4304 mendis
1708 4249 1802 4295 aut
1829 4258 1958 4299 sane
1980 4260 2100 4300 cum

519 4325 700 4394 paucis
721 4326 1154 4384 consideremus:
1181 4330 1376 4399 alioqui
1405 4331 1672 4385 Dracontii
1699 4334 1748 4388 in
1771 4349 1837 4389 eo
1860 4337 1989 4391 nihil
2021 4347 2125 4404 est

520 4414 682 4482 aliud,
711 4414 811 4470 nisi
836 4416 1040 4488 Elegia,
1070 4419 1184 4475 sive
1210 4420 1514 4477 Satislactio
1541 4422 1606 4475 ad
1639 4439 1818 4494 regem
1867 4427 2104 4484 Wanda-

520 4509 715 4564 lorum.
744 4511 920 4565 Codex
954 4513 1038 4568 hie
1065 4513 1357 4570 Vaticanus
1402 4528 1484 4572 est
1531 4520 1872 4576 bibliotheca:
1901 4525 2098 4592 reginze

521 4607 726 4663 Sueciae
745 4625 888 4663 num.
919 4611 1023 4666 503
1050 4626 1138 4669 aut
1159 4615 1294 4670 1'267
1323 4617 1785 4685 membranaceus,
1817 4633 1924 4689 quo
1954 4618 2100 4673 varia

521 4714 682 4767 opera
726 4701 1088 4770 continentur,
1145 4715 1204 4759 ut
1259 4706 1494 4761 Euclidis
1539 4709 1938 4764 Elementorum
1972 4708 2098 4764 libri

522 4807 636 4857 sex,
665 4791 871 4847 ltoethii
914 4792 982 4848 de
1028 4796 1376 4853 Atitbmetica
1431 4801 1497 4854 57
1528 4802 1725 4868 capita,
1755 4801 1982 4871 Algebra
2021 4801 2104 4856 in-

523 4892 669 4939 certo
719 4894 935 4941 auctore
960 4929 974 4950 ,
1004 4895 1258 4942 tractatus
1280 4890 1346 4944 de
1376 4889 1598 4960 Spbaara
1631 4893 1837 4949 incerto
1863 4903 2102 4959 auctore,

524 4974 761 5029 Practica
791 4975 1112 5041 Quadrantis
1141 4977 1345 5035 incerto
1369 4993 1613 5048 auctore,
1642 4983 1943 5038 Kalendarii
1970 4983 2104 5039 Elu-

521 5065 739 5134 cidatio,
779 5081 965 5123 versus
1010 5066 1170 5122 Marci
1223 5079 1392 5138 poetae
1439 5073 1507 5127 de
1563 5074 1620 5129 S.
1677 5061 1984 5140 Benedicto,
2015 5075 2102 5144 qui

521 5157 827 5212 conferendi
855 5167 1124 5215 suntcum
1149 5159 1307 5215 editis
1331 5175 1361 5214 a
1382 5160 1688 5218 Mabillmiio
1709 5164 1830 5219 Act.
1855 5165 1953 5220 SS.
1981 5165 2101 5219 ord.

521 5249 580 5301 S.
615 5248 883 5304 Benedicti
914 5261 1044 5304 tom.
1072 5249 1112 5306 Ι.

592 5339 679 5393 81.
715 5339 841 5393 Post
880 5339 976 5396 hos
1004 5357 1191 5398 ver-us
1232 5341 1390 5397 Marci
1439 5343 1632 5412 legitur
1657 5343 1837 5413 Elegia
1865 5345 2102 5401 Dracon-

523 5428 603 5494 tii,
636 5429 779 5500 quod
819 5430 1061 5486 ultimum
1115 5445 1199 5489 est
1235 5433 1286 5488 in
1321 5434 1422 5488 hoc
1466 5433 1654 5489 codice
1701 5449 1855 5504 Opus.
1901 5435 2109 5490 Titulus

523 5523 700 5579 nullus
731 5509 1075 5593 praeponitur,
1101 5529 1194 5582 sed
1221 5529 1372 5584 locus
1392 5527 1610 5584 relictus
1639 5537 1723 5581 est
1753 5543 1971 5593 vacuus,
2004 5543 2112 5598 quo

522 5626 706 5680 posset
725 5615 941 5670 ascribi.
970 5616 1150 5688 Elegia
1177 5618 1230 5672 in
1255 5619 1356 5675 hoc
1382 5620 1567 5675 codice
1596 5619 1802 5690 integra
1826 5628 1928 5685 est,
1958 5633 2126 5674 exceo

526 5705 628 5776 ptis
671 5706 855 5772 paucis
902 5709 1079 5765 verbis
1127 5727 1246 5781 quae
1278 5712 1693 5771 desiderantur:
1727 5723 1938 5770 constat
1963 5713 2112 5770 disti-

2167 3207 2172 3214 ’
2203 3217 2353 3272 viarii
2381 3216 2470 3286 qui
2505 3215 2556 3270 in
2583 3213 2908 3270 bibliotheca
2932 3214 3188 3271 Toletana
3221 3226 3589 3270 asservantur.
3626 3215 3792 3270 Inter-

2203 3307 2470 3384 ptmgendi
2511 3307 2648 3362 ratio
2676 3307 2829 3362 valde
2859 3307 3144 3386 singularis
3174 3316 3260 3363 est
3299 3308 3350 3364 in
3395 3307 3496 3362 hoc
3525 3307 3790 3364 Dracontii

2201 3399 2426 3456 codice:
2460 3415 2622 3454 unum
2651 3412 2909 3468 punctum
2961 3399 3251 3469 appellitur
3285 3399 3336 3452 in
3370 3400 3476 3455 line
3503 3400 3791 3468 cujuslibet

2205 3491 2522 3556 hexametri,
2554 3505 2718 3546 unum
2750 3499 3007 3559 punctum
3039 3499 3093 3545 et
3135 3490 3281 3544 aliud
3325 3505 3448 3545 cum
3487 3490 3697 3560 vii-gula
3742 3491 3791 3545 in

2207 3582 2313 3637 line
2340 3583 2676 3652 pentametri.
2698 3580 2830 3636 lllud
2860 3596 2990 3636 vero
3019 3581 3184 3651 magis
3210 3579 3608 3636 observandum
3630 3582 3791 3636 inter-

2205 3675 2498 3744 rogationis
2529 3683 2707 3728 notam
2735 3673 3022 3742 quamdam
3073 3673 3243 3729 verbo
3273 3673 3360 3728 ubi
3413 3674 3601 3744 incipit
3632 3676 3792 3730 inter-

2205 3769 2408 3838 rogatio
2435 3783 2648 3836 semper
2676 3767 2844 3836 nftigi.
2880 3767 3097 3836 llispani
3129 3783 3270 3824 nunc
3301 3768 3442 3822 hunc
3471 3785 3680 3824 morem
3709 3772 3788 3824 in-

2205 3860 2400 3915 vehere
2426 3869 2709 3929 conantur.
2739 3867 2800 3912 ut
2823 3859 3256 3927 interrogationis
3275 3869 3590 3915 consuetam
3615 3869 3791 3914 notam

2205 3950 2509 4020 relinquant
2531 3949 2745 4017 quidem
2785 3958 2905 4018 post
2935 3949 3180 4003 ultimum
3212 3950 3652 4013 interrogationis
3678 3966 3792 4004 vcr-

2205 4043 2354 4107 bucn,
2383 4043 2477 4097 sed
2506 4042 2753 4097 eamdem
2806 4050 2986 4095 notam
3013 4043 3277 4098 inversam
3305 4045 3471 4097 verbo
3498 4043 3636 4097 unde
3665 4044 3790 4097 inci-

2207 4135 2283 4204 pit
2313 4134 2679 4201 interrogatio,
2710 4134 3011 4202 proﬂigant,
3052 4149 3156 4204 quo
3177 4133 3468 4204 legentium
3511 4134 3793 4190 commodo

2205 4225 2508 4283 Consolant.
2533 4223 2610 4278 Ex
2636 4224 2847 4277 laudato
2875 4224 3060 4279 codice
3083 4224 3338 4280 Vaticano
3367 4224 3644 4296 specimen
3667 4226 3792 4280 cha-

2207 4316 2431 4372 racteris
2461 4315 2556 4370 aeri
2587 4315 2813 4370 incisum
2843 4314 3178 4372 exhibemus.

2777 4473 3007 4532 CAPUT
3065 4477 3204 4533 Vlll.

2240 4589 2554 4645 Dracontius
2581 4591 2821 4647 carminis
2843 4591 2904 4645 de
2926 4591 3054 4656 Deo,
3077 4603 3124 4646 et
3150 4586 3533 4664 Satisfactionis
3555 4604 3754 4650 auctor.

2277 4731 2366 4786 8‘2.
2399 4730 2530 4786 Cum
2559 4731 2613 4786 in
2644 4731 2831 4787 codice
2861 4733 3119 4788 Vaticano
3142 4749 3330 4803 poema
3367 4736 3438 4792 de
3471 4737 3579 4791 Deo
3619 4736 3791 4790 Aure-

2205 4823 2279 4878 lio
2297 4825 2595 4893 Augustino
2622 4821 2910 4892 tribuatur,
2942 4825 3214 4882 Dracontii
3267 4843 3398 4883 vero
3449 4845 3643 4883 nomen
3686 4843 3786 4879 non

2207 4925 2536 4984 compareat,
2567 4927 2771 4984 quaeret
2801 4916 3028 4972 fortasse
3042 4915 3234 4986 aliquis
3263 4920 3518 4988 primum,
3546 4937 3642 4975 cur
3665 4919 3788 4974 illud

2208 5004 2268 5059 S.
2317 5004 2615 5072 Augustino
2652 5005 3044 5076 abjudicemus,
3099 5008 3292 5063 deinde
3322 5027 3418 5066 cur
3450 5011 3784 5066 Dracontium

2205 5107 2481 5151 auctorem
2504 5097 2614 5167 60
2639 5111 2760 5154 esse
2785 5108 2934 5155 certo
2958 5109 3278 5155 statuamus.
3305 5103 3384 5158 De
3419 5104 3737 5160 Satisfactio:
3759 5118 3788 5156 e

2206 5187 2384 5242 minor
2431 5197 2518 5242 est
2563 5189 2846 5244 dubitandi
2901 5191 3088 5256 ratio;
3143 5206 3264 5246 nam
3297 5193 3466 5249 codex
3512 5194 3786 5250 Vaticanus

2205 5277 2387 5334 dill'ert
2412 5279 2628 5350 quidem
2652 5297 2683 5335 a
2705 5282 2916 5336 caeteris
2945 5281 3222 5338 codicibus
3260 5284 3313 5337 in
3341 5285 3654 5352 exponendo
3703 5299 3786 5335 ar-

2207 5379 2484 5442 gumento,
2513 5371 2607 5427 sed
2660 5372 2728 5427 de
2755 5381 2978 5428 auctore
3009 5374 3299 5429 Dracontio
3341 5389 3463 5431 cum
3512 5377 3589 5432 eis
3633 5373 3784 5442 plane

2211 5463 2496 5517 consentit.
2513 5461 2806 5517 Nonmtllus
2831 5473 3006 5520 tamen
3029 5466 3311 5534 scrupulus
3339 5467 3645 5523 eximendus
3665 5473 3747 5520 est
3768 5503 3784 5528 9

2213 5553 2352 5623 quod
2385 5553 2632 5608 Barthius
2661 5555 2728 5608 ad
2770 5555 3125 5611 Claudianum
3174 5574 3294 5628 pag.
3343 5560 3447 5614 507
3475 5560 3698 5622 dubitet,
3731 5565 3785 5609 ut

2217 5645 2290 5698 ait
2314 5645 2554 5710 Riviuus,
2585 5661 2651 5700 an
2682 5661 2800 5701 eam
2828 5648 3111 5716 epistolam
3141 5653 3439 5706 correctori
3465 5653 3628 5721 potius
3657 5649 3785 5702 Dra-

2222 5734 2386 5790 cowii
2430 5751 2588 5804 quam
2648 5737 2747 5807 ipsi
2798 5739 3081 5796 Dracontio
3130 5740 3441 5812 adjudicct;
3495 5753 3780 5814 quanquam
