4030 6170
252 368 339 424 iii!

1638 342 2168 412 nxocecouext.

3414 356 3522 410 6t!

258 484 491 541 Barthius
540 494 643 534 non
700 477 907 533 dubitat
953 490 1021 529 an
1066 471 1382 528 Dracontius
1420 468 1559 523 hanc
1597 467 1820 536 elegiam
1855 464 1903 521 Α
1930 468 2119 522 cienda
2150 484 2290 524 nunc
2328 477 2409 523 est
2434 470 2699 525 connexio
2750 469 3028 548 utriusque
3053 448 3256 541 operis.
3287 469 3520 527 Carmen

256 576 537 647 scripserit,
568 573 660 628 sed
696 586 761 626 an
805 582 991 624 versus
1013 582 1146 637 quos
1179 568 1293 634 ipse
1343 562 1525 617 laudat
1566 560 1632 615 ad
1675 554 1816 614 vers.

258 670 321 724 87
346 670 394 722 in
422 683 476 721 ιιι
505 663 716 719 consul.
745 661 967 717 Honorii
997 674 1062 714 ex
1090 658 1285 727 elegia,
1313 654 1463 721 Quod
1486 661 1701 723 pereunt
1739 648 1837 705 Ito-

262 768 371 823 ttes,
395 769 523 820 etc.,
560 752 829 810 Dracontii
856 751 1067 816 sint,an
1097 748 1272 815 potius
1303 745 1548 815 Eugenii,
1579 744 1669 813 qui
1704 742 1837 796 Dra—

263 849 410 904 contii
439 846 723 917 epistolam
754 842 1013 899 correxit.
1049 838 1249 893 Eadem
1279 838 1439 906 igitur
1467 850 1633 906 opera
1666 833 1837 889 conli-

271 943 461 996 ciemus
505 938 876 998 Dracontium,
927 948 990 986 ae
1026 932 1293 986 nemiuem
1324 928 1510 994 alium,
1562 933 1837 980 auctorem

262 1047 374 1087 esse
409 1029 668 1100 poematis
695 1027 763 1081 de
792 1026 900 1080 Deo
940 1032 995 1101 et
1038 1010 1459 1083 Satisfaetiouis,
1519 1017 1724 1071 scilicet
1772 1030 1839 1068 ex

258 1124 584 1179 cannexione
615 1122 842 1191 partium
878 1116 1140 1187 poematis
1170 1115 1311 1168 inter
1340 1126 1418 1177 se,
1461 1109 1839 1166 convenientia

263 1213 575 1284 argumenti,
604 1210 1014 1273 scutentiarum,
1050 1206 1347 1276 pbrasium,
1392 1203 1675 1257 verborum
1725 1217 1842 1255 car-

265 1308 414 1363 minis
442 1306 510 1361 de
538 1305 645 1359 Deo
671 1317 792 1357 cum
818 1300 1016 1369 Elegia,
1048 1306 1103 1353 et
1130 1311 1383 1351 versuum
1418 1295 1506 1364 qui
1555 1307 1694 1347 nunc
1737 1292 1843 1361 pri-

266 1418 401 1457 mum
429 1398 715 1469 prodeunt,
746 1410 869 1449 cum
902 1390 1150 1461 aliisjam
1172 1388 1352 1454 editis,
1382 1397 1436 1442 et
1450 1402 1583 1457 quos
1607 1386 1845 1440 Dracon-

264 1496 319 1550 tii
347 1508 467 1550 esse
486 1501 719 1548 constat.

329 1587 415 1641 83.
452 1585 650 1640 Versus
680 1581 1061 1645 Hexaemeron,
1100 1577 1214 1632 sive
1250 1576 1313 1629 de
1352 1588 1503 1644 opere
1531 1587 1619 1625 sea:
1645 1571 1844 1622 dierum

266 1678 525 1746 inscripti,
548 1676 638 1745 qui
663 1674 857 1743 scepius
881 1674 991 1743 jam
1022 1671 1162 1742 typis
1185 1668 1452 1739 impressi,
1480 1665 1581 1721 sub
1611 1665 1846 1718 Dracon-

267 1768 318 1823 tii
342 1768 559 1823 nomine
583 1765 915 1834 prodierunt,
960 1764 1086 1832 quin
1131 1761 1249 1826 ejus
1277 1760 1384 1813 sint
1415 1771 1575 1812 nemo
1615 1756 1840 1808 dubitat.

264 1860 411 1927 Quod
444 1860 489 1913 si
527 1858 647 1929 quis
673 1871 813 1910 nunc
843 1854 1133 1918 dubitaret,
1161 1852 1284 1922 quia
1314 1852 1366 1905 iu
1393 1849 1579 1903 codice
1594 1846 1847 1899 Vaticano
1879 1836 1924 1895 Β

263 1951 493 2023 poemati
528 1947 672 2019 quod
704 1946 920 2001 Aurelio
966 1943 1265 2013 Augustino
1322 1941 1611 1996 ascribitnr
1660 1936 1843 1991 inserti

258 2054 399 2109 sunt,
426 2042 531 2097 levi
560 2041 774 2108 negotio
821 2037 1020 2093 revinci
1069 2045 1247 2106 posset
1287 2035 1605 2087 auctoritate
1636 2027 1844 2093 lsidori,

257 2138 342 2207 qui
368 2151 476 2191 non
498 2134 671 2188 solum
701 2132 1070 2186 Ilexaemeron
1118 2128 1404 2183 Dracontio
1432 2125 1697 2189 attribuit,
1748 2136 1846 2178 ve-

258 2243 372 2283 rum
404 2227 570 2281 etiam
602 2238 815 2278 versum
853 2238 919 2277 ex
954 2222 1058 2276 boc
1098 2236 1285 2290 opere,
1311 2220 1546 2273 auctoris
1580 2214 1846 2271 Dracontii

257 2318 476 2375 nomine
504 2316 739 2381 laudato,
772 2314 1014 2385 profert;
1044 2300 1265 2383 Eugenii
1291 2314 1453 2367 etiam
1495 2320 1547 2366 et
1571 2308 1842 2377 lldefonsi,

254 2424 487 2481 quorum
528 2408 618 2462 ille
662 2405 931 2461 Dracontii
961 2404 1059 2459 hoc
1096 2403 1236 2474 quod
1260 2410 1435 2458 exstat
1479 2401 1846 2456 llexaemeron

253 2499 597 2563 reformavit,
627 2498 715 2552 hic
747 2495 1176 2551 emendationem
1207 2492 1475 2548 Dracontii
1512 2492 1580 2545 ab
1607 2490 1848 2559 Eugenio

254 2593 455 2646 factam
487 2591 541 2643 in
568 2588 727 2657 hujus
748 2588 922 2656 elogio
946 2585 1148 2650 retulit,
1198 2593 1257 2639 ut
1301 2599 1461 2655 supra
1508 2582 1771 2652 capitibus
1796 2581 1848 2646 Ι,

247 2682 285 2735 2
316 2694 372 2737 et
392 2683 453 2745 3,
487 2681 603 2734 fuse
641 2677 1017 2748 explicuimus.
1040 2676 1239 2731 Omitto
1269 2675 1620 2744 Augustinum
1670 2673 1852 2727 multis

248 2776 305 2829 in
347 2774 489 2827 locis
515 2770 763 2827 docuisse
791 2768 1045 2824 mundum
1076 2767 1264 2822 eodem
1294 2766 1550 2836 temporis
1576 2773 1853 2820 momento

244 2869 537 2925 conditum
569 2867 755 2930 fuisse,
788 2864 1187 2920 distinctionem
1218 2877 1313 2917 sex
1352 2860 1561 2917 dierum
1610 2860 1853 2931 allegori-

246 2978 373 3018 cam
404 2976 551 3029 esse,
578 2976 698 3015 cum
724 2956 1045 3013 Dracontius
1065 2956 1388 3011 contrariam
1407 2955 1680 3024 magisque
1701 2968 1851 3012 eom-

252 3070 482 3109 munem
518 3051 838 3107 sententiam
867 3050 936 3105 de
957 3048 1170 3120 opilicio
1192 3047 1374 3102 mundi
1408 3060 1597 3101 revera
1620 3060 1712 3100 sex
1740 3045 1854 3100 die-

253 3160 381 3201 rum
411 3143 589 3212 Spa'io
628 3150 844 3212 peracto
899 3147 1078 3195 teneat
1107 3148 1162 3193 et
1204 3144 1456 3207 exponat.
1492 3136 1641 3201 Quod
1675 3148 1851 3190 autem

260 3236 506 3305 epistolte
532 3243 721 3287 auctor
751 3233 1069 3287 Dracontius
1103 3230 1193 3295 sit,
1230 3246 1335 3284 nun
1386 3229 1675 3296 Eugenius,
1706 3228 1857 3282 colli-
1884 3203 1931 3266 (ἶ

269 3327 407 3393 gitur
454 3342 517 3381 ex
568 3324 798 3390 I-idoro,
844 3324 933 3393 qui
967 3323 1134 3377 multo
1162 3330 1288 3376 ante
1314 3320 1609 3391 Eugenium
1642 3334 1856 3373 versum

276 3432 434 3471 unum
479 3433 547 3473 ex
576 3434 636 3472 ea
668 3418 916 3487 episto'a,
956 3416 1074 3475 sine
1101 3412 1336 3468 auctoris
1367 3421 1544 3467 tamen
1596 3410 1813 3465 nomine
1838 3449 1855 3475 ,

279 3509 539 3575 excitavit,
568 3519 626 3561 ut
650 3507 758 3562 dixi
789 3522 939 3561 num.
994 3508 1049 3561 8.
1082 3504 1215 3569 Etsi,
1241 3512 1299 3557 ut
1329 3517 1510 3556 verum
1545 3501 1730 3565 fatear,
1751 3514 1855 3552 non

286 3606 385 3651 tam
411 3599 596 3653 efﬁcax
628 3606 710 3652 est
736 3597 854 3652 haec
884 3599 1019 3651 ratio
1051 3610 1210 3665 quam
1236 3592 1417 3648 ntultis
1442 3591 1617 3646 videri
1650 3591 1855 3661 possit:

288 3701 404 3741 nam
433 3689 475 3743 si
501 3690 607 3759 δι
638 3697 796 3758 poeta
821 3686 1016 3756 aliquis
1045 3684 1250 3740 Isidoro
1285 3683 1572 3749 antiquior,
1596 3683 1708 3737 sive
1730 3681 1860 3737 Dra-

288 3781 487 3836 contius
517 3782 561 3836 is
592 3781 775 3848 fuerit,
806 3780 921 3836 sive
960 3780 1122 3846 alius,
1152 3778 1418 3849 ejusmodi
1453 3793 1662 3832 versum
1720 3777 1861 3831 inter

292 3871 419 3926 alios
451 3887 575 3928 suos
602 3872 839 3939 fecisset,
872 3873 1045 3943 potuit
1091 3873 1135 3927 is
1166 3886 1354 3927 versus
1383 3871 1450 3925 ab
1477 3871 1679 3926 Isidoro
1706 3885 1857 3925 com-

294 3967 587 4033 memorari,
612 3976 667 4022 et
690 3967 883 4022 deinde
908 3967 977 4021 ab
1006 3967 1246 4036 Eugenio
1276 3967 1328 4020 in
1357 3966 1639 4041 epistolam
1673 3963 1858 4028 inseri,

295 4063 349 4107 ιιι
371 4056 607 4112 solebant
638 4068 846 4114 veteres
873 4050 1164 4113 Christiani
1224 4067 1393 4129 poeta:
1440 4059 1507 4113 ab
1558 4057 1678 4112 aliis
1724 4057 1861 4111 auti-

296 4147 556 4216 qttiuribus
599 4151 942 4207 hemistichia
990 4152 1245 4207 nonnulla
1276 4166 1571 4221 versusque
1624 4153 1863 4222 integros

300 4243 535 4311 mutuari,
566 4244 707 4313 quod
737 4244 787 4299 in
819 4244 1107 4300 Dracontio
1140 4244 1298 4299 etiam
1321 4243 1750 4298 observabimus.
1774 4246 1866 4297 At-

301 4338 464 4388 tamen
486 4336 607 4389 dum
636 4336 778 4390 aliud
810 4351 915 4392 non
944 4345 1176 4400 constat,
1216 4335 1504 4405 probabilis
1535 4343 1617 4389 est
1666 4350 1762 4406 per
1805 4348 1865 4389 se

283 4422 410 4481 'htec
435 4430 582 4496 ratio,
607 4444 675 4484 ne
702 4430 998 4499 Eugenium
1026 4439 1297 4485 auctorem
1334 4431 1576 4499 epistola:
1599 4429 1862 4496 dicamus,

307 4518 554 4591 multoque
582 4523 912 4593 probabilior
933 4522 1192 4593 redditur,
1210 4525 1253 4578 si
1272 4524 1392 4577 cum
1423 4523 1699 4577 codicibus
1730 4539 1859 4577 mss.

307 4612 612 4680 conferatur,
640 4616 728 4686 qui
773 4615 998 4670 mirifice
1034 4617 1377 4670 consentiunt
1420 4615 1472 4669 in
1505 4627 1727 4670 auctore
1753 4616 1866 4684 epi-

308 4702 445 4758 stola:
467 4704 794 4774 designanda
811 4706 1115 4761 Dracontio.
1142 4706 1258 4773 Quo
1272 4706 1501 4776 pertinet
1526 4694 1869 4776 supplemen-

307 4800 402 4850 lom
434 4797 646 4868 Eugenii
676 4800 745 4854 de
781 4799 867 4854 die
903 4799 1130 4870 septimo
1174 4815 1280 4854 non
1307 4800 1484 4854 statim
1515 4809 1634 4869 post
1663 4799 1872 4853 Ilexae-

302 4897 470 4942 meron
494 4930 510 4955 ,
551 4891 645 4945 sed
674 4901 791 4962 pOst
824 4892 1104 4961 epistolam
1134 4893 1407 4956 collocari,
1448 4907 1515 4946 ne
1556 4890 1647 4946 lib.
1673 4907 1707 4945 ιι
1739 4891 1870 4945 Dra-

304 4982 454 5035 contii
482 4984 577 5052 (ita
601 4985 741 5039 enim
765 4998 986 5040 vocatur
1030 4986 1082 5039 in
1110 4985 1194 5040 his
1241 4984 1513 5039 codicibus
1561 4983 1810 5052 epistola)
1838 4998 1865 5036 a

286 5061 431 5125 libro
456 5089 469 5127 ι
498 5086 857 5144 separaretur,
881 5076 1197 5145 interposito
1220 5075 1438 5143 Eugenii
1470 5074 1863 5143 supplemento.

366 5163 450 5218 84.
470 5164 570 5220 Sed
604 5168 729 5237 quid
753 5183 887 5237 opus
908 5176 990 5221 est
1007 5168 1373 5236 conjecturis?
1394 5166 1448 5220 In
1474 5169 1659 5220 codice
1681 5177 1867 5221 nostro

275 5243 543 5311 Vaticano
568 5261 793 5328 epistola
825 5263 1024 5328 scripta
1054 5260 1247 5313 dicitur
1277 5259 1341 5311 ad
1389 5272 1568 5328 regem
1599 5258 1870 5312 Vandale-

250 5348 431 5413 l‘um,
460 5350 598 5419 quod
638 5352 709 5405 ita
738 5367 858 5405 esse
889 5366 1097 5413 verum,
1132 5365 1199 5405 ex
1244 5350 1489 5405 versibus
1522 5350 1652 5418 ipsis
1679 5359 1864 5420 postea

228 5441 636 5496 Qouﬁrtuaho.
671 5443 786 5497 Non
818 5457 946 5512 ergo
972 5457 1089 5497 eam
1111 5444 1413 5510 composuit
1445 5441 1739 5509 Eugenius,
1773 5441 1863 5511 qui

202 5528 414 5592 most
463 5536 699 5591 excisum
757 5536 1112 5591 \‘andalorum
1162 5534 1444 5605 imperium
1493 5534 1694 5591 floruit.
1724 5526 1862 5589 'Alia

185 5618 451 5683 *‘nnlta
477 5639 601 5683 sunt
630 5630 681 5683 in
714 5628 938 5699 epistola
970 5644 1087 5698 qua:
1118 5628 1357 5698 Eugenio
1403 5630 1625 5683 minime
1665 5644 1866 5684 conve-

169 5709 409 5775 ζῆτε
454 5729 695 5789 possunt,
738 5729 794 5775 ut
832 5731 1015 5788 postea
1060 5722 1282 5790 patebit.
1328 5720 1509 5791 Itaque
1540 5722 1857 5777 Dracontius

184 5801 467 5865 ‘ertns
496 5812 611 5882 ejus
640 5822 825 5868 auctor
855 5810 1129 5868 habendus
1174 5823 1276 5869 est.
1307 5812 1424 5881 Quo
1454 5812 1649 5885 pi-sito,
1685 5814 1857 5884 inspi-

1939 562 2007 617 dc
2049 564 2157 617 Deo
2188 564 2239 617 in
2275 562 2462 619 codice
2498 563 2755 619 Vaticano
2796 579 2917 619 cum
2946 567 3193 620 versibus
3216 566 3325 634 jam
3366 568 3525 622 editis

1940 652 2254 708 Hexaemeri
2291 654 2429 709 adeo
2466 668 2765 709 connexum
2794 666 2897 720 est,
2932 665 2988 710 ut
3012 654 3111 710 bos
3143 667 3346 726 partem
3376 659 3524 728 ejus-

1940 744 2061 799 dem
2081 745 2259 813 operis
2288 759 2407 800 esse
2430 745 2892 801 evidentissimum
2925 750 3016 802 sit.
3050 749 3339 805 Enimvero
3354 752 3399 805 si
3429 752 3527 805 hns

1942 850 2128 889 versus
2146 836 2213 891 de
2239 851 2401 904 opt-re
2431 851 2525 890 sex
2554 837 2762 892 dierum
2793 848 2995 893 attente
3010 841 3340 905 consideres,
3371 842 3527 898 facile

1943 925 2205 997 percipies
2246 941 2339 979 eos
2370 926 2437 979 ab
2468 942 2573 981 uno
2602 928 2831 996 quodam
2873 929 3099 997 longiori
3132 942 3379 999 poemate
3404 948 3526 988 esse

1942 1019 2183 1072 avulsos.
2216 1019 2427 1073 Primus
2457 1034 2648 1074 versus
2680 1022 2730 1074 in
2756 1020 2915 1075 editis
2947 1007 3034 1076 hic
3059 1031 3181 1078 est:

2069 1133 2231 1182 Prima
2254 1134 2361 1183 dies
2384 1134 2462 1183 lux
2495 1143 2569 1185 est
2594 1136 2758 1197 terris,
2782 1149 2915 1186 mors
2949 1149 3042 1186 una
3075 1138 3315 1187 tenebris.

1946 1236 2073 1305 Quis
2101 1254 2208 1292 non
2240 1237 2423 1293 videat
2449 1238 2550 1293 hoc
2580 1256 2686 1295 non
2733 1256 2854 1296 esse
2884 1243 3163 1296 exordium
3196 1244 3314 1312 ejus
3344 1245 3430 1313 qui
3462 1246 3527 1299 de

1945 1329 2163 1398 Opificio
2204 1344 2296 1384 sex
2352 1330 2562 1385 dierum
2609 1334 2846 1388 scribere
2894 1334 3254 1390 instituisset?
3284 1335 3526 1407 Ineptum

1947 1418 2091 1493 enim
2138 1426 2258 1484 est,
2306 1435 2426 1473 cum
2483 1432 2853 1490 argumentum
2908 1440 3013 1479 non
3044 1425 3114 1479 sit
3155 1428 3483 1494 propositum
3511 1473 3526 1488 .

1946 1508 2206 1571 exordiri,
2242 1510 2425 1563 Prima
2473 1512 2581 1565 dies
2621 1513 2711 1566 lux
2735 1524 2808 1568 est
2836 1516 3001 1569 terris.
3033 1516 3277 1583 Rivitius,
3320 1518 3424 1572 etsi
3478 1519 3527 1573 id

1950 1612 2056 1651 non
2086 1598 2567 1664 animadverterit,
2598 1611 2777 1657 tamen
2827 1605 3079 1658 utendum
3128 1606 3179 1659 in
3226 1607 3327 1660 hoc
3360 1609 3528 1676 prium

1950 1701 2106 1743 versu
2136 1687 2509 1758 deprehendit.
2540 1691 2653 1745 Non
2684 1692 2827 1746 enim
2858 1706 3002 1747 recte
3024 1698 3223 1749 mentio
3244 1706 3401 1750 terra:
3424 1699 3529 1765 pii.

1953 1793 2036 1830 ma
2063 1777 2152 1833 die
2184 1782 2265 1844 lit,
2306 1796 2427 1834 eum
2460 1781 2574 1835 base
2605 1785 2755 1837 tertia
2788 1784 2875 1838 die
2906 1790 3213 1854 apparuerit
3234 1796 3326 1841 aut
3351 1798 3528 1842 creata

1954 1867 2132 1932 fuerit,
2162 1878 2221 1923 ut
2246 1872 2407 1925 etiam
2450 1872 2566 1942 ipse
2609 1874 2923 1929 Dracontius
2958 1878 3180 1947 exponit
3224 1880 3384 1949 paulo
3413 1858 3531 1950 post

1952 1963 2005 2017 iu
2037 1966 2196 2021 tertia
2226 1966 2313 2021 die
2342 1983 2486 2024 vers.
2508 1967 2609 2023 l50
2643 1969 2737 2024 lib.
2770 1956 2855 2025 ιε’

2079 2077 2184 2140 Ipsa
2218 2079 2328 2127 dies
2352 2087 2533 2129 terram
2559 2084 2737 2131 meruit
2755 2083 2818 2131 de
2842 2083 3068 2132 ﬂuctibus
3091 2090 3245 2135 actam
3277 2099 3289 2135 :

2072 2143 2181 2212 62
2203 2140 2397 2190 Eruitur
2423 2143 2570 2192 tellus
2593 2154 2726 2192 vasto
2750 2147 2972 2193 demersa
2999 2148 3249 2207 profundo.

1954 2234 2176 2289 Rivinus
2208 2220 2311 2289 hoc
2340 2233 2594 2290 mendum
2628 2236 2699 2290 ita
2727 2238 3017 2293 emendare
3041 2240 3211 2294 voluit
3236 2256 3250 2294 :

2077 2347 2237 2397 Prima
2262 2347 2370 2397 dies
2389 2347 2473 2397 lux
2506 2361 2582 2399 est
2610 2349 2750 2399 tetris
2775 2363 2906 2400 mors
2929 2363 3022 2400 una
3048 2352 3289 2404 tenebris.

1957 2453 2062 2510 Sed
2085 2469 2211 2509 vera
2240 2454 2399 2508 lectio
2424 2455 2621 2523 petitur
2645 2470 2712 2510 ex
2740 2454 3118 2525 conjunctione
3162 2459 3322 2528 hujus
3350 2464 3536 2516 versus

1955 2559 2075 2631 Clit“
2103 2544 2186 2600 his
2213 2545 2303 2614 qui
2338 2545 2649 2615 praecedunt
2675 2544 2728 2599 in
2752 2547 2993 2602 carmine
3021 2534 3088 2603 de
3120 2548 3231 2604 Deo
3256 2565 3398 2604 vers.
3435 2552 3536 2605 llb’

1957 2628 2053 2693 ιίι).
2081 2653 2137 2691 t:
2564 2628 2567 2629 ν

2081 2730 2179 2803 ζει·
2199 2735 2271 2779 tot
2286 2729 2413 2803 facta
2434 2730 2571 2803 Deus
2591 2730 2718 2803 quod
2751 2738 2891 2803 sexta
2916 2729 3024 2780 luce
3048 2734 3249 2803 creavit,

2082 2791 2243 2841 Prima
2266 2794 2374 2841 dies
2398 2806 2506 2841 nam
2533 2791 2653 2842 lucis
2676 2802 2801 2855 erat,
2832 2806 2962 2842 mors
2978 2807 3073 2842 una
3097 2791 3333 2844 tenebris.

2006 2896 2120 2951 ’85.
2153 2894 2229 2949 Ex
2263 2895 2367 2950 line
2408 2895 2568 2950 etiam
2610 2912 2861 2952 versuum
2890 2897 2960 2953 de
3001 2913 3165 2968 opere
3192 2914 3285 2953 sex
3329 2898 3537 2955 dierum

1960 2988 2119 3043 simili
2151 2988 2311 3042 modo
2354 2989 2622 3058 colligitur
2646 3004 2831 3059 poema
2876 2990 3113 3045 nondum
3146 2995 3267 3046 esse
3310 2993 3537 3048 finitum.

1962 3083 2036 3136 lta
2066 3082 2141 3137 ait
2172 3082 2491 3137 Dracontius
2522 3082 2611 3136 lib.
2647 3099 2683 3144 ι,
2718 3099 2860 3139 vers.
2897 3083 3042 3138 747:

2085 3173 2265 3236 Aspice
2290 3174 2594 3234 despectum,
2618 3173 2862 3233 dejectum
2887 3173 3054 3224 attolle
3081 3187 3355 3236 parumper,

2052 3244 2068 3261 '
2089 3234 2447 3298 Confusumque
2462 3237 2593 3295 juva.
2621 3241 2732 3297 quia
2760 3239 2965 3297 poenitet
2988 3234 3098 3285 esse
3123 3234 3404 3298 nocentem,

2088 3295 2151 3417 δι
2177 3295 2661 3347 νθιεειιιιιιειιιοιιινὲ
2685 3295 2791 3347 tuas
2816 3298 2907 3347 hoc
2928 3301 3143 3347 carmine
3168 3299 3356 3361 laudes,

2133 3371 2219 3406 uas
2240 3367 2430 3420 potero.

1962 3462 2152 3517 Adhuc
2182 3463 2341 3531 igitur
2368 3462 2684 3517 Dracontius
2710 3462 2762 3517 in
2793 3462 3039 3517 laudibus
3070 3463 3278 3518 Domini
3306 3463 3544 3519 carmine

1965 3556 2066 3610 hoc
2096 3554 2446 3622 praedicandis
2474 3555 2586 3608 vult
2617 3555 2923 3621 immorari,
2967 3554 3109 3625 quod
3140 3557 3291 3611 libris
3332 3556 3542 3611 duobus

1961 3646 2308 3714 sequentibus
2357 3647 2570 3714 egregie
2617 3646 2886 3715 praestitit.
2940 3645 3139 3703 Confer
3168 3666 3309 3705 nunc
3351 3667 3543 3708 versus

1965 3737 2073 3794 665
2092 3752 2210 3805 seq.
2240 3736 2360 3791 libri
2393 3752 2469 3800 ιιι,
2505 3751 2672 3806 prope
2708 3736 2868 3791 finem
2896 3754 2911 3790 :

2089 3851 2345 3901 Servatum
2370 3862 2605 3910 reparare
2629 3850 2747 3910 juhe
2774 3849 2960 3912 pietate
2980 3859 3138 3907 sueta.

2088 3912 2148 3963 Ut
2177 3926 2373 3961 merear
2397 3920 2596 3961 cantare
2617 3919 2725 3961 tuas
2746 3925 2834 3974 per
2857 3915 3068 3962 carmina
3096 3913 3282 3979 laudes.

1965 4019 2288 4088 Agnoscitur
2318 4016 2456 4072 idem
2488 4026 2676 4073 auctor
2722 4016 2999 4087 utriusque
3045 4017 3190 4081 libri,
3239 4017 3332 4073 sed
3374 4021 3464 4090 qui
3492 4022 3545 4087 in

1968 4114 2141 4181 primo
2168 4111 2307 4165 libro
2343 4110 2527 4165 laudes
2555 4111 2647 4167 Dei
2681 4111 2957 4167 celebrare
2983 4112 3173 4168 eodem
3201 4114 3439 4170 carmine
3467 4117 3549 4171 ul-

1967 4205 2133 4260 terius
2163 4204 2488 4273 procedente
2516 4205 2887 4269 constituerat,
2913 4204 2965 4258 in
2992 4214 3241 4259 extremo
3271 4205 3407 4260 libro
3430 4223 3550 4276 gra-

1966 4299 2095 4354 tiam
2132 4298 2234 4353 sibi
2276 4312 2304 4351 a
2334 4297 2445 4353 Deo
2471 4296 2538 4351 ad
2576 4296 2679 4350 alia
2710 4297 2945 4351 carmina
2976 4307 3030 4351 et
3068 4298 3134 4351 ad
3167 4298 3309 4352 aliud
3342 4307 3553 4371 tempus

1968 4388 2291 4461 postulabat.
2324 4386 2403 4442 Ac
2432 4394 2719 4457 propterea
2750 4387 2899 4441 addit
2922 4402 3062 4443 vers.
3095 4389 3199 4443 670
3225 4389 3317 4443 lib.
3350 4406 3406 4446 ιιι
3433 4408 3447 4446 :

2092 4480 2192 4530 Sed
2216 4482 2327 4542 quis
2348 4494 2473 4542 opus
2496 4492 2695 4528 narrare
2722 4487 2855 4528 tuum
2879 4492 3113 4529 sermone
3139 4480 3357 4531 valebit?

2092 4543 2387 4603 Suspexisse
2414 4542 2572 4591 Deum
2596 4544 2714 4590 satis
2740 4549 2814 4590 est
2836 4543 2898 4589 de
2923 4543 3073 4590 corde
3097 4548 3392 4603 trementer,

2103 4604 2160 4653 Et
2184 4605 2404 4666 lacrymis
2428 4605 2656 4666 precibus
2672 4616 2756 4664 {ue
2781 4604 2873 4664 piis
2907 4611 3207 4653 venerantet
3226 4607 3381 4655 adire.

2048 4708 2137 4764 86.
2171 4709 2453 4776 Inscriptio
2488 4707 2603 4777 ipsa
2639 4706 3015 4775 Hexaemeron,
3048 4710 3163 4764 sive
3190 4710 3251 4764 de
3282 4711 3447 4780 Opere
3472 4729 3559 4767 ara:

1976 4803 2208 4866 dierum,
2237 4802 2480 4872 quamvis
2509 4811 2661 4856 vetus
2707 4802 2807 4867 sit,
2841 4812 2894 4856 et
2922 4800 2981 4856 S.
3024 4802 3227 4857 Isidoro
3254 4806 3553 4873 antiquior,

1979 4903 2154 4949 tamen
2193 4892 2370 4947 minus
2400 4902 2521 4960 apte
2553 4893 2802 4947 tribuitur
2849 4894 3153 4948 collectioni
3185 4910 3437 4949 versuum
3466 4896 3555 4963 qui

1980 4987 2081 5041 hoc
2125 4987 2279 5041 titulo
2330 4986 2523 5056 vulgati
2575 4993 2720 5040 sunt.
2766 4986 2986 5039 Maxima
3019 4987 3161 5042 enim
3206 5003 3327 5055 pars
3373 5002 3556 5040 eorum

1978 5081 2116 5134 ultra
2165 5094 2259 5134 sex
2304 5079 2417 5133 dies
2475 5077 2832 5147 progreditur.
2896 5077 2960 5131 Ut
3008 5079 3150 5131 enim
3206 5076 3559 5131 concedamus

1979 5173 2143 5228 Evam
2176 5172 2262 5226 die
2311 5181 2464 5226 sexto
2496 5171 2662 5226 fuisse
2699 5170 2997 5237 conditam,
3029 5169 3204 5224 Solum
3235 5168 3339 5222 299
3372 5183 3558 5223 versus

1976 5282 2005 5319 a
2036 5279 2192 5320 versu
2226 5264 2350 5330 116,
2382 5262 2558 5316 Prima
2584 5263 2690 5316 dies
2719 5278 2888 5332 usque
2910 5261 2977 5315 ad
3006 5275 3219 5314 versum
3250 5258 3376 5322 H6,
3402 5257 3561 5313 Dixe-

1975 5365 2055 5410 rat
2084 5358 2183 5409 ista
2214 5353 2375 5420 Deus,
2408 5354 2460 5409 in
2493 5355 2709 5423 op'licio
2740 5369 2833 5409 sex
2863 5353 3067 5406 dierum
3112 5351 3414 5406 enarranda
3443 5367 3562 5406 ver-

1978 5457 2194 5514 santur;
2222 5446 2414 5516 reliqui
2446 5447 2549 5501 558
2580 5460 2751 5515 usque
2790 5443 2853 5496 ad
2886 5443 3043 5495 finem
3076 5440 3170 5493 lib.
3200 5456 3248 5506 ι,
3288 5451 3561 5509 peccatum

1978 5544 2271 5612 primorum
2301 5554 2578 5612 parentum
2601 5537 3027 5604 sententiamque
3051 5535 3143 5590 Dei
3177 5547 3484 5605 exponunt;
3510 5550 3564 5596 et

1980 5633 2232 5702 quoniam
2278 5641 2647 5703 argumentum
2703 5627 2907 5681 auctori
2958 5626 3290 5695 propositum
3324 5638 3423 5695 est
3470 5631 3564 5686 Dei

1974 5728 2163 5784 laudes
2192 5743 2257 5783 ex
2290 5726 2451 5781 rebus
2482 5723 2679 5779 creatis
2712 5720 2981 5790 prosequi,
3006 5721 3277 5791 prtecipue
3302 5723 3409 5795 63
3438 5740 3565 5779 vero

1967 5822 2083 5890 ejus
2109 5820 2370 5876 adversus
2398 5816 2644 5873 homines
2675 5812 3065 5884 benignitatem
3095 5815 3379 5884 extollere,
3402 5824 3564 5873 inuita
