4030 6170
499 306 603 362 653

501 417 553 470 in
585 423 696 466 rem
726 418 876 460 suam
927 395 1111 467 conger
1126 394 1165 450 it
1190 392 1259 448 de
1289 388 1403 445 miti
1441 379 1707 441 sententia
1755 386 1859 444 Qua
1902 374 2075 442 pietas
2105 372 2150 429 Α

500 463 598 558 Dei
620 463 732 554 non
759 495 933 550 minus
962 463 1119 558 quam
1141 481 1345 554 justitia
1372 475 1566 541 eluxit,
1596 472 1664 527 de
1701 469 1857 523 bonis
1882 463 2078 534 quibus

503 589 749 648 homines
772 601 803 639 e
833 554 1077 653 paradiso
1128 575 1331 644 ejectos
1359 569 1459 623 frui
1492 559 1765 636 permisit,
1809 565 1863 611 et
1892 554 1961 607 de
1990 565 2078 605 re-

503 679 837 739 surrectione
858 681 1212 730 mortuorum,
1234 678 1393 734 quam
1411 658 1594 714 multis
1613 645 1944 723 argumentis
1967 656 2083 714 pro-

505 776 629 837 bat,
660 778 718 824 ut
747 764 915 836 magis
955 761 1227 830 magisque
1253 755 1322 810 de
1365 746 1733 807 misericordia
1765 741 1857 796 Dei
1904 744 2085 792 certos

507 878 606 919 nos
636 829 864 915 reddat':
891 855 962 910 ita
991 829 1134 908 enim
1164 848 1307 903 Deus
1337 842 1607 899 hominem
1651 843 1826 891 morte
1864 829 2086 883 mulcta-

508 957 608 1018 vit,
638 962 693 1007 ιιι
721 944 1106 1005 immortalitati
1138 939 1256 1009 ejus
1280 952 1377 1008 per
1405 930 1858 990 resurrectionem
1889 934 2085 989 corpo-

508 1060 629 1100 rum
657 1040 982 1113 provideret.
1015 1033 1126 1088 lmo
1156 1044 1283 1085 vero
1308 1027 1468 1083 etiam
1492 1022 1599 1077 illis
1614 1017 1866 1075 Versibus
1895 1012 2089 1082 quibus

509 1102 782 1206 opus'scx
812 1130 1022 1184 dierum
1053 1120 1369 1179 Dracontius
1407 1121 1656 1177 enarrat,
1690 1110 1741 1165 id
1781 1120 1944 1162 unttm
1981 1102 2093 1172 agit

511 1194 678 1299 (quod
710 1218 1029 1278 Sirmoudus
1052 1228 1264 1285 quoque
1289 1207 1550 1280 agnovit),
1576 1215 1631 1257 ιιι
1660 1201 1752 1256 Dei
1774 1194 2090 1266 sapientiam

514 1328 571 1373 et
599 1316 890 1372 bonitatem
921 1323 1048 1377 erga
1079 1304 1320 1360 homines
1341 1296 1702 1360 commendet,
1731 1292 1783 1347 in
1814 1305 1912 1344 suo
1936 1301 2098 1355 argu-

516 1417 701 1466 mento
714 1418 925 1474 semper
945 1401 1217 1456 insiStens.
1239 1395 1312 1449 ita
1328 1392 1470 1449 enim
1494 1388 1559 1443 ad
1578 1388 1713 1442 hanc
1735 1380 2094 1437 narrationem

517 1501 826 1574 aggreditur
853 1515 866 1551 :

635 1591 755 1649 Quis
778 1586 1221 1649 genushumannm
1249 1577 1406 1649 nescit
1428 1584 1631 1649 servare
1658 1567 1907 1649 volentem

637 1628 1269 1702 iiEéitﬁéiiiilbliiim.mque
1293 1638 1482 1702 Deum,_
1493 1635 1569 1683 cui
1595 1628 1800 1702 contulit
1820 1628 2013 1685 orbem,

642 1692 977 1761 iiéi'idt'iicii
992 1692 1138 1755 iDeus
1160 1692 1287 1763 q'uod
1307 1711 1447 1748 sexta
1471 1697 1579 1746 luce
1601 1692 1806 1743 creavit.

642 1773 801 1824 Prima
824 1772 935 1820 dies
958 1781 1067 1817 nam
1092 1767 1214 1814 lucis
1241 1767 1364 1813 erat.

520 1874 650 1930 Post
668 1870 1029 1927 narrationem
1059 1879 1189 1920 vero
1218 1875 1360 1917 vers.
1392 1857 1495 1912 427
1514 1856 1585 1911 ita
1612 1847 1923 1907 concludit:

639 1983 734 2034 Tot
750 1982 875 2031 bona
900 1978 1022 2028 facta
1044 1976 1180 2025 Deus
1202 1986 1298 2022 non
1318 1969 1617 2034 obliviscitur
1640 1974 1872 2024 unquam,

644 2030 765 2103 Quae
786 2049 986 2105 prapter
1011 2039 1234 2089 homines
1256 2035 1392 2092 fecit,
1416 2030 1681 2090 sanxitque
1704 2033 1930 2074 manere.

523 2150 590 2207 Et
618 2150 767 2221 prius
796 2161 939 2202 vers.
969 2143 1074 2201 359
1099 2141 1169 2197 de
1189 2135 1550 2195 animantibus
1578 2132 1820 2188 dixerat:

644 2260 933 2325 Terrigeuis
953 2256 1137 2308 iactura
1162 2253 1298 2305 cibos
1325 2253 1433 2313 post
1450 2251 1622 2297 cuncta
1647 2238 1892 2293 creandis.

526 2372 586 2428 S.
621 2366 859 2437 Eugenio
888 2378 1023 2435 opus
1055 2358 1325 2417 Dracontii
1356 2370 1572 2418 sentum,
1603 2359 1663 2405 ut
1689 2351 1805 2419 ipse
1849 2344 2104 2417 loquitur,

526 2463 611 2520 vel
660 2460 1024 2530 semiplenam.
1070 2463 1130 2510 ut
1174 2449 1401 2522 exponit
1440 2445 1759 2509 lldefousus,
1794 2440 2107 2503 v:dehatur,

525 2558 649 2626 quia
679 2553 747 2609 de
776 2527 863 2606 die
894 2547 1123 2618 septimo
1154 2550 1415 2600 tacuerat.
1441 2537 1549 2595 Sed
1573 2548 1701 2591 vera
1730 2533 1851 2602 ejus
1873 2531 1948 2585 rei
1974 2527 2110 2585 ratio

527 2624 612 2702 est
631 2642 772 2716 quod
799 2640 1115 2696 Dracontius
1132 2647 1349 2688 carmen
1374 2629 1443 2686 de
1463 2642 1627 2697 opere
1653 2639 1747 2680 sex
1771 2624 1979 2677 dierum
2002 2635 2109 2675 non

528 2712 762 2802 texebat,
786 2733 881 2789 sed
909 2723 1361 2797 alind‘ampiioris
1396 2716 1696 2789 argumenti
1727 2717 1793 2771 de
1837 2714 1971 2779 Deo,
1997 2712 2109 2766 sive

533 2833 602 2890 de
625 2831 717 2886 Dei
744 2826 989 2883 laudibus
1015 2838 1078 2879 ex
1106 2821 1222 2891 ejus
1252 2817 1505 2888 cperibus
1530 2830 1546 2880 ;
1585 2812 1829 2879 adeoque
1854 2816 2113 2879 opportu-

532 2940 660 2983 num
692 2938 796 2976 non
822 2926 938 2974 erat
966 2925 1023 2971 ut
1052 2914 1120 2969 de
1146 2911 1259 2966 otio
1285 2909 1389 2966 diei
1422 2907 1633 2977 septimi
1682 2903 1844 2959 verba
1871 2899 2109 2963 faceret,

533 3013 675 3086 quod
702 3012 916 3066 uberius
944 3021 1091 3062 num.
1124 3002 1193 3059 l9
1219 2997 1556 3057 confirmavi.

606 3104 698 3161 87.
730 3101 995 3156 Printerea
1028 3095 1189 3150 multa
1219 3091 1322 3146 alia
1352 3086 1558 3144 suntin
1584 3083 1828 3140 versibus
1856 3080 1995 3148 quia
2027 3092 2113 3132 me

536 3211 679 3254 nunc
704 3194 937 3265 primum
974 3189 1203 3246 eduntur
1230 3194 1284 3240 et
1313 3183 1367 3240 in
1411 3180 1535 3236 aliis
1555 3179 1684 3235 olim
1715 3175 1947 3246 vulgatis
1976 3174 2113 3226 inter

540 3305 662 3347 sese
710 3287 900 3360 partim
943 3282 1245 3346 simillima,
1302 3276 1493 3347 partim
1546 3282 1789 3326 connexa
1830 3284 1844 3320 :
1891 3279 2119 3335 quorum

541 3357 797 3444 nonnulla
825 3394 967 3435 nunc
988 3375 1257 3439 indicabo,
1286 3372 1388 3424 alia
1408 3369 1464 3423 in
1486 3366 1628 3422 notis
1652 3364 1718 3419 ad
1745 3360 1982 3417 carmina
2008 3357 2125 3413 ani-

546 3475 901 3531 madvertam.
932 3468 1047 3523 Lib.
1078 3482 1116 3531 ι,
1148 3479 1294 3518 vers.
1321 3461 1356 3515 2
1382 3479 1396 3514 :

667 3586 948 3647 Agnosceut
969 3579 1099 3647 quod
1125 3575 1303 3638 templa
1330 3574 1447 3638 poli,
1467 3570 1594 3647 quod
1618 3565 1929 3647 muttiaca‘li

665 3630 927 3697 melius
949 3630 1170 3693 confessa
1193 3630 1345 3688 suum'
1361 3630 1658 3685 venerantet
1681 3630 1887 3680 adorent
1917 3641 1928 3674 :

552 3780 667 3837 haec
717 3788 773 3835 et
816 3776 923 3833 alia
970 3790 1088 3847 quae
1136 3778 1465 3842 sequuntur,
1519 3762 1783 3818 similibus
1841 3758 2022 3815 verbis
2078 3771 2132 3810 tn

557 3873 737 3943 Elegia
768 3869 972 3940 pridem
999 3865 1141 3922 edita
1175 3876 1316 3917 vers.
1347 3860 1381 3914 ὅ
1407 3865 1760 3926 repetuntur:

674 3982 785 4054 ϐἀ.
798 3988 994 4050 Sidera,
1015 3982 1357 4054 flamma,dies,
1376 3990 1543 4054 quem,
1562 3974 1653 4054 sol,
1674 3970 1918 4054 nox,llun.a
1930 3967 2145 4019 fatentur

736 4038 1019 4111 ἷιιῖιοιιθιιί,
1039 4038 1282 4095 dominum
1299 4040 1478 4090 saecula
1499 4045 1670 4087 cuncta
1693 4038 1922 4095 probant.

560 4141 678 4197 Lib.
713 4154 772 4203 ιι,
804 4148 949 4191 vers.
978 4129 1086 4185 256
1112 4145 1134 4188 ε,

680 4251 860 4311 Vipera
880 4246 993 4308 quid
1019 4247 1238 4311 praestet,
1261 4238 1412 4311 cauda
1434 4245 1486 4311 et
1509 4234 1704 4311 cervice
1731 4231 1910 4311 recisa,

683 4295 1044 4371 Quid—serpens
1066 4295 1308 4353 maculosa
1327 4302 1486 4363 juvet,
1512 4295 1749 4346 medicina
1774 4301 1972 4352 tatetur,

685 4371 897 4435 Aspidls,
924 4376 1023 4418 etc.

566 4460 693 4520 Lib.
727 4473 743 4510 ι
770 4451 1097 4525 respondent
1125 4461 1312 4504 versus
1344 4442 1471 4498 editi
1500 4441 1607 4498 288
1632 4457 1645 4494 :

693 4572 750 4624 Et
771 4567 1009 4618 maculosa
1034 4566 1163 4626 repit
1180 4562 1396 4626 squamis
1419 4570 1505 4619 per
1516 4558 1712 4626 viscera
1734 4563 1963 4625 serpens,

691 4616 1020 4684 Ktrawvenena
1043 4616 1444 4676 no'cens'missura
1463 4633 1493 4668 e
1511 4620 1703 4684 ﬂatibus
1726 4616 1841 4665 oris.

691 4681 751 4746 Et
769 4694 933 4742 subito
955 4700 1182 4751 sparsura
1204 4698 1380 4751 graves
1404 4694 1493 4743 per
1515 4681 1654 4751 sibila
1680 4690 1754 4726 mo
1764 4688 1882 4751 rtes.

693 4738 1061 4819 Kidié'é'ad'cm
1082 4738 1315 4797 membris
1337 4738 1645 4805 impertitum
1669 4738 1903 4788 medelas.

574 4865 844 4922 Consonat
870 4857 1030 4914 etiam
1061 4852 1239 4923 Elegia
1270 4865 1413 4905 vers.
1444 4849 1514 4904 65
1540 4868 1553 4902 :

698 4976 841 5086 Aspis
855 4969 1005 5021 habet
1022 4972 1224 5038 mortes,
1242 4963 1393 5034 habet
1417 4970 1464 5011 et
1492 4960 1811 5008 medicamina
1830 4968 2059 5019 serpens,

807 5046 944 5086 mera
968 5042 1102 5086 saepe
1116 5033 1273 5086 juvat,
1294 5037 1463 5086 vipera
1486 5036 1619 5085 θοριιρ
1649 5028 1809 5069 uocet.

807 5046 944 5097 ipera
968 5028 1273 5091 saepejuvat,
1294 5028 1463 5087 vipera
1486 5036 1619 5085 expc
1649 5028 1809 5069 uocet.

1927 250 2371 318 DRACON'I'IUS.

2132 1744 2179 1805 B

3648 220 3742 275 (ιιι

2182 363 2304 429 185,
2332 358 2464 425 210,
2492 356 2618 423 555,
2657 351 2784 418 658,
2819 350 2954 414 665;
2985 346 3132 418 E'eg.
3166 357 3308 399 vers.
3347 339 3455 395 988
3501 350 3643 407 seqq.
3674 336 3742 391 Ex

2184 453 2322 509 libro
2350 466 2386 505 ιι
2416 460 2607 504 versus
2633 442 2739 498 216
2763 440 3006 505 scilicet,

2307 562 2428 623 Ver,
2451 566 2613 619 testas,
2637 562 2916 613 autumnus,
2943 550 3120 609 hiems,
3142 545 3471 597 redeuntibus
3484 544 3639 601 annis,

2186 669 2301 723 iere
2329 664 2539 733 integer
2561 656 2823 729 repetitur
2847 655 2903 710 in
2935 651 3114 722 Elegia
3147 663 3291 705 vers.
3322 647 3454 710 253,

2310 776 2428 834 Ver,
2453 778 2616 834 aestas,
2642 775 2923 848 autumnus.
2948 764 3126 825 hiems,
3155 760 3288 811 redit
3312 770 3468 815 annus
3490 758 3537 804 in
3560 766 3753 807 mnum:

2189 884 2279 951 qui
2318 863 2508 937 versus
2536 877 2691 933 deest
2720 871 2934 941 quidem
2967 869 3020 923 in
3060 867 3319 921 hactenus
3347 860 3529 925 editis,
3561 856 3652 913 sed
3676 871 3759 911 ex-

2192 948 2301 1030 stat
2330 972 2381 1027 in
2420 968 2608 1025 codice
2653 960 3028 1032 antiquissimo
3061 955 3352 1019 Vaticano,
3385 968 3450 1007 ex
3482 964 3591 1020 quo
3635 948 3759 1002 inte-

2191 1079 2341 1135 gram
2372 1059 2599 1131 elegiam
2639 1056 2978 1127 proferemus
3007 1051 3058 1104 in
3082 1049 3278 1110 lucem,
3304 1061 3333 1100 ιι
3358 1045 3415 1102 S.
3449 1044 3762 1098 Columbano

2196 1157 2358 1212 etiam
2387 1160 2697 1222 usurpatus.
2768 1206 2773 1209 ν

2269 1244 2359 1298 88.
2396 1242 2484 1304 Et,
2516 1250 2577 1294 ut
2601 1237 2843 1292 omittam
2876 1234 3055 1301 plures
3076 1231 3210 1286 alias
3233 1225 3532 1283 sententias
3552 1224 3606 1278 in
3634 1223 3765 1278 libris

2198 1336 2310 1390 suis
2335 1350 2366 1389 a
2386 1332 2673 1388 Dracontio
2700 1327 2979 1397 repetitas,
3006 1322 3083 1378 uti
3111 1322 3272 1377 etiam
3302 1318 3601 1372 locutiones
3630 1328 3767 1383 quas-

2200 1426 2322 1481 dam
2351 1425 2468 1494 ejus
2490 1420 2813 1493 peculiares,
2851 1428 2911 1472 ut
2936 1415 3070 1486 ignis
3092 1410 3331 1475 anhelus,
3362 1408 3572 1471 virtute,
3608 1406 3768 1475 pietate

2203 1493 2460 1572 modestus
2482 1554 2498 1580 ,
2533 1511 2767 1583 placidus
2798 1522 2897 1578 pro
2926 1502 3197 1566 clementi,
3244 1497 3376 1554 illud
3406 1495 3670 1566 imprimis
3689 1493 3769 1548 ob-

2205 1606 2531 1661 servandum
2559 1611 2660 1665 ρει,
2687 1614 2843 1663 eum,
2874 1608 2931 1652 ut
2963 1595 3132 1650 Deum
3164 1592 3361 1663 placet,
3389 1590 3463 1643 ita
3507 1600 3666 1641 orare
3689 1584 3768 1638 lib.

2205 1717 2290 1759 ιιι,
2332 1707 2478 1748 vers.
2506 1693 2645 1748 597:

2334 1809 2415 1865 As;
2436 1808 2529 1864 ice,
2553 1802 2875 1868 qumso,salis,
2900 1797 3127 1868 precibus
3145 1808 3211 1845 ne
3231 1794 3468 1868 clauseris
3490 1803 3636 1864 aures

2332 1855 2538 1924 Rostris,
2564 1855 2752 1922 sancte,
2780 1855 2913 1920 tuas;
2939 1862 3024 1923 qui
3052 1860 3140 1924 das
3161 1861 3404 1924 praecepta
3424 1855 3696 1924 benignus;

2332 1915 2645 1981 iraihomiuis
2663 1915 2771 1977 cum
2796 1915 2902 1974 sole
2925 1915 3065 1972 cadat
3095 1915 3338 1981 decor-de:
3358 1915 3582 1981 furentis,

2335 1979 2397 2043 Ϊίι
2420 1993 2608 2039 veniam
2635 2001 2727 2037 nox
2755 1988 2857 2048 ipsa
2877 1985 3004 2034 ferat
3030 1997 3043 2031 :
3079 1983 3164 2044 qui
3195 1979 3416 2042 pracipis
3438 1985 3488 2025 ut
3510 1979 3591 2035 sit,

2331 2057 2438 2128 65
2467 2061 2563 2111 Fac
2585 2059 2690 2110 fieri
2714 2046 2843 2121 quod
2871 2062 2922 2107 et
2946 2058 3051 2118 ipse
3065 2053 3242 2114 juhes;
3266 2051 3507 2098 miserere
3529 2046 3749 2110 rogantis

2210 2174 2287 2227 Ac
2316 2170 2476 2240 paulo
2505 2174 2623 2238 post
2651 2179 2792 2220 vers.
2822 2161 2929 2218 διδ
2958 2163 3056 2227 hoc
3081 2158 3384 2229 exemplum
3417 2155 3661 2227 producit
3685 2171 3699 2206 :

2335 2281 2597 2331 Persarum
2616 2277 2843 2324 dominus
2863 2273 3026 2322 timuit
3051 2276 3157 2332 post
3177 2281 3332 2332 regna
3351 2268 3612 2332 bubulcum

2339 2343 2477 2393 Inter
2502 2345 2635 2401 prata
2662 2348 2834 2399 pecus,
2862 2335 2945 2395 qui
2974 2331 3325 2401 post_regnavit
3361 2331 3408 2401 i_n
3432 2342 3581 2379 arce:

2336 2391 2436 2464 hic,
2466 2391 2603 2462 rogo,
2626 2391 2725 2461 jam
2750 2391 2927 2458 repara
2950 2391 3043 2444 sub
3062 2393 3296 2443 libertate
3318 2391 3547 2440 solutum.

2214 2510 2273 2564 lu
2307 2507 2486 2577 Elegia
2514 2504 2744 2575 primum
2775 2515 2834 2556 se
2860 2499 2972 2569 regi
3000 2495 3496 2553 Nabuchodonosor
3529 2502 3783 2560 comparat

2214 2616 2359 2657 vers.
2389 2600 2488 2655 διε

2340 2714 2600 2763 Persarum
2620 2719 2794 2771 regem
2819 2706 3074 2771 Babylona:
3089 2716 3244 2766 regna
3269 2710 3527 2771 tenentem

2404 2775 2520 2823 Post
2533 2763 2902 2831 decusvimperii
2923 2763 3036 2830 'quis
3056 2763 3212 2830 neg'et
3236 2778 3348 2831 esse
3371 2764 3545 2813 bovem
3558 2763 3581 2811 ‘.’

2341 2838 2403 2888 Et
2424 2834 2748 2883 diademaletn
2773 2826 3028 2893 turparunt
3046 2826 3233 2893 ςεοι-ἶιιιτιΔ
3252 2826 3463 2893 frontem
3488 2842 3503 2893 ;

2404 2897 2618 2957 Mngitus
2639 2888 3016 2957 pecudis‘verlla
3042 2890 3183 2957 fuere
3204 2888 3340 2937 duci.
3395 2950 3407 2957 _
3466 2889 3493 2957 _'

2338 2947 2611 3021 Agricolam
2638 2947 2799 3005 iimuit
2828 2961 2938 3015 post
2965 2951 3202 3021 Parthica
3213 2962 3371 3021 regna
3395 2947 3671 3007 bubulcum,

2436 3020 2732 3093 obmisitque
2746 3010 2937 3093 pavens
2954 3014 3090 3093 regia
3102 3010 3235 3093 ‘colla
3248 3011 3386 3085 jugo.

2343 3082 2530 3131 Erravit
2566 3072 2662 3141 per"
2680 3072 2815 3141 prata
2842 3088 2991 3141 vagus
3016 3072 3146 3141 mala
3172 3076 3389 3141 gramina
3414 3078 3595 3141 pastus,

2404 3142 2463 3194 Et
2484 3134 2577 3205 qui
2592 3134 2737 3190 homo
2774 3139 2865 3188 bos
2888 3134 3073 3199 fuerat,
3100 3135 3165 3186 de
3180 3134 3316 3185 bove
3336 3134 3493 3184 factus
3518 3134 3657 3181 homo
3676 3137 3760 3179 est.

2230 3248 2452 3313 Deinde,
2477 3256 2534 3303 ut
2566 3246 2772 3302 veniam
2798 3259 2828 3299 a
2860 3259 2987 3313 rege
3016 3242 3118 3297 sibi
3143 3240 3353 3295 offenso
3379 3238 3644 3308 impetret,
3671 3250 3788 3304 prte-

2226 3349 2437 3413 ceptunt
2467 3338 2667 3393 Christi
2697 3335 2945 3407 proponit
2974 3347 3116 3388 vers.
3150 3330 3285 3387 {55:

2350 3453 2525 3503 Nonne
2548 3450 2639 3499 Dei
2665 3445 3108 3512 praceptaiubent
3131 3457 3195 3493 ne
3218 3443 3291 3512 so_l
3321 3442 3464 3512 cadat
3494 3443 3686 3498 intrans,

2424 3504 2680 3563 irascente
2702 3510 2816 3570 alio,
2834 3504 2930 3558 sed
2956 3509 3066 3570 pius
3088 3513 3256 3557 exstet
3274 3504 3456 3554 homo?

2237 3623 2311 3677 Ex
2343 3633 2447 3689 quo
2475 3616 2578 3671 alia
2611 3614 2747 3668 ratio
2786 3612 2957 3668 oritur
2985 3609 3052 3664 ad
3084 3607 3561 3664 demonstrandum
3586 3605 3791 3660 Dracon-

2238 3713 2368 3768 timn
2416 3718 2584 3763 totum
2631 3720 2848 3762 carmen
2897 3704 2965 3760 de
2999 3704 3128 3766 Deo,
3171 3717 3276 3757 non
3309 3701 3487 3756 minus
3516 3714 3664 3769 quam
3694 3697 3792 3751 Ele-

2240 3805 2380 3875 giam
2410 3798 2802 3870 composuisse,
2829 3805 2887 3850 ut
2911 3794 3230 3864 explicatius
3255 3807 3398 3847 nunc
3423 3789 3708 3847 ostendam.

2857 3906 3083 3964 CAPUT
3120 3905 3212 3961 lX.

2247 4028 2555 4084 Dracontius
2593 4039 2794 4078 carmen
2821 4022 2885 4077 de
2913 4021 3041 4085 Deo,
3066 4031 3113 4074 et
3130 4018 3547 4088 Satisfactionem
3573 4020 3637 4070 ad
3662 4027 3801 4084 rrgeat

2377 4096 2729 4152 Vandalornm
2764 4093 3049 4161 composuit
3079 4092 3201 4144 dum
3231 4099 3356 4144 esset
3387 4090 3441 4142 in
3470 4088 3694 4142 vinculis.

2318 4212 2407 4269 89.
2447 4208 2598 4279 Quod
2630 4222 2789 4263 nemo
2845 4205 3107 4260 hactenus
3147 4203 3450 4272 suspicatus
3492 4196 3802 4266 [Μυκηνίδ-

2254 4302 2494 4360 contium
2544 4303 2595 4354 in
2627 4297 2837 4354 vincula
2870 4296 3034 4351 fuisse
3063 4295 3365 4363 conjectum
3392 4337 3407 4361 ,
3436 4303 3491 4347 et
3520 4333 3534 4357 ,
3563 4290 3681 4346 dum
3706 4302 3803 4342 car-
3834 4318 3835 4321 η

2254 4411 2378 4452 cere
2407 4395 2765 4456 detineretur,
2821 4389 3046 4461 elegiam
3096 4388 3380 4457 scripsisse
3429 4393 3486 4440 ut
3532 4383 3629 4439 sibi
3655 4392 3805 4450 regent

2178 4504 2409 4573 Dsunm
2454 4484 2740 4555 propitium
2789 4481 3071 4545 redderet,
3124 4478 3177 4533 id
3218 4480 3274 4532 in
3330 4479 3445 4546 ipsa
3478 4476 3655 4546 elegia,
3686 4484 3731 4524 ut
3754 4469 3810 4523 ab

2257 4577 2380 4633 aliis
2404 4586 2556 4631 antea
2584 4574 2793 4642 vulgata
2822 4581 2927 4636 est,
2955 4585 3057 4626 non
3082 4569 3309 4626 obscure
3342 4568 3601 4631 innuitur,
3624 4576 3673 4621 et
3695 4574 3809 4617 tiunc

2260 4683 2322 4722 ex
2354 4680 2580 4736 utroque
2610 4664 2797 4719 codice
2830 4663 3084 4716 Vaticano
3111 4660 3449 4731 apertissime
3490 4654 3812 4714 convincitur.

2263 4759 2359 4813 Hic
2389 4758 2572 4826 elegia:
2603 4756 2789 4810 titulus
2818 4769 2859 4808 'a
2887 4753 3007 4808 Siru
3031 4752 3159 4808 oudi
3190 4764 3431 4819 tempore
3461 4750 3648 4819 ubique
3675 4745 3812 4800 fertur

2266 4852 2561 4912 impressus
2601 4864 2616 4902 :
2656 4846 2771 4901 Hoc
2808 4849 3039 4916 sequenti
3078 4844 3248 4900 libello
3288 4844 3517 4898 auctoris
3552 4837 3812 4910 Satisfactio

2264 4941 2568 5003 continetur,
2618 4956 2729 5008 qua.
2764 4938 2826 4990 ab
2874 4938 3221 5003 onmipotente
3250 4934 3357 4990 Deo
3402 4937 3599 4989 veniam
3623 4930 3731 5004 petit
3764 4940 3813 4980 ιε

2265 5034 2570 5104 prwcedenti
2627 5032 2852 5085 carmine
2900 5028 3100 5091 aliquid
3151 5029 3389 5084 incautus
3433 5034 3665 5083 errasset.
3708 5019 3811 5075 Drin

580 5141 698 5199 Lib.
734 5154 812 5202 tn,
839 5147 984 5190 vers.
1012 5127 1115 5187 610
1143 5134 1199 5182 et
1225 5141 1402 5194 seqq.,
1446 5123 1827 5179 describuntur
1853 5134 1976 5177 ossa
2008 5119 2159 5175 arida

578 5246 700 5303 qua:
738 5228 860 5282 vine
902 5222 1147 5280 restituta
1190 5225 1335 5285 sunt,
1380 5214 1447 5269 de
1489 5214 1685 5283 quibus
1731 5211 1981 5269 Ezechiel
2035 5226 2157 5281 cap.

583 5336 786 5388 xxxvn,
806 5316 898 5373 ubi
926 5312 1129 5371 eaedem
1161 5308 1381 5381 phrases
1410 5312 1702 5360 occurrunt
1729 5319 1792 5357 ac
1815 5305 1866 5358 in
1898 5305 2163 5357 narratio-

2264 5122 2556 5178 Theudosio
2588 5120 2797 5176 Juniori
2829 5120 3059 5193 Augusto
3096 5119 3207 5191 66
3245 5136 3441 5189 precem
3483 5120 3639 5190 defert
3663 5130 3740 5171 cur
3765 5111 3816 5163 de

2269 5215 2539 5287 triumphis
2560 5215 2702 5269 illius
2720 5213 2896 5267 eodem
2914 5229 3063 5283 opere
3082 5213 3343 5267 tacuisset.
3359 5212 3649 5267 Permirum
3666 5216 3813 5263 autem

2276 5308 2405 5362 mihi
2432 5316 2516 5362 est
2544 5306 2614 5361 de
2642 5304 2801 5374 hujus
2826 5303 2960 5359 tituli
2988 5303 3224 5359 falsitate
3260 5303 3531 5359 neminem
3571 5296 3810 5357 dubitat’o-

2273 5418 2395 5458 nem
2446 5402 2677 5470 aliquam
2728 5400 3010 5455 excitasse.
3068 5398 3230 5469 Atqui
3260 5398 3316 5452 in
3347 5397 3463 5466 ipsa
3494 5394 3704 5465 epistola
3727 5390 3817 5444 Sir-

2274 5491 2561 5548 momiiana
2593 5491 2756 5545 multa
2787 5502 2912 5544 sunt
2956 5506 3076 5555 qua:
3104 5489 3488 5545 demonstrant
3517 5485 3819 5543 Dracontium

2274 5585 2343 5640 de
2385 5583 2704 5653 praecedenti
2748 5580 3010 5647 carmine,
3043 5581 3143 5636 hoc
3175 5591 3256 5636 est
3287 5582 3354 5637 de
3385 5580 3623 5636 versibus
3648 5577 3821 5631 ﬂexae.

2276 5676 2410 5732 mct-i
2456 5675 2612 5731 titulo
2656 5673 2814 5731 editis
2861 5674 3081 5730 minime
3125 5656 3434 5730 sermonem
3488 5672 3691 5728 habere.
3721 5666 3826 5720 Alio

586 5430 654 5470 ne
677 5410 832 5483 primi
865 5407 1097 5463 hominis
1123 5400 1324 5459 conditi
1343 5400 1436 5454 lib.
1467 5414 1506 5463 ι,
1540 5411 1683 5451 vers.
1716 5394 1839 5450 556.
1868 5394 2041 5450 Pietas
2069 5394 2165 5450 Dei

587 5506 788 5562 eisdem
818 5502 932 5557 fere
960 5499 1138 5554 verbis
1166 5510 1229 5550 ac
1256 5493 1541 5550 sententiis
1566 5488 1978 5546 commendatur
2005 5488 2099 5544 Μ).
2125 5505 2163 5556 ι,

592 5610 737 5650 vers.
764 5596 853 5659 8i,
887 5593 1009 5659 illi),
1036 5591 1165 5658 ΜΩ,
1194 5587 1319 5653 544,
1350 5586 1473 5653 556,
1509 5583 1633 5651 090,
1657 5581 1782 5647 726,
1814 5581 1955 5647 75ις
1982 5581 2074 5637 lib.
2108 5597 2165 5645 ιι,

592 5699 733 5740 vers.
762 5683 856 5748 96,
884 5682 1008 5750 670,
1038 5680 1166 5747 684,
1208 5678 1314 5735 093
1355 5693 1537 5748 seqq.,
1588 5677 1725 5743 800;
1776 5673 1867 5732 lib.
1904 5690 1982 5742 tn,
2014 5688 2162 5730 vers.
