4030 6170
273 259 376 315 6ίὸ

1651 258 2173 316 PROLEGOMENA.

3437 283 3542 338 H6

271 399 415 452 enim
461 396 674 449 diverso
703 393 860 446 modo
889 393 1094 447 veniant
1123 410 1153 448 a
1189 395 1296 450 Deo
1333 395 1575 462 petiisset
1609 396 1846 450 Dracon-
1884 377 1926 432 Α
1960 377 2234 430 ¹¹¹θ¹¹¹⁰ὺ²η
2262 379 2424 434 “iam
2456 397 2522 434 "0
2553 383 2655 437 "ila
2692 385 3007 452 Nimrelur.
3041 390 3128 447 Sic
3156 389 3298 450 enim
3328 395 3548 450 aitDra-

273 488 396 546 tius,
428 498 490 537 ac.
518 483 625 537 fere
656 495 708 536 ut
744 487 875 551 petit
904 482 950 536 Μ
972 482 1098 536 rius
1129 482 1308 538 Victor
1345 483 1396 538 io
1425 485 1628 554 proltg.
1659 487 1856 539 cmui-

273 578 354 631 nis
383 578 431 630 in
462 575 692 629 Genesin
720 590 734 627 :

396 667 470 731 Ne
490 667 693 715 damnes
718 673 919 731 tantum,
945 667 1072 727 quod
1088 679 1225 731 nunc
1243 679 1362 716 reus
1383 669 1564 731 audeo,
1590 681 1790 731 munus;

394 730 789 789 Criminibusque
815 729 938 774 ltlt‘iS
958 729 1183 790 conniw,
1209 737 1260 776 et
1286 742 1430 788 parce
1459 730 1724 790 benignus.

397 791 533 849 Quod
554 793 592 837 si
620 790 734 848 lege
769 789 913 837 tnetri
937 789 1198 850 quidquam
1227 794 1502 849 peccaverit
1527 789 1665 849 ordo,

398 854 808 913 Pccearitsermo
839 853 1148 911 itnproprius,
1180 864 1456 913 sensusque
1487 852 1731 912 vacillans,

397 915 521 963 Hinc
558 911 740 961 nullum
765 913 874 959 lidei
899 915 1072 960 subeat
1093 925 1320 962 mensura
1349 911 1604 975 periclum.

270 1002 340 1054 At
367 998 686 1052 Dracontius
707 996 906 1058 fati-tur
933 1010 1093 1065 grave
1121 997 1336 1065 aliquod
1363 1001 1565 1052 crimen
1595 1014 1624 1052 a
1657 1014 1718 1054 se
1751 987 1853 1053 rei-

270 1105 365 1157 psa
398 1088 740 1142 commissum
788 1087 982 1150 fuisse;
1025 1088 1276 1158 nequeid
1303 1091 1506 1144 crimen
1539 1091 1589 1144 in
1633 1105 1698 1143 eo
1736 1091 1855 1144 col-

271 1183 412 1237 locat
441 1180 581 1250 quod
615 1181 665 1233 in
714 1179 892 1248 aliquo
921 1181 1158 1234 carmine
1187 1181 1252 1234 de
1285 1182 1568 1249 triumphis
1595 1183 1676 1236 sui
1709 1183 1856 1252 prin-

267 1273 408 1342 cipis
437 1270 683 1338 tacuerit,
714 1271 806 1323 sed
837 1269 1012 1337 quod,
1042 1285 1164 1323 cum
1194 1271 1377 1325 laudes
1414 1273 1570 1340 hujus
1600 1277 1854 1340 petuissct

267 1364 578 1429 celebrare,
611 1379 673 1417 ex
705 1378 811 1432 quo
842 1362 1059 1431 praemia
1105 1361 1294 1417 fuisset
1320 1374 1660 1430 consecutus,
1689 1366 1851 1420 alium

267 1455 510 1524 ignotum
539 1455 637 1507 sibi
669 1462 744 1520 et,
790 1462 844 1506 ut
870 1467 968 1523 ego
995 1452 1206 1521 Opinor,
1229 1455 1484 1525 principis
1508 1457 1592 1512 sui
1622 1457 1850 1520 hostem,

267 1559 310 1598 ci
336 1545 619 1599 lebrasset.

341 1637 431 1691 90.
474 1637 546 1692 lta
578 1637 717 1705 apud
750 1638 1092 1694 Sirmondum
1124 1638 1357 1709 loquitur
1389 1641 1744 1695 Dracontius:

390 1729 574 1792 Sicine
595 1727 780 1792 lingua,
804 1729 849 1792 D
885 1743 959 1790 us,
988 1729 1149 1789 lingua
1177 1737 1397 1792 patrante
1419 1741 1606 1780 reatum

455 1789 610 1839 Noxia
636 1791 775 1852 culpa
801 1789 960 1853 ligans
983 1794 1130 1841 traxit
1149 1789 1206 1840 ad
1245 1793 1425 1842 illicita.

268 1875 371 1930 Ubi
403 1874 457 1927 in
489 1873 726 1928 edititne
755 1874 1053 1928 Matritensi
1083 1891 1150 1928 ex
1179 1875 1365 1929 codice
1396 1880 1614 1945 Azagrte
1642 1876 1855 1944 legitur,

267 1964 361 2020 Sic
383 1980 494 2016 mea
519 1964 677 2016 corda
705 1963 864 2018 Deus.
900 1963 1081 2032 Pergit
1110 1965 1429 2019 Dracontius
1453 1982 1468 2019 :

392 2056 461 2105 Lit
477 2057 559 2115 qui
583 2056 706 2107 facta
727 2055 904 2104 dueum
928 2069 1120 2118 possem
1145 2070 1348 2106 narrare
1375 2067 1585 2115 tuorum,

463 2119 602 2168 Unde
625 2119 740 2166 mihi
762 2125 960 2180 possent
977 2120 1102 2167 dona
1127 2120 1298 2167 venire
1317 2118 1483 2169 simul.

263 2203 456 2261 Melius
485 2204 539 2258 in
565 2204 752 2259 codice
773 2207 990 2272 Azagr.,
1014 2219 1230 2258 narrare
1259 2219 1504 2258 meorum.
1524 2203 1684 2257 Addit
1716 2203 1860 2260 i.lico

266 2296 589 2350 Dracontius
611 2312 625 2347 :

389 2388 597 2453 Fugerunt
629 2387 958 2453 deSpicerem,
989 2390 1146 2438 tacitis
1167 2395 1237 2440 tot
1259 2392 1460 2453 regibus
1481 2391 1640 2449 almis,

459 2449 519 2499 Et
538 2459 761 2510 peterem
783 2449 1098 2500 subito’certa
1123 2453 1304 2514 pericla
1318 2449 1490 2504 miser.

263 2534 444 2588 Minus
489 2537 624 2588 bene
671 2533 840 2589 codex
873 2538 1092 2604 Azagr.,
1133 2537 1282 2590 tactis
1310 2552 1409 2606 pro
1436 2538 1625 2592 tacitis.
1662 2538 1856 2592 lterum

263 2627 587 2682 Draconzius
616 2627 827 2697 culpam
855 2643 1005 2682 suam
1032 2631 1082 2683 in
1113 2629 1346 2698 linguam
1381 2630 1556 2699 rejirit
1581 2648 1596 2687 :

399 2717 512 2766 Heu
536 2715 640 2767 mel
665 2721 847 2780 quippe
871 2719 987 2767 mihi
1011 2719 1212 2769 vulnera
1241 2720 1404 2783 lingua
1429 2722 1582 2772 dedit.

266 2798 444 2853 Paulo
473 2807 589 2867 post
621 2797 882 2868 adjungit,
907 2797 1028 2870 Ipse
1051 2802 1176 2856 meis
1215 2814 1388 2871 parcet
1426 2804 1632 2870 erratis,
1659 2804 1865 2861 scilicet

267 2892 442 2954 Deus,
473 2899 528 2944 et
549 2887 714 2957 Culpa
743 2889 948 2958 quidem
980 2892 1148 2960 gravis
1169 2901 1260 2945 est.
1296 2893 1360 2947 Et
1385 2893 1579 2948 clarius
1608 2894 1744 2949 infra
1773 2911 1785 2947 ε

396 2981 564 3048 Culpi
567 2981 683 3029 mihi
703 2979 868 3030 fuerat
885 2981 1106 3030 dominos
1127 2985 1346 3033 reticere
1368 2985 1637 3048 modestos,

459 3045 564 3114 67
596 3052 922 3114 Ignotumque
945 3054 1060 3102 tnihi
1078 3054 1323 3113 scribere,
1347 3069 1443 3106 nec
1461 3045 1726 3106 dominum.

266 3135 330 3191 ln
374 3111 561 3190 codice
610 3111 804 3204 Azagr.
841 3111 1137 3203 perperam
1184 3111 1426 3190 molestos
1468 3153 1563 3205 pro
1590 3139 1860 3192 modestos.
1893 3111 1938 3173 Ο

266 3227 502 3296 Culpam
551 3239 704 3280 suam
735 3223 962 3280 subinde
994 3225 1314 3282 Dracontius
1353 3228 1580 3297 pulchro
1617 3232 1864 3299 exemplo

266 3318 498 3390 exponit
526 3334 541 3372 :

399 3410 571 3473 Qualis
593 3416 645 3459 et
677 3412 896 3470 ingratos
917 3411 1159 3472 sequitur,
1185 3412 1268 3473 qui
1293 3419 1462 3461 mente
1489 3411 1702 3473 profana,

461 3472 582 3533 Cum
605 3473 858 3520 Dominum
879 3473 1059 3533 norint,
1086 3472 1213 3521 idola
1237 3486 1356 3521 vana
1381 3472 1566 3522 colunt.

397 3532 734 3596 Israelitarum
756 3533 983 3596 pepulum
1005 3532 1239 3596 sicculpa
1263 3535 1489 3596 tenebat,

465 3545 734 3582 'aentarum
756 3545 983 3641 pupulum
1005 3546 1076 3582 src
1097 3545 1239 3596 culpa
1263 3545 1489 3596 tenebat,

465 3594 670 3654 Quando
692 3595 755 3642 ob
777 3597 842 3643 ita
867 3594 1025 3643 Deum
1053 3594 1192 3656 plebs
1216 3595 1416 3644 vitulum
1440 3595 1607 3644 coluit.

269 3679 376 3734 llic
404 3691 568 3747 rogo,
600 3690 705 3745 quo
737 3683 891 3745 pacto
934 3677 1001 3729 ad
1051 3692 1238 3746 poema
1287 3691 1497 3731 sacrum
1543 3681 1608 3732 de
1649 3677 1862 3746 opificio

267 3785 368 3824 sex
394 3768 606 3825 dierum
639 3767 756 3821 lucc
799 3767 934 3821 trahi
966 3769 1224 3836 possunt?
1259 3767 1366 3822 Cur
1405 3769 1558 3838 culpa
1591 3767 1688 3823 fuit
1718 3769 1769 3822 in
1796 3784 1862 3823 eo

270 3865 339 3919 de
392 3859 640 3930 principe
689 3876 795 3914 non
847 3859 1031 3928 loqui?
1069 3870 1160 3914 aut
1185 3876 1282 3914 cur
1313 3862 1357 3916 is
1384 3862 1538 3915 irasci
1565 3861 1634 3914 ob
1662 3866 1762 3914 hoc
1791 3860 1863 3913 si-

273 3954 505 4008 lentium
555 3950 776 4005 debuit?
814 3959 909 4005 aut
953 3965 1051 4004 cur
1076 3951 1198 4017 ille,
1230 3952 1317 4020 qui
1349 3952 1441 4006 Dei
1471 3951 1655 4006 laudes
1695 3952 1859 4017 canit,

271 4055 324 4101 et
355 4045 426 4100 de
449 4058 553 4099 suo
582 4044 822 4114 principe
846 4043 986 4109 silet,
1017 4053 1358 4114 comparatur
1385 4045 1433 4099 ei
1464 4045 1574 4114 qui,
1603 4060 1718 4098 cum
1755 4044 1863 4098 Do-

270 4140 473 4192 minum
502 4137 657 4202 norit,
683 4135 825 4189 idola
853 4153 983 4190 vana
1008 4137 1163 4190 colit?
1200 4137 1314 4191 Non
1342 4153 1469 4208 ergo
1494 4138 1562 4193 de
1593 4138 1860 4192 Dracontii

273 4237 531 4297 poemate
557 4227 697 4297 quod
728 4226 984 4281 habemus
1007 4267 1022 4292 ,
1070 4226 1164 4282 sed
1197 4228 1264 4282 de
1293 4227 1397 4284 alio
1421 4272 1435 4296 ,
1483 4244 1591 4299 quo
1619 4230 1735 4298 ejtts
1765 4246 1856 4284 rex

273 4320 519 4376 oilettsus
550 4319 667 4384 fuit,
698 4319 822 4389 quia
852 4320 905 4372 in
940 4320 1148 4375 laudem
1180 4321 1404 4391 alicujus
1434 4323 1515 4378 sui
1547 4324 1715 4379 hosds
1744 4332 1860 4378 erat

274 4409 657 4480 compositum,
687 4409 1016 4479 intelligendi
1042 4421 1164 4464 sunt
1196 4426 1384 4467 versus
1413 4428 1562 4482 seqq.
1592 4431 1604 4465 :

402 4501 576 4552 Coram
592 4509 652 4563 te
674 4502 880 4563 primum
905 4515 1005 4563 me,
1029 4505 1256 4552 carminis
1285 4504 1415 4552 illius
1437 4519 1546 4554 orsa

466 4561 604 4619 Quod
625 4561 752 4611 male
769 4561 1003 4626 disposuii
1028 4573 1249 4626 postntet,
1280 4580 1342 4613 en
1364 4567 1534 4616 fateor.

409 4623 528 4694 Post
542 4632 624 4694 .te,
649 4636 837 4694 sumine
860 4625 1010 4694 Deus,
1029 4623 1148 4682 'regi
1173 4623 1463 4687 dominoque
1487 4643 1603 4679 reus
1620 4642 1746 4694 sum,

468 4684 615 4745 Cujus
631 4686 692 4732 ab
713 4687 917 4746 imperio
941 4698 1085 4747 posco
1104 4700 1313 4748 gemens
1333 4704 1355 4736 ν
1365 4684 1541 4738 eniam.

276 4772 412 4839 Qua:
438 4769 710 4836 omnia,et
734 4769 881 4837 plora
909 4769 1012 4823 alia
1042 4786 1162 4838 qua:
1192 4783 1508 4840 sequuntur,
1545 4775 1594 4829 id
1627 4777 1865 4830 cilicium

277 4863 424 4932 quod
453 4862 562 4916 dixi
589 4899 608 4929 ,
637 4861 692 4914 in
739 4861 837 4914 hac
863 4861 1085 4930 epistola
1133 4877 1236 4916 non
1279 4862 1409 4918 illud
1438 4879 1598 4935 agere
1631 4866 1867 4921 Dracon-

280 4957 436 5020 tium,
474 4964 533 5007 ut
559 4967 590 5007 a
612 4952 723 5008 Deo
750 4955 956 5008 veniam
983 4963 1127 5022 petat
1147 4955 1318 5024 siquid
1348 4959 1586 5012 carmine
1612 4961 1678 5013 de
1703 4976 1867 5028 opere

281 5059 375 5101 sex
411 5044 621 5098 dierutn
670 5043 912 5099 incautus
952 5055 1226 5112 errasset,
1261 5055 1315 5100 et
1361 5062 1388 5099 a
1435 5047 1737 5104 Theodosio
1777 5051 1870 5105 Ju-

283 5133 611 5204 niore,quod
627 5133 818 5188 eodem
837 5150 999 5204 opere
1027 5135 1094 5190 de
1123 5137 1268 5191 illius
1296 5139 1576 5208 triumphis
1596 5142 1867 5198 tacuisset.

354 5226 445 5280 9i.
489 5226 697 5280 Revera
725 5240 844 5279 cum
871 5227 1109 5282 codicem
1152 5228 1487 5297 Vaticanum,
1520 5232 1604 5286 ubi
1649 5251 1868 5291 cnrtnen

284 5321 354 5376 de
385 5320 494 5376 Deo
519 5329 716 5386 exstat,
750 5320 1178 5389 perlustrassem,
1214 5332 1268 5376 et
1298 5325 1349 5376 in
1377 5341 1429 5378 nt
1464 5324 1619 5394 hujus
1649 5345 1867 5394 poema-

285 5412 358 5467 tis
382 5414 516 5467 libro
546 5413 792 5483 legissem
820 5413 1012 5483 quibus
1039 5417 1291 5468 aerumnis
1314 5431 1601 5485 oppressus
1631 5420 1867 5476 Dracon-

290 5506 393 5558 tius
422 5504 525 5560 hoc
550 5519 684 5572 opus
709 5506 1049 5574 composuit,
1095 5509 1211 5560 sine
1257 5507 1362 5561 ulla
1393 5509 1727 5568 dubitatione
1756 5517 1867 5570 col-

292 5595 395 5664 legi
419 5610 540 5650 eum
572 5598 780 5651 veniam
810 5614 838 5652 a
871 5613 995 5668 rege
1022 5612 1120 5653 suo
1143 5609 1350 5669 petere,
1382 5617 1540 5672 quem
1587 5605 1657 5660 ita
1687 5608 1869 5675 gravi-

295 5696 373 5741 ter
417 5685 748 5758 offenderat,
797 5698 850 5744 ut
896 5690 948 5744 in
978 5689 1182 5746 vincula
1235 5693 1419 5750 fuisset
1465 5695 1778 5766 conjectus,
1815 5708 1868 5754 et

1962 467 2170 521 comins
2200 484 2264 522 eo
2295 470 2412 536 |ib.,
2444 487 2583 527 vers.
2617 476 2721 530 576
2744 494 2888 548 seqq.
2921 498 2932 531 ε

2038 619 2040 621 .
2087 578 2334 657 Amih’i
2359 583 2392 657 !_
2415 584 2540 657 quod
2568 585 2747 634 facinus
2781 601 2876 637 non
2900 604 2996 639 uno
3021 603 3241 655 tempore
3267 603 3479 657 gestum,

2091 639 2151 690 Ut
2173 654 2282 690 mea
2305 639 2446 692 facta'
2469 645 2613 706 luam,
2641 657 2834 710 tempus
2851 639 3146 703 convenitiu
3170 639 3333 706 ιιτῖιιῗιῖ.

2088 733 2145 780 .“1
2171 737 2183 750 .
2212 739 2308 780 :5.
2339 741 2350 752 .
2381 743 2391 752 .
2415 743 2432 780 Δ.
2547 742 2560 755 .
2589 746 2600 755 .
2627 745 2638 756 .
2668 745 2680 780 _.
2706 710 2888 780 Gravor
2907 715 3118 776 undique
3154 731 3368 780 pressus,

2089 763 2254 840 ‘Viuela
2274 765 2447 836 ligant,
2474 775 2711 840 tormenta
2737 773 2953 840 domant,
2981 763 3460 840 consumit‘eg't-slas.

2088 822 2370 900 1;u_dib_riuin
2395 822 2609 890 generis.
2633 831 2768 880 dolor
2792 822 3030 896 omnibus,
3043 822 3218 900 atque
3235 822 3460 890 inim-ictis-

2215 895 2406 966 Factus,
2435 905 2484 946 et
2507 907 2686 948 etttttus
2709 914 2879 961 magna
2903 906 2966 966 de
2987 895 3131 966 parte
3149 912 3384 958 bonorum

2084 957 2306 1024 grinibus
2340 961 2575 1024 intonsus,
2604 973 2773 1023 pann;s
2789 957 3140 1024 stjuallet'itibus
3164 957 3314 1018 usus.

2087 1018 2241 1091 ﬁetus
2260 1026 2315 1091 et
2339 1021 2532 1091 ignotus
2553 1018 2746 1091 tlesttnt,
2775 1018 2943 1091 abiere
2970 1042 3222 1091 parentes,

2086 1079 2371 1156 ye'quibus
2393 1083 2624 1156 itttjiendi,
2654 1079 2761 1156 mox
2786 1079 3069 1156 dedidicere
3093 1079 3368 1156 propinqui,

2087 1140 2179 1206 Yel
2205 1140 2485 1205 quicunque
2510 1140 2620 1206 fuit.
2649 1147 2812 1195 subito
2831 1149 3049 1199 discessit
3077 1140 3274 1202 amicus.

2087 1203 2290 1277 égmipa
2317 1203 2805 1268 servorum'fugiunl,
2831 1218 3081 1277 tempsere
3105 1215 3333 1277 clientes,

2088 1263 2190 1312 Nec
2213 1265 2420 1315 doluere
2443 1281 2601 1316 meam
2629 1263 2754 1318 lauta
2783 1263 2870 1318 sub
2890 1263 3027 1323 clade
3053 1263 3260 1325 ruinam.

2091 1325 2335 1394 irasci-nte
2370 1327 2492 1380 Deo.
2520 1329 2687 1378 solatia
2712 1340 2882 1382 cuncta
2909 1345 3166 1394 negaretur.

2087 1387 2190 1457 {loc
2212 1399 2437 1457 superest
2469 1398 2519 1438 ut
2543 1394 2635 1440 vita
2661 1394 2823 1457 cadat,
2837 1395 2927 1443 nisi
2955 1387 3160 1457 parcere
3184 1402 3314 1450 mitis

2084 1448 2302 1499 Jusseris
2323 1451 2518 1512 at‘tlieto,
2543 1466 2690 1514 quem
2712 1455 2783 1503 sic
2805 1448 3006 1519 fregere
3032 1459 3240 1510 dolores.

1965 1552 2086 1607 Ihec
2115 1564 2168 1608 et
2197 1554 2298 1607 alia
2329 1555 2398 1608 ibi
2433 1555 2839 1624 Dracontius,et
2865 1569 3078 1617 catenas
3100 1565 3399 1633 praisertim
3427 1581 3531 1625 tuo

1963 1654 2134 1698 morat
2161 1662 2304 1700 vers.
2334 1647 2437 1701 648
2470 1664 2484 1700 :

2086 1740 2192 1809 ille,
2209 1753 2348 1802 rogo,
2366 1740 2460 1801 jam
2487 1755 2659 1809 repara
2683 1745 2773 1792 sui)
2792 1745 3024 1796 libertate
3047 1747 3276 1809 solutum,

2082 1802 2226 1850 Clade
2254 1802 2742 1862 eatenarunt'l'errato
2768 1809 2985 1869 pondere
3015 1823 3252 1870 pressum.

1957 1882 2074 1949 Quo
2101 1882 2328 1940 fortasse
2359 1888 2575 1954 respicit
2606 1904 2745 1943 vers.
2776 1889 2879 1945 60‘2
2907 1905 3044 1961 seq.,

2088 1977 2140 2046 Et
2156 1976 2400 2046 lacrymas
2425 1981 2628 2030 intende
2647 1995 2799 2042 meas,
2828 1997 2950 2046 quas
2972 1985 3120 2035 fundo
3144 1989 3320 2039 diurne

2084 2039 2276 2102 Tristis,
2302 2050 2354 2090 et
2379 2052 2588 2092 extenso
2612 2039 2880 2106 prostraus
2901 2060 3106 2110 corpore
3128 2051 3333 2114 [,ilattgo;

1963 2145 2061 2198 nisi
2090 2145 2190 2200 hoc
2219 2146 2340 2201 loco
2365 2147 2538 2202 innuit
2579 2150 2780 2219 lignum
2812 2163 2902 2206 aut
2933 2168 3152 2208 nervum
3192 2171 3296 2226 quo
3328 2171 3542 2214 reorum

1962 2238 2124 2306 pedes
2173 2240 2368 2294 includi
2417 2242 2660 2298 solebant
2688 2253 2741 2299 et
2771 2261 2922 2299 «rura
2950 2247 3164 2302 extendi
3197 2290 3212 2308 .
3239 2259 3350 2314 aut,
3379 2261 3434 2305 ut
3467 2251 3533 2305 lo-

1960 2331 2142 2398 quitur
2171 2332 2484 2388 Piudentins
2518 2335 2568 2389 in
2604 2336 2901 2406 Vincentio,
2932 2341 3223 2396 divaricari.

2033 2422 2123 2476 92.
2163 2423 2316 2478 Clara
2365 2423 2476 2478 hac
2519 2435 2663 2492 sunt,
2712 2429 2804 2482 sed
2833 2431 3056 2485 clariora
3091 2449 3206 2502 qua:
3239 2435 3289 2486 in
3319 2434 3426 2487 alio
3454 2451 3536 2489 eo.

1962 2515 2081 2570 dice
2106 2515 2366 2571 Vaticano
2419 2519 2598 2572 inveni
2627 2560 2640 2584 ,
2693 2521 2779 2574 ubi
2829 2522 2996 2592 elegia
3043 2525 3307 2579 Dracontii
3356 2527 3543 2594 legitur

1964 2605 2198 2660 nondum
2230 2607 2297 2659 ab
2337 2607 2574 2677 Eugo-nio
2604 2620 2692 2677 aut
2731 2612 2798 2666 ab
2827 2612 2948 2667 aliis
2975 2613 3308 2682 interpolata.
3340 2615 3541 2681 Quippe

1964 2696 2017 2751 in
2049 2697 2216 2766 elegia
2245 2699 2470 2767 gen-tina
2503 2716 2564 2753 ea
2595 2701 2709 2770 ipsa
2737 2718 2854 2771 qua:
2881 2719 2946 2758 ex
2995 2704 3280 2758 Sirtnondo
3326 2708 3547 2773 protuli,

1963 2789 2268 2845 distinctius
2314 2793 2670 2860 explicantur,
2723 2805 2777 2849 et
2823 2795 2924 2848 alia
2969 2796 3236 2851 adduntur
3281 2812 3400 2866 quae
3431 2811 3546 2851 rem

1965 2887 2128 2935 totam
2156 2892 2342 2949 aperte
2372 2882 2666 2940 declarant.
2699 2884 2789 2940 Sic
2817 2900 2958 2940 vers.
2986 2887 3050 2940 17
3085 2888 3157 2941 ait
3190 2887 3540 2942 Dracontius:

2091 2971 2196 3038 Hoc
2215 2981 2296 3038 tua
2321 2973 2470 3038 verba
2497 2974 2894 3038 probantihloseo
2915 2977 3041 3025 dicta
3062 2979 3332 3038 prophetas,

2153 3035 2290 3092 Quod
2310 3033 2574 3084 duraturus
2595 3047 2678 3082 cor
2699 3037 2965 3086 Pharaon‘s
2987 3033 3113 3086 eras.

2090 3095 2179 3158 Sic,
2204 3108 2313 3144 mea
2339 3098 2480 3145 corda
2509 3097 2658 3152 Detts,
2687 3107 2848 3147 nostro
2873 3108 3109 3158 peccante
3134 3107 3272 3149 reatu

2155 3157 2413 3220 Temporis
2434 3160 2693 3219 immodici,
2722 3159 2860 3220 pellit
2883 3160 2942 3209 ad
2967 3161 3148 3212 illicita.

2097 3218 2258 3285 Ut__qui
2275 3219 2411 3285 facta
2431 3221 2606 3285 ducum
2633 3218 2826 3285 possem
2850 3236 3045 3270 narrare.
3067 3235 3304 3285 mearum,

2150 3280 2370 3346 Nominis
2390 3283 2624 3340 Asdmgui
2647 3283 2774 3332 bella
2798 3285 3173 3346 triumphigera,

2097 3339 2234 3406 Unde
2257 3345 2373 3391 mihi
2399 3339 2592 3392 merces
2614 3351 2778 3406 posset
2797 3358 2906 3394 cum
2929 3339 3075 3397 laude
3095 3339 3265 3395 salutis

2161 3404 2364 3468 Munere
2387 3404 2636 3465 regnantis
2655 3418 2829 3466 magna
2851 3412 3023 3458 venire
3049 3409 3211 3468 simul,

2095 3463 2299 3512 Praemia
2316 3463 2646 3526 despicerem,
2667 3463 2758 3517 elc'.

1963 3547 2168 3603 Deinde
2201 3564 2344 3603 vers.
2379 3548 2448 3603 49
2478 3552 2554 3605 sic
2585 3550 2779 3605 habet:

1962 3639 2071 3709 69
2091 3645 2200 3717 ipse
2234 3660 2346 3695 meo
2365 3648 2559 3717 domino
2583 3647 2721 3717 Deus
2745 3650 3151 3717 i_mperat,_alqtte
3173 3655 3368 3717 juhebit

2150 3707 2215 3758 Ut
2241 3721 2318 3757 tne
2339 3711 2569 3758 restituat
2592 3707 2922 3772 resjiiciat'qne
2948 3707 3071 3774 pius.

1967 3811 2253 3866 Dominum
2288 3822 2441 3866 voczit
2468 3827 2622 3867 suum
2655 3829 2865 3883 regem,
2898 3816 2966 3870 de
2994 3832 3098 3882 quo
3124 3821 3295 3888 pergit
3324 3820 3542 3878 dicere:

2085 3903 2281 3974 Scr‘vel,
2311 3903 2384 3951 avi
2423 3910 2472 3951 ut
2501 3903 2674 3974 laudes
2693 3905 2868 3974 dicam,
2895 3907 3192 3968 patriasque,
3217 3921 3451 3974 suasque,

2153 3964 2348 4027 Perque
2367 3979 2479 4014 suas
2503 3966 2664 4026 proles
2686 3968 2823 4031 regia
2851 3964 2956 4018 veta
2982 3964 3169 4018 cauam.

1966 4048 2152 4104 Postea
2185 4064 2313 4104 vero
2342 4064 2483 4104 vers.
2515 4049 2650 4106 285:

2085 4142 2137 4192 Si
2155 4143 2277 4210 jpse
2299 4156 2394 4205 ego
2415 4145 2628 4210 peccavi,
2652 4157 2870 4210 quamam
2889 4153 3122 4210 est,r0go,
3146 4147 3284 4210 culpa
3308 4161 3543 4210 meorum,

2149 4204 2280 4263 Quos
2298 4204 2440 4252 simul
2466 4204 2687 4266 exagitat
2709 4207 2864 4267 frigus
2889 4204 3125 4270 inopsque
3149 4204 3342 4258 fames?

1963 4285 2029 4338 Et
2057 4299 2244 4339 rursus
2270 4299 2408 4338 vers.
2444 4285 2540 4340 511
2570 4302 2583 4337 :

2085 4379 2385 4447 Da‘veniam,
2411 4381 2673 4447 miserere,
2701 4392 2893 4447 precor,
2918 4395 3149 4447 sttrourre
3172 4387 3359 4445 roganti
3383 4401 3397 4447 ;

2152 4439 2357 4488 Pristina
2381 4440 2620 4489 sufficiant
2645 4444 2875 4500 verbera,
2902 4444 3076 4506 vincla,
3105 4439 3272 4495 fames.

1965 4521 2168 4590 Quibus
2217 4523 2466 4577 omnibus
2509 4527 2718 4578 accedit
2766 4535 2886 4579 nota
2929 4529 2980 4580 in
3013 4529 3116 4584 line
3147 4530 3330 4599 elegiae
3357 4535 3543 4590 eadem

1964 4611 2136 4666 veteri
2173 4628 2332 4666 manu
2363 4612 2540 4666 addita
2568 4631 2582 4668 :
2612 4612 2840 4683 Explicit
2869 4617 3166 4686 Satisfactio
3196 4621 3460 4678 Drucnntii
3481 4628 3547 4680 ad

1965 4699 2352 4756 Gut/tamndum
2389 4719 2554 4774 regem
2578 4703 2968 4762 Guandalorum
2987 4750 3002 4773 ,
3045 4711 3167 4765 dum
3194 4724 3322 4768 esset
3353 4719 3403 4768 in
3434 4719 3546 4770 vin-

1964 4793 2116 4847 culis.

2038 4883 2126 4953 95_.
2175 4883 2314 4939 llinc'
2351 4889 2510 4940 etiam
2541 4898 2749 4944 constat
2772 4933 2788 4956 ,
2843 4908 2946 4948 non
2973 4893 3038 4949 ad
3069 4895 3426 4950 Theodosium
3459 4897 3549 4952 .lu-

1972 4975 2176 5029 niorem
2209 4978 2528 5044 Augustum,
2559 4987 2616 5034 ut
2639 4982 2811 5036 codex
2843 4983 3115 5039 Sirmondi
3147 4986 3230 5040 hal
3251 4998 3325 5049 et,
3357 4987 3450 5042 sed
3483 4990 3547 5042 ad

1973 5081 2153 5130 regem
2168 5066 2527 5124 Vandalorum
2554 5112 2568 5134 ,
2595 5073 2709 5127 sive
2734 5113 2748 5138 ,
2778 5083 2836 5127 ut
2861 5076 2948 5129 alii
2980 5077 3213 5129 scribunt
3234 5076 3548 5142 ,Wandulo-

1973 5173 2115 5219 rttm,
2142 5158 2400 5212 directam
2435 5159 2600 5217 fuisse
2634 5163 2899 5218 Dracontii
2930 5164 3372 5220 Satisfaetionem.
3397 5168 3548 5234 Quod

1973 5259 2150 5304 autem
2191 5267 2284 5306 rex
2313 5251 2705 5309 Guandalorum
2735 5258 2786 5310 in
2817 5256 3000 5310 codice
3031 5255 3289 5309 Vaticano
3319 5257 3549 5323 dicatur,

1975 5341 2108 5396 nihil
2135 5342 2332 5396 refert:
2363 5359 2484 5398 nam
2513 5346 2612 5400 etsi
2642 5346 2741 5399 hoe
2767 5346 3016 5399 mendum
3045 5355 3208 5410 esset,
3226 5347 3344 5404 leve
3372 5359 3551 5407 tamen

1975 5443 2138 5488 esset.
2187 5434 2293 5490 Sed
2343 5438 2554 5505 reperio
2610 5437 2902 5491 Wandalos
2949 5439 3072 5492 olim
3124 5451 3346 5495 vocatos
3391 5445 3551 5501 etiam

1975 5523 2140 5581 fuisse
2169 5527 2468 5582 Guandaloa
2507 5543 2527 5583 :
2568 5528 2636 5582 ita
2683 5539 2832 5582 certe
2866 5539 3124 5584 vocantur
3160 5531 3214 5587 in
3245 5535 3440 5603 glossis
3489 5538 3552 5593 ad

1975 5617 2253 5673 Aratorem
2285 5621 2405 5673 cod.
2444 5620 2556 5672 Vat.
2591 5619 2806 5686 Reginae
2837 5636 2982 5674 num.
3013 5621 3140 5689 500,
3175 5627 3355 5680 saeculi
3401 5643 3454 5693 tt,
3489 5629 3552 5684 ad

1974 5725 2113 5764 vers.
2136 5711 2170 5763 9.
2189 5711 2336 5779 prtcf.
2356 5711 2411 5775 ‘2,
2430 5711 2514 5764 ubi
2543 5711 2689 5778 gloss
2707 5719 2808 5767 stor
2834 5713 2905 5767 ait
2930 5730 2944 5767 :
2971 5714 3139 5782 Tum,
3175 5718 3226 5772 id
3247 5729 3320 5773 est
3349 5721 3552 5783 quando
