4030 6170
451 323 553 376 M7

1854 283 2300 342 DllACONTIL‘S.

3612 279 3715 334 6i8

445 428 612 483 Iloma
639 423 837 478 obsessa
870 421 985 490 fuit,
1010 427 1054 473 et
1075 425 1300 485 tempore
1321 427 1419 482 quo
1439 407 1696 463 Guandali
1725 407 2023 459 obsederunt
2058 407 2098 462 Α
2129 400 2316 457 eodem
2365 399 2580 490 nomine
2623 399 2967 490 Asdingormn
2999 393 3218 490 Grotius
3245 395 3441 490 excitat
3475 393 3714 490 Priscum

447 520 666 575 Romam
694 525 741 570 et
764 512 1090 567 devastabant
1131 516 1288 560 totum
1320 503 1599 574 regionem,
1647 511 1758 552 orta
1795 505 1869 551 est
1901 511 2020 547 con-

447 613 601 666 tentio
615 611 680 664 de
698 607 926 679 eligendo
953 595 1251 675 apostolico,
1273 597 1364 650 sed
1393 603 1566 663 postea
1592 593 1747 647 electo
1775 605 1908 660 papa
1928 587 2024 656 ,Vi-

447 705 572 776 gilio
610 705 924 756 recesserunt
965 697 1150 760 hostes,
1183 703 1230 745 et
1253 691 1315 744 de
1341 689 1438 742 hoc
1460 687 1681 755 loquitur
1701 680 2027 776 modoafl‘al—

446 773 564 854 sum
592 796 804 867 quidem
831 802 912 848 est
936 789 1160 844 Romam
1190 795 1316 838 tunc
1347 783 1508 837 fuisse
1535 779 1810 833 obsessam
1842 791 1868 826 a
1886 773 2026 826 Van-

446 890 584 943 dalis
654 899 878 955 quorum
910 896 1040 950 opes
1075 879 1125 932 in
1155 863 1330 930 Alrira
1363 871 1521 940 paulo
1549 876 1675 924 ante
1706 884 1734 921 a
1765 863 2026 955 Belisario

450 957 663 1036 fuerant
679 954 898 1047 penitus
919 970 1132 1026 excisae.
1157 969 1263 1026 Sed
1287 961 1504 1041 minime
1527 959 1711 1013 dubito
1737 957 1861 1027 quin
1885 954 2028 1025 glos-

448 1065 898 1127 satorWandalos
950 1065 1001 1118 in
1034 1058 1321 1116 Guandalis
1348 1052 1697 1118 intellexerit,
1727 1061 1812 1102 aut
1840 1048 2025 1101 saltem

451 1163 697 1220 librarius
720 1176 816 1231 pro
838 1157 1116 1213 Wandalis
1154 1150 1454 1208 Cuandalos
1510 1143 1806 1214 scripserit.
1845 1140 2029 1209 Neque

449 1257 600 1310 deest
629 1255 765 1308 ratio
808 1266 902 1305 cur
927 1247 1173 1302 Wandali
1205 1243 1308 1299 dici
1345 1240 1556 1313 possint
1585 1233 1843 1290 Guandali
1867 1247 1885 1285 :
1907 1247 2028 1285 nam

451 1365 494 1402 ου
525 1347 768 1401 eamdem
799 1343 903 1397 vim
944 1341 1106 1395 habet
1130 1353 1193 1393 ac
1221 1355 1290 1404 gu
1320 1337 1370 1388 in
1401 1333 1583 1388 multis
1619 1329 1945 1390 nominibus,
1975 1333 2034 1378 ut

455 1435 716 1507 Wlphilas
742 1474 757 1499 ,
801 1442 856 1488 et
882 1429 1156 1498 Gulphilas
1182 1467 1197 1492 ,
1228 1424 1520 1481 Wilielmns
1546 1463 1561 1488 ,
1614 1430 1668 1474 et
1694 1416 2032 1478 Guilielmus;

453 1535 714 1594 notatque
742 1523 893 1592 Hugo
922 1519 1138 1576 Grotius
1187 1517 1239 1586 in
1272 1515 1448 1570 indice
1479 1511 1754 1567 nominum
1782 1507 2036 1563 Gothico-

452 1633 572 1673 rum
599 1657 613 1681 ,
643 1614 1053 1670 Vaudalicorum
1079 1649 1093 1673 ,
1134 1619 1239 1663 etc.
1265 1647 1281 1673 ,
1316 1615 1436 1676 post
1463 1601 1791 1675 Jornandein
1818 1609 1871 1654 et
1901 1597 2034 1652 alios

455 1709 802 1780 historicosa
833 1719 892 1759 se
921 1703 1096 1758 editos
1119 1739 1135 1766 ,
1165 1716 1208 1753 ιο
1240 1699 1291 1753 in
1323 1715 1396 1768 gtt
1439 1695 1748 1762 frequenter
1792 1691 1860 1746 ab
1891 1689 2034 1745 Italis

2128 493 2414 548 Patricium
2443 531 2459 556 ,
2489 489 2585 546 sed
2618 490 2848 544 fortasse
2874 487 3045 542 voluit
3084 487 3265 542 dicere
3294 484 3510 541 Petrum
3544 486 3716 543 Patri-

2126 587 2290 641 cium.
2321 579 2621 640 Jornandes
2650 623 2665 649 ,
2696 582 2762 637 de
2787 581 2920 636 Reb.
2949 579 3127 636 Getic.
3159 594 3279 650 cap.
3311 578 3402 647 l6,
3435 579 3504 636 de
3533 579 3719 635 Ostro-

2127 677 2285 747 gotha
2327 689 2454 744 rege
2496 672 2792 727 Gothorum
2842 670 2942 725 sub
2980 669 3226 740 Philippo
3267 670 3589 741 imperatore
3637 671 3718 728 lo-

2129 784 2299 840 quens
2329 770 2403 823 ait
2444 791 2457 821 :
2507 766 2741 836 Triginta
2771 763 2932 818 millia
2970 764 3194 817 virorum
3231 772 3432 816 armata
3467 766 3723 833 prodam

2129 861 2196 915 ad
2222 860 2478 930 pra'lium,
2510 857 2754 912 adhibitis
2781 857 2878 911 sibi
2912 855 3181 926 Thaphilis
3244 865 3288 908 et
3317 855 3590 926 Astringis.
3622 854 3726 908 Bo-

2131 961 2425 1007 naventura
2461 949 2751 1003 Vulcanius
2800 950 2851 1002 in
2893 957 3032 1002 notis
3089 962 3185 1014 pro
3235 947 3447 1001 diversa
3497 947 3728 1002 lcetione

2131 1043 2317 1097 scribit
2363 1040 2617 1110 Thuifulis
2662 1050 2716 1094 et
2763 1039 3022 1107 Asdingis.
3071 1037 3215 1092 Idem
3262 1037 3606 1106 Jornandes,
3659 1039 3729 1092 de

2133 1136 2266 1192 Reb.
2295 1134 2470 1190 Getic.
2522 1149 2640 1203 cap.
2672 1132 2776 1198 2:2,
2821 1133 2888 1187 de
2936 1147 3062 1202 rege
3095 1132 3389 1186 Gotlnzrum
3422 1131 3728 1188 Gebericho

2129 1227 2231 1281 sub
2261 1227 2650 1281 Constantino:
2679 1224 2914 1279 Gloriam
2943 1225 3141 1296 geretis
3165 1225 3247 1278 sui
3271 1224 3420 1290 {actis
3443 1225 3730 1279 illustribus

2134 1320 2435 1385 equuavit,
2468 1319 2721 1392 primitias
2748 1319 2890 1387 regni
2913 1319 2993 1372 sui
3018 1333 3136 1371 mox
3157 1318 3209 1370 in
3247 1315 3563 1370 Wandalica
3582 1329 3733 1388 gente

2135 1412 2402 1466 extendere
2425 1411 2635 1480 cupiens
2662 1419 2842 1464 contra
2881 1409 3122 1463 Visumar
3151 1395 3325 1484 eorum
3347 1425 3516 1480 regem
3539 1412 3734 1464 Asdin-

2135 1518 2312 1572 garum
2342 1518 2369 1555 e
2397 1502 2572 1572 stirpe,
2601 1515 2716 1572 qua:
2743 1502 2874 1554 inter
2907 1516 2994 1554 eos
3018 1502 3222 1565 eminet,
3252 1517 3510 1571 genusque
3535 1501 3734 1555 indit-at

2137 1593 2574 1646 bellicosissimunt
2600 1634 2614 1657 ,
2665 1591 2896 1662 Dexippo
2939 1593 3180 1646 historico
3223 1593 3492 1662 referente.
3548 1592 3734 1662 Itaque

2139 1681 2354 1737 Grotius
2382 1683 2435 1737 in
2465 1682 2776 1751 prmlatione
2818 1683 2884 1736 ad
2914 1681 3238 1738 Jornandem
3288 1684 3534 1753 aliosque
3563 1683 3734 1738 histo-

454 1811 510 1857 et
537 1799 703 1854 Gallis
746 1775 961 1850 mutari.
991 1792 1260 1847 Potuissct
1305 1788 1504 1843 addere
1547 1786 1810 1854 llispauos
1835 1799 1848 1835 :
1873 1781 1960 1852 qui
1989 1781 2032 1835 si
2069 1773 2111 1831 Β
2141 1773 2280 1827 ricos
2305 1813 2321 1840 ,
2371 1774 2575 1844 primos
2610 1772 2966 1832 Vaudaloram
3013 1788 3167 1842 reges
3194 1783 3440 1830 recenset
3478 1774 3686 1828 Rhaum
3714 1817 3732 1841 _.

455 1892 524 1947 ad
554 1892 690 1944 hanc
726 1888 835 1958 7o
861 1884 1100 1953 aliasque
1153 1878 1458 1949 huiusmodi
1489 1876 1895 1932 observationes
1924 1872 2038 1926 ani—

456 1999 600 2041 mum
643 1981 1023 2041 adverterent,
1072 1973 1278 2029 facilius
1311 1969 1541 2042 plurium
1572 1981 1759 2022 vocum
1787 1965 1870 2020 sui
1903 1962 2038 2019 idio-

457 2076 616 2134 matis
641 2059 900 2143 or'ginem
931 2061 1254 2124 invenirent.
1290 2065 1345 2120 lu
1379 2059 1705 2116 Dictionario
1736 2056 2064 2112 Academia:-

456 2163 610 2236 llisp.
645 2164 778 2219 nihil
808 2160 1062 2217 delinitur
1092 2157 1234 2212 unde
1258 2155 1459 2210 dictum
1490 2153 1560 2206 sit
1584 2159 1792 2222 guante,
1814 2164 1932 2217 qua:
1958 2155 2040 2200 est

457 2245 790 2320 chirotbeca,
841 2254 941 2310 nisi
969 2245 1109 2323 quod
1140 2248 1368 2305 refertur
1393 2245 1576 2315 Opinio
1620 2241 1922 2305 Hrocensis,
1952 2239 2040 2308 qui

457 2351 712 2408 censebat
739 2365 768 2402 a
798 2346 1020 2403 civitate
1050 2341 1306 2398 Gandavo
1331 2379 1347 2404 ,
1399 2337 1542 2392 unde
1588 2335 1767 2390 afferri
1796 2332 2044 2388 solebant

457 2442 806 2507 cbirothecm,
837 2431 1162 2507 appellatum
1187 2441 1396 2504 guante.
1428 2428 1738 2498 Stephanus
1761 2427 2040 2486 Terreros,

457 2537 548 2609 qui
578 2531 762 2606 paucis
791 2539 916 2585 ante
941 2528 1096 2583 annis
1124 2524 1378 2580 Forolivii
1407 2520 1678 2583 decessit,
1719 2517 2044 2572 laboriosum

457 2640 513 2687 et
552 2627 821 2684 eruditum
864 2619 1250 2677 Dictionarium
1282 2614 1627 2684 Hispanicum
1659 2610 1936 2664 nominum
1961 2622 2047 2661 ar-

459 2722 590 2777 tium
621 2729 674 2774 et
699 2714 1043 2773 scientiarum
1076 2726 1178 2765 ms.
1207 2708 1260 2763 in
1291 2706 1542 2777 Hispania
1574 2697 2045 2772 reliquerat,qnod

459 2817 581 2881 post
621 2799 739 2876 ejus
781 2807 984 2860 obitum
1013 2790 1280 2871 publicam
1310 2799 1487 2851 lucem
1523 2795 1655 2849 vidit
1687 2792 1883 2848 Matriti
1911 2808 1924 2845 :
1951 2789 2045 2844 sed

459 2901 606 2956 nulla
656 2896 780 2953 inde
828 2895 923 2951 lux
950 2886 1213 2948 vocabulo
1237 2901 1426 2960 gnante
1455 2887 1779 2943 illustrando
1805 2883 2042 2952 alIulget.

461 2994 596 3049 Vera
625 2989 857 3046 nominis
886 2988 1035 3056 origo
1063 2995 1145 3040 est
1175 2999 1205 3037 a
1231 2982 1454 3046 Wanto,
1486 2991 1539 3036 et
1565 2997 1607 3033 w
1634 2979 1685 3033 in
1719 2996 1784 3046 gu
1814 2985 2040 3041 mutato,

461 3089 673 3157 guanto.
692 3079 827 3134 Beda
852 3078 902 3132 in
920 3077 1039 3131 Vita
1069 3076 1126 3130 S.
1149 3073 1460 3129 Columbani
1491 3085 1608 3138 cap.
1633 3068 1719 3132 lxi,
1736 3068 2044 3137 Tegumenta

462 3130 725 3239 :tanuum,
749 3185 863 3240 qua:
892 3165 1029 3221 Galli
1060 3179 1289 3232 waaros,
1318 3165 1372 3216 id
1402 3173 1475 3215 est
1503 3160 1816 3214 chirothecas
1845 3169 2040 3230 vocant.
2073 3130 2118 3190 Ο

463 3263 653 3332 Papias
683 3250 734 3314 in
765 3257 1008 3312 vocabul.
1033 3297 1049 3323 ,
1082 3254 1385 3309 Chirotlteca
1410 3296 1425 3321 ,
1477 3252 1613 3304 ranti
1640 3293 1654 3316 ,
1683 3250 1738 3302 id
1761 3259 1832 3302 est
1869 3265 2048 3301 manus

464 3355 625 3409 theca.
662 3350 902 3416 Manicw,
930 3363 1055 3417 quas
1083 3343 1232 3416 vulgo
1265 3352 1464 3398 wantos
1483 3342 1824 3412 appellamus.
1852 3340 1904 3393 In
1930 3339 2048 3392 Vita

464 3446 526 3504 s.
559 3441 838 3499 Philiberti
867 3438 1076 3493 abbatis
1107 3436 1202 3491 na.
1233 3451 1288 3500 ι,
1339 3419 1459 3504 cap.
1491 3433 1598 3498 ia,
1639 3431 1795 3485 Latro
1830 3441 2049 3503 guantos

464 3537 604 3592 illius
635 3535 813 3588 illicita
838 3529 1236 3602 praesumptione
1254 3527 1458 3598 furatus
1479 3535 1571 3580 est.
1591 3524 1800 3580 Videsis
1842 3524 2048 3577 Ducan-

465 3628 609 3699 gium
639 3625 804 3679 verbo
829 3621 964 3677 Νη(
979 3635 1088 3675 rus.

533 3719 625 3776 94.
666 3715 822 3774 Aliud
851 3724 932 3771 est
959 3717 1011 3769 in
1039 3711 1286 3768 versibus
1306 3710 1492 3780 elegia:
1518 3725 1547 3764 a
1581 3709 1736 3764 nobis
1756 3706 1934 3762 relatis
1961 3721 2053 3761 no-

457 3827 611 3875 men,
634 3825 699 3865 ex
721 3823 825 3878 quo
846 3806 1066 3862 omnino
1091 3804 1425 3860 convincitur
1442 3801 1728 3856 Dracontio
1750 3815 1862 3854 rem
1889 3799 2050 3852 fuisse

465 3921 586 3961 cum
616 3917 740 3972 rege
765 3899 1145 3954 Vandalorum.
1186 3897 1318 3951 Cum
1348 3894 1490 3950 enim
1522 3895 1687 3948 duces
1715 3907 1841 3947 suos
1877 3890 2052 3946 nomi-

464 4005 646 4056 nasset
665 4036 682 4061 ,
709 3994 861 4061 cujus
892 3993 1067 4062 gentis
1096 3986 1169 4042 illi
1201 3987 1308 4042 sint
1333 3989 1497 4042 duces
1528 3997 1710 4055 aperte
1739 3986 2012 4040 declarat:

589 4099 654 4148 Ut
675 4097 756 4157 qui
781 4091 1317 4157 factaducumpossem
1342 4099 1541 4157 narrare
1564 4099 1807 4149 meorum,

651 4151 871 4205 Nominis
895 4154 1128 4214 Asdingui
1155 4152 1286 4200 bella
1311 4151 1684 4211 triumpbigera.

468 4253 546 4308 Ex
571 4256 727 4319 gente
748 4247 908 4316 igitur
930 4244 1323 4315 Asdinguorum
1347 4242 1420 4296 illi
1443 4242 1607 4296 duces
1629 4249 1800 4295 erant.
1823 4239 2050 4306 Quinam

468 4343 647 4398 autem
691 4337 780 4392 alii
825 4343 951 4392 sunt
993 4334 1271 4403 Asdingui,
1301 4333 1405 4388 nisi
1439 4332 1696 4386 Vandali?
1735 4332 1887 4401 Apud
1919 4332 2053 4386 alios

469 4431 757 4498 scriptores
779 4427 830 4481 in
858 4426 960 4480 hoc
986 4424 1201 4479 nomine
1225 4423 1574 4493 exprimendo
1598 4423 1810 4478 codices
1831 4433 1885 4476 et
1910 4424 2049 4476 edita

470 4614 584 4670 sive
608 4609 804 4680 Astingi
828 4649 843 4674 ,
869 4609 983 4664 sive
1011 4608 1259 4677 Astringl,
1289 4607 1402 4661 sive
1429 4607 1644 4676 Asdingi
1668 4648 1680 4667 ,
1713 4609 1826 4660 sive
1855 4608 2046 4660 Asdin—

471 4705 557 4777 gui
610 4711 887 4757 vocentur.
928 4699 1160 4754 Primam
1222 4699 1377 4766 hujus
1439 4699 1667 4753 nationis
1724 4700 2048 4754 mentionem

471 4796 611 4866 apud
644 4795 864 4849 Dionem
893 4791 1136 4846 Cassium
1163 4791 1378 4845 invenio
1419 4791 1516 4845 lib.
1550 4807 1696 4855 uxr,
1730 4793 1815 4847 ubi
1845 4794 1954 4862 agit
1983 4791 2050 4847 de

472 4888 614 4943 bello
626 4881 1057 4940 Mareomannico
1085 4882 1184 4934 sub
1211 4884 1480 4937 Antonino
1511 4866 1834 4953 Philosophe
1855 4883 2054 4937 :Astin-

472 4980 559 5051 gui
587 4994 724 5042 vero,
753 4976 841 5045 qui
866 4971 1068 5029 Rhamn
1093 5015 1106 5038 ,
1145 4973 1466 5043 [laniumque
1490 4974 1640 5028 duces
1670 4974 1939 5039 habebant,
1967 4991 2054 5028 ve-

475 5087 591 5125 nere
615 5067 820 5141 quidem
841 5076 886 5120 et
913 5065 992 5119 illi
1011 5106 1024 5127 ,
1069 5072 1120 5117 nt
1151 5065 1359 5117 Daciam
1388 5066 1682 5120 incolerent.
1713 5066 1900 5122 Postea
1934 5083 2057 5121 nar-

477 5172 559 5218 rat
578 5178 672 5217 cos
694 5175 878 5229 pacem
901 5159 969 5213 ab
988 5156 1254 5211 Antonino
1271 5157 1588 5223 impetrasse
1610 5157 1708 5211 hac
1729 5159 2053 5227 conditione,

476 5257 521 5310 si
552 5251 855 5308 nationibus
882 5241 1007 5304 tunc
1036 5247 1230 5303 bellum
1259 5262 1378 5300 cum
1406 5261 1471 5300 eo
1499 5252 1807 5316 gerentibus
1846 5252 2053 5308 cladem

480 5346 802 5401 intulissent.
828 5347 904 5400 Ac
926 5341 1286 5411 praestiterunt
1310 5355 1439 5394 sane
1464 5341 1703 5394 nonnihil
1730 5357 1913 5397 eorum
1938 5359 2056 5414 qua:

481 5437 886 5507 pollicebantur.
935 5435 1102 5490 Tomo
1130 5433 1150 5488 l
1179 5434 1314 5488 llisi.
1351 5433 1594 5499 Byzant.,
1643 5448 1761 5504 pag.
1810 5435 1881 5487 24
1924 5438 2055 5492 edit.

483 5528 694 5593 l'aris.,
744 5529 796 5582 in
847 5526 1126 5595 Excerptis
1171 5525 1239 5580 de
1287 5524 1538 5595 legation.
1571 5524 1955 5582 PctriPatricii
2003 5539 2058 5584 et

485 5619 741 5688 Magistri,
773 5618 876 5673 hoc
904 5620 1009 5689 71
1035 5619 1204 5686 ipsum
1231 5617 1463 5672 breviter
1489 5626 1768 5672 narratur:
1802 5617 2058 5674 Venerunt

485 5722 532 5764 et
568 5710 766 5778 Astingi
789 5749 804 5774 ,
844 5719 888 5762 et
929 5708 1176 5778 Lacoragi
1220 5708 1272 5761 in
1302 5710 1556 5764 auxilium
1589 5711 1774 5766 Marci.
1806 5713 1909 5768 Pro
1956 5713 2055 5770 hoc

2141 1865 2369 1920 Rhatum
2399 1907 2414 1930 ,
2444 1865 2785 1921 Wisimarern
2810 1907 2825 1932 ,
2882 1865 3111 1921 Crocum
3138 1909 3152 1932 ,
3187 1865 3539 1922 Frididalum.
3586 1869 3733 1922 Idem

2140 1956 2360 2012 Grotius
2387 1957 2438 2011 in
2484 1957 2658 2011 indice
2682 1956 2967 2012 verborum
2996 1957 3342 2012 Gothicorum
3369 1999 3384 2020 ,
3417 1959 3734 2014 Vandalico-

2141 2063 2281 2111 rum,
2312 2057 2442 2115 etc.,
2471 2049 2690 2102 verbum
2715 2048 2933 2118 Asdingi
2959 2047 3090 2103 dicit
3113 2064 3233 2103 esse
3255 2050 3322 2104 ab
3348 2049 3650 2120 Ilaist-d.'ng
3677 2068 3732 2114 π,

2141 2139 2284 2210 quod
2314 2150 2396 2194 est
2423 2139 2553 2194 celer
2573 2140 2624 2192 in
2641 2140 2842 2209 judicio
2865 2138 3086 2212 publica.
3115 2133 3417 2198 Jernandes
3437 2144 3546 2198 alio
3573 2144 3733 2198 modo

2141 2231 2397 2298 explicat.

2763 2325 2989 2382 CAPUT
3031 2325 3098 2381 Χ.

2147 2414 2258 2472 Sub
2286 2414 2573 2477 Cant/tario
2605 2416 2959 2489 Vandalorunt
2987 2434 3103 2489 rege
3126 2419 3180 2470 in
3211 2417 3470 2487 Hispania
3487 2422 3734 2475 scribebat

2773 2488 3108 2543 Dracontius.

2219 2599 2310 2656 95.
2360 2599 2566 2657 Nomen
2618 2602 2760 2672 regis
2799 2602 2864 2656 ad
2911 2617 3071 2672 quem
3117 2601 3425 2659 Satistactio
3469 2601 3737 2658 Draconni

2148 2693 2346 2761 scripta
2379 2702 2479 2758 est,
2531 2693 2585 2747 in
2616 2693 2802 2749 codice
2837 2689 3096 2748 Vaticano
3133 2694 3329 2749 dicitur
3361 2693 3736 2748 Guthamndus.

2149 2783 2505 2850 Quaerendum
2549 2798 2678 2852 ergo
2705 2793 2953 2848 superest
2977 2799 3074 2839 cur
3099 2787 3243 2840 hunc
3284 2800 3468 2856 regem
3494 2786 3738 2840 Cunlha-

2149 2877 2285 2930 rium
2322 2875 2490 2930 fuisse
2528 2891 2625 2945 pro
2653 2887 2801 2930 certo
2833 2876 3162 2945 habeamus,
3207 2893 3328 2933 cum
3375 2893 3571 2934 nomen
3609 2880 3736 2933 illud

2148 2979 2460 3036 corruptum
2500 2968 2565 3021 ad
2606 2968 2772 3023 alium
2826 2968 3186 3024 Vandalorum
3227 2985 3406 3040 regem
3441 2972 3736 3040 possit/de

2151 3059 2406 3128 torqueri.
2436 3059 2560 3114 Hmc
2583 3061 2808 3129 quastio
2829 3061 2966 3114 viam
2998 3060 3151 3116 nobis
3173 3063 3343 3130 aperit
3368 3061 3433 3115 ad
3460 3061 3739 3117 historiam

2152 3151 2302 3219 regni
2334 3150 2611 3205 Vandalici
2651 3152 2702 3205 in
2737 3151 2989 3222 Hispania
3029 3152 3433 3222 explicandam,
3467 3170 3586 3223 quae
3613 3169 3738 3208 ecu-

2154 3241 2327 3296 trariis
2348 3242 2675 3310 scriptorum
2704 3245 2841 3297 inter
2865 3258 2924 3298 se
2945 3244 3318 3299 dissidentium
3342 3245 3738 3300 narrationibus

2150 3336 2341 3388 mirum
2373 3345 2630 3404 quantum
2665 3336 2932 3406 implicata
2961 3349 3040 3392 est
3065 3345 3118 3391 et
3149 3337 3404 3393 involuta.
3433 3339 3498 3392 Et
3519 3354 3581 3391 es
3607 3339 3738 3392 Dra-

2150 3429 2331 3484 contio
2371 3429 2586 3497 quidem
2632 3429 2946 3484 nonnullum
2993 3429 3175 3484 lumen
3206 3430 3319 3484 bam
3345 3431 3569 3484 historia
3598 3431 3737 3486 act-i-

2154 3521 2279 3589 pict,
2322 3521 2557 3576 vicissim
2592 3535 2720 3575 vero
2765 3535 2830 3576 ea
2859 3536 2924 3574 ex
2969 3521 3252 3575 Dracontio
3290 3522 3519 3592 aliisque
3550 3538 3736 3576 monu-

2153 3612 2351 3666 mentis
2394 3611 2660 3665 illustrata
2701 3627 3024 3680 magnopere
3065 3611 3292 3680 juvabit,
3335 3623 3392 3666 ut
3429 3625 3577 3666 certa
3609 3615 3738 3666 Dra-

2151 3701 2314 3756 cuntii
2357 3712 2488 3755 tetas
2534 3703 2646 3756 suis
2692 3702 2935 3755 terminis
2975 3703 3280 3757 deliniatur.
3325 3703 3502 3766 Alani,
3551 3702 3734 3766 Suexi,

2158 3789 2376 3844 Vandali
2408 3791 2605 3860 aliique
2634 3792 2812 3862 populi
2840 3807 2870 3845 a
2894 3792 3170 3856 Stilicone,
3206 3793 3296 3861 qui
3326 3792 3594 3846 Vandalus
3626 3795 3676 3862 ip
3706 3809 3737 3847 c

2152 3891 2289 3947 erat,
2328 3880 2541 3936 excitati
2581 3875 2686 3953 72
2727 3891 2851 3935 sunt
2879 3892 2938 3936 ut
2979 3882 3223 3936 Rhenum
3255 3887 3544 3938 transirent
3572 3884 3738 3952 impe-

2153 3973 2400 4043 riumque
2426 3973 2730 4028 Romanum
2759 3975 3033 4028 turluaient
3058 3993 3072 4029 :
3097 3974 3186 4043 qui
3208 3991 3301 4045 per
3323 3972 3522 4028 Gallias
3543 3973 3737 4029 debac-

2154 4064 2297 4120 chati
2325 4065 2640 4136 Pyrenaeum
2672 4081 2838 4134 usque
2873 4074 3250 4135 pervenerunt,
3281 4065 3432 4134 cujus
3462 4065 3615 4120 obice
3645 4080 3737 4134 per

2159 4155 2438 4228 Didymum
2463 4168 2515 4211 et
2536 4157 2870 4213 Verinianum
2898 4159 2963 4212 ad
2988 4169 3198 4230 tempus
3218 4159 3435 4228 repulsi,
3454 4174 3575 4212 mox
3598 4174 3737 4212 anno

2154 4249 2260 4304 409
2292 4249 2570 4319 Hispanias
2598 4249 2824 4318 ingressi
2860 4259 3003 4313 sunt,
3037 4259 3094 4302 ut
3137 4260 3357 4304 narrant
3390 4250 3612 4304 Orosius
3643 4250 3731 4303 lii».

2157 4355 2250 4403 vn,
2289 4355 2408 4409 cap.
2440 4339 2531 4407 40,
2562 4340 2767 4394 ldacius
2795 4341 2845 4394 in
2872 4339 3140 4395 Chronico
3170 4341 3372 4412 olymp.
3401 4340 3528 4405 9297,
3567 4351 3620 4395 et
3648 4342 3734 4395 lsi-

2131 4432 2320 4486 »dorus
2348 4432 2398 4485 in
2433 4431 2568 4486 Hist.
2609 4431 2968 4487 Vaudalorum
2989 4473 3004 4497 ,
3037 4434 3124 4503 qui
3169 4433 3447 4504 Didymum
3490 4443 3546 4488 et
3577 4433 3734 4488 Vera-

469 4492 795 4589 exemplaria
845 4516 1085 4571 nonnihil
1129 4492 1336 4569 variant
1378 4531 1391 4569 :
1426 4514 1520 4569 sed
1564 4530 1693 4583 gens
1724 4515 1908 4568 eadem
1941 4521 2042 4581 est,
2085 4492 2131 4551 ί)

2158 4522 2395 4587 nianum,
2429 4531 2486 4576 ut
2509 4524 2620 4592 ipse
2649 4532 2821 4588 vocat,
2847 4523 3208 4578 nob'lissimus
3231 4523 3502 4579 Romanos
3528 4524 3735 4579 fratres-

2159 4629 2262 4682 que
2291 4615 2694 4684 potentissimos
2723 4616 2797 4668 ait
2826 4615 3006 4670 fuisse.
3053 4618 3169 4682 Quo
3199 4616 3335 4671 duce
3365 4626 3490 4670 tunc
3521 4627 3734 4672 uteren-

2159 4713 2245 4758 tur
2274 4703 2492 4758 Vandali
2522 4720 2626 4759 non
2654 4705 2784 4759 satis
2807 4716 3010 4760 certum
3052 4715 3156 4761 est.
3190 4707 3408 4762 Grotius
3444 4709 3495 4761 in
3536 4709 3735 4776 praefat.

2159 4795 2225 4850 ad
2251 4795 2511 4850 Historias
2537 4795 2761 4851 Vandal.
2786 4797 3146 4868 Godigisclum
3170 4799 3530 4855 Vandalorum
3561 4815 3736 4871 regem

2162 4888 2346 4954 fuisse,
2376 4888 2502 4943 dum
2531 4888 2584 4942 bi
2608 4889 2888 4959 Hispanias
2915 4889 3243 4957 invaserunt,
3270 4901 3472 4957 narrat,
3502 4892 3588 4946 cui
3618 4906 3735 4945 suc-

2161 4981 2324 5036 ceSsit
2351 4983 2402 5036 in
2428 4981 2678 5037 Gallmcia
2708 4982 3058 5040 Guntbarius.
3095 4984 3432 5052 Ruinartins,
3457 4986 3508 5039 in
3544 4986 3737 5041 llistor.

2163 5073 2680 5129 Persecut.Vandal.
2703 5090 2822 5144 cap.
2855 5077 2907 5141 1,
2939 5075 3102 5130 refert
3131 5075 3366 5130 Francos
3395 5077 3600 5146 primos
3630 5090 3738 5129 om-

2162 5165 2305 5219 nium
2348 5167 2630 5220 conatibus
2681 5165 3039 5220 Vandalorum
3085 5166 3392 5231 obstitisse,
3442 5166 3738 5236 Godigisclo

2161 5277 2348 5316 eorum
2378 5277 2504 5330 rege
2529 5261 2730 5328 occiso,
2751 5269 2933 5330 postea
2959 5260 3224 5315 Vandalus
3247 5261 3404 5314 simul
3424 5274 3544 5314 cum
3564 5259 3738 5313 Alanis

2161 5353 2498 5423 coniunctos,
2524 5351 2809 5408 substituto
2837 5353 2889 5406 in
2911 5343 3204 5424 Godigiscli
3226 5353 3401 5408 locum
3423 5351 3731 5416 Gunthario,

2164 5444 2408 5500 Rhenum
2443 5444 2739 5498 transiisse.

2232 5537 2320 5592 96.
2351 5536 2540 5592 Verior
2568 5536 2777 5591 videtur
2815 5535 2985 5593 Grotii
3026 5537 3294 5601 narratio,
3341 5553 3461 5607 qua:
3498 5536 3730 5605 ProcOpii

2159 5626 2338 5684 verbis
2367 5627 2460 5682 lib.
2491 5643 2532 5694 ι,
2555 5642 2674 5697 cap.
2719 5630 2771 5693 5,
2803 5627 3049 5683 innititur
3078 5645 3092 5683 :
3124 5627 3256 5683 Inde
3295 5630 3585 5701 Godigisclo
3615 5630 3729 5682 dure

2160 5719 2213 5772 in
2248 5717 2501 5790 Hispania
2527 5718 2862 5775 consederunt
2891 5717 3193 5793 (Vandali),
3238 5737 3351 5792 qtae
3388 5722 3550 5794 prima
3577 5730 3644 5775 est
3672 5719 3720 5771 ut
