  <div class='ocr_page' id='page_1' title='image "/cluster/home/n/w/nwhite01/storage/ocr_20150623/60/hvd.32044054758677/340.png"; bbox 0 0 4030 6170; ppageno 0'>
   <div class='ocr_carea' id='block_1_1' title="bbox 269 285 3470 376">
    <p class='ocr_par' dir='ltr' id='par_1_1' title="bbox 269 285 3470 376">
     <span class='ocr_line' id='line_1_1' title="bbox 269 285 3470 376; baseline -0.007 -10"><span class='ocrx_word' id='word_1_1' title='bbox 269 321 349 376; x_wconf 65' lang='lat' dir='ltr'><strong>eis</strong></span> <span class='ocrx_word' id='word_1_2' title='bbox 1580 301 1943 359; x_wconf 75' lang='lat' dir='ltr'><strong>PROLEGOM</strong></span> <span class='ocrx_word' id='word_1_3' title='bbox 1953 299 2102 356; x_wconf 79' lang='lat' dir='ltr'><strong>ENA.</strong></span> <span class='ocrx_word' id='word_1_4' title='bbox 3367 285 3470 343; x_wconf 73' lang='lat'><strong>650</strong></span> 
     </span>
    </p>
   </div>
   <div class='ocr_carea' id='block_1_2' title="bbox 279 399 3476 493">
    <p class='ocr_par' dir='ltr' id='par_1_2' title="bbox 279 399 3476 493">
     <span class='ocr_line' id='line_1_2' title="bbox 279 399 3476 493; baseline -0.009 -9"><span class='ocrx_word' id='word_1_5' title='bbox 279 433 430 484; x_wconf 79' lang='lat' dir='ltr'><strong>Oceano</strong></span> <span class='ocrx_word' id='word_1_6' title='bbox 477 427 821 480; x_wconf 86' lang='lat' dir='ltr'><strong>Romanorum</strong></span> <span class='ocrx_word' id='word_1_7' title='bbox 865 419 1160 493; x_wconf 83' lang='lat' dir='ltr'><strong>provincia._</strong></span> <span class='ocrx_word' id='word_1_8' title='bbox 1195 416 1321 471; x_wconf 85' lang='lat' dir='ltr'><strong>Cum</strong></span> <span class='ocrx_word' id='word_1_9' title='bbox 1367 417 1460 470; x_wconf 79' lang='lat' dir='ltr'><strong>hoc</strong></span> <span class='ocrx_word' id='word_1_10' title='bbox 1509 415 1800 486; x_wconf 80' lang='lat' dir='ltr'><strong>Godigisclo</strong></span> <span class='ocrx_word' id='word_1_11' title='bbox 1827 412 2174 478; x_wconf 70' lang='lat' dir='ltr'><strong>Adiversum</strong></span> <span class='ocrx_word' id='word_1_12' title='bbox 2221 417 2302 464; x_wconf 88' lang='lat' dir='ltr'><strong>est</strong></span> <span class='ocrx_word' id='word_1_13' title='bbox 2342 424 2372 462; x_wconf 86' lang='lat' dir='ltr'><strong>a</strong></span> <span class='ocrx_word' id='word_1_14' title='bbox 2417 406 2670 478; x_wconf 85' lang='lat' dir='ltr'><strong>Silinguis</strong></span> <span class='ocrx_word' id='word_1_15' title='bbox 2711 422 2727 458; x_wconf 88' lang='lat'><strong><em>:</em></strong></span> <span class='ocrx_word' id='word_1_16' title='bbox 2777 403 3094 460; x_wconf 77' lang='lat' dir='ltr'><strong>Dracontius</strong></span> <span class='ocrx_word' id='word_1_17' title='bbox 3132 399 3306 464; x_wconf 88' lang='lat' dir='ltr'><strong>enim,</strong></span> <span class='ocrx_word' id='word_1_18' title='bbox 3354 411 3476 468; x_wconf 89' lang='lat' dir='ltr'><strong>post</strong></span> 
     </span>
    </p>
   </div>
   <div class='ocr_carea' id='block_1_3' title="bbox 271 489 3475 591">
    <p class='ocr_par' dir='ltr' id='par_1_3' title="bbox 271 489 3475 591">
     <span class='ocr_line' id='line_1_3' title="bbox 271 489 3475 591; baseline -0.01 -15"><span class='ocrx_word' id='word_1_19' title='bbox 271 522 498 591; x_wconf 74' lang='lat' dir='ltr'><strong>paciscitur</strong></span> <span class='ocrx_word' id='word_1_20' title='bbox 537 516 838 581; x_wconf 72' lang='lat' dir='ltr'><strong><em>Honorius,</em></strong></span> <span class='ocrx_word' id='word_1_21' title='bbox 866 489 937 566; x_wconf 21' lang='lat' dir='ltr'><strong>tut</strong></span> <span class='ocrx_word' id='word_1_22' title='bbox 979 512 1090 564; x_wconf 90' lang='lat' dir='ltr'><strong>sine</strong></span> <span class='ocrx_word' id='word_1_23' title='bbox 1130 489 1434 580; x_wconf 74' lang='lat' dir='ltr'><strong>populorum</strong></span> <span class='ocrx_word' id='word_1_24' title='bbox 1468 507 1652 561; x_wconf 86' lang='lat' dir='ltr'><strong>damno</strong></span> <span class='ocrx_word' id='word_1_25' title='bbox 1684 522 1796 560; x_wconf 87' lang='lat' dir='ltr'><strong>eam</strong></span> <span class='ocrx_word' id='word_1_26' title='bbox 1900 503 2192 558; x_wconf 80' lang='lat' dir='ltr'><strong>exstinctos</strong></span> <span class='ocrx_word' id='word_1_27' title='bbox 2220 499 2512 568; x_wconf 79' lang='lat' dir='ltr'><strong>Silinguos,</strong></span> <span class='ocrx_word' id='word_1_28' title='bbox 2550 497 2924 559; x_wconf 89' lang='lat' dir='ltr'><strong>Guntharium,</strong></span> <span class='ocrx_word' id='word_1_29' title='bbox 2955 494 3046 563; x_wconf 85' lang='lat' dir='ltr'><strong>qui</strong></span> <span class='ocrx_word' id='word_1_30' title='bbox 3083 507 3175 548; x_wconf 79' lang='lat' dir='ltr'><strong>rex</strong></span> <span class='ocrx_word' id='word_1_31' title='bbox 3211 489 3475 546; x_wconf 84' lang='lat' dir='ltr'><strong>Vandale-</strong></span> 
     </span>
    </p>
   </div>
   <div class='ocr_carea' id='block_1_4' title="bbox 272 582 3474 670">
    <p class='ocr_par' dir='ltr' id='par_1_4' title="bbox 272 582 3474 670">
     <span class='ocr_line' id='line_1_4' title="bbox 272 582 3474 670; baseline -0.011 -1"><span class='ocrx_word' id='word_1_32' title='bbox 272 582 397 670; x_wconf 74' lang='lat' dir='ltr'><strong>sedem</strong></span> <span class='ocrx_word' id='word_1_33' title='bbox 421 616 660 666; x_wconf 77' lang='lat' dir='ltr'><strong>tenerent.</strong></span> <span class='ocrx_word' id='word_1_34' title='bbox 694 607 816 660; x_wconf 83' lang='lat' dir='ltr'><strong>Haec</strong></span> <span class='ocrx_word' id='word_1_35' title='bbox 846 602 1008 659; x_wconf 90' lang='lat' dir='ltr'><strong>verba</strong></span> <span class='ocrx_word' id='word_1_36' title='bbox 1039 617 1158 655; x_wconf 91' lang='lat' dir='ltr'><strong>cum</strong></span> <span class='ocrx_word' id='word_1_37' title='bbox 1189 599 1496 654; x_wconf 78' lang='lat' dir='ltr'><strong>ltuinartius</strong></span> <span class='ocrx_word' id='word_1_38' title='bbox 1517 611 1634 667; x_wconf 91' lang='lat' dir='ltr'><strong>cap.</strong></span> <span class='ocrx_word' id='word_1_39' title='bbox 1657 596 1692 648; x_wconf 70' lang='grc'>2</span> <span class='ocrx_word' id='word_1_40' title='bbox 1719 596 1799 648; x_wconf 88' lang='lat' dir='ltr'><strong>in-</strong></span> <span class='ocrx_word' id='word_1_41' title='bbox 1903 610 2018 648; x_wconf 89' lang='lat' dir='ltr'><strong>rum</strong></span> <span class='ocrx_word' id='word_1_42' title='bbox 2037 609 2140 647; x_wconf 93' lang='lat' dir='ltr'><strong>non</strong></span> <span class='ocrx_word' id='word_1_43' title='bbox 2159 592 2515 659; x_wconf 76' lang='lat' dir='ltr'><strong>Silinguorum</strong></span> <span class='ocrx_word' id='word_1_44' title='bbox 2538 598 2672 654; x_wconf 90' lang='lat' dir='ltr'><strong>erat,</strong></span> <span class='ocrx_word' id='word_1_45' title='bbox 2689 603 2754 642; x_wconf 78' lang='lat' dir='ltr'><strong>ex</strong></span> <span class='ocrx_word' id='word_1_46' title='bbox 2776 585 3029 656; x_wconf 81' lang='lat' dir='ltr'><strong>Asdingui</strong></span> <span class='ocrx_word' id='word_1_47' title='bbox 3055 583 3283 638; x_wconf 87' lang='lat' dir='ltr'><strong>nominis</strong></span> <span class='ocrx_word' id='word_1_48' title='bbox 3302 582 3474 652; x_wconf 81' lang='lat' dir='ltr'><strong>gloria</strong></span> 
     </span>
    </p>
   </div>
   <div class='ocr_carea' id='block_1_5' title="bbox 273 672 3471 766">
    <p class='ocr_par' dir='ltr' id='par_1_5' title="bbox 273 672 3471 766">
     <span class='ocr_line' id='line_1_5' title="bbox 273 672 3471 766; baseline -0.01 -8"><span class='ocrx_word' id='word_1_49' title='bbox 273 704 476 766; x_wconf 85' lang='lat' dir='ltr'><strong>dicasset,</strong></span> <span class='ocrx_word' id='word_1_50' title='bbox 499 697 707 753; x_wconf 75' lang='lat' dir='ltr'><strong>censuit</strong></span> <span class='ocrx_word' id='word_1_51' title='bbox 735 694 1074 749; x_wconf 85' lang='lat' dir='ltr'><strong>scribendum</strong></span> <span class='ocrx_word' id='word_1_52' title='bbox 1099 705 1218 744; x_wconf 89' lang='lat' dir='ltr'><strong>esse</strong></span> <span class='ocrx_word' id='word_1_53' title='bbox 1235 689 1335 742; x_wconf 87' lang='lat' dir='ltr'><strong>sub</strong></span> <span class='ocrx_word' id='word_1_54' title='bbox 1363 687 1653 740; x_wconf 79' lang='lat' dir='ltr'><strong>Cunderico</strong></span> <span class='ocrx_word' id='word_1_55' title='bbox 1676 685 1802 737; x_wconf 86' lang='lat' dir='ltr'><strong>duce</strong></span> <span class='ocrx_word' id='word_1_56' title='bbox 1904 682 2259 738; x_wconf 74' lang='lat' dir='ltr'><strong>commendat.</strong></span> <span class='ocrx_word' id='word_1_57' title='bbox 2289 680 2398 736; x_wconf 84' lang='lat' dir='ltr'><strong>Nec</strong></span> <span class='ocrx_word' id='word_1_58' title='bbox 2427 680 2581 734; x_wconf 89' lang='lat' dir='ltr'><strong>video</strong></span> <span class='ocrx_word' id='word_1_59' title='bbox 2610 694 2712 747; x_wconf 91' lang='lat' dir='ltr'><strong>quo</strong></span> <span class='ocrx_word' id='word_1_60' title='bbox 2737 678 2857 747; x_wconf 89' lang='lat' dir='ltr'><strong>jure</strong></span> <span class='ocrx_word' id='word_1_61' title='bbox 2886 675 3200 730; x_wconf 86' lang='lat' dir='ltr'><strong>Ambrosius</strong></span> <span class='ocrx_word' id='word_1_62' title='bbox 3222 672 3471 738; x_wconf 80' lang='lat' dir='ltr'><strong>Morales,</strong></span> 
     </span>
    </p>
   </div>
   <div class='ocr_carea' id='block_1_6' title="bbox 274 760 3474 863">
    <p class='ocr_par' dir='ltr' id='par_1_6' title="bbox 274 760 3474 863">
     <span class='ocr_line' id='line_1_6' title="bbox 274 760 3474 863; baseline -0.011 -15"><span class='ocrx_word' id='word_1_63' title='bbox 274 808 346 863; x_wconf 91' lang='lat' dir='ltr'><strong>pro</strong></span> <span class='ocrx_word' id='word_1_64' title='bbox 375 760 472 846; x_wconf 28' lang='lat' dir='ltr'><strong>subi</strong></span> <span class='ocrx_word' id='word_1_65' title='bbox 501 783 796 857; x_wconf 87' lang='lat' dir='ltr'><strong>Godigisclo</strong></span> <span class='ocrx_word' id='word_1_66' title='bbox 827 783 952 836; x_wconf 79' lang='lat' dir='ltr'><strong>duce</strong></span> <span class='ocrx_word' id='word_1_67' title='bbox 987 796 1005 833; x_wconf 93' lang='lat'><strong><em>:</em></strong></span> <span class='ocrx_word' id='word_1_68' title='bbox 1043 795 1164 834; x_wconf 89' lang='lat' dir='ltr'><strong>nam</strong></span> <span class='ocrx_word' id='word_1_69' title='bbox 1207 778 1533 834; x_wconf 85' lang='lat' dir='ltr'><strong>Guntltarius</strong></span> <span class='ocrx_word' id='word_1_70' title='bbox 1560 790 1592 829; x_wconf 86' lang='lat' dir='ltr'><strong>a</strong></span> <span class='ocrx_word' id='word_1_71' title='bbox 1623 774 1805 828; x_wconf 89' lang='lat' dir='ltr'><strong>multis</strong></span> <span class='ocrx_word' id='word_1_72' title='bbox 1906 771 2000 826; x_wconf 92' lang='lat' dir='ltr'><strong>lib.</strong></span> <span class='ocrx_word' id='word_1_73' title='bbox 2034 787 2104 837; x_wconf 76' lang='grc' dir='ltr'><strong>χι,</strong></span> <span class='ocrx_word' id='word_1_74' title='bbox 2134 785 2250 839; x_wconf 86' lang='lat' dir='ltr'><strong>cap.</strong></span> <span class='ocrx_word' id='word_1_75' title='bbox 2283 769 2372 835; x_wconf 60' lang='grc' dir='ltr'><strong>εἰ,</strong></span> <span class='ocrx_word' id='word_1_76' title='bbox 2417 779 2535 839; x_wconf 89' lang='lat' dir='ltr'><strong>post</strong></span> <span class='ocrx_word' id='word_1_77' title='bbox 2565 771 2844 823; x_wconf 85' lang='lat' dir='ltr'><strong>transitum</strong></span> <span class='ocrx_word' id='word_1_78' title='bbox 2884 765 2989 837; x_wconf 67' lang='grc'><strong>74</strong></span> <span class='ocrx_word' id='word_1_79' title='bbox 3029 762 3382 819; x_wconf 76' lang='lat' dir='ltr'><strong>Vandalorum</strong></span> <span class='ocrx_word' id='word_1_80' title='bbox 3421 760 3474 814; x_wconf 90' lang='lat' dir='ltr'><strong>in</strong></span> 
     </span>
    </p>
   </div>
   <div class='ocr_carea' id='block_1_7' title="bbox 275 853 3473 937">
    <p class='ocr_par' dir='ltr' id='par_1_7' title="bbox 275 853 3473 937">
     <span class='ocr_line' id='line_1_7' title="bbox 275 853 3473 937; baseline -0.01 -1"><span class='ocrx_word' id='word_1_81' title='bbox 275 853 544 937; x_wconf 64' lang='lat' dir='ltr'><strong>liundericus</strong></span> <span class='ocrx_word' id='word_1_82' title='bbox 573 853 795 937; x_wconf 77' lang='lat' dir='ltr'><strong>dicitur,</strong></span> <span class='ocrx_word' id='word_1_83' title='bbox 827 885 883 927; x_wconf 94' lang='lat' dir='ltr'><strong>ut</strong></span> <span class='ocrx_word' id='word_1_84' title='bbox 912 873 979 925; x_wconf 88' lang='lat' dir='ltr'><strong>ab</strong></span> <span class='ocrx_word' id='word_1_85' title='bbox 1010 871 1127 924; x_wconf 88' lang='lat' dir='ltr'><strong>aliis</strong></span> <span class='ocrx_word' id='word_1_86' title='bbox 1157 869 1263 923; x_wconf 89' lang='lat' dir='ltr'><strong>alio</strong></span> <span class='ocrx_word' id='word_1_87' title='bbox 1289 868 1449 922; x_wconf 91' lang='lat' dir='ltr'><strong>modo</strong></span> <span class='ocrx_word' id='word_1_88' title='bbox 1476 865 1801 921; x_wconf 84' lang='lat' dir='ltr'><strong>nominatur.</strong></span> <span class='ocrx_word' id='word_1_89' title='bbox 1906 863 2138 916; x_wconf 81' lang='lat' dir='ltr'><strong>Africam</strong></span> <span class='ocrx_word' id='word_1_90' title='bbox 2181 861 2449 929; x_wconf 83' lang='lat' dir='ltr'><strong>Silinguos</strong></span> <span class='ocrx_word' id='word_1_91' title='bbox 2487 861 2539 914; x_wconf 90' lang='lat' dir='ltr'><strong>in</strong></span> <span class='ocrx_word' id='word_1_92' title='bbox 2585 859 2780 914; x_wconf 71' lang='lat' dir='ltr'><strong>Bcetiea</strong></span> <span class='ocrx_word' id='word_1_93' title='bbox 2826 857 3180 927; x_wconf 81' lang='lat' dir='ltr'><strong>permansisse</strong></span> <span class='ocrx_word' id='word_1_94' title='bbox 3221 853 3473 908; x_wconf 86' lang='lat' dir='ltr'><strong>affirmet.</strong></span> 
     </span>
    </p>
   </div>
   <div class='ocr_carea' id='block_1_8' title="bbox 273 946 3479 1033">
    <p class='ocr_par' dir='ltr' id='par_1_8' title="bbox 273 946 3479 1033">
     <span class='ocr_line' id='line_1_8' title="bbox 273 946 3479 1033; baseline -0.009 -5"><span class='ocrx_word' id='word_1_95' title='bbox 273 971 352 1028; x_wconf 84' lang='lat' dir='ltr'><strong>Sed</strong></span> <span class='ocrx_word' id='word_1_96' title='bbox 375 968 636 1023; x_wconf 81' lang='lat' dir='ltr'><strong>lluinartio</strong></span> <span class='ocrx_word' id='word_1_97' title='bbox 656 972 842 1033; x_wconf 86' lang='lat' dir='ltr'><strong>aperte</strong></span> <span class='ocrx_word' id='word_1_98' title='bbox 863 968 1125 1031; x_wconf 78' lang='lat' dir='ltr'><strong>repugnat</strong></span> <span class='ocrx_word' id='word_1_99' title='bbox 1147 957 1438 1028; x_wconf 85' lang='lat' dir='ltr'><strong>Procopius</strong></span> <span class='ocrx_word' id='word_1_100' title='bbox 1466 973 1479 1008; x_wconf 88' lang='lat'>:</span> <span class='ocrx_word' id='word_1_101' title='bbox 1505 970 1627 1009; x_wconf 86' lang='lat' dir='ltr'><strong>nam</strong></span> <span class='ocrx_word' id='word_1_102' title='bbox 1653 953 1808 1024; x_wconf 89' lang='lat' dir='ltr'><strong>paulo</strong></span> <span class='ocrx_word' id='word_1_103' title='bbox 1908 950 2058 1021; x_wconf 81' lang='lat' dir='ltr'><strong>Quod</strong></span> <span class='ocrx_word' id='word_1_104' title='bbox 2097 963 2272 1008; x_wconf 70' lang='lat' dir='ltr'><strong>atatem</strong></span> <span class='ocrx_word' id='word_1_105' title='bbox 2312 953 2656 1023; x_wconf 79' lang='lat' dir='ltr'><strong>Wongangus</strong></span> <span class='ocrx_word' id='word_1_106' title='bbox 2697 952 2884 1006; x_wconf 87' lang='lat' dir='ltr'><strong>Lazius</strong></span> <span class='ocrx_word' id='word_1_107' title='bbox 2919 951 2984 1004; x_wconf 90' lang='lat' dir='ltr'><strong>de</strong></span> <span class='ocrx_word' id='word_1_108' title='bbox 3023 950 3176 1004; x_wconf 86' lang='lat' dir='ltr'><strong>Gcnt.</strong></span> <span class='ocrx_word' id='word_1_109' title='bbox 3212 948 3336 1016; x_wconf 91' lang='lat' dir='ltr'><strong>aliq.</strong></span> <span class='ocrx_word' id='word_1_110' title='bbox 3384 946 3479 1000; x_wconf 83' lang='lat' dir='ltr'><strong>Mi-</strong></span> 
     </span>
    </p>
   </div>
   <div class='ocr_carea' id='block_1_9' title="bbox 273 1039 3480 1135">
    <p class='ocr_par' dir='ltr' id='par_1_9' title="bbox 273 1039 3480 1135">
     <span class='ocr_line' id='line_1_9' title="bbox 273 1039 3480 1135; baseline -0.007 -17"><span class='ocrx_word' id='word_1_111' title='bbox 273 1074 366 1135; x_wconf 89' lang='lat' dir='ltr'><strong>post</strong></span> <span class='ocrx_word' id='word_1_112' title='bbox 386 1062 568 1132; x_wconf 87' lang='lat' dir='ltr'><strong>repetit</strong></span> <span class='ocrx_word' id='word_1_113' title='bbox 601 1056 865 1112; x_wconf 76' lang='lat' dir='ltr'><strong>Vandalus</strong></span> <span class='ocrx_word' id='word_1_114' title='bbox 893 1053 1074 1109; x_wconf 82' lang='lat' dir='ltr'><strong>sedem</strong></span> <span class='ocrx_word' id='word_1_115' title='bbox 1105 1053 1159 1106; x_wconf 91' lang='lat' dir='ltr'><strong>in</strong></span> <span class='ocrx_word' id='word_1_116' title='bbox 1195 1051 1446 1120; x_wconf 77' lang='lat' dir='ltr'><strong>lliSpania</strong></span> <span class='ocrx_word' id='word_1_117' title='bbox 1475 1061 1640 1117; x_wconf 85' lang='lat' dir='ltr'><strong>prope</strong></span> <span class='ocrx_word' id='word_1_118' title='bbox 1669 1045 1809 1100; x_wconf 58' lang='lat' dir='ltr'><strong>Afri.</strong></span> <span class='ocrx_word' id='word_1_119' title='bbox 1909 1047 2134 1116; x_wconf 75' lang='lat' dir='ltr'><strong>gratiun.</strong></span> <span class='ocrx_word' id='word_1_120' title='bbox 2187 1046 2280 1100; x_wconf 86' lang='lat' dir='ltr'><strong>lib.</strong></span> <span class='ocrx_word' id='word_1_121' title='bbox 2331 1062 2381 1100; x_wconf 72' lang='lat' dir='ltr'><strong>ss</strong></span> <span class='ocrx_word' id='word_1_122' title='bbox 2431 1054 2631 1109; x_wconf 90' lang='lat' dir='ltr'><strong>narrat,</strong></span> <span class='ocrx_word' id='word_1_123' title='bbox 2681 1044 3059 1113; x_wconf 82' lang='lat' dir='ltr'><strong>Godogesitmn</strong></span> <span class='ocrx_word' id='word_1_124' title='bbox 3108 1041 3376 1096; x_wconf 73' lang='lat' dir='ltr'><strong>Vandalos</strong></span> <span class='ocrx_word' id='word_1_125' title='bbox 3425 1039 3480 1095; x_wconf 89' lang='lat' dir='ltr'><strong>in</strong></span> 
     </span>
    </p>
   </div>
   <div class='ocr_carea' id='block_1_10' title="bbox 271 1131 3480 1224">
    <p class='ocr_par' dir='ltr' id='par_1_10' title="bbox 271 1131 3480 1224">
     <span class='ocr_line' id='line_1_10' title="bbox 271 1131 3480 1224; baseline -0.008 -12"><span class='ocrx_word' id='word_1_126' title='bbox 271 1131 654 1224; x_wconf 74' lang='lat' dir='ltr'><strong>composuisse,</strong></span> <span class='ocrx_word' id='word_1_127' title='bbox 699 1147 803 1214; x_wconf 91' lang='lat' dir='ltr'><strong>ubi,</strong></span> <span class='ocrx_word' id='word_1_128' title='bbox 850 1145 1051 1214; x_wconf 90' lang='lat' dir='ltr'><strong>inquit,</strong></span> <span class='ocrx_word' id='word_1_129' title='bbox 1086 1146 1200 1215; x_wconf 89' lang='lat' dir='ltr'><strong>jam</strong></span> <span class='ocrx_word' id='word_1_130' title='bbox 1247 1149 1447 1194; x_wconf 86' lang='lat' dir='ltr'><strong>mortuo</strong></span> <span class='ocrx_word' id='word_1_131' title='bbox 1491 1134 1805 1204; x_wconf 85' lang='lat' dir='ltr'><strong>Godigisclo,</strong></span> <span class='ocrx_word' id='word_1_132' title='bbox 1913 1135 2217 1202; x_wconf 84' lang='lat' dir='ltr'><strong>Hispaniam</strong></span> <span class='ocrx_word' id='word_1_133' title='bbox 2240 1134 2478 1200; x_wconf 84' lang='lat' dir='ltr'><strong>duxisse,</strong></span> <span class='ocrx_word' id='word_1_134' title='bbox 2503 1149 2595 1189; x_wconf 89' lang='lat' dir='ltr'><strong>eos</strong></span> <span class='ocrx_word' id='word_1_135' title='bbox 2621 1133 2690 1187; x_wconf 90' lang='lat' dir='ltr'><strong>ibi</strong></span> <span class='ocrx_word' id='word_1_136' title='bbox 2717 1131 3098 1202; x_wconf 78' lang='lat' dir='ltr'><strong>Modogisclum</strong></span> <span class='ocrx_word' id='word_1_137' title='bbox 3122 1131 3480 1202; x_wconf 77' lang='lat' dir='ltr'><strong>gubernasse;</strong></span> 
     </span>
    </p>
   </div>
   <div class='ocr_carea' id='block_1_11' title="bbox 270 1222 3482 1310">
    <p class='ocr_par' dir='ltr' id='par_1_11' title="bbox 270 1222 3482 1310">
     <span class='ocr_line' id='line_1_11' title="bbox 270 1222 3482 1310; baseline -0.009 -6"><span class='ocrx_word' id='word_1_138' title='bbox 270 1222 546 1304; x_wconf 75' lang='lat' dir='ltr'><strong>dominatum</strong></span> <span class='ocrx_word' id='word_1_139' title='bbox 564 1247 889 1310; x_wconf 85' lang='lat' dir='ltr'><strong>susceperant</strong></span> <span class='ocrx_word' id='word_1_140' title='bbox 909 1238 1019 1306; x_wconf 82' lang='lat' dir='ltr'><strong>ejus</strong></span> <span class='ocrx_word' id='word_1_141' title='bbox 1039 1236 1142 1287; x_wconf 85' lang='lat' dir='ltr'><strong>duo</strong></span> <span class='ocrx_word' id='word_1_142' title='bbox 1164 1233 1281 1301; x_wconf 78' lang='lat' dir='ltr'><strong>ﬁlii,</strong></span> <span class='ocrx_word' id='word_1_143' title='bbox 1299 1229 1575 1284; x_wconf 73' lang='lat' dir='ltr'><strong>Cant/turis</strong></span> <span class='ocrx_word' id='word_1_144' title='bbox 1597 1226 1708 1298; x_wconf 82' lang='lat' dir='ltr'><strong>[hic</strong></span> <span class='ocrx_word' id='word_1_145' title='bbox 1729 1235 1812 1280; x_wconf 88' lang='lat' dir='ltr'><strong>est</strong></span> <span class='ocrx_word' id='word_1_146' title='bbox 1913 1226 2068 1294; x_wconf 89' lang='lat' dir='ltr'><strong>hujus</strong></span> <span class='ocrx_word' id='word_1_147' title='bbox 2096 1227 2287 1280; x_wconf 89' lang='lat' dir='ltr'><strong>liberos</strong></span> <span class='ocrx_word' id='word_1_148' title='bbox 2314 1226 2478 1280; x_wconf 85' lang='lat' dir='ltr'><strong>fuisse</strong></span> <span class='ocrx_word' id='word_1_149' title='bbox 2503 1223 2857 1280; x_wconf 85' lang='lat' dir='ltr'><strong>Guntbarium</strong></span> <span class='ocrx_word' id='word_1_150' title='bbox 2889 1233 2944 1279; x_wconf 89' lang='lat' dir='ltr'><strong>et</strong></span> <span class='ocrx_word' id='word_1_151' title='bbox 2972 1223 3348 1286; x_wconf 82' lang='lat' dir='ltr'><strong>Gensericum;</strong></span> <span class='ocrx_word' id='word_1_152' title='bbox 3374 1222 3482 1276; x_wconf 83' lang='lat' dir='ltr'><strong>for-</strong></span> 
     </span>
    </p>
   </div>
   <div class='ocr_carea' id='block_1_12' title="bbox 271 1313 3483 1395">
    <p class='ocr_par' dir='ltr' id='par_1_12' title="bbox 271 1313 3483 1395">
     <span class='ocr_line' id='line_1_12' title="bbox 271 1313 3483 1395; baseline -0.007 -4"><span class='ocrx_word' id='word_1_153' title='bbox 271 1333 548 1392; x_wconf 77' lang='lat' dir='ltr'><strong>Guntherius</strong></span> <span class='ocrx_word' id='word_1_154' title='bbox 572 1333 684 1386; x_wconf 82' lang='lat' dir='ltr'><strong>sive</strong></span> <span class='ocrx_word' id='word_1_155' title='bbox 712 1322 1078 1395; x_wconf 79' lang='lat' dir='ltr'><strong>Gundericus],</strong></span> <span class='ocrx_word' id='word_1_156' title='bbox 1101 1339 1163 1378; x_wconf 76' lang='lat' dir='ltr'><strong>ea:</strong></span> <span class='ocrx_word' id='word_1_157' title='bbox 1176 1323 1316 1392; x_wconf 80' lang='lat' dir='ltr'><strong>justa</strong></span> <span class='ocrx_word' id='word_1_158' title='bbox 1339 1319 1435 1385; x_wconf 83' lang='lat' dir='ltr'><strong>ipsi</strong></span> <span class='ocrx_word' id='word_1_159' title='bbox 1458 1333 1614 1371; x_wconf 77' lang='lat' dir='ltr'><strong>uxore</strong></span> <span class='ocrx_word' id='word_1_160' title='bbox 1635 1323 1809 1383; x_wconf 87' lang='lat' dir='ltr'><strong>natus,</strong></span> <span class='ocrx_word' id='word_1_161' title='bbox 1914 1325 2057 1371; x_wconf 89' lang='lat' dir='ltr'><strong>tasse</strong></span> <span class='ocrx_word' id='word_1_162' title='bbox 2079 1317 2134 1371; x_wconf 88' lang='lat' dir='ltr'><strong>in</strong></span> <span class='ocrx_word' id='word_1_163' title='bbox 2157 1317 2364 1372; x_wconf 90' lang='lat' dir='ltr'><strong>duobus</strong></span> <span class='ocrx_word' id='word_1_164' title='bbox 2390 1317 2496 1371; x_wconf 88' lang='lat' dir='ltr'><strong>illis</strong></span> <span class='ocrx_word' id='word_1_165' title='bbox 2521 1315 2822 1370; x_wconf 71' lang='lat' dir='ltr'><strong>nominibus</strong></span> <span class='ocrx_word' id='word_1_166' title='bbox 2853 1315 3116 1384; x_wconf 87' lang='lat' dir='ltr'><strong>corruptis</strong></span> <span class='ocrx_word' id='word_1_167' title='bbox 3146 1314 3252 1368; x_wconf 91' lang='lat' dir='ltr'><strong>duo</strong></span> <span class='ocrx_word' id='word_1_168' title='bbox 3286 1313 3483 1368; x_wconf 80' lang='lat' dir='ltr'><strong>diversi</strong></span> 
     </span>
    </p>
   </div>
   <div class='ocr_carea' id='block_1_13' title="bbox 270 1407 3486 1490">
    <p class='ocr_par' dir='ltr' id='par_1_13' title="bbox 270 1407 3486 1490">
     <span class='ocr_line' id='line_1_13' title="bbox 270 1407 3486 1490; baseline -0.007 -8"><span class='ocrx_word' id='word_1_169' title='bbox 270 1437 307 1482; x_wconf 82' lang='lat' dir='ltr'><strong>et</strong></span> <span class='ocrx_word' id='word_1_170' title='bbox 331 1425 568 1482; x_wconf 81' lang='lat' dir='ltr'><strong>Gisericus</strong></span> <span class='ocrx_word' id='word_1_171' title='bbox 596 1418 778 1475; x_wconf 80' lang='lat' dir='ltr'><strong>nothus</strong></span> <span class='ocrx_word' id='word_1_172' title='bbox 809 1417 920 1490; x_wconf 89' lang='lat' dir='ltr'><strong>[hic</strong></span> <span class='ocrx_word' id='word_1_173' title='bbox 949 1431 980 1470; x_wconf 89' lang='lat' dir='ltr'><strong>a</strong></span> <span class='ocrx_word' id='word_1_174' title='bbox 1012 1416 1274 1484; x_wconf 80' lang='lat' dir='ltr'><strong>plerisque</strong></span> <span class='ocrx_word' id='word_1_175' title='bbox 1310 1408 1612 1465; x_wconf 71' lang='lat' dir='ltr'><strong>Gemeriws</strong></span> <span class='ocrx_word' id='word_1_176' title='bbox 1650 1421 1809 1461; x_wconf 69' lang='grc' dir='ltr'><strong>νοω-</strong></span> <span class='ocrx_word' id='word_1_177' title='bbox 1914 1411 2078 1467; x_wconf 90' lang='lat' dir='ltr'><strong>duces</strong></span> <span class='ocrx_word' id='word_1_178' title='bbox 2113 1412 2299 1476; x_wconf 86' lang='lat' dir='ltr'><strong>latent,</strong></span> <span class='ocrx_word' id='word_1_179' title='bbox 2323 1426 2551 1481; x_wconf 88' lang='lat' dir='ltr'><strong>quorum</strong></span> <span class='ocrx_word' id='word_1_180' title='bbox 2581 1410 2717 1464; x_wconf 91' lang='lat' dir='ltr'><strong>alter</strong></span> <span class='ocrx_word' id='word_1_181' title='bbox 2744 1409 2998 1479; x_wconf 84' lang='lat' dir='ltr'><strong>Silinguis</strong></span> <span class='ocrx_word' id='word_1_182' title='bbox 3023 1407 3322 1479; x_wconf 63' lang='lat' dir='ltr'><strong>praefuerit,</strong></span> <span class='ocrx_word' id='word_1_183' title='bbox 3353 1408 3486 1462; x_wconf 87' lang='lat' dir='ltr'><strong>alter</strong></span> 
     </span>
    </p>
   </div>
   <div class='ocr_carea' id='block_1_14' title="bbox 271 1498 3486 1588">
    <p class='ocr_par' dir='ltr' id='par_1_14' title="bbox 271 1498 3486 1588">
     <span class='ocr_line' id='line_1_14' title="bbox 271 1498 3486 1588; baseline -0.006 -15"><span class='ocrx_word' id='word_1_184' title='bbox 271 1517 374 1588; x_wconf 90' lang='lat' dir='ltr'><strong>tur].</strong></span> <span class='ocrx_word' id='word_1_185' title='bbox 389 1516 562 1570; x_wconf 83' lang='lat' dir='ltr'><strong>Verum</strong></span> <span class='ocrx_word' id='word_1_186' title='bbox 587 1511 675 1566; x_wconf 86' lang='lat' dir='ltr'><strong>ille</strong></span> <span class='ocrx_word' id='word_1_187' title='bbox 696 1511 865 1564; x_wconf 84' lang='lat' dir='ltr'><strong>adhuc</strong></span> <span class='ocrx_word' id='word_1_188' title='bbox 891 1523 1038 1577; x_wconf 86' lang='lat' dir='ltr'><strong>puer,</strong></span> <span class='ocrx_word' id='word_1_189' title='bbox 1067 1515 1172 1559; x_wconf 86' lang='lat' dir='ltr'><strong>etc.</strong></span> <span class='ocrx_word' id='word_1_190' title='bbox 1203 1502 1437 1556; x_wconf 77' lang='lat' dir='ltr'><strong>Isidorus</strong></span> <span class='ocrx_word' id='word_1_191' title='bbox 1467 1500 1518 1554; x_wconf 92' lang='lat' dir='ltr'><strong>in</strong></span> <span class='ocrx_word' id='word_1_192' title='bbox 1549 1498 1813 1588; x_wconf 83' lang='lat' dir='ltr'><strong>Chronico</strong></span> <span class='ocrx_word' id='word_1_193' title='bbox 1917 1503 2136 1572; x_wconf 87' lang='lat' dir='ltr'><strong>reliquis</strong></span> <span class='ocrx_word' id='word_1_194' title='bbox 2181 1502 2454 1557; x_wconf 80' lang='lat' dir='ltr'><strong>Vandalis.</strong></span> <span class='ocrx_word' id='word_1_195' title='bbox 2495 1501 2602 1558; x_wconf 90' lang='lat' dir='ltr'><strong>Sed</strong></span> <span class='ocrx_word' id='word_1_196' title='bbox 2643 1516 2673 1554; x_wconf 90' lang='lat' dir='ltr'><strong>a</strong></span> <span class='ocrx_word' id='word_1_197' title='bbox 2711 1516 2815 1571; x_wconf 92' lang='lat' dir='ltr'><strong>quo</strong></span> <span class='ocrx_word' id='word_1_198' title='bbox 2861 1511 3078 1556; x_wconf 89' lang='lat' dir='ltr'><strong>auctore</strong></span> <span class='ocrx_word' id='word_1_199' title='bbox 3124 1500 3486 1555; x_wconf 83' lang='lat' dir='ltr'><strong>narrationem</strong></span> 
     </span>
    </p>
   </div>
   <div class='ocr_carea' id='block_1_15' title="bbox 269 1587 3489 1665">
    <p class='ocr_par' dir='ltr' id='par_1_15' title="bbox 269 1587 3489 1665">
     <span class='ocr_line' id='line_1_15' title="bbox 269 1587 3489 1665; baseline -0.006 -1"><span class='ocrx_word' id='word_1_200' title='bbox 269 1611 326 1665; x_wconf 88' lang='lat' dir='ltr'><strong>de</strong></span> <span class='ocrx_word' id='word_1_201' title='bbox 343 1587 631 1663; x_wconf 69' lang='lat' dir='ltr'><strong>tiunthario</strong></span> <span class='ocrx_word' id='word_1_202' title='bbox 672 1602 787 1655; x_wconf 67' lang='lat' dir='ltr'><strong>hazc</strong></span> <span class='ocrx_word' id='word_1_203' title='bbox 815 1598 974 1652; x_wconf 80' lang='lat' dir='ltr'><strong>habet</strong></span> <span class='ocrx_word' id='word_1_204' title='bbox 998 1611 1014 1652; x_wconf 88' lang='lat'><strong>:</strong></span> <span class='ocrx_word' id='word_1_205' title='bbox 1041 1594 1250 1648; x_wconf 85' lang='lat' dir='ltr'><strong>Primus</strong></span> <span class='ocrx_word' id='word_1_206' title='bbox 1279 1602 1449 1644; x_wconf 88' lang='lat' dir='ltr'><strong>autem</strong></span> <span class='ocrx_word' id='word_1_207' title='bbox 1479 1590 1530 1642; x_wconf 91' lang='lat' dir='ltr'><strong>in</strong></span> <span class='ocrx_word' id='word_1_208' title='bbox 1562 1587 1817 1656; x_wconf 83' lang='lat' dir='ltr'><strong>Hispania</strong></span> <span class='ocrx_word' id='word_1_209' title='bbox 1917 1609 2066 1648; x_wconf 87' lang='lat' dir='ltr'><strong>suam</strong></span> <span class='ocrx_word' id='word_1_210' title='bbox 2095 1593 2330 1648; x_wconf 87' lang='lat' dir='ltr'><strong>hauserit</strong></span> <span class='ocrx_word' id='word_1_211' title='bbox 2350 1593 2902 1662; x_wconf 76' lang='lat' dir='ltr'><strong>Wolfgangus,neque</strong></span> <span class='ocrx_word' id='word_1_212' title='bbox 2924 1593 3038 1662; x_wconf 88' lang='lat' dir='ltr'><strong>ipse</strong></span> <span class='ocrx_word' id='word_1_213' title='bbox 3054 1593 3489 1661; x_wconf 83' lang='lat' dir='ltr'><strong>explicat,ncquu</strong></span> 
     </span>
    </p>
   </div>
   <div class='ocr_carea' id='block_1_16' title="bbox 270 1678 3486 1756">
    <p class='ocr_par' dir='ltr' id='par_1_16' title="bbox 270 1678 3486 1756">
     <span class='ocr_line' id='line_1_16' title="bbox 270 1678 3486 1756; baseline -0.01 0"><span class='ocrx_word' id='word_1_214' title='bbox 270 1698 558 1756; x_wconf 74' lang='lat' dir='ltr'><strong>Gundericus</strong></span> <span class='ocrx_word' id='word_1_215' title='bbox 578 1711 668 1750; x_wconf 76' lang='lat' dir='ltr'><strong>rea:</strong></span> <span class='ocrx_word' id='word_1_216' title='bbox 690 1691 1043 1747; x_wconf 84' lang='lat' dir='ltr'><strong>Vandalorum</strong></span> <span class='ocrx_word' id='word_1_217' title='bbox 1066 1685 1304 1740; x_wconf 81' lang='lat' dir='ltr'><strong>successit</strong></span> <span class='ocrx_word' id='word_1_218' title='bbox 1324 1697 1536 1752; x_wconf 82' lang='lat' dir='ltr'><strong>regnans</strong></span> <span class='ocrx_word' id='word_1_219' title='bbox 1557 1678 1817 1733; x_wconf 67' lang='lat' dir='ltr'><strong>Callaecia:</strong></span> <span class='ocrx_word' id='word_1_220' title='bbox 1920 1697 2020 1754; x_wconf 75' lang='lat' dir='ltr'><strong>ego</strong></span> <span class='ocrx_word' id='word_1_221' title='bbox 2051 1683 2280 1738; x_wconf 74' lang='lat' dir='ltr'><strong>invenio,</strong></span> <span class='ocrx_word' id='word_1_222' title='bbox 2314 1684 2593 1739; x_wconf 65' lang='lat' dir='ltr'><strong>Gestorum</strong></span> <span class='ocrx_word' id='word_1_223' title='bbox 2623 1699 2749 1754; x_wconf 71' lang='lat' dir='ltr'><strong>ergo</strong></span> <span class='ocrx_word' id='word_1_224' title='bbox 2774 1685 2945 1739; x_wconf 67' lang='lat' dir='ltr'><strong>series</strong></span> <span class='ocrx_word' id='word_1_225' title='bbox 2971 1698 3038 1739; x_wconf 67' lang='lat' dir='ltr'><strong>ex</strong></span> <span class='ocrx_word' id='word_1_226' title='bbox 3065 1682 3236 1738; x_wconf 72' lang='lat' dir='ltr'><strong>[dacio</strong></span> <span class='ocrx_word' id='word_1_227' title='bbox 3264 1696 3486 1752; x_wconf 64' lang='grc' dir='ltr'><strong>ρι-ωεθτ.</strong></span> 
     </span>
    </p>
   </div>
   <div class='ocr_carea' id='block_1_17' title="bbox 271 1770 1841 1861">
    <p class='ocr_par' dir='ltr' id='par_1_17' title="bbox 271 1770 1817 1861">
     <span class='ocr_line' id='line_1_17' title="bbox 271 1770 1817 1861; baseline -0.014 -16"><span class='ocrx_word' id='word_1_228' title='bbox 271 1792 471 1861; x_wconf 79' lang='lat' dir='ltr'><strong>partibus</strong></span> <span class='ocrx_word' id='word_1_229' title='bbox 497 1787 645 1841; x_wconf 87' lang='lat' dir='ltr'><strong>annis</strong></span> <span class='ocrx_word' id='word_1_230' title='bbox 674 1801 803 1840; x_wconf 72' lang='grc' dir='ltr'>χιιι.</span> <span class='ocrx_word' id='word_1_231' title='bbox 837 1783 966 1850; x_wconf 59' lang='lat' dir='ltr'><strong>Quae</strong></span> <span class='ocrx_word' id='word_1_232' title='bbox 993 1779 1157 1835; x_wconf 86' lang='lat' dir='ltr'><strong>verba</strong></span> <span class='ocrx_word' id='word_1_233' title='bbox 1187 1777 1412 1832; x_wconf 88' lang='lat' dir='ltr'><strong>obscura</strong></span> <span class='ocrx_word' id='word_1_234' title='bbox 1444 1781 1596 1839; x_wconf 88' lang='lat' dir='ltr'><strong>sunt,</strong></span> <span class='ocrx_word' id='word_1_235' title='bbox 1625 1771 1719 1826; x_wconf 82' lang='lat' dir='ltr'><strong>sed</strong></span> <span class='ocrx_word' id='word_1_236' title='bbox 1749 1770 1817 1824; x_wconf 91' lang='lat' dir='ltr'><strong>ob</strong></span> 
     </span>
    </p>
   </div>
   <div class='ocr_carea' id='block_1_18' title="bbox 1944 1770 3488 1861">
    <p class='ocr_par' dir='ltr' id='par_1_18' title="bbox 1944 1772 3488 1846">
     <span class='ocr_line' id='line_1_18' title="bbox 1944 1772 3488 1846; baseline 0 -18"><span class='ocrx_word' id='word_1_237' title='bbox 1944 1774 2013 1828; x_wconf 91' lang='lat' dir='ltr'><strong>im</strong></span> <span class='ocrx_word' id='word_1_238' title='bbox 2051 1783 2106 1830; x_wconf 89' lang='lat' dir='ltr'><strong>et</strong></span> <span class='ocrx_word' id='word_1_239' title='bbox 2136 1775 2388 1844; x_wconf 89' lang='lat' dir='ltr'><strong>Procopio</strong></span> <span class='ocrx_word' id='word_1_240' title='bbox 2419 1776 2485 1828; x_wconf 91' lang='lat' dir='ltr'><strong>ita</strong></span> <span class='ocrx_word' id='word_1_241' title='bbox 2516 1775 2754 1829; x_wconf 82' lang='lat' dir='ltr'><strong>ordinari</strong></span> <span class='ocrx_word' id='word_1_242' title='bbox 2792 1784 2987 1846; x_wconf 87' lang='lat' dir='ltr'><strong>potest.</strong></span> <span class='ocrx_word' id='word_1_243' title='bbox 3021 1774 3238 1830; x_wconf 78' lang='lat' dir='ltr'><strong>Vandali</strong></span> <span class='ocrx_word' id='word_1_244' title='bbox 3271 1772 3488 1844; x_wconf 66' lang='grc' dir='ltr'><strong>(ἰοόίδί-</strong></span> 
     </span>
    </p>
   </div>
   <div class='ocr_carea' id='block_1_19' title="bbox 270 1863 1822 1943">
    <p class='ocr_par' dir='ltr' id='par_1_19' title="bbox 270 1863 1822 1943">
     <span class='ocr_line' id='line_1_19' title="bbox 270 1863 1822 1943; baseline -0.014 -9"><span class='ocrx_word' id='word_1_245' title='bbox 270 1895 430 1936; x_wconf 86' lang='lat' dir='ltr'><strong>vocem</strong></span> <span class='ocrx_word' id='word_1_246' title='bbox 451 1876 690 1932; x_wconf 74' lang='lat' dir='ltr'><strong>successit</strong></span> <span class='ocrx_word' id='word_1_247' title='bbox 713 1873 880 1943; x_wconf 74' lang='lat' dir='ltr'><strong>magis</strong></span> <span class='ocrx_word' id='word_1_248' title='bbox 905 1868 1146 1938; x_wconf 82' lang='lat' dir='ltr'><strong>Procopii</strong></span> <span class='ocrx_word' id='word_1_249' title='bbox 1169 1863 1488 1921; x_wconf 88' lang='lat' dir='ltr'><strong>sententiam</strong></span> <span class='ocrx_word' id='word_1_250' title='bbox 1515 1878 1673 1933; x_wconf 88' lang='lat' dir='ltr'><strong>quam</strong></span> <span class='ocrx_word' id='word_1_251' title='bbox 1697 1875 1822 1915; x_wconf 85' lang='lat' dir='ltr'><strong>con-</strong></span> 
     </span>
    </p>
   </div>
   <div class='ocr_carea' id='block_1_20' title="bbox 271 1951 1821 2026">
    <p class='ocr_par' dir='ltr' id='par_1_20' title="bbox 271 1951 1821 2026">
     <span class='ocr_line' id='line_1_20' title="bbox 271 1951 1821 2026; baseline -0.016 0"><span class='ocrx_word' id='word_1_252' title='bbox 271 1969 463 2026; x_wconf 87' lang='lat' dir='ltr'><strong>trariam</strong></span> <span class='ocrx_word' id='word_1_253' title='bbox 500 1967 722 2020; x_wconf 87' lang='lat' dir='ltr'><strong>innucre</strong></span> <span class='ocrx_word' id='word_1_254' title='bbox 759 1962 1029 2016; x_wconf 84' lang='lat' dir='ltr'><strong>videntur.</strong></span> <span class='ocrx_word' id='word_1_255' title='bbox 1071 1955 1277 2011; x_wconf 82' lang='lat' dir='ltr'><strong>ldacius</strong></span> <span class='ocrx_word' id='word_1_256' title='bbox 1317 1958 1369 2007; x_wconf 91' lang='lat' dir='ltr'><strong>in</strong></span> <span class='ocrx_word' id='word_1_257' title='bbox 1407 1951 1672 2007; x_wconf 86' lang='lat' dir='ltr'><strong>Chronico</strong></span> <span class='ocrx_word' id='word_1_258' title='bbox 1717 1962 1821 2003; x_wconf 90' lang='lat' dir='ltr'><strong>non</strong></span> 
     </span>
    </p>
   </div>
   <div class='ocr_carea' id='block_1_21' title="bbox 267 2040 1818 2130">
    <p class='ocr_par' dir='ltr' id='par_1_21' title="bbox 267 2040 1818 2130">
     <span class='ocr_line' id='line_1_21' title="bbox 267 2040 1818 2130; baseline -0.015 -14"><span class='ocrx_word' id='word_1_259' title='bbox 267 2062 475 2130; x_wconf 76' lang='lat' dir='ltr'><strong>explicat</strong></span> <span class='ocrx_word' id='word_1_260' title='bbox 503 2058 656 2126; x_wconf 86' lang='lat' dir='ltr'><strong>cujus</strong></span> <span class='ocrx_word' id='word_1_261' title='bbox 683 2054 846 2110; x_wconf 87' lang='lat' dir='ltr'><strong>ductu</strong></span> <span class='ocrx_word' id='word_1_262' title='bbox 888 2047 1114 2105; x_wconf 85' lang='lat' dir='ltr'><strong>Vandali</strong></span> <span class='ocrx_word' id='word_1_263' title='bbox 1146 2045 1451 2115; x_wconf 84' lang='lat' dir='ltr'><strong>Hispaniam</strong></span> <span class='ocrx_word' id='word_1_264' title='bbox 1481 2040 1778 2099; x_wconf 84' lang='lat' dir='ltr'><strong>invaserint</strong></span> <span class='ocrx_word' id='word_1_265' title='bbox 1806 2057 1818 2091; x_wconf 90' lang='lat'><strong>:</strong></span> 
     </span>
    </p>
   </div>
   <div class='ocr_carea' id='block_1_22' title="bbox 264 2131 1824 2211">
    <p class='ocr_par' dir='ltr' id='par_1_22' title="bbox 264 2131 1824 2211">
     <span class='ocr_line' id='line_1_22' title="bbox 264 2131 1824 2211; baseline -0.013 -6"><span class='ocrx_word' id='word_1_266' title='bbox 264 2152 348 2205; x_wconf 84' lang='lat' dir='ltr'><strong>sed</strong></span> <span class='ocrx_word' id='word_1_267' title='bbox 377 2163 492 2203; x_wconf 88' lang='lat' dir='ltr'><strong>eum</strong></span> <span class='ocrx_word' id='word_1_268' title='bbox 531 2154 802 2200; x_wconf 87' lang='lat' dir='ltr'><strong>narrasset</strong></span> <span class='ocrx_word' id='word_1_269' title='bbox 843 2149 1070 2211; x_wconf 89' lang='lat' dir='ltr'><strong>quatuor</strong></span> <span class='ocrx_word' id='word_1_270' title='bbox 1109 2138 1292 2208; x_wconf 84' lang='lat' dir='ltr'><strong>plagas</strong></span> <span class='ocrx_word' id='word_1_271' title='bbox 1332 2135 1522 2205; x_wconf 91' lang='lat' dir='ltr'><strong>quibus</strong></span> <span class='ocrx_word' id='word_1_272' title='bbox 1557 2131 1824 2201; x_wconf 80' lang='lat' dir='ltr'><strong>Hispaniae</strong></span> 
     </span>
    </p>
   </div>
   <div class='ocr_carea' id='block_1_23' title="bbox 267 2224 1824 2301">
    <p class='ocr_par' dir='ltr' id='par_1_23' title="bbox 267 2224 1824 2301">
     <span class='ocr_line' id='line_1_23' title="bbox 267 2224 1824 2301; baseline -0.011 -7"><span class='ocrx_word' id='word_1_273' title='bbox 267 2250 473 2294; x_wconf 64' lang='lat' dir='ltr'><strong>vastata:</strong></span> <span class='ocrx_word' id='word_1_274' title='bbox 495 2237 734 2301; x_wconf 88' lang='lat' dir='ltr'><strong>fuerunt,</strong></span> <span class='ocrx_word' id='word_1_275' title='bbox 761 2234 909 2295; x_wconf 89' lang='lat' dir='ltr'><strong>ferri,</strong></span> <span class='ocrx_word' id='word_1_276' title='bbox 935 2231 1111 2296; x_wconf 87' lang='lat' dir='ltr'><strong>famis,</strong></span> <span class='ocrx_word' id='word_1_277' title='bbox 1143 2227 1480 2298; x_wconf 67' lang='lat' dir='ltr'><strong>pestilentiae,</strong></span> <span class='ocrx_word' id='word_1_278' title='bbox 1510 2224 1824 2290; x_wconf 84' lang='lat' dir='ltr'><strong>bestiarum,</strong></span> 
     </span>
    </p>
   </div>
   <div class='ocr_carea' id='block_1_24' title="bbox 263 2318 1826 2401">
    <p class='ocr_par' dir='ltr' id='par_1_24' title="bbox 263 2318 1826 2401">
     <span class='ocr_line' id='line_1_24' title="bbox 263 2318 1826 2401; baseline -0.014 -14"><span class='ocrx_word' id='word_1_279' title='bbox 263 2334 326 2386; x_wconf 85' lang='lat' dir='ltr'><strong>ita</strong></span> <span class='ocrx_word' id='word_1_280' title='bbox 358 2330 523 2401; x_wconf 81' lang='lat' dir='ltr'><strong>pergit</strong></span> <span class='ocrx_word' id='word_1_281' title='bbox 548 2344 564 2382; x_wconf 90' lang='lat'>:</span> <span class='ocrx_word' id='word_1_282' title='bbox 593 2325 861 2382; x_wconf 85' lang='lat' dir='ltr'><strong>Subversis</strong></span> <span class='ocrx_word' id='word_1_283' title='bbox 891 2322 998 2394; x_wconf 78' lang='lat'><strong>73</strong></span> <span class='ocrx_word' id='word_1_284' title='bbox 1024 2327 1304 2374; x_wconf 87' lang='lat' dir='ltr'><strong>memorata</strong></span> <span class='ocrx_word' id='word_1_285' title='bbox 1327 2318 1594 2387; x_wconf 81' lang='lat' dir='ltr'><strong>plagarum</strong></span> <span class='ocrx_word' id='word_1_286' title='bbox 1620 2329 1826 2383; x_wconf 76' lang='lat' dir='ltr'><strong>grassa-</strong></span> 
     </span>
    </p>
   </div>
   <div class='ocr_carea' id='block_1_25' title="bbox 257 2405 1827 2490">
    <p class='ocr_par' dir='ltr' id='par_1_25' title="bbox 257 2405 1827 2490">
     <span class='ocr_line' id='line_1_25' title="bbox 257 2405 1827 2490; baseline -0.013 -13"><span class='ocrx_word' id='word_1_287' title='bbox 257 2437 388 2477; x_wconf 85' lang='lat' dir='ltr'><strong>ttone</strong></span> <span class='ocrx_word' id='word_1_288' title='bbox 415 2418 682 2490; x_wconf 69' lang='lat' dir='ltr'><strong>Hispaniis</strong></span> <span class='ocrx_word' id='word_1_289' title='bbox 709 2414 999 2485; x_wconf 76' lang='lat' dir='ltr'><strong>provinciis,</strong></span> <span class='ocrx_word' id='word_1_290' title='bbox 1023 2411 1224 2465; x_wconf 84' lang='lat' dir='ltr'><strong>barbari</strong></span> <span class='ocrx_word' id='word_1_291' title='bbox 1246 2409 1311 2462; x_wconf 85' lang='lat' dir='ltr'><strong>ad</strong></span> <span class='ocrx_word' id='word_1_292' title='bbox 1333 2423 1507 2477; x_wconf 89' lang='lat' dir='ltr'><strong>pacem</strong></span> <span class='ocrx_word' id='word_1_293' title='bbox 1531 2405 1827 2470; x_wconf 82' lang='lat' dir='ltr'><strong>ineundum,</strong></span> 
     </span>
    </p>
   </div>
   <div class='ocr_carea' id='block_1_26' title="bbox 259 2495 1831 2569">
    <p class='ocr_par' dir='ltr' id='par_1_26' title="bbox 259 2495 1831 2569">
     <span class='ocr_line' id='line_1_26' title="bbox 259 2495 1831 2569; baseline -0.014 0"><span class='ocrx_word' id='word_1_294' title='bbox 259 2514 476 2569; x_wconf 87' lang='lat' dir='ltr'><strong>Domino</strong></span> <span class='ocrx_word' id='word_1_295' title='bbox 513 2511 778 2565; x_wconf 83' lang='lat' dir='ltr'><strong>miserante</strong></span> <span class='ocrx_word' id='word_1_296' title='bbox 813 2507 1070 2568; x_wconf 84' lang='lat' dir='ltr'><strong>conversi,</strong></span> <span class='ocrx_word' id='word_1_297' title='bbox 1111 2511 1243 2557; x_wconf 82' lang='lat' dir='ltr'><strong>sorte</strong></span> <span class='ocrx_word' id='word_1_298' title='bbox 1271 2501 1337 2552; x_wconf 84' lang='lat' dir='ltr'><strong>ad</strong></span> <span class='ocrx_word' id='word_1_299' title='bbox 1373 2498 1704 2552; x_wconf 82' lang='lat' dir='ltr'><strong>habitandum</strong></span> <span class='ocrx_word' id='word_1_300' title='bbox 1734 2495 1831 2549; x_wconf 86' lang='lat' dir='ltr'><strong>sibi</strong></span> 
     </span>
    </p>
   </div>
   <div class='ocr_carea' id='block_1_27' title="bbox 253 2586 1831 2674">
    <p class='ocr_par' dir='ltr' id='par_1_27' title="bbox 253 2586 1831 2674">
     <span class='ocr_line' id='line_1_27' title="bbox 253 2586 1831 2674; baseline -0.014 -15"><span class='ocrx_word' id='word_1_301' title='bbox 253 2603 632 2674; x_wconf 78' lang='lat' dir='ltr'><strong>provinciarum</strong></span> <span class='ocrx_word' id='word_1_302' title='bbox 673 2599 902 2653; x_wconf 81' lang='lat' dir='ltr'><strong>dividunt</strong></span> <span class='ocrx_word' id='word_1_303' title='bbox 945 2594 1173 2664; x_wconf 87' lang='lat' dir='ltr'><strong>regiones</strong></span> <span class='ocrx_word' id='word_1_304' title='bbox 1203 2607 1224 2645; x_wconf 87' lang='lat'><strong><em>:</em></strong></span> <span class='ocrx_word' id='word_1_305' title='bbox 1262 2589 1560 2645; x_wconf 76' lang='lat' dir='ltr'><strong>Gallwciam</strong></span> <span class='ocrx_word' id='word_1_306' title='bbox 1607 2586 1831 2642; x_wconf 81' lang='lat' dir='ltr'><strong>Vandali</strong></span> 
     </span>
    </p>
   </div>
   <div class='ocr_carea' id='block_1_28' title="bbox 249 2677 1831 2764">
    <p class='ocr_par' dir='ltr' id='par_1_28' title="bbox 249 2677 1831 2764">
     <span class='ocr_line' id='line_1_28' title="bbox 249 2677 1831 2764; baseline -0.013 -15"><span class='ocrx_word' id='word_1_307' title='bbox 249 2700 507 2764; x_wconf 81' lang='lat' dir='ltr'><strong>occupant</strong></span> <span class='ocrx_word' id='word_1_308' title='bbox 536 2702 584 2745; x_wconf 91' lang='lat' dir='ltr'><strong>et</strong></span> <span class='ocrx_word' id='word_1_309' title='bbox 615 2689 788 2755; x_wconf 73' lang='lat' dir='ltr'><strong>Saevi,</strong></span> <span class='ocrx_word' id='word_1_310' title='bbox 827 2685 977 2740; x_wconf 84' lang='lat' dir='ltr'><strong>sitam</strong></span> <span class='ocrx_word' id='word_1_311' title='bbox 1011 2685 1066 2738; x_wconf 87' lang='lat' dir='ltr'><strong>in</strong></span> <span class='ocrx_word' id='word_1_312' title='bbox 1104 2681 1415 2737; x_wconf 77' lang='lat' dir='ltr'><strong>extremitate</strong></span> <span class='ocrx_word' id='word_1_313' title='bbox 1447 2678 1634 2732; x_wconf 80' lang='lat' dir='ltr'><strong>Oceani</strong></span> <span class='ocrx_word' id='word_1_314' title='bbox 1673 2677 1831 2729; x_wconf 82' lang='lat' dir='ltr'><strong>maris</strong></span> 
     </span>
    </p>
   </div>
   <div class='ocr_carea' id='block_1_29' title="bbox 248 2767 1834 2848">
    <p class='ocr_par' dir='ltr' id='par_1_29' title="bbox 248 2767 1834 2848">
     <span class='ocr_line' id='line_1_29' title="bbox 248 2767 1834 2848; baseline -0.012 -10"><span class='ocrx_word' id='word_1_315' title='bbox 248 2784 509 2848; x_wconf 82' lang='lat' dir='ltr'><strong>occidua;</strong></span> <span class='ocrx_word' id='word_1_316' title='bbox 538 2781 690 2834; x_wconf 83' lang='lat' dir='ltr'><strong>Alani</strong></span> <span class='ocrx_word' id='word_1_317' title='bbox 719 2776 1036 2832; x_wconf 85' lang='lat' dir='ltr'><strong>Lusitaniam</strong></span> <span class='ocrx_word' id='word_1_318' title='bbox 1062 2781 1110 2828; x_wconf 88' lang='lat' dir='ltr'><strong>et</strong></span> <span class='ocrx_word' id='word_1_319' title='bbox 1139 2771 1585 2842; x_wconf 83' lang='lat' dir='ltr'><strong>Carthaginensem</strong></span> <span class='ocrx_word' id='word_1_320' title='bbox 1628 2767 1834 2838; x_wconf 83' lang='lat' dir='ltr'><strong>provin-</strong></span> 
     </span>
    </p>
   </div>
   <div class='ocr_carea' id='block_1_30' title="bbox 243 2859 1829 2940">
    <p class='ocr_par' dir='ltr' id='par_1_30' title="bbox 243 2859 1829 2940">
     <span class='ocr_line' id='line_1_30' title="bbox 243 2859 1829 2940; baseline -0.01 -12"><span class='ocrx_word' id='word_1_321' title='bbox 243 2877 408 2940; x_wconf 84' lang='lat' dir='ltr'><strong>ciam,</strong></span> <span class='ocrx_word' id='word_1_322' title='bbox 423 2882 472 2926; x_wconf 87' lang='lat' dir='ltr'><strong>et</strong></span> <span class='ocrx_word' id='word_1_323' title='bbox 495 2870 719 2925; x_wconf 81' lang='lat' dir='ltr'><strong>Vandali</strong></span> <span class='ocrx_word' id='word_1_324' title='bbox 741 2867 1037 2938; x_wconf 88' lang='lat' dir='ltr'><strong>cognomine</strong></span> <span class='ocrx_word' id='word_1_325' title='bbox 1060 2862 1250 2933; x_wconf 88' lang='lat' dir='ltr'><strong>Silingi</strong></span> <span class='ocrx_word' id='word_1_326' title='bbox 1269 2860 1512 2915; x_wconf 59' lang='lat' dir='ltr'><strong>Baeticam</strong></span> <span class='ocrx_word' id='word_1_327' title='bbox 1531 2859 1829 2912; x_wconf 85' lang='lat' dir='ltr'><strong>sortiuntur.</strong></span> 
     </span>
    </p>
   </div>
   <div class='ocr_carea' id='block_1_31' title="bbox 244 2948 1832 3023">
    <p class='ocr_par' dir='ltr' id='par_1_31' title="bbox 244 2948 1832 3023">
     <span class='ocr_line' id='line_1_31' title="bbox 244 2948 1832 3023; baseline -0.015 0"><span class='ocrx_word' id='word_1_328' title='bbox 244 2967 493 3023; x_wconf 81' lang='lat' dir='ltr'><strong>Isidorus</strong></span> <span class='ocrx_word' id='word_1_329' title='bbox 529 2964 581 3016; x_wconf 90' lang='lat' dir='ltr'><strong>in</strong></span> <span class='ocrx_word' id='word_1_330' title='bbox 613 2962 814 3016; x_wconf 85' lang='lat' dir='ltr'><strong>Hister.</strong></span> <span class='ocrx_word' id='word_1_331' title='bbox 843 2957 1005 3014; x_wconf 84' lang='lat' dir='ltr'><strong>Gotlt.</strong></span> <span class='ocrx_word' id='word_1_332' title='bbox 1045 2956 1140 3008; x_wconf 90' lang='lat' dir='ltr'><strong>bos</strong></span> <span class='ocrx_word' id='word_1_333' title='bbox 1172 2961 1325 3008; x_wconf 87' lang='lat' dir='ltr'><strong>vocat</strong></span> <span class='ocrx_word' id='word_1_334' title='bbox 1365 2949 1628 3004; x_wconf 88' lang='lat' dir='ltr'><strong>Vandalos</strong></span> <span class='ocrx_word' id='word_1_335' title='bbox 1659 2948 1832 3003; x_wconf 87' lang='lat' dir='ltr'><strong>Selin-</strong></span> 
     </span>
    </p>
   </div>
   <div class='ocr_carea' id='block_1_32' title="bbox 241 3038 1834 3128">
    <p class='ocr_par' dir='ltr' id='par_1_32' title="bbox 241 3038 1834 3128">
     <span class='ocr_line' id='line_1_32' title="bbox 241 3038 1834 3128; baseline -0.01 -18"><span class='ocrx_word' id='word_1_336' title='bbox 241 3074 402 3128; x_wconf 78' lang='lat' dir='ltr'><strong>guos,</strong></span> <span class='ocrx_word' id='word_1_337' title='bbox 450 3055 536 3110; x_wconf 90' lang='lat' dir='ltr'><strong>ubi</strong></span> <span class='ocrx_word' id='word_1_338' title='bbox 569 3053 635 3107; x_wconf 88' lang='lat' dir='ltr'><strong>de</strong></span> <span class='ocrx_word' id='word_1_339' title='bbox 662 3051 851 3106; x_wconf 84' lang='lat' dir='ltr'><strong>Wallia</strong></span> <span class='ocrx_word' id='word_1_340' title='bbox 891 3063 1015 3118; x_wconf 77' lang='lat' dir='ltr'><strong>rege</strong></span> <span class='ocrx_word' id='word_1_341' title='bbox 1052 3045 1346 3100; x_wconf 76' lang='lat' dir='ltr'><strong>Gothorum</strong></span> <span class='ocrx_word' id='word_1_342' title='bbox 1395 3044 1467 3096; x_wconf 89' lang='lat' dir='ltr'><strong>ait</strong></span> <span class='ocrx_word' id='word_1_343' title='bbox 1504 3059 1516 3095; x_wconf 95' lang='lat'>:</span> <span class='ocrx_word' id='word_1_344' title='bbox 1570 3038 1834 3094; x_wconf 69' lang='lat' dir='ltr'><strong>Vandulos</strong></span> 
     </span>
    </p>
   </div>
   <div class='ocr_carea' id='block_1_33' title="bbox 1924 1863 3488 1936">
    <p class='ocr_par' dir='ltr' id='par_1_33' title="bbox 1924 1863 3488 1936">
     <span class='ocr_line' id='line_1_33' title="bbox 1924 1863 3488 1936; baseline 0.001 -16"><span class='ocrx_word' id='word_1_345' title='bbox 1924 1864 2038 1920; x_wconf 92' lang='lat' dir='ltr'><strong>sclo</strong></span> <span class='ocrx_word' id='word_1_346' title='bbox 2059 1865 2194 1920; x_wconf 91' lang='lat' dir='ltr'><strong>duce</strong></span> <span class='ocrx_word' id='word_1_347' title='bbox 2217 1865 2497 1934; x_wconf 75' lang='lat' dir='ltr'><strong>HiSpanias</strong></span> <span class='ocrx_word' id='word_1_348' title='bbox 2525 1865 2860 1932; x_wconf 87' lang='lat' dir='ltr'><strong>invaserunt;</strong></span> <span class='ocrx_word' id='word_1_349' title='bbox 2886 1866 2939 1921; x_wconf 89' lang='lat' dir='ltr'><strong>bi</strong></span> <span class='ocrx_word' id='word_1_350' title='bbox 2967 1865 3057 1936; x_wconf 90' lang='lat' dir='ltr'><strong>qui</strong></span> <span class='ocrx_word' id='word_1_351' title='bbox 3092 1865 3310 1921; x_wconf 79' lang='lat' dir='ltr'><strong>Vandali</strong></span> <span class='ocrx_word' id='word_1_352' title='bbox 3332 1863 3488 1922; x_wconf 83' lang='lat' dir='ltr'><strong>Siliu-</strong></span> 
     </span>
    </p>
   </div>
   <div class='ocr_carea' id='block_1_34' title="bbox 1922 1956 3506 2026">
    <p class='ocr_par' dir='ltr' id='par_1_34' title="bbox 1922 1956 3506 2026">
     <span class='ocr_line' id='line_1_34' title="bbox 1922 1956 3506 2026; baseline 0.003 -17"><span class='ocrx_word' id='word_1_353' title='bbox 1922 1956 2011 2026; x_wconf 83' lang='lat' dir='ltr'><strong>gui</strong></span> <span class='ocrx_word' id='word_1_354' title='bbox 2044 1957 2456 2012; x_wconf 89' lang='lat' dir='ltr'><strong>nominabantur</strong></span> <span class='ocrx_word' id='word_1_355' title='bbox 2479 1957 2726 2013; x_wconf 68' lang='lat' dir='ltr'><strong>Baeticam</strong></span> <span class='ocrx_word' id='word_1_356' title='bbox 2753 1958 3085 2016; x_wconf 89' lang='lat' dir='ltr'><strong>incoluerunt</strong></span> <span class='ocrx_word' id='word_1_357' title='bbox 3111 1976 3127 2024; x_wconf 85' lang='lat'><strong>;</strong></span> <span class='ocrx_word' id='word_1_358' title='bbox 3156 1959 3335 2014; x_wconf 70' lang='lat' dir='ltr'><strong>caeteri</strong></span> <span class='ocrx_word' id='word_1_359' title='bbox 3364 1959 3506 2015; x_wconf 82' lang='lat' dir='ltr'><strong>Van-</strong></span> 
     </span>
    </p>
   </div>
   <div class='ocr_carea' id='block_1_35' title="bbox 1924 2048 3494 2118">
    <p class='ocr_par' dir='ltr' id='par_1_35' title="bbox 1924 2048 3494 2118">
     <span class='ocr_line' id='line_1_35' title="bbox 1924 2048 3494 2118; baseline 0.003 -16"><span class='ocrx_word' id='word_1_360' title='bbox 1924 2048 2030 2102; x_wconf 89' lang='lat' dir='ltr'><strong>dali</strong></span> <span class='ocrx_word' id='word_1_361' title='bbox 2079 2063 2184 2102; x_wconf 92' lang='lat' dir='ltr'><strong>non</strong></span> <span class='ocrx_word' id='word_1_362' title='bbox 2233 2049 2456 2118; x_wconf 82' lang='lat' dir='ltr'><strong>Siliugui</strong></span> <span class='ocrx_word' id='word_1_363' title='bbox 2505 2049 2559 2104; x_wconf 92' lang='lat' dir='ltr'><strong>in</strong></span> <span class='ocrx_word' id='word_1_364' title='bbox 2608 2049 2856 2106; x_wconf 64' lang='lat' dir='ltr'><strong>Callaecia</strong></span> <span class='ocrx_word' id='word_1_365' title='bbox 2898 2051 3056 2107; x_wconf 80' lang='lat' dir='ltr'><strong>sedes</strong></span> <span class='ocrx_word' id='word_1_366' title='bbox 3101 2051 3357 2118; x_wconf 81' lang='lat' dir='ltr'><strong>ﬁxerunt,</strong></span> <span class='ocrx_word' id='word_1_367' title='bbox 3405 2051 3494 2106; x_wconf 87' lang='lat' dir='ltr'><strong>ubi</strong></span> 
     </span>
    </p>
   </div>
   <div class='ocr_carea' id='block_1_36' title="bbox 1925 2143 3494 2216">
    <p class='ocr_par' dir='ltr' id='par_1_36' title="bbox 1925 2143 3494 2216">
     <span class='ocr_line' id='line_1_36' title="bbox 1925 2143 3494 2216; baseline 0.001 -17"><span class='ocrx_word' id='word_1_368' title='bbox 1925 2143 2280 2210; x_wconf 89' lang='lat' dir='ltr'><strong>Guntbarius,</strong></span> <span class='ocrx_word' id='word_1_369' title='bbox 2327 2144 2439 2199; x_wconf 86' lang='lat' dir='ltr'><strong>si&#39;ve</strong></span> <span class='ocrx_word' id='word_1_370' title='bbox 2485 2145 2838 2211; x_wconf 80' lang='lat' dir='ltr'><strong>Gundericus,</strong></span> <span class='ocrx_word' id='word_1_371' title='bbox 2878 2152 2936 2202; x_wconf 89' lang='lat' dir='ltr'><strong>ut</strong></span> <span class='ocrx_word' id='word_1_372' title='bbox 2973 2146 3061 2202; x_wconf 90' lang='lat' dir='ltr'><strong>alii</strong></span> <span class='ocrx_word' id='word_1_373' title='bbox 3105 2154 3315 2209; x_wconf 84' lang='lat' dir='ltr'><strong>vocant,</strong></span> <span class='ocrx_word' id='word_1_374' title='bbox 3358 2146 3494 2216; x_wconf 89' lang='lat' dir='ltr'><strong>patri</strong></span> 
     </span>
    </p>
   </div>
   <div class='ocr_carea' id='block_1_37' title="bbox 1927 2234 3496 2309">
    <p class='ocr_par' dir='ltr' id='par_1_37' title="bbox 1927 2234 3496 2309">
     <span class='ocr_line' id='line_1_37' title="bbox 1927 2234 3496 2309; baseline 0.001 -19"><span class='ocrx_word' id='word_1_375' title='bbox 1927 2234 2232 2304; x_wconf 79' lang='lat' dir='ltr'><strong>Godigisclo</strong></span> <span class='ocrx_word' id='word_1_376' title='bbox 2245 2235 2537 2290; x_wconf 65' lang='lat' dir='ltr'><strong>succi-dens</strong></span> <span class='ocrx_word' id='word_1_377' title='bbox 2559 2237 2797 2306; x_wconf 90' lang='lat' dir='ltr'><strong>pluribus</strong></span> <span class='ocrx_word' id='word_1_378' title='bbox 2817 2239 2973 2292; x_wconf 88' lang='lat' dir='ltr'><strong>annis</strong></span> <span class='ocrx_word' id='word_1_379' title='bbox 2998 2239 3496 2309; x_wconf 80' lang='lat' dir='ltr'><strong>regnavit,socium-</strong></span> 
     </span>
    </p>
   </div>
   <div class='ocr_carea' id='block_1_38' title="bbox 1927 2325 3502 2398">
    <p class='ocr_par' dir='ltr' id='par_1_38' title="bbox 1927 2325 3502 2398">
     <span class='ocr_line' id='line_1_38' title="bbox 1927 2325 3502 2398; baseline 0.005 -22"><span class='ocrx_word' id='word_1_380' title='bbox 1927 2341 2029 2392; x_wconf 55' lang='lat' dir='ltr'><strong>quo</strong></span> <span class='ocrx_word' id='word_1_381' title='bbox 2060 2325 2159 2379; x_wconf 89' lang='lat' dir='ltr'><strong>sibi</strong></span> <span class='ocrx_word' id='word_1_382' title='bbox 2192 2326 2380 2381; x_wconf 86' lang='lat' dir='ltr'><strong>ascivit</strong></span> <span class='ocrx_word' id='word_1_383' title='bbox 2423 2325 2638 2382; x_wconf 82' lang='lat' dir='ltr'><strong>fratrem</strong></span> <span class='ocrx_word' id='word_1_384' title='bbox 2682 2328 3054 2395; x_wconf 87' lang='lat' dir='ltr'><strong>Genserieum,</strong></span> <span class='ocrx_word' id='word_1_385' title='bbox 3102 2330 3189 2398; x_wconf 90' lang='lat' dir='ltr'><strong>qui</strong></span> <span class='ocrx_word' id='word_1_386' title='bbox 3236 2330 3502 2397; x_wconf 80' lang='lat' dir='ltr'><strong>pra-cipue</strong></span> 
     </span>
    </p>
   </div>
   <div class='ocr_carea' id='block_1_39' title="bbox 1931 2416 3500 2488">
    <p class='ocr_par' dir='ltr' id='par_1_39' title="bbox 1931 2416 3500 2488">
     <span class='ocr_line' id='line_1_39' title="bbox 1931 2416 3500 2488; baseline 0.003 -18"><span class='ocrx_word' id='word_1_387' title='bbox 1931 2416 2006 2470; x_wconf 89' lang='lat' dir='ltr'><strong>rei</strong></span> <span class='ocrx_word' id='word_1_388' title='bbox 2051 2416 2252 2470; x_wconf 76' lang='lat' dir='ltr'><strong>bellica:</strong></span> <span class='ocrx_word' id='word_1_389' title='bbox 2291 2433 2471 2471; x_wconf 88' lang='lat' dir='ltr'><strong>curam</strong></span> <span class='ocrx_word' id='word_1_390' title='bbox 2509 2427 2743 2488; x_wconf 79' lang='lat' dir='ltr'><strong>gereret.</strong></span> <span class='ocrx_word' id='word_1_391' title='bbox 2798 2419 2924 2472; x_wconf 90' lang='lat' dir='ltr'><strong>Post</strong></span> <span class='ocrx_word' id='word_1_392' title='bbox 2963 2420 3111 2488; x_wconf 89' lang='lat' dir='ltr'><strong>plura</strong></span> <span class='ocrx_word' id='word_1_393' title='bbox 3151 2419 3500 2475; x_wconf 83' lang='lat' dir='ltr'><strong>barbarorum</strong></span> 
     </span>
    </p>
   </div>
   <div class='ocr_carea' id='block_1_40' title="bbox 1932 2507 3506 2577">
    <p class='ocr_par' dir='ltr' id='par_1_40' title="bbox 1932 2507 3506 2577">
     <span class='ocr_line' id='line_1_40' title="bbox 1932 2507 3506 2577; baseline 0.003 -18"><span class='ocrx_word' id='word_1_394' title='bbox 1932 2509 2068 2560; x_wconf 86' lang='lat' dir='ltr'><strong>inter</strong></span> <span class='ocrx_word' id='word_1_395' title='bbox 2098 2523 2154 2560; x_wconf 89' lang='lat' dir='ltr'><strong>se</strong></span> <span class='ocrx_word' id='word_1_396' title='bbox 2187 2507 2347 2574; x_wconf 86' lang='lat' dir='ltr'><strong>bella,</strong></span> <span class='ocrx_word' id='word_1_397' title='bbox 2379 2517 2497 2575; x_wconf 73' lang='lat' dir='ltr'><strong>po.~t</strong></span> <span class='ocrx_word' id='word_1_398' title='bbox 2529 2509 2797 2562; x_wconf 81' lang='lat' dir='ltr'><strong>Vandalus</strong></span> <span class='ocrx_word' id='word_1_399' title='bbox 2834 2509 3099 2577; x_wconf 79' lang='lat' dir='ltr'><strong>Silinguos</strong></span> <span class='ocrx_word' id='word_1_400' title='bbox 3129 2525 3155 2562; x_wconf 94' lang='lat' dir='ltr'><strong>a</strong></span> <span class='ocrx_word' id='word_1_401' title='bbox 3187 2511 3378 2564; x_wconf 80' lang='lat' dir='ltr'><strong>Wallia</strong></span> <span class='ocrx_word' id='word_1_402' title='bbox 3408 2526 3506 2566; x_wconf 75' lang='lat' dir='ltr'><strong>ex-</strong></span> 
     </span>
    </p>
   </div>
   <div class='ocr_carea' id='block_1_41' title="bbox 1931 2596 3502 2662">
    <p class='ocr_par' dir='ltr' id='par_1_41' title="bbox 1931 2596 3502 2662">
     <span class='ocr_line' id='line_1_41' title="bbox 1931 2596 3502 2662; baseline 0.003 -12"><span class='ocrx_word' id='word_1_403' title='bbox 1931 2598 2156 2652; x_wconf 88' lang='lat' dir='ltr'><strong>stinctos</strong></span> <span class='ocrx_word' id='word_1_404' title='bbox 2193 2596 2518 2653; x_wconf 86' lang='lat' dir='ltr'><strong>Guntharius</strong></span> <span class='ocrx_word' id='word_1_405' title='bbox 2551 2612 2671 2652; x_wconf 90' lang='lat' dir='ltr'><strong>cum</strong></span> <span class='ocrx_word' id='word_1_406' title='bbox 2712 2599 2826 2653; x_wconf 88' lang='lat' dir='ltr'><strong>suis</strong></span> <span class='ocrx_word' id='word_1_407' title='bbox 2863 2599 2928 2653; x_wconf 93' lang='lat' dir='ltr'><strong>ad</strong></span> <span class='ocrx_word' id='word_1_408' title='bbox 2972 2599 3218 2653; x_wconf 86' lang='lat' dir='ltr'><strong>Baeticam</strong></span> <span class='ocrx_word' id='word_1_409' title='bbox 3269 2600 3502 2662; x_wconf 84' lang='lat' dir='ltr'><strong>transiit,</strong></span> 
     </span>
    </p>
   </div>
   <div class='ocr_carea' id='block_1_42' title="bbox 1935 2689 3504 2757">
    <p class='ocr_par' dir='ltr' id='par_1_42' title="bbox 1935 2689 3504 2757">
     <span class='ocr_line' id='line_1_42' title="bbox 1935 2689 3504 2757; baseline 0.003 -15"><span class='ocrx_word' id='word_1_410' title='bbox 1935 2690 2074 2744; x_wconf 85' lang='lat' dir='ltr'><strong>unde</strong></span> <span class='ocrx_word' id='word_1_411' title='bbox 2099 2689 2314 2742; x_wconf 61' lang='lat' dir='ltr'><strong>Vandali</strong></span> <span class='ocrx_word' id='word_1_412' title='bbox 2343 2704 2462 2744; x_wconf 89' lang='lat' dir='ltr'><strong>eum</strong></span> <span class='ocrx_word' id='word_1_413' title='bbox 2494 2691 2765 2756; x_wconf 83' lang='lat' dir='ltr'><strong>Romanis,</strong></span> <span class='ocrx_word' id='word_1_414' title='bbox 2796 2704 2914 2745; x_wconf 91' lang='lat' dir='ltr'><strong>cum</strong></span> <span class='ocrx_word' id='word_1_415' title='bbox 2943 2689 3061 2744; x_wconf 89' lang='lat' dir='ltr'><strong>aliis</strong></span> <span class='ocrx_word' id='word_1_416' title='bbox 3086 2690 3347 2757; x_wconf 89' lang='lat' dir='ltr'><strong>barbaris,</strong></span> <span class='ocrx_word' id='word_1_417' title='bbox 3363 2701 3504 2747; x_wconf 85' lang='lat' dir='ltr'><strong>terra</strong></span> 
     </span>
    </p>
   </div>
   <div class='ocr_carea' id='block_1_43' title="bbox 1937 2779 3503 2849">
    <p class='ocr_par' dir='ltr' id='par_1_43' title="bbox 1937 2779 3503 2849">
     <span class='ocr_line' id='line_1_43' title="bbox 1937 2779 3503 2849; baseline 0.003 -17"><span class='ocrx_word' id='word_1_418' title='bbox 1937 2780 2172 2849; x_wconf 76' lang='lat' dir='ltr'><strong>marique</strong></span> <span class='ocrx_word' id='word_1_419' title='bbox 2201 2779 2339 2833; x_wconf 89' lang='lat' dir='ltr'><strong>bella</strong></span> <span class='ocrx_word' id='word_1_420' title='bbox 2367 2789 2666 2849; x_wconf 80' lang='lat' dir='ltr'><strong>gesserunt.</strong></span> <span class='ocrx_word' id='word_1_421' title='bbox 2697 2780 2796 2835; x_wconf 89' lang='lat' dir='ltr'><strong>llic</strong></span> <span class='ocrx_word' id='word_1_422' title='bbox 2823 2789 2938 2835; x_wconf 89' lang='lat' dir='ltr'><strong>erat</strong></span> <span class='ocrx_word' id='word_1_423' title='bbox 2965 2795 3142 2836; x_wconf 90' lang='lat' dir='ltr'><strong>rerum</strong></span> <span class='ocrx_word' id='word_1_424' title='bbox 3169 2790 3337 2834; x_wconf 89' lang='lat' dir='ltr'><strong>status</strong></span> <span class='ocrx_word' id='word_1_425' title='bbox 3364 2796 3503 2836; x_wconf 87' lang='lat' dir='ltr'><strong>anno</strong></span> 
     </span>
    </p>
   </div>
   <div class='ocr_carea' id='block_1_44' title="bbox 1935 2869 3504 2933">
    <p class='ocr_par' dir='ltr' id='par_1_44' title="bbox 1935 2869 3504 2933">
     <span class='ocr_line' id='line_1_44' title="bbox 1935 2869 3504 2933; baseline 0.003 -9"><span class='ocrx_word' id='word_1_426' title='bbox 1935 2871 2148 2924; x_wconf 56' lang='lat' dir='ltr'><strong>circiter</strong></span> <span class='ocrx_word' id='word_1_427' title='bbox 2169 2869 2293 2933; x_wconf 71' lang='lat'><strong>425,</strong></span> <span class='ocrx_word' id='word_1_428' title='bbox 2325 2885 2444 2924; x_wconf 91' lang='lat' dir='ltr'><strong>cum</strong></span> <span class='ocrx_word' id='word_1_429' title='bbox 2476 2870 2787 2926; x_wconf 84' lang='lat' dir='ltr'><strong>Dracontius</strong></span> <span class='ocrx_word' id='word_1_430' title='bbox 2819 2873 2870 2925; x_wconf 92' lang='lat' dir='ltr'><strong>in</strong></span> <span class='ocrx_word' id='word_1_431' title='bbox 2895 2872 3086 2927; x_wconf 65' lang='lat' dir='ltr'><strong>Bmtica</strong></span> <span class='ocrx_word' id='word_1_432' title='bbox 3117 2871 3218 2927; x_wconf 90' lang='lat' dir='ltr'><strong>sub</strong></span> <span class='ocrx_word' id='word_1_433' title='bbox 3248 2872 3504 2929; x_wconf 67' lang='lat' dir='ltr'><strong>Vandaloo</strong></span> 
     </span>
    </p>
   </div>
   <div class='ocr_carea' id='block_1_45' title="bbox 1937 2965 3505 3032">
    <p class='ocr_par' dir='ltr' id='par_1_45' title="bbox 1937 2965 3505 3032">
     <span class='ocr_line' id='line_1_45' title="bbox 1937 2965 3505 3032; baseline 0.001 -12"><span class='ocrx_word' id='word_1_434' title='bbox 1937 2981 2054 3022; x_wconf 73' lang='lat' dir='ltr'><strong>rum</strong></span> <span class='ocrx_word' id='word_1_435' title='bbox 2079 2965 2278 3018; x_wconf 67' lang='lat' dir='ltr'><strong>tlitione</strong></span> <span class='ocrx_word' id='word_1_436' title='bbox 2309 2966 2538 3028; x_wconf 85' lang='lat' dir='ltr'><strong>vivebat,</strong></span> <span class='ocrx_word' id='word_1_437' title='bbox 2569 2975 2622 3020; x_wconf 92' lang='lat' dir='ltr'><strong>et</strong></span> <span class='ocrx_word' id='word_1_438' title='bbox 2644 2966 2878 3020; x_wconf 90' lang='lat' dir='ltr'><strong>carmina</strong></span> <span class='ocrx_word' id='word_1_439' title='bbox 2905 2981 3022 3032; x_wconf 76' lang='lat' dir='ltr'><strong>qua:</strong></span> <span class='ocrx_word' id='word_1_440' title='bbox 3060 2981 3202 3021; x_wconf 88' lang='lat' dir='ltr'><strong>nunc</strong></span> <span class='ocrx_word' id='word_1_441' title='bbox 3229 2967 3505 3032; x_wconf 88' lang='lat' dir='ltr'><strong>habemus,</strong></span> 
     </span>
    </p>
   </div>
   <div class='ocr_carea' id='block_1_46' title="bbox 1937 3055 3508 3128">
    <p class='ocr_par' dir='ltr' id='par_1_46' title="bbox 1937 3055 3508 3128">
     <span class='ocr_line' id='line_1_46' title="bbox 1937 3055 3508 3128; baseline 0.006 -20"><span class='ocrx_word' id='word_1_442' title='bbox 1937 3055 2061 3109; x_wconf 89' lang='lat' dir='ltr'><strong>dum</strong></span> <span class='ocrx_word' id='word_1_443' title='bbox 2088 3055 2307 3109; x_wconf 68' lang='lat' dir='ltr'><strong>vincutis</strong></span> <span class='ocrx_word' id='word_1_444' title='bbox 2328 3056 2655 3110; x_wconf 75' lang='lat' dir='ltr'><strong>detineretur</strong></span> <span class='ocrx_word' id='word_1_445' title='bbox 2677 3056 3067 3111; x_wconf 81' lang='lat' dir='ltr'><strong>conscribebat.</strong></span> <span class='ocrx_word' id='word_1_446' title='bbox 3092 3057 3146 3111; x_wconf 92' lang='lat' dir='ltr'><strong>lu</strong></span> <span class='ocrx_word' id='word_1_447' title='bbox 3174 3058 3274 3113; x_wconf 87' lang='lat' dir='ltr'><strong>hoc</strong></span> <span class='ocrx_word' id='word_1_448' title='bbox 3302 3068 3508 3128; x_wconf 78' lang='lat' dir='ltr'><strong>tempus</strong></span> 
     </span>
    </p>
   </div>
   <div class='ocr_carea' id='block_1_47' title="bbox 244 3129 1841 3216">
    <p class='ocr_par' dir='ltr' id='par_1_47' title="bbox 244 3130 1830 3216">
     <span class='ocr_line' id='line_1_47' title="bbox 244 3130 1830 3216; baseline -0.013 -13"><span class='ocrx_word' id='word_1_449' title='bbox 244 3149 535 3216; x_wconf 86' lang='lat' dir='ltr'><strong>Selinguos</strong></span> <span class='ocrx_word' id='word_1_450' title='bbox 571 3146 624 3196; x_wconf 86' lang='lat' dir='ltr'><strong>in</strong></span> <span class='ocrx_word' id='word_1_451' title='bbox 655 3142 846 3196; x_wconf 67' lang='lat' dir='ltr'><strong>Baetica</strong></span> <span class='ocrx_word' id='word_1_452' title='bbox 876 3154 1046 3193; x_wconf 88' lang='lat' dir='ltr'><strong>omnes</strong></span> <span class='ocrx_word' id='word_1_453' title='bbox 1079 3136 1209 3190; x_wconf 82' lang='lat' dir='ltr'><strong>bello</strong></span> <span class='ocrx_word' id='word_1_454' title='bbox 1239 3134 1520 3198; x_wconf 77' lang='lat' dir='ltr'><strong>exstinxit;</strong></span> <span class='ocrx_word' id='word_1_455' title='bbox 1549 3146 1656 3185; x_wconf 87' lang='lat' dir='ltr'><strong>non</strong></span> <span class='ocrx_word' id='word_1_456' title='bbox 1688 3130 1830 3186; x_wconf 86' lang='lat' dir='ltr'><strong>enim</strong></span> 
     </span>
    </p>
   </div>
   <div class='ocr_carea' id='block_1_48' title="bbox 1944 3129 3510 3216">
    <p class='ocr_par' dir='ltr' id='par_1_48' title="bbox 1944 3146 3510 3215">
     <span class='ocr_line' id='line_1_48' title="bbox 1944 3146 3510 3215; baseline 0.004 -14"><span class='ocrx_word' id='word_1_457' title='bbox 1944 3157 1990 3202; x_wconf 83' lang='lat' dir='ltr'><strong>et</strong></span> <span class='ocrx_word' id='word_1_458' title='bbox 2020 3146 2072 3201; x_wconf 94' lang='lat' dir='ltr'><strong>in</strong></span> <span class='ocrx_word' id='word_1_459' title='bbox 2106 3147 2246 3201; x_wconf 91' lang='lat' dir='ltr'><strong>hunc</strong></span> <span class='ocrx_word' id='word_1_460' title='bbox 2271 3162 2448 3215; x_wconf 78' lang='lat' dir='ltr'><strong>regem</strong></span> <span class='ocrx_word' id='word_1_461' title='bbox 2463 3147 2810 3202; x_wconf 75' lang='lat' dir='ltr'><strong>Guntharium</strong></span> <span class='ocrx_word' id='word_1_462' title='bbox 2836 3148 2970 3204; x_wconf 88' lang='lat' dir='ltr'><strong>mire</strong></span> <span class='ocrx_word' id='word_1_463' title='bbox 2986 3151 3312 3206; x_wconf 86' lang='lat' dir='ltr'><strong>conveniunt</strong></span> <span class='ocrx_word' id='word_1_464' title='bbox 3331 3153 3510 3209; x_wconf 91' lang='lat' dir='ltr'><strong>omnia</strong></span> 
     </span>
    </p>
   </div>
   <div class='ocr_carea' id='block_1_49' title="bbox 246 3219 1832 3308">
    <p class='ocr_par' dir='ltr' id='par_1_49' title="bbox 246 3219 1832 3308">
     <span class='ocr_line' id='line_1_49' title="bbox 246 3219 1832 3308; baseline -0.013 -16"><span class='ocrx_word' id='word_1_465' title='bbox 246 3234 738 3308; x_wconf 78' lang='lat' dir='ltr'><strong>interpuageudum</strong></span> <span class='ocrx_word' id='word_1_466' title='bbox 762 3243 864 3297; x_wconf 90' lang='lat' dir='ltr'><strong>est,</strong></span> <span class='ocrx_word' id='word_1_467' title='bbox 897 3239 955 3286; x_wconf 90' lang='lat' dir='ltr'><strong>ut</strong></span> <span class='ocrx_word' id='word_1_468' title='bbox 983 3228 1145 3297; x_wconf 84' lang='lat' dir='ltr'><strong>aliqui</strong></span> <span class='ocrx_word' id='word_1_469' title='bbox 1179 3227 1398 3290; x_wconf 83' lang='lat' dir='ltr'><strong>faciunt,</strong></span> <span class='ocrx_word' id='word_1_470' title='bbox 1433 3222 1710 3287; x_wconf 84' lang='lat' dir='ltr'><strong>Vandalos,</strong></span> <span class='ocrx_word' id='word_1_471' title='bbox 1739 3219 1832 3276; x_wconf 87' lang='lat' dir='ltr'><strong>Se-</strong></span> 
     </span>
    </p>
   </div>
   <div class='ocr_carea' id='block_1_50' title="bbox 254 3311 1835 3401">
    <p class='ocr_par' dir='ltr' id='par_1_50' title="bbox 254 3311 1835 3401">
     <span class='ocr_line' id='line_1_50' title="bbox 254 3311 1835 3401; baseline -0.011 -20"><span class='ocrx_word' id='word_1_472' title='bbox 254 3331 481 3401; x_wconf 77' lang='lat' dir='ltr'><strong>linguos.</strong></span> <span class='ocrx_word' id='word_1_473' title='bbox 521 3327 576 3380; x_wconf 89' lang='lat' dir='ltr'><strong>In</strong></span> <span class='ocrx_word' id='word_1_474' title='bbox 607 3322 837 3381; x_wconf 88' lang='lat' dir='ltr'><strong>llistoria</strong></span> <span class='ocrx_word' id='word_1_475' title='bbox 865 3335 990 3375; x_wconf 83' lang='lat' dir='ltr'><strong>vero</strong></span> <span class='ocrx_word' id='word_1_476' title='bbox 1022 3316 1377 3374; x_wconf 80' lang='lat' dir='ltr'><strong>Vandalorum</strong></span> <span class='ocrx_word' id='word_1_477' title='bbox 1415 3314 1555 3368; x_wconf 90' lang='lat' dir='ltr'><strong>idem</strong></span> <span class='ocrx_word' id='word_1_478' title='bbox 1600 3311 1835 3366; x_wconf 86' lang='lat' dir='ltr'><strong>Isidorus</strong></span> 
     </span>
    </p>
   </div>
   <div class='ocr_carea' id='block_1_51' title="bbox 270 3400 1835 3486">
    <p class='ocr_par' dir='ltr' id='par_1_51' title="bbox 270 3400 1835 3486">
     <span class='ocr_line' id='line_1_51' title="bbox 270 3400 1835 3486; baseline -0.013 -12"><span class='ocrx_word' id='word_1_479' title='bbox 270 3400 551 3484; x_wconf 78' lang='lat' dir='ltr'><strong>Vandalos,</strong></span> <span class='ocrx_word' id='word_1_480' title='bbox 577 3416 808 3486; x_wconf 82' lang='lat' dir='ltr'><strong>Silingos</strong></span> <span class='ocrx_word' id='word_1_481' title='bbox 829 3410 1060 3482; x_wconf 82' lang='lat' dir='ltr'><strong>appellat</strong></span> <span class='ocrx_word' id='word_1_482' title='bbox 1082 3425 1094 3462; x_wconf 91' lang='lat'><strong>:</strong></span> <span class='ocrx_word' id='word_1_483' title='bbox 1114 3407 1356 3478; x_wconf 82' lang='lat' dir='ltr'><strong>quamvis</strong></span> <span class='ocrx_word' id='word_1_484' title='bbox 1377 3412 1554 3458; x_wconf 77' lang='lat' dir='ltr'><strong>autem</strong></span> <span class='ocrx_word' id='word_1_485' title='bbox 1575 3415 1639 3458; x_wconf 80' lang='lat' dir='ltr'><strong>ex</strong></span> <span class='ocrx_word' id='word_1_486' title='bbox 1661 3400 1835 3455; x_wconf 88' lang='lat' dir='ltr'><strong>ldacio</strong></span> 
     </span>
    </p>
   </div>
   <div class='ocr_carea' id='block_1_52' title="bbox 267 3491 1838 3578">
    <p class='ocr_par' dir='ltr' id='par_1_52' title="bbox 267 3491 1838 3578">
     <span class='ocr_line' id='line_1_52' title="bbox 267 3491 1838 3578; baseline -0.012 -15"><span class='ocrx_word' id='word_1_487' title='bbox 267 3509 513 3578; x_wconf 79' lang='lat' dir='ltr'><strong>pleraque</strong></span> <span class='ocrx_word' id='word_1_488' title='bbox 535 3515 729 3571; x_wconf 87' lang='lat' dir='ltr'><strong>sumat,</strong></span> <span class='ocrx_word' id='word_1_489' title='bbox 762 3515 940 3558; x_wconf 87' lang='lat' dir='ltr'><strong>tamen</strong></span> <span class='ocrx_word' id='word_1_490' title='bbox 963 3515 1074 3555; x_wconf 89' lang='lat' dir='ltr'><strong>rem</strong></span> <span class='ocrx_word' id='word_1_491' title='bbox 1100 3499 1238 3553; x_wconf 87' lang='lat' dir='ltr'><strong>hanc</strong></span> <span class='ocrx_word' id='word_1_492' title='bbox 1267 3497 1422 3566; x_wconf 81' lang='lat' dir='ltr'><strong>longe</strong></span> <span class='ocrx_word' id='word_1_493' title='bbox 1445 3495 1658 3548; x_wconf 85' lang='lat' dir='ltr'><strong>diverso</strong></span> <span class='ocrx_word' id='word_1_494' title='bbox 1679 3491 1838 3546; x_wconf 91' lang='lat' dir='ltr'><strong>modo</strong></span> 
     </span>
    </p>
   </div>
   <div class='ocr_carea' id='block_1_53' title="bbox 270 3588 1836 3670">
    <p class='ocr_par' dir='ltr' id='par_1_53' title="bbox 270 3588 1836 3670">
     <span class='ocr_line' id='line_1_53' title="bbox 270 3588 1836 3670; baseline -0.008 -19"><span class='ocrx_word' id='word_1_495' title='bbox 270 3602 522 3670; x_wconf 74' lang='lat' dir='ltr'><strong>exponit:</strong></span> <span class='ocrx_word' id='word_1_496' title='bbox 554 3598 854 3654; x_wconf 79' lang='lat' dir='ltr'><strong>Gallteciam</strong></span> <span class='ocrx_word' id='word_1_497' title='bbox 889 3595 1022 3648; x_wconf 88' lang='lat' dir='ltr'><strong>enim</strong></span> <span class='ocrx_word' id='word_1_498' title='bbox 1063 3593 1281 3646; x_wconf 88' lang='lat' dir='ltr'><strong>Vandali</strong></span> <span class='ocrx_word' id='word_1_499' title='bbox 1305 3598 1350 3643; x_wconf 87' lang='lat' dir='ltr'><strong>et</strong></span> <span class='ocrx_word' id='word_1_500' title='bbox 1383 3588 1536 3644; x_wconf 79' lang='lat' dir='ltr'><strong>Saevi</strong></span> <span class='ocrx_word' id='word_1_501' title='bbox 1571 3596 1836 3654; x_wconf 85' lang='lat' dir='ltr'><strong>occupant,</strong></span> 
     </span>
    </p>
   </div>
   <div class='ocr_carea' id='block_1_54' title="bbox 274 3677 1842 3754">
    <p class='ocr_par' dir='ltr' id='par_1_54' title="bbox 274 3677 1842 3754">
     <span class='ocr_line' id='line_1_54' title="bbox 274 3677 1842 3754; baseline -0.01 -10"><span class='ocrx_word' id='word_1_502' title='bbox 274 3693 423 3746; x_wconf 81' lang='lat' dir='ltr'><strong>Alani</strong></span> <span class='ocrx_word' id='word_1_503' title='bbox 442 3692 756 3746; x_wconf 84' lang='lat' dir='ltr'><strong>Lusitaniam</strong></span> <span class='ocrx_word' id='word_1_504' title='bbox 777 3696 824 3743; x_wconf 90' lang='lat' dir='ltr'><strong>et</strong></span> <span class='ocrx_word' id='word_1_505' title='bbox 847 3685 1295 3754; x_wconf 81' lang='lat' dir='ltr'><strong>Carthaginensem</strong></span> <span class='ocrx_word' id='word_1_506' title='bbox 1333 3680 1676 3752; x_wconf 84' lang='lat' dir='ltr'><strong>provinciam;</strong></span> <span class='ocrx_word' id='word_1_507' title='bbox 1701 3677 1842 3730; x_wconf 86' lang='lat' dir='ltr'><strong>Van-</strong></span> 
     </span>
    </p>
   </div>
   <div class='ocr_carea' id='block_1_55' title="bbox 273 3771 1844 3852">
    <p class='ocr_par' dir='ltr' id='par_1_55' title="bbox 273 3771 1844 3852">
     <span class='ocr_line' id='line_1_55' title="bbox 273 3771 1844 3852; baseline -0.008 -17"><span class='ocrx_word' id='word_1_508' title='bbox 273 3786 379 3838; x_wconf 79' lang='lat' dir='ltr'><strong>dali</strong></span> <span class='ocrx_word' id='word_1_509' title='bbox 409 3795 568 3838; x_wconf 87' lang='lat' dir='ltr'><strong>autem</strong></span> <span class='ocrx_word' id='word_1_510' title='bbox 596 3781 892 3852; x_wconf 89' lang='lat' dir='ltr'><strong>cognomine</strong></span> <span class='ocrx_word' id='word_1_511' title='bbox 921 3777 1128 3846; x_wconf 86' lang='lat' dir='ltr'><strong>Siliugi,</strong></span> <span class='ocrx_word' id='word_1_512' title='bbox 1152 3775 1326 3829; x_wconf 84' lang='lat' dir='ltr'><strong>relicta</strong></span> <span class='ocrx_word' id='word_1_513' title='bbox 1346 3771 1613 3837; x_wconf 78' lang='lat' dir='ltr'><strong>Gallwcia,</strong></span> <span class='ocrx_word' id='word_1_514' title='bbox 1636 3779 1682 3824; x_wconf 87' lang='lat' dir='ltr'><strong>et</strong></span> <span class='ocrx_word' id='word_1_515' title='bbox 1705 3781 1844 3842; x_wconf 85' lang='lat' dir='ltr'><strong>post-</strong></span> 
     </span>
    </p>
   </div>
   <div class='ocr_carea' id='block_1_56' title="bbox 273 3863 1842 3944">
    <p class='ocr_par' dir='ltr' id='par_1_56' title="bbox 273 3863 1842 3944">
     <span class='ocr_line' id='line_1_56' title="bbox 273 3863 1842 3944; baseline -0.008 -19"><span class='ocrx_word' id='word_1_516' title='bbox 273 3891 425 3944; x_wconf 86' lang='lat' dir='ltr'><strong>quam</strong></span> <span class='ocrx_word' id='word_1_517' title='bbox 469 3871 866 3927; x_wconf 83' lang='lat' dir='ltr'><strong>Tarraconensis</strong></span> <span class='ocrx_word' id='word_1_518' title='bbox 917 3868 1190 3940; x_wconf 80' lang='lat' dir='ltr'><strong>prooinciee</strong></span> <span class='ocrx_word' id='word_1_519' title='bbox 1240 3865 1435 3919; x_wconf 86' lang='lat' dir='ltr'><strong>insulas</strong></span> <span class='ocrx_word' id='word_1_520' title='bbox 1481 3863 1842 3929; x_wconf 85' lang='lat' dir='ltr'><strong>devastarnnt,</strong></span> 
     </span>
    </p>
   </div>
   <div class='ocr_carea' id='block_1_57' title="bbox 272 3953 1844 4029">
    <p class='ocr_par' dir='ltr' id='par_1_57' title="bbox 272 3953 1844 4029">
     <span class='ocr_line' id='line_1_57' title="bbox 272 3953 1844 4029; baseline -0.006 -13"><span class='ocrx_word' id='word_1_521' title='bbox 272 3964 513 4019; x_wconf 69' lang='lat' dir='ltr'><strong>Baeticam</strong></span> <span class='ocrx_word' id='word_1_522' title='bbox 529 3967 830 4020; x_wconf 87' lang='lat' dir='ltr'><strong>sortiuntur.</strong></span> <span class='ocrx_word' id='word_1_523' title='bbox 849 3965 918 4016; x_wconf 80' lang='lat' dir='ltr'><strong>At</strong></span> <span class='ocrx_word' id='word_1_524' title='bbox 945 3959 1115 4029; x_wconf 85' lang='lat' dir='ltr'><strong>major</strong></span> <span class='ocrx_word' id='word_1_525' title='bbox 1138 3958 1268 4012; x_wconf 87' lang='lat' dir='ltr'><strong>fides</strong></span> <span class='ocrx_word' id='word_1_526' title='bbox 1292 3956 1528 4010; x_wconf 86' lang='lat' dir='ltr'><strong>habenda</strong></span> <span class='ocrx_word' id='word_1_527' title='bbox 1548 3963 1629 4008; x_wconf 87' lang='lat' dir='ltr'><strong>est</strong></span> <span class='ocrx_word' id='word_1_528' title='bbox 1650 3953 1844 4018; x_wconf 85' lang='lat' dir='ltr'><strong>ldaeio,</strong></span> 
     </span>
    </p>
   </div>
   <div class='ocr_carea' id='block_1_58' title="bbox 270 4045 1848 4124">
    <p class='ocr_par' dir='ltr' id='par_1_58' title="bbox 270 4045 1848 4124">
     <span class='ocr_line' id='line_1_58' title="bbox 270 4045 1848 4124; baseline -0.007 -16"><span class='ocrx_word' id='word_1_529' title='bbox 270 4057 363 4124; x_wconf 89' lang='lat' dir='ltr'><strong>qui</strong></span> <span class='ocrx_word' id='word_1_530' title='bbox 394 4072 620 4124; x_wconf 68' lang='lat' dir='ltr'><strong>praesens</strong></span> <span class='ocrx_word' id='word_1_531' title='bbox 647 4053 812 4108; x_wconf 84' lang='lat' dir='ltr'><strong>adluit</strong></span> <span class='ocrx_word' id='word_1_532' title='bbox 837 4067 854 4118; x_wconf 87' lang='lat'><strong>;</strong></span> <span class='ocrx_word' id='word_1_533' title='bbox 876 4051 954 4106; x_wconf 89' lang='lat' dir='ltr'><strong>sic</strong></span> <span class='ocrx_word' id='word_1_534' title='bbox 981 4065 1109 4104; x_wconf 84' lang='lat' dir='ltr'><strong>vero</strong></span> <span class='ocrx_word' id='word_1_535' title='bbox 1133 4049 1207 4103; x_wconf 86' lang='lat' dir='ltr'><strong>ait</strong></span> <span class='ocrx_word' id='word_1_536' title='bbox 1226 4049 1423 4118; x_wconf 86' lang='lat' dir='ltr'><strong>olytnp.</strong></span> <span class='ocrx_word' id='word_1_537' title='bbox 1449 4047 1555 4100; x_wconf 74' lang='lat'><strong>299</strong></span> <span class='ocrx_word' id='word_1_538' title='bbox 1582 4064 1595 4099; x_wconf 86' lang='lat'><strong>:</strong></span> <span class='ocrx_word' id='word_1_539' title='bbox 1625 4045 1848 4098; x_wconf 84' lang='lat' dir='ltr'><strong>Vandali</strong></span> 
     </span>
    </p>
   </div>
   <div class='ocr_carea' id='block_1_59' title="bbox 271 4137 1848 4218">
    <p class='ocr_par' dir='ltr' id='par_1_59' title="bbox 271 4137 1848 4218">
     <span class='ocr_line' id='line_1_59' title="bbox 271 4137 1848 4218; baseline -0.006 -20"><span class='ocrx_word' id='word_1_540' title='bbox 271 4145 465 4218; x_wconf 68' lang='lat' dir='ltr'><strong>SilTngi</strong></span> <span class='ocrx_word' id='word_1_541' title='bbox 497 4149 548 4200; x_wconf 91' lang='lat' dir='ltr'><strong>in</strong></span> <span class='ocrx_word' id='word_1_542' title='bbox 573 4145 765 4200; x_wconf 62' lang='lat' dir='ltr'><strong>Baetica</strong></span> <span class='ocrx_word' id='word_1_543' title='bbox 796 4160 883 4214; x_wconf 84' lang='lat' dir='ltr'><strong>per</strong></span> <span class='ocrx_word' id='word_1_544' title='bbox 917 4141 1165 4196; x_wconf 87' lang='lat' dir='ltr'><strong>Walliam</strong></span> <span class='ocrx_word' id='word_1_545' title='bbox 1194 4156 1362 4210; x_wconf 85' lang='lat' dir='ltr'><strong>regem</strong></span> <span class='ocrx_word' id='word_1_546' title='bbox 1392 4155 1562 4192; x_wconf 89' lang='lat' dir='ltr'><strong>omnes</strong></span> <span class='ocrx_word' id='word_1_547' title='bbox 1595 4137 1848 4192; x_wconf 70' lang='lat' dir='ltr'><strong>exstincti.</strong></span> 
     </span>
    </p>
   </div>
   <div class='ocr_carea' id='block_1_60' title="bbox 270 4227 1852 4303">
    <p class='ocr_par' dir='ltr' id='par_1_60' title="bbox 270 4227 1852 4303">
     <span class='ocr_line' id='line_1_60' title="bbox 270 4227 1852 4303; baseline -0.004 -19"><span class='ocrx_word' id='word_1_548' title='bbox 270 4233 450 4298; x_wconf 81' lang='lat' dir='ltr'><strong>Alani,</strong></span> <span class='ocrx_word' id='word_1_549' title='bbox 473 4236 556 4303; x_wconf 87' lang='lat' dir='ltr'><strong>qui</strong></span> <span class='ocrx_word' id='word_1_550' title='bbox 582 4233 838 4288; x_wconf 79' lang='lat' dir='ltr'><strong>Vandalis</strong></span> <span class='ocrx_word' id='word_1_551' title='bbox 861 4243 907 4286; x_wconf 91' lang='lat' dir='ltr'><strong>et</strong></span> <span class='ocrx_word' id='word_1_552' title='bbox 931 4229 1108 4285; x_wconf 84' lang='lat' dir='ltr'><strong>Snevis</strong></span> <span class='ocrx_word' id='word_1_553' title='bbox 1137 4227 1544 4299; x_wconf 84' lang='lat' dir='ltr'><strong>potentabantur,</strong></span> <span class='ocrx_word' id='word_1_554' title='bbox 1574 4228 1699 4280; x_wconf 83' lang='lat' dir='ltr'><strong>adeo</strong></span> <span class='ocrx_word' id='word_1_555' title='bbox 1736 4227 1852 4279; x_wconf 68' lang='lat' dir='ltr'><strong>caesi</strong></span> 
     </span>
    </p>
   </div>
   <div class='ocr_carea' id='block_1_61' title="bbox 268 4314 1852 4390">
    <p class='ocr_par' dir='ltr' id='par_1_61' title="bbox 268 4314 1852 4390">
     <span class='ocr_line' id='line_1_61' title="bbox 268 4314 1852 4390; baseline -0.005 -14"><span class='ocrx_word' id='word_1_556' title='bbox 268 4337 392 4378; x_wconf 86' lang='lat' dir='ltr'><strong>sunt</strong></span> <span class='ocrx_word' id='word_1_557' title='bbox 413 4343 442 4379; x_wconf 91' lang='lat' dir='ltr'><strong>a</strong></span> <span class='ocrx_word' id='word_1_558' title='bbox 463 4314 742 4389; x_wconf 30' lang='lat' dir='ltr'><strong>Gothis,&#39;ut</strong></span> <span class='ocrx_word' id='word_1_559' title='bbox 763 4364 776 4378; x_wconf 95' lang='lat'><strong>.</strong></span> <span class='ocrx_word' id='word_1_560' title='bbox 805 4361 819 4374; x_wconf 90' lang='lat'><strong>.</strong></span> <span class='ocrx_word' id='word_1_561' title='bbox 845 4364 859 4378; x_wconf 93' lang='lat'><strong>.</strong></span> <span class='ocrx_word' id='word_1_562' title='bbox 885 4363 895 4374; x_wconf 93' lang='lat'><strong>.</strong></span> <span class='ocrx_word' id='word_1_563' title='bbox 922 4320 1202 4375; x_wconf 84' lang='lat' dir='ltr'><strong>Gunderici</strong></span> <span class='ocrx_word' id='word_1_564' title='bbox 1224 4319 1355 4390; x_wconf 83' lang='lat' dir='ltr'><strong>regis</strong></span> <span class='ocrx_word' id='word_1_565' title='bbox 1383 4317 1852 4385; x_wconf 73' lang='lat' dir='ltr'><strong>Vandalorunt,qui</strong></span> 
     </span>
    </p>
   </div>
   <div class='ocr_carea' id='block_1_62' title="bbox 269 4408 1851 4481">
    <p class='ocr_par' dir='ltr' id='par_1_62' title="bbox 269 4408 1851 4481">
     <span class='ocr_line' id='line_1_62' title="bbox 269 4408 1851 4481; baseline -0.004 -15"><span class='ocrx_word' id='word_1_566' title='bbox 269 4415 325 4467; x_wconf 86' lang='lat' dir='ltr'><strong>in</strong></span> <span class='ocrx_word' id='word_1_567' title='bbox 351 4416 595 4470; x_wconf 60' lang='lat' dir='ltr'><strong>Galx&#39;a&#39;cia</strong></span> <span class='ocrx_word' id='word_1_568' title='bbox 617 4414 893 4476; x_wconf 77' lang='lat' dir='ltr'><strong>resederat,</strong></span> <span class='ocrx_word' id='word_1_569' title='bbox 920 4430 974 4466; x_wconf 89' lang='lat' dir='ltr'><strong>se</strong></span> <span class='ocrx_word' id='word_1_570' title='bbox 997 4411 1278 4481; x_wconf 86' lang='lat' dir='ltr'><strong>patrocinio</strong></span> <span class='ocrx_word' id='word_1_571' title='bbox 1298 4410 1650 4481; x_wconf 84' lang='lat' dir='ltr'><strong>subjugarent.</strong></span> <span class='ocrx_word' id='word_1_572' title='bbox 1667 4408 1851 4462; x_wconf 88' lang='lat' dir='ltr'><strong>Postea</strong></span> 
     </span>
    </p>
   </div>
   <div class='ocr_carea' id='block_1_63' title="bbox 1937 3237 3512 3309">
    <p class='ocr_par' dir='ltr' id='par_1_63' title="bbox 1937 3237 3512 3309">
     <span class='ocr_line' id='line_1_63' title="bbox 1937 3237 3512 3309; baseline 0.007 -22"><span class='ocrx_word' id='word_1_573' title='bbox 1937 3252 2054 3306; x_wconf 73' lang='lat' dir='ltr'><strong>qua:</strong></span> <span class='ocrx_word' id='word_1_574' title='bbox 2084 3238 2401 3292; x_wconf 86' lang='lat' dir='ltr'><strong>Dracontius</strong></span> <span class='ocrx_word' id='word_1_575' title='bbox 2424 3239 2473 3290; x_wconf 89' lang='lat' dir='ltr'><strong>in</strong></span> <span class='ocrx_word' id='word_1_576' title='bbox 2496 3237 2716 3309; x_wconf 81' lang='lat' dir='ltr'><strong>cpistola</strong></span> <span class='ocrx_word' id='word_1_577' title='bbox 2740 3237 2963 3307; x_wconf 81' lang='lat' dir='ltr'><strong>profert,</strong></span> <span class='ocrx_word' id='word_1_578' title='bbox 2995 3255 3166 3309; x_wconf 89' lang='lat' dir='ltr'><strong>neque</strong></span> <span class='ocrx_word' id='word_1_579' title='bbox 3191 3241 3348 3297; x_wconf 87' lang='lat' dir='ltr'><strong>alteri</strong></span> <span class='ocrx_word' id='word_1_580' title='bbox 3377 3242 3512 3298; x_wconf 85' lang='lat' dir='ltr'><strong>Van-</strong></span> 
     </span>
    </p>
   </div>
   <div class='ocr_carea' id='block_1_64' title="bbox 1937 3329 3188 3398">
    <p class='ocr_par' dir='ltr' id='par_1_64' title="bbox 1937 3329 3188 3398">
     <span class='ocr_line' id='line_1_64' title="bbox 1937 3329 3188 3398; baseline 0.003 -16"><span class='ocrx_word' id='word_1_581' title='bbox 1937 3329 2175 3383; x_wconf 90' lang='lat' dir='ltr'><strong>dalorum</strong></span> <span class='ocrx_word' id='word_1_582' title='bbox 2206 3329 2315 3398; x_wconf 84' lang='lat' dir='ltr'><strong>regi</strong></span> <span class='ocrx_word' id='word_1_583' title='bbox 2344 3329 2500 3384; x_wconf 80' lang='lat' dir='ltr'><strong>facile</strong></span> <span class='ocrx_word' id='word_1_584' title='bbox 2531 3338 2748 3398; x_wconf 64' lang='lat' dir='ltr'><strong>possunt</strong></span> <span class='ocrx_word' id='word_1_585' title='bbox 2776 3331 3188 3386; x_wconf 88' lang='lat' dir='ltr'><strong>accommodari.</strong></span> 
     </span>
    </p>
   </div>
   <div class='ocr_carea' id='block_1_65' title="bbox 2010 3419 3508 3493">
    <p class='ocr_par' dir='ltr' id='par_1_65' title="bbox 2010 3419 3508 3493">
     <span class='ocr_line' id='line_1_65' title="bbox 2010 3419 3508 3493; baseline 0.004 -19"><span class='ocrx_word' id='word_1_586' title='bbox 2010 3420 2098 3476; x_wconf 82' lang='lat'><strong>98.</strong></span> <span class='ocrx_word' id='word_1_587' title='bbox 2132 3419 2335 3474; x_wconf 79' lang='lat' dir='ltr'><strong>Nomen</strong></span> <span class='ocrx_word' id='word_1_588' title='bbox 2365 3423 2507 3488; x_wconf 73' lang='lat' dir='ltr'><strong>regis</strong></span> <span class='ocrx_word' id='word_1_589' title='bbox 2536 3421 2674 3488; x_wconf 91' lang='lat' dir='ltr'><strong>quod</strong></span> <span class='ocrx_word' id='word_1_590' title='bbox 2706 3420 2757 3474; x_wconf 89' lang='lat' dir='ltr'><strong>in</strong></span> <span class='ocrx_word' id='word_1_591' title='bbox 2799 3419 2904 3476; x_wconf 89' lang='lat' dir='ltr'><strong>fine</strong></span> <span class='ocrx_word' id='word_1_592' title='bbox 2932 3422 3171 3490; x_wconf 85' lang='lat' dir='ltr'><strong>epistolae</strong></span> <span class='ocrx_word' id='word_1_593' title='bbox 3197 3437 3508 3493; x_wconf 82' lang='lat' dir='ltr'><strong>expressum</strong></span> 
     </span>
    </p>
   </div>
   <div class='ocr_carea' id='block_1_66' title="bbox 1941 3511 3515 3580">
    <p class='ocr_par' dir='ltr' id='par_1_66' title="bbox 1941 3511 3515 3580">
     <span class='ocr_line' id='line_1_66' title="bbox 1941 3511 3515 3580; baseline 0.004 -14"><span class='ocrx_word' id='word_1_594' title='bbox 1941 3521 2043 3576; x_wconf 90' lang='lat' dir='ltr'><strong>est,</strong></span> <span class='ocrx_word' id='word_1_595' title='bbox 2083 3511 2459 3578; x_wconf 79' lang='lat' dir='ltr'><strong>(.‘utltamndus,</strong></span> <span class='ocrx_word' id='word_1_596' title='bbox 2498 3512 2582 3566; x_wconf 81' lang='lat' dir='ltr'><strong>vel</strong></span> <span class='ocrx_word' id='word_1_597' title='bbox 2625 3528 2787 3566; x_wconf 90' lang='lat' dir='ltr'><strong>unum</strong></span> <span class='ocrx_word' id='word_1_598' title='bbox 2827 3523 2967 3568; x_wconf 85' lang='lat' dir='ltr'><strong>este</strong></span> <span class='ocrx_word' id='word_1_599' title='bbox 2995 3515 3174 3569; x_wconf 87' lang='lat' dir='ltr'><strong>multis</strong></span> <span class='ocrx_word' id='word_1_600' title='bbox 3212 3518 3515 3580; x_wconf 61' lang='lat' dir='ltr'><strong>nominibus</strong></span> 
     </span>
    </p>
   </div>
   <div class='ocr_carea' id='block_1_67' title="bbox 1942 3603 3514 3673">
    <p class='ocr_par' dir='ltr' id='par_1_67' title="bbox 1942 3603 3514 3673">
     <span class='ocr_line' id='line_1_67' title="bbox 1942 3603 3514 3673; baseline 0.007 -18"><span class='ocrx_word' id='word_1_601' title='bbox 1942 3604 2137 3673; x_wconf 84' lang='lat' dir='ltr'><strong>quibus</strong></span> <span class='ocrx_word' id='word_1_602' title='bbox 2169 3603 2380 3657; x_wconf 70' lang='lat' dir='ltr'><strong>diverso</strong></span> <span class='ocrx_word' id='word_1_603' title='bbox 2408 3603 2566 3657; x_wconf 93' lang='lat' dir='ltr'><strong>modo</strong></span> <span class='ocrx_word' id='word_1_604' title='bbox 2602 3605 2856 3672; x_wconf 86' lang='lat' dir='ltr'><strong>appellari</strong></span> <span class='ocrx_word' id='word_1_605' title='bbox 2885 3607 3024 3660; x_wconf 88' lang='lat' dir='ltr'><strong>solet</strong></span> <span class='ocrx_word' id='word_1_606' title='bbox 3053 3608 3399 3672; x_wconf 86' lang='lat' dir='ltr'><strong>Guntharius,</strong></span> <span class='ocrx_word' id='word_1_607' title='bbox 3430 3612 3514 3666; x_wconf 90' lang='lat' dir='ltr'><strong>vel</strong></span> 
     </span>
    </p>
   </div>
   <div class='ocr_carea' id='block_1_68' title="bbox 1942 3693 3516 3769">
    <p class='ocr_par' dir='ltr' id='par_1_68' title="bbox 1942 3693 3516 3769">
     <span class='ocr_line' id='line_1_68' title="bbox 1942 3693 3516 3769; baseline 0.006 -21"><span class='ocrx_word' id='word_1_608' title='bbox 1942 3703 2190 3762; x_wconf 77' lang='lat' dir='ltr'><strong>corrupte</strong></span> <span class='ocrx_word' id='word_1_609' title='bbox 2216 3709 2242 3746; x_wconf 88' lang='lat' dir='ltr'><strong>a</strong></span> <span class='ocrx_word' id='word_1_610' title='bbox 2268 3693 2484 3749; x_wconf 84' lang='lat' dir='ltr'><strong>librario</strong></span> <span class='ocrx_word' id='word_1_611' title='bbox 2513 3695 2739 3761; x_wconf 89' lang='lat' dir='ltr'><strong>positum</strong></span> <span class='ocrx_word' id='word_1_612' title='bbox 2765 3703 2846 3750; x_wconf 88' lang='lat' dir='ltr'><strong>est</strong></span> <span class='ocrx_word' id='word_1_613' title='bbox 2876 3711 2970 3764; x_wconf 90' lang='lat' dir='ltr'><strong>pro</strong></span> <span class='ocrx_word' id='word_1_614' title='bbox 2993 3697 3322 3754; x_wconf 89' lang='lat' dir='ltr'><strong>Guntbario:</strong></span> <span class='ocrx_word' id='word_1_615' title='bbox 3347 3717 3516 3769; x_wconf 85' lang='lat' dir='ltr'><strong>quan-</strong></span> 
     </span>
    </p>
   </div>
   <div class='ocr_carea' id='block_1_69' title="bbox 1945 3783 3515 3854">
    <p class='ocr_par' dir='ltr' id='par_1_69' title="bbox 1945 3783 3515 3854">
     <span class='ocr_line' id='line_1_69' title="bbox 1945 3783 3515 3854; baseline 0.005 -16"><span class='ocrx_word' id='word_1_616' title='bbox 1945 3800 2103 3853; x_wconf 86' lang='lat' dir='ltr'><strong>quam</strong></span> <span class='ocrx_word' id='word_1_617' title='bbox 2131 3783 2404 3839; x_wconf 83' lang='lat' dir='ltr'><strong>Gontharis</strong></span> <span class='ocrx_word' id='word_1_618' title='bbox 2422 3825 2436 3850; x_wconf 97' lang='lat'><strong>,</strong></span> <span class='ocrx_word' id='word_1_619' title='bbox 2483 3784 2790 3852; x_wconf 77' lang='lat' dir='ltr'><strong>Cant/teris,</strong></span> <span class='ocrx_word' id='word_1_620' title='bbox 2818 3784 3133 3841; x_wconf 80' lang='lat' dir='ltr'><strong>Cant/torius</strong></span> <span class='ocrx_word' id='word_1_621' title='bbox 3153 3829 3168 3854; x_wconf 92' lang='lat'><strong>,</strong></span> <span class='ocrx_word' id='word_1_622' title='bbox 3195 3789 3515 3846; x_wconf 75' lang='lat' dir='ltr'><strong>Gundericus</strong></span> 
     </span>
    </p>
   </div>
   <div class='ocr_carea' id='block_1_70' title="bbox 1948 3876 3514 3948">
    <p class='ocr_par' dir='ltr' id='par_1_70' title="bbox 1948 3876 3514 3948">
     <span class='ocr_line' id='line_1_70' title="bbox 1948 3876 3514 3948; baseline 0.001 -18"><span class='ocrx_word' id='word_1_623' title='bbox 1948 3892 2054 3930; x_wconf 88' lang='lat' dir='ltr'><strong>non</strong></span> <span class='ocrx_word' id='word_1_624' title='bbox 2089 3886 2214 3930; x_wconf 91' lang='lat' dir='ltr'><strong>sunt</strong></span> <span class='ocrx_word' id='word_1_625' title='bbox 2253 3891 2376 3931; x_wconf 83' lang='lat' dir='ltr'><strong>vere</strong></span> <span class='ocrx_word' id='word_1_626' title='bbox 2422 3876 2667 3930; x_wconf 89' lang='lat' dir='ltr'><strong>distincta</strong></span> <span class='ocrx_word' id='word_1_627' title='bbox 2707 3876 2922 3931; x_wconf 91' lang='lat' dir='ltr'><strong>nomina</strong></span> <span class='ocrx_word' id='word_1_628' title='bbox 2970 3877 3206 3946; x_wconf 91' lang='lat' dir='ltr'><strong>ejusdem</strong></span> <span class='ocrx_word' id='word_1_629' title='bbox 3250 3879 3514 3948; x_wconf 81' lang='lat' dir='ltr'><strong>hominis,</strong></span> 
     </span>
    </p>
   </div>
   <div class='ocr_carea' id='block_1_71' title="bbox 1948 3969 3514 4036">
    <p class='ocr_par' dir='ltr' id='par_1_71' title="bbox 1948 3969 3514 4036">
     <span class='ocr_line' id='line_1_71' title="bbox 1948 3969 3514 4036; baseline 0.001 -11"><span class='ocrx_word' id='word_1_630' title='bbox 1948 3971 2040 4026; x_wconf 87' lang='lat' dir='ltr'><strong>scd</strong></span> <span class='ocrx_word' id='word_1_631' title='bbox 2073 3985 2232 4024; x_wconf 91' lang='lat' dir='ltr'><strong>unum</strong></span> <span class='ocrx_word' id='word_1_632' title='bbox 2265 3977 2318 4023; x_wconf 90' lang='lat' dir='ltr'><strong>et</strong></span> <span class='ocrx_word' id='word_1_633' title='bbox 2343 3969 2482 4025; x_wconf 90' lang='lat' dir='ltr'><strong>idem</strong></span> <span class='ocrx_word' id='word_1_634' title='bbox 2505 3970 2722 4024; x_wconf 74' lang='lat' dir='ltr'><strong>diverso</strong></span> <span class='ocrx_word' id='word_1_635' title='bbox 2758 3970 2916 4024; x_wconf 91' lang='lat' dir='ltr'><strong>modo</strong></span> <span class='ocrx_word' id='word_1_636' title='bbox 2939 4011 2953 4036; x_wconf 96' lang='lat'><strong>,</strong></span> <span class='ocrx_word' id='word_1_637' title='bbox 2985 3979 3043 4024; x_wconf 88' lang='lat' dir='ltr'><strong>ut</strong></span> <span class='ocrx_word' id='word_1_638' title='bbox 3075 3972 3125 4024; x_wconf 91' lang='lat' dir='ltr'><strong>in</strong></span> <span class='ocrx_word' id='word_1_639' title='bbox 3165 3971 3514 4027; x_wconf 88' lang='lat' dir='ltr'><strong>barbarorum</strong></span> 
     </span>
    </p>
   </div>
   <div class='ocr_carea' id='block_1_72' title="bbox 1952 4062 3519 4132">
    <p class='ocr_par' dir='ltr' id='par_1_72' title="bbox 1952 4062 3519 4132">
     <span class='ocr_line' id='line_1_72' title="bbox 1952 4062 3519 4132; baseline 0 -14"><span class='ocrx_word' id='word_1_640' title='bbox 1952 4063 2256 4118; x_wconf 84' lang='lat' dir='ltr'><strong>numinibus</strong></span> <span class='ocrx_word' id='word_1_641' title='bbox 2285 4062 2396 4117; x_wconf 85' lang='lat' dir='ltr'><strong>fieri</strong></span> <span class='ocrx_word' id='word_1_642' title='bbox 2424 4064 2580 4127; x_wconf 86' lang='lat' dir='ltr'><strong>solet,</strong></span> <span class='ocrx_word' id='word_1_643' title='bbox 2615 4063 2679 4118; x_wconf 91' lang='lat' dir='ltr'><strong>ab</strong></span> <span class='ocrx_word' id='word_1_644' title='bbox 2710 4062 3058 4132; x_wconf 78' lang='lat' dir='ltr'><strong>scriptoribus</strong></span> <span class='ocrx_word' id='word_1_645' title='bbox 3091 4075 3422 4131; x_wconf 78' lang='lat' dir='ltr'><strong>usorpatum,</strong></span> <span class='ocrx_word' id='word_1_646' title='bbox 3459 4074 3519 4118; x_wconf 91' lang='lat' dir='ltr'><strong>ut</strong></span> 
     </span>
    </p>
   </div>
   <div class='ocr_carea' id='block_1_73' title="bbox 1954 4154 3522 4223">
    <p class='ocr_par' dir='ltr' id='par_1_73' title="bbox 1954 4154 3522 4223">
     <span class='ocr_line' id='line_1_73' title="bbox 1954 4154 3522 4223; baseline 0.001 -13"><span class='ocrx_word' id='word_1_647' title='bbox 1954 4155 2270 4211; x_wconf 77' lang='lat' dir='ltr'><strong>Gensericus</strong></span> <span class='ocrx_word' id='word_1_648' title='bbox 2304 4155 2420 4223; x_wconf 85' lang='lat' dir='ltr'><strong>ejus</strong></span> <span class='ocrx_word' id='word_1_649' title='bbox 2448 4156 2607 4210; x_wconf 87' lang='lat' dir='ltr'><strong>frater</strong></span> <span class='ocrx_word' id='word_1_650' title='bbox 2635 4155 2702 4208; x_wconf 88' lang='lat' dir='ltr'><strong>ab</strong></span> <span class='ocrx_word' id='word_1_651' title='bbox 2730 4155 2848 4208; x_wconf 90' lang='lat' dir='ltr'><strong>aliis</strong></span> <span class='ocrx_word' id='word_1_652' title='bbox 2871 4154 3161 4219; x_wconf 84' lang='lat' dir='ltr'><strong>Gizericus,</strong></span> <span class='ocrx_word' id='word_1_653' title='bbox 3190 4155 3257 4209; x_wconf 92' lang='lat' dir='ltr'><strong>ab</strong></span> <span class='ocrx_word' id='word_1_654' title='bbox 3285 4155 3401 4210; x_wconf 90' lang='lat' dir='ltr'><strong>aliis</strong></span> <span class='ocrx_word' id='word_1_655' title='bbox 3427 4157 3522 4211; x_wconf 87' lang='lat' dir='ltr'><strong>Gi-</strong></span> 
     </span>
    </p>
   </div>
   <div class='ocr_carea' id='block_1_74' title="bbox 1955 4246 3521 4322">
    <p class='ocr_par' dir='ltr' id='par_1_74' title="bbox 1955 4246 3521 4322">
     <span class='ocr_line' id='line_1_74' title="bbox 1955 4246 3521 4322; baseline 0 -19"><span class='ocrx_word' id='word_1_656' title='bbox 1955 4249 2180 4317; x_wconf 76' lang='lat' dir='ltr'><strong>scricus,</strong></span> <span class='ocrx_word' id='word_1_657' title='bbox 2208 4249 2276 4302; x_wconf 91' lang='lat' dir='ltr'><strong>ab</strong></span> <span class='ocrx_word' id='word_1_658' title='bbox 2295 4248 2413 4302; x_wconf 86' lang='lat' dir='ltr'><strong>aliis</strong></span> <span class='ocrx_word' id='word_1_659' title='bbox 2438 4248 2765 4307; x_wconf 87' lang='lat' dir='ltr'><strong>Gaizericus,</strong></span> <span class='ocrx_word' id='word_1_660' title='bbox 2795 4246 2861 4300; x_wconf 91' lang='lat' dir='ltr'><strong>ab</strong></span> <span class='ocrx_word' id='word_1_661' title='bbox 2887 4247 3006 4301; x_wconf 89' lang='lat' dir='ltr'><strong>aliis</strong></span> <span class='ocrx_word' id='word_1_662' title='bbox 3033 4247 3384 4322; x_wconf 80' lang='lat' dir='ltr'><strong>Gantzricbus</strong></span> <span class='ocrx_word' id='word_1_663' title='bbox 3426 4264 3521 4303; x_wconf 85' lang='lat' dir='ltr'><strong>no—</strong></span> 
     </span>
    </p>
   </div>
   <div class='ocr_carea' id='block_1_75' title="bbox 1958 4325 3519 4406">
    <p class='ocr_par' dir='ltr' id='par_1_75' title="bbox 1958 4325 3519 4406">
     <span class='ocr_line' id='line_1_75' title="bbox 1958 4325 3519 4406; baseline -0.001 -12"><span class='ocrx_word' id='word_1_664' title='bbox 1958 4341 2208 4394; x_wconf 88' lang='lat' dir='ltr'><strong>minatur.</strong></span> <span class='ocrx_word' id='word_1_665' title='bbox 2241 4340 2380 4393; x_wconf 87' lang='lat' dir='ltr'><strong>Sane</strong></span> <span class='ocrx_word' id='word_1_666' title='bbox 2410 4353 2440 4392; x_wconf 92' lang='lat' dir='ltr'><strong>e</strong></span> <span class='ocrx_word' id='word_1_667' title='bbox 2472 4325 2830 4391; x_wconf 80' lang='lat' dir='ltr'><strong>Vandalorum</strong></span> <span class='ocrx_word' id='word_1_668' title='bbox 2860 4337 3071 4406; x_wconf 70' lang='lat' dir='ltr'><strong>regibus</strong></span> <span class='ocrx_word' id='word_1_669' title='bbox 3100 4337 3190 4406; x_wconf 91' lang='lat' dir='ltr'><strong>qui</strong></span> <span class='ocrx_word' id='word_1_670' title='bbox 3221 4349 3336 4405; x_wconf 91' lang='lat' dir='ltr'><strong>post</strong></span> <span class='ocrx_word' id='word_1_671' title='bbox 3372 4337 3519 4393; x_wconf 82' lang='lat' dir='ltr'><strong>Gutt-</strong></span> 
     </span>
    </p>
   </div>
   <div class='ocr_carea' id='block_1_76' title="bbox 1961 4426 3523 4498">
    <p class='ocr_par' dir='ltr' id='par_1_76' title="bbox 1961 4426 3523 4498">
     <span class='ocr_line' id='line_1_76' title="bbox 1961 4426 3523 4498; baseline -0.001 -14"><span class='ocrx_word' id='word_1_672' title='bbox 1961 4433 2183 4484; x_wconf 89' lang='lat' dir='ltr'><strong>tharium</strong></span> <span class='ocrx_word' id='word_1_673' title='bbox 2203 4428 2603 4498; x_wconf 82' lang='lat' dir='ltr'><strong>regnarunt,qui</strong></span> <span class='ocrx_word' id='word_1_674' title='bbox 2627 4427 2837 4481; x_wconf 85' lang='lat' dir='ltr'><strong>fuerunt</strong></span> <span class='ocrx_word' id='word_1_675' title='bbox 2851 4426 3188 4495; x_wconf 87' lang='lat' dir='ltr'><strong>Genscricus,</strong></span> <span class='ocrx_word' id='word_1_676' title='bbox 3207 4429 3523 4496; x_wconf 89' lang='lat' dir='ltr'><strong>lluuericus,</strong></span> 
     </span>
    </p>
   </div>
   <div class='ocr_carea' id='block_1_77' title="bbox 266 4495 3522 4586">
    <p class='ocr_par' dir='ltr' id='par_1_77' title="bbox 266 4495 3522 4586">
     <span class='ocr_line' id='line_1_77' title="bbox 266 4495 3522 4586; baseline -0.004 -1"><span class='ocrx_word' id='word_1_677' title='bbox 266 4506 439 4562; x_wconf 44' lang='grc' dir='ltr'><strong>τίτθη</strong></span> <span class='ocrx_word' id='word_1_678' title='bbox 469 4511 668 4562; x_wconf 57' lang='lat' dir='ltr'><strong>Suevo‘</strong></span> <span class='ocrx_word' id='word_1_679' title='bbox 692 4523 720 4560; x_wconf 79' lang='grc'><strong>³</strong></span> <span class='ocrx_word' id='word_1_680' title='bbox 747 4503 1000 4558; x_wconf 53' lang='lat' dir='ltr'><strong>“malis</strong></span> <span class='ocrx_word' id='word_1_681' title='bbox 1025 4504 1275 4557; x_wconf 71' lang='lat' dir='ltr'><strong>Obsessos</strong></span> <span class='ocrx_word' id='word_1_682' title='bbox 1305 4500 1495 4563; x_wconf 61' lang='lat' dir='ltr'><strong>fuisse;</strong></span> <span class='ocrx_word' id='word_1_683' title='bbox 1529 4501 1642 4562; x_wconf 66' lang='lat'><strong>&quot;05&#39;</strong></span> <span class='ocrx_word' id='word_1_684' title='bbox 1668 4498 1852 4552; x_wconf 57' lang='lat' dir='ltr'><strong>relic”</strong></span> <span class='ocrx_word' id='word_1_685' title='bbox 1884 4495 1933 4556; x_wconf 68' lang='grc' dir='ltr'><strong>Β</strong></span> <span class='ocrx_word' id='word_1_686' title='bbox 1957 4495 2365 4586; x_wconf 77' lang='lat' dir='ltr'><strong>Guntabuudus,</strong></span> <span class='ocrx_word' id='word_1_687' title='bbox 2398 4495 2544 4581; x_wconf 73' lang='lat' dir='ltr'><strong>sive,</strong></span> <span class='ocrx_word' id='word_1_688' title='bbox 2571 4526 2627 4571; x_wconf 91' lang='lat' dir='ltr'><strong>ut</strong></span> <span class='ocrx_word' id='word_1_689' title='bbox 2665 4516 2757 4570; x_wconf 90' lang='lat' dir='ltr'><strong>alii</strong></span> <span class='ocrx_word' id='word_1_690' title='bbox 2785 4516 3054 4580; x_wconf 84' lang='lat' dir='ltr'><strong>scribunt,</strong></span> <span class='ocrx_word' id='word_1_691' title='bbox 3092 4495 3522 4580; x_wconf 79' lang='lat' dir='ltr'><strong>Guntamundns,</strong></span> 
     </span>
    </p>
   </div>
   <div class='ocr_carea' id='block_1_78' title="bbox 266 4588 1848 4661">
    <p class='ocr_par' dir='ltr' id='par_1_78' title="bbox 266 4588 1848 4661">
     <span class='ocr_line' id='line_1_78' title="bbox 266 4588 1848 4661; baseline -0.001 -17"><span class='ocrx_word' id='word_1_692' title='bbox 266 4593 592 4661; x_wconf 79' lang='lat' dir='ltr'><strong>obsidiooe,</strong></span> <span class='ocrx_word' id='word_1_693' title='bbox 647 4596 881 4648; x_wconf 78' lang='lat' dir='ltr'><strong>inStante</strong></span> <span class='ocrx_word' id='word_1_694' title='bbox 930 4591 1142 4646; x_wconf 82' lang='lat' dir='ltr'><strong>Asterie</strong></span> <span class='ocrx_word' id='word_1_695' title='bbox 1192 4589 1566 4657; x_wconf 76' lang='lat' dir='ltr'><strong>Hispaniarum</strong></span> <span class='ocrx_word' id='word_1_696' title='bbox 1624 4588 1848 4652; x_wconf 89' lang='lat' dir='ltr'><strong>comite,</strong></span> 
     </span>
    </p>
   </div>
   <div class='ocr_carea' id='block_1_79' title="bbox 265 4678 1850 4742">
    <p class='ocr_par' dir='ltr' id='par_1_79' title="bbox 265 4678 1850 4742">
     <span class='ocr_line' id='line_1_79' title="bbox 265 4678 1850 4742; baseline -0.004 -5"><span class='ocrx_word' id='word_1_697' title='bbox 265 4683 498 4740; x_wconf 80' lang='lat' dir='ltr'><strong>dimissa</strong></span> <span class='ocrx_word' id='word_1_698' title='bbox 538 4685 783 4741; x_wconf 64' lang='lat' dir='ltr'><strong>Callaecia</strong></span> <span class='ocrx_word' id='word_1_699' title='bbox 829 4683 893 4736; x_wconf 90' lang='lat' dir='ltr'><strong>ad</strong></span> <span class='ocrx_word' id='word_1_700' title='bbox 940 4681 1187 4736; x_wconf 83' lang='lat' dir='ltr'><strong>B:eticam</strong></span> <span class='ocrx_word' id='word_1_701' title='bbox 1228 4678 1540 4742; x_wconf 72' lang='lat' dir='ltr'><strong>transiisse;</strong></span> <span class='ocrx_word' id='word_1_702' title='bbox 1581 4678 1850 4732; x_wconf 89' lang='lat' dir='ltr'><strong>Castlnum</strong></span> 
     </span>
    </p>
   </div>
   <div class='ocr_carea' id='block_1_80' title="bbox 265 4768 1856 4846">
    <p class='ocr_par' dir='ltr' id='par_1_80' title="bbox 265 4768 1856 4846">
     <span class='ocr_line' id='line_1_80' title="bbox 265 4768 1856 4846; baseline -0.004 -18"><span class='ocrx_word' id='word_1_703' title='bbox 265 4778 589 4846; x_wconf 82' lang='lat' dir='ltr'><strong>magistrum</strong></span> <span class='ocrx_word' id='word_1_704' title='bbox 628 4777 878 4839; x_wconf 88' lang='lat' dir='ltr'><strong>militum,</strong></span> <span class='ocrx_word' id='word_1_705' title='bbox 905 4774 993 4842; x_wconf 88' lang='lat' dir='ltr'><strong>qui</strong></span> <span class='ocrx_word' id='word_1_706' title='bbox 1038 4771 1238 4825; x_wconf 91' lang='lat' dir='ltr'><strong>bellum</strong></span> <span class='ocrx_word' id='word_1_707' title='bbox 1267 4771 1321 4823; x_wconf 91' lang='lat' dir='ltr'><strong>in</strong></span> <span class='ocrx_word' id='word_1_708' title='bbox 1354 4769 1567 4837; x_wconf 68' lang='lat' dir='ltr'><strong>Baetica,</strong></span> <span class='ocrx_word' id='word_1_709' title='bbox 1599 4768 1856 4836; x_wconf 83' lang='lat' dir='ltr'><strong>adjuvan-</strong></span> 
     </span>
    </p>
   </div>
   <div class='ocr_carea' id='block_1_81' title="bbox 267 4859 1854 4932">
    <p class='ocr_par' dir='ltr' id='par_1_81' title="bbox 267 4859 1854 4932">
     <span class='ocr_line' id='line_1_81' title="bbox 267 4859 1854 4932; baseline -0.005 -12"><span class='ocrx_word' id='word_1_710' title='bbox 267 4870 426 4922; x_wconf 66' lang='lat' dir='ltr'><strong>tibus</strong></span> <span class='ocrx_word' id='word_1_711' title='bbox 457 4870 664 4932; x_wconf 82' lang='lat' dir='ltr'><strong>Gothis,</strong></span> <span class='ocrx_word' id='word_1_712' title='bbox 690 4867 963 4932; x_wconf 88' lang='lat' dir='ltr'><strong>intulerat,</strong></span> <span class='ocrx_word' id='word_1_713' title='bbox 998 4862 1317 4930; x_wconf 80' lang='lat' dir='ltr'><strong>auxiliorum</strong></span> <span class='ocrx_word' id='word_1_714' title='bbox 1342 4860 1527 4914; x_wconf 79' lang='lat' dir='ltr'><strong>fraude</strong></span> <span class='ocrx_word' id='word_1_715' title='bbox 1549 4859 1854 4928; x_wconf 90' lang='lat' dir='ltr'><strong>deceptum,</strong></span> 
     </span>
    </p>
   </div>
   <div class='ocr_carea' id='block_1_82' title="bbox 266 4949 1857 5022">
    <p class='ocr_par' dir='ltr' id='par_1_82' title="bbox 266 4949 1857 5022">
     <span class='ocr_line' id='line_1_82' title="bbox 266 4949 1857 5022; baseline -0.003 -13"><span class='ocrx_word' id='word_1_716' title='bbox 266 4963 340 5010; x_wconf 80' lang='lat' dir='ltr'><strong>ad</strong></span> <span class='ocrx_word' id='word_1_717' title='bbox 392 4960 748 5014; x_wconf 77' lang='lat' dir='ltr'><strong>Tarraconem</strong></span> <span class='ocrx_word' id='word_1_718' title='bbox 787 4955 982 5009; x_wconf 85' lang='lat' dir='ltr'><strong>vietum</strong></span> <span class='ocrx_word' id='word_1_719' title='bbox 1022 4953 1290 5022; x_wconf 80' lang='lat' dir='ltr'><strong>ell&#39;ugisse.</strong></span> <span class='ocrx_word' id='word_1_720' title='bbox 1324 4950 1527 5005; x_wconf 84' lang='lat' dir='ltr'><strong>Deinde</strong></span> <span class='ocrx_word' id='word_1_721' title='bbox 1556 4949 1857 5019; x_wconf 81' lang='lat' dir='ltr'><strong>Olympiade</strong></span> 
     </span>
    </p>
   </div>
   <div class='ocr_carea' id='block_1_83' title="bbox 268 5041 1858 5110">
    <p class='ocr_par' dir='ltr' id='par_1_83' title="bbox 268 5041 1858 5110">
     <span class='ocr_line' id='line_1_83' title="bbox 268 5041 1858 5110; baseline -0.005 -8"><span class='ocrx_word' id='word_1_722' title='bbox 268 5049 383 5102; x_wconf 69' lang='grc' dir='ltr'><strong>ὅθι</strong></span> <span class='ocrx_word' id='word_1_723' title='bbox 425 5060 604 5104; x_wconf 85' lang='lat' dir='ltr'><strong>narrat</strong></span> <span class='ocrx_word' id='word_1_724' title='bbox 641 5047 909 5103; x_wconf 82' lang='lat' dir='ltr'><strong>Vandalos</strong></span> <span class='ocrx_word' id='word_1_725' title='bbox 946 5045 1244 5099; x_wconf 78' lang='lat' dir='ltr'><strong>Balearicus</strong></span> <span class='ocrx_word' id='word_1_726' title='bbox 1282 5042 1481 5097; x_wconf 89' lang='lat' dir='ltr'><strong>insulas</strong></span> <span class='ocrx_word' id='word_1_727' title='bbox 1527 5041 1858 5110; x_wconf 73' lang='lat' dir='ltr'><strong>depraedatos</strong></span> 
     </span>
    </p>
   </div>
   <div class='ocr_carea' id='block_1_84' title="bbox 273 5133 1610 5208">
    <p class='ocr_par' dir='ltr' id='par_1_84' title="bbox 273 5133 1610 5208">
     <span class='ocr_line' id='line_1_84' title="bbox 273 5133 1610 5208; baseline -0.004 -17"><span class='ocrx_word' id='word_1_728' title='bbox 273 5137 476 5208; x_wconf 61' lang='lat' dir='ltr'><strong>fuisse,</strong></span> <span class='ocrx_word' id='word_1_729' title='bbox 504 5150 556 5194; x_wconf 90' lang='lat' dir='ltr'><strong>et</strong></span> <span class='ocrx_word' id='word_1_730' title='bbox 579 5138 949 5206; x_wconf 81' lang='lat' dir='ltr'><strong>Carthaginem</strong></span> <span class='ocrx_word' id='word_1_731' title='bbox 981 5134 1305 5204; x_wconf 86' lang='lat' dir='ltr'><strong>Spartariam</strong></span> <span class='ocrx_word' id='word_1_732' title='bbox 1333 5133 1610 5188; x_wconf 86' lang='lat' dir='ltr'><strong>evertisse.</strong></span> 
     </span>
    </p>
   </div>
   <div class='ocr_carea' id='block_1_85' title="bbox 357 5225 1861 5300">
    <p class='ocr_par' dir='ltr' id='par_1_85' title="bbox 357 5225 1861 5300">
     <span class='ocr_line' id='line_1_85' title="bbox 357 5225 1861 5300; baseline -0.004 -14"><span class='ocrx_word' id='word_1_733' title='bbox 357 5233 452 5286; x_wconf 81' lang='lat'><strong>97.</strong></span> <span class='ocrx_word' id='word_1_734' title='bbox 481 5232 632 5287; x_wconf 87' lang='lat' dir='ltr'><strong>Natio</strong></span> <span class='ocrx_word' id='word_1_735' title='bbox 659 5231 821 5300; x_wconf 79' lang='lat' dir='ltr'><strong>igitur</strong></span> <span class='ocrx_word' id='word_1_736' title='bbox 845 5227 1203 5282; x_wconf 79' lang='lat' dir='ltr'><strong>Vandalorum</strong></span> <span class='ocrx_word' id='word_1_737' title='bbox 1229 5227 1281 5280; x_wconf 90' lang='lat' dir='ltr'><strong>in</strong></span> <span class='ocrx_word' id='word_1_738' title='bbox 1305 5226 1437 5281; x_wconf 90' lang='lat' dir='ltr'><strong>duas</strong></span> <span class='ocrx_word' id='word_1_739' title='bbox 1462 5225 1632 5279; x_wconf 90' lang='lat' dir='ltr'><strong>tribus</strong></span> <span class='ocrx_word' id='word_1_740' title='bbox 1652 5225 1861 5280; x_wconf 70' lang='lat' dir='ltr'><strong>videtur</strong></span> 
     </span>
    </p>
   </div>
   <div class='ocr_carea' id='block_1_86' title="bbox 275 5317 1864 5389">
    <p class='ocr_par' dir='ltr' id='par_1_86' title="bbox 275 5317 1864 5389">
     <span class='ocr_line' id='line_1_86' title="bbox 275 5317 1864 5389; baseline -0.003 -14"><span class='ocrx_word' id='word_1_741' title='bbox 275 5321 459 5378; x_wconf 65' lang='lat' dir='ltr'><strong>fuisse</strong></span> <span class='ocrx_word' id='word_1_742' title='bbox 486 5325 648 5378; x_wconf 85' lang='lat' dir='ltr'><strong>divisa</strong></span> <span class='ocrx_word' id='word_1_743' title='bbox 677 5337 797 5377; x_wconf 80' lang='lat' dir='ltr'><strong>cum</strong></span> <span class='ocrx_word' id='word_1_744' title='bbox 823 5320 1129 5389; x_wconf 83' lang='lat' dir='ltr'><strong>Hispaniam</strong></span> <span class='ocrx_word' id='word_1_745' title='bbox 1160 5319 1383 5389; x_wconf 81' lang='lat' dir='ltr'><strong>ingressi</strong></span> <span class='ocrx_word' id='word_1_746' title='bbox 1405 5327 1548 5385; x_wconf 89' lang='lat' dir='ltr'><strong>sunt,</strong></span> <span class='ocrx_word' id='word_1_747' title='bbox 1581 5317 1671 5372; x_wconf 89' lang='lat' dir='ltr'><strong>sed</strong></span> <span class='ocrx_word' id='word_1_748' title='bbox 1704 5317 1774 5370; x_wconf 90' lang='lat' dir='ltr'><strong>ita</strong></span> <span class='ocrx_word' id='word_1_749' title='bbox 1806 5327 1864 5371; x_wconf 90' lang='lat' dir='ltr'><strong>ut</strong></span> 
     </span>
    </p>
   </div>
   <div class='ocr_carea' id='block_1_87' title="bbox 278 5407 1860 5484">
    <p class='ocr_par' dir='ltr' id='par_1_87' title="bbox 278 5407 1860 5484">
     <span class='ocr_line' id='line_1_87' title="bbox 278 5407 1860 5484; baseline -0.006 -15"><span class='ocrx_word' id='word_1_750' title='bbox 278 5423 409 5469; x_wconf 86' lang='lat' dir='ltr'><strong>tam</strong></span> <span class='ocrx_word' id='word_1_751' title='bbox 435 5416 648 5472; x_wconf 72' lang='lat' dir='ltr'><strong>Vandali</strong></span> <span class='ocrx_word' id='word_1_752' title='bbox 677 5414 990 5484; x_wconf 88' lang='lat' dir='ltr'><strong>simpliciter</strong></span> <span class='ocrx_word' id='word_1_753' title='bbox 1019 5411 1167 5477; x_wconf 88' lang='lat' dir='ltr'><strong>dicti,</strong></span> <span class='ocrx_word' id='word_1_754' title='bbox 1201 5425 1358 5480; x_wconf 87' lang='lat' dir='ltr'><strong>quam</strong></span> <span class='ocrx_word' id='word_1_755' title='bbox 1395 5409 1613 5463; x_wconf 84' lang='lat' dir='ltr'><strong>Vandali</strong></span> <span class='ocrx_word' id='word_1_756' title='bbox 1637 5407 1860 5478; x_wconf 81' lang='lat' dir='ltr'><strong>Silingui</strong></span> 
     </span>
    </p>
   </div>
   <div class='ocr_carea' id='block_1_88' title="bbox 275 5501 1860 5571">
    <p class='ocr_par' dir='ltr' id='par_1_88' title="bbox 275 5501 1860 5571">
     <span class='ocr_line' id='line_1_88' title="bbox 275 5501 1860 5571; baseline -0.004 -11"><span class='ocrx_word' id='word_1_757' title='bbox 275 5507 482 5562; x_wconf 84' lang='lat' dir='ltr'><strong>eodem</strong></span> <span class='ocrx_word' id='word_1_758' title='bbox 506 5507 860 5562; x_wconf 73' lang='lat' dir='ltr'><strong>Vandalorum</strong></span> <span class='ocrx_word' id='word_1_759' title='bbox 888 5503 1104 5558; x_wconf 89' lang='lat' dir='ltr'><strong>nomine</strong></span> <span class='ocrx_word' id='word_1_760' title='bbox 1129 5501 1524 5571; x_wconf 89' lang='lat' dir='ltr'><strong>appellarentur</strong></span> <span class='ocrx_word' id='word_1_761' title='bbox 1549 5519 1562 5556; x_wconf 92' lang='lat'>:</span> <span class='ocrx_word' id='word_1_762' title='bbox 1588 5515 1692 5554; x_wconf 94' lang='lat' dir='ltr'><strong>non</strong></span> <span class='ocrx_word' id='word_1_763' title='bbox 1718 5501 1860 5554; x_wconf 87' lang='lat' dir='ltr'><strong>enim</strong></span> 
     </span>
    </p>
   </div>
   <div class='ocr_carea' id='block_1_89' title="bbox 275 5589 1862 5667">
    <p class='ocr_par' dir='ltr' id='par_1_89' title="bbox 275 5589 1862 5667">
     <span class='ocr_line' id='line_1_89' title="bbox 275 5589 1862 5667; baseline -0.004 -17"><span class='ocrx_word' id='word_1_764' title='bbox 275 5595 656 5667; x_wconf 78' lang='lat' dir='ltr'><strong>Silinguorum</strong></span> <span class='ocrx_word' id='word_1_765' title='bbox 693 5593 925 5650; x_wconf 90' lang='lat' dir='ltr'><strong>nominis</strong></span> <span class='ocrx_word' id='word_1_766' title='bbox 961 5591 1228 5647; x_wconf 82' lang='lat' dir='ltr'><strong>distinctio</strong></span> <span class='ocrx_word' id='word_1_767' title='bbox 1253 5600 1471 5660; x_wconf 86' lang='lat' dir='ltr'><strong>apparet</strong></span> <span class='ocrx_word' id='word_1_768' title='bbox 1495 5597 1620 5646; x_wconf 89' lang='lat' dir='ltr'><strong>ante</strong></span> <span class='ocrx_word' id='word_1_769' title='bbox 1650 5589 1862 5659; x_wconf 88' lang='lat' dir='ltr'><strong>provin-</strong></span> 
     </span>
    </p>
   </div>
   <div class='ocr_carea' id='block_1_90' title="bbox 278 5680 1872 5752">
    <p class='ocr_par' dir='ltr' id='par_1_90' title="bbox 278 5680 1872 5752">
     <span class='ocr_line' id='line_1_90' title="bbox 278 5680 1872 5752; baseline -0.006 -12"><span class='ocrx_word' id='word_1_770' title='bbox 278 5687 502 5742; x_wconf 83' lang='lat' dir='ltr'><strong>ciarum</strong></span> <span class='ocrx_word' id='word_1_771' title='bbox 526 5685 861 5742; x_wconf 82' lang='lat' dir='ltr'><strong>divisionem.</strong></span> <span class='ocrx_word' id='word_1_772' title='bbox 885 5681 1159 5750; x_wconf 89' lang='lat' dir='ltr'><strong>Siquidem</strong></span> <span class='ocrx_word' id='word_1_773' title='bbox 1181 5681 1496 5738; x_wconf 89' lang='lat' dir='ltr'><strong>vocabulum</strong></span> <span class='ocrx_word' id='word_1_774' title='bbox 1520 5680 1872 5752; x_wconf 83' lang='lat' dir='ltr'><strong>Asdingorum-</strong></span> 
     </span>
    </p>
   </div>
   <div class='ocr_carea' id='block_1_91' title="bbox 581 5772 1027 5837">
    <p class='ocr_par' dir='ltr' id='par_1_91' title="bbox 581 5772 1027 5837">
     <span class='ocr_line' id='line_1_91' title="bbox 581 5772 1027 5837; baseline -0.007 0"><span class='ocrx_word' id='word_1_775' title='bbox 581 5777 848 5837; x_wconf 59' lang='grc' dir='ltr'><strong>νισι-θοι..</strong></span> <span class='ocrx_word' id='word_1_776' title='bbox 897 5772 1027 5834; x_wconf 77' lang='lat' dir='ltr'><strong>LX.</strong></span> 
     </span>
    </p>
   </div>
   <div class='ocr_carea' id='block_1_92' title="bbox 1956 4606 3524 4682">
    <p class='ocr_par' dir='ltr' id='par_1_92' title="bbox 1956 4606 3524 4682">
     <span class='ocr_line' id='line_1_92' title="bbox 1956 4606 3524 4682; baseline -0.003 -16"><span class='ocrx_word' id='word_1_777' title='bbox 1956 4611 2376 4674; x_wconf 55' lang='lat' dir='ltr'><strong>Trasttmundus,</strong></span> <span class='ocrx_word' id='word_1_778' title='bbox 2419 4608 2737 4673; x_wconf 79' lang='lat' dir='ltr'><strong>llildericus,</strong></span> <span class='ocrx_word' id='word_1_779' title='bbox 2785 4606 3040 4674; x_wconf 86' lang='lat' dir='ltr'><strong>Gelimcr,</strong></span> <span class='ocrx_word' id='word_1_780' title='bbox 3095 4609 3265 4662; x_wconf 89' lang='lat' dir='ltr'><strong>solum</strong></span> <span class='ocrx_word' id='word_1_781' title='bbox 3307 4611 3372 4663; x_wconf 91' lang='lat' dir='ltr'><strong>ad</strong></span> <span class='ocrx_word' id='word_1_782' title='bbox 3418 4611 3524 4682; x_wconf 81' lang='lat'><strong>75</strong></span> 
     </span>
    </p>
   </div>
   <div class='ocr_carea' id='block_1_93' title="bbox 1958 4698 3529 4769">
    <p class='ocr_par' dir='ltr' id='par_1_93' title="bbox 1958 4698 3529 4769">
     <span class='ocr_line' id='line_1_93' title="bbox 1958 4698 3529 4769; baseline -0.003 -12"><span class='ocrx_word' id='word_1_783' title='bbox 1958 4702 2368 4757; x_wconf 84' lang='lat' dir='ltr'><strong>Guntabundum</strong></span> <span class='ocrx_word' id='word_1_784' title='bbox 2405 4715 2598 4754; x_wconf 89' lang='lat' dir='ltr'><strong>nomen</strong></span> <span class='ocrx_word' id='word_1_785' title='bbox 2635 4698 2988 4752; x_wconf 81' lang='lat' dir='ltr'><strong>Gutltamndus</strong></span> <span class='ocrx_word' id='word_1_786' title='bbox 3019 4698 3088 4753; x_wconf 91' lang='lat' dir='ltr'><strong>ob</strong></span> <span class='ocrx_word' id='word_1_787' title='bbox 3132 4700 3360 4769; x_wconf 86' lang='lat' dir='ltr'><strong>aliquant</strong></span> <span class='ocrx_word' id='word_1_788' title='bbox 3383 4702 3529 4757; x_wconf 85' lang='lat' dir='ltr'><strong>simi-</strong></span> 
     </span>
    </p>
   </div>
   <div class='ocr_carea' id='block_1_94' title="bbox 1961 4789 3530 4860">
    <p class='ocr_par' dir='ltr' id='par_1_94' title="bbox 1961 4789 3530 4860">
     <span class='ocr_line' id='line_1_94' title="bbox 1961 4789 3530 4860; baseline -0.004 -13"><span class='ocrx_word' id='word_1_789' title='bbox 1961 4794 2232 4848; x_wconf 82' lang='lat' dir='ltr'><strong>litu.lineut</strong></span> <span class='ocrx_word' id='word_1_790' title='bbox 2284 4802 2462 4860; x_wconf 89' lang='lat' dir='ltr'><strong>posset</strong></span> <span class='ocrx_word' id='word_1_791' title='bbox 2500 4790 2709 4844; x_wconf 67' lang='lat' dir='ltr'><strong>referri.</strong></span> <span class='ocrx_word' id='word_1_792' title='bbox 2753 4789 2858 4844; x_wconf 79' lang='lat' dir='ltr'><strong>Sed</strong></span> <span class='ocrx_word' id='word_1_793' title='bbox 2903 4790 3021 4843; x_wconf 72' lang='lat' dir='ltr'><strong>alite</strong></span> <span class='ocrx_word' id='word_1_794' title='bbox 3063 4791 3296 4845; x_wconf 83' lang='lat' dir='ltr'><strong>rationes</strong></span> <span class='ocrx_word' id='word_1_795' title='bbox 3336 4802 3530 4859; x_wconf 75' lang='lat' dir='ltr'><strong>prtesto</strong></span> 
     </span>
    </p>
   </div>
   <div class='ocr_carea' id='block_1_95' title="bbox 1963 4866 3531 4949">
    <p class='ocr_par' dir='ltr' id='par_1_95' title="bbox 1963 4866 3531 4949">
     <span class='ocr_line' id='line_1_95' title="bbox 1963 4866 3531 4949; baseline -0.004 -10"><span class='ocrx_word' id='word_1_796' title='bbox 1963 4894 2108 4949; x_wconf 88' lang='lat' dir='ltr'><strong>sunt,</strong></span> <span class='ocrx_word' id='word_1_797' title='bbox 2139 4899 2232 4938; x_wconf 90' lang='lat' dir='ltr'><strong>cur</strong></span> <span class='ocrx_word' id='word_1_798' title='bbox 2262 4883 2327 4936; x_wconf 87' lang='lat' dir='ltr'><strong>ad</strong></span> <span class='ocrx_word' id='word_1_799' title='bbox 2353 4883 2728 4943; x_wconf 86' lang='lat' dir='ltr'><strong>Guntharium,</strong></span> <span class='ocrx_word' id='word_1_800' title='bbox 2763 4896 2866 4934; x_wconf 91' lang='lat' dir='ltr'><strong>non</strong></span> <span class='ocrx_word' id='word_1_801' title='bbox 2889 4882 2952 4934; x_wconf 88' lang='lat' dir='ltr'><strong>ad</strong></span> <span class='ocrx_word' id='word_1_802' title='bbox 2981 4881 3388 4936; x_wconf 82' lang='lat' dir='ltr'><strong>Guntabundum</strong></span> <span class='ocrx_word' id='word_1_803' title='bbox 3417 4866 3531 4948; x_wconf 77' lang='lat' dir='ltr'><strong>epi-</strong></span> 
     </span>
    </p>
   </div>
   <div class='ocr_carea' id='block_1_96' title="bbox 1963 4971 3530 5042">
    <p class='ocr_par' dir='ltr' id='par_1_96' title="bbox 1963 4971 3530 5042">
     <span class='ocr_line' id='line_1_96' title="bbox 1963 4971 3530 5042; baseline -0.003 -12"><span class='ocrx_word' id='word_1_804' title='bbox 1963 4977 2096 5030; x_wconf 84' lang='lat' dir='ltr'><strong>stola</strong></span> <span class='ocrx_word' id='word_1_805' title='bbox 2132 4975 2329 5042; x_wconf 86' lang='lat' dir='ltr'><strong>scripta</strong></span> <span class='ocrx_word' id='word_1_806' title='bbox 2367 4987 2486 5027; x_wconf 83' lang='lat' dir='ltr'><strong>esse</strong></span> <span class='ocrx_word' id='word_1_807' title='bbox 2525 4973 2754 5026; x_wconf 86' lang='lat' dir='ltr'><strong>dicatur.</strong></span> <span class='ocrx_word' id='word_1_808' title='bbox 2802 4972 3114 5026; x_wconf 86' lang='lat' dir='ltr'><strong>Dracontius</strong></span> <span class='ocrx_word' id='word_1_809' title='bbox 3151 4973 3318 5037; x_wconf 89' lang='lat' dir='ltr'><strong>enim,</strong></span> <span class='ocrx_word' id='word_1_810' title='bbox 3364 4980 3422 5024; x_wconf 93' lang='lat' dir='ltr'><strong>ut</strong></span> <span class='ocrx_word' id='word_1_811' title='bbox 3445 4971 3530 5025; x_wconf 86' lang='lat' dir='ltr'><strong>sui</strong></span> 
     </span>
    </p>
   </div>
   <div class='ocr_carea' id='block_1_97' title="bbox 1964 5063 3283 5136">
    <p class='ocr_par' dir='ltr' id='par_1_97' title="bbox 1964 5063 3283 5136">
     <span class='ocr_line' id='line_1_97' title="bbox 1964 5063 3283 5136; baseline -0.005 -16"><span class='ocrx_word' id='word_1_812' title='bbox 1964 5069 2102 5136; x_wconf 79' lang='lat' dir='ltr'><strong>regis</strong></span> <span class='ocrx_word' id='word_1_813' title='bbox 2133 5065 2470 5119; x_wconf 71' lang='lat' dir='ltr'><strong>clementiam</strong></span> <span class='ocrx_word' id='word_1_814' title='bbox 2501 5063 2768 5131; x_wconf 71' lang='lat' dir='ltr'><strong>pnedice&#39;,</strong></span> <span class='ocrx_word' id='word_1_815' title='bbox 2798 5064 2943 5116; x_wconf 85' lang='lat' dir='ltr'><strong>cauit</strong></span> <span class='ocrx_word' id='word_1_816' title='bbox 2969 5077 3109 5118; x_wconf 88' lang='lat' dir='ltr'><strong>vers.</strong></span> <span class='ocrx_word' id='word_1_817' title='bbox 3139 5063 3238 5116; x_wconf 73' lang='lat' dir='ltr'><strong>2H</strong></span> <span class='ocrx_word' id='word_1_818' title='bbox 3268 5079 3283 5114; x_wconf 89' lang='lat'><strong>:</strong></span> 
     </span>
    </p>
   </div>
   <div class='ocr_carea' id='block_1_98' title="bbox 2083 5170 3286 5235">
    <p class='ocr_par' dir='ltr' id='par_1_98' title="bbox 2083 5170 3286 5235">
     <span class='ocr_line' id='line_1_98' title="bbox 2083 5170 3286 5235; baseline -0.006 -11"><span class='ocrx_word' id='word_1_819' title='bbox 2083 5175 2155 5224; x_wconf 84' lang='lat' dir='ltr'><strong>&#39;l‘c</strong></span> <span class='ocrx_word' id='word_1_820' title='bbox 2180 5174 2316 5223; x_wconf 79' lang='lat' dir='ltr'><strong>Deus</strong></span> <span class='ocrx_word' id='word_1_821' title='bbox 2347 5174 2586 5235; x_wconf 89' lang='lat' dir='ltr'><strong>aspiciens</strong></span> <span class='ocrx_word' id='word_1_822' title='bbox 2610 5170 2874 5235; x_wconf 82' lang='lat' dir='ltr'><strong>ell‘undere</strong></span> <span class='ocrx_word' id='word_1_823' title='bbox 2893 5173 3022 5221; x_wconf 88' lang='lat' dir='ltr'><strong>nolle</strong></span> <span class='ocrx_word' id='word_1_824' title='bbox 3047 5182 3286 5235; x_wconf 74' lang='lat' dir='ltr'><strong>cruorem,</strong></span> 
     </span>
    </p>
   </div>
   <div class='ocr_carea' id='block_1_99' title="bbox 2151 5233 3198 5294">
    <p class='ocr_par' dir='ltr' id='par_1_99' title="bbox 2151 5233 3198 5294">
     <span class='ocr_line' id='line_1_99' title="bbox 2151 5233 3198 5294; baseline -0.005 -10"><span class='ocrx_word' id='word_1_825' title='bbox 2151 5236 2214 5284; x_wconf 84' lang='lat' dir='ltr'><strong>Ut</strong></span> <span class='ocrx_word' id='word_1_826' title='bbox 2236 5238 2344 5284; x_wconf 90' lang='lat' dir='ltr'><strong>sine</strong></span> <span class='ocrx_word' id='word_1_827' title='bbox 2369 5233 2586 5294; x_wconf 78' lang='lat' dir='ltr'><strong>peccato,</strong></span> <span class='ocrx_word' id='word_1_828' title='bbox 2617 5247 2711 5281; x_wconf 89' lang='lat' dir='ltr'><strong>non</strong></span> <span class='ocrx_word' id='word_1_829' title='bbox 2734 5235 2840 5282; x_wconf 86' lang='lat' dir='ltr'><strong>sine</strong></span> <span class='ocrx_word' id='word_1_830' title='bbox 2866 5233 3008 5281; x_wconf 82' lang='lat' dir='ltr'><strong>laude</strong></span> <span class='ocrx_word' id='word_1_831' title='bbox 3041 5233 3198 5294; x_wconf 77' lang='lat' dir='ltr'><strong>daret,</strong></span> 
     </span>
    </p>
   </div>
   <div class='ocr_carea' id='block_1_100' title="bbox 2088 5292 3288 5356">
    <p class='ocr_par' dir='ltr' id='par_1_100' title="bbox 2088 5292 3288 5356">
     <span class='ocr_line' id='line_1_100' title="bbox 2088 5292 3288 5356; baseline -0.005 -9"><span class='ocrx_word' id='word_1_832' title='bbox 2088 5297 2302 5347; x_wconf 82' lang='lat' dir='ltr'><strong>Contulit</strong></span> <span class='ocrx_word' id='word_1_833' title='bbox 2325 5292 2510 5345; x_wconf 81' lang='lat' dir='ltr'><strong>absenti</strong></span> <span class='ocrx_word' id='word_1_834' title='bbox 2537 5303 2685 5343; x_wconf 75' lang='lat' dir='ltr'><strong>terrae</strong></span> <span class='ocrx_word' id='word_1_835' title='bbox 2708 5294 2966 5356; x_wconf 80' lang='lat' dir='ltr'><strong>pelagique</strong></span> <span class='ocrx_word' id='word_1_836' title='bbox 2993 5292 3288 5352; x_wconf 84' lang='lat' dir='ltr'><strong>triumphos:</strong></span> 
     </span>
    </p>
   </div>
   <div class='ocr_carea' id='block_1_101' title="bbox 2150 5356 3141 5418">
    <p class='ocr_par' dir='ltr' id='par_1_101' title="bbox 2150 5356 3141 5418">
     <span class='ocr_line' id='line_1_101' title="bbox 2150 5356 3141 5418; baseline -0.006 -11"><span class='ocrx_word' id='word_1_837' title='bbox 2150 5356 2315 5407; x_wconf 82' lang='lat' dir='ltr'><strong>Ansila</strong></span> <span class='ocrx_word' id='word_1_838' title='bbox 2339 5364 2563 5418; x_wconf 86' lang='lat' dir='ltr'><strong>testatur,</strong></span> <span class='ocrx_word' id='word_1_839' title='bbox 2587 5356 2778 5405; x_wconf 75' lang='lat' dir='ltr'><strong>Maurus</strong></span> <span class='ocrx_word' id='word_1_840' title='bbox 2795 5357 2973 5414; x_wconf 87' lang='lat' dir='ltr'><strong>ubique</strong></span> <span class='ocrx_word' id='word_1_841' title='bbox 2993 5357 3141 5414; x_wconf 81' lang='lat' dir='ltr'><strong>jacet.</strong></span> 
     </span>
    </p>
   </div>
   <div class='ocr_carea' id='block_1_102' title="bbox 1973 5482 3537 5560">
    <p class='ocr_par' dir='ltr' id='par_1_102' title="bbox 1973 5482 3537 5560">
     <span class='ocr_line' id='line_1_102' title="bbox 1973 5482 3537 5560; baseline -0.002 -15"><span class='ocrx_word' id='word_1_842' title='bbox 1973 5492 2047 5545; x_wconf 74' lang='lat' dir='ltr'><strong>Ex</strong></span> <span class='ocrx_word' id='word_1_843' title='bbox 2075 5507 2180 5560; x_wconf 90' lang='lat' dir='ltr'><strong>quo</strong></span> <span class='ocrx_word' id='word_1_844' title='bbox 2207 5490 2373 5560; x_wconf 90' lang='lat' dir='ltr'><strong>liquet</strong></span> <span class='ocrx_word' id='word_1_845' title='bbox 2401 5504 2576 5560; x_wconf 77' lang='lat' dir='ltr'><strong>regem</strong></span> <span class='ocrx_word' id='word_1_846' title='bbox 2623 5503 2776 5558; x_wconf 89' lang='lat' dir='ltr'><strong>quem</strong></span> <span class='ocrx_word' id='word_1_847' title='bbox 2831 5483 3006 5537; x_wconf 76' lang='lat' dir='ltr'><strong>laudat</strong></span> <span class='ocrx_word' id='word_1_848' title='bbox 3061 5482 3393 5550; x_wconf 80' lang='lat' dir='ltr'><strong>Dracmttius,</strong></span> <span class='ocrx_word' id='word_1_849' title='bbox 3442 5501 3537 5556; x_wconf 90' lang='lat' dir='ltr'><strong>per</strong></span> 
     </span>
    </p>
   </div>
   <div class='ocr_carea' id='block_1_103' title="bbox 1972 5572 3540 5650">
    <p class='ocr_par' dir='ltr' id='par_1_103' title="bbox 1972 5572 3540 5650">
     <span class='ocr_line' id='line_1_103' title="bbox 1972 5572 3540 5650; baseline -0.002 -15"><span class='ocrx_word' id='word_1_850' title='bbox 1972 5583 2105 5638; x_wconf 85' lang='lat' dir='ltr'><strong>alios</strong></span> <span class='ocrx_word' id='word_1_851' title='bbox 2131 5582 2267 5637; x_wconf 89' lang='lat' dir='ltr'><strong>bella</strong></span> <span class='ocrx_word' id='word_1_852' title='bbox 2289 5581 2518 5650; x_wconf 77' lang='lat' dir='ltr'><strong>gessisse</strong></span> <span class='ocrx_word' id='word_1_853' title='bbox 2547 5587 2600 5635; x_wconf 90' lang='lat' dir='ltr'><strong>et</strong></span> <span class='ocrx_word' id='word_1_854' title='bbox 2623 5574 2914 5644; x_wconf 88' lang='lat' dir='ltr'><strong>triumphos</strong></span> <span class='ocrx_word' id='word_1_855' title='bbox 2938 5572 3246 5639; x_wconf 86' lang='lat' dir='ltr'><strong>obtinuisse,</strong></span> <span class='ocrx_word' id='word_1_856' title='bbox 3274 5574 3402 5645; x_wconf 89' lang='lat' dir='ltr'><strong>quin</strong></span> <span class='ocrx_word' id='word_1_857' title='bbox 3425 5577 3540 5648; x_wconf 87' lang='lat' dir='ltr'><strong>ipse</strong></span> 
     </span>
    </p>
   </div>
   <div class='ocr_carea' id='block_1_104' title="bbox 1968 5673 3294 5821">
    <p class='ocr_par' dir='ltr' id='par_1_104' title="bbox 1968 5673 3294 5821">
     <span class='ocr_line' id='line_1_104' title="bbox 1968 5673 3262 5817; baseline -0.015 -85"><span class='ocrx_word' id='word_1_858' title='bbox 1968 5690 2201 5746; x_wconf 61' lang='lat' dir='ltr'><strong>praesens</strong></span> <span class='ocrx_word' id='word_1_859' title='bbox 2232 5673 2478 5730; x_wconf 84' lang='lat' dir='ltr'><strong>adfuerit.</strong></span> <span class='ocrx_word' id='word_1_860' title='bbox 3221 5756 3262 5817; x_wconf 67' lang='lat'><strong>2</strong></span> 
     </span>
     <span class='ocr_line' id='line_1_105' title="bbox 3268 5756 3294 5821; baseline 0 0"><span class='ocrx_word' id='word_1_861' title='bbox 3268 5756 3294 5821; x_wconf 81' lang='grc' dir='ltr'>ι</span> 
     </span>
    </p>
   </div>
  </div>
