4030 6170
462 293 470 300 “
512 282 610 339 651

1925 246 2374 309 DRACUNTIUS.

3671 230 3784 288 652

583 397 672 453 99.
701 391 756 448 td
782 398 961 446 autem
1011 387 1068 442 in
1115 377 1467 454 Guntharium
1511 373 1710 442 Optime
1754 367 1966 432 cadere,
2023 380 2088 420 ex
2119 370 2168 428 Α
2193 357 2478 416 Guntharii
2510 353 2888 421 transtuliSset,
2913 350 3110 406 bellum
3141 349 3192 402 in
3226 343 3542 403 Mauritania
3599 345 3788 414 gessit,

464 532 466 534 -
515 484 776 555 Procopio
802 481 894 537 lib.
927 475 1165 533 tllistor.
1209 470 1430 525 Vanda‘l.
1469 467 1613 522 clare
1650 461 1921 530 colligitur
1950 454 2092 511 :Bo-

517 579 754 650 nifacius,
785 590 898 628 cum
917 586 1008 624 nec
1032 567 1260 622 resistere
1287 578 1340 618 se
1380 574 1523 631 posse
1567 552 1860 625 imperatori
1882 551 2094 612 videret,

518 644 628 734 nec,
653 668 694 722 si
727 665 940 717 Romam
968 665 1174 730 peteret,
1199 655 1378 708 salutis
1401 650 1505 704 ulla
1527 663 1636 716 spes
1659 644 1961 703 oboriretur,
1995 647 2100 692 sta-

522 760 607 813 tuit
649 755 787 810 omni
817 767 909 823 ape
955 749 1075 804 eniti
1097 757 1149 802 ut
1175 746 1462 800 societatem
1494 740 1646 792 coiret
1668 751 1785 789 cum
1829 729 2098 791 Vandalis,

520 866 644 920 quos
670 862 825 917 supra
849 817 958 898 dixi
999 843 1054 894 in
1104 835 1361 904 Hispania
1402 846 1556 901 prope
1609 827 1834 894 Africam
1879 821 2017 874 sedes
2040 817 2104 886 ﬁ-

523 919 673 1006 nisse,
705 939 786 991 ubi
807 939 913 1006 jam
944 941 1141 986 mortuo
1188 924 1476 996 Codigiselo
1520 919 1834 972 dominatum
1874 923 2107 977 suscepe-

525 1044 640 1088 rant
662 1037 773 1102 ejus
803 1029 905 1082 duo
933 1025 1032 1094 filii
1068 1019 1342 1077 Gonthuris
1367 1032 1431 1069 ea:
1451 1017 1595 1085 jus-ta
1624 1009 1720 1078 ipsi
1747 1020 1902 1059 uxore
1933 1012 2104 1064 natus,

439 1103 448 1112 δ
527 1137 572 1180 et
606 1123 864 1178 Gizerieus
904 1115 1084 1172 nothus
1116 1133 1132 1168 :
1163 1127 1334 1166 verum
1357 1108 1443 1162 ille
1478 1104 1648 1157 adhuc
1673 1116 1820 1171 puer,
1851 1107 1896 1151 et
1926 1103 2110 1147 natura

530 1234 709 1289 parum
723 1213 998 1270 industrius
1013 1224 1032 1274 ;
1046 1210 1124 1260 hic
1139 1207 1190 1259 in
1205 1204 1359 1256 armis
1375 1199 1558 1270 optime
1569 1193 1887 1252 erercitatus,
1905 1203 1966 1240 ac
1979 1199 2114 1238 mor-

533 1310 712 1363 talium
736 1304 963 1360 omnium
985 1295 1369 1353 solertissimus.
1419 1289 1582 1358 igitur
1633 1299 1754 1338 cum
1791 1275 2116 1335 Guntbarius

538 1408 694 1455 rotate
725 1396 900 1450 minor
926 1384 1396 1446 essetGeuserico,
1439 1394 1502 1432 ac
1539 1385 1725 1429 natura
1755 1384 1938 1440 parum
1969 1365 2119 1419 indu-

537 1491 720 1553 strius,
758 1496 941 1541 contra
983 1477 1301 1536 Gensericus
1336 1467 1738 1528 solertissimus,
1770 1469 1824 1516 et
1864 1459 1915 1512 in
1958 1454 2120 1510 armis

541 1580 858 1636 exercitatus
877 1615 891 1640 ,
927 1587 1029 1626 non
1061 1566 1216 1622 alteri
1239 1564 1412 1632 aptius
1435 1554 1699 1613 Dracontii
1723 1566 1905 1608 versus
1929 1561 2122 1602 conve-

543 1678 659 1730 nire
694 1676 913 1739 possunt
942 1677 1099 1733 quam
1129 1655 1446 1714 Gunthario.
1489 1655 1563 1704 Ae
1593 1660 1777 1702 revera
1807 1639 2123 1697 Dracontius

2202 461 2258 507 ut
2288 466 2407 505 mox
2437 448 2644 511 dicam;
2678 445 2919 512 adeoque
2946 441 3119 510 potuit
3139 437 3417 494 victoriam
3455 436 3690 503 aliquam
3720 435 3789 488 ad

2203 546 2524 611 Ampsagam
2553 537 2819 597 obtinere,
2847 543 2900 586 et
2919 539 3106 586 contra
3149 530 3387 584 Maurum
3417 527 3653 596 aliquem
3685 528 3794 580 An-

2205 635 2365 690 talam
2407 631 2687 693 dimicare,
2719 641 2948 696 eumque.
2971 626 3206 678 vincere.

2279 728 2401 785 101.
2433 725 2627 780 Verum
2658 737 2779 776 cum
2809 720 2978 774 codex
3002 718 3220 785 Azagra:
3237 714 3605 769 acVaticanus
3628 714 3678 765 in
3699 712 3800 767 hoc

2210 820 2426 876 nomine
2456 815 2632 869 Ansila
2647 810 2995 883 exprimendo
3015 824 3137 863 cum
3166 808 3350 862 codice
3377 805 3656 861 Sirmondi
3686 819 3802 858 orn-

2211 912 2339 966 niuo
2368 907 2729 972 consentiant,
2764 902 3100 959 retinendum
3152 899 3206 954 id
3255 907 3370 964 est;
3414 913 3592 966 eoque
3638 897 3800 951 etiam

2216 1003 2405 1071 magis,
2434 1002 2559 1071 quia
2581 998 2797 1053 Grotius
2829 998 2880 1052 iu
2911 994 3086 1050 indice
3131 995 3404 1048 nominum
3457 991 3804 1059 propriorum

2215 1093 2589 1157 Gothicorum,
2612 1088 3052 1152 Vandalicorum,
3084 1094 3213 1150 etc.,
3242 1092 3487 1140 recenset
3507 1082 3678 1138 etiam
3705 1081 3807 1134 Ax-

2216 1201 2330 1240 SILA
2353 1184 2419 1239 ab
2447 1200 2541 1237 ans
2563 1183 2646 1248 ile,
2681 1181 2735 1235 id
2763 1190 2835 1235 est
2881 1179 2947 1234 ad
2981 1180 3199 1249 gratiam
3237 1179 3483 1246 festinans
3532 1189 3554 1228 :
3595 1174 3809 1244 festina-

2220 1277 2354 1330 tione
2381 1273 2552 1342 ilunge
2579 1274 2631 1326 in
2659 1271 2895 1337 diction.,
2937 1283 2984 1322 et
3025 1277 3192 1322 manet
3216 1269 3268 1322 in
3299 1285 3393 1321 usu
3443 1266 3719 1336 festinare,
3758 1272 3810 1317 ut

2223 1364 2422 1420 ibidem
2455 1364 2726 1418 observat.
2750 1361 2926 1428 Quare
2949 1358 3432 1428 probabilissimum
3460 1365 3540 1412 est
3566 1356 3812 1412 Ansilam

2223 1458 2386 1513 fuisse
2410 1457 2598 1512 ducem
2620 1455 2848 1523 aliquem
2879 1467 2910 1507 e
2940 1451 3129 1505 Gothis
3165 1460 3254 1504 aut
3278 1450 3467 1504 Suevis
3484 1449 3810 1518 quibuscum

2233 1549 2372 1605 bella
2396 1562 2583 1618 gerere
2631 1545 2734 1615 77
2779 1542 3008 1598 Vandali
3039 1543 3089 1595 in
3115 1541 3366 1610 Hispania
3391 1545 3811 1594 consueverunt.

2227 1641 2470 1704 Orosius,
2501 1639 2641 1692 enim
2668 1638 2760 1691 lib.
2782 1651 2870 1700 vn,
2900 1650 3017 1704 cap.
3035 1634 3125 1701 45,
3156 1649 3279 1689 cum
3308 1632 3579 1687 retulisset
3607 1629 3815 1685 Gothos

539 1765 773 1820 dominos
795 1771 846 1814 et
873 1758 1021 1808 duces
1049 1768 1168 1807 suos
1191 1750 1268 1804 bis
1299 1746 1449 1808 ditit,
1480 1757 1613 1812 quos
1637 1737 1837 1792 sCliiCCl
1866 1735 1979 1802 ipse
2015 1731 2124 1783 lau-
2157 1733 2202 1793 Β
2233 1747 2326 1802 pro
2351 1730 2605 1784 Romanis
2627 1728 2885 1782 adversus
2909 1735 3131 1781 cmteras
3159 1735 3347 1792 gentes
3367 1740 3482 1791 qum
3501 1737 3598 1790 per
3625 1722 3817 1789 Hispa-

547 1856 674 1910 dare
709 1852 987 1921 poxuisset,
1021 1854 1078 1898 ut
1100 1855 1239 1895 vers.
1270 1838 1332 1891 21
1361 1851 1373 1888 :

667 1941 730 1993 Ut
753 1944 834 2004 qui
861 1941 980 1989 facta
999 1936 1172 1984 ducum
1191 1941 1380 1994 possem
1404 1934 1602 1974 narrare
1627 1927 1867 1976 meorum,

552 2033 614 2086 Et
631 2043 817 2085 rursus
849 2039 988 2080 vers.
1007 2022 1105 2077 9'5:

670 2119 819 2181 Culpa
843 2116 955 2163 111111
980 2111 1141 2162 fuerat
1163 2107 1380 2156 dominos
1401 2101 1614 2151 reticere
1633 2096 1898 2145 modestos.

549 2205 659 2272 Quo
689 2166 860 2257 innuit
889 2197 1060 2266 ipsum
1090 2203 1268 2258 regem
1294 2181 1669 2246 Guntharium,
1713 2190 1743 2228 a
1783 2187 1888 2242 quo
1923 2170 1976 2224 in
2014 2166 2128 2220 vin-

457 2351 468 2360 ,
551 2259 667 2348 gula
697 2259 1118 2356 eratcoujectus,
1149 2287 1203 2334 et
1231 2275 1602 2336 Gensericum,
1631 2267 1744 2338 qui,
1764 2262 1908 2335 quod
1935 2259 2130 2314 bellum

554 2381 965 2442 administraret,
999 2375 1133 2428 alter
1163 2369 1324 2425 veluti
1367 2381 1463 2421 rex
1502 2359 1817 2416 habebatur.

623 2476 748 2530 100.
781 2471 859 2524 Ex
888 2464 1169 2533 triumphis
1215 2471 1357 2515 terra
1387 2453 1626 2522 marique
1675 2442 1962 2518 reportatis
2017 2455 2132 2495 cer-

557 2571 660 2625 tius
708 2570 1078 2634 argumentum
1103 2555 1209 2626 peti
1241 2559 1441 2622 posset,
1473 2546 1518 2601 si
1544 2547 1692 2598 clare
1717 2543 1984 2596 constaret
2017 2532 2135 2601 qui-

528 2699 530 2701 -
561 2624 681 2716 nam
709 2624 963 2726 etqttales
994 2624 1296 2717 hujusmodi
1327 2636 1581 2708 triumphi
1614 2633 1829 2689 fuerint.
1870 2626 1977 2707 Sed
2007 2624 2141 2678 Dra-

561 2749 771 2806 contius
798 2743 971 2800 solum
994 2741 1070 2792 ait
1101 2754 1113 2789 :

683 2857 850 2910 Anstla
875 2859 1101 2909 testatur,
1129 2848 1324 2898 Maurus
1348 2843 1533 2904 ubique
1554 2839 1708 2902 jacet.

538 2951 620 3005 »ln
650 2946 884 3003 editione
916 2935 1200 2994 i’arisiensi
1223 2932 1462 2988 omnium
1492 2941 1712 2997 Operum
1761 2921 2029 2979 Sirmondi
2077 2919 2144 2974 ad

544 3056 718 3096 oram
749 3038 904 3103 hujus
935 3031 1044 3102 76
1063 3039 1252 3080 versus
1293 3022 1406 3075 haec
1436 3029 1557 3073 nota
1582 3018 1772 3084 legitur
1804 3031 1816 3066 :
1849 3013 1940 3064 Vir
1969 3010 2147 3064 doctus

2233 1822 2351 1876 nias
2375 1820 2732 1875 consederant
2764 1831 3048 1886 pugnasse,
3081 1815 3338 1883 subjecit:
3371 1815 3609 1880 Quamvis
3647 1824 3700 1866 et
3728 1828 3818 1866 etr-

2230 1916 2323 1968 teri
2347 1916 2648 1977 Alanorum,
2672 1910 3043 1974 Vandatorum,
3066 1905 3442 1972 Sueuorumque
3471 1918 3612 1974 reges
3644 1903 3819 1956 eodem

2232 2005 2486 2059 nobiscum
2509 2003 2695 2074 placito
2727 2001 2926 2071 depacti
2976 1999 3162 2068 forent,
3194 1997 3490 2048 mandantes
3517 1994 3819 2061 imperatori

2240 2096 2468 2151 Honorio
2501 2111 2519 2148 :
2547 2093 2625 2148 Tu
2649 2111 2763 2147 cum
2803 2091 3030 2146 omnibus
3066 2106 3239 2160 pacem
3292 2085 3436 2152 habe,
3491 2088 3822 2152 omniuqu

2235 2191 2428 2245 obsides
2453 2188 2626 2258 accipe
2655 2204 2674 2252 ;
2704 2202 2792 2239 nos
2822 2183 3078 2238 nobiscum
3111 2182 3454 2252 conﬂigimtts,
3496 2179 3643 2232 nobis
3700 2178 3824 2245 peri-

2236 2299 2369 2336 mus.
2403 2281 2588 2349 Neque
2619 2293 2748 2333 vero
2787 2275 3073 2330 absurdum
3129 2274 3232 2329 erit
3278 2271 3541 2325 afﬁrmare
3581 2269 3823 2324 Ansilam

2237 2383 2391 2443 quem
2439 2371 2758 2425 Dracontius
2791 2375 3050 2422 memorat
3079 2365 3225 2420 illum
3263 2363 3427 2417 fuisse
3471 2375 3626 2428 quem
3666 2358 3824 2412 Gothi

2239 2467 2377 2523 inter
2403 2480 2530 2522 suos
2569 2480 2715 2518 anses
2743 2467 3028 2516 recensent
3063 2475 3079 2514 :
3115 2457 3189 2512 illi
3225 2457 3366 2512 enim
3409 2468 3661 2523 proceres
3680 2463 3827 2521 (μίσει

2240 2563 2360 2618 dam
2382 2573 2508 2616 suos
2553 2558 2812 2612 vocabant
2854 2569 3026 2620 anses,
3072 2549 3222 2622 quasi
3271 2547 3556 2614 semideos,
3608 2560 3682 2599 ex
3735 2557 3828 2612 qua

2245 2668 2376 2709 voce
2397 2651 2782 2706 Anseaticarum
2820 2647 3092 2701 civitatum
3123 2642 3386 2712 originem
3424 2639 3530 2708 peti
3560 2651 3728 2706 posse
3749 2647 3829 2689 su-

2243 2749 2480 2815 spicatur
2500 2740 2739 2798 Grotius.
2764 2739 2906 2794 lnter
2932 2737 3066 2794 alios
3108 2742 3286 2788 autem
3331 2744 3516 2797 anses,
3547 2731 3666 2783 sive
3715 2741 3831 2796 pro-

2244 2851 2395 2894 ceres
2445 2833 2740 2892 Gothorum
2789 2832 2888 2886 hos
2925 2835 3207 2886 enumerat
3249 2822 3550 2880 Jornandes
3589 2820 3666 2875 de
3697 2818 3827 2874 Reb.

2249 2927 2418 2984 Gctic.
2452 2939 2570 2993 cap.
2604 2922 2669 2975 Η
2701 2940 2713 2976 :
2747 2921 3058 2991 Ostrogotha
3081 2916 3252 2987 genuit
3281 2913 3443 2969 Unilt.
3476 2910 3617 2965 Unilt
3661 2911 3831 2981 genuit

2254 3017 2424 3071 Athal.
2452 3013 2608 3068 Atho!
2630 3012 2801 3083 genuit
2818 3009 3044 3080 Achiulf.
3075 3007 3292 3075 Arhiqu
3304 3006 3474 3076 genuit
3499 3005 3762 3067 Assrnu,
3791 3011 3832 3055 et

571 3092 1151 3200 inspicaturlegj-eridunt
1181 3122 1400 3176 Arruns,
1429 3106 1840 3200 quea—ti'l'hracia:
1881 3103 2150 3200 imminen-
2178 3092 2222 3152 C
2256 3107 2459 3178 Ediuff,
2497 3105 2738 3174 Vulduff,
2769 3113 2816 3156 ει
2867 3101 3151 3156 [Ia-mm},
3201 3099 3334 3155 cum
3377 3094 3708 3166 (hu-030mg
3743 3093 3832 3150 [ιο.

570 3191 672 3275 teni
697 3215 912 3287 pecunia
932 3191 1258 3264 Theodosius
1304 3201 1499 3255 avertit.
1540 3195 1873 3265 Theophanes
1901 3195 1953 3247 in
1992 3191 2154 3246 Chro-

571 3285 719 3381 πορν.
751 3314 817 3360 ad
839 3317 1030 3358 annum
1062 3295 1330 3352 Theodosii
1351 3291 1580 3345 Junioris
1601 3295 1922 3358 postremum.
1958 3285 2151 3341 Verum

575 3376 698 3461 cuin
722 3399 874 3456 nobis
893 3398 1001 3466 jam
1019 3399 1199 3462 pateat
1234 3387 1299 3442 ad
1333 3379 1980 3441 TheodosiumJuniorem
2017 3376 2154 3433 hanc

574 3495 801 3564 elegiam
825 3489 1076 3556 scriptam
1107 3497 1210 3536 non
1236 3479 1419 3543 fuisse,
1439 3475 1531 3530 sed
1559 3472 1626 3528 ad
1654 3487 1818 3527 unum
1842 3485 1872 3527 e
1890 3467 2157 3525 Vandale-

577 3561 694 3641 rum
719 3581 953 3652 regibus,
984 3574 1116 3631 nihil
1158 3581 1237 3628 est
1267 3584 1441 3624 causa:
1471 3582 1564 3621 cur
1590 3565 1656 3620 de
1709 3563 1873 3618 Attila
1913 3561 2156 3617 Thraciae

580 3650 896 3732 imminente
921 3667 1233 3737 cogitemus.
1291 3657 1442 3727 Quod
1471 3657 1516 3711 si
1578 3654 1827 3709 mendum
1880 3652 1932 3706 in
1980 3650 2158 3706 Ansila

579 3778 740 3832 esset,
758 3761 948 3832 conjici
970 3763 1149 3830 posset
1178 3752 1455 3824 Amsaglta,
1478 3748 1619 3820 quod
1645 3746 1840 3801 [lumen
1867 3753 1948 3798 est
1974 3743 2040 3797 ad
2070 3743 2158 3797 lit-

578 3874 665 3917 tus
701 3854 985 3920 Numidim,
1011 3857 1072 3905 ut
1098 3846 1231 3902 Mela
1276 3852 1330 3899 et
1372 3841 1572 3897 Plinius
1626 3839 1846 3902 docent;
1878 3835 1970 3891 alii
2029 3834 2158 3888 scri-

556 3952 714 4007 -'.»bunt
738 3950 1015 4016 Ampsaga,
1046 3937 1134 3992 alii
1173 3935 1395 4001 Ausaga,
1419 3945 1576 3994 nunc.
1604 3927 1897 3998 Suﬂ'egmar
1943 3924 2012 3979 ab
2041 3924 2159 3978 aliis

554 4039 764 4099 «Rumet
799 4014 1020 4090 vocatur
1049 4046 1060 4081 ε
1088 4024 1247 4096 quod,
1280 4022 1557 4090 iuterjecta
1581 4019 1752 4088 aliqua
1783 4033 1846 4072 ex
1879 4026 2030 4085 parte
2049 4014 2158 4069 Nu-

583 4133 766 4194 midia,
797 4126 1033 4182 Africam
1058 4117 1326 4189 propriam
1352 4128 1383 4166 a
1405 4108 1714 4166 Mauritania
1737 4106 1945 4162 dividit.
1993 4106 2160 4175 Hujus

585 4220 728 4276 fluvii
755 4224 931 4271 exstat
972 4212 1130 4266 etiam
1158 4205 1359 4262 mentio
1385 4201 1525 4271 apud
1568 4199 1836 4254 Victorem
1891 4198 2159 4252 Vitensem

587 4313 678 4367 lib.
710 4325 744 4363 tt
776 4307 910 4360 llist.
947 4309 1210 4372 persecut.
1241 4295 1490 4358 ~Vandal.,
1541 4307 1659 4362 cap.
1701 4292 1755 4360 5,
1804 4291 1889 4344 ubi
1915 4291 2162 4345 Hunerici

589 4402 728 4469 regis
767 4400 1127 4454 Vanda'orum
1159 4388 1529 4444 crudelitatem
1554 4385 1606 4438 in
1636 4399 1762 4438 suos
1791 4397 2011 4436 narrans
2049 4381 2159 4434 ait:

592 4496 617 4550 1
627 4498 827 4548 mirator
853 4491 1066 4544 existens
1089 4483 1330 4540 Ceiseriei
1356 4481 1537 4552 patris,
1566 4479 1653 4548 qui
1668 4479 1748 4533 sui
1780 4476 1953 4547 fratris
1992 4473 2160 4545 (Gun-

593 4585 772 4653 tltarir)
799 4597 1005 4634 uxorem
1035 4579 1192 4650 ligato
1215 4573 1438 4643 pondere
1467 4571 1718 4642 lapidum,
1755 4575 1810 4622 tn
1859 4567 2166 4637 Ampsagam

593 4673 1092 4749 fluviumCirttnsem
1115 4663 1626 4740 famosumjactando
1670 4661 1926 4723 demersit,
1951 4669 2003 4713 et
2056 4668 2167 4729 post

593 4785 764 4824 necem
781 4765 958 4819 matris
979 4765 1131 4816 etiam
1157 4759 1290 4825 ﬁlios
1333 4759 1606 4828 interfecit.
1647 4755 1832 4809 Posset
1851 4753 2010 4806 etiam
2031 4765 2164 4805 cott-

594 4859 684 4930 jici
714 4855 920 4916 Aurata,
955 4866 1108 4920 quem
1140 4849 1227 4902 alii
1251 4847 1514 4901 Antallam
1541 4852 1748 4897 vocant.
1805 4842 1877 4896 De
1915 4839 2013 4893 hoc
2038 4839 2167 4892 Pro-

576 4949 780 5018 rcOpius
826 4944 917 4998 ιιι).
954 4957 988 4995 ιι
1044 4939 1242 4994 llistor.
1296 4936 1521 4991 Vandal.
1553 4953 1566 4988 :
1593 4934 1803 4986 Antalas
1869 4930 2171 4984 Maurorum

595 5041 734 5097 solus
761 5036 1036 5107 Byzacium
1060 5027 1290 5092 incoluit,
1317 5028 1456 5080 solus
1485 5041 1572 5096 per
1595 5026 1701 5079 hinc
1723 5034 1954 5093 tempora
1981 5022 2169 5076 Roma-

598 5134 677 5185 nis
706 5129 860 5198 ﬁdus,
909 5123 1115 5177 scilicet
1167 5119 1266 5173 sub
1293 5117 1593 5183 Gclimet‘e;
1636 5126 1690 5171 et
1734 5117 1826 5170 lib.
1854 5132 1890 5169 ι.
1944 5130 2064 5182 cap.
2113 5113 2167 5180 9,

601 5233 780 5278 narrat
824 5237 851 5270 a
893 5215 1100 5270 Mauris
1160 5208 1467 5281 liyzacenis,
1512 5209 1600 5275 qui
1645 5207 1898 5275 parebant
1942 5205 2169 5270 Antalat,

599 5317 784 5389 prtelio
815 5313 958 5366 lusos
986 5307 1270 5370 Vaudalos,
1294 5310 1548 5372 regnante
1573 5301 1814 5356 llderico.
1844 5301 1950 5356 Sed
1977 5300 2168 5354 etiam-

599 5415 642 5466 si
676 5409 899 5465 velimus
931 5407 1104 5472 legere
1141 5403 1395 5467 Ampsaga
1419 5405 1644 5459 testatur,
1678 5401 1768 5447 aut
1793 5394 1980 5446 Antala
2023 5401 2172 5446 testa-

600 5508 934 5565 tur.certum
959 5507 1134 5549 tamen
1167 5501 1372 5558 tempus
1404 5485 1568 5555 praelii
1620 5498 1651 5539 a
1705 5484 1988 5538 Dracontio
2036 5483 2172 5537 indi-

598 5595 703 5648 cati
727 5590 838 5646 erui
871 5587 991 5642 inde
1017 5601 1118 5639 non
1139 5591 1335 5652 posset.
1356 5579 1675 5634 Gensericus
1701 5575 1866 5639 enim,
1889 5583 2011 5629 ante
2033 5589 2169 5632 gnam

602 5683 653 5735 in
682 5679 914 5734 Africam
941 5691 1126 5732 omnes
1149 5688 1274 5728 suos
1307 5670 1566 5728 Vandaios
1596 5679 1714 5739 post
1763 5669 1960 5723 obitum
1996 5666 2172 5723 fratris

2190 4449 2241 4509 D

2255 3201 2423 3256 ruerit
2444 3199 2544 3254 sub
2564 3197 2809 3268 Philippo
2838 3196 3184 3265 imperatore,
3207 3193 3345 3248 ratio
3367 3203 3670 3262 temporum
3704 3189 3834 3262 pati-

2256 3303 2340 3347 tur
2370 3299 2427 3347 ut
2446 3291 2681 3346 Ansilam
2703 3295 2857 3343 aetate
2871 3270 3368 3342 Gunthariivixisse
3389 3283 3697 3339 credamus.
3721 3280 3832 3336 Ida-

2255 3384 2366 3440 cius
2392 3382 2591 3454 olymp.
2623 3379 2725 3436 306
2748 3377 2992 3434 meminit
3029 3377 3209 3442 Aiulti,
3265 3376 3355 3446 qui
3385 3374 3586 3443 Hispali
3627 3373 3832 3428 Censo-

2256 3477 2392 3531 rium
2415 3475 2690 3545 jugulavit.
2719 3471 2921 3527 Nomen
2964 3469 3118 3524 Aiulli
3162 3469 3370 3522 videtur
3415 3482 3538 3522 esse
3583 3467 3730 3522 idem
3775 3480 3832 3520 ac

2257 3565 2487 3630 Achiuli,
2515 3565 2603 3633 qui
2634 3562 2869 3618 Ansilam
2893 3559 3097 3631 genuit.
3123 3559 3370 3614 Prtelium
3401 3569 3575 3633 autem
3595 3573 3703 3628 quo
3730 3557 3833 3612 An-

2257 3659 2353 3714 sila
2379 3630 2550 3711 victus
2577 3665 2661 3711 est
2687 3656 2874 3709 navale
2897 3630 3061 3708 l‘uisse
3100 3652 3222 3707 inde
3269 3651 3442 3720 colligi
3475 3630 3672 3719 potest,
3697 3647 3832 3716 quod

2259 3749 2572 3804 Dracontius
2599 3762 2679 3802 vet
2695 3761 2756 3800 su
2779 3745 3040 3815 superiori
3066 3742 3366 3812 triumphos
3406 3741 3575 3811 pelagi
3599 3752 3651 3795 et
3684 3753 3835 3795 terrae

2259 3841 2551 3911 conjungit,
2579 3839 2994 3909 exemplumque
3023 3835 3076 3890 in
3101 3835 3201 3889 hec
3228 3849 3386 3888 versu
3425 3834 3626 3901 profert
3651 3831 3703 3884 in
3731 3830 3834 3885 An-

2259 3939 2356 3989 sila
2378 3943 2432 3990 et
2457 3935 2508 3988 in
2540 3933 2754 3996 Mauris,
2777 3932 2864 4001 qui
2888 3931 3086 4001 ubique
3104 3929 3374 4000 jacebant.
3402 3927 3630 3982 Victoria
3652 3937 3833 3980 contra

2262 4027 2473 4080 Mauros
2503 4023 2775 4078 terrestris
2802 4021 3037 4086 videtur,
3065 4023 3234 4091 prima
3269 4020 3427 4090 igitur
3451 4028 3636 4074 contra
3687 4016 3835 4072 Ansi-

2264 4119 2368 4171 lam
2399 4113 2620 4168 navalis.
2657 4111 2826 4166 Etiam
2857 4111 2908 4166 id
2937 4110 3266 4181 temporibus
3317 4110 3384 4164 de
3413 4110 3605 4179 quibus
3656 4109 3836 4176 loquor

2262 4215 2317 4264 et
2337 4204 2633 4263 Gunthario
2656 4207 2896 4273 apprime
2919 4205 3174 4258 convenit
3201 4220 3212 4257 :
3244 4217 3364 4256 nam
3411 4200 3616 4256 Gothos
3664 4203 3836 4270 plunes

2265 4316 2428 4354 naves
2461 4300 2559 4352 hoc
2588 4309 2826 4366 ter..pore
2843 4297 2942 4351 sibi
2966 4309 3308 4363 comparasse
3321 4311 3384 4348 ex
3407 4295 3596 4349 Orosio
3617 4295 3835 4362 aliisque

2265 4400 2494 4456 constat,
2523 4404 2618 4443 nec
2641 4388 2814 4442 minus
2839 4394 3141 4440 ecrtumest
3174 4384 3440 4438 Vandalus
3463 4386 3684 4438 navibus
3710 4395 3835 4436 usos

2269 4483 2450 4538 fuisse.
2498 4480 2701 4535 ldacius
2739 4481 2881 4532 enim
2939 4486 3218 4545 postquam
3249 4475 3431 4529 retulit
3480 4475 3533 4528 in
3573 4473 3832 4528 Chronico

2271 4571 2654 4640 Vandalosjam
2681 4571 2733 4624 in
2763 4571 2952 4624 Ba‘tica
2983 4568 3081 4622 sub
3107 4567 3406 4622 Gunthario
3443 4580 3569 4634 rege
3606 4577 3835 4620 eorumc-

2270 4679 2450 4720 rantes
2475 4680 2504 4718 a
2531 4663 2747 4717 Castino
2776 4662 3031 4731 magistro
3065 4660 3289 4714 militum
3333 4659 3608 4712 victoriam
3660 4670 3835 4723 repor-

2271 4747 2430 4824 tasse',
2455 4757 2602 4811 addit
2626 4755 2927 4825 Olympiade
2954 4755 3080 4818 501,
3102 4751 3506 4806 eosBalearicas
3527 4750 3716 4804 insulas
3742 4748 3836 4802 de-

2271 4850 2536 4920 przedatos
2568 4849 2758 4912 fuisse;
2794 4860 2896 4914 qua
2913 4845 3206 4898 occasione
3253 4852 3436 4896 contra
3467 4842 3667 4896 Gothos
3706 4837 3834 4893 mari

2273 4957 2558 5014 pugnasse,
2599 4941 2683 4996 vel
2703 4957 2767 4995 ex
2813 4939 2898 4994 bis
2927 4938 3055 4993 solis
3093 4936 3364 4992 Dracontii
3406 4936 3652 4991 versibus
3693 4931 3834 5001 argui

2273 5042 2467 5105 potest.
3123 5081 3126 5084 .

2346 5124 2468 5179 102.
2496 5121 2572 5177 De
2591 5122 2791 5175 viribus
2806 5119 3089 5174 maritimis
3113 5118 3468 5172 Vandalorum
3499 5118 3622 5170 dum
3650 5117 3693 5169 in
3718 5113 3833 5165 Bm.

2273 5214 2375 5268 tica
2402 5214 2753 5267 constiterunt
2780 5209 3010 5279 loquitur
3028 5208 3370 5278 Wolfgangus
3395 5208 3582 5262 Latius
3605 5207 3666 5261 de
3685 5203 3831 5256 Grut.

2275 5305 2427 5375 Migr.
2451 5303 2545 5359 lih.
2574 5317 2650 5366 χι,
2682 5302 2771 5372 qui
2801 5301 2979 5370 plures
3027 5314 3214 5355 versus
3263 5315 3328 5353 ex
3382 5299 3583 5353 Sidonii
3624 5307 3835 5365 panegy-

2276 5399 2388 5450 rico
2416 5396 2480 5449 ad
2514 5393 2852 5448 Anthemium
2904 5391 3220 5460 Augustum,
3269 5400 3320 5444 et
3346 5390 3453 5444 alio
3501 5389 3566 5443 ad
3606 5397 3831 5440 socerum

2277 5487 2516 5555 ejusdem
2541 5484 2741 5540 Sidonii
2768 5485 2818 5537 in
2857 5499 3006 5537 suam
3036 5483 3352 5536 sententiam
3397 5481 3507 5551 78
3543 5478 3737 5544 allegat.
3767 5474 3834 5526 At

2278 5576 2526 5632 Sidonius
2551 5578 2695 5628 clare
2716 5574 2986 5630 Genserici
3015 5572 3066 5626 in
3095 5571 3269 5626 Africa
3312 5571 3597 5641 potentiam
3647 5562 3832 5620 mariti-

2278 5675 2416 5721 mam
2443 5664 2721 5719 describit:
