4030 6170
255 357 361 412 655

933 469 1055 518 llinc
1074 469 1312 518 Vandalus
1340 467 1490 517 hostis

380 531 555 589 Urget,
589 538 640 582 et
664 531 711 579 in
736 538 950 581 nostrum
975 544 1227 579 numerosa
1251 531 1405 578 classe
1426 531 1678 590 quotannis

379 593 549 640 Militat
582 593 844 650 excidium,
869 604 1201 652 conversoque
1224 593 1394 652 ordine
1419 590 1500 638 fati

377 653 576 702 'l'orrida
602 653 872 704 Caucaseos
890 655 1035 702 infert
1058 651 1174 700 mihi
1198 652 1345 714 Byrsa
1375 651 1580 699 furores.

262 734 356 790 Ubi
386 733 602 804 Byrsam
643 748 737 802 pro
763 733 1078 803 Carthagine
1110 733 1273 802 ponit.
1305 731 1491 786 Verius
1528 729 1714 784 adduci
1741 746 1831 797 po-

259 828 378 882 terit
412 825 639 896 Prosper
662 827 714 881 in
759 826 1042 890 Chronico,
1099 828 1186 896 qui
1241 826 1430 880 merito
1470 828 1711 896 queritur
1765 825 1830 879 ad

256 935 380 974 ann.
412 919 516 972 427
551 935 564 972 :
595 919 792 972 Exinde
811 918 1040 988 gentibus
1056 935 1168 984 qua:
1191 919 1266 971 uti
1295 919 1503 971 naribus
1526 919 1828 982 nesciebant,

257 1015 374 1077 dum
400 1028 432 1064 a
458 1009 862 1064 concertantibus
890 1009 943 1061 in
968 1008 1219 1061 auxilium
1245 1019 1504 1073 rocantur,
1553 1023 1690 1062 mare
1720 1023 1833 1076 per-

257 1105 389 1156 uium
411 1104 601 1173 factum
621 1113 715 1163 est,
743 1098 959 1168 bellique
987 1109 1163 1152 contra
1209 1097 1534 1166 Bonifacium
1586 1092 1734 1166 coepti
1779 1099 1831 1151 in

259 1193 592 1263 Sigiwaltum
620 1191 850 1244 comitem
871 1206 992 1242 cura
1022 1188 1268 1242 translata
1291 1200 1379 1243 est.
1409 1187 1540 1242 Gens
1573 1187 1833 1242 Vandale-

256 1299 368 1335 rum
391 1282 453 1336 ab
495 1281 753 1350 Hispania
807 1282 874 1333 ad
919 1280 1143 1349 Africam
1192 1279 1393 1332 transit.
1450 1277 1602 1345 Quod
1652 1289 1830 1331 antrm

261 1372 479 1426 Vandali
502 1371 601 1426 sub
618 1370 912 1426 Guutliarlo
942 1370 1262 1438 triumphum
1289 1369 1356 1424 de
1379 1369 1574 1422 Mauris
1595 1369 1799 1438 egerint
1815 1409 1829 1432 ,

258 1465 527 1521 nonnullis
575 1463 801 1522 fortasse
847 1465 1069 1538 probatu
1112 1463 1327 1517 difﬁcile
1374 1462 1653 1516 videbitur.
1707 1461 1833 1515 Hazc

255 1557 400 1613 enim
421 1565 500 1611 est
523 1555 821 1610 communis
849 1555 1164 1623 scriptorum
1205 1555 1404 1623 opinio,
1443 1553 1703 1607 Vandalos
1724 1568 1828 1605 non

257 1649 534 1705 transiiSse
581 1649 631 1702 in
691 1649 920 1702 Afriram
970 1648 1070 1702 nisi
1102 1657 1219 1716 post
1267 1647 1468 1701 obitum
1519 1646 1827 1712 Guntluar'i;

256 1741 395 1812 quod
425 1755 607 1795 verum
627 1739 836 1808 quidem
866 1748 947 1793 est
975 1737 1019 1791 si
1050 1738 1099 1792 id
1139 1739 1208 1793 de
1234 1739 1467 1792 omnium
1492 1739 1649 1794 simul
1697 1738 1828 1792 Van~

1637 353 2138 410 WOLEGOMENA
2151 395 2164 410 .

1853 473 1906 529 Α
1930 486 2082 537 quam
2109 487 2225 525 cum
2252 471 2310 528 S.
2340 475 2578 544 martyris
2602 474 2825 533 Eulalia:
2853 480 3044 548 injuria
3073 491 3340 549 spreverat,
3374 486 3507 536 ntul-

3404 367 3507 422 654

1931 560 1996 613 tis
2023 577 2112 630 per
2132 560 2446 617 Gaisericum
2475 567 2616 620 σαδεὶε
2641 584 2702 622 ea:
2729 569 2808 622 his
2855 587 2980 638 quos
3018 571 3230 625 habebat
3279 585 3505 642 arrepta,

1932 659 1986 702 ut
2017 657 2209 718 putavit
2230 694 2243 713 ,
2277 652 2414 707 Eﬁro
2436 659 2654 712 velocius
2683 659 2928 728 [fortasse
2989 674 3191 733 arrepto
3253 679 3401 733 equo,
3450 678 3507 720 ut

1933 740 2144 806 putarit,
2169 739 2310 796 Euro
2334 744 2588 818 velociori]
2623 750 2756 817 fuga:
2776 751 3018 817 subsidio,
3049 753 3103 804 in
3147 755 3357 821 [lumine
3393 756 3508 815 Ana

1933 831 2100 884 diuino
2128 833 2336 887 brachio
2357 839 2700 906 praecipitatus
2727 842 2932 895 interiit.
2981 844 3098 907 Quo
3141 845 3214 897 ita
3235 847 3504 912 exstincto,

1933 935 2052 973 mox
2100 939 2201 991 quo
2248 936 2460 994 mperat
2521 927 2807 983 Caisericus
2849 933 3145 1002 enauigauit.
3187 934 3302 988 Non
3377 952 3506 1007 ergo

1936 1009 2069 1076 pulsi
2099 1026 2127 1064 a
2153 1011 2361 1076 Gothis,
2387 1017 2525 1080 quod
2556 1019 2924 1075 Cassiodorius
2939 1023 3163 1078 ﬁdenter
3181 1026 3385 1090 scribit,
3410 1027 3506 1082 sed

1932 1112 2139 1169 sponte,
2164 1113 2237 1169 et,
2273 1108 2345 1158 uti
2377 1106 2626 1172 diximus,
2660 1123 2690 1162 a
2722 1109 2990 1166 Bonifacio
3012 1113 3212 1170 invitati
3264 1115 3321 1170 in
3357 1116 3506 1172 Alri-

1935 1203 2052 1243 catn
2078 1191 2296 1247 Vandali
2346 1195 2686 1263 traiecerunt.
2740 1198 2922 1269 Neque
2951 1201 3019 1256 de
3051 1217 3190 1258 anno
3220 1203 3325 1260 49.9
3353 1205 3506 1259 dubi-

1936 1291 2047 1335 tare
2074 1297 2169 1337 nos
2193 1285 2318 1338 sint
2342 1285 2562 1351 ldacius,
2593 1288 2680 1356 qui
2709 1305 2942 1345 mensem
2992 1293 3151 1348 etiam
3193 1294 3385 1348 Maium
3417 1295 3506 1352 de—

1933 1388 1959 1425 s
1980 1383 2124 1441 gnat,
2153 1384 2206 1429 et
2235 1377 2515 1444 peculiaria
2545 1381 2788 1448 adjuncta
2843 1395 3024 1442 narrat
3079 1384 3147 1440 de
3183 1401 3401 1442 recursu
3429 1386 3506 1442 las

1933 1472 2020 1517 cto
2040 1474 2222 1519 contra
2249 1465 2478 1522 Suevos.

2006 1555 2126 1609 lOi.
2175 1558 2355 1627 Itaque
2391 1561 2436 1614 si
2491 1560 2832 1617 Dracontium
2878 1567 3103 1622 velimus
3140 1585 3409 1638 exponere
3439 1573 3504 1628 de

1935 1646 2216 1714 triumphis
2244 1663 2376 1717 quos
2407 1650 2626 1705 Vandali
2651 1667 2680 1708 e
2711 1653 2903 1713 Mauris
2925 1658 3199 1715 retulerint
3223 1675 3503 1730 postquam

1934 1752 1964 1792 a
1995 1737 2262 1793 lluiiiiacio
2293 1739 2343 1792 in
2374 1740 2685 1796 societatem
2727 1747 2897 1799 vocati
2941 1746 3170 1814 inerant,
3217 1754 3502 1808 tenendum

255 1833 498 1889 daturum
528 1832 772 1899 transitu,
806 1831 986 1886 relicta
1017 1830 1223 1899 penitus
1253 1831 1526 1899 Hispania,
1571 1831 1831 1900 intelliga-
1860 1832 1907 1892 Β
1935 1840 2014 1882 est
2045 1829 2387 1886 Dracontium
2433 1834 2654 1904 elegiam
2698 1841 3067 1907 composuisse
3109 1860 3228 1897 (υηι
3269 1848 3500 1903 nondum

259 1935 364 1988 tur,
398 1939 502 1975 non
528 1923 597 1975 ita
628 1938 757 1976 vero
786 1931 842 1975 ut
865 1922 1034 1976 nullas
1087 1922 1248 1976 fuisse
1274 1931 1427 1975 antea
1470 1921 1828 1976 Vandaloruin

256 2036 319 2075 ex
345 2020 593 2085 Hispania
621 2017 672 2071 in
704 2017 931 2072 Africam
965 2017 1301 2072 incursiones
1347 2019 1643 2072 credamus.
1690 2017 1832 2072 Duo-

252 2114 355 2170 bus
377 2121 556 2165 autem
589 2111 758 2165 modis
782 2109 1032 2178 explicari
1055 2119 1226 2178 p0test
1256 2109 1467 2164 Mauros
1507 2124 1536 2162 a
1585 2109 1832 2164 Vandalis

254 2205 424 2266 victos
444 2213 724 2272 antequam
749 2210 856 2256 tota
892 2200 1248 2255 Vandalorum
1277 2202 1419 2254 natio
1473 2199 1703 2255 Alricam
1753 2201 1832 2254 in-

254 2296 496 2357 vaderet,
527 2293 731 2348 scilicet
758 2291 988 2348 velante
1015 2292 1194 2346 initam
1243 2291 1547 2347 societatem
1581 2308 1700 2346 tum
1733 2291 1830 2346 Bo-

248 2387 451 2447 .nifacio
480 2385 693 2451 comite,
719 2385 799 2440 vel
832 2394 946 2454 post
970 2385 1174 2438 initam.

327 2477 446 2534 105.
476 2476 772 2531 Banil‘acius
802 2476 906 2545 hic,
931 2477 1163 2530 amicitia
1185 2476 1241 2530 S.
1272 2476 1551 2546 Augustini
1577 2476 1708 2530 satis
1736 2491 1833 2530 no-

252 2581 372 2631 tus.
404 2570 544 2625 Aetii
589 2570 774 2623 fraude
815 2578 870 2623 et
910 2568 1209 2638 proditioae
1257 2570 1308 2622 in
1344 2569 1688 2623 olTensioneni
1735 2569 1832 2622 itit-

255 2662 516 2729 peratoris
573 2661 878 2725 incurrens,
908 2669 963 2715 et
1009 2660 1177 2715 hostis
1207 2660 1445 2728 publicus
1489 2658 1680 2723 dictus,
1708 2675 1829 2713 cum

249 2757 522 2824 imparem
539 2769 597 2808 se
639 2752 972 2822 imperatoris
1013 2754 1260 2821 potentia:
1286 2751 1530 2814 sentiret,
1563 2750 1830 2808 \‘audalos

249 2845 426 2899 socios
453 2845 553 2898 sibi
602 2843 842 2912 adiunxit
866 2880 882 2908 ,
926 2850 982 2896 ut
1019 2841 1137 2896 fuse
1166 2851 1343 2895 narrat
1375 2841 1663 2909 Procopius
1693 2841 1784 2896 lib.
1813 2857 1828 2895 t

247 2938 454 2994 llistor.
488 2935 709 2990 Vandal.
744 2934 916 2990 Missis
944 2935 1118 3006 igitur,
1143 2934 1236 3000 ait,
1265 2935 1318 2987 in
1341 2933 1651 3001 Hispaniam
1672 2933 1831 2988 Boui-

246 3030 412 3094 {aa'us
443 3029 505 3081 de
523 3029 800 3082 amicorum
821 3043 1032 3081 numero
1077 3026 1373 3096 potissimis,
1424 3042 1537 3078 cum
1587 3026 1829 3080 ambobus

248 3116 534 3187 Godigiscli
566 3117 686 3182 ﬁliis
707 3131 906 3186 tequum
932 3115 1040 3168 iniit
1071 3116 1254 3184 (tedas,
1285 3123 1340 3168 ut
1384 3115 1564 3182 cuique
1601 3115 1826 3183 ipsorum

1938 1917 2263 1976 Guntharius
2311 1938 2342 1977 e
2387 1922 2523 1980 vivis
2564 1929 2899 1995 excessisset,
2948 1946 3118 2000 neque
3144 1933 3500 1994 Vandalorum

1935 2012 2079 2066 natio
2125 2013 2432 2082 Hispaniain
2469 2017 2825 2088 reliquisset,
2874 2025 3114 2091 quamvis
3149 2025 3256 2094 jam
3303 2027 3500 2088 bellum

1933 2110 2119 2156 contra
2144 2102 2371 2168 Mauros,
2406 2113 2460 2159 et
2489 2121 2583 2174 pro
2627 2107 2901 2164 Bunifacio
2947 2113 3134 2168 luisset
3171 2129 3498 2185 susceptum.

1934 2190 2142 2246 Etenim
2171 2193 2488 2251 defectionis
2514 2198 2767 2254 Bonifacii
2804 2200 3008 2256 initium
3057 2201 3262 2262 ldacius
3306 2209 3372 2262 ad
3402 2226 3499 2265 an,

1935 2301 2058 2339 num
2081 2286 2188 2342 425
2216 2297 2452 2355 revocat,
2484 2290 2572 2344 ubi
2595 2292 2669 2346 ait
2695 2310 2706 2345 :
2748 2290 3049 2363 Bonifacius
3085 2298 3332 2364 palatium
3360 2301 3500 2357 desa-

1931 2392 2046 2430 rens
2063 2378 2290 2442 Africam
2317 2379 2428 2448 80
2454 2381 2665 2446 invadit,
2699 2384 2940 2452 quamvis
2972 2385 3195 2442 deiectio
3233 2390 3389 2445 annis
3417 2407 3501 2446 se-
3542 2400 3555 2413 ⁶

1931 2467 2220 2535 quentibus
2249 2469 2442 2524 clarius
2469 2473 2728 2540 eruperit,
2759 2485 2813 2528 et
2840 2476 3068 2531 societas
3113 2478 3248 2535 inter
3293 2481 3500 2536 Bonifa-

1931 2556 2071 2611 cium
2104 2566 2159 2612 et
2197 2558 2462 2614 Vandalus
2507 2562 2742 2616 stabilita
2792 2563 3016 2620 fortasse
3060 2567 3126 2621 ad
3173 2584 3367 2625 annum
3396 2572 3500 2630 426

1933 2647 2145 2703 circiter
2182 2648 2461 2705 referenda
2496 2653 2584 2706 sit.
2627 2653 2818 2707 Verum
2863 2656 2993 2710 nihil
3034 2667 3115 2712 cst
3157 2675 3374 2717 necesse
3405 2679 3500 2732 pit-.-

1931 2753 2087 2808 gnam
2122 2740 2261 2793 inter
2294 2738 2561 2796 Vandalus
2603 2753 2656 2798 et
2692 2744 2901 2800 Mauros
2941 2745 3156 2804 differre
3193 2749 3259 2803 ad
3291 2763 3498 2823 tempus

1932 2841 2130 2899 apertae
2159 2833 2472 2888 defectionis
2500 2834 2777 2904 Bouifacii,
2825 2847 2880 2892 et
2920 2838 3066 2894 initae
3107 2843 3246 2897 inter
3283 2844 3422 2900 hunc
3444 2857 3499 2902 et

1935 2921 2196 2975 Vandalus
2218 2923 2507 2979 societatis.
2540 2924 2762 2993 ldacius,
2786 2942 2892 2995 quo
2917 2931 2967 2983 in
3003 2931 3086 2985 his
3107 2931 3266 2986 rebus
3286 2942 3342 2988 et
3364 2945 3498 2990 tem-

1932 3013 2152 3082 poribus
2182 3014 2498 3084 locupletior
2537 3016 2672 3071 alius
2713 3019 2865 3073 testis
2893 3019 3045 3074 nobis
3076 3038 3180 3076 non
3211 3035 3315 3088 est,
3357 3040 3498 3080 anno

1930 3103 2034 3158 4:25
2065 3116 2239 3158 narrat
2269 3123 2280 3157 :
2327 3105 2546 3159 Vandali
2573 3105 2862 3162 Balearicus
2883 3110 3077 3166 insulas
3105 3114 3496 3185 deprtedautur;

243 3210 396 3264 tertia
421 3225 539 3273 ναι-ε
558 3209 598 3260 Α
605 3208 747 3277 [τίσω
759 3207 982 3273 cederet;
1009 3206 1147 3277 quod
1157 3206 1201 3260 si
1220 3207 1329 3274 quis
1342 3206 1470 3261 bello
1491 3208 1825 3276 impeterefur,

1931 3187 2112 3248 deinde
2139 3195 2447 3267 Carthagine
2480 3196 2749 3266 Spartaria
2790 3211 2837 3251 et
2865 3199 3074 3271 Hispali
3097 3218 3287 3270 euersa,
3326 3216 3372 3262 et
3399 3207 3498 3263 Hi-

241 3316 510 3356 cosnmune
539 3299 973 3370 periculumesset.
1023 3297 1150 3352 ch
1175 3295 1324 3351 Pacti
1354 3296 1594 3361 Vandali,
1644 3299 1828 3365 fretum

243 3394 310 3443 ad
339 3389 513 3446 Gades
543 3390 807 3447 transvecti
837 3391 885 3441 in
909 3389 1137 3456 Africam
1167 3403 1360 3441 venere.
1395 3387 1493 3442 Alii
1525 3388 1694 3455 ipsum
1721 3387 1824 3441 Bo-

245 3463 500 3538 nifacium
532 3479 838 3548 llispauiam
868 3479 1062 3534 adiisse
1089 3487 1330 3543 narrant,
1362 3485 1417 3531 ut
1438 3493 1556 3531 cum
1580 3476 1822 3532 Guutlia-

240 3574 324 3626 rio
347 3583 403 3626 et
431 3570 719 3626 Genserico
748 3570 1036 3623 amicitiam
1071 3569 1432 3622 contraheret.
1481 3568 1695 3622 Vivebat
1731 3569 1824 3631 igi-

240 3671 330 3715 tur
353 3659 680 3717 Gunttiarius
699 3674 817 3714 cum
847 3657 1148 3712 Bonifacius
1177 3657 1441 3711 Vandalus
1489 3658 1540 3711 in
1573 3657 1822 3711 auxilium

242 3753 344 3807 sibi
371 3750 671 3816 advocavit,
697 3765 865 3818 neque
913 3749 1086 3804 simile
1107 3765 1232 3802 vero
1276 3757 1358 3802 est
1386 3747 1648 3802 Vandalos
1675 3749 1825 3801 ami-

217 3845 372 3896 Jzum
400 3841 691 3898 distulisse.
713 3842 885 3910 Atque
905 3839 1019 3895 haec
1041 3849 1122 3894 est
1147 3841 1281 3893 ratio
1295 3853 1390 3892 cur
1418 3839 1505 3892 alii
1535 3837 1602 3894 ab
1628 3838 1744 3891 aliis
1771 3839 1821 3892 iu

239 3951 385 3990 anno
415 3936 524 4005 79
554 3933 808 3990 transitus
830 3933 1184 3987 Vandalorum
1223 3931 1275 3986 in
1322 3930 1554 3986 Africam
1612 3930 1821 3985 dissen-

239 4029 396 4090 tiant,
430 4025 549 4096 quia
577 4024 817 4079 nonnulli
861 4023 1220 4078 incursionem
1272 4023 1501 4092 aliquam
1553 4037 1741 4079 eorum
1791 4011 1825 4078 ὃ

237 4119 464 4172 transitu
503 4115 667 4171 totius
698 4115 928 4170 nationis
953 4131 1058 4168 non
1106 4113 1488 4169 distinxerunt.
1541 4112 1824 4168 Ruinartio

227 4222 363 4277 cap.
396 4208 429 4261 3
453 4206 586 4261 Hist.
615 4205 885 4260 Persecut.
914 4203 1138 4258 Vandal.
1169 4203 1366 4258 certior
1395 4202 1602 4257 videtur
1631 4217 1823 4257 consu-

235 4299 358 4351 lum
388 4309 507 4351 nota
535 4297 588 4351 in
627 4296 871 4365 Prosperi
901 4294 1188 4362 Chronico,
1219 4295 1358 4364 quod
1390 4294 1708 4350 Gensericus
1754 4308 1821 4348 ex

233 4389 492 4458 Hispania
520 4389 572 4442 in
610 4387 842 4442 Africam
891 4387 1159 4442 transierit
1214 4386 1396 4441 llierio
1445 4395 1498 4440 et
1543 4385 1822 4440 Ardabure

231 4479 569 4544 consulibus,
615 4478 814 4533 scilicet
843 4491 983 4531 anno
1011 4478 1137 4533 427.
1168 4476 1536 4534 Cassiodorius
1559 4477 1716 4532 etiam
1766 4477 1817 4528 in

230 4569 504 4625 Chronico
533 4568 717 4624 scribit
742 4568 1004 4622 Vandalos
1024 4583 1054 4622 a
1085 4566 1271 4625 Gothis
1295 4583 1361 4622 ex
1412 4567 1662 4636 Hispania
1705 4566 1818 4635 pul-
1851 4555 1898 4612 Ι)

231 4672 319 4713 sos
343 4659 397 4712 in
432 4657 664 4712 Africam
687 4657 1052 4712 transmisisse
1079 4657 1256 4712 Hierio
1288 4667 1344 4712 et
1379 4657 1652 4713 Ardabure
1691 4673 1819 4712 con—

232 4748 466 4802 sulibus.
497 4747 565 4802 At
581 4763 710 4803 vero
739 4763 856 4802 cum
889 4747 1091 4802 ldacius
1117 4747 1217 4802 hoc
1239 4749 1354 4816 ipso
1384 4759 1623 4817 tempore
1649 4751 1699 4803 in
1731 4751 1822 4807 lli-

228 4839 423 4905 spania
446 4838 659 4905 vixerit,
689 4848 742 4892 et
770 4837 932 4892 totius
979 4838 1150 4910 gentis
1200 4838 1559 4894 Vandalorum
1621 4841 1816 4911 migra-

233 4928 443 4981 tionem
474 4929 526 4982 in
555 4928 788 4983 Africam
812 4928 1111 4983 distinctius
1158 4928 1375 4993 referat,
1421 4939 1473 4984 et
1501 4930 1566 4984 ad
1620 4946 1816 4987 annum

227 5017 336 5072 £29
363 5017 602 5082 differat,
634 5019 792 5087 hujus
818 5019 994 5086 potius
1035 5018 1295 5074 sententia
1340 5019 1566 5074 tenenda
1611 5030 1713 5074 est.
1740 5021 1814 5076 lta

224 5111 376 5169 enim
399 5112 476 5166 ait
503 5110 808 5182 olympiade
836 5109 940 5165 ’.502
967 5125 1106 5165 anno
1133 5111 1184 5176 l,
1208 5109 1410 5165 scilicet
1447 5109 1574 5177 49.9,
1619 5123 1674 5165 ut
1720 5113 1818 5166 Pa-

222 5205 348 5267 gius
368 5211 623 5273 supputat
653 5219 668 5257 :
694 5201 981 5256 Gaisericus
1031 5217 1121 5256 rex
1170 5201 1235 5255 de
1284 5200 1488 5254 Baliare
1539 5202 1816 5270 prouincia:

221 5294 409 5347 littore
431 5309 544 5347 cum
581 5292 826 5347 Vandalis
850 5291 1080 5346 omnibus
1102 5307 1371 5360 eorumque
1397 5291 1606 5362 familiis
1647 5309 1815 5346 mense

224 5383 377 5440 Maio
407 5386 474 5438 ad
503 5385 870 5439 Mauritaniam
895 5393 944 5438 et
960 5383 1185 5453 Africam
1205 5382 1392 5437 relictis
1409 5383 1592 5437 transit
1618 5382 1815 5452 Hispa-

223 5476 352 5529 niis.
391 5473 510 5543 Qui,
539 5475 834 5545 priusquam
878 5473 1226 5541 pertransiret,
1267 5472 1556 5526 admonitus
1602 5470 1808 5524 Hermi-

218 5565 434 5634 garium
461 5563 681 5618 Saevum
706 5563 895 5616 uicinas
918 5563 971 5615 in
1015 5562 1227 5616 transitu
1278 5577 1367 5615 suo
1412 5562 1696 5631 provincias
1721 5563 1809 5614 de-

219 5653 477 5723 pretiari,
505 5670 711 5708 recursu
738 5669 853 5706 cum
881 5652 1148 5721 aliquantis
1171 5651 1272 5706 suis
1308 5651 1462 5720 facta,
1499 5651 1808 5721 prazdantem

220 5745 277 5802 in
320 5743 594 5805 Lusitania
609 5743 950 5816 consequitur.
982 5734 1080 5802 Qui
1101 5741 1239 5798 haud
1260 5741 1437 5810 procul
1463 5740 1527 5796 de
1560 5739 1808 5808 Emerita,

1929 3285 2124 3351 spaniis
2147 3284 2471 3354 depra'datis,
2507 3286 2872 3342 Mauritaniam
2890 3290 3153 3346 invadunt.
3180 3293 3301 3349 llaec
3320 3298 3496 3350 omnia

1928 3375 2117 3431 eodem
2151 3392 2294 3432 anno
2319 3376 2444 3442 ηε,
2478 3378 2561 3432 cui
2601 3379 2667 3434 ab
2715 3379 2889 3436 ldacio
2916 3384 3277 3451 ascribuntur,
3318 3390 3496 3444 conti-

1926 3468 2066 3534 gisse
2095 3481 2188 3522 cur
2219 3469 2516 3536 negemus?
2546 3468 2714 3535 Quam
2745 3480 2868 3540 apte
2895 3475 3145 3530 convenit
3171 3475 3350 3532 ldacio
3375 3494 3495 3539 cum

1928 3557 2212 3612 Dracontio
2233 3559 2257 3612 ?

2049 3649 2256 3718 C0t_1tttl_i_t
2285 3650 2469 3699 absenti
2495 3656 2641 3718 terraD
2665 3652 2925 3718 pelagique
2952 3658 3234 3718 triumphos,

2111 3711 2273 3759 Ansila
2298 3718 2522 3771 testatur,
2549 3711 2743 3762 Maurus
2767 3711 2948 3776 ubique
2965 3711 3111 3778 jact-t'.

1930 3815 2196 3870 Vandalus
2222 3815 2333 3883 jam
2360 3824 2469 3870 tum
2497 3831 2618 3871 cum
2651 3818 2931 3888 lli-panias
2975 3820 3200 3890 ingrcssi
3245 3824 3490 3888 fuissent,

1927 3908 2119 3963 Africae
2150 3908 2408 3976 inhiasse,
2437 3908 2824 3977 piraticamque
2853 3911 2904 3965 in
2936 3913 3067 3966 mari
3094 3911 3358 3968 Atlantico
3385 3915 3493 3970 Me.-

1925 3999 2331 4068 diterraneoque
2355 4000 2684 4064 exercuisse,
2733 4015 2801 4054 ex
2841 3999 3062 4056 Sidonio
3098 4003 3322 4070 probare
3363 4017 3493 4058 oon.-

1927 4091 2098 4146 teudit
2137 4090 2488 4162 Wolfgangus
2539 4091 2732 4147 Lazius
2779 4093 2874 4161 lib.
2905 4109 2959 4147 xi
2992 4093 3060 4149 de
3100 4093 3256 4149 Gent.
3287 4095 3491 4164 Migrat,

1923 4181 2030 4239 Sed
2061 4183 2314 4238 Sidonius
2355 4193 2541 4252 aperte
2582 4184 2815 4254 loquitur
2841 4186 2910 4240 de
2944 4193 3182 4255 tempore
3210 4201 3318 4257 quo
3349 4187 3494 4243 Gen-

1925 4278 2128 4332 sericus
2157 4278 2208 4332 iu
2237 4277 2412 4332 Attica
2459 4293 2680 4345 regnum
2711 4277 3058 4333 Vaudalicnm
3102 4279 3397 4348 obtinebat,
3439 4289 3495 4342 ut

1925 4367 2086 4436 paulo
2110 4376 2233 4422 ante
2255 4382 2403 4422 num.
2439 4366 2542 4422 £02
2577 4367 2877 4422 observavi.
2917 4367 3081 4424 Nobis
3113 4369 3387 4439 perspicue
3415 4369 3486 4426 fac

1924 4470 2014 4514 vet
2042 4460 2279 4529 satisque
2307 4467 2391 4514 est
2415 4459 2640 4514 ldacius.
2707 4497 2720 4507 .

2546 4571 2770 4628 CAPUT
2810 4571 2900 4626 XI.

1928 4663 2210 4718 Nonnulla:
2247 4663 2464 4715 rationes
2499 4663 2680 4731 quibus
2725 4659 3027 4714 Dracontius
3059 4661 3110 4712 in
3149 4663 3324 4730 Africa
3363 4663 3494 4717 srri-

2068 4735 2226 4802 psisse
2255 4733 2490 4798 dicatur,
2535 4741 2888 4801 praponuntur
2908 4741 2953 4784 et
2975 4734 3343 4800 expenduntur.

1999 4843 2123 4898 105.
2155 4843 2472 4898 Dracontius
2501 4843 2553 4897 in
2595 4857 2689 4897 sua
2723 4841 2894 4912 elegia
2934 4843 3198 4913 quoddam
3241 4845 3381 4898 aliud
3419 4845 3494 4899 fa-

1926 4943 2068 4987 ctum
2101 4933 2298 4987 indicat
2321 4948 2386 4988 ex
2410 4948 2516 5002 quo
2543 4943 2913 5002 argumentum
2942 4935 3046 5002 peti
3081 4935 3248 5002 possit
3282 4935 3346 4987 ad
3373 4935 3491 5002 ejus

1926 5031 2135 5078 aetatem
2167 5023 2558 5078 inveniendam.
2608 5023 2696 5078 Sic
2739 5022 2881 5079 enim
2928 5040 3102 5094 regem
3134 5025 3488 5083 Vandalorum

1921 5113 2209 5183 alloquitur
2238 5129 2380 5169 vers.
2408 5113 2550 5169 299:

2048 5203 2257 5264 inclytus
2279 5205 2590 5265 armipotens,
2619 5214 2797 5254 vestrm
2821 5206 3018 5266 pietatis
3040 5206 3192 5266 origo,

2104 5266 2162 5315 Et
2183 5267 2370 5324 doctus,
2393 5269 2541 5327 genio
2564 5271 2758 5324 pronior
2781 5266 2840 5314 ad
2865 5269 3072 5320 veniam,

2042 5327 2144 5388 Non
2170 5327 2349 5375 homini
2374 5327 2589 5388 ignosco,
2615 5327 2757 5388 dixit,
2780 5327 2867 5374 sed
2895 5328 3052 5388 lingua
3080 5330 3309 5376 uteretur.

2099 5386 2191 5436 Hic
2212 5400 2329 5437 reus
2352 5386 2411 5438 et
2434 5388 2605 5438 doctus
2625 5386 2932 5437 Vincomalus
2954 5387 3126 5436 fuerat.

1923 5469 2174 5535 Quisnam
2226 5469 2382 5524 fuerit
2424 5470 2510 5525 hic
2555 5484 2680 5524 reus
2725 5477 2779 5521 et
2820 5468 3007 5522 doctus
3041 5468 3404 5534 \’ineomalu<,
3437 5472 3486 5526 si

1917 5559 2057 5613 seire
2098 5573 2398 5628 possemus,
2445 5557 2601 5614 etiam
2643 5571 2820 5625 regem
2870 5556 2935 5608 ad
2976 5571 3132 5624 quem
3174 5556 3487 5614 Dracontius

1916 5649 2122 5713 scribit,
2155 5649 2311 5703 facile
2339 5659 2478 5702 esset
2503 5647 2803 5713 des'gnare.
2832 5646 2936 5700 Sed
2967 5646 3192 5713 primum
3223 5645 3274 5699 in
3301 5647 3486 5704 codice

1920 5755 2019 5796 ms.
2056 5741 2224 5806 ipsum
2261 5753 2451 5798 nomen
2488 5736 2814 5790 ViacomaIMs
2846 5737 2951 5814 ει
2970 5745 3222 5812 corrupte
3250 5738 3318 5799 ita
3349 5741 3484 5803 satis
