4030 6170
499 303 628 360 ⁵655

1845 327 1850 333 -
1925 293 2260 351 DRACUNTI
2272 296 2374 354 US.

3668 299 3767 355 6‘56

503 422 668 480 -ptum
695 418 774 464 est
802 409 942 462 vinco
970 407 1149 462 "talos.
1197 406 1386 461 Posset
1414 404 1572 474 igitur
1599 403 1790 473 aliquis
1820 404 2084 473 suspicari
2113 415 2162 470 Α
2189 410 2403 478 egregie
2429 409 2572 464 cadit
2597 410 2648 463 in
2677 408 3038 465 Vincemalum
3069 411 3382 480 episc0pum
3409 411 3766 480 Baparensem

522 502 798 572 legendum
820 501 1112 554 l’ictovalus
1133 509 1225 553 aut
1247 498 1547 563 Victovales,
1569 499 1730 577 quasi
1747 511 1924 550 set-mu
1944 507 2088 552 esset

507 595 585 648 -de
599 591 982 661 antiquioribus
1001 587 1331 658 temporibus
1343 587 1532 658 quibus
1551 585 1767 642 Vandali
1785 601 1904 642 cum
1915 587 2089 640 Victo-

521 687 653 740 valis
675 685 848 739 fwdus
866 684 1071 738 iocrunt
1087 682 1187 735 sub
1210 682 1279 736 Μ.
1298 682 1512 736 Aurelio
1533 680 1660 735 ctL.
1682 680 1838 734 Vero.
1859 680 1962 735 Alii
1987 679 2091 733 lor-

521 789 664 830 tasse
685 775 971 844 conjicicnt
996 773 1354 837 Winodamus,
1387 774 1475 840 qui
1497 772 1696 827 smculo
1720 788 1749 825 v
1774 772 2091 842 procedente

418 921 425 927 .
517 869 683 937 gratia
705 878 758 923 et
777 866 1009 922 amicitia
1031 866 1169 934 apud
1189 865 1545 920 Childericutn
1562 865 1887 918 Francorum
1911 880 2088 934 regem

520 960 803 1029 plurimum
827 957 1057 1022 valebat,
1085 957 1151 1012 de
1180 972 1285 1026 quo
1308 957 1555 1011 Petavius
1578 957 1628 1009 in
1655 957 1929 1011 Rationar.
1959 967 2091 1012 tem-

521 1067 636 1118 por.
671 1061 809 1119 part.
837 1051 885 1115 1,
907 1049 998 1103 lib.
1027 1064 1096 1113 \'l,
1127 1063 1244 1116 cap.
1269 1047 1355 1102 15.
1381 1048 1484 1102 Sed
1508 1063 1631 1102 vera
1657 1049 1811 1103 lectio
1831 1058 2090 1118 estquam

519 1142 778 1210 expressi,
811 1139 1164 1206 Vincomalas,
1187 1146 1297 1204 aut,
1317 1139 1361 1192 si
1390 1138 1493 1204 vis,
1518 1137 1706 1192 Graeco
1729 1154 1876 1192 inure
1908 1137 2094 1191 Vinco-

521 1236 678 1290 tuutor
695 1251 713 1289 :
731 1250 849 1289 cum
873 1235 1015 1290 enim
1043 1242 1254 1288 constet
1275 1233 1430 1302 hujus
1448 1231 1678 1287 nominis
1695 1233 1937 1286 homines
1950 1232 2092 1287 circa

523 1328 633 1382 iure
651 1335 888 1393 tempora
912 1323 1128 1389 vixisse,
1153 1337 1222 1379 ex
1244 1324 1391 1378 vinco
1409 1322 1570 1377 malos
1591 1331 1736 1378 recte
1751 1322 2092 1378 Vincomalus

518 1421 742 1472 eruitur.
766 1416 920 1472 Anno
951 1417 1092 1471 enim
1120 1415 1224 1471 455
1246 1416 1492 1470 consules
1515 1415 1727 1471 luerunt
1753 1415 2092 1470 Vincomalus

516 1518 574 1564 et
596 1508 803 1578 Opilio;
855 1517 909 1564 et
958 1507 1294 1561 Marcellinus
1340 1506 1393 1560 in
1425 1505 1694 1561 Chronico
1737 1507 1904 1560 refert
1929 1517 2092 1573 caput

519 1602 574 1657 S.
602 1601 822 1656 Joannis
845 1600 1095 1668 Baptista!
1145 1601 1418 1652 inventum
1453 1597 1750 1652 Vincomalo
1781 1608 1824 1651 et
1856 1597 2092 1668 Upilione

519 1695 824 1757 ronsulibus,
857 1709 1024 1746 mente
1047 1690 1350 1747 Februario.
1383 1690 1438 1744 ln
1471 1691 1667 1745 Notitia
1693 1691 2088 1760 provinciarum

2193 500 2244 552 in
2271 493 2582 552 Mauritania
2609 497 2964 564 Ca'sariensi,
3002 500 3092 568 qui
3125 515 3260 553 unus
3288 516 3354 554 ex
3381 501 3652 568 episcopis
3676 516 3768 554 ca-

2195 592 2404 644 tholicis
2433 593 2523 644 fuit
2556 593 2643 660 qui
2666 590 3042 660 Carthaginem
3094 607 3192 660 pro
3231 591 3511 647 reddenda
3565 593 3769 646 ratione

2195 681 2317 736 lidei
2357 698 2498 736 anno
2547 683 2580 736 8
2627 682 2767 752 regis
2823 682 3072 737 llunerici
3123 693 3400 738 venerunt.
3468 683 3770 738 llunericus

2194 782 2529 827 successerat
2576 772 2894 837 Genserico,
2952 774 3219 829 llunerico
3267 776 3526 829 successit
3570 775 3771 829 Guma-

2195 868 2421 922 hundus.
2489 866 2700 935 Optime
2748 853 2911 936 igitur
2953 867 3191 918 cohaeret
3237 864 3378 934 quod
3428 865 3771 920 Vincetnnlns

2193 976 2316 1014 reus
2358 957 2516 1012 tuerit
2556 957 2766 1011 habitus
2797 971 2824 1009 a
2856 954 3170 1022 Genserico,
3220 969 3271 1010 et
3303 958 3561 1011 doctrina:
3586 971 3769 1017 causa.

2199 1065 2301 1118 qua
2335 1049 2483 1102 illum
2516 1056 2572 1102 ut
2602 1049 2910 1116 episcopum
2946 1061 3132 1100 carere
3176 1063 3280 1099 non
3317 1047 3572 1114 oportuit,
3617 1047 3771 1100 venia

2195 1143 2452 1196 dimissus
2479 1156 2494 1194 :
2526 1139 2666 1208 quod
2699 1138 2785 1192 avi
2814 1140 3117 1205 exemplum
3148 1137 3504 1192 Cuntabundo
3537 1140 3772 1192 Dracon-

2201 1235 2303 1289 tius
2336 1234 2546 1289 veniam
2572 1247 2772 1301 rogans
2801 1233 2852 1286 in
2887 1234 3195 1286 memoriam
3228 1232 3576 1285 revocaverit.
3629 1229 3770 1283 Non-

2196 1325 2323 1379 nulli
2349 1324 2437 1393 qui
2481 1324 2815 1378 diversarum
2860 1324 3133 1376 nationum
3169 1334 3223 1376 et
3267 1331 3566 1390 tet-nporum
3607 1319 3770 1373 etiam

2197 1429 2301 1468 non
2331 1415 2483 1468 valde
2513 1413 2655 1468 inter
2680 1427 2739 1468 se
2762 1413 3077 1467 distantium
3127 1413 3296 1483 stylos
3341 1413 3675 1482 distinguere
3714 1427 3770 1466 se

2197 1521 2350 1576 posse
2398 1505 2722 1560 arbitrantur
2749 1545 2764 1569 ,
2813 1505 3013 1558 addent
3056 1505 3106 1557 in
3151 1503 3436 1557 Dracomio
3482 1502 3768 1573 quamdam

2196 1601 2585 1670 Africanitatem
2613 1613 2894 1668 apparere,
2924 1608 2977 1652 et
3007 1601 3226 1668 phrases
3249 1613 3311 1650 ac
3339 1595 3505 1650 verba
3532 1596 3762 1650 inveniri

2195 1707 2311 1761 qum
2344 1691 2509 1759 magis
2533 1691 2743 1758 propria
2767 1689 2947 1742 sa-culi
2971 1706 3002 1742 v
3043 1689 3288 1743 exeuntis
3328 1702 3483 1756 quam
3533 1686 3767 1741 ineuntis

519 1793 573 1838 et
598 1783 871 1839 civitatum
917 1781 1111 1837 Africae
1147 1792 1387 1852 tempore
1420 1781 1807 1850 persecutionis
1836 1781 2084 1834 Vandali-
2121 1777 2164 1834 Β
2191 1781 2619 1838 cssevideantur.
2645 1781 2718 1834 De
2740 1779 2837 1833 hac
2852 1777 3764 1848 stylidiversitatebreviterdicam,

519 1890 615 1937 (τω,
646 1874 784 1928 inter
804 1872 1088 1942 episcopos
1119 1871 1449 1926 Mauritania:
1477 1869 1825 1926 Cmsaricnsis
1853 1886 2000 1926 num.
2019 1870 2088 1924 93

522 1963 733 2030 ponitur
762 1961 1084 2015 Vincematus
1111 1960 1442 2032 Baparensis,
1476 1961 1562 2015 ubi
1595 1969 1743 2016 n0tat
1783 1961 2090 2015 liuinartius

524 2057 575 2111 in
619 2053 804 2109 codice
850 2053 1184 2107 Laudunensi
1228 2052 1328 2122 legi
1379 2050 1702 2105 Vinccmalos
1761 2051 2087 2120 Baparcnsis.

521 2145 758 2199 Concilio
787 2143 1045 2198 Toletano
1074 2157 1188 2206 xm,
1215 2157 1356 2197 anno
1383 2141 1506 2208 683,
1549 2142 1862 2210 subscripsit
1895 2140 2089 2195 Vnica.

521 2236 684 2290 malus
706 2235 980 2298 diaconus,
1008 2248 1171 2303 agens
1212 2234 1381 2288 vicem
1425 2232 1624 2287 A-tilani
1666 2233 1899 2302 episcopi
1939 2231 2092 2285 Pam-

472 2343 482 2354 '
522 2327 830 2396 pilonensis,
881 2327 934 2380 in
976 2339 1080 2394 quo
1125 2323 1339 2379 nomine
1383 2323 1488 2378 levi
1536 2323 1761 2378 duarum
1793 2322 2090 2377 litterarum

525 2415 834 2485 trajectione
871 2414 1200 2468 Vincomalus
1233 2413 1458 2468 fortasse
1497 2412 1599 2467 erit
1639 2411 1941 2482 legendum.
1989 2411 2093 2466 Sed

525 2509 629 2573 hic,
680 2507 792 2562 sive
839 2505 1199 2573 \‘nicomalus,
1245 2503 1358 2560 sive
1386 2503 1749 2574 Vincomalus,
1800 2502 1866 2557 ad
1907 2517 2096 2560 censeo

523 2597 733 2669 quentia
767 2605 1004 2666 tempora
1035 2596 1285 2665 pertinet.

590 2689 715 2744 106.
747 2687 1003 2754 Quamvis
1033 2697 1210 2741 autem
1236 2687 1326 2740 alii
1354 2685 1646 2740 Vincomali
1677 2694 1771 2739 aut
1803 2683 2094 2740 Vincemali

521 2781 648 2838 mihi
701 2794 841 2836 nunc
888 2794 995 2834 non
1038 2788 1345 2848 occurrant,
1394 2779 1573 2848 plures
1603 2789 1780 2834 tamen
1810 2784 2094 2846 potuerunt

523 2886 637 2927 esse
685 2871 757 2926 ita
803 2869 1073 2940 appellati,
1123 2879 1178 2924 et
1228 2868 1570 2938 probabiliter
1618 2868 1852 2923 fuerunt.
1905 2866 1983 2922 Ex
2014 2865 2094 2920 bis

523 2978 646 3018 \ero
701 2961 911 3016 duobus
960 2961 1002 3014 si
1055 2959 1119 3014 de
1170 2959 1480 3014 Vincomalo
1527 2960 1751 3012 consule
1802 2959 2096 3025 intelligere

525 3051 859 3106 ttracontium
908 3049 1153 3116 velimus,
1197 3049 1366 3118 potuit
1408 3064 1491 3102 res
1519 3047 1786 3102 accidisse
1811 3047 1910 3103 sub
1936 3047 2096 3101 Codi-

2190 1875 2557 1928 dillirillimnm
2581 1887 2699 1926 esse
2724 1873 2861 1924 inter
2885 1871 3020 1924 duas
3044 1871 3332 1938 scriptores
3354 1869 3444 1938 qui
3465 1868 3653 1923 eodem
3670 1882 3766 1921 sa:~

2189 1966 2310 2018 culo
2341 1982 2372 2018 v
2407 1963 2652 2028 vixerint,
2695 1978 2918 2032 quorum
2967 1962 3102 2016 alter
3142 1961 3440 2030 Hispanus,
3477 1961 3615 2016 alter
3645 1961 3764 2014 Afer

2190 2055 2367 2117 fuerit,
2384 2053 2670 2107 discrimen
2698 2054 2935 2108 invenire
2957 2051 3143 2121 inipsa
3161 2052 3275 2106 sola
3301 2051 3512 2104 dicendi
3537 2051 3764 2104 ratione.

2196 2145 2413 2200 Accedit
2432 2145 2776 2199 Dracontium
2799 2145 2852 2199 in
2881 2159 3152 2198 carcerem
3169 2142 3470 2212 conjectum
3495 2143 3767 2196 aerumnis-

2193 2253 2298 2309 que
2325 2252 2638 2308 oppressum
2671 2238 2786 2291 hace
2825 2236 3058 2292 carmina
3091 2237 3477 2304 composuisse,
3501 2245 3558 2288 ut
3579 2234 3764 2288 mirum

2196 2348 2299 2386 non
2327 2333 2398 2387 s't
2422 2331 2467 2385 si
2495 2330 2610 2400 ejus
2633 2344 2811 2385 sermo
2832 2327 3121 2398 aliquando
3145 2327 3272 2382 ﬂuat
3307 2326 3628 2388 lutulentus,
3660 2325 3760 2378 etsi

2197 2422 2368 2477 multa
2397 2419 2659 2491 ejusmodi
2685 2436 2802 2489 quae
2829 2418 3108 2488 diSplicere
3132 2417 3240 2488 83
3271 2416 3494 2486 possint,
3535 2415 3762 2469 librariis

2193 2525 2248 2568 et
2275 2511 2773 2580 iuterpolatoribus,
2818 2527 2846 2563 a
2885 2510 3076 2580 quibus
3106 2509 3246 2564 male
3275 2508 3487 2564 habitus
3520 2517 3610 2562 est
3641 2506 3772 2564 Dra-

2194 2607 2424 2670 contius,
2456 2605 2676 2659 omnino
2706 2602 2982 2658 tribuenda
3014 2613 3156 2657 sunt.
3713 2607 3730 2635 θ’

2267 2699 2388 2753 108.
2438 2697 2590 2764 Quod
2639 2698 2828 2752 attinet
2879 2696 2945 2750 ad
2999 2697 3223 2752 alteram
3275 2697 3640 2765 conjecturam
3692 2695 3762 2750 de

2197 2788 2504 2842 Vincemalo
2533 2787 2808 2857 episcopo,
2837 2785 2976 2841 haud
3005 2787 3253 2856 equidem
3282 2787 3588 2856 negaverim
3618 2787 3762 2840 ordi-

2198 2894 2317 2931 nem
2348 2879 2671 2932 narrationis
2717 2877 2960 2946 apposite
3007 2877 3321 2946 procedere.
3367 2876 3479 2932 Sed
3532 2892 3652 2931 cum
3704 2876 3766 2934 de

2203 2970 2511 3024 \‘incoanalo
2539 2969 2761 3024 consule
2789 2977 2882 3022 aut
2911 2967 2976 3022 de
3003 2969 3108 3024 alio
3137 2969 3378 3038 ejusdem
3411 2970 3641 3024 nominis
3674 2971 3766 3024 Sull

2199 3061 2495 3114 Gunthario
2545 3060 2861 3113 Dracontius
2913 3061 3078 3128 possit
3126 3060 3350 3128 exponi,
3399 3072 3767 3130 argumentum

525 3143 696 3205 uisclo
729 3149 875 3210 patre
905 3138 1205 3204 Gunlharii,
1232 3138 1357 3192 dum
1388 3139 1525 3191 viam
1559 3139 1659 3192 sibi
1689 3137 1755 3192 ad
1787 3137 2093 3208 llispaniam

2199 3152 2337 3221 quod
2369 3151 2493 3206 inde
2521 3153 2717 3220 petitur
2743 3167 2927 3220 parum
2952 3155 3140 3206 etlicax
3169 3163 3270 3216 est,
3300 3167 3364 3207 ac
3392 3155 3548 3222 plane
3579 3153 3766 3208 refelli.

525 3249 617 3302 per
641 3234 921 3302 Pyrenaeos
959 3238 1168 3283 montes
1203 3238 1387 3283 contra
1430 3229 1698 3282 Romanos
1740 3238 2096 3298 repugnantes

523 3323 778 3391 aperiret,
825 3327 914 3373 aut
964 3327 1239 3389 postquam
1288 3318 1341 3372 in
1386 3316 1636 3373 Galla-cia
1687 3335 1805 3374 cum
1851 3319 2096 3374 \‘andalis

496 3416 632 3468 -su’s
671 3413 917 3467 consedit
953 3430 968 3466 :
1020 3409 1226 3465 scilicet
1261 3410 1306 3465 si
1344 3409 1656 3464 Vincomalo
1696 3410 1871 3465 adhuc
1911 3411 2094 3480 juveni

525 3504 724 3574 ignOvit
755 3501 1111 3573 Godigisclus,
1163 3511 1216 3557 et
1248 3502 1384 3557 idem
1427 3502 1769 3558 Vincomalu’s
1793 3503 1902 3572 jam
1934 3519 2095 3560 senex

526 3595 860 3649 consulatum
909 3594 1068 3648 fuerit
1113 3593 1378 3662 adeptus,
1430 3592 1692 3664 siquidem
1741 3595 1809 3648 ab
1857 3595 2097 3664 ingressu

528 3684 877 3740 Vandalorum
909 3686 960 3738 in
987 3684 1296 3750 Hispaniam
1341 3685 1407 3738 ad
1435 3686 1626 3739 consul
1646 3695 1772 3738 tlUln
1801 3685 2094 3740 \‘anomali

528 3777 697 3832 solum
727 3775 850 3830 anni
879 3776 946 3830 41
977 3775 1317 3830 θῖῦυιοηιηι.
1352 3775 1426 3830 De
1453 3774 1762 3829 Vinconlulo
1784 3784 1875 3828 aut
1908 3775 2096 3830 Vince-

531 3867 672 3923 rnalo
701 3867 950 3936 episcopo
977 3865 1028 3919 in
1049 3866 1223 3920 Africa
1252 3865 1294 3918 si
1319 3865 1436 3934 quis
1457 3865 1804 3920 Dracontium
1828 3865 2096 3934 explicare

525 3966 766 4023 conetur,
797 3957 845 4010 id
873 3965 1019 4011 certe
1056 3955 1141 4009 vix
1184 3955 1403 4022 intell-gi
1454 3956 1668 4022 poterit,
1720 3954 1822 4008 nisi
1865 3955 2094 4009 Dracon-

523 4051 655 4102 tium
689 4049 740 4102 in
771 4046 948 4102 Africa
983 4045 1177 4100 vixisse
1206 4053 1260 4098 et
1288 4044 1566 4112 scripsisse
1600 4055 1895 4098 teneamus.
1923 4047 2096 4112 Atque

528 4140 647 4194 hinc
673 4137 1032 4206 conjecturam
1064 4145 1201 4204 petet
1247 4134 1440 4203 aliquis
1479 4143 1534 4187 ut
1560 4133 1828 4187 Dracontii
1857 4135 1965 4204 82
1997 4134 2093 4190 Sa-

527 4227 880 4281 tislactionem
908 4223 972 4278 ad
1004 4223 1417 4278 Guntabundunt
1440 4223 1801 4277 :Vandalotum
1831 4224 1883 4277 in
1916 4223 2092 4278 Africa

528 4331 704 4386 regem
733 4314 988 4368 diri-ctam
1019 4327 1139 4368 esse
1167 4315 1475 4369 εοειῑθ-ιιάίιι.
1507 4314 1638 4369 Nam
1664 4330 1854 4370 nomen
1887 4315 2089 4384 regisin

526 4407 710 4460 codice
733 4405 988 4460 Vaticano
1015 4419 1326 4474 expressum
1353 4403 1712 4459 Cuthamudas
1761 4421 1911 4476 teque
1941 4407 2093 4460 facile

528 4500 592 4552 ad
642 4498 1055 4552 Guntabundum
1127 4498 1207 4552 vel
1279 4497 1712 4553 Guntatnundutn
1788 4487 2176 4567 detorqueriD

530 4599 724 4661 potest,
747 4605 808 4647 ac
835 4590 899 4644 ad
933 4588 1305 4646 Gantharium.
1345 4590 1613 4646 Prwterea
1647 4592 1735 4646 ubi
1779 4591 2092 4646 Dracontius

528 4687 626 4740 ait:

563 4815 608 4826 η
625 4836 636 4839 _
651 4774 858 4839 inclytus
880 4774 1192 4839 armipotens,
1218 4781 1396 4839 vestrae
1422 4775 1616 4837 pietatis
1637 4777 1793 4839 origo,

625 4836 646 4903 )
712 4837 773 4886 Et
805 4837 990 4892 doctus,
1015 4836 1162 4894 genio
1185 4838 1381 4896 pronior
1406 4836 1461 4884 ad
1484 4839 1691 4896 veniam,

529 4922 701 4976 innuit
727 4918 1070 4973 Gensericum
1113 4918 1444 4974 conditorem
1485 4919 1694 4989 itnperii
1731 4920 2002 4976 Vandalici
2038 4922 2088 4976 in

527 5014 640 5070 Afri
675 5030 727 5081 a,
757 5023 807 5068 ct
840 5025 992 5064 avum
1023 5009 1358 5065 Cantab-undi
1386 5031 1397 5064 :
1423 5027 1544 5066 nam
1572 5013 1724 5082 lmjus
1749 5021 1896 5082 pater
1915 5012 2092 5068 Genzo

525 5123 634 5160 non
663 5101 916 5172 regnavit.
953 5101 1016 5155 Et
1037 5109 1181 5156 reete
1209 5099 1421 5169 quidem
1443 5100 1762 5156 G--nsericus
1781 5105 2090 5172 armipotens

529 5202 746 5249 vocatur
787 5202 836 5246 et
885 5191 1084 5255 doctus,
1129 5189 1216 5260 qui
1269 5204 1516 5258 inagnum
1563 5192 1663 5246 sibi
1707 5208 1899 5247 nomen
1930 5192 2093 5248 armis

525 5281 875 5352 comparavit,
901 5291 956 5336 et
981 5279 1192 5351 ingenio
1216 5279 1468 5350 pollebat,
1493 5280 1856 5352 doctrinaque
1877 5283 2087 5339 laudem

527 5371 828 5428 allectabat.

597 5463 720 5519 107.
751 5462 905 5517 Aliud
938 5461 1204 5518 Dracontii
1245 5461 1531 5531 disticha,
1572 5462 1712 5534 quod
1751 5462 1897 5518 illico
1924 5462 2090 5533 subji-

433 5586 442 5596 -
523 5556 620 5622 cit,
649 5553 915 5617 videlicet,

645 5643 752 5704 Non
777 5644 973 5704 ignosce
993 5645 1190 5700 homini.
1215 5645 1357 5703 dixit,
1381 5644 1466 5693 sed
1493 5643 1654 5704 lingua
1681 5653 1934 5698 meretur:

708 5702 936 5752 llic'rcus
954 5710 1004 5754 et
1027 5704 1197 5753 dctus
1216 5702 1518 5756 \‘iucOtnalus
1544 5702 1717 5768 fuerat,

2201 3255 2286 3299 tur
2313 3260 2380 3298 ex
2414 3245 2698 3314 triumphis
2737 3257 2877 3300 terra
2907 3247 3147 3314 marique
3173 3247 3456 3316 reportatis
3502 3265 3636 3317 quos
3665 3265 3766 3301 me-

2200 3345 2374 3390 morat
2401 3337 2736 3390 Dracootius.
2768 3335 2977 3390 Etenim
3003 3337 3070 3392 de
3091 3337 3447 3392 Guntabundo
3473 3339 3588 3394 haac
3611 3355 3766 3406 pauca

2202 3441 2381 3482 narrat
2415 3426 2710 3496 Procopius
2740 3425 2832 3480 lib.
2864 3443 2879 3480 ι
2909 3426 3106 3482 liistor.
3137 3427 3354 3482 \‘audal.
3386 3447 3399 3482 :
3429 3429 3528 3483 llic
3563 3430 3767 3484 Gunde-

2198 3520 2417 3571 muudus
2455 3518 2626 3571 multis
2667 3518 2718 3570 in
2752 3515 2960 3571 Mauros
3000 3519 3188 3587 pra'liis
3229 3521 3401 3588 Iactis,
3451 3523 3766 3590 tractatisqat

2199 3611 2407 3676 pessima
2426 3607 2753 3673 Christianis,
2778 3625 2916 3679 ωειτο
2942 3625 3152 3678 corpore
3173 3611 3384 3663 interiit.
3405 3612 3556 3678 Quod
3587 3613 3758 3680 pra-lia

2196 3716 2316 3754 eam
2345 3699 2543 3754 Mauris
2573 3699 2768 3755 absens
2809 3706 3036 3768 gesscru
3059 3743 3072 3766 ,
3121 3701 3248 3755 nihil
3294 3713 3378 3756 est
3414 3705 3557 3758 unde
3594 3703 3763 3769 colligi

2199 3789 2395 3858 possit;
2427 3789 2594 3843 multo
2624 3803 2751 3843 vero
2777 3789 2954 3843 minus
2983 3789 3122 3858 quod
3145 3791 3260 3859 ejus
3286 3800 3524 3860 tempore
3557 3794 3762 3847 navales

2199 3897 2387 3959 ppgna:
2407 3880 2667 3935 conlectae
2696 3879 2915 3945 fuerint,
2936 3884 3177 3948 autquod
3195 3892 3384 3938 contra
3401 3883 3625 3949 Gothos,
3641 3901 3762 3953 quo-

2198 3991 2312 4028 rmn
2337 3975 2442 4028 dux
2467 3973 2625 4028 fuerit
2641 3974 2846 4035 Ansila.
2870 3973 3089 4028 Vandali
3120 3979 3484 4044 pugnaverint.
3505 3979 3596 4032 llis
3611 3978 3759 4038 adde.

2198 4063 2614 4122 Guntabundum
2660 4064 3021 4120 Vandalorum
3073 4068 3123 4119 in
3155 4068 3328 4121 Africa
3378 4083 3596 4138 regnum
3637 4069 3756 4122 ade-

2201 4169 2343 4228 ptum
2374 4158 2537 4212 luisse
2567 4167 2797 4212 exeunte
2827 4173 2966 4212 anno
2997 4157 3122 4224 484,
3175 4159 3442 4214 interiisse
3471 4177 3599 4215 vero
3625 4177 3758 4215 anno

2196 4252 2302 4305 496
2344 4258 2436 4302 aut
2464 4249 2728 4318 sequenti,
2771 4258 2828 4302 ut
2857 4248 2943 4302 alii
2979 4250 3103 4303 volu
3129 4259 3184 4307 .t.
3216 4250 3482 4318 Eugenius
3511 4267 3636 4306 vero
3673 4251 3757 4320 qui

2197 4345 2408 4400 lLbellos
2441 4344 2705 4399 Drac0utii
2733 4352 2855 4398 ante
2882 4360 3078 4398 annum
3109 4344 3213 4400 650
3239 4347 3558 4416 corrigebat,
3594 4348 3753 4414 majo-

2205 4452 2317 4490 rem
2348 4443 2664 4490 vetustatem
2705 4434 2808 4488 illis
2839 4435 3072 4490 ttibuere
3113 4435 3344 4501 videtur,
3394 4439 3519 4490 dum
3569 4441 3657 4492 eos
3690 4437 3755 4491 ait

2201 4540 2378 4594 capere
2412 4523 2624 4576 nitidam
2654 4524 2804 4592 longo
2841 4535 2951 4590 post
2995 4534 3214 4595 tempore
3237 4526 3460 4594 pallam;
3493 4541 3556 4579 ac
3581 4541 3754 4580 rursus

2201 4615 2300 4670 sibi
2332 4615 2512 4684 objicit
2545 4615 2654 4668 :Et
2677 4616 2788 4684 quis
2816 4624 2887 4669 est
2932 4628 3145 4670 veterum
3173 4619 3258 4684 qui
3295 4636 3524 4672 carmna
3566 4619 3754 4672 mutat?

2203 4707 2338 4776 quod
2362 4705 2656 4760 lldel'onsus
2677 4707 2727 4759 in
2759 4706 2976 4780 Eugenti
3006 4707 3180 4777 elogio
3218 4712 3515 4770 contirmat.
3557 4711 3638 4763 ubi
3673 4726 3750 4763 re-

2201 4801 2300 4856 l'ert
2324 4815 2444 4855 eum
2470 4800 2678 4854 libellos
2705 4800 2976 4856 Dracontii
3013 4802 3348 4866 emendasse,
3382 4819 3508 4870 quos
3536 4801 3751 4871 antiqui-

2199 4901 2276 4943 tas
2303 4893 2577 4958 protulerat
2607 4893 2828 4946 vitiatas.
2873 4893 2997 4948 llaic
3027 4905 3169 4948 certe
3199 4896 3363 4965 magis
3407 4895 3588 4950 lavent
3620 4894 3750 4950 aitati

2198 4982 2465 5036 Dracontii
2491 4982 2640 5036 initio
2672 4984 2851 5036 stetuli
2885 5000 2914 5038 v
2939 4986 3312 5055 consignauda:
3338 5003 3495 5055 quam
3523 4987 3746 5056 ejusdem

2197 5074 2379 5128 saeculi
2411 5074 2524 5128 ﬁni.
2549 5073 2913 5129 Columbatnts
2942 5078 3122 5142 etiam,
3151 5078 3237 5146 qui
3261 5080 3454 5133 sarculo
3473 5095 3500 5132 v
3529 5088 3746 5134 exeunte

2197 5175 2250 5220 et
2281 5180 2328 5219 vt
2361 5167 2577 5219 ineunte
2607 5166 2816 5234 claruit,
2851 5167 3120 5223 Dracontii
3151 5168 3386 5223 carmina
3415 5169 3552 5226 inter
3583 5183 3742 5226 vetera

2196 5255 2335 5311 dicta
2368 5256 2654 5322 referebat,
2681 5267 2739 5311 ut
2764 5257 2874 5311 doti
2904 5275 3048 5314 num.
3078 5260 3131 5316 8.

2266 5347 2386 5402 l09.
2419 5347 2492 5401 Ex
2525 5347 2770 5402 laudibus
2806 5349 2997 5416 quibus
3027 5350 3340 5404 Dracontius
3371 5367 3546 5417 regem
3579 5365 3740 5416 prase-

2197 5438 2397 5508 quitur,
2427 5437 2730 5508 conjectura
2759 5439 2917 5493 etiam
2948 5439 3068 5495 duci
3100 5451 3270 5510 potest
3299 5457 3366 5496 ne
3393 5443 3532 5497 hunc
3563 5445 3732 5498 Gnata-

2197 5526 2430 5582 bundum
2457 5527 2618 5581 fuisse
2640 5529 3025 5584 existimemus.
3061 5531 3447 5588 Guntahnndus
3473 5534 3629 5595 enim,
3649 5531 3736 5584 etsi

2197 5619 2249 5673 in
2279 5616 2569 5672 catholictns
2590 5617 2877 5673 Censerico
2905 5630 2955 5674 et
2975 5621 3240 5676 llunerico
3270 5622 3620 5694 indulgentior
3640 5625 3741 5674 [υτ.-

2197 5707 2285 5773 rit,
2316 5705 2657 5763 nihilominus
2685 5707 2913 5764 Arianus
2941 5720 3054 5765 erat
3083 5723 3133 5768 et
3165 5712 3546 5770 eatlmlicorum
3575 5726 3728 5784 persc-
