4030 6170
199 275 291 330 657

200 490 289 530 nos
315 474 369 529 in
399 471 692 528 catholicos
716 469 951 524 furentes
979 482 1084 521 non
1112 465 1417 522 cohibebat.
1453 462 1765 518 Dracontius

201 574 368 622 autem
399 563 717 620 catholicam
754 560 822 614 de
854 559 956 615 SS.
981 557 1241 612 Trinitate
1272 557 1571 611 doctrinam
1616 564 1767 610 tene-

204 659 304 723 bat,
351 657 656 726 passimque
688 654 739 706 in
771 667 868 706 suo
899 657 1143 720 poemate
1181 650 1250 704 de
1290 649 1401 704 Deo
1448 651 1766 718 profitetur:

192 752 332 820 quod
377 762 835 820 supervacaneum
886 761 990 800 non
1029 753 1113 800 cst
1169 743 1269 799 hoc
1305 743 1423 798 loco
1463 742 1766 797 ostendere.

205 842 310 898 Lib.
342 857 384 907 ι,
411 854 555 896 vers.
587 839 690 894 56%
717 855 731 892 :

203 959 302 1032 84
319 969 464 1033 _S_t;ltts
490 967 538 1013 in
557 973 796 1033 aeternum
819 962 958 1033 Deus
980 966 1374 1033 estﬁregnatoret
1398 968 1585 1033 auctor,

317 1031 490 1077 Virtus
511 1028 633 1076 trina
662 1026 814 1084 Deus,
837 1024 1014 1085 triplex
1043 1023 1178 1072 Deus
1198 1023 1354 1071 omnis
1379 1029 1428 1070 et
1445 1034 1587 1079 unus,

320 1093 399 1140 De
425 1103 522 1151 quo
544 1095 791 1150 speratum
811 1086 1095 1136 conceditur
1118 1096 1262 1133 omne
1281 1085 1566 1144 benignum.

198 1195 516 1250 Sirmondus
543 1193 667 1262 legit
702 1191 878 1244 Virtus
917 1205 1019 1242 una
1051 1188 1210 1256 Deut,
1260 1189 1424 1241 trinas
1471 1187 1623 1240 Deus.
1669 1186 1772 1241 Sed

198 1288 376 1342 unitas
400 1295 605 1340 natura:
621 1285 749 1338 satis
771 1282 1086 1349 exprimitur
1109 1281 1194 1336 his
1220 1280 1440 1336 vocibus
1453 1280 1593 1333 solus
1616 1277 1771 1344 Deus,

192 1382 337 1436 Deus
361 1380 530 1434 omnis
550 1385 595 1431 et
620 1392 784 1440 unus;
804 1374 923 1429 alite
949 1375 1105 1428 virtus
1132 1373 1266 1426 trina
1288 1371 1445 1438 Deus,
1462 1373 1624 1426 trinus
1643 1371 1776 1425 Deus

189 1475 256 1528 ad
294 1473 595 1527 trinitatem
621 1482 967 1538 personarum
992 1465 1358 1534 explicandam
1382 1480 1409 1518 a
1433 1465 1607 1535 poetis
1623 1463 1778 1519 Chri-

187 1563 391 1616 stianis
419 1558 650 1628 antiquis
691 1556 931 1612 adhiberi
965 1556 1160 1610 solent.
1193 1553 1448 1609 Claudius
1471 1555 1665 1609 Marius
1691 1553 1779 1608 Vi-

182 1665 337 1714 ctor,
383 1667 482 1707 seu
504 1649 809 1706 Victorinus
849 1647 999 1702 initio
1041 1647 1182 1700 lib.t
1229 1646 1280 1700 in
1327 1645 1521 1701 Genes.
1569 1645 1775 1700 eisdem

1573 252 2094 316 PHOLEGOMENA.

199 394 364 450 cutor,
395 390 454 439 ut
481 373 770 450 ProcOpiu's
798 375 1305 448 aliiqueaflirmant,
1335 373 1418 429 vel
1442 381 1586 429 certe
1611 371 1765 426 Aria-
1793 372 1846 429 Α

3344 264 3462 322 658’

1995 370 2213 418 Pectoris
2235 369 2449 428 humani,
2468 375 2732 430 conceptus
2749 376 2916 420 mente
2937 370 3124 422 ﬁdeli...

1999 432 2217 481 Christus
2241 434 2370 481 enim
2391 433 2534 482 datus
2549 438 2624 480 est
2649 433 2788 481 nobis
2807 445 2922 495 spes
2941 446 3030 481 una
3054 431 3240 482 salutis.

1871 536 2076 591 Similia
2109 536 2262 606 plura
2294 535 2454 591 habet
2480 535 2548 592 de
2582 537 2794 592 Christo
2827 537 2958 603 Deo,
3005 548 3230 604 aeterne,
3260 547 3316 594 et
3344 555 3454 593 uno

1871 639 1991 681 cum
2019 626 2196 691 Patre,
2227 641 2344 694 qua:
2369 635 2554 696 aperte
2575 635 2874 697 repugnant
2894 627 3084 683 haeresi
3103 630 3446 692 Arianorum,

1872 732 1934 773 ac
1985 719 2297 773 nominatim
2336 718 2668 785 Gothorum,
2717 735 2747 773 a
2798 720 2991 789 quibus
3038 735 3154 775 eam
3202 721 3467 774 breresim.

1874 808 2098 864 Vandali
2155 810 2400 864 hausisse
2454 810 2724 865 dicuntur.
2767 811 3045 867 Tenebant
3092 813 3232 867 enim
3265 812 3462 878 Gothi,

1874 909 1930 954 ut
1962 901 2125 955 refert
2169 900 2408 954 Isidorus
2457 901 2509 954 in
2541 916 2726 956 eorum
2775 901 3027 966 Historia,
3079 901 3270 955 Filium
3307 902 3451 955 Patri

1874 993 2140 1062 majestate
2162 1007 2267 1046 esse
2285 989 2551 1058 minorem,
2579 1002 2624 1045 et
2649 993 2929 1046 wternitate
2956 994 3302 1062 posteriorem.
3331 995 3466 1064 Spit

1877 1083 2030 1135 ritum
2052 1091 2220 1135 autem
2242 1090 2472 1135 sanctum
2499 1097 2590 1135 nec
2617 1080 2779 1134 Deum
2800 1098 2924 1146 esse.
2949 1099 3105 1153 neque
3126 1085 3460 1139 substantiam

1881 1174 2057 1229 Patris
2077 1175 2309 1243 existere,
2341 1175 2430 1230 sed
2460 1193 2549 1246 per
2572 1175 2767 1230 Filium
2797 1185 3022 1230 creatum
3045 1194 3172 1243 esse,
3194 1180 3454 1250 utriusque

1877 1267 2158 1320 ministerio
2183 1266 2431 1330 deditum,
2457 1275 2501 1319 et
2528 1268 2793 1320 amborum
2815 1267 3053 1338 obsequio
3081 1269 3359 1322 subditum.

1955 1360 2076 1413 lll.
2127 1358 2310 1427 Itaque
2356 1358 2610 1412 credibile
2657 1373 2761 1413 non
2808 1366 2891 1413 est
2938 1359 3310 1428 Dracontium,
3362 1362 3451 1431 qui

1881 1447 2246 1504 Antiarianum
2265 1464 2324 1504 se
2350 1449 2647 1518 profitetur,
2669 1457 2723 1504 et
2746 1464 2932 1519 magna
2953 1451 3112 1505 animi
3135 1450 3454 1507 demissione

1884 1547 2222 1607 peccatorum
2268 1556 2488 1595 suorum
2515 1543 2723 1596 veniam
2755 1557 2783 1594 a
2816 1542 2928 1597 Deo
2959 1551 3013 1598 et
3042 1543 3094 1598 in
3124 1555 3364 1612 poemate
3391 1546 3456 1601 de

1885 1632 2014 1695 Deo,
2041 1641 2095 1687 et
2125 1633 2176 1686 in
2211 1632 2390 1703 Elegia
2422 1635 2573 1704 petit,
2632 1634 2970 1690 Guntabundi
2997 1637 3138 1705 regis
3167 1638 3370 1702 Ariani,
3397 1654 3462 1694 ac

179 1744 377 1802 verbis
404 1756 537 1799 usus
563 1750 643 1797 est
668 1759 683 1796 :
713 1739 890 1794 Virtus
916 1739 1052 1793 trina
1095 1737 1265 1799 Deus;
1307 1752 1482 1806 neque
1520 1737 1574 1790 in
1601 1734 1777 1792 indice
1811 1721 1853 1779 Β
1882 1721 2161 1776 Genserici
2212 1723 2598 1778 catholicorum
2663 1725 3016 1780 crudelissimi
3075 1730 3455 1796 persecutoris,

183 1837 395 1894 libs-or.
428 1847 655 1902 expurg.
703 1828 1143 1884 Brasichellensis
1189 1827 1474 1897 quidquam
1525 1825 1778 1881 adversus

180 1943 317 1985 eum
354 1933 575 1980 notatur
623 1922 746 1977 dum
787 1919 904 1989 ejus
945 1933 1080 1987 opus
1125 1925 1456 1971 recensetur.
1504 1916 1594 1971 Sic
1640 1917 1776 1985 apud

186 2021 339 2076 alios
371 2016 641 2086 reperitur
665 2014 798 2066 trina
825 2012 1084 2079 maiestas,
1107 2010 1240 2062 trina
1266 2009 1444 2079 pietas,
1475 2008 1608 2060 trina
1639 2017 1779 2076 pote-

191 2120 330 2173 stas,
364 2107 556 2162 trinum
583 2104 857 2173 specimen,
895 2102 1084 2155 trinum
1114 2116 1316 2163 numen,
1349 2101 1538 2152 trinum
1565 2114 1780 2163 nomen;

198 2182 457 2272 quodque
482 2195 695 2267 gravius
717 2193 947 2258 videtur,
998 2191 1130 2244 trina
1154 2191 1315 2244 deitas
1345 2189 1554 2244 canitur
1596 2189 1648 2243 in
1683 2189 1782 2243 Ec-

206 2289 368 2347 clesia
393 2305 409 2343 :
435 2287 500 2343 de
524 2285 716 2357 quibus
741 2283 1023 2352 phrasibus
1054 2281 1203 2350 plura
1235 2281 1349 2334 dixi
1391 2292 1684 2335 comment.
1717 2280 1780 2334 ad

212 2381 465 2436 Prudent.
487 2393 607 2448 pag.
625 2375 754 2440 259,
777 2374 901 2441 596,
920 2372 1022 2428 587
1046 2373 1271 2444 (Patrol.
1291 2379 1330 2428 t.
1356 2371 1506 2440 LIX,
1534 2374 1633 2427 col.
1656 2371 1798 2440 797,,

221 2481 482 2527 comment.
508 2470 598 2524 ad.
627 2484 755 2523 vers.
777 2468 846 2522 20
869 2483 883 2533 ;
910 2467 1078 2538 ejusd.
1102 2476 1224 2519 tom.
1247 2465 1346 2520 col.
1370 2466 1494 2533 9t5,
1513 2472 1780 2519 comment.

223 2567 281 2616 ad
301 2579 428 2617 vers.
479 2562 539 2628 l;
591 2561 746 2630 hujus
783 2559 904 2614 torni
944 2559 1042 2613 col.
1084 2557 1170 2625 19,
1211 2566 1479 2612 comment.
1507 2558 1574 2610 ad
1595 2573 1720 2611 vers.
1752 2558 1785 2611 5

225 2655 538 2728 Psychen).
592 2653 647 2708 in
687 2654 923 2708 carmine
963 2653 997 2707 4
1033 2651 1092 2707 S.
1116 2650 1340 2722 Eugenii
1368 2651 1434 2705 de
1466 2651 1611 2704 Bono
1643 2651 1784 2720 pacis

225 2749 530 2806 Sirmoudus
567 2745 732 2802 edidit
753 2760 768 2801 :

334 2869 430 2919 Pax
457 2868 534 2929 pia
558 2878 744 2915 summa
765 2863 897 2913 Deus
916 2864 1126 2929 peccatis
1149 2863 1574 2929 praemiaprtestat,

399 2925 668 2990 Jui‘ganlcs
690 2929 889 2989 perimit
913 2937 1003 2987 pax
1028 2927 1106 2988 pia
1129 2937 1313 2974 summa
1337 2925 1485 2974 Deus.

229 3033 275 3090 In
304 3035 532 3089 editione
562 3031 855 3088 Matritensi
906 3030 1049 3084 nulla
1095 3029 1452 3100 discrepantia
1496 3032 1783 3089 adnotatur

232 3141 286 3181 es
314 3125 496 3180 codice
522 3126 759 3193 Azagrm.
806 3121 862 3176 ln
900 3121 1087 3176 codice
1117 3120 1369 3176 Vaticano
1395 3123 1780 3190 Alexandrino,

233 3233 374 3286 quem
391 3217 513 3271 alibi
537 3215 768 3279 laudavi,
789 3214 841 3268 in
867 3222 1091 3284 utroque
1109 3229 1262 3269 versu
1283 3214 1496 3283 legitur,
1516 3215 1629 3273 Pax
1652 3222 1785 3274 trina

237 3322 416 3360 summa
449 3306 608 3370 Deus,
643 3305 782 3373 quod
811 3319 994 3359 verum
1025 3304 1252 3371 videtur,
1300 3316 1355 3361 et
1397 3309 1582 3364 eodem
1628 3312 1786 3366 modo

239 3398 411 3454 dicitur
437 3414 498 3454 ac
529 3399 687 3451 virtus
717 3397 850 3450 trina
879 3396 1036 3462 Deus,
1078 3397 1178 3451 nisi
1209 3399 1361 3452 malis
1393 3409 1563 3455 metro
1593 3417 1788 3456 consu—

238 3489 338 3546 lcre
363 3492 462 3547 hoc
489 3500 667 3561 pacto,
701 3490 814 3544 Pax
853 3489 953 3542 tria
977 3506 1173 3544 summa
1203 3490 1359 3560 Deus,
1391 3503 1444 3546 ut
1472 3492 1788 3550 Prudentius

239 3597 370 3642 vers.
396 3602 420 3641 ιτ
437 3584 658 3655 Αροιιι.,
691 3583 780 3636 Est
807 3583 906 3636 tria
934 3598 1130 3638 summa
1155 3581 1314 3638 Deus.

302 3677 417 3732 ll0.
446 3676 560 3732 Alia
592 3674 752 3729 habet
779 3674 1092 3728 Dracontius
1123 3674 1190 3728 de
1227 3674 1486 3731 Triuitate
1525 3676 1789 3732 catholico

241 3766 453 3835 dogmati
477 3766 714 3835 apprime
742 3764 1147 3819 consentientia.
1181 3764 1268 3819 Sic
1292 3766 1384 3820 lib.
1404 3782 1438 3822 ιι
1470 3767 1535 3822 de
1556 3766 1788 3835 Christo,

242 3870 380 3924 quem
408 3858 571 3913 Deum
597 3867 900 3930 vocaverat,
931 3857 1101 3926 pergit
1131 3858 1311 3913 dicere
1339 3875 1481 3915 vers.
1513 3862 1580 3916 68
1605 3878 1619 3915 :

349 3951 404 3999 Et
425 3962 623 3998 consors
643 3962 749 4011 cum
777 3949 923 3998 Patre
948 3961 1166 4010 manens,
1194 3957 1246 4000 et
1270 3953 1479 4011 Spiritus
1502 3966 1645 4011 unus,

349 4012 490 4061 Triua
513 4020 678 4058 mente
702 4010 850 4068 Deus,
877 4011 1009 4059 Deus
1031 4019 1218 4072 auctor,
1247 4010 1477 4074 temporis
1501 4010 1698 4077 expers.

235 4088 423 4148 Eodem
451 4108 612 4147 sensu
642 4108 747 4161 quo
777 4093 866 4146 lib.
891 4108 904 4145 ι
930 4093 1080 4158 dixit,
1114 4094 1286 4147 l'irtus
1315 4100 1449 4148 trina
1471 4095 1627 4161 Deus,
1654 4114 1794 4154 nunc

233 4183 318 4251 ait,
360 4200 490 4236 unus
521 4183 657 4236 trina
699 4193 864 4236 mente
892 4181 1052 4250 Deus,
1102 4194 1154 4239 et
1193 4187 1348 4255 paulo
1390 4199 1514 4243 ante
1556 4205 1699 4244 vers.
1727 4191 1795 4246 65

231 4272 435 4330 dixerat
464 4275 531 4330 de
557 4286 736 4330 monte
765 4275 941 4330 divina
974 4275 1143 4330 Patris
1168 4295 1180 4330 :

345 4365 538 4428 Vivida,
562 4367 899 4427 cunctiparens
932 4379 1089 4428 mens,
1119 4366 1502 4429 innumerabdis,
1530 4381 1641 4418 una.

222 4441 425 4504 Deinde
451 4463 582 4503 vero
606 4463 750 4503 vers.
784 4449 852 4505 80
877 4449 943 4502 de
976 4449 1111 4502 Filio
1137 4467 1149 4502 :

344 4540 683 4606 FitqueADeus
709 4547 808 4606 post
837 4541 1014 4606 templa
1037 4541 1130 4601 poli
1156 4543 1247 4590 sub
1272 4555 1416 4592 carne
1441 4545 1591 4606 figura

344 4602 614 4664 Passibilis,
639 4602 849 4651 mortals
871 4603 1011 4652 homo
1033 4605 1138 4652 sine
1163 4606 1258 4652 line
1283 4602 1527 4667 perennis.

209 4682 324 4757 85
353 4687 416 4740 Et
449 4699 634 4738 rursus
663 4700 804 4739 vers.
831 4684 899 4740 89
931 4703 944 4736 :

343 4775 568 4833 Qualiter
588 4787 704 4824 aure
734 4775 883 4836 Deus,
911 4776 1063 4824 verbo
1081 4775 1282 4825 fmtsnte
1302 4779 1490 4837 marito,

346 4837 612 4898 Virgiucos
634 4838 840 4886 intrasse
864 4838 998 4886 sinus
1017 4837 1241 4901 dignatur
1267 4847 1318 4889 et
1342 4838 1517 4890 alvum.

204 4910 402 4990 Pergit
426 4936 574 4974 vers.
596 4916 696 4973 50:

343 5011 465 5059 Nam
490 5011 766 5070 quicunque
791 4999 932 5071 sapit,
959 5010 1089 5057 novit
1115 5010 1226 5071 quia
1245 5010 1313 5057 s'c
1334 5008 1442 5071 tulit
1467 5017 1617 5070 artus,

350 5073 404 5121 Et
426 5073 518 5120 fuit
543 5073 593 5119 in
619 5073 780 5127 terris,
808 5070 861 5119 ut
883 5070 948 5120 ne
965 5070 1166 5119 caeleste
1191 5070 1398 5119 tribunal

346 5131 982 5195 l,ittqlteret__0mnipotens;
1005 5145 1248 5194 nunquam
1270 5133 1378 5181 sine
1403 5131 1546 5195 Patre
1570 5134 1801 5195 probatus

347 5192 500 5243 l’ilitis
523 5200 572 5242 et
603 5193 805 5242 Genitor
829 5206 1070 5254 nunquam
1091 5192 1198 5241 sine
1222 5197 1426 5253 pignore
1447 5192 1624 5255 dictus,

348 5257 561 5321 §piritus
587 5256 866 5321 immensus,
889 5262 1102 5321 sanctus,
1130 5257 1301 5321 bonus,
1329 5255 1538 5314 arbiter,
1563 5258 1735 5321 illtiex,

350 5315 552 5367 Tettius
576 5328 703 5364 unus
722 5315 869 5373 idem,
895 5319 1093 5378 primus,
1118 5316 1306 5364 medius
1325 5329 1404 5377 lue
1431 5319 1678 5378 perennis.

213 5385 427 5453 Eodem
448 5399 543 5453 lib.
576 5396 642 5452 de
667 5397 799 5452 Filio
825 5397 914 5452 Dei
942 5414 956 5452 :

351 5487 495 5554 _Solus
519 5488 700 5548 ubique
725 5488 878 5554 Deus,
900 5500 1064 5554 rerum
1091 5487 1211 5544 fons.
1235 5489 1447 5554 conditor
1470 5498 1522 5542 et
1545 5504 1676 5554 spes,

353 5549 488 5599 Idem
511 5561 712 5610 semper
736 5551 834 5597 eris
851 5552 975 5609 quod
1000 5557 1049 5598 et
1074 5562 1146 5609 es,
1171 5551 1298 5607 quod
1321 5557 1372 5600 et
1395 5559 1511 5601 ante
1532 5549 1721 5603 fu'isti’...

354 5614 472 5678 {tum
496 5619 548 5660 te
568 5623 673 5658 non.
684 5618 920 5678 caperent
942 5611 1070 5678 celi,
1094 5619 1360 5678 terraeque,
1387 5612 1685 5678 fretumque,

357 5673 502 5722 Aeris
525 5678 578 5722 ct
595 5673 819 5731 spatium,
843 5675 1028 5723 modico
1049 5679 1099 5723 te
1120 5673 1266 5724 corde
1289 5677 1486 5729 reponis

1825 4449 1876 4510 Β

1886 1810 2070 1865 laudes
2103 1820 2382 1881 tanmpere
2411 1814 2732 1882 celebrasse,
2765 1814 2873 1869 imo
2900 1815 3116 1885 petiisse
3143 1826 3199 1872 ut
3227 1820 3330 1872 vita
3357 1820 3469 1875 sibi-

1883 1911 2194 1971 supcressct
2224 1903 2290 1956 ad
2320 1903 2664 1960 Gensericum
2690 1907 2926 1977 aliosque
2952 1908 3235 1965 haereticos
3264 1915 3460 1966 οτι-ηιίς

1883 1992 2041 2046 nibus
2085 1993 2204 2048 suis
2251 1994 2642 2063 prmdicandos.
2694 1996 2768 2051 Ita
2818 1996 2959 2052 enim
3010 2008 3127 2053 orat
3182 2000 3234 2054 in
3277 2002 3469 2074 Elegiae

1885 2097 2022 2138 vers.
2054 2083 2127 2137 49
2151 2099 2168 2139 :

2007 2192 2121 2261 Ipse
2144 2205 2254 2242 meo
2276 2193 2472 2261 domino
2492 2195 2872 2257 Deus-imperat,
2891 2202 3040 2259 atque
3065 2199 3255 2261 iubebit

2071 2254 2134 2303 Ut
2156 2269 2235 2303 me
2261 2258 2492 2320 rcSLituat
2509 2254 2836 2320 respiciatque
2855 2254 2987 2320 plus.

2009 2314 2188 2386 Servet
2211 2317 2285 2364 avi
2312 2324 2364 2366 ut
2388 2315 2557 2386 laudes
2577 2314 3075 2386 dicam,'patriasque,
3099 2336 3330 2386 suasque,

2075 2377 2273 2438 Perque
2295 2391 2406 2426 suas
2423 2379 2583 2440 proles
2600 2377 2747 2441 regia
2763 2377 2870 2430 vota
2891 2377 3072 2431 canam:

1887 2481 1998 2552 86
2047 2480 2296 2535 Fortasse
2347 2491 2572 2549 reponet
2610 2484 2801 2552 aliquis
2851 2485 3192 2540 Dracontium
3242 2487 3470 2542 minime

1889 2588 2044 2642 posse
2070 2573 2341 2641 excusari,
2385 2575 2498 2628 sive
2529 2575 2578 2627 in
2603 2575 2804 2640 Africa,
2836 2576 2947 2631 sive
2974 2579 3027 2630 in
3055 2578 3305 2647 Hispania
3327 2579 3456 2634 scri‘

1888 2664 2084 2734 pserit;
2119 2680 2242 2718 nam
2267 2663 2592 2719 Guntharius
2619 2665 2848 2722 Arianus
2893 2675 3035 2733 erat,
3081 2668 3320 2740 adeoque
3351 2684 3456 2724 non

1887 2755 2072 2810 debuit
2099 2769 2126 2807 a
2159 2755 2424 2810 catholico
2455 2755 2568 2810 viro
2600 2763 2678 2810 tot
2719 2756 2780 2810 ac
2813 2757 3008 2814 talibus
3051 2760 3235 2828 elogiis
3277 2775 3456 2815 cumu-

1886 2847 2292 2902 lari..Examine
2315 2861 2404 2902 res
2433 2847 2549 2902 haec
2572 2847 2730 2918 digna
2757 2857 2859 2914 est,
2887 2864 2978 2916 an,
3003 2859 3059 2905 et
3085 2851 3294 2920 quando
3323 2852 3458 2907 Van-

1887 2939 1992 2994 dali
2021 2940 2074 2994 in
2104 2940 2354 3010 Hispania
2385 2940 2636 2995 Arianam
2669 2941 2917 2996 ha‘resim
2964 2944 3195 3012 amplexi
3243 2943 3479 3000 fuerint.~

1889 3029 2016 3084 Mihi
2061 3043 2189 3085 sane
2236 3039 2477 3099 tempora
2519 3038 2576 3085 et
2613 3035 2888 3086 auctorum
2937 3035 3218 3102 mqualium
3265 3037 3458 3106 scripta

1889 3120 2208 3190 expendenti
2239 3121 2460 3176 Vandali
2502 3125 2556 3176 in
2589 3121 2839 3192 Hispania
2885 3123 3135 3180 catholici
3180 3125 3343 3183 fuisse
3387 3129 3462 3182 vi-

1888 3215 2113 3282 dentur;
2159 3214 2250 3284 qui
2304 3214 2528 3270 fortaSSe
2572 3215 2743 3270 solum
2789 3215 2889 3272 sub
2932 3225 3178 3273 extremo
3222 3227 3463 3289 tempore

1891 3307 2207 3362 Arianorum
2239 3305 2536 3361 Gothorum
2570 3305 2756 3362 fraude
2783 3307 2990 3378 decepti
3021 3309 3261 3374 fuerunt;
3305 3309 3351 3365 si
3383 3320 3463 3366 ta-

1891 3409 2013 3450 men
2044 3395 2096 3449 in
2125 3395 2374 3463 Hispania
2405 3394 2614 3463 decepti
2667 3396 2903 3460 fuerunt,
2950 3406 3005 3452 et
3050 3413 3154 3452 non
3205 3402 3383 3468 potius
3411 3399 3464 3454 in

1891 3486 2088 3556 Africa,
2123 3485 2212 3540 ubi
2240 3485 2398 3540 Gothi
2427 3487 2608 3540 Ariani
2650 3502 2784 3557 quos
2810 3487 3115 3546 Bonifacius
3144 3506 3322 3547 secum
3364 3493 3465 3548 du-

1888 3586 2062 3643 xerat,
2099 3578 2311 3631 vivente
2356 3576 2530 3629 adhuc
2569 3576 2628 3631 S.
2668 3577 2986 3647 Augustino,
3019 3581 3264 3636 haeresim
3314 3599 3464 3639 suam

1891 3668 1997 3723 late
2038 3681 2291 3737 spargere
2338 3675 2634 3735 cmperant.
2685 3666 2907 3722 Orosius
2957 3671 3011 3723 in
3045 3670 3222 3726 Africa
3251 3674 3483 3743 quidem-

1892 3761 2114 3830 dcgens,
2148 3759 2242 3814 sed
2276 3759 2540 3828 Hispanus
2575 3759 2713 3828 ipse,
2744 3767 2799 3812 et
2821 3774 2961 3813 anno
2988 3761 3094 3816 416
3125 3762 3339 3816 circiter
3369 3764 3466 3818 de-

1891 3852 2138 3908 scribens
2161 3866 2280 3922 qua:
2308 3851 2374 3906 in~
2391 3850 2639 3917 lliSpania
2668 3859 2999 3920 gererentur,
3026 3853 3093 3906 de
3121 3852 3468 3908 barbarorum

1893 3942 2174 3998 clementia
2225 3951 2278 3995 et
2329 3940 2608 4010 religione,
2654 3942 2893 4012 exceptis
2929 3942 3136 4010 Gethis,
3187 3953 3321 4011 quos
3363 3961 3468 3999 nou

1896 4037 2158 4097 nominat,
2184 4034 2286 4088 hoc
2314 4033 2489 4088 reddit
2515 4033 2912 4089 testimonium:
2938 4034 3240 4103 Quanquam
3277 4045 3322 4089 et
3360 4046 3469 4104 post

1897 4128 1991 4179 hoc
2019 4140 2218 4196 quoque
2246 4125 2487 4178 continuo
2516 4125 2718 4178 barbari
2739 4125 2986 4178 exsecrati
3014 4124 3213 4193 gladios
3252 4140 3371 4178 suos
3403 4126 3482 4179 ad

1896 4225 2073 4269 aratra
2106 4215 2334 4270 conversi
2370 4223 2518 4277 sunt,
2560 4214 2888 4284 residuosque
2913 4212 3169 4268 Romanos
3199 4217 3264 4267 'ut
3309 4214 3472 4268 socios

1897 4308 2047 4361 modo
2082 4314 2128 4360 et
2161 4307 2350 4360 amicos
2382 4307 2568 4374 fovent,
2610 4313 2665 4359 ut
2704 4305 3024 4365 inveniantur
3061 4308 3176 4374 jam
3214 4305 3345 4360 inter
3390 4321 3474 4360 eos

1900 4399 2106 4468 quidam
2141 4398 2357 4451 Romani
2395 4396 2480 4460 qui
2525 4395 2704 4449 malint
2753 4397 2888 4449 inter
2933 4396 3173 4450 barbaros
3201 4414 3474 4469 pauperem

1905 4493 2205 4553 libertatem,
2239 4507 2390 4560 quam
2421 4491 2548 4544 inter
2573 4490 2828 4544 Romanus
2857 4491 3180 4545 tributariam
3221 4493 3475 4547 sollicitu-

1905 4579 2076 4638 dinem
2114 4586 2377 4638 sustfnere.
2411 4582 2716 4649 Quanquam
2751 4583 2795 4637 si
2837 4582 2897 4635 ob
2929 4583 3023 4637 hoc
3059 4584 3228 4637 solum
3273 4585 3478 4642 barbari

1909 4674 2151 4729 Romanis
2173 4675 2357 4740 ﬁnibus
2389 4673 2599 4726 immissi
2628 4678 2812 4741 forent,
2855 4675 2992 4743 quod
3013 4675 3162 4747 vulgo
3190 4693 3279 4745 per
3300 4677 3480 4731 Orieno

1905 4774 2004 4820 tem
2042 4773 2089 4819 et
2121 4765 2438 4818 Occidentem
2465 4763 2704 4817 Ecclesiw
2749 4764 2937 4818 Christi
2983 4764 3214 4831 Hunnis,
3271 4768 3474 4832 Suavis,

1919 4857 2160 4910 Vandalis
2185 4867 2231 4910 et
2262 4855 2728 4924 Burgundionibus,
2760 4857 3068 4923 diversisque
3116 4867 3162 4912 et
3199 4859 3477 4912 innumeris

1902 4949 2217 5002 credentium
2245 4946 2448 5016 populis
2477 4947 2763 5014 replentur;
2807 4947 3069 5003 laudanda
3098 4957 3145 5003 et
3195 4948 3479 5003 attollenda

1907 5036 1998 5093 Dei
2039 5036 2382 5090 misericordia
2424 5035 2679 5090 videretur
2704 5051 2723 5090 :
2757 5040 3169 5109 quandoquidem
3219 5039 3315 5091 etsi
3363 5053 3476 5091 cum

1902 5127 2238 5197 labefactione
2281 5127 2444 5180 nostri
2484 5136 2640 5181 tanta:
2681 5139 2852 5200 gentes
2905 5132 3212 5200 agnitionem
3255 5129 3479 5182 veritatis

1902 5219 2210 5288 acciperent,
2234 5233 2390 5290 quam
2420 5219 2639 5272 invenire
2654 5220 2830 5290 utique
2852 5220 2952 5274 nisi
2970 5220 3064 5273 hac
3087 5219 3350 5271 occasione
3379 5233 3482 5272 non

1907 5317 2133 5376 possent.
2163 5307 2218 5362 ld
2249 5308 2320 5361 ita
2347 5289 2416 5362 ab
2437 5309 2628 5364 Oresio
2653 5289 2950 5379 expositum
2983 5306 3299 5362 catholicam
3323 5307 3482 5363 fidem

1909 5399 2269 5455 Vandalorum
2301 5402 2494 5457 saltem
2522 5403 2750 5457 maxima
2779 5418 2842 5456 ex
2868 5410 3016 5470 parte
3046 5401 3268 5457 indicat.

1985 5489 2109 5544 “2.
2143 5489 2345 5546 Eodem
2374 5501 2618 5558 tempore
2647 5491 2699 5545 in
2727 5489 2978 5558 Hispania
3007 5489 3218 5545 vivebat
3254 5489 3488 5557 ldacius,‘

1907 5587 1964 5634 et
1994 5579 2046 5633 in
2075 5578 2328 5635 Callaecia
2359 5581 2598 5650 quidem,
2647 5578 2734 5632 ubi
2783 5578 2874 5633 diu
2917 5580 3235 5635 commorati
3276 5579 3486 5634 fuerunt

1912 5670 2166 5726 Vandali.
2190 5671 2293 5727 sub
2313 5670 2617 5727 Gunthario
2644 5685 2786 5738 rege.
2821 5670 2871 5726 ιε
2898 5686 3018 5727 cum
3051 5670 3326 5729 Guntharii
3361 5672 3486 5729 infe-
