4030 6170
579 299 686 362 659

1987 280 2433 349 DRACONTt'tfs‘.

3665 283 3744 352 (ιιι

582 419 734 472 licem
758 413 960 470 obitum
985 415 1273 477 narrasset,
1305 399 1528 464 subinde
1559 402 1906 462 Gensericnm
1935 417 2148 458 succes-
2177 408 2223 463 Α
2246 403 2504 472 Quamvis
2540 401 2680 457 enim
2722 401 3009 472 Gregorius
3043 400 3362 470 Turonensis
3400 392 3745 466 Tras'tmnntlmn

584 510 720 564 sisse
750 505 933 562 retulit
973 503 1057 558 his
1087 500 1284 564 Verbis,
1335 499 1536 568 olymp.
1570 496 1668 550 501
1707 491 1840 548 :Cui
1861 492 2150 548 Gaisericus

586 605 745 674 frater
771 597 993 653 succedit
1019 597 1071 647 in
1093 608 1245 660 regno
1273 605 1293 644 :
1326 591 1436 660 qui,
1460 597 1514 641 ut
1543 588 1829 657 aliquorum
1861 583 2038 638 relatio
2058 582 2148 634 Ita-

585 673 684 754 ὕοι,
716 687 919 755 eﬂ'ectus
952 690 1186 754 apostata
1213 680 1276 734 de
1302 679 1404 748 fide
1440 675 1689 730 catholica
1716 677 1768 728 in
1797 673 2041 726 Arianam
2070 673 2153 724 di-

587 791 698 835 ctus
725 787 798 834 est
832 776 1072 831 transisse
1101 771 1391 842 perﬁdiam.
1422 767 1574 835 Quod
1603 779 1730 835 ergo
1773 765 1869 828 ait,
1901 761 2154 818 Genscri-

589 885 712 926 cum
738 878 1019 941 apostatarn
1043 866 1105 920 de
1135 865 1236 934 ﬁde
1263 862 1510 918 catholica
1539 862 1590 914 in
1623 857 1869 912 Arianam
1903 854 2158 910 transire

590 961 893 1034 perﬁdiam,
942 959 1100 1029 idque
1129 954 1434 1024 narrat87
1465 960 1587 1022 post
1624 950 1825 1004 obitum
1853 944 2156 1008 Guntharii,

593 1053 678 1108 cui
707 1058 907 1107 sectam
930 1048 1179 1103 Arianam
1210 1059 1313 1099 non
1341 1040 1650 1112 exprobrat,
1697 1046 1753 1094 et
1786 1047 1848 1091 ex
1871 1036 2160 1104 aliquorum

595 1143 843 1199 relatione
871 1147 1073 1195 tantum
1103 1134 1392 1192 Genserico
1423 1131 1742 1200 apostasiam
1774 1142 1804 1180 a
1847 1125 1951 1180 l‘tdc
1979 1123 2162 1180 catho-

598 1234 700 1294 lica
725 1233 970 1300 imputat,
997 1228 1272 1284 evidenter
1318 1223 1491 1293 arguit
1519 1219 1789 1276 Vandalus
1831 1220 1884 1272 in
1913 1215 2161 1285 Hispania

598 1337 690 1381 aut
735 1335 1002 1394 nunquam
1034 1319 1245 1377 Arianis
1289 1316 1603 1381 adhaesisse,
1651 1322 1742 1367 aut
1785 1310 1956 1366 solum
2006 1308 2164 1377 pau'o

601 1426 885 1486 antetwam
915 1413 966 1467 in
996 1412 1226 1468 Africam
1263 1407 1586 1478 trajicerent.
1613 1403 1820 1459 Clarius
1863 1401 1966 1455 hoc
1989 1399 2164 1470 ipsum

602 1507 830 1561 asseruit
860 1504 1090 1559 Isidorus
1115 1504 1168 1556 In
1193 1499 1420 1554 Historia
1454 1491 1672 1551 Vantlal.
1694 1511 1708 1549 :
1730 1493 1982 1548 Giserirus
2011 1493 2168 1560 frater

603 1595 874 1652 Gunderici
893 1592 1117 1649 succedit
1139 1592 1188 1644 in
1211 1604 1421 1660 regnum
1447 1588 1591 1640 anuis
1612 1585 1702 1651 40,
1727 1583 1811 1652 qui
1833 1597 1898 1636 ex
1919 1581 2167 1635 catholico

2257 511 2435 566 regem
2488 494 2646 564 hujus
2691 493 3074 563 persecutionis
3123 504 3384 550 auctorem
3423 496 3566 565 dicat,
3608 510 3749 558 tamen

2256 589 2562 644 Ruinartins
2593 587 2815 657 colligit,
2842 587 2945 642 hoc
2973 587 3188 642 nomine
3217 603 3244 639 a
3275 587 3514 657 Gregorio
3533 591 3752 662 designari

2258 680 2619 738 Genscricum.
2651 676 2897 732 Nonnulli
2936 679 3225 745 scriptorcs
3264 676 3467 747 Hispani
3504 679 3637 748 hujus
3661 698 3754 750 per.

2242 770 2545 827 'secntionis
2589 779 2801 836 tempus
2844 768 3116 837 assignant
3148 767 3286 822 circa
3322 784 3504 823 annum
3537 770 3642 826 424.
3671 775 3756 830 Sed

2259 879 2372 928 eos,
2415 872 2767 932 praeterquam
2806 861 2944 929 quod
2994 861 3342 929 supposititiis
3379 861 3619 918 chronicis
3652 865 3758 920 innic

2261 961 2462 1020 tuntnr’,
2493 959 2640 1008 recte
2669 952 2865 1008 refellit
2891 951 3198 1006 Rninartius
3225 965 3289 1005 ex
3319 952 3424 1021 ipsa
3451 953 3634 1008 ratione
3652 965 3760 1010 tem-

2262 1062 2447 1118 porum
2474 1062 2488 1100 :
2519 1044 2837 1101 Gensericus
2865 1043 3006 1097 enim
3044 1044 3282 1112 regnavit
3309 1054 3420 1112 post
3449 1043 3760 1109 Guntharium,

2261 1138 2351 1209 qui
2373 1149 2515 1191 anno
2536 1134 2641 1190 427
2663 1142 2756 1187 aut
2779 1133 2884 1188 428
2907 1132 3201 1187 exstinctus
3227 1140 3328 1187 est.
3356 1133 3520 1198 Quare
3545 1135 3582 1188 si
3605 1133 3761 1189 Cense-

2263 1231 2408 1287 ricus
2434 1227 2712 1298 religionis
2735 1239 2891 1280 causa
2919 1224 3207 1280 catholicos
3240 1223 3295 1278 in
3325 1223 3555 1293 Hispania
3577 1239 3764 1292 unquam

2269 1319 2500 1385 vexavit,
2532 1317 2582 1372 id
2614 1316 2808 1372 accidit
2847 1315 3006 1384 paulo
3041 1323 3322 1384 antequam
3353 1330 3464 1368 cum
3495 1313 3766 1371 Vandalisin

2267 1411 2497 1468 Africam
2526 1410 2798 1479 migraret.
2837 1408 3079 1464 Similius
3117 1413 3296 1462 tamen
3322 1421 3442 1460 vero
3467 1405 3580 1459 mihi
3604 1406 3765 1460 videtur

2267 1501 2614 1558 Gensericum
2647 1515 2752 1554 non
2805 1499 2907 1553 nisi
2955 1508 3074 1568 post
3113 1496 3404 1568 ingressum
3435 1497 3481 1547 in
3513 1494 3705 1548 Africam
3729 1497 3766 1549 in‘

2269 1591 2596 1647 orthodoxos
2623 1590 2812 1644 saevire
2840 1590 3090 1658 caepisse.
3133 1587 3362 1655 Prosper
3396 1587 3444 1638 in
3471 1583 3700 1639 Chronico
3719 1584 3768 1638 ad

604 1690 811 1758 e/fectas
856 1693 1089 1756 apostata
1128 1683 1178 1735 in
1205 1682 1446 1734 Ariauant
1488 1690 1678 1732 rntuus
1721 1676 1883 1746 fertur
1931 1672 2169 1725 tmns’sse

2306 1698 2398 1737 nn.
2426 1681 2531 1736 457
2556 1696 2676 1735 eum
2709 1681 2761 1734 In
2787 1679 2962 1734 Africa
2989 1676 3302 1733 catholicam
3333 1675 3480 1729 ﬁdem
3509 1675 3674 1729 Ariana
3697 1675 3768 1726 ims

606 1743 900 1851 per/idiom:
930 1776 1175 1831 Albertus
1203 1762 1484 1828 Krantzius
1523 1771 1576 1823 in
1604 1781 1701 1822 sua
1721 1743 1985 1822 'Vaudalia
2006 1762 2098 1815 lib.
2127 1775 2165 1825 ι,
2197 1743 2243 1802 Β
2275 1775 2469 1846 pictam
2511 1770 2822 1827 subvenere
2865 1769 3095 1825 νοιιηεεε
3139 1775 3322 1822 nam“
3347 1808 3363 1832 ν
3411 1765 3671 1834 additque:
3700 1763 3770 1816 pa

607 1874 723 1940 cap.
756 1869 844 1932 27,
871 1865 1030 1922 tradit
1053 1863 1420 1926 Genserieum,
1447 1857 1640 1914 infelici
1668 1855 1811 1911 exitu
1835 1854 2010 1908 fratris
2029 1851 2174 1906 Gun-

613 1961 769 2018 th'arii
797 1959 1058 2025 territum,
1109 1957 1162 2011 in
1210 1953 1396 2025 primis
1435 1951 1811 2007 modestiorem
1842 1945 2174 2016 apparuisse,

609 2059 729 2122 post
753 2051 909 2106 alium
951 2049 1244 2102 inventum.
1293 2039 1451 2099 Fides
1493 2041 1564 2097 sit
1608 2052 1775 2110 penes
1822 2038 2018 2108 ipsum,
2067 2049 2175 2090 non

612 2144 755 2200 enim
783 2141 894 2195 ullo
923 2148 1142 2194 auctore
1169 2149 1228 2191 se
1255 2142 1452 2190 tuetur.

682 2235 808 2290 115.
869 2233 1112 2301 Opponet
1136 2227 1327 2299 aliquis
1347 2235 1529 2282 contra
1556 2223 1694 2294 quod
1720 2221 2020 2277 Bonifacius
2048 2229 2176 2272 uxo-

615 2331 730 2383 rem
763 2322 1100 2378 Vandalicam
1129 2318 1374 2380 duxerat,
1414 2328 1534 2384 qua:
1563 2312 1707 2380 prius
1754 2312 1947 2366 Ariaua
1988 2310 2177 2372 fuerat,

615 2417 708 2473 sed
741 2416 814 2471 illi
845 2415 1023 2484 nupsit
1063 2421 1182 2482 post
1219 2409 1476 2480 ejuratam
1517 2405 1766 2460 Ariauam
1808 2399 2087 2464 haeresim,
2126 2407 2184 2452 ut

617 2509 872 2566 dist-imus
900 2520 963 2560 ex
995 2505 1051 2559 S.
1080 2500 1375 2571 Augustino
1396 2498 1555 2568 epist.
1585 2495 1651 2550 ad
1681 2488 1918 2549 Bonifac.
1948 2492 2076 2554 220,
2107 2491 2180 2545 al.

618 2588 704 2655 70.
736 2598 807 2653 Ita
836 2595 992 2664 vulgo
1029 2593 1317 2658 scriptores
1347 2589 1604 2650 referunt,
1637 2594 1690 2641 et
1722 2585 1921 2640 diserte
1953 2581 2182 2636 Rninar-

622 2690 730 2744 tius
756 2703 872 2757 cap.
902 2686 936 2740 5
965 2684 1164 2739 Ilistnr.
1196 2681 1468 2736 Persecut.
1500 2676 1717 2732 Vandal.
1748 2676 1818 2730 At
1841 2673 1978 2743 apud
2004 2673 2060 2728 S.
2081 2674 2188 2726 Au-

621 2781 886 2850 gustinum
909 2776 1079 2831 solum
1103 2771 1316 2828 invenio
1340 2787 1354 2824 :
1382 2768 1670 2838 Nauigasti,
1693 2782 1900 2820 uxorem
1924 2764 2184 2818 duxisti...

622 2868 805 2922 Audiui
856 2875 903 2920 te
939 2866 1083 2920 illam
1113 2865 1290 2916 ducere
1325 2860 1569 2923 noluisse;
1613 2858 1713 2911 nisi
1760 2857 1904 2928 prius
1941 2855 2190 2909 catholica

625 2958 800 3030 {uisset
829 2955 966 3026 facta
979 2971 997 3019 ;
1024 2963 1075 3008 et
1115 2962 1280 3008 tamen
1302 2951 1506 3004 hteresis
1547 2963 1744 3014 eorum,
1782 2949 1869 3016 qui
1895 2957 2065 3000 verum
2097 2942 2186 2998 Fi-

625 3048 751 3101 lium
801 3043 899 3097 Dei
935 3052 1142 3115 negant,
1190 3049 1385 3096 tantum
1433 3039 1698 3108 prteualuit
1734 3039 1788 3090 in
1825 3037 2108 3102 domotua,
2133 3043 2190 3086 ut

710 3139 833 3210 ipsis
861 3137 971 3207 ﬁlia
997 3099 1084 3190 tua
1108 3099 1467 3207 baptizaretur.
1490 3132 1603 3188 Non
1621 3131 1850 3198 explicat
1868 3099 2193 3198 Augusﬁnus
2221 3099 2266 3162 (ἶ

628 3241 732 3302 quo
763 3224 1067 3284 Bonifacius
1094 3224 1440 3293 navigaverit,
1467 3222 1635 3277 multo
1662 3235 1788 3276 vero
1813 3221 1986 3274 minus
2001 3233 2070 3272 ex
2093 3232 2194 3287 qua

629 3327 788 3390 gente
818 3331 1038 3372 uxorem
1065 3314 1308 3379 duxerit;
1344 3328 1462 3381 qua:
1491 3312 1534 3367 si
1566 3311 1757 3366 Ariana
1788 3309 1975 3364 haeresi
2009 3307 2196 3363 infecta

631 3413 823 3478 fuerat,
863 3417 919 3463 ut
945 3407 1108 3463 verba
1148 3405 1430 3476 Augustini
1477 3405 1722 3470 innuunt,
1754 3412 1809 3459 et
1855 3419 1916 3458 ex
1949 3403 2197 3471 Hispania

633 3503 809 3569 ducta,
843 3501 1013 3573 potuit
1054 3513 1172 3554 esse
1206 3513 1236 3553 e
1274 3497 1569 3553 Gothorum
1614 3509 1831 3565 genere.
1863 3494 1992 3548 Nam
2037 3494 2197 3547 Boni-

636 3595 801 3650 facius
839 3608 958 3648 cum
999 3590 1218 3647 Castino
1262 3597 1317 3644 et
1383 3586 1570 3643 Gothis
1627 3587 1884 3642 adversus
1935 3585 2200 3640 Vandalus

636 3695 964 3757 pugnaturus
993 3681 1296 3751 Hispaniam
1327 3679 1550 3743 adierat,
1590 3687 1643 3732 et
1670 3678 1869 3733 Castini
1901 3678 2199 3745 superbiam

637 3779 778 3834 ferre
818 3791 924 3832 non
952 3775 1159 3841 valens,
1205 3773 1258 3826 in
1310 3770 1538 3826 Africam
1577 3784 1822 3825 reversus
1860 3777 1960 3824 est.
2004 3767 2204 3823 Deinde

637 3871 794 3927 Gothi
845 3870 900 3924 in
938 3867 1115 3923 Africa
1161 3865 1260 3920 sub
1309 3861 1578 3919 Bonifacio
1623 3860 1909 3918 militantes
1951 3860 2202 3915 Arianum

636 3963 942 4033 episcopum
985 3959 1322 4015 Maximinum
1362 3971 1542 4012 secum
1571 3956 1855 4022 duxerunt,
1891 3954 1975 4026 qui
2007 3953 2063 4009 S.
2099 3952 2207 4007 Au-

637 4055 904 4126 gustinum
940 4052 1008 4106 ad
1051 4059 1320 4106 certamen
1365 4065 1654 4118 provocare
1703 4065 1865 4103 ausus
1916 4055 2001 4101 est
2029 4063 2043 4101 :
2072 4046 2206 4101 adeo

638 4147 780 4202 enim
817 4144 927 4214 jam
972 4151 1082 4198 tum
1139 4141 1318 4195 Ariani
1365 4142 1417 4195 in
1461 4139 1637 4194 Africa
1688 4138 2096 4201 invalescebant,
2149 4145 2209 4191 ut

640 4233 797 4288 etiam
818 4231 1128 4286 Pascentius
1154 4245 1354 4294 comes,
1378 4228 1625 4285 Auxentii
1653 4227 2060 4282 Mediolanensis
2079 4225 2208 4280 olim

641 4323 874 4392 episcopi
906 4320 1089 4375 Ariani
1115 4320 1426 4390 discipulus,
1451 4335 1569 4376 cum
1600 4320 1784 4374 eodem
1825 4320 1880 4373 S.
1912 4319 2210 4388 Augustino

641 4411 709 4467 de
736 4411 838 4466 ﬁde
861 4412 1270 4480 diSputationem
1298 4412 1432 4466 inire
1459 4412 1704 4475 voluerit,
1729 4419 1787 4464 ut
1809 4426 1871 4466 ex
1905 4410 2060 4478 hujus
2082 4423 2210 4479 ope-

641 4499 790 4555 ribus
810 4510 864 4555 et
894 4500 1008 4555 Vita
1047 4515 1079 4554 a
1117 4499 1359 4556 Possidio
1389 4501 1584 4570 scripta
1625 4500 2035 4555 demonstratur.
2069 4499 2206 4565 Quid

642 4590 687 4646 si
736 4592 934 4656 nuptite
981 4593 1258 4660 Bonifacii,
1312 4593 1377 4647 ab
1424 4593 1718 4663 Augustino
1764 4591 2100 4660 reprehensa:
2145 4607 2207 4646 ea

643 4683 889 4752 epistola,
923 4698 1038 4753 qua:
1064 4699 1204 4740 anno
1241 4685 1343 4741 427
1385 4693 1610 4740 exeunte
1653 4684 1815 4738 missa
1849 4683 2105 4749 creditur,
2140 4697 2210 4738 eo

646 4781 888 4860 tempore
917 4773 1209 4830 acciderint
1237 4789 1342 4844 quo
1372 4775 1508 4829 inter
1534 4774 1794 4829 Vandalus
1818 4789 2029 4830 errores
2058 4773 2212 4828 Aria-

643 4879 834 4924 norum
858 4867 1190 4922 disseminari
1211 4869 1438 4936 erupisse
1453 4882 1557 4923 non
1579 4866 1888 4923 diffitemur?
1905 4868 2017 4938 88
2031 4867 2210 4936 Neque

644 4961 819 5030 colligi
846 4968 1020 5030 potest
1046 4975 1224 5031 regem
1261 4959 1632 5025 Guntharium,
1661 4969 1752 5016 aut
1773 4960 2057 5014 maximam
2083 4973 2213 5029 gen-

645 5053 714 5109 tis
739 5053 1093 5109 Vandalorum
1139 5062 1339 5122 partem
1375 5056 1483 5124 jam
1516 5063 1623 5110 tum
1657 5054 1846 5108 haeresi
1887 5053 2098 5108 Ariante
2121 5052 2212 5106 ad-

647 5143 889 5213 ba'sisse,
923 5145 1130 5200 etiamsi
1164 5145 1354 5200 femina
1395 5146 1572 5215 aliqua
1604 5145 1836 5201 Vandala
1871 5160 1901 5200 a
1943 5144 2213 5200 Bonifacio

646 5235 703 5292 In
745 5238 1140 5294 matrimonium
1175 5238 1329 5293 ducta
1371 5239 1686 5294 Arianorum
1717 5237 1990 5295 erroribus
2015 5237 2211 5292 imbuta

646 5326 810 5384 fuisse
832 5329 1056 5386 dicatur.

719 5420 845 5474 116.
886 5417 1264 5477 Gravissimam
1296 5421 1717 5490 persecutionem
1757 5437 1822 5477 eo
1851 5430 2091 5490 tempore
2119 5423 2216 5473 ad-

646 5511 834 5566 hersus
851 5511 1142 5568 catholicos
1161 5514 1221 5568 in
1246 5513 1493 5583 Hispania
1522 5527 1549 5567 a
1570 5513 1823 5566 .Vaudalis
1844 5521 2040 5566 motam
2064 5527 2211 5566 com-

648 5609 909 5653 memorat
939 5601 1239 5657 Ruinartius
1258 5619 1378 5670 cap.
1407 5604 1443 5657 2
1471 5603 1603 5668 Hist.
1628 5602 1872 5666 VandaL,
1900 5603 2214 5657 auctoritate

650 5679 887 5754 Gregorii
916 5688 1240 5745 Turonensis
1269 5691 1362 5746 lib.
1394 5709 1428 5747 ιι
1471 5693 1668 5748 I—Iistor.
1700 5691 1975 5760 Fraucor.,
2005 5707 2121 5759 cap.
2154 5691 2206 5743 2.

2277 1869 2409 1922 idem
2447 1875 2642 1930 tentpus
2676 1872 2889 1930 quatuor
2918 1859 3141 1927 Hispani
3176 1859 3276 1913 viri
3311 1858 3574 1924 Arcadius,
3601 1855 3770 1916 Probtu,

2281 1957 2602 2020 Paschasius,
2643 1962 2688 2009 et
2727 1952 3073 2022 Eutychianus
3109 1949 3309 2004 dudum
3353 1948 3484 2017 apud
3510 1946 3772 2000 Censericum

2277 2053 2455 2106 merito
2483 2048 2750 2115 sapientia:
2776 2062 2838 2100 ac
2867 2044 3034 2114 ﬁdelis
3059 2041 3289 2112 obsequii
3319 2041 3439 2094 clari
3463 2038 3638 2107 cariquc
3661 2036 3774 2090 halte-

2279 2146 2462 2200 bantur
2490 2157 2508 2195 :
2537 2156 2660 2208 quos
2687 2154 2778 2192 rex
2803 2144 2856 2190 ut
2887 2135 3223 2206 copulatiores
3251 2131 3345 2186 sibi
3381 2130 3572 2199 faceret,
3598 2130 3641 2180 in
3664 2128 3778 2179 Aria-

2279 2247 2396 2289 n‘am
2436 2229 2706 2300 perﬁdiam
2749 2226 2965 2280 transire
3012 2223 3328 2291 prtecepit...
3377 2219 3548 2272 illustri
3585 2217 3780 2285 ntartgrio

2281 2325 2582 2380 mirabiliter
2629 2320 2994 2374 occubuerunt.
3047 2314 3371 2370 Gensericus
3418 2310 3692 2375 Carthagine
3721 2320 3782 2358 re-

2282 2430 2445 2488 gnare
2473 2412 2635 2482 empit
2671 2427 2795 2465 ann.
2839 2407 2962 2473 459,
3003 2415 3056 2461 et
3103 2407 3202 2461 hac
3251 2406 3314 2459 in
3361 2405 3484 2458 ttrhe
3519 2401 3780 2470 potissimum

2287 2506 2586 2576 persecutio
2619 2501 2900 2556 Vamlalica
2931 2502 3072 2554 vires
3109 2512 3232 2551 snas
3269 2497 3495 2552 exeruit.
3533 2491 3658 2560 Quod
3683 2492 3716 2545 si
3746 2491 3783 2543 in

2288 2598 2532 2667 Ilispania
2572 2593 2809 2650 nonnulli
2852 2594 3000 2662 jussu
3049 2590 3334 2647 Genserici
3369 2593 3498 2658 regis
3532 2585 3783 2655 martyrium

2288 2685 2590 2750 subierunt,
2640 2683 2690 2737 id
2747 2680 2916 2750 potuit
2958 2678 3200 2733 accidere
3243 2677 3378 2731 dum
3425 2675 3615 2730 Vandali
3643 2673 3730 2741 jam
3750 2671 3786 2724 in

2288 2775 2463 2830 Africa
2495 2781 2906 2836 commorantes,
2944 2771 2998 2824 in
3031 2757 3340 2838 Ilispauiam
3377 2768 3578 2822 navibus
3612 2763 3787 2828 advecti,

2291 2869 2521 2939 aliquam
2563 2862 2911 2935 irruptionem
2961 2863 3216 2922 fecerunt,
3254 2872 3323 2916 ut
3367 2862 3554 2914 ldacius
3585 2857 3718 2913 refert
3743 2854 3789 2907 ad

2293 2973 2418 3012 ann.
2447 2953 2552 3010 449
2579 2971 2594 3010 :
2634 2953 2854 3008 Vandali
2883 2953 3089 3006 navibus
3127 2951 3365 3006 Turonio
3401 2955 3449 3003 in
3476 2951 3625 3002 littore
3647 2945 3790 3000 Galla»

2296 3049 2389 3103 cite
2411 3056 2612 3118 repente
2639 3046 2831 3100 advecti
2856 3044 3078 3115 lautitias
3099 3044 3316 3112 capiunt
3341 3041 3658 3114 plurimorum.

2888 3183 3110 3239 CAPUT
3152 3181 3262 3236 XII.

2299 3301 2538 3355 Carmina
2565 3296 2828 3351 Dracon-tii
2853 3296 2914 3348 ab
2930 3296 3150 3364 antiquis
3177 3295 3240 3347 de
3263 3295 3515 3347 industria
3535 3287 3797 3356 interpolato.

2429 3367 2732 3440 Conjectura
2760 3369 2821 3419 de
2849 3375 3014 3420 statua
3048 3367 3333 3418 Dracontio
3363 3365 3528 3417 [tonus
3551 3371 3706 3414 erecta.

2367 3509 2480 3580 89
2518 3507 2657 3562 “5..
2694 3505 3018 3561 Guntharius
3065 3518 3171 3571 quo
3221 3511 3466 3572 tempore
3508 3516 3533 3554 a
3581 3494 3801 3552 Dracottlio

2302 3597 2545 3652 laudatus
2585 3596 2706 3661 fuit,
2741 3595 2964 3649 fortasse
3003 3608 3095 3648 eas
3139 3594 3330 3649 laudes
3363 3593 3570 3648 meritus
3607 3593 3803 3651 erat,att|

2305 3690 2387 3745 his
2429 3703 2532 3744 non
2571 3689 2818 3757 indignus
2867 3687 3201 3751 habebatur;
3256 3695 3409 3740 certe
3454 3685 3638 3738 nullum
3675 3687 3805 3732 exstat

2306 3788 2708 3834 monumentum
2763 3791 2870 3846 quo
2927 3792 3049 3831 eum
3107 3777 3158 3830 in
3211 3776 3345 3831 odio
3399 3773 3529 3844 apud
3578 3769 3808 3827 catholicos

2307 3872 2470 3926 fuisse
2496 3871 2794 3927 credamus.
2828 3870 2950 3924 Post
2980 3869 3030 3923 id
3068 3877 3279 3938 tempus
3314 3869 3499 3923 accidit
3528 3865 3651 3932 quod
3676 3867 3809 3915 narrat

2307 3961 2512 4016 Idacius
2551 3960 2618 4015 ad
2659 3973 2854 4013 annum
2886 3957 3026 4012 I98:
3058 3956 3384 4012 Gaudet-iens
3412 3972 3501 4010 me
3529 3951 3810 4008 Vandalorum

2309 4061 2459 4124 capta
2481 4049 2706 4120 Hispali,
2732 4065 2844 4101 cum
2867 4049 3020 4118 impie
3045 4049 3208 4102 elatus
3234 4063 3421 4100 manus
3451 4049 3499 4100 in
3528 4048 3749 4102 ecclesiam
3768 4041 3821 4093 rid

2309 4145 2478 4198 uitatis
2504 4141 2662 4210 ipsius
2687 4139 3007 4215 extatdisset,
3025 4155 3141 4192 mox
3167 4138 3262 4192 Dei
3282 4140 3484 4214 judicio
3515 4142 3714 4194 damone
3729 4149 3814 4185 cor-

2309 4247 2480 4304 reptus
2510 4234 2720 4289 interiit.
2739 4233 2832 4286 Cui
2858 4233 3093 4288 adhaeret
3116 4233 3352 4288 Isidorus
3383 4235 3431 4288 in
3460 4234 3640 4288 Uistor.
3668 4223 3815 4282 Vand..

2310 4327 2400 4384 ubi
2439 4326 2506 4382 de
2533 4327 2836 4384 Gunderico
2874 4325 2989 4382 sive
3030 4326 3332 4381 Gunthario
3366 4328 3600 4396 loquens,
3629 4321 3723 4374 ait:
3747 4313 3816 4368 fli-

2311 4419 2496 4487 spalim
2522 4418 2697 4484 diruit,
2731 4426 2941 4486 actaque
2970 4417 3106 4470 cwde
3130 4417 3183 4470 in
3217 4417 3549 4487 direptionem
3577 4411 3723 4465 mittit.
3747 4402 3819 4471 Qui

2314 4525 2430 4562 cum
2458 4508 2762 4562 auctoritate
2797 4507 2949 4579 regia:
2979 4508 3239 4576 potestatis
3267 4508 3588 4560 irreverenter
3615 4511 3762 4553 manus
3781 4494 3820 4545 in

2315 4597 2578 4654 basilicam
2602 4597 2854 4652 Vincentii
2876 4599 3112 4668 martyris
3133 4598 3350 4652 civitatis
3377 4599 3536 4664 ipsius
3559 4592 3820 4648 extendisse.

2317 4706 2433 4744 mox
2462 4688 2557 4742 Dei
2576 4689 2778 4760 judicio
2808 4691 2862 4743 in
2897 4690 3090 4760 foribus
3122 4690 3297 4760 templi
3338 4689 3581 4742 dmonio
3615 4687 3823 4748 correptus

2313 4783 2528 4837 interiit.
2554 4783 2649 4837 IIic
2678 4781 2828 4836 locus
2851 4783 3081 4836 maxime
3102 4783 3323 4836 idoneus
3351 4783 3532 4836 fuisset
3559 4789 3611 4833 ιιι
3633 4786 3822 4840 uterqm‘.

2317 4874 2522 4929 Idacius
2551 4884 2602 4928 et
2637 4874 2898 4937 Isidorus,
2928 4867 2994 4928 de
3031 4871 3222 4928 haeresi
3256 4875 3452 4928 Ariana
3489 4867 3737 4926 Gnntharii
3770 4863 3824 4914 Ιοι

2313 4974 2636 5034 querentur,
2676 4979 2831 5032 quam
2871 4964 3014 5018 illico
3050 4963 3201 5019 fratri
3227 4963 3518 5018 Geaserico
3539 4959 3824 5029 exprobrant.

2315 5057 2497 5126 Itaque
2523 5057 2802 5112 Guntharii
2844 5072 3037 5112 nomen
3077 5057 3319 5112 odiosum
3365 5057 3462 5110 l‘uit
3501 5071 3602 5108 non
3631 5053 3690 5106 ob
3716 5046 3825 5102 Aria-

2313 5148 2540 5203 nismum
2561 5187 2574 5211 ,
2607 5145 2699 5201 sed
2729 5147 2798 5200 ob
2828 5146 3150 5215 impietatem
3183 5161 3283 5216 qua
3313 5160 3506 5200 manus
3536 5147 3584 5197 in
3610 5139 3823 5196 basilicam

2315 5238 2641 5295 S.Vineentii
2657 5239 2914 5303 extendit,
2934 5239 3304 5307 funestamque
3318 5247 3548 5293 mortem
3567 5235 3676 5288 inde
3686 5239 3827 5284 consc-

2315 5339 2512 5385 cntam.
2547 5329 2832 5398 Procopius
2857 5330 3095 5397 quidem,
3127 5331 3226 5384 lib.
3249 5344 3268 5383 ι
3299 5329 3436 5383 Hist.
3469 5328 3650 5387 Vand.,
3680 5323 3827 5376 tantam

2318 5422 2482 5476 fuisse
2513 5421 2582 5474 ait
2616 5420 2959 5475 Genscricum
2985 5423 3170 5476 mortis
3201 5423 3376 5496 fratris
3401 5417 3666 5476 Guntharii
3689 5417 3830 5466 auclo-

2317 5527 2431 5566 rem
2465 5512 2625 5566 fuisse
2654 5527 2668 5573 ;
2701 5525 2760 5565 se
2790 5520 2965 5565 autem
2995 5526 3024 5565 a
3055 5511 3305 5567 Vandalis
3333 5515 3604 5577 accepisse
3637 5499 3825 5560 Guntha-

2319 5603 2458 5657 rium
2482 5603 2531 5654 iu
2568 5601 2816 5668 Hispania
2841 5617 2870 5655 a
2898 5602 3178 5658 Germanis
3204 5610 3422 5673 captum
3453 5603 3504 5656 in
3523 5599 3690 5670 praelio
3710 5591 3836 5647 [υἰεεθ

2321 5694 2572 5754 cruciauc
2604 5692 2844 5748 alti-mm.
2877 5693 3070 5750 Verum
3099 5692 3397 5751 auctoritas
3421 5691 3580 5747 ldacii
3611 5685 3762 5744 hacin
3793 5692 3837 5730 rt:
