4030 6170
203 286 284 344 661

1527 278 2055 346 PROLEGOMENA.

3315 290 3448 346 662'

207 403 342 468 longe
370 396 541 465 major
573 401 687 461 est,
727 393 1020 464 praesertim
1061 390 1350 450 accedente
1388 391 1592 454 Isidoro
1613 433 1629 458 ,
1659 391 1749 461 qui
1781 395 1828 456 Α
1858 389 2310 457 Satisfactionent,
2335 391 2582 448 licentius
2602 392 2930 463 corrigerent
2948 403 3001 450 et
3021 394 3415 466 interpolarent.

209 489 364 552 ldaeio
400 486 604 555 aliquid
643 484 824 552 addit,
862 499 929 540 ex
965 485 1085 539 aliis
1120 483 1326 540 scilicet
1371 486 1749 553 monumentis,

208 591 282 631 aut
303 591 367 629 ex
396 573 680 630 traditione
712 573 935 642 Hispali,
965 573 1054 630 ubi
1083 573 1366 644 episc0pus
1390 573 1506 643 ipse
1533 580 1652 630 erat
1680 574 1755 628 vi-

210 677 367 738 gente.

274 759 385 814 illi.
418 755 656 816 Infamia:
689 755 966 812 Gunlbarii
994 769 1022 810 a
1050 755 1290 811 damone
1314 756 1566 824 correpti,
1596 765 1650 812 et
1678 756 1758 813 in-

213 849 418 905 feliciter
467 849 718 911 cxstiueti
764 849 988 906 accessit
1038 849 1326 914 crudelitas
1379 849 1655 905 Genserici
1703 850 1757 904 in

213 939 373 996 Africa
395 938 685 993 catholicos
713 939 974 1004 vexantis,
996 947 1050 994 et
1076 939 1254 1008 plures
1283 940 1412 994 alias
1435 939 1758 1008 provincias.

217 1031 503 1101 Hispaniam
527 1031 686 1084 etiam
726 1043 787 1088 ac
814 1029 1035 1088 Romam
1063 1031 1096 1098 it
1117 1044 1230 1086 sam
1259 1033 1633 1102 depraedantis.
1670 1035 1760 1088 His

212 1122 270 1178 de
293 1123 465 1177 causis
497 1121 709 1191 Hispani
744 1121 1007 1180 Vandalos
1046 1122 1338 1178 abominari
1384 1123 1612 1194 odioque
1645 1141 1758 1193 pro-

211 1215 344 1284 sequi
390 1213 706 1274 debuerunt.
743 1213 1097 1285 Quamobrem
1134 1216 1313 1270 mirari
1341 1216 1480 1270 subit
1520 1217 1610 1285 qui
1651 1217 1762 1272 fieri

211 1303 370 1374 potuit
397 1313 454 1358 ιιι
482 1304 811 1360 nobilissima
839 1303 1107 1375 Hispania:
1133 1307 1406 1375 provincia
1437 1308 1632 1366 Baetica
1657 1310 1766 1380 90

210 1408 320 1452 cum
357 1396 537 1465 aliquo
563 1411 754 1464 nempe
790 1396 976 1450 finium
1003 1407 1246 1452 veterum
1273 1407 1329 1453 et
1353 1399 1646 1454 recentium
1677 1402 1760 1455 di-

210 1486 452 1542 scrimine
484 1501 515 1540 a
540 1486 789 1542 Vaudalis
817 1502 1010 1543 nomen
1037 1487 1370 1543 Vandalusite
1397 1491 1722 1546 conservarit
1749 1511 1761 1546 :

209 1579 250 1634 si
280 1589 454 1634 tamen
490 1578 590 1634 hoc
617 1593 812 1633 nomen
847 1594 1077 1649 unquam
1104 1579 1304 1634 habuit.
1338 1579 1654 1649 Pervulgata
1683 1591 1766 1637 est

213 1670 314 1725 haec
337 1670 523 1737 Opinio
545 1670 818 1724 hominum
851 1670 1008 1725 etiam
1039 1654 1485 1735 doctissimorum,
1516 1671 1762 1726 Baeticam

1858 483 1914 538 ld
1941 499 2010 538 an
2032 483 2100 538 ab
2123 481 2240 538 aliis
2268 482 2441 551 aliqua
2470 498 2535 538 ex
2572 491 2719 551 parte
2746 483 2940 539 factum
2983 487 3142 542 fuerit
3165 497 3287 545 ante
3317 489 3424 546 Eu-

1856 576 2071 643 genium
2105 572 2448 640 Toletanum,
2491 573 2714 629 definire
2757 590 2860 630 non
2905 577 3097 632 ausim.
3130 576 3286 635 Certe
3313 581 3422 648 jam

1860 664 1917 720 S.
1962 664 2148 721 lsidori
2186 673 2427 734 tempore
2467 679 2589 733 pars
2628 666 2782 735 primi
2825 667 2968 729 libri,
3011 683 3130 738 qua:
3157 669 3223 724 de
3251 671 3426 739 Opere

1861 771 1953 812 sex
1978 757 2184 812 dierum
2219 757 2470 826 inscripta
2500 757 2618 825 fuit,
2652 772 2680 810 a
2704 759 2907 828 reliquo
2935 775 3157 829 corpore
3182 773 3424 828 separata

1860 854 2006 913 erat,
2042 855 2096 901 et
2130 847 2197 900 ab
2233 846 2421 901 eodem
2467 846 2673 901 Isidoro
2712 848 3117 916 corruptissime
3157 850 3428 919 legebatur

1863 951 2049 993 versus
2075 937 2287 1006 quidam
2321 937 2475 1006 primi
2515 937 2669 1006 hujus
2699 937 2852 1004 libri,
2888 948 2944 992 ut
2987 942 3164 995 notavi
3198 959 3345 997 num.
3373 946 3427 997 7.
3507 1007 3517 1015 ο

1865 1026 2134 1098 Eugenius
2157 1025 2564 1082 Chindasuintbi
2595 1027 2734 1097 regis
2755 1026 2905 1096 jussu
2935 1029 3142 1084 libellos
3160 1031 3428 1087 Dracortii

1864 1120 1928 1174 de
1955 1119 2218 1175 Creatione
2245 1120 2423 1174 mundi
2448 1122 2803 1191 conscriptos,
2844 1131 2903 1177 ut
2943 1123 3176 1193 loquitur
3205 1126 3263 1182 S.
3292 1127 3432 1181 lldc-

1867 1212 2068 1278 fonsus,
2099 1213 2333 1282 suscepit
2361 1211 2744 1267 emendandos.
2773 1213 2828 1268 ln
2856 1214 3095 1269 versibus
3120 1217 3207 1285 qui
3230 1217 3294 1270 ad
3323 1223 3432 1287 pri-

1867 1319 2008 1360 mum
2038 1303 2229 1359 librum
2263 1303 2328 1357 de
2362 1303 2471 1358 Deo
2497 1304 2782 1372 pertinent,
2819 1305 3088 1360 nonnullae
3115 1307 3434 1363 mutationes

1871 1395 2020 1450 factae
2047 1403 2192 1462 sunt,
2225 1394 2318 1449 sed
2345 1409 2451 1448 non
2488 1393 2774 1451 admodum
2807 1395 3134 1468 frequentes,
3165 1414 3337 1468 neque
3364 1400 3432 1453 ita

1869 1489 2044 1558 magni
2068 1489 2353 1553 'momenti,
2385 1496 2444 1542 ut
2471 1497 2712 1542 nostrum
2752 1488 2990 1544 codicem
3031 1505 3152 1545 cum
3188 1491 3434 1547 Sirmon-

1869 1578 2027 1632 diano
2054 1575 2347 1632 conferenti
2391 1576 2611 1645 patebit.
2641 1578 2694 1632 ln
2724 1579 2949 1647 epistola
2992 1581 3289 1650 praesertim
3331 1582 3440 1636 Eu-~

1869 1667 2054 1741 genius
2088 1681 2150 1723 ea
2185 1666 2394 1722 videtur
2437 1665 2628 1723 fecisse
2656 1683 2774 1737 quae
2814 1669 2866 1723 in
2910 1684 3005 1724 sua
3036 1672 3343 1738 praefatione
3370 1674 3462 1727 ad‘

209 1775 338 1816 nunc
373 1760 482 1814 dici
521 1761 841 1827 Andalusia,
887 1761 1011 1831 quia
1054 1761 1180 1816 olim
1211 1775 1242 1815 a
1272 1760 1521 1818 Vandalis
1555 1761 1760 1817 Vanda-
1801 1753 1844 1812 Β
1873 1772 2050 1828 regem
2073 1756 2554 1814 Cbindasuinthum
2579 1767 2778 1822 narrat,
2800 1760 3061 1828 superﬂua
3087 1775 3141 1813 se
3168 1760 3441 1832 detnpsisse

211 1853 342 1906 lusit:
368 1867 566 1908 nomen
598 1853 838 1920 accepit:
871 1867 1168 1924 quanquam
1199 1853 1286 1907 alii
1315 1853 1622 1908 Vandaliam
1650 1870 1765 1909 eam

210 1942 492 2011 appellant,
521 1942 608 1996 alii
645 1941 1016 2008 Vandaliliam,
1049 1942 1140 1998 alii
1173 1942 1558 1998 Vandalosiam.
1585 1943 1767 1998 Videri

214 2033 298 2086 hac
317 2034 384 2088 de
411 2049 470 2088 re
494 2043 712 2101 possunt
730 2033 1021 2092 Rodcricus
1039 2035 1768 2104 archiepiscopus'foletanus

211 2125 332 2180 llist.
369 2123 595 2178 Vaudal.
626 2138 746 2192 cap.
798 2122 892 2188 12,
922 2135 975 2178 et
1014 2127 1102 2194 qui
1137 2141 1259 2179 eum
1302 2125 1469 2180 secuti
1501 2127 1764 2193 videntur,

211 2215 500 2296 qutricus
536 2218 779 2285 Sanctius
816 2217 882 2271 de
920 2216 1148 2272 Arevalo
1185 2217 1321 2272 Hist.
1371 2219 1518 2288 llisp.
1551 2229 1685 2289 part.
1721 2237 1766 2284 ι,

207 2320 314 2374 cap.
357 2307 437 2369 7;
490 2304 850 2359 Nebrissensis
899 2308 952 2358 in
995 2305 1284 2375 prolegom.
1317 2307 1382 2361 ad
1423 2308 1620 2363 Decad.
1662 2325 1766 2364 rer.

208 2407 330 2466 gest.
364 2396 589 2451 Fcrdin.
625 2405 677 2450 ct
715 2395 944 2459 Elisab.;
975 2395 1192 2452 Vasaeus
1231 2399 1284 2453 in
1332 2399 1528 2453 Chron.
1558 2416 1674 2468 cap.
1709 2404 1769 2465 8;

208 2491 435 2544 Mariana
460 2489 554 2542 lib.
580 2504 596 2542 ι
622 2489 755 2543 llist.
783 2488 954 2555 llisp.,
981 2504 1098 2559 cap.
1117 2489 1184 2555 ις
1213 2491 1524 2545 Ambrosius
1550 2493 1774 2545 Murali-5

207 2581 292 2634 lib.
313 2597 365 2634 ιι
391 2580 560 2647 flist.,
591 2595 708 2650 cap.
729 2579 816 2646 l5,
835 2591 889 2634 ut
917 2580 1258 2652 Volfgangum
1277 2581 1515 2644 Lazium.
1532 2581 1771 2638 Grotium

205 2671 444 2741 aliosque
471 2673 734 2726 omittam.
777 2671 1034 2741 Equidem
1065 2682 1273 2726 veteres
1320 2674 1609 2742 striptores
1648 2673 1772 2728 dum

205 2761 474 2829 perlustro
502 2760 592 2830 qui
622 2777 650 2814 a
683 2761 1040 2816 Vandalorum
1070 2770 1310 2830 tempore
1353 2762 1416 2816 ad
1447 2764 1597 2832 plura
1626 2763 1775 2818 dein-

202 2867 319 2924 ceps
365 2853 756 2923 consequentia
784 2853 975 2908 saecula
1007 2853 1288 2921 vixerunt,
1321 2867 1536 2922 semper
1565 2856 1776 2911 invenio

205 2944 333 2999 hanc
372 2945 708 3014 provinciam
755 2945 1001 2999 Bmticam
1038 2945 1106 2999 ab
1151 2945 1229 3000 eis
1265 2947 1466 3010 vocari,
1509 2961 1774 3016 nunquam

211 3032 605 3097 Vandalusiam,
647 3043 740 3088 aut
781 3034 887 3088 alio
925 3037 1140 3090 nomine
1175 3035 1484 3098 aVandalis
1526 3037 1773 3104 repetito.

201 3123 522 3181 Scribebattt
564 3124 640 3178 illi
670 3125 882 3193 quidem
913 3125 1117 3190 Latine,
1146 3125 1240 3180 sed
1270 3142 1388 3180 cum
1417 3125 1518 3180 alia
1552 3103 1714 3180 multa
1745 3144 1775 3182 e
1803 3103 1850 3164 Ο

203 3219 393 3287 vu'gari
447 3232 697 3273 sermone
728 3219 987 3272 vocabula
1027 3226 1327 3288 sumerent,
1359 3218 1577 3274 difficile
1605 3229 1688 3274 est
1719 3230 1777 3274 ut

202 3322 477 3377 nunquam
513 3307 884 3362 Vandalusiam
914 3310 1270 3372 nominarent,
1304 3309 1564 3380 siquidem
1593 3326 1653 3365 ea
1680 3325 1778 3381 ap-

199 3398 412 3466 pellatio
451 3412 547 3451 usu
571 3409 781 3466 recepta
803 3407 934 3452 erat.
958 3400 1019 3453 Et
1048 3399 1339 3455 R'odericus
1357 3400 1568 3468 quidem
1599 3402 1779 3456 archi-

199 3490 487 3559 episcOpus
529 3489 818 3546 Toletanus
860 3492 962 3547 loc.
1014 3493 1107 3547 cit.
1154 3507 1184 3546 a
1227 3493 1476 3548 Vandalis
1524 3495 1780 3566 Silinguis

202 3581 460 3653 originem
487 3584 722 3637 nominis
750 3585 979 3648 repetit:
1007 3585 1134 3653 Qua:
1157 3587 1314 3659 regio,
1341 3586 1534 3659 inquit,
1562 3605 1592 3642 a
1619 3588 1781 3646 Siliu-

200 3676 308 3742 guis
334 3674 600 3729 Vandalis
625 3675 796 3728 adhuc
820 3674 968 3729 hodie
987 3675 1241 3737 Vandalia
1266 3689 1608 3747 nuncupatur,
1631 3694 1782 3747 quam

202 3766 555 3820 Andalusiam
585 3751 828 3835 corrupto
855 3768 1100 3831 vocabulo
1129 3770 1406 3839 uulgariter
1442 3771 1781 3841 appellamur.

197 3859 544 3917 Vocabulum
575 3874 705 3931 ergo
734 3860 1021 3916 Andalusia
1054 3863 1274 3932 vulgare
1300 3863 1410 3932 jam
1439 3872 1554 3918 erat
1586 3863 1784 3920 saeculo

199 3965 311 4019 ιιιι,
335 3969 449 4023 quo
485 3951 1090 4016 scribebatRoderieus,
1115 3961 1405 4022 sumptum,
1428 3960 1482 4006 ut
1512 3967 1616 4006 non
1649 3952 1784 4012 male

196 4044 416 4112 coniicit
440 4042 727 4098 Florezius
758 4051 888 4097 tom.
913 4042 982 4096 1X
1012 4043 1158 4112 llisp.
1177 4057 1340 4110 sacr.,
1366 4050 1522 4098 tract.
1547 4043 1635 4108 28,
1663 4057 1783 4111 cap.

197 4137 248 4202 ι,
279 4153 306 4188 a
341 4152 487 4193 voce
524 4137 753 4191 Arabica
795 4135 1050 4200 Andalos,
1083 4151 1201 4204 quae
1246 4151 1358 4197 rem
1396 4136 1784 4192 occidentalem

193 4230 499 4300 signiﬁcat.
538 4228 632 4291 Et,
672 4237 730 4282 ut
768 4230 1004 4294 videtur,
1047 4227 1273 4295 primum
1312 4228 1602 4282 Andalusia
1644 4230 1788 4282 dice-

197 4317 356 4372 batur
397 4326 520 4374 tota
568 4316 851 4386 Hispania,
883 4317 965 4371 vel
997 4331 1184 4372 omnes
1211 4317 1316 4372 illa:
1355 4318 1641 4386 provinciae
1669 4332 1788 4388 qua:

1870 1851 1952 1921 (ut
1973 1853 2088 1920 ipse
2106 1850 2364 1920 putabat),
2387 1850 2665 1918 semiplena
2693 1853 3020 1922 supplevisse,
3050 1856 3215 1923 fracta
3239 1863 3437 1909 comta.

1871 1941 2106 2005 bilivisse,
2138 1939 2309 1995 crebro
2337 1941 2549 2011 repetita
2579 1950 2815 2004 mutasse,
2841 1941 3113 1996 uersiculos
3141 1945 3438 2009 detraxisse,

1869 2031 1954 2099 qui
1985 2039 2032 2085 et
2059 2047 2207 2084 sensu
2231 2031 2407 2101 tepidi,
2439 2041 2488 2084 et
2511 2032 2668 2084 verbis
2697 2033 2914 2100 illepidi,
2943 2040 2989 2085 et
3016 2033 3158 2086 nulla
3184 2044 3329 2088 erant
3357 2052 3439 2087 ra.

1870 2123 2002 2176 tione
2029 2122 2254 2191 subnixi,
2291 2123 2344 2176 in
2381 2123 2560 2192 quibus
2589 2122 2719 2176 nihil
2748 2125 3088 2192 reperiebatur
3116 2142 3214 2194 quo
3244 2127 3439 2181 lectoris

1870 2213 2070 2266 animus
2099 2221 2188 2266 aut
2226 2212 2530 2266 mulceretur
2560 2211 2754 2279 doctus,
2787 2224 2873 2266 aut
2903 2214 3167 2268 doceretur
3190 2216 3441 2269 indoctus.

1873 2303 2014 2358 Nihil
2047 2313 2222 2358 autem
2255 2303 2403 2373 prius
2433 2302 2620 2358 habuit
2652 2304 2946 2373 Eugenius,
2979 2305 3094 2358 sive
3129 2305 3265 2358 alius
3297 2306 3441 2374 (nam

1874 2396 2100 2451 furtasse
2124 2405 2246 2450 ante
2283 2395 2366 2450 vel
2395 2405 2512 2463 post
2541 2395 2834 2463 Eugenium
2864 2397 3000 2450 alius
3030 2395 3129 2449 fuit
3155 2397 3446 2466 interpola-

1874 2483 2001 2554 tor),
2025 2499 2182 2554 quam
2216 2493 2273 2538 ut
2305 2484 2613 2538 memoriam
2648 2499 2865 2538 omnem
2904 2486 3045 2554 regis
3079 2487 3440 2541 Vandalorum

1875 2573 2084 2640 penitus
2107 2573 2363 2638 aboleret,
2396 2588 2687 2650 versusque
2719 2575 2838 2629 illos
2867 2574 3136 2630 omitteret
3163 2593 3225 2631 ex
3253 2577 3441 2647 quibus

1875 2665 2085 2720 occasio
2123 2678 2225 2734 qua
2269 2664 2466 2732 scripta
2515 2663 2614 2720 fuit
2648 2664 2947 2720 Satisfactio
2989 2667 3192 2736 percipi
3238 2678 3435 2736 posset.

1876 2755 2010 2810 llinc
2041 2753 2385 2823 prtetermissi
2413 2756 2631 2809 omnino
2652 2761 2778 2810 sunt
2805 2753 2860 2808 bi
2892 2767 3118 2809 versus:

2062 2893 2282 2942 Nominis
2306 2892 2534 2954 Asdingui
2555 2893 2682 2942 bella
2706 2894 3090 2953 triumpltiger'a..
3281 2920 3286 2924 ι

1999 2954 2197 3018 Servet,
2220 2955 2294 3001 avi
2315 2963 2370 3003 ut
2392 2954 2563 3018 laudes
2579 2957 2752 3016 dicam,
2775 2957 3066 3018 patriasque,
3095 2953 3325 3017 tuasque;

2063 3013 2260 3077 Perque
2281 3026 2394 3065 suas
2413 3013 2575 3077 proles
2596 3013 2864 3077 regia’v‘ota
2883 3013 3065 3064 canam;

1953 3146 2077 3203 ll8.
2122 3146 2308 3203 Dedita
2357 3145 2517 3202 etiam
2549 3160 2706 3215 opera
2755 3146 3005 3215 postremi
3056 3145 3442 3207 Satisl'actionis

1881 3254 2068 3294 versus
2100 3238 2280 3293 omissi
2322 3237 2600 3304 videntur,
2645 3237 2836 3306 qitibus
2885 3251 3138 3291 aerumnae
3176 3237 3443 3296 Dracontii

1881 3331 2078 3385 clarius
2116 3328 2518 3390 describuntur,
2565 3326 2872 3395 factumque
2913 3326 3040 3381 illud
3089 3335 3336 3382 narratur
3379 3343 3444 3381 ex

1880 3435 1987 3492 quo
2031 3429 2237 3474 veteres
2287 3432 2468 3487 regem
2517 3416 2606 3486 qni
2657 3415 2974 3471 laudabatur
3019 3425 3238 3485 possent
3284 3431 3442 3487 agno-

1881 3525 2030 3567 scere
2055 3525 2071 3561 :

2003 3647 2214 3700 Inclvtus
2237 3645 2548 3705 armipotens.
2574 3649 2750 3694 vestrae
2770 3646 2966 3706 pietatis
2981 3647 3137 3706 origo,

2065 3709 2174 3825 9%
2196 3715 2253 3764 Et
2274 3715 2458 3771 doctus,
2485 3713 2632 3775 genio
2654 3715 2849 3773 pronior
2870 3714 2928 3761 ad
2953 3717 3165 3772 veniam,

2065 3791 2112 3825 ιιι
2173 3777 2318 3825 omini
2343 3779 2560 3825 lanosco.
2589 3775 2731 3825 dixit.
2758 3774 2846 3824 sed
2870 3774 3035 3825 lingua
3060 3786 3165 3824 mer

2007 3774 2112 3828 Νοῖι
2126 3774 2318 3825 homini
2343 3774 2560 3838 ignosco,
2588 3775 2731 3838 dixit,
2758 3774 2846 3838 sed
2870 3774 3035 3838 lingua
3060 3782 3283 3825 meretur
3309 3791 3321 3823 :

2009 3853 2016 3859 '
2069 3838 2160 3890 Hic
2187 3849 2300 3887 reus
2325 3833 2564 3886 et’doctus
2588 3834 2894 3884 Vincomalus
2913 3833 3092 3887 fuerat.

1885 3967 2000 4024 Non
2039 3977 2215 4022 tamen
2257 3966 2494 4037 Eugenio
2531 3966 2900 4034 imputaverim
2939 3965 3080 4036 quod
3118 3966 3328 4021 titulum
3356 3967 3449 4021 Sa.

1889 4057 2222 4124 tisfactiunis,
2254 4057 2404 4128 quasi
2433 4056 2497 4111 ad
2528 4055 2885 4112 Theodosium
2917 4057 3188 4112 Juniorem
3219 4058 3448 4126 scriptun.

1889 4153 2001 4218 ipse
2030 4152 2387 4220 supposuerit,
2419 4151 2584 4220 priori
2611 4149 2958 4216 inscriptione
2985 4149 3158 4204 deleta
3188 4163 3288 4217 qua
3313 4150 3452 4218 regis

1891 4242 2252 4297 Vandalorum
2299 4255 2493 4295 nomen
2538 4254 2847 4306 expressum
2890 4250 3048 4306 erat;
3100 4255 3270 4308 neque
3313 4242 3454 4294 enim

1891 4332 2104 4386 credam
2124 4334 2293 4386 virum
2320 4332 2540 4398 probum
2565 4331 2910 4400 veritatisque
2933 4332 3230 4386 studiosum
3254 4338 3457 4386 tantum

192 4423 223 4462 ι
263 4407 477 4462 Mauris
519 4405 872 4470 tenebantur;
913 4406 1105 4461 deinde
1146 4406 1247 4462 hoc
1283 4422 1474 4461 nomen
1521 4407 1674 4460 ltmsit
1709 4407 1776 4461 ifli

193 4499 346 4519 -..Α-2
403 4500 499 4519 _!,__
533 4512 644 4519 ---μ
676 4497 795 4519 ΑΗ..
827 4496 931 4519 Γ---
964 4497 1150 4519 Π--ιτ-Α
1187 4506 1292 4519 -..-ι
1343 4507 1385 4519 Α.
1421 4500 1466 4519 z-
1505 4514 1594 4519 __-_
1620 4499 1776 4519 Il__-_1

1891 4423 1991 4478 sibi
2013 4437 2309 4491 arrogasse.
2329 4422 2430 4477 Aut
2451 4422 2612 4491 igitur
2633 4422 2745 4492 ipse
2767 4422 3025 4492 ignoravit
3047 4423 3254 4476 cuinam
3276 4423 3459 4477 laudes

193 4499 503 4566 provincia:
528 4512 648 4566 qua:
672 4497 797 4552 olim
826 4496 936 4552 fere
963 4497 1155 4553 Bretiea
1183 4506 1315 4564 erat,
1337 4507 1389 4553 et
1421 4500 1468 4551 in
1499 4514 1598 4567 qua
1620 4499 1776 4553 Mauri

1891 4514 2126 4584 epistolae
2152 4513 2473 4577 dicerentur,
2492 4523 2544 4566 et
2572 4528 2636 4567 ex
2665 4521 2962 4580 temporum
2996 4511 3198 4566 ratione
3228 4514 3461 4582 coniecit

189 4589 402 4646 diutius
434 4590 817 4644 constiterunt.
842 4589 1160 4646 Abunazarii
1189 4598 1358 4643 exstat
1388 4590 1448 4642 de
1472 4589 1669 4643 Studiis
1698 4606 1792 4658 ρο-
1891 4611 2318 4668 satisfactionem
2350 4611 2415 4665 ad
2448 4613 2824 4679 imperatorem
2864 4611 3225 4666 Theodosium
3275 4612 3459 4668 ιυηίο,

193 4685 305 4774 Pu“
329 4683 671 4774 Αηάαξέίξίαῗτ
701 4683 801 4738 hoc
828 4689 910 4738 ⁸⁵⁸
947 4682 1210 4774 Π-ίδβθθ-ίω
1235 4681 1499 4774 {flammei
1527 4698 1705 4738 mrum
1738 4691 1792 4774 Ψ
1892 4720 2005 4760 rem
2038 4704 2247 4769 referri,
2273 4711 2383 4770 aut,
2418 4702 2557 4773 quod
2588 4703 2767 4762 verius
2797 4711 2946 4772 puto,
2976 4704 3199 4774 elegiam
3227 4706 3344 4762 sine
3382 4709 3458 4761 in-

189 4769 708 4868 inventu-(l'tllisile
759 4769 1350 4868 opu-“LPTISPIENZF:
1402 4775 1687 4868 All‘f’m‘lm
1727 4771 1788 4868 _i"
1893 4797 2180 4865 scriptione
2221 4796 2334 4864 ipse
2373 4769 2613 4860 dimisit,
2654 4796 2738 4852 cui
2785 4769 2872 4849 alii
2911 4769 3091 4864 postea
3139 4812 3258 4853 eum
3303 4813 3458 4868 quem

191 4864 346 4957 p'aef.
368 4864 468 4957 .ad
510 4862 671 4957 Bibl?
715 4872 770 4917 et
812 4863 862 4916 in
904 4861 1156 4957 Bibliotlt.
1188 4862 1597 4957 Arabico-llisp.
1630 4863 1793 4957 verbo
1897 4861 2036 4944 mm":
2068 4888 2204 4956 apud
2235 4861 2570 4941 Sirmondum
2613 4887 2854 4957 'egimns’
2888 4861 2952 4940 ἐκ
2981 4891 3283 4955 com-comm
3311 4861 3457 4942 Addi,

187 4955 301 5046 ’θη
356 4950 590 5008 ϐαλτω
631 4953 1005 5046 Ακξηισειυετ
1039 4953 1126 5005 ubi
1159 4952 1316 5046 plu"?
1348 4951 1414 5046 de
1451 4951 1795 5046 h°°_"9mi"°
1900 4977 2090 5033 derunt
2123 4978 2353 5034 titulum.
2380 4977 2616 5038 Aliarum
2645 4978 2843 5034 mutati:
2869 4993 2992 5038 num
3025 4993 3141 5046 qum
3166 4979 3218 5031 in
3249 4983 3458 5032 senten-

187 5044 470 5113 disputat,
500 5054 557 5098 et
589 5043 893 5113 opinit‘tnem
921 5044 1194 5113 vulgarem
1222 5043 1415 5114 rejicit,
1443 5044 1586 5114 quod
1614 5045 1776 5102 Anda-

1900 5069 1986 5123 tiis
2006 5068 2159 5122 aliter
2180 5083 2240 5121 ac
2271 5068 2382 5135 ipse
2407 5077 2594 5120 anetor
2613 5066 2781 5121 voluit
2801 5068 3124 5135 explicandis
3145 5069 3292 5122 facta:
3314 5075 3457 5126 sunt,

183 5137 332 5191 Isaia
358 5153 390 5189 a
422 5135 694 5190 Vandalis
723 5136 860 5189 dicta
895 5135 1074 5189 fuerit.
1359 5174 1382 5194 .

1898 5175 2058 5214 unum
2093 5160 2173 5212 vel
2202 5159 2425 5212 alterum
2456 5156 2718 5226 proferam
2752 5160 3075 5226 exemplum.

253 5233 374 5302 91
404 5230 548 5284 H7.
571 5229 701 5284 Utut
729 5229 778 5282 id
809 5237 912 5295 est,
938 5228 1182 5296 Hispanis
1208 5226 1521 5297 Gothisqne.
1549 5227 1637 5296 qui
1664 5227 1795 5282 Van-

180 5321 453 5376 dalorum
502 5320 684 5374 hostes
715 5319 943 5384 fuerant,
974 5319 1270 5388 praesertim
1301 5327 1579 5389 postquam
1608 5319 1663 5374 hi
1690 5320 1794 5374 im-

179 5413 470 5479 pietatem
506 5409 760 5462 Arianam
803 5409 1172 5477 cjuraverant,
1207 5410 1422 5464 minime
1462 5412 1673 5479 placere
1703 5425 1799 5479 po-

181 5509 374 5558 terant
417 5498 618 5554 laudcs
652 5501 844 5569 quibus
889 5501 1215 5556 Guntharius
1246 5517 1273 5554 a
1314 5499 1596 5559 Dracontio
1626 5502 1800 5558 fuerat

178 5594 553 5648 cumulatus.
594 5591 685 5662 Et,
730 5593 826 5647 nisi
875 5593 1095 5646 nimium
1135 5593 1314 5660 fallor,
1359 5593 1473 5648 haec
1509 5609 1668 5649 causa
1701 5593 1799 5649 fuit

179 5683 490 5743 nonnule
543 5697 633 5738 cur
676 5684 943 5740 Dracout‘ti
985 5698 1254 5754 poemata,
1290 5688 1621 5755 potissimum
1667 5702 1796 5742 vero

1969 5272 2091 5325 “9.
2126 5271 2437 5325 Dracontius
2490 5270 2870 5337 providentiam
2909 5269 3002 5320 Dei
3034 5266 3098 5320 de
3139 5265 3312 5331 bonis,
3342 5282 3459 5337 qua:

1899 5363 2081 5428 donat,
2113 5377 2173 5417 ac
2203 5362 2267 5417 de
2299 5363 2472 5427 malis,
2505 5379 2621 5431 quzn
2659 5360 2930 5432 permittit,
2964 5360 3060 5410 hoc
3101 5371 3204 5410 uno
3233 5357 3460 5414 (ιίειὶοιιει

1899 5455 2204 5524 complexus
2230 5462 2310 5507 est
2339 5468 2477 5507 vers.
2514 5455 2578 5508 15
2606 5471 2617 5505 :

2024 5571 2260 5632 Quidquid
2300 5579 2450 5632 agunt
2493 5570 2741 5624 homines,
2789 5567 2939 5622 bona,
2987 5565 3156 5626 tristia,
3192 5576 3418 5632 prospera
3444 5605 3458 5627 ,

3252 5641 3263 5672 ,
3339 5644 3358 5653 ..

2087 5691 2188 5741 Hoc
2213 5691 2318 5741 ﬁeri
2340 5691 2590 5740 admittunt
2611 5690 2678 5737 ira
2697 5687 2922 5747 favorque
2941 5685 3049 5739 Dei.
3214 5627 3248 5690 [ί
3265 5639 3397 5686 “id.
