4030 6170
571 322 674 379 665

569 455 638 512 Ut
675 451 834 510 simili
877 449 1034 504 modo
1070 449 1278 504 dixerat
1314 446 1409 502 lib.
1451 459 1497 511 ι,
1539 455 1680 497 vers.
1722 439 1822 505 l8,
1864 450 2028 492 carm.
2068 435 2134 491 de
2163 417 2210 472 Α

569 546 727 603 Deo:

690 635 861 685 Omnia
893 646 1002 694 quas
1035 629 1418 694 veniunt,_bo_na_,
1442 629 1642 694 gaudia_,_
1661 629 1805 694 tristia

688 687 1006 745 Descendunt
1029 705 1091 740 ex
1112 703 1225 740 arce
1250 691 1366 752 Dei,
1384 691 1446 738 de
1463 687 1585 736 sede
1605 687 1854 736 Tonantis.

568 776 937 846 Interpolatori
965 774 1226 830 sententia
1251 774 1437 842 elegiae
1461 769 1589 824 dura
1608 769 1721 822 visa
1743 774 1852 821 est:
1879 764 1993 818 ba-c
2011 776 2138 832 ergo

567 870 658 926 ille
689 869 795 924 duo
824 868 1049 922 disticha
1081 865 1399 935 supposuit:

689 961 928 1024 Quidquid
962 965 1108 1021 agunt
1130 959 1372 1019 homines,
1396 957 1543 1016 bona,
1564 961 1815 1015 prospera,
1833 955 2138 1069 21:,»-

1442 625 1632 687 gaudia,
1661 623 1762 672 trist
1775 623 1836 687 ia,
1862 620 2037 672 acerba

752 1083 826 1132 Te
846 1081 1072 1139 faciente,
1099 1080 1234 1138 liuet,
1261 1091 1356 1138 quo
1380 1077 1710 1139 bonaruncta
1737 1073 1872 1139 fiunt,

691 1143 897 1194 Ecoatra
922 1135 1144 1202 adversa,
1171 1135 1419 1203 probrosa,
1444 1135 1955 1203 maligna,_iuh0uesta

755 1206 830 1255 Tu
855 1204 960 1253 ﬁeri
987 1195 1186 1267 pateris,
1208 1201 1288 1262 qui
1310 1198 1431 1249 mala
1455 1197 1584 1248 nulla
1601 1195 1732 1246 facis.

571 1292 656 1356 Et,
691 1300 748 1344 ut
789 1289 1024 1358 apertius
1053 1287 1234 1342 videas
1259 1285 1385 1354 quid
1417 1280 1784 1351 interpolatori
1831 1278 1883 1332 in
1916 1273 2143 1330 disnicho

575 1377 846 1438 Dracontii
874 1377 1233 1446 displicuerit,
1275 1372 1691 1434 animadvertas,
1723 1381 1928 1438 quasso,
1974 1373 2144 1418 muta-

574 1474 770 1525 tionem
808 1468 1022 1524 distichi
1053 1466 1358 1538 sequentis,
1395 1462 1534 1533 quod
1571 1460 1886 1516 Dracontius
1924 1457 1994 1511 ita
2032 1455 2144 1510 edi-

576 1563 762 1616 derat:

701 1651 806 1700 Hoc
829 1658 909 1699 tua
931 1648 1078 1696 verba
1100 1647 1304 1708 probant
1319 1644 1489 1708 Μοεεο
1509 1642 1632 1708 dicta
1655 1640 1915 1703 praphetae,

767 1711 902 1769 Quod
926 1705 1190 1758 duraturus
1210 1719 1294 1756 cor
1317 1705 1577 1755 Pharaonis
1601 1715 1724 1752 eras.

1943 297 2393 358 DRACONTIUS.

2239 427 2301 466 ea
2331 425 2450 481 quas
2491 411 2544 466 in
2575 407 2752 464 'Gallia
2782 416 2939 474 sunt,
2983 423 3051 465 ex
3081 405 3457 463 emendatione
3480 403 3699 476 Eugenii
3729 413 3797 465 vi-

2236 501 2429 556 dentur
2454 499 2798 570 processisse,
2840 507 3065 568 excepto
3101 497 3289 554 codice
3314 497 3602 553 Parisiensi
3637 498 3693 554 S.
3719 501 3801 557 Vi-

2237 594 2422 656 ctoris,
2451 605 2609 658 quem
2633 603 2732 656 ego
2756 597 2882 656 puto
2903 597 3179 642 exaratum
3205 601 3274 642 ex
3302 587 3482 656 aliquo
3507 588 3798 657 antiquiori,

2236 683 2380 736 solos
2405 695 2590 735 versus
2613 679 2679 734 de
2699 681 2872 747 Opere
2899 693 2992 733 sex
3017 677 3226 734 dierum
3249 679 3583 744 continente,
3605 680 3801 749 qualem

2237 771 2396 826 etiam
2424 780 2554 826 ante
2583 769 2877 839 Eugenium
2907 768 3040 823 vidit
3069 769 3322 822 Isidorus.
3370 768 3573 824 Verum
3605 768 3802 824 difticile

2239 880 2346 918 non
2377 863 2474 917 fuit
2503 871 2561 916 ut
2589 870 2713 916 ante
2741 860 2800 917 S.
2834 859 3019 915 lsidori
3061 869 3307 930 tempora
3334 861 3503 917 codex
3533 861 3724 930 aliquis
3745 877 3802 916 ex

2239 954 2492 1022 Hispania
2517 955 2569 1008 in
2600 952 2803 1008 Italiam
2827 952 3202 1016 adveheretur,
3227 952 3317 1020 qui
3344 951 3611 1019 integrum
3635 967 3802 1020 poema

2239 1048 2308 1102 de
2331 1047 2458 1112 Deo,
2482 1054 2538 1102 et
2559 1045 2988 1101 Satisfactionem
3011 1044 3076 1099 ad
3099 1059 3279 1114 regem
3301 1043 3658 1098 Guutbarium
3676 1059 3805 1098 com-

2241 1138 2597 1206 prehenderet
2640 1154 2653 1189 :
2707 1135 2809 1190 nisi
2859 1135 3086 1190 velimus
3134 1135 3294 1189 etiam
3340 1133 3610 1202 suspicari
3653 1135 3804 1202 ipsum

2249 1229 2627 1292 Dracontium,
2670 1242 2887 1283 carcere
2919 1227 3131 1282 tandem
3164 1226 3477 1294 liberatum,
3519 1227 3583 1282 in
3626 1228 3807 1282 Italiam

2245 1319 2480 1376 venisse.
2523 1318 2672 1374 Hanc
2701 1319 2842 1374 enim
2875 1318 3044 1372 habeo
3073 1318 3460 1388 conjecturam,
3489 1332 3656 1389 quam
3681 1334 3805 1374 nunc

2244 1421 2558 1477 proponam.

2322 1518 2445 1572 121.
2485 1517 2738 1574 Sldonius
2769 1517 2821 1571 in
2854 1517 3167 1572 Excusator.
3204 1517 3269 1571 ad
3297 1517 3552 1583 Felicem,
3580 1533 3745 1574 carm.
3762 1519 3809 1581 9.

2203 1581 2209 1587 ’
2247 1617 2355 1662 tres
2383 1618 2566 1678 poetas
2595 1607 2772 1661 laudat
2795 1608 2884 1677 qui
2912 1608 3150 1677 patribus
3176 1621 3276 1662 suo
3310 1617 3365 1662 et
3390 1581 3584 1663 Felicis
3623 1607 3813 1664 fuerant

2251 1700 2487 1766 sodales,
2515 1715 2741 1769 quorum
2774 1701 2988 1755 tertium
3015 1714 3118 1755 non
3147 1701 3404 1765 nominat,
3431 1701 3528 1755 sed
3554 1701 3608 1756 in
3639 1701 3811 1756 Bretica

577 1800 857 1856 Corrcctor
877 1800 1043 1854 uoluit
1065 1799 1264 1854 dictum
1291 1795 1430 1864 quod
1459 1795 1714 1848 Dominus
1734 1805 1830 1845 cor
1857 1786 2149 1842 Pharaonis
2183 1775 2227 1832 Β
2255 1802 2432 1847 narum
2462 1792 2610 1859 dicit,
2641 1801 2696 1848 οι
2723 1793 2823 1847 alia
2850 1792 2918 1848 de
2945 1807 3008 1849 eo
3035 1804 3218 1848 πιπτει
3247 1794 3329 1849 his
3356 1795 3636 1871 versibus;

579 1890 922 1946 obduraverit
947 1907 963 1954 ;
992 1891 1060 1943 ita
1094 1890 1253 1958 igitur
1281 1887 1372 1942 ille
1397 1903 1409 1938 :

699 1982 807 2052 93
832 1983 948 2030 Haec
982 1987 1060 2052 tua
1084 1981 1165 2052 lex
1189 1973 1831 2052 docuit‘lllojseprmscripta
1857 1973 2072 2027 notante,

805 2060 882 2096 um
909 2047 1219 2106 perduratum
1241 2053 1323 2088 cor
1339 2039 1600 2086 Pharaonis
1623 2039 1705 2081 ait.

581 2132 740 2202 Atqui
771 2125 1088 2184 Dracontius
1117 2120 1292 2177 Exodi
1321 2118 1482 2173 verba
1510 2131 1628 2184 cap.
1656 2129 1748 2178 vu,
1776 2128 1828 2165 v.
1852 2112 1906 2176 3,
1928 2121 2153 2178 expres-

581 2225 667 2278 sit.
718 2220 822 2278 Sed
866 2218 951 2272 hic
990 2215 1137 2268 locus
1175 2227 1278 2266 non
1308 2219 1391 2265 est
1419 2215 1476 2262 ut
1501 2205 1844 2260 Dracontium
1875 2210 2154 2263 tueamur;

582 2329 785 2372 tantum
817 2326 957 2368 nunc
978 2305 1386 2376 discrepantiam
1410 2302 1549 2356 inter
1571 2295 1914 2353 Dracontium
1936 2292 2156 2361 ejusque

584 2416 941 2463 correctorem
961 2398 1314 2464 ostendimus,
1333 2409 1454 2467 quae
1479 2394 1531 2447 in
1551 2389 1737 2446 eadem
1762 2386 1874 2442 fere
1892 2382 2156 2440 sententia

585 2500 742 2569 paulo
772 2504 889 2566 post
919 2506 1106 2549 rursus
1131 2489 1368 2545 occurrit
1391 2501 1536 2542 vers.
1559 2483 1662 2538 27:

707 2587 826 2647 Quis
847 2586 938 2635 nisi
961 2584 1147 2633 caelesti
1170 2581 1379 2630 demens
1401 2575 1674 2638 compulsus
1695 2575 1756 2647 ab
1775 2575 1860 2628 ira,

767 2633 954 2710 Aspera
977 2652 1149 2694 cuncta
1169 2649 1322 2705 petat,
1343 2633 1572 2703 prospera
1596 2643 1765 2686 cuncta
1791 2633 1973 2696 neget?

586 2735 641 2791 In
666 2731 852 2790 codice
879 2726 1148 2786 Sirmondi
1179 2725 1279 2780 hoc
1302 2721 1568 2778 distichon
1597 2720 1666 2774 ita
1692 2718 1942 2771 etlertnr:

706 2829 813 2888 Quo
827 2826 926 2876 nisi
948 2823 1164 2874 caelestis
1185 2817 1692 2888 Domini‘conspectus
1711 2809 1995 2888 adpetiit-am“

769 2869 1154 2950 iji'éia'Etiueia
1180 2885 1428 2943 premunt,
1446 2869 1678 2938 proSpera
1711 2869 1841 2920 nulla
1859 2875 2027 2930 juvant

591 2966 1011 3040 Codex'Azagra’.
1040 2968 1092 3021 in
1116 2965 1348 3020 editione
1374 2957 1667 3014 Matriteusi
1693 2954 1769 3008 sic
1795 2953 1954 3006 habet
1977 2967 1990 3002 :

711 3068 816 3124 Quo
843 3062 930 3110 nisi
955 3057 1166 3108 cmlestis
1193 3053 1382 3124 Domini
1407 3043 1939 3124 conceptusa‘llvaetllra

771 3105 1152 3184 dsperii—cuncta
1177 3119 1383 3177 premat,
1405 3105 1634 3172 prospera
1660 3105 1787 3153 nulla
1802 3106 1988 3162 juvant.

595 3208 812 3265 Ilivinus
841 3203 1158 3271 scripturam
1190 3193 1463 3254 Sirmondi
1492 3200 1650 3245 antea
1678 3185 2080 3252 sollicitaverat,
2110 3192 2165 3236 et

596 3300 797 3369 legerat
817 3311 832 3348 :

721 3387 878 3444 Quem
896 3382 987 3430 nisi
1009 3377 1241 3429 salvasset
1267 3373 1456 3444 Domini
1481 3363 2043 3444 conspectuslabrethra,

785 3429 971 3507 'A'spera
992 3447 1162 3491 cuncta
1186 3440 1432 3498 premunt,
1457 3429 1687 3495 prospera
1709 3429 1834 3477 nulla
1856 3429 2045 3488 juvant.

599 3529 846 3589 Mendum
867 3525 1101 3590 viderat,
1119 3523 1212 3578 sed
1235 3535 1414 3576 veram
1438 3519 1720 3574 lectionem
1748 3531 1854 3571 non
1877 3513 2028 3577 vidit,
2053 3528 2171 3582 quas

601 3630 782 3679 exstat
811 3621 864 3675 in
894 3617 1062 3687 elegia
1094 3629 1199 3669 non
1230 3611 1570 3680 interpolata.
1621 3607 1921 3663 Absurdum
1955 3605 2172 3675 putabat

602 3722 873 3772 corrector
899 3709 1038 3782 quod
1064 3708 1254 3777 aliquis
1275 3704 1460 3760 crelrsti
1485 3700 1775 3773 compulsus
1797 3700 1858 3754 ab
1880 3699 1956 3753 ira
1982 3711 2172 3766 aspera

603 3813 791 3862 cuncta
817 3808 1045 3873 peteret,
1070 3812 1322 3869 prospera
1351 3803 1546 3851 cuncta
1572 3802 1811 3867 negaret.
1845 3795 1912 3846 At
1938 3790 2174 3873 Dracon-

604 3896 708 3950 tius
735 3867 837 3949 hoe
861 3867 1082 3953 voluit,
1102 3889 1202 3942 hoc
1233 3887 1300 3942 de
1328 3887 1506 3956 scipso
1535 3883 1850 3947 afﬁrmavit,
1887 3889 1944 3936 ut
1969 3895 2034 3934 ex
2067 3867 2174 3933 tota

604 3985 862 4042 orationis
889 3982 1029 4038 serie
1059 3980 1242 4048 liquet.
1295 3977 1351 4031 In
1391 3976 1495 4030 levi
1526 3976 1680 4030 unius
1705 3973 1855 4029 verbi
1883 3970 2178 4026 mutatione

607 4077 897 4133 studiosam
947 4068 1268 4128 correctoris
1318 4066 1644 4136 diligentiam
1693 4065 1819 4118 licet
1869 4063 2174 4116 observare.

607 4167 920 4223 Dracontius
949 4179 1013 4219 ex
1042 4174 1271 4230 persona
1295 4154 1574 4213 Commodi
1601 4155 1822 4224 Augusti
1851 4153 1952 4208 hoc
1979 4165 2180 4221 przece-

609 4269 755 4326 ptum
787 4255 962 4323 posuit
984 4266 1126 4306 vers.
1153 4250 1254 4304 189
1277 4266 1290 4302 :

735 4347 906 4398 Nobile
929 4351 1243 4408 praeceptum,
1269 4347 1506 4408 rectores,
1528 4339 1702 4408 discite
1723 4342 1831 4399 post
1851 4348 1930 4385 me
1955 4349 1966 4382 :

793 4409 866 4459 Sit
885 4400 1039 4457 bonus
1063 4400 1111 4454 in
1134 4400 1236 4454 vita
1252 4404 1335 4467 qui
1355 4400 1620 4452 volet'esse
1636 4400 1774 4449 deus.

613 4495 727 4552 iloc
772 4499 1098 4561 postremum
1145 4493 1364 4543 verbum
1411 4485 1758 4554 interpolator
1795 4490 1886 4536 aut
1933 4479 2180 4535 mendum
2214 4493 2266 4553 D

614 4585 818 4655 putavi:
856 4596 994 4648 esse,
1036 4590 1126 4635 aut
1167 4579 1382 4634 tolerari
1425 4592 1531 4632 non
1578 4589 1758 4645 posse.
1805 4574 1964 4644 Igitur
2000 4587 2184 4628 emen-

613 4676 758 4732 davit
779 4691 794 4727 :

798 4765 874 4815 Sit
895 4765 1049 4813 bonus
1072 4763 1120 4811 in
1144 4763 1239 4812 vita
1260 4763 1343 4824 qui
1367 4760 1495 4811 volet
1517 4770 1631 4810 esse
1653 4758 1767 4809 Dei.

617 4873 686 4926 At
712 4867 1060 4933 Commodus,
1086 4867 1175 4937 qui
1204 4866 1320 4922 haec
1351 4864 1509 4920 verba
1537 4861 1757 4932 profert,
1787 4857 2035 4928 intelligit
2058 4873 2186 4928 apo-

614 4961 824 5015 theosin
863 4957 1170 5028 gentilium,
1217 4971 1322 5026 qua
1359 4957 1710 5025 imperatores
1750 4959 1872 5024 post
1901 4951 2102 5006 obitum
2132 4950 2186 5004 in

614 5050 835 5106 deorum
864 5060 1145 5102 numerum
1172 5045 1558 5101 referebantur.
1897 5048 1910 5059 ‘

688 5159 812 5216 120.
851 5158 1008 5213 Plura
1039 5157 1144 5213 alia
1172 5170 1314 5212 nunc
1339 5155 1548 5224 omitto,
1575 5170 1692 5225 quae
1717 5140 2189 5224 melius'patebunt

615 5266 736 5306 cum
766 5251 947 5323 Elegia
972 5265 1037 5306 ex
1065 5250 1250 5306 codice
1268 5247 1524 5305 Vaticano
1549 5248 1687 5302 edita
1713 5263 1834 5303 cum
1861 5249 2186 5304 variantibus

615 5341 934 5396 lectionibus
957 5339 1068 5412 94
1101 5339 1346 5396 codicum
1379 5337 1738 5395 Sirmondiani
1780 5347 1836 5394 et
1871 5340 2190 5409 Azagrensis

613 5432 939 5488 conferetur.
980 5431 1085 5488 Sed
1111 5446 1232 5488 cum
1263 5441 1463 5487 tantum
1489 5429 1723 5484 studium
1749 5431 2041 5485 adhibitum
2075 5433 2187 5486 fue-

615 5524 685 5577 rit
713 5533 770 5577 ut
796 5525 1062 5580 Dracontii
1092 5527 1330 5581 carmina
1357 5524 1418 5579 ad
1449 5531 1694 5594 posteros
1724 5524 2041 5593 interpolata
2069 5543 2189 5596 per-

615 5614 890 5680 venirent,
919 5623 1124 5684 quierat
1153 5617 1341 5683 aliquis
1369 5631 1470 5684 qua
1499 5616 1580 5670 via
1608 5623 1760 5670 extra
1792 5614 2094 5684 Hispaniam
2135 5630 2190 5674 et

617 5701 670 5754 In
701 5703 847 5758 Italia
875 5706 990 5762 haec
1020 5709 1132 5772 ipsa
1162 5709 1364 5777 integra
1405 5709 1667 5765 asservari
1711 5707 1978 5778 potuerint
2003 5726 2019 5777 ;
2066 5726 2187 5765 nam

2502 1905 2577 1970 lie
2601 1909 2686 1968 qui
2714 1908 2811 1969 jam
2839 1909 3054 1970 patribus
3080 1908 3221 1959 fuere
3240 1911 3420 1960 nostris

2501 1968 2664 2031 Primo
2695 1968 2914 2031 tempore
2940 1972 3137 2031 maximi
3161 1971 3412 2020 sodales...

2499 2029 2596 2092 _Sed
2614 2043 2716 2092 nec
2735 2029 2910 2079 tertius
2934 2029 3013 2078 ille
3036 2044 3158 2079 nunc
3180 2031 3395 2092 legetur,

2501 2090 2670 2155 pretim
2696 2093 2779 2152 qui
2805 2093 3014 2155 patrium
3034 2092 3195 2155 semel
3219 2090 3506 2155 relinquens

2503 2149 2858 2214 yndosaa'petit
2881 2154 3010 2214 sitim
3034 2153 3292 2214 Ravennae,

2503 2211 2768 2276 [tonsores
2793 2213 3126 2276 cuigfulgidam
3151 2213 3383 2276 Quirites,

2504 2271 2568 2338 Et
2585 2286 2723 2338 carus
2747 2271 3318 2338 p0pulari‘t'ate_princeps

2501 2332 2707 2395 Traiano
2728 2332 2933 2386 statuam
2954 2334 3057 2385 foro
3078 2332 3314 2387 locarunt.

2256 2437 2569 2510 Suspicatur
2608 2439 2928 2498 Sirmondus
2971 2441 3024 2496 in
3065 2441 3207 2497 notis
3254 2441 3320 2497 ad
3366 2441 3643 2499 Sidonium
3691 2442 3820 2500 hunc

2258 2543 2466 2603 poetam
2501 2534 2792 2602 HiSpauum
2825 2549 2944 2589 esse
2973 2534 3381 2601 Merobaudem,
3407 2535 3475 2590 de
3501 2551 3605 2604 quo
3633 2534 3818 2590 Idacius

2259 2625 2322 2679 ad
2367 2639 2564 2680 annum
2610 2627 2755 2682 M3:
2797 2627 3003 2680 Astario
3045 2626 3288 2696 magistro
3335 2628 3598 2696 utriusque
3639 2627 3820 2681 militia

2259 2733 2412 2786 gener
2453 2716 2614 2787 ipsius
2660 2733 2922 2771 successor
2964 2719 3064 2789 ipsi
3113 2719 3330 2772 mittitur
3374 2719 3476 2790 (ad
3523 2718 3816 2788 Ilispanias)

2261 2806 2618 2873 Merobaudis,
2666 2818 2791 2862 natu
2841 2808 3055 2873 nobilis,
3103 2820 3150 2863 et
3197 2809 3498 2879 eloquentiae
3543 2812 3716 2862 merito
3755 2809 3819 2860 vel

2260 2900 2478 2953 maxime
2525 2902 2577 2953 in
2629 2900 2876 2968 poematis
2922 2900 3090 2954 studio
3138 2901 3386 2954 veteribus
3433 2900 3817 2970 comparandus,

2260 2993 2544 3046 testimonio
2581 2992 2734 3046 etiam
2771 2993 3062 3062 provehitur
3087 3000 3394 3047 statuarum.
3439 2993 3589 3046 Brevi
3617 3002 3820 3059 tempore

2267 3083 2527 3152 potestatis
2551 3097 2656 3136 suae
2682 3083 3144 3136 Aracellitanorum
3169 3084 3360 3154 frangit
3391 3083 3704 3137 insolentiam
3732 3081 3823 3134 Ba-

2267 3173 2566 3227 caudarum.
2617 3170 2744 3226 Mox
2772 3172 3132 3226 nonnullorum
3159 3173 3361 3226 invidia
3402 3182 3726 3244 perurgente,
3765 3172 3820 3223 ad

2270 3264 2438 3318 urbem
2463 3262 2680 3316 Romam
2701 3278 2846 3316 sacra
2875 3263 3211 3332 praceptione
3234 3261 3517 3318 revocatur.
3549 3262 3704 3316 Addit
3728 3261 3822 3316 Sir-

2269 3355 2497 3411 mondus
2527 3353 2669 3410 hunc
2691 3368 2812 3409 esse
2837 3353 3216 3409 Merobaudem
3248 3354 3402 3423 cuius
3431 3363 3602 3409 exstat
3628 3369 3823 3409 carmen

2270 3443 2338 3499 de
2358 3443 2487 3499 Deo.
2523 3444 2688 3498 Acute
2714 3443 2827 3498 base
2854 3442 3155 3514 excogitata
3181 3453 3324 3498 sunt.
3348 3444 3456 3515 95
3481 3443 3670 3499 Verum
3697 3441 3824 3497 idem

2271 3532 2590 3590 Sirmondus
2618 3533 2869 3590 observat
2898 3548 2963 3588 eo
2993 3542 3235 3604 tempore
3262 3543 3465 3588 statuas
3493 3536 3546 3589 in
3574 3535 3687 3588 loro
3709 3532 3822 3587 ‘I'ra-

2267 3625 2398 3695 jano
2437 3625 2617 3678 multis
2657 3623 2822 3680 fuisse
2859 3624 3186 3690 collocatas,
3232 3624 3375 3693 quod
3415 3627 3575 3680 etiam
3613 3623 3824 3692 antiquis

2274 3713 2708 3781 inscriptionibus
2739 3713 2949 3784 probat.
2997 3713 3171 3769 Locus
3199 3714 3359 3785 igitur
3385 3715 3560 3791 adhuc
3585 3713 3817 3782 relinqui-

2276 3813 2362 3861 tur
2381 3803 2656 3860 dubitandi
2687 3820 2753 3859 an
2775 3803 2841 3860 de
2863 3804 2968 3858 alio
2989 3805 3226 3874 Hispano
3247 3813 3405 3874 poeta
3433 3805 3608 3875 aptius
3628 3803 3820 3874 intelligi

2278 3898 2448 3968 possit
2471 3897 2738 3952 Sidonius.
2772 3895 3068 3952 Notandum
3097 3910 3224 3966 ergo
3249 3904 3334 3952 est
3357 3895 3638 3952 Sidonium
3667 3904 3820 3950 natum

2281 3989 2443 4044 fuisse
2483 3987 2623 4044 circa
2655 3968 2850 4043 annum
2879 3988 3006 4053 428,
3049 3995 3101 4043 et
3139 3987 3410 4044 affirmare
3451 3998 3657 4058 poetam
3696 3986 3820 4041 illum

2281 4080 2534 4136 Baeticum
2580 4081 2815 4135 sodalem
2858 4080 3019 4135 fuisse
3062 4079 3149 4135 sui
3191 4080 3352 4150 patris
3398 4080 3562 4148 primo
3602 4091 3824 4150 tempore,

2281 4173 2422 4244 quod
2452 4187 2552 4243 ego
2581 4173 2904 4241 interpretor
2952 4175 3004 4226 in
3052 4175 3165 4242 ipsa
3212 4172 3295 4228 sui
3343 4173 3508 4241 patris
3555 4173 3820 4241 iuventate.

2283 4265 2374 4320 Ait
2401 4273 2661 4334 praeterea
2690 4263 2941 4319 Sidonius
2979 4279 3100 4318 eum
3143 4273 3351 4332 poetam
3401 4264 3585 4318 Bzr-tim
3627 4262 3826 4333 patrium

2284 4355 2449 4411 semel
2482 4355 2780 4424 reliquisse,
2828 4364 2880 4409 et
2921 4354 3233 4428 Bavennam
3265 4355 3510 4410 venisse:
3554 4369 3660 4424 quo
3684 4353 3826 4407 innuit

2289 4449 2557 4503 Ravenna:
2585 4463 2704 4502 cum
2738 4455 2886 4516 patre
2913 4461 3012 4502 suo
3047 4446 3334 4503 amicitiam
3366 4447 3717 4502 contraxisse.
3762 4445 3827 4496 ln-

2293 4539 2472 4608 telligo
2517 4537 2677 4594 etiam
2729 4547 2938 4604 poetam
2986 4537 3275 4607 Hispanum
3319 4537 3528 4593 Sidonii
3573 4537 3745 4591 Btctim
3786 4532 3827 4588 in

2290 4635 2602 4698 perpetuum
2648 4626 2960 4696 reliquisse;
3009 4627 3060 4682 id
3109 4627 3252 4682 enim
3299 4628 3567 4697 signiﬁcat
3606 4629 3699 4682 hoc
3734 4626 3828 4679 loro

2291 4716 2596 4772 adverbium
2623 4717 2799 4771 semet.
2851 4717 2945 4771 Ilis
2987 4717 3059 4771 ita
3101 4717 3292 4787 positis
3337 4718 3678 4788 consequitur
3704 4714 3825 4770 Sido-

2289 4809 2433 4863 nium
2463 4809 2640 4864 minus
2666 4818 3023 4878 congruenter
3052 4810 3252 4876 exponi
3284 4809 3352 4864 de
3381 4809 3721 4869 Merobaude.
3759 4805 3830 4874 qui

2287 4915 2427 4955 anno
2448 4900 2554 4954 445
2580 4900 2685 4955 dux
2717 4901 2828 4954 sive
2857 4901 3108 4970 magister
3138 4902 3415 4971 utriusque
3442 4902 3643 4956 militia:
3667 4900 3830 4954 missus

2292 4997 2373 5044 est
2401 4991 2452 5044 in
2485 4989 2786 5058 Hispanias,
2817 5005 2936 5042 mox
2969 5004 3120 5044 sacra
3150 4993 3510 5060 praeceptione
3530 4990 3741 5046 Romam
3766 5001 3830 5039 re-

2291 5088 2528 5136 vocatus.
2575 5079 2772 5135 Contra
2804 5076 3089 5134 Dracoritio
3115 5082 3291 5135 omnia
3322 5081 3528 5136 Sidonii
3557 5080 3707 5135 verba
3733 5085 3829 5142 apte

2291 5172 2640 5228 conveniunt:
2666 5173 2788 5226 nam
2815 5181 2869 5226 et
2891 5172 3117 5227 Breticus
3138 5181 3273 5236 erat,
3297 5181 3352 5228 et
3375 5174 3518 5228 circa
3545 5186 3727 5254 annum
3746 5167 3826 5222 Hi

2292 5264 2555 5320 Ravenna:
2581 5265 2688 5331 jam
2722 5264 2888 5332 potuit
2918 5265 3275 5329 commorari,
3323 5273 3602 5336 postquam
3633 5263 3826 5335 patrium

2293 5354 2478 5409 Bzctim
2501 5355 2668 5410 semel
2696 5353 3016 5424 reliquisset.
3050 5355 3185 5410 Iluic
3211 5356 3537 5424 coujccturtc
3563 5357 3692 5411 favet
3713 5349 3829 5423 quod

2295 5443 2354 5500 S.
2382 5443 2747 5524 Columbanus
2777 5444 3009 5513 Elegiam
3042 5444 3316 5500 Dracontii
3355 5446 3614 5516 integram
3645 5448 3832 5514 legerat.

2294 5544 2344 5587 ut
2374 5549 2436 5587 ex
2466 5533 2706 5588 versibus
2737 5533 2879 5588 illius
2909 5550 3056 5588 num.
3089 5535 3120 5591 8
3151 5535 3325 5591 allatis
3355 5539 3613 5608 arguitur,
3642 5532 3832 5602 etquod

2294 5623 2464 5678 codex
2503 5624 2770 5678 Dracontii
2807 5625 2856 5676 in
2885 5625 3129 5692 catalogo
3156 5627 3530 5697 antiquissimo
3559 5621 3833 5682 monasterii

2299 5713 2576 5770 Bobiensis
2604 5714 2670 5770 ab
2701 5713 2888 5770 eodem
2921 5713 2978 5771 S.
3013 5713 3344 5773 Columbano
3371 5717 3574 5772 fundati
3604 5714 3834 5784 reperitur
