4030 6170
283 286 386 348 665

1627 287 2203 374 .PBOLEGOHENA.

3443 310 3546 369 666

282 407 604 479 descriptus.
639 406 693 462 ld
723 407 865 464 enim
893 407 1053 462 simul
1083 421 1201 463 cum
1229 405 1430 463 Sid0uii
1457 407 1698 462 versibus
1727 423 1864 462 non-
1893 409 1944 468 Α
1970 411 2027 468 ln
2059 415 2300 471 carmine
2328 434 2454 472 vero
2484 421 2579 476 lib.
2613 438 2692 489 Ill,
2719 440 2862 482 vers.
2897 425 3019 495 576,
3055 436 3174 498 post
3203 407 3364 485 multa
3394 431 3494 488 alia
3527 449 3542 484 :

282 501 481 555 nullam
508 513 724 554 causam
752 498 952 568 prabet
977 497 1280 568 suspicandi
1305 499 1645 552 Dracontium
1677 498 1727 551 in
1759 497 1861 552 Ita-

282 593 349 646 lia
377 591 601 645 vixisse.

349 683 481 739 122.
521 681 838 737 Dracontius
866 681 1039 747 enim,
1079 682 1122 736 si
1151 681 1446 736 libertatem
1476 680 1700 750 adeptus
1731 680 1860 749 fuit,

283 787 339 832 ut
364 775 466 830 sibi
505 775 813 831 consuleret
852 789 916 830 ac
955 789 1014 830 se
1049 774 1439 829 calamitatibus
1470 774 1662 843 quibus
1690 787 1861 828 vexa-

285 867 441 922 batur
465 865 721 936 llispania
757 865 1114 933 subtraheret,
1149 869 1316 919 otium
1349 864 1742 934 honestumque
1770 879 1859 919 se-

283 973 492 1014 cessum
535 973 715 1014 amare
755 957 978 1013 debuit:
1023 958 1130 1012 imo
1170 957 1272 1014 hoc
1302 957 1468 1013 Deum
1501 966 1747 1027 precatus
1777 964 1863 1012 est

283 1051 375 1107 lib.
403 1065 460 1104 Ill
487 1049 556 1104 de
586 1050 717 1114 Deo,
743 1062 887 1104 vers.
912 1049 1050 1103 647:

407 1141 506 1203 Me,
532 1152 673 1203 rogo,
695 1139 790 1201 jam
813 1151 989 1203 repara
1010 1140 1104 1189 sub
1128 1139 1356 1203 libertate
1379 1139 1611 1202 solutum,

407 1201 553 1252 Clade
574 1201 858 1253 ditenarum
881 1201 1064 1252 ferrato
1085 1202 1300 1262 pondere
1328 1214 1574 1262 pressum.

408 1265 483 1338 Sit
503 1265 614 1314 vitae
639 1264 856 1336 requies,
885 1265 1056 1338 animae
1074 1264 1168 1312 sint
1186 1265 1284 1312 otia
1300 1263 1463 1338 fessze,
1487 1337 1493 1338 γ

405 1326 481 1375 Sit
503 1337 674 1374 secura
696 1325 857 1387 quies,
881 1325 942 1374 sit
965 1336 1058 1373 nox
1079 1337 1190 1373 cum
1211 1337 1420 1375 munere
1444 1327 1612 1375 noctis.

281 1407 437 1474 Quod
467 1406 607 1462 enim
635 1405 831 1476 pergit,
860 1405 940 1461 Sit
968 1406 1174 1476 fortuna
1205 1408 1384 1475 redux,
1409 1418 1539 1476 etc.,
1563 1423 1625 1462 ea
1657 1415 1859 1462 tantum

280 1500 512 1555 fortunae
536 1500 673 1554 bona
691 1497 900 1554 videtur
919 1499 1188 1568 postulare
1209 1515 1326 1570 quae
1345 1501 1455 1556 otio
1475 1502 1666 1556 animae
1686 1501 1860 1568 fessas,

280 1607 346 1648 ac
373 1605 578 1647 securae
597 1589 769 1662 .quieti
812 1590 1032 1646 minime
1061 1591 1430 1648 adversantur.
1483 1592 1677 1648 Fuerat
1717 1593 1860 1647 enim

281 1684 571 1752 palatinus,
601 1693 657 1737 ut
681 1681 874 1751 conjici
906 1690 1081 1752 potest
1109 1696 1174 1737 ex
1200 1683 1312 1738 suis
1339 1681 1600 1750 versibus,
1627 1692 1681 1738 et
1707 1683 1862 1752 plane

278 1775 569 1830 affirmavit
596 1789 758 1844 supra
786 1789 933 1828 num.
959 1774 1028 1827 5-2.
1055 1772 1338 1830 Goldastus
1379 1775 1490 1845 96
1530 1775 1713 1830 nescio
1753 1789 1858 1845 quo
1888 1767 1937 1828 B

277 1875 539 1921 auctore:
581 1865 646 1919 ad
692 1864 967 1920 minimum
1005 1873 1121 1920 erat
1148 1864 1297 1920 dives
1336 1873 1391 1920 et
1429 1865 1650 1932 nobilis,
1696 1874 1756 1920 ut
1794 1881 1860 1922 ex

277 1972 425 2012 vers.
450 1956 557 2013 589
582 1956 675 2010 lib.
702 1972 760 2009 ιιι
787 1956 1036 2026 colligere
1064 1956 1226 2012 licet:

405 2047 614 2109 Agmina
634 2059 889 2096 servorum
912 2046 1130 2110 fugiunt,
1149 2055 1397 2111 tempsere
1421 2051 1650 2102 clientes.

278 2127 339 2182 ld
369 2129 510 2184 enim
543 2137 786 2184 recenset
819 2129 956 2184 inter
981 2130 1110 2184 alias
1141 2131 1413 2188 molestias
1442 2134 1632 2204 quibus
1659 2133 1860 2205 afﬂige-

265 2220 460 2274 ‘batur.

874 2291 1097 2347 CAPUT
1134 2292 1271 2348 Xlll.

587 2380 848 2451 Confessio
875 2393 922 2437 et
951 2385 1240 2452 paenitentia
1269 2385 1554 2443 Dracontii.

353 2498 478 2554 125.
520 2497 631 2554 l’loc
658 2498 940 2555 discrimen
968 2501 1188 2557 interest
1224 2503 1360 2558 inter
1389 2520 1604 2560 carmen
1643 2506 1711 2562 de
1746 2507 1856 2564 Deo

272 2599 335 2647 et
364 2591 630 2662 Elegiam,
673 2591 815 2662 quod
853 2593 908 2648 in
951 2593 1128 2664 Elegia
1160 2595 1474 2653 Dracontius
1513 2613 1689 2668 regem
1719 2603 1854 2656 allo.

273 2696 472 2749 quens,
495 2681 718 2752 ejusque
737 2683 956 2752 gratiam
980 2684 1244 2740 demereri
1270 2689 1510 2756 cupiens,
1533 2691 1666 2759 petit
1689 2693 1850 2748 vitam

271 2770 379 2827 sibi
398 2774 672 2841 prorogari
693 2782 750 2828 ut
770 2773 953 2831 laudes
967 2775 1320 2832 Vandalorum
1338 2789 1520 2845 canat;
1547 2781 1594 2834 in
1619 2785 1854 2839 carmine

273 2870 403 2930 post
431 2861 781 2918 humillimam
809 2864 1090 2920 criminum
1116 2883 1331 2922 suorum
1360 2870 1748 2928 confessionem
1775 2875 1854 2930 sic

275 2950 446 3007 Deum
479 2961 726 3019 precatur
751 2968 895 3009 vers.
918 2955 1022 3011 663
1050 2957 1142 3010 lib.
1166 2973 1222 3010 ut
1247 2975 1260 3010 :

400 3041 664 3108 Servatum
687 3056 917 3105 reparare
933 3047 1051 3103 iube
1075 3047 1260 3108 pietate
1283 3057 1442 3107 sueta,

409 3101 472 3153 Ut
496 3116 691 3153 merear
713 3101 909 3156 cantare
933 3101 1040 3156 tuas
1064 3101 1151 3170 per
1175 3111 1384 3158 carmina
1401 3101 1585 3159 laudes.

345 3185 476 3240 124.
519 3185 783 3243 Prmterea
820 3189 1351 3246 animadvertendum
1390 3201 1474 3248 est
1512 3193 1849 3250 Dracontium

271 3275 323 3329 in
357 3275 548 3345 Elegia
577 3275 802 3333 innuere
827 3279 1028 3335 crimen
1055 3294 1210 3335 suum
1242 3296 1345 3336 non
1377 3282 1520 3338 aliud
1555 3283 1716 3339 fuisse
1748 3285 1848 3340 nisi

267 3369 416 3438 quod
443 3369 655 3425 hostem
685 3369 913 3439 aliquem
949 3371 1091 3439 regis
1116 3369 1474 3427 Vandalorum
1501 3374 1736 3430 carmine
1760 3389 1850 3430 ce-

269 3461 565 3515 lebrasset.
615 3459 705 3524 Et,
736 3469 792 3514 ut
819 3460 1144 3529 coniecturis
1180 3461 1576 3535 indulgeamus,
1625 3463 1849 3520 fortasse

265 3548 524 3604 Castinus
565 3547 666 3604 fuit
705 3548 796 3603 ille
831 3563 990 3619 quem
1029 3549 1339 3607 laudaverat
1377 3552 1710 3608 Dracontius.
1757 3553 1849 3610 Sic

265 3641 415 3694 enim
462 3639 626 3695 habet
663 3640 869 3696 ldacius
910 3641 978 3696 ad
1024 3656 1150 3696 ann.
1173 3643 1316 3698 422:
1349 3645 1585 3701 Castinus
1611 3647 1849 3715 magister

263 3731 495 3786 militum
521 3746 634 3784 cum
661 3746 848 3802 magna
874 3747 1029 3786 manu
1059 3742 1102 3786 et
1127 3735 1333 3788 auxiliis
1355 3733 1633 3790 Gothorum
1656 3737 1848 3791 bellum

263 3822 316 3874 in
343 3819 541 3874 Belica
595 3819 840 3876 Vandalis
871 3822 1060 3892 infert;
1101 3840 1224 3893 quos
1264 3841 1380 3878 cum
1417 3826 1486 3879 ad
1520 3827 1744 3896 inapiam
1797 3830 1846 3883 vi

265 3913 548 3967 obsidionis
577 3922 825 3982 arctaret,
863 3915 988 3970 adeo
1027 3923 1083 3970 ut
1119 3933 1173 3971 se
1208 3919 1406 3971 tradere
1433 3919 1547 3989 jam
1573 3929 1843 3990 pararent,

263 4004 555 4058 inconsulte
602 4004 800 4074 publica
852 4007 1127 4061 certamine
1175 4011 1484 4079 confligens,
1533 4011 1846 4066 auxiliorum

262 4095 455 4166 fraude
491 4096 748 4165 deceptus,
788 4095 857 4150 ad
891 4095 1230 4153 Tarraconem
1265 4101 1423 4154 uictus
1463 4100 1660 4174 effugit.
1712 4103 1843 4159 Dum

264 4183 496 4240 Vandali
526 4185 574 4238 vi
607 4184 900 4240 obsidionis
926 4186 1251 4258 adinoplam
1283 4189 1483 4246 redacti
1511 4201 1684 4257 erant,
1712 4201 1845 4248 tem-

261 4290 363 4344 pus
395 4274 568 4344 potuit
599 4274 766 4330 videri
791 4287 1145 4346 opportunum
1184 4289 1241 4336 ut
1278 4279 1470 4350 aliquis
1495 4284 1584 4353 qui
1611 4284 1842 4341 nondum

261 4367 434 4422 corde
472 4369 783 4424 societatem
826 4370 1184 4428 Romanorum
1225 4376 1535 4445 expulerat,
1569 4375 1841 4433 Castinum

2089 507 2364 584 ileiﬂmihil
2388 512 2519 584 quod
2539 515 2722 584 facinus
2745 529 2838 566 non
2863 532 2959 567 uno
2984 515 3206 584 tempere
3231 527 3444 584 gestum,

2094 568 2156 618 Ut
2179 583 2288 620 mea
2317 568 2438 622 facta
2471 573 2616 637 luam,
2645 582 2840 639 tempus
2861 568 3156 630 convenit‘iu
3179 568 3344 632 un‘um.

1964 644 2108 718 Quot
2130 660 2306 708 autem
2337 664 2391 710 et
2418 657 2591 722 qualia
2632 657 2831 714 fuerint
2860 661 2973 716 hac
3001 662 3201 717 scelera
3231 679 3456 732 quorum
3484 678 3546 720 se

1965 756 2118 796 reum
2148 753 2362 799 accusat
2390 745 2727 814 Dracontius,
2752 766 2859 805 non
2892 752 3121 821 explicat
3147 753 3426 816 distincte;
3448 757 3540 811 sed

1967 831 2247 886 innumera
2293 842 2350 888 et
2395 833 2672 891 horribilia
2703 838 2890 907 fuisse,
2917 856 2984 896 ex
3018 845 3258 900 versibus
3287 847 3375 916 qui
3408 861 3544 916 prm-

1963 921 2158 977 cedunt
2180 924 2420 978 nonnulli
2447 925 2722 996 colligent.
2755 929 2843 984 Sic
2865 930 3005 984 enim
3035 932 3110 986 ait
3136 952 3151 989 :

2091 1031 2511 1103 Quorumyrimus
2533 1050 2628 1103 ego
2649 1038 2900 1103 plusquam
2926 1051 3148 1103 peccator
3175 1045 3445 1097 habendus.

2091 1097 2290 1165 Quando
2309 1095 2498 1146 fatebor
2516 1095 2907 1165 enim'scelerum
2927 1095 3359 1165 numerum,atque
3375 1095 3544 1159 reatus

2089 1156 2311 1228 aectoris
2334 1166 2386 1206 et
2410 1159 2608 1210 carnis?
2629 1173 2723 1208 non
2749 1164 2789 1228 si
2811 1163 2925 1212 mihi
2946 1164 3109 1214 ferrea
3140 1156 3229 1215 vox
3257 1156 3338 1228 sit,

2090 1216 2187 1285 φη
2212 1223 2574 1285 to_t_exsurg_ant
2596 1230 2713 1283 quot
2733 1222 2910 1273 dentes
2932 1227 3120 1275 ossibus
3137 1216 3319 1285 albent,

2091 1277 2192 1348 éut
2212 1279 2328 1348 mihi
2355 1277 2656 1348 siculi-nguina
2678 1289 2883 1344 quantos
2903 1295 3048 1348 caput
3072 1301 3215 1348 omne
3236 1277 3431 1348 capillos

2089 1339 2331 1404 Ijectinat,
2354 1337 2574 1404 explebo'
2591 1337 2843 1393 numerum
2867 1337 2975 1396 sine
2994 1347 3161 1397 fraude
3177 1337 3394 1399 iidelem.

2091 1399 2188 1448 Sed
2211 1399 2329 1449 satis
2352 1399 2436 1452 est'
2451 1405 2634 1454 dixisse
2656 1418 2794 1454 reum
2816 1410 2906 1456 sub
2923 1409 3126 1458 crimine
3149 1419 3340 1461 cuncto.

2089 1463 2224 1530 Quod
2246 1467 2326 1511 tua
2348 1464 2480 1530 jussu
2505 1472 2688 1530 vetant,
2713 1466 2848 1515 solus
2867 1481 3097 1530 peccasse
3121 1470 3328 1530 fatebor,

2088 1523 2243 1592 ane
2270 1525 2394 1584 quod
2421 1527 2784 1592 horrescisnon
2803 1523 2880 1592 me
2899 1529 3071 1580 fecisse
3094 1523 3346 1592 negalio.:.

2089 1582 2221 1644 Ergo
2247 1582 2343 1644 ego
2367 1588 2601 1636 confiteor
2626 1590 2893 1638 miseranda
2917 1598 3082 1642 mente
3104 1582 3292 1641 reatum

2090 1645 2325 1713 RIenum,
2343 1649 2527 1706 grande
2553 1649 2730 1698 malum
2755 1663 2850 1698 non
2869 1665 2965 1700 uno
2986 1655 3189 1702 crimine
3220 1660 3426 1713 partum.

2088 1705 2205 1773 Nam
2226 1705 2388 1773 scelus
2408 1721 2556 1773 omne
2576 1722 2737 1759 meum
2759 1725 2988 1762 numeros
3009 1705 3261 1773 superabit
3284 1727 3449 1766 arente

2088 1765 2304 1837 bittoris,
2331 1770 2563 1837 et__pelagi
2587 1773 2778 1820 vincent
2801 1774 2921 1821 mala
2949 1765 3109 1824 nostra
3135 1775 3366 1837 liquores.

2088 1783 2304 1826 LlllOl'lS,
2331 1783 2375 1819 et
2436 1783 2563 1830 etagt
2587 1783 2778 1820 vtnreut
2801 1783 2921 1821 mala
2949 1784 3109 1824 nostra
3136 1783 3174 1822 lit

2087 1825 2194 1894 Ijon
2218 1837 2336 1894 puto
2355 1783 2582 1880 diVuvium
2608 1837 2765 1881 tantos
2788 1837 2986 1894 punisse
3009 1843 3174 1885 reatus

2089 1889 2303 1959 Quantos
2329 1893 2433 1953 ipse
2455 1905 2579 1959 gero
2596 1889 2843 1959 culparum
2871 1897 3086 1957 pondere
3111 1910 3324 1959 pressus.

2089 1948 2310 2024 [flumina
2325 1948 2415 2024 Arne
2437 1948 3264 2024 scelerum'rapiun'tkquatiuntque
3291 1960 3534 2024 procellm,

2090 2009 2148 2071 lit
2173 2019 2480 2071 peccatorum
2506 2021 2698 2063 torrens
2719 2009 2861 2065 simul
2888 2009 3049 2068 obruit
3068 2009 3210 2068 unda.

2093 2070 2484 2138 Me’delictorum
2502 2084 2785 2126 merserunt.
2803 2079 3025 2128 fluctibus
3043 2094 3227 2138 amnes,

2087 2131 2256 2196 Usque
2278 2136 2482 2183 animam
2510 2139 2642 2188 venit
2667 2140 2792 2187 unda
2818 2153 2992 2203 meam,
3021 2144 3182 2204 gravis
3203 2131 3372 2265 horrtfr
3389 2157 3532 2205 aqua-

3347 2219 3471 2256 rum.

3347 2219 3471 2256 rum.

1961 2272 2086 2328 Haec
2106 2275 2284 2329 omnia
2316 2277 2415 2331 nisi
2446 2289 2765 2349 exaggerata
2799 2297 2829 2336 a
2862 2283 3148 2340 Dracontio
3175 2301 3296 2342 esse
3317 2302 3532 2344 censea.

1960 2380 2098 2429 unus,
2127 2367 2524 2424 sceleratiorem
2562 2385 2627 2425 eo
2657 2373 2923 2429 neminem
2955 2375 3119 2432 fuisse
3157 2377 3461 2434 credemus.

2031 2455 2152 2510 126.
2180 2454 2237 2510 ln
2269 2458 2662 2526 prolegomenis
2690 2463 2757 2516 ad
2786 2462 3132 2521 Prudentium
3155 2483 3272 2538 cap.
3301 2469 3357 2536 2,
3382 2484 3531 2525 num.

1956 2543 2026 2599 44
2056 2555 2110 2600 et
2138 2561 2289 2616 seqq.
2322 2550 2550 2618 probare
2579 2561 2803 2607 conatus
2840 2569 2958 2610 sum
2996 2558 3156 2612 verba
3201 2561 3396 2628 quibus
3438 2576 3530 2618 sua

1956 2638 2178 2692 crimina
2212 2637 2534 2696 Prudentius
2583 2642 2636 2698 in
2683 2646 2995 2713 prmfatione
3023 2661 3258 2717 accusat,
3289 2668 3318 2707 a
3350 2654 3531 2709 mode-

1956 2729 2056 2783 stia
2084 2736 2140 2783 et
2167 2729 2469 2789 humilitate
2495 2735 2605 2806 98
2632 2735 2951 2794 Christianis
2965 2741 3123 2810 iustis
3152 2742 3346 2797 usitata
3374 2759 3530 2813 posse

1956 2819 2173 2890 intelligi
2201 2822 2459 2892 profecta,
2501 2841 2672 2898 neque
2721 2829 2940 2888 innuerc
2992 2833 3259 2889 hominem
3307 2838 3528 2909 insigni-

1955 2917 2038 2964 ter
2079 2911 2395 2995 sceleratum
2427 2925 2482 2972 et
2518 2919 2805 2986 perditum,
2836 2931 2892 2978 ut
2929 2925 3017 2980 alii
3057 2927 3213 2997 vulgo
3261 2929 3528 3000 interpre-

1957 3000 2222 3058 tabantur.
2253 3003 2437 3076 Neque
2460 3024 2600 3064 nunc
2626 3012 2840 3081 quidem
2871 3015 3026 3070 aliter
3055 3019 3227 3072 sentio
3251 3037 3264 3071 :
3289 3020 3394 3073 imo
3415 3023 3528 3075 haec

1957 3088 2066 3180 ipsa
2099 3091 2366 3149 Dracontii
2405 3097 2588 3166 verba,
2632 3116 2750 3170 quae
2789 3106 3030 3172 graviora
3075 3109 3343 3180 plerisque
3382 3112 3526 3166 vide-

1957 3178 2173 3250 buntur,
2206 3184 2397 3240 eodem
2425 3202 2587 3244 sensu
2611 3192 2836 3262 accipio.
2865 3195 2970 3252 Sed
2993 3199 3130 3268 quod
3154 3199 3218 3254 de
3245 3178 3528 3258 Drudentio

1942 3278 2078 3325 tunc
2109 3275 2238 3327 satis
2266 3286 2452 3344 aperte
2497 3281 2745 3350 iudicavi,
2779 3302 2919 3342 nunc
2946 3289 3090 3346 clare
3116 3294 3389 3360 profiteor.
3421 3311 3526 3350 non

1951 3359 2022 3413 ita
2063 3377 2148 3417 me
2195 3363 2333 3421 hanc
2374 3382 2590 3425 causam
2623 3387 2802 3444 agere,
2835 3381 2984 3446 quasi
3015 3359 3216 3436 aulide
3255 3383 3524 3439 Prudentii

1950 3459 2041 3502 aut
2067 3451 2134 3506 de
2162 3453 2429 3511 Dracontii
2463 3461 2768 3518 innocentia
2800 3467 3018 3537 liqueat,
3051 3471 3142 3527 scd
3173 3472 3222 3526 id
3252 3489 3410 3528 unum
3444 3491 3527 3530 as-

1949 3551 2154 3606 serere,
2198 3555 2264 3596 ex
2311 3543 2497 3603 humili
2539 3565 2723 3606 eorum
2767 3558 3107 3616 confessione
3154 3576 3524 3631 argumentum

1949 3631 2057 3700 peti
2099 3646 2202 3688 non
2245 3633 2441 3692 debere
2481 3640 2546 3693 ad
2591 3645 2904 3709 gravissima
2935 3649 3002 3704 de
3031 3653 3110 3706 eis
3148 3655 3346 3710 scelera
3376 3657 3522 3712 affir-

1949 3721 2160 3775 mando.
2196 3723 2543 3782 Luculentum
2583 3734 2888 3802 exemplum
2935 3754 3074 3793 nunc
3108 3742 3327 3798 afferam
3367 3762 3430 3800 ex
3461 3747 3520 3801 S.

1949 3811 2169 3881 Eugeuii
2215 3815 2460 3872 Toletani
2505 3813 2752 3879 versibits
2799 3825 2850 3879 iu
2897 3826 3156 3884 Lomento
3185 3833 3252 3887 de
3292 3835 3520 3889 adventu

1948 3903 2176 3971 propriae
2204 3909 2515 3973 senectutis,
2542 3909 2639 3964 lib.
2670 3928 2705 3976 t,
2732 3928 2901 3968 carm.
2936 3916 3002 3970 η
3029 3933 3044 3972 :

2074 3990 2506 4068 Oppressinrapui,
2526 4001 2720 4062 nudari,
2745 4008 2944 4055 crimina
2969 4005 3104 4068 tinxi,

2133 4056 2372 4116 Pauperis
2389 4056 2448 4108 ad
2471 4056 2638 4112 vocem
2665 4056 2802 4115 meus
2821 4081 2928 4118 mea
2947 4056 3104 4117 surda'
3115 4069 3222 4121 fuit.

2072 4115 2271 4192 Carr-up!
2298 4124 2541 4192 proprium
2568 4123 2742 4192 lascivo
2767 4115 3185 4192 vulnere-corpus,

2134 4178 2258 4250 l‘iju'c
2278 4178 2444 4240 miser,
2468 4185 2578 4233 hinc
2601 4189 2820 4250 pavidus,
2845 4189 2956 4238 hinc
2978 4178 3274 4243 temuleutus
3297 4207 3373 4245 eo.

2072 4238 2213 4316 Nulla
2235 4255 2372 4314 meas
2385 4238 2611 4316 unquam
2627 4249 2767 4296 venia
2794 4238 3091 4316 compescuit
3116 4238 3232 4316 iiii,

2129 4301 2234 4352 Nec
2252 4305 2360 4355 sine
2383 4301 2499 4355 felle
2522 4307 2708 4369 furens,
2733 4323 2826 4361 nec
2852 4301 2960 4362 sine
2985 4301 3120 4364 caede
3145 4301 3230 4365 fui:

1946 4386 2023 4440 Ac
2053 4399 2119 4438 ne
2145 4385 2263 4455 quis
2293 4386 2361 4442 de
2401 4397 2620 4444 auctore
2657 4391 2883 4458 dubitet,
2927 4411 3120 4453 nomen
3156 4399 3208 4454 in
3252 4412 3521 4470 postremo

261 4457 458 4514 ducem
487 4459 730 4514 versibus
765 4461 1069 4517 extolleret.
1116 4464 1368 4532 Quamvis
1414 4476 1592 4522 autem
1639 4469 1839 4524 nullum
1876 4495 1925 4556 ι)
1947 4484 2278 4545 pentametro
2306 4479 2592 4548 exprimit:

261 4550 549 4621 vestigium
580 4553 832 4609 carminis
858 4557 1000 4624 quod
1041 4565 1168 4613 tunc
1205 4558 1520 4616 Dracontius
1544 4565 1842 4632 composuit

259 4641 326 4696 ad
362 4657 464 4696 nos
492 4643 818 4710 pervenerit,
845 4645 962 4715 ejus
990 4655 1166 4704 tamen
1197 4650 1502 4706 testimonio
1527 4664 1732 4708 certum
1760 4664 1842 4710 est

260 4733 468 4787 editum
500 4735 570 4788 ab
599 4735 689 4790 illo
717 4735 878 4792 fuisse
916 4753 1133 4796 carmen
1176 4755 1281 4810 quo
1322 4758 1416 4798 rex
1456 4743 1692 4801 offensus
1719 4745 1837 4801 fuit.

261 4823 374 4880 Nec
405 4823 706 4880 mirandum
735 4837 817 4881 est
844 4827 947 4883 hoc
979 4845 1081 4884 non
1109 4844 1389 4900 superesse
1416 4847 1662 4901 carmen,
1699 4836 1838 4906 quod

261 4916 515 4984 Vandali,
547 4919 636 4986 qui
667 4919 716 4972 in
745 4920 936 4977 Bmtica
968 4929 1092 4979 tunc
1119 4938 1295 4979 rerum
1324 4926 1678 4996 potiebantur,
1714 4945 1842 5001 sup-

259 5008 503 5077 primere
525 5007 847 5066 debuerunt.

329 5098 462 5156 125.
505 5099 821 5157 Dracontius
851 5103 904 5158 in
934 5107 1173 5162 carmine
1196 5105 1264 5162 de
1291 5105 1421 5175 Deo,
1452 5107 1542 5164 ubi
1575 5125 1640 5166 ex
1675 5111 1839 5168 animi

256 5193 526 5248 sententia
559 5202 774 5261 peccata
799 5210 893 5251 sua
919 5196 1112 5254 fatetur
1136 5211 1314 5255 coram
1341 5200 1471 5266 Deo,
1499 5202 1567 5258 de
1591 5202 1694 5260 hoc
1720 5221 1840 5261 car-

259 5283 410 5337 mine
439 5283 659 5338 omnino
675 5285 782 5357 97
800 5285 944 5353 silet,
968 5286 1193 5344 fortasse
1217 5290 1338 5361 quia
1366 5293 1583 5360 putabat
1611 5295 1712 5350 alia
1739 5296 1839 5352 sibi

258 5387 384 5430 esse
413 5377 637 5431 crimina
677 5379 920 5448 graviora
949 5396 1068 5450 qum
1103 5391 1164 5436 ut
1202 5384 1414 5452 puniret
1444 5387 1604 5455 Deus,
1635 5404 1754 5445 eum
1785 5393 1838 5446 in

263 5462 364 5519 has
391 5479 526 5535 quas
553 5468 858 5536 patiebatur
881 5471 1209 5529 calamitates
1236 5475 1474 5532 incidere
1496 5481 1834 5548 permiserat.

260 5552 324 5611 In
355 5555 531 5627 Elegia
557 5573 698 5615 vers.
725 5559 827 5616 105
851 5561 962 5617 ait:

389 5643 646 5721 Teneor-am
670 5649 874 5721 primum
892 5663 972 5721 me
992 5655 1218 5721 carminis
1241 5655 1366 5721 illius
1387 5667 1530 5721 ausu,

453 5706 592 5768 Quod
615 5706 741 5762 male
764 5711 994 5774 disposui,
1023 5718 1223 5774 pq-nitet
1248 5725 1298 5767 et
1321 5717 1492 5768 fateor.

2134 4565 2356 4629 Eugenio
2379 4570 2556 4619 misero
2579 4570 2662 4631 sit,
2688 4583 2826 4634 rogo,
2851 4587 2990 4636 pmna
3009 4576 3147 4629 levis.

1946 4647 2114 4702 Nemo
2161 4655 2436 4720 negaverit
2482 4652 2749 4709 difficilius
2792 4671 2912 4712 esse
2953 4659 3067 4714 haec
3104 4662 3264 4718 verba
3299 4664 3517 4735 Eugenii

1949 4736 2176 4808 benigne
2209 4741 2572 4810 interpretari,
2606 4758 2762 4813 quam
2802 4761 2922 4817 qum
2963 4764 2992 4802 a
3036 4749 3319 4809 Dracontio
3347 4757 3398 4810 in
3427 4773 3518 4828 ge-

1947 4845 2077 4884 nere
2105 4838 2307 4885 tantum
2334 4833 2677 4901 proferuntur
2707 4853 2720 4888 :
2745 4853 2867 4892 nam
2900 4837 3170 4910 Eugenius
3207 4842 3273 4898 ad
3311 4847 3517 4914 species

1947 4922 2088 4991 ipsas
2119 4923 2400 4981 horrenda:
2428 4927 2706 4997 cujusdam
2755 4931 3050 5003 iniquitatis
3083 4936 3405 4995 descendere
3434 4940 3516 4994 vi-

1947 5013 2123 5070 detur.

2017 5105 2140 5160 127.
2173 5104 2417 5161 Profecto
2463 5108 2729 5175 Barthius,
2759 5115 2847 5184 qui
2881 5116 2972 5171 lib.
3008 5132 3070 5172 ιν
3105 5116 3352 5185 Advers.,
3393 5134 3510 5190 cap.

1948 5193 2034 5259 ll,
2065 5193 2167 5249 hoc
2190 5210 2402 5250 carmen
2433 5197 2651 5269 Eugenii
2683 5201 3080 5272 interpretatur,
3102 5208 3372 5276 conceptis
3393 5225 3533 5265 ver--

1941 5284 2025 5339 bis
2050 5287 2123 5340 ait
2156 5304 2168 5338 :
2199 5285 2497 5356 Corrupisse
2534 5305 2588 5345 se
2618 5295 2877 5364 proprium
2917 5311 3099 5364 corpus
3128 5299 3512 5352 scortationibus

1943 5375 2131 5429 dicit...
2177 5375 2357 5431 Fuisse
2390 5388 2558 5432 autent
2587 5380 2655 5434 ad
2682 5383 2787 5434 lucc
2815 5381 2998 5435 delicta
3026 5385 3313 5452 proniorem
3342 5383 3510 5456 Euge-

1942 5471 2088 5524 nium
2133 5488 2196 5526 ετ
2237 5474 2598 5544 epigrammate
2636 5476 2786 5528 etiam
2822 5477 2968 5530 tertio
3007 5477 3176 5533 doceri
3218 5496 3510 5550 possumus,

1940 5560 2026 5613 ubi
2051 5562 2122 5614 ait
2150 5578 2168 5616 :

2068 5670 2205 5744 ﬁunt!
2230 5678 2416 5741 rectum
2434 5669 2842 5744 sequimurmuuc
2867 5685 3061 5733 pravum
3087 5675 3233 5744 corde
3254 5686 3506 5744 tenemus;

2065 5728 2103 5781 Ν
2113 5744 2201 5778 unc
2221 5733 2368 5781 sancti
2389 5728 2602 5791 castique
2626 5728 2806 5795 sumus,
2825 5728 2950 5785 nunc
2974 5728 3131 5791 scorta
3153 5728 3386 5794 fovemus.
