4030 6170
476 292 576 355 66‘!

1878 273 2324 333 DBACONTIUS.

3613 267 3715 324 668

477 409 592 465 Etsi
614 406 748 465 enim
775 422 833 462 eo
857 405 971 463 loco
996 400 1273 476 generatim
1308 397 1545 468 loquatur
1583 395 1646 464 de
1685 390 1863 445 mentis
1908 387 2046 456 apud
2072 388 2122 443 Α
2147 382 2470 476 tum‘mittit,
2500 381 2762 476 celebrat;
2796 380 3059 476 cuin-deut
3084 378 3567 441 Chindasuinthum
3598 380 3718 476 rell.

478 516 651 555 omnes
679 494 1266 553 homines‘inconstantia
1298 497 1345 544 et
1386 487 1644 559 (utilitate,
1673 498 1767 537 sua
1789 489 2042 535 tatnen‘ea:

476 589 687 660 propria
728 586 1033 642 conscientia
1070 593 1119 638 et
1156 582 1273 637 citat
1312 586 1559 633 anteactae
1598 570 1906 640 experientia
1945 568 2043 660 ista

479 659 651 735 omnia
687 684 908 732 recenset
945 684 1096 745 atque
1121 673 1435 735 detestatur;
1464 669 1651 738 fatetur
1674 671 1842 717 autem
1866 659 2043 716 eodem

479 768 549 824 12
565 768 793 823 carmine
811 767 964 821 etiam
987 765 1126 821 crede
1146 763 1258 834 99
1279 777 1334 815 se
1355 773 1541 827 parum
1568 771 1669 810 non
1713 751 1888 822 fuisse.
1922 748 2044 804 Non

477 861 610 914 enim
635 858 783 916 aliter
809 873 963 928 quam
988 860 1066 910 uti
1091 860 1296 918 sonant,
1327 849 1628 921 simpliciter
1655 860 1717 899 ea
1752 841 1901 897 verba
1926 846 2044 894 sunt

476 947 873 1018 intelligenda...
902 945 1229 999 Iuventatem
1260 957 1313 994 se
1342 954 1431 1006 per
1459 936 1732 991 libidinum
1757 930 1928 987 omnia
1959 944 2047 999 ge-

477 1055 599 1095 nera
620 1039 898 1095 decurrisse
925 1038 1091 1103 fassus
1116 1041 1210 1089 est.
1242 1032 1368 1087 Hac
1406 1027 1674 1089 Barthius,
1694 1024 1783 1094 qui
1808 1022 1855 1078 si
1885 1020 2048 1079 vidis-

478 1139 561 1185 set
582 1129 685 1184 alia
714 1128 948 1187 carmina
975 1124 1192 1196 Eugenii
1222 1137 1287 1178 ex
1314 1119 1499 1177 codice
1534 1112 1818 1185 Δωθαεηεὶ
1853 1108 2048 1167 Matriti

479 1226 645 1291 edita,
671 1224 890 1280 uberius
917 1220 1223 1291 opinionem
1244 1229 1397 1273 suam
1425 1210 1794 1271 conﬁrmasset
1812 1202 2049 1267 cumino

483 1320 509 1373 1
544 1317 636 1372 lib.
668 1332 725 1381 tt,
752 1313 893 1385 quod
920 1311 1140 1379 incipit:

728 1404 854 1454 Mole
886 1402 1135 1462 culparum
1158 1398 1372 1462 graviter
1394 1399 1624 1462 onustus,

732 1466 943 1517 Crimine
966 1455 1202 1523 summus,
1228 1459 1355 1509 \iliis
1380 1455 1645 1509 abundans.

558 1550 678 1605 128.
713 1545 930 1601 Barthio
958 1558 1022 1598 ex
1053 1543 1165 1596 sola
1199 1536 1418 1610 Eugenii
1446 1532 1780 1590 confessione
1801 1524 2048 1582 assentiri

483 1654 587 1695 non
615 1637 890 1701 auderem,
917 1632 1124 1691 etiamsi
1157 1631 1259 1691 alia
1286 1630 1535 1684 deessent
1566 1631 1906 1681 monumenta
1933 1633 2052 1689 qua:

484 1727 753 1825 ejusmodi
774 1726 974 1825 scelera
1005 1723 1072 1778 ab
1097 1722 1347 1825 ‘l-Sugenio
1382 1718 1702 1825 repellerent
1725 1728 1906 1825 :‘nunc
2083 1732 2131 1792 Β
2156 1718 2317 1825 “Qui

490 1822 605 1876 haec
641 1819 836 1884 adsint,
886 1818 1041 1886 plane
1082 1812 1359 1869 dissentio.
1401 1809 1538 1869 Audi
1583 1805 2053 1876 locupletissimum

486 1919 678 1965 testem
700 1908 1018 1963 lldefonsum
1050 1906 1103 1960 in
1128 1903 1348 1975 Eugenii
1371 1902 1485 1956 Vita
1510 1916 1526 1955 :
1558 1899 1661 1954 Hic
1692 1914 1809 1952 cum
1833 1896 2057 1950 ecclesia

485 2001 639 2072 regia
675 2001 886 2054 clericus
924 2008 1050 2054 esset
1092 1997 1345 2067 egregius,
1375 1997 1476 2051 uita
1509 1992 1746 2047 monachi
1780 1991 2055 2045 delectatus

485 2098 583 2145 est.
619 2090 718 2158 Qui
754 2089 923 2161 sagaci
957 2089 1081 2162 fuga
1116 2088 1288 2142 urbem
1315 2086 1827 2155 Ctesaraugustanam
1864 2091 2053 2152 petens,

489 2177 598 2234 illic
627 2188 911 2251 martyrum
940 2178 1182 2248 sepulcris
1215 2177 1436 2243 inhresit,
1464 2176 1630 2245 ibique
1658 2174 1829 2227 studia
1851 2172 2055 2241 sapien-

489 2274 573 2331 tite
613 2280 660 2326 et
705 2271 1013 2340 propositum
1063 2268 1296 2325 monachi
1342 2268 1574 2323 decenter
1618 2265 1829 2321 incoluit
1873 2279 1891 2320 :
1926 2264 2059 2319 unde

491 2362 763 2430 principali
789 2363 1022 2417 violrntia
1047 2361 1286 2416 reduetus
1308 2369 1458 2430 atque
1483 2357 1907 2425 inpontiﬁcatum
1927 2354 2057 2408 asci-

494 2460 593 2513 tus,
622 2454 771 2505 vitam
797 2452 910 2521 plus
932 2451 1170 2525 virtutum
1188 2450 1379 2504 meritis
1405 2463 1557 2518 quam
1578 2445 1765 2500 viribus
1786 2444 1906 2514 egit.
1934 2441 2057 2497 Fuit

495 2542 629 2597 enim
674 2557 880 2608 corpore
920 2543 1104 2611 tenuis,
1149 2556 1335 2611 parvus
1363 2539 1562 2605 robore,
1589 2537 1676 2596 sed
1703 2537 1866 2591 valide
1894 2539 2058 2606 ferve-

491 2650 633 2689 scens
669 2635 878 2704 spiritus
908 2633 1107 2690 virtute.
1138 2632 1361 2691 Caditne
1393 2630 1446 2687 id
1474 2629 1701 2698 elogium
1733 2630 1784 2682 in
1813 2643 1933 2687 eum
1962 2627 2061 2683 ho-

491 2725 686 2783 minem
718 2726 926 2796 qualem
956 2724 1109 2781 nobis
1137 2722 1389 2780 describit
1435 2721 1716 2776 Barthius?
1756 2719 1935 2789 Neque
1963 2733 2061 2788 op-

491 2835 658 2890 ponas
692 2820 977 2888 Eugenium
1023 2818 1313 2888 juventutis
1362 2831 1471 2886 suae
1509 2813 1727 2870 crimina
1778 2826 2058 2877 accusare;

491 2924 612 2965 nam
662 2907 911 2963 lldel'onsi
960 2906 1316 2962 testimonium
1376 2906 1540 2959 vitam
1594 2904 1648 2959 in
1702 2900 2061 2956 adolescentia

492 3000 701 3070 integre
744 3009 794 3053 et
835 3000 918 3067 pie
955 3010 1126 3053 actam
1153 2997 1454 3063 conﬁrmat,
1487 3006 1539 3050 et
1569 2996 1684 3064 ipse
1717 2993 1982 3063 Eugenius
2008 2993 2059 3047 in

2139 471 2312 545 gionis
2345 473 2660 543 pietatisque
2707 473 2861 527 laude
2909 471 3152 528 ﬂoruisse
3189 480 3417 536 constat,
3443 473 3533 541 qui
3559 472 3716 528 etiam

2144 568 2397 623 Taionem
2427 565 2651 620 Romam
2676 564 2903 633 legatum
2933 564 3097 628 misit,
3128 572 3187 618 ut
3219 564 3362 619 varia
3391 563 3451 619 S.
3478 563 3713 635 Gregorii

2141 673 2303 728 opera
2332 698 2347 723 ,
2376 674 2494 729 qua:
2530 658 2583 713 in
2614 657 2863 727 Hispania
2893 654 3354 722 deSidcrabantur,
3396 665 3711 725 asportaret,

2141 760 2197 808 et
2239 752 2476 820 Eugenio
2523 750 2832 811 mandatum
2880 748 3029 805 dedit
3075 756 3137 803 ut
3184 735 3711 822 Dracontii‘libellos

2142 843 2454 913 corrigeret.
2498 841 2669 897 Unum
2701 841 2753 895 in
2782 855 2848 898 eo
2876 840 3081 907 vitium,
3110 839 3262 913 cujus
3290 839 3539 896 distincta
3568 855 3709 896 men-

2144 935 2220 993 tio
2244 936 2297 996 in
2326 934 2599 1006 cpitaphio
2627 948 2735 995 nou
2760 942 2866 1001 est,
2894 932 3125 998 Mariana
3154 932 3247 988 lib.
3288 948 3340 986 νι
3371 932 3510 988 Hist.
3544 933 3705 1003 Hisp.,

2144 1041 2271 1096 cap.
2301 1026 2356 1094 8,
2397 1033 2566 1094 notat,
2609 1026 2867 1097 reliquam
2907 1025 3067 1080 vitam
3109 1025 3328 1083 laudat:
3360 1024 3592 1096 Regnum
3626 1042 3709 1096 per

2145 1117 2466 1190 tyrannidem
2495 1125 2798 1188 occupatum
2837 1117 2957 1173 bene
3000 1116 3175 1193 gessit,
3207 1116 3613 1187 inaugurationis
3637 1116 3703 1169 vi-

2126 1207 2271 1265 'tium
2306 1210 2462 1264 totius
2490 1209 2605 1263 vita
2633 1208 2878 1278 probitate
2908 1217 3056 1277 atque
3082 1208 3368 1262 constantia
3396 1223 3705 1281 conrpensare

2146 1309 2402 1371 satagens.
2432 1299 2547 1378 Non
2575 1314 2704 1371 ergo
2730 1297 2990 1373 Eugenio.
3022 1299 3114 1359 sed
3157 1299 3256 1368 ipsi
3297 1297 3711 1359 Οιιῑηάειειιῑηιιιθ

2149 1390 2489 1449 tribuendum
2517 1399 2599 1448 est
2621 1390 2725 1451 hoc
2751 1389 3103 1463 epitaphium.
3129 1389 3309 1467 Neque
3337 1388 3602 1447 immerito
3628 1406 3709 1445 so-

2148 1484 2467 1545 lertissimus
2502 1482 2678 1541 editur
2714 1481 3001 1543 cardinalis
3042 1483 3346 1543 Larentalia
3376 1493 3498 1541 ante
3527 1483 3712 1540 librum

2151 1574 2445 1635 secundum
2484 1573 2689 1631 monuit
2714 1588 2820 1634 non
2858 1587 3046 1633 omnes
3091 1586 3279 1631 versus
3306 1573 3392 1642 qui
3425 1572 3477 1627 iu
3506 1589 3570 1628 eo
3595 1586 3715 1640 pro-

2153 1665 2414 1732 feruntur,
2440 1665 2814 1737 repmscntari
2844 1674 3092 1740 tanquam
3122 1680 3405 1739 germanos
3434 1657 3569 1722 ictus
3614 1665 3715 1720 En-

2349 1757 2595 1827 qnamvis
2639 1756 2693 1811 in
2734 1755 2919 1817 codice
2959 1756 3246 1829 Azagrensi
3280 1770 3467 1813 omnes
3490 1757 3590 1819 sub
3613 1772 3717 1811 uno

2158 1849 2381 1921 Ettgwii
2413 1847 2627 1905 nomine
2655 1848 2842 1904 ordine
2870 1848 3123 1903 continuo
3151 1848 3481 1917 reperiantur
3513 1849 3714 1917 scripti,

2155 1949 2210 1994 et
2233 1940 2483 2008 permixti
2514 1938 2619 1993 illis
2658 1953 2793 2009 quos
2827 1938 2936 2008 jam
2971 1948 3095 1997 ante
3125 1938 3438 1996 Sirmoudus
3460 1939 3715 1995 ediderat.

2159 2029 2302 2085 inter
2328 2029 2449 2089 illos
2475 2029 2619 2100 ipsos
2648 2043 2782 2099 quos
2812 2029 3125 2087 Sirmondns
3166 2029 3493 2099 vulgarent,
3545 2030 3715 2098 plures

2157 2134 2276 2183 esse
2303 2119 2392 2191 qui
2424 2119 2717 2189 Eugenium
2741 2134 2844 2177 non
2869 2119 3067 2175 habent
3087 2128 3374 2182 auctorem,
3402 2119 3555 2175 facile
3581 2130 3716 2175 esset

2157 2212 2458 2278 ostendero,
2494 2219 2551 2264 ut
2579 2226 2791 2266 carmen
2818 2211 2881 2265 ‘21
2915 2211 2981 2265 de
3011 2211 3376 2265 inventoribus
3404 2211 3714 2273 litterarum,

2157 2302 2297 2371 quod
2344 2303 2396 2356 in
2444 2301 2760 2369 Antholngia
2804 2301 2989 2356 Latina
3036 2302 3320 2371 reperitur.
3371 2301 3437 2356 Et
3475 2300 3718 2373 quoniam

2158 2393 2480 2461 eritapltittm
2512 2391 2920 2447 Chimlasnintlti
2961 2392 3084 2448 huic
3119 2393 3480 2461 ascripsimus,
3509 2409 3719 2448 carmen

2159 2481 2220 2539 31
2257 2482 2371 2537 libri
2397 2483 2495 2536 tde
2521 2481 2576 2536 Μ
2582 2490 2687 2536 orte
2719 2483 2872 2557 ιοι
2897 2483 3126 2553 conjugis
3153 2481 3546 2541 Chindasuinthi
3568 2483 3714 2554 regis,

2159 2586 2265 2642 quo
2295 2587 2382 2626 rex
2412 2571 2699 2641 alloquitur
2725 2571 2982 2641 reginam,
3017 2572 3146 2626 nihil
3178 2571 3426 2645 prohibet
3446 2572 3721 2641 quominus

2160 2662 2334 2717 eidem
2392 2664 2502 2733 regi
2555 2663 2936 2732 adjudiccmus.
2984 2662 3133 2729 Quod
3181 2664 3224 2727 si
3275 2661 3724 2723 Chindasuintbus

2161 2765 2348 2808 auctor
2386 2756 2468 2808 sui
2499 2753 2753 2823 epitaphii
2794 2753 3048 2819 creditur,
3081 2768 3177 2823 pro
3207 2768 3312 2813 uno
3344 2754 3587 2821 exemplo
3625 2755 3721 2813 Eu-

2161 2843 2302 2913 genii
2333 2844 2473 2914 quod
2506 2844 3043 2913 preposucram,'jam
3084 2843 3190 2898 duo
3219 2853 3378 2903 erunt
3403 2844 3733 2914 diStinguen-

2163 2935 2226 2988 da
2251 2949 2267 2987 :
2291 2951 2357 2988 ex
2385 2950 2490 3003 quo
2511 2934 2676 3003 magis
2695 2933 3093 2991 conﬁrmabitur
3115 2934 3365 2993 humilem
3393 2946 3729 3004 peccatorum

2163 3025 2556 3080 cnnl‘essionem
2599 3025 2867 3081 Dracontii
2918 3026 3034 3081 sine
3076 3025 3329 3095 improbo:
3364 3026 3485 3081 vita:
3515 3025 3728 3081 infamia

492 3092 761 3160 epitaphto
785 3101 948 3145 totum
978 3105 1087 3147 sua:
1117 3092 1238 3145 vita:
1270 3102 1476 3161 tempus
1496 3088 1922 3158 comprehendit,
1953 3103 2058 3155 per-

2165 3124 2308 3171 state
2348 3131 2522 3185 posse,
2550 3125 2750 3172 etcum
2781 3118 3023 3188 exempla
3067 3088 3181 3173 tunc
3225 3117 3540 3173 humilitatis
3577 3117 3728 3172 Chri.

494 3181 619 3236 inde
646 3182 796 3249 quasi
827 3181 890 3234 ad
918 3181 1119 3235 obitum
1150 3196 1318 3249 usque
1348 3180 1639 3236 sceleribus
1668 3180 1824 3232 ruerit
1849 3179 2056 3235 involu-

494 3281 597 3325 tus.
630 3270 767 3337 Qu'd
811 3270 966 3335 igitur
1007 3278 1188 3331 restat,
1237 3270 1336 3323 nisi
1384 3281 1438 3323 nt
1478 3269 1718 3325 dicamus
1765 3267 2057 3337 Εηενιιίυιη

492 3361 718 3430 quodam
769 3374 930 3415 scn~u
981 3360 1155 3415 minus
1198 3362 1431 3430 pr0prio,
1476 3361 1568 3417 sed
1613 3374 1742 3417 vero
1784 3369 1837 3417 et
1874 3358 2059 3414 humili
2105 3405 2111 3411 .

492 3452 658 3521 loqui,
688 3462 742 3506 ιιι
771 3453 965 3507 veritas
994 3454 1048 3506 in
1079 3453 1193 3521 ejus
1218 3452 1373 3509 dictis
1405 3468 1525 3507 cum
1563 3452 1859 3509 humilitate
1887 3451 2062 3507 colla:-

492 3552 626 3607 reat,
673 3559 842 3613 neque
884 3546 1044 3599 verba
1091 3555 1148 3599 ut
1190 3556 1383 3599 sonant
1421 3554 1511 3601 aut
1556 3559 1750 3601 sonare
1793 3544 2058 3609 videntur,

492 3636 803 3702 simpliciter
827 3636 1220 3705 intelligantur?
1472 3656 1479 3662 ·
1924 3688 1935 3691 -

567 3727 688 3784 129.
735 3730 1002 3799 Engenius
1031 3740 1204 3789 autem
1246 3746 1351 3787 non
1380 3746 1439 3787 se
1465 3733 1636 3787 solum
1666 3733 1841 3787 verbis
1869 3748 1934 3787 ex
1965 3732 2064 3788 hu-

493 3822 716 3877 militate
757 3820 1056 3883 Christiana
1107 3824 1388 3892 proiectis,
1440 3840 1627 3880 verum
1677 3827 1877 3892 etiam,
1920 3826 2061 3896 quod

492 3912 724 3977 mireris,
767 3913 1245 3968 Chindasuinlhum
1296 3929 1472 3983 regem
1524 3914 1682 3970 simili
1729 3915 1910 3982 modo,
1949 3925 2066 3975 tau-

494 4017 646 4070 quam
683 4001 978 4071 improbum
1012 4012 1065 4055 et
1094 4003 1348 4057 nefarium
1381 4003 1645 4059 hominem
1673 4004 1975 4074 descripsit.
2008 4005 2061 4058 In

493 4090 630 4144 libro
660 4107 695 4146 u
725 4094 1016 4147 carminum
1046 4093 1261 4162 Engenii
1289 4108 1351 4146 ex
1382 4091 1567 4149 codice
1596 4096 1836 4163 Azagrte,
1869 4095 1921 4150 in
1952 4095 2064 4153 edi-

495 4184 636 4238 tione
678 4184 989 4248 Matritensi,
1020 4199 1236 4243 carmen
1268 4186 1333 4240 75
1369 4193 1452 4239 est
1481 4166 1813 4255 Epitaphium
1838 4184 2067 4238 Chinda-

496 4273 696 4325 suintho
735 4276 841 4344 regi
868 4277 1227 4344 conscriptum,
1258 4276 1344 4330 ubi
1375 4276 1514 4331 inter
1535 4276 1637 4330 alia
1668 4276 1928 4347 Eugenitls
1954 4275 2065 4331 huic

496 4363 569 4417 ait
600 4379 613 4415 :

2161 3207 2347 3262 stianm
2382 3224 2445 3262 ex
2483 3207 2730 3277 Hispanis
2752 3210 2857 3263 sint
2885 3212 3066 3278 petita,
3098 3225 3228 3264 nova
3257 3211 3559 3279 conjectura
3581 3226 3729 3267 acce-

2164 3298 2276 3361 det,
2309 3300 2351 3351 si
2384 3314 2557 3353 tamt'tt
2597 3314 2684 3354 res
2729 3317 2832 3355 non
2871 3302 3094 3357 obscura
3133 3303 3454 3372 ronjecturis
3486 3319 3731 3371 eomprm

2161 3387 2329 3442 bunda
2360 3397 2461 3453 est,
2487 3398 2543 3443 ut
2566 3404 2629 3445 ex
2652 3391 2811 3444 simili
2838 3391 3096 3447 modestia
3122 3392 3367 3462 Hispanis
3398 3394 3537 3459 potis
3569 3396 3729 3447 imum

2161 3481 2352 3534 usitata
2404 3482 2714 3551 Hispaniam
2767 3482 3038 3541 Drscontii
3097 3486 3317 3555 patriam
3371 3501 3495 3542 esse
3542 3485 3731 3541 contir-

2163 3588 2300 3631 mem
2309 3589 2389 3631 υε.

2745 3667 2971 3724 CAPUT
3011 3668 3148 3724 XIV.

2378 3758 2578 3830 Stylus,
2611 3760 2859 3828 latinitas,
2890 3774 2936 3816 et
2972 3762 3214 3832 prosodia
3241 3761 3526 3818 Dracontii.

2239 3870 2363 3926 151.
2394 3868 2463 3925 Ut
2490 3870 2557 3926 de
2599 3872 2718 3927 aliis
2744 3872 2990 3928 omnibus
3019 3873 3388 3945 scriptoribus,
3418 3872 3491 3927 ita
3520 3873 3584 3929 de
3605 3873 3731 3933 Dra-

2165 3960 2348 4015 contio
2376 3960 2586 4017 diversa
2617 3972 2740 4017 sunt
2771 3963 2914 4017 inter
2941 3978 2999 4017 se
3040 3962 3319 4024 doctorum
3349 3964 3627 4018 hominum
3653 3964 3731 4033 jn-

2165 4058 2325 4118 dicia.
2359 4058 2639 4127 Dupinius,
2673 4056 2924 4113 Bibliotlt.
2968 4057 3104 4112 Nov.
3151 4067 3278 4113 tom.
3308 4055 3398 4126 IV,
3447 4073 3569 4129 pag.
3604 4057 3731 4121 ΞΝ),

2168 4150 2455 4206 barbarum
2486 4157 2543 4206 et
2573 4149 2902 4205 inconditum
2939 4149 3147 4210 dicendi
3176 4165 3343 4220 genus
3372 4149 3423 4207 in
3455 4149 3733 4205 Dracontiu

2168 4248 2329 4294 taxat.
2353 4238 2672 4302 Ceillierius,
2699 4249 2829 4293 tom.
2849 4238 2941 4292 XV
2961 4238 3026 4293 de
3046 4237 3240 4307 Script.
3264 4238 3483 4304 eccles.,
3509 4237 3731 4307 cap.29,

2169 4331 2305 4386 nihil
2336 4332 2387 4386 in
2433 4322 2996 4399 Dracontii‘poemate
3042 4329 3473 4385 consideratione
3518 4329 3731 4400 dignum

796 4445 1560 4523 Cltiudasr'tintllus‘ego‘noxarum
1582 4462 1779 4517 semper
1802 4452 2000 4513 mirus,
2091 4460 2143 4523 Ι)
2168 4439 2289 4479 esse
2318 4423 2626 4478 arbitratur.
2673 4423 2961 4479 Goldastus
3006 4422 3059 4476 in
3102 4420 3328 4493 epistola
3358 4421 3425 4475 ad
3451 4419 3731 4476 Wcitzinm

622 4433 776 4550 190
796 4445 1192 4498 Chindtsuinthus
1209 4461 1302 4509 ego
1327 4461 1560 4498 noxarum
1582 4462 1717 4517 semp

622 4562 636 4573 _
706 4509 898 4573 'atrator
915 4507 1155 4557 scelerum
1180 4510 1385 4573 (ilténdas
1405 4512 1582 4560 sinibus
1602 4524 1717 4573 ego.

616 4562 812 4637 Impius,
837 4571 1392 4637 olr~cc_nus,_prul)r05tts.
1420 4576 1591 4632 turpis,
1613 4562 1824 4637 iniquus,

678 4625 864 4698 thitttn
891 4629 1016 4698 nullo
1044 4625 1228 4689 volens,
1257 4625 1460 4698 pessima
1494 4625 1664 4698 cuncta
1687 4625 1869 4684 valens.

619 4687 855 4757 Quidquid
878 4693 999 4750 agit,
1024 4698 1102 4757 qui
1132 4687 1273 4757 prava
1296 4696 1448 4757 cupit,
1475 4696 1555 4757 qui
1582 4698 1721 4744 noxia
1742 4698 1934 4756 «putarit,

681 4747 850 4815 Qnmia
868 4747 1099 4815 commisi,
1121 4747 1253 4815 pejor
1279 4764 1332 4805 et
1353 4747 1464 4805 inde
1485 4747 1568 4805 iui.

614 4807 754 4879 Nulla
778 4814 863 4879 l'tt't
891 4812 980 4879 cui;
999 4824 1024 4858 a
1041 4807 1193 4879 quani
1217 4830 1309 4864 non
1333 4824 1635 4870 committere
1662 4817 1857 4879 vellem,

680 4872 915 4923 Maximus
938 4876 984 4921 in
1008 4876 1150 4936 vitiis,
1178 4886 1227 4925 ct
1250 4879 1379 4938 prior
1399 4880 1501 4940 ipse
1524 4879 1606 4927 fui.

498 4953 724 5010 Restitui
754 4958 896 5026 pejor
925 4971 1019 5022 pro
1049 4960 1209 5027 pejus,
1243 4961 1380 5028 quod
1408 4961 1601 5030 legitur
1626 4963 1677 5015 in
1704 4961 1933 5017 editione
1956 4961 2069 5017 Ma-

498 5045 727 5101 tritensi.
768 5046 822 5101 In
874 5046 953 5101 bis
992 5048 1235 5102 versibus
1276 5049 1502 5117 primum
1541 5066 1771 5122 agnoco
1811 5052 2064 5107 humilem

499 5139 956 5209 exaggerationem
996 5139 1240 5193 vitiOrum
1278 5139 1714 5207 Chindasuinthi;
1757 5144 1951 5200 deinde
1981 5160 2068 5199 ar-

499 5242 623 5298 guo,
665 5244 769 5283 non
813 5230 881 5283 ab
932 5230 1188 5300 Eugenio,
1231 5231 1324 5284 scd
1373 5231 1441 5285 ab
1488 5233 1602 5302 ipso
1642 5235 2066 5292 Chindasuintho

500 5318 824 5388 epitaphium
858 5320 1017 5377 fuisse
1043 5321 1414 5390 compositum.
1443 5322 1543 5389 Qui
1574 5325 1716 5378 cnim
1746 5326 1860 5380 fieri
1899 5327 2067 5395 potuit

502 5416 558 5460 ut
583 5408 851 5478 Eugenius
874 5422 962 5475 aut
983 5411 1192 5466 vivente
1219 5411 1664 5477 Chindasuintho,
1692 5423 1783 5469 aut
1807 5424 1923 5484 post
1953 5415 2068 5484 ejus

502 5497 700 5552 obitum
730 5508 808 5554 tot
839 5511 1049 5571 tamque
1074 5504 1252 5574 gravia
1282 5502 1502 5559 crimina
1528 5502 1598 5557 illi
1625 5505 1941 5570 imputaret?

573 5588 695 5643 130.
722 5587 1179 5661 Prtelargissimam
1200 5595 1437 5664 pietatem
1463 5592 1869 5650 Chindasuinthi
1893 5594 2066 5663 Euge-

504 5675 767 5744 ninsipso
795 5681 849 5735 in
878 5684 1098 5746 cpistola
1125 5701 1225 5749 qua
1258 5686 1597 5743 Dracontium
1643 5702 1672 5743 a
1716 5701 1776 5744 sc
1815 5687 2065 5745 emenda~

2166 4515 2279 4569 ait:
2310 4513 2618 4568 Dracontius
2649 4514 2837 4584 probus
2881 4523 3059 4567 auctor
3086 4521 3176 4579 est,
3224 4512 3527 4577 concinnus,
3556 4521 3606 4567 et
3630 4513 3735 4581 ipsa

2166 4605 2408 4659 brevitate
2434 4603 2848 4657 commendabilis
2868 4645 2883 4670 ,
2916 4603 3003 4656 sed
3041 4603 3103 4657 ab
3130 4594 3235 4658 crvo
3272 4603 3522 4673 sequiori:
3556 4604 3609 4656 in
3641 4617 3736 4672 quo

2166 4706 2333 4751 tamen
2376 4695 2705 4751 consimiliter
2742 4704 2796 4749 ut
2841 4695 2893 4748 in
2923 4693 3207 4748 Prudentia
3235 4695 3603 4764 elegantiarum
3638 4696 3738 4764 ﬁo»-

2164 4788 2296 4842 sculi
2319 4804 2408 4841 ceu
2437 4802 2675 4857 purpura
2694 4786 2928 4857 quwdam
2949 4786 3116 4839 insita:
3136 4785 3430 4839 interlucent
3456 4801 3518 4837 ac
3540 4785 3735 4838 scintil-

2165 4876 2290 4932 lant.
2316 4876 2615 4942 Fabricius,
2646 4891 2846 4932 comm.
2875 4876 2929 4931 in
2962 4875 3119 4930 Poet.
3152 4874 3373 4939 Christ.,
3402 4874 3572 4929 verbo
3603 4874 3737 4927 Das-

2169 4983 2387 5024 CONTIUS
2418 4986 2432 5024 :
2465 4968 2595 5039 Ejus
2642 4984 2845 5022 carmen
2892 4967 3145 5021 eruditum
3199 4976 3347 5032 atque
3389 4967 3591 5038 insigne
3646 4977 3736 5020 est.

2170 5059 2448 5115 Cunradus
2478 5058 2871 5114 Rittershnsius
2897 5058 2948 5112 in
2972 5056 3069 5110 oda
3094 5056 3158 5111 ad
3180 5054 3462 5111 Weitzinm
3491 5075 3505 5112 :

2536 5149 2661 5199 Huic
2676 5149 2770 5209 jam
2788 5148 2826 5196 it
2845 5156 3008 5197 comes
3030 5146 3339 5209 Dracontius,

2291 5209 2596 5271 Sublimique
2630 5206 2759 5261 canit
2783 5220 2923 5271 versu
2944 5206 3205 5271 primordia
3222 5220 3407 5257 rerum.

2539 5270 2699 5323 Multis
2732 5271 2812 5318 diu
2838 5268 3141 5331 ignorabitis,

2291 5331 2397 5383 Non
2416 5332 2549 5393 bene
2571 5332 2650 5393 qui
2686 5328 2950 5393 latuitﬂua
2971 5328 3135 5393 donec
3157 5340 3271 5378 cura
3288 5328 3379 5393 sub
3402 5340 3515 5375 oras

2538 5391 2696 5453 lpSum
2721 5393 2922 5441 reduxit.
2943 5391 3139 5445 luminis
3272 5451 3281 5453 4
3342 5392 3347 5397 ’

2296 5453 2369 5505 Ex
2396 5451 2637 5515 tenebris,
2662 5461 2931 5515 ntonstrans
2948 5454 3077 5515 clare
3100 5458 3218 5515 quot.
3239 5451 3312 5515 via
3343 5458 3542 5512 reperta

2538 5512 2710 5575 Pugno
2732 5512 2817 5564 ille
2848 5513 3093 5574 concludat
3120 5513 3274 5562 brevi.

2169 5595 2417 5653 biendum
2440 5596 2648 5650 videtur
2670 5603 2790 5663 quot
2818 5597 2898 5650 sia
2921 5611 2938 5648 :
2962 5594 3098 5648 forte
3114 5594 3507 5650 Rittershnsius
3526 5591 3736 5661 scripsit

2168 5698 2288 5751 quot
2317 5689 2402 5744 dia
2429 5698 2623 5752 reperta
2662 5689 2907 5747 Barthius
2931 5703 3073 5757 sape
3098 5688 3480 5763 elegantiarum
3502 5687 3732 5745 Dracon-
