4030 6170
239 351 349 416 ὗδθ

240 472 306 526 tii
333 459 586 524 ﬂosculus
632 452 868 518 Iudicat,
905 447 1060 521 102
1102 442 1370 514 ingenium
1398 451 1526 493 vero
1565 435 1817 507 praedicat
1845 437 1900 497 Α

241 562 340 618 lib.
373 572 448 612 vlt
493 553 744 615 Advers.,
776 558 894 613 cap.
934 541 1044 595 20:
1076 536 1364 591 Plurimum
1394 529 1583 600 ingenii
1615 528 1719 596 [ait
1767 526 1820 579 in

240 645 555 708 Christianis
587 638 833 695 veteribus
862 631 1076 695 vatibus,
1103 637 1152 682 et
1180 623 1382 695 quidem
1409 634 1543 690 stupe
1574 617 1703 672 adeo
1731 631 1815 670 ex-

242 739 498 803 cellentis,
527 743 580 788 ut
610 732 732 785 dum
757 729 1016 781 illustrare
1040 713 1479 785 coluntqutedam,
1509 708 1679 762 omnia
1700 722 1822 760 cou-

246 831 495 905 fundant.
531 825 669 882 Sane
701 815 1006 874 Dracontius
1036 809 1298 880 Hispanus
1323 804 1450 858 adeo
1472 808 1619 854 acute
1636 808 1682 851 et
1711 813 1822 850 ner-

243 888 365 982 itose
393 922 458 975 de
481 916 735 986 plerisque
774 903 1106 964 incidentibus
1135 898 1377 968 loquitur,
1407 903 1462 946 ut
1489 891 1572 944 vix
1600 888 1823 955 seipsum

243 1021 375 1078 satis
396 983 707 1070 intellexisse
731 1003 983 1066 uideatur,
1014 1004 1209 1051 tantum
1230 991 1365 1046 abest
1393 994 1448 1041 tu
1467 984 1533 1039 ob
1555 983 1619 1036 iis
1645 991 1823 1052 potite-

242 1077 315 1167 rit
343 1103 589 1164 sententia
619 1100 728 1169 ejus
752 1091 947 1164 percipi
975 1088 1058 1157 qui
1099 1092 1271 1138 nostra
1296 1087 1441 1135 aetate
1467 1077 1522 1130 in
1551 1090 1611 1129 ea
1637 1087 1694 1126 re
1716 1079 1823 1124 stu-

245 1203 497 1255 duerunt.
525 1167 807 1247 Nonnullis
836 1183 938 1237 hoc
984 1173 1234 1233 laudandi
1263 1181 1430 1242 genus
1459 1167 1745 1222 obscurum
1768 1169 1822 1215 et

243 1253 557 1357 ambiguum
586 1277 753 1335 videri
785 1271 974 1345 possit,
1019 1267 1116 1324 sed
1146 1263 1271 1335 quid
1301 1258 1529 1316 voluerit
1575 1253 1821 1310 Barthius

456 1375 585 1431 satis
613 1342 952 1434 intelligitur:
977 1373 1097 1415 esse
1117 1356 1322 1412 scilicet
1335 1348 1598 1422 quoddam
1625 1342 1818 1415 ingenii

241 1484 503 1534 acumen,
528 1461 667 1533 quod
695 1459 820 1514 dum
851 1451 1099 1509 subtilius
1127 1448 1179 1501 in
1214 1445 1374 1499 rebus
1403 1448 1664 1499 versatur.
1691 1449 1824 1490 non-

241 1563 455 1620 nullam
485 1527 864 1613 obscuritatem
894 1543 1065 1615 pariat
1093 1537 1230 1610 apud
1274 1548 1367 1591 eos
1409 1529 1702 1602 praesertim
1732 1527 1820 1595 qui

243 1618 443 1724 parum
475 1645 687 1714 ingenio
721 1637 921 1694 valent.
960 1630 1126 1688 Paulo
1150 1636 1269 1700 post
1295 1625 1368 1679 ait
1411 1620 1657 1677 Barthius
1689 1618 1822 1671 Dra-

243 1709 493 1804 contium
521 1745 672 1793 acute
694 1729 1014 1797 concisaque
1057 1717 1309 1789 loquendi
1337 1715 1593 1771 artiﬁcem
1625 1709 1819 1773 fuisse,

244 1846 306 1894 et
332 1844 527 1890 natura
557 1839 778 1896 aevoque
806 1835 872 1878 eo
899 1817 1205 1874 inclinasse.

321 1946 450 2000 152.
491 1941 621 1997 Jure
669 1929 1043 1991 animadvertit
1090 1925 1229 1980 idem
1276 1918 1524 1974 Barthius
1571 1915 1672 1969 loc.
1704 1912 1820 1976 cit.,

246 2037 480 2095 omnino
511 2028 855 2087 Dracontium
886 2019 1092 2076 mendis
1121 2014 1293 2069 adhuc
1322 2008 1563 2080 plurimis
1592 2012 1819 2066 scatere,
1911 2073 1918 2080 ι

243 2144 366 2200 qua:
399 2125 502 2180 nisi
530 2123 801 2181 tollantur,
832 2115 1021 2178 frustra
1054 2106 1214 2162 notha
1243 2119 1340 2174 pro
1365 2096 1616 2168 legitimis
1650 2136 1666 2164 ,
1698 2109 1824 2161 sup-

243 2185 430 2290 posita
460 2227 558 2285 pro
589 2205 836 2281 genuinis
858 2198 1193 2270 interpretari
1224 2195 1450 2248 labores.
1482 2188 1550 2242 Et
1581 2189 1634 2241 in
1660 2185 1823 2238 acutis

245 2279 448 2383 iaddit)
463 2279 555 2358 vltis
577 2279 887 2366 concisisque
908 2287 1232 2358 scriptoribus
1247 2282 1412 2337 multa
1437 2279 1675 2350 infercire
1694 2291 1825 2345 pra:-

243 2379 580 2471 sumpserunt
608 2388 992 2456 lrunscriptores
1033 2379 1339 2450 sequentium
1378 2383 1679 2443 temporum,
1709 2383 1823 2420 eum

243 2457 400 2546 uenti)
428 2504 530 2541 non
563 2483 718 2556 paulo
749 2477 928 2533 litteris
960 2472 1195 2528 imbutior
1231 2468 1326 2521 hoc
1368 2478 1548 2534 genere
1574 2457 1824 2514 scribendi

243 2549 606 2640 delectaretur,
640 2586 796 2641 usque
823 2567 953 2622 adeo
992 2563 1192 2634 quidem
1222 2555 1480 2628 improbe,
1509 2559 1562 2608 ut
1591 2549 1826 2604 universa

242 2672 457 2728 tandem
475 2664 762 2735 eloquentia
785 2661 865 2714 Itis
887 2655 1093 2728 argutiis
1111 2652 1347 2706 intercisa
1364 2646 1450 2700 sit.
1469 2641 1621 2711 Quod
1647 2647 1822 2694 autem

243 2763 394 2819 idem
425 2756 710 2819 Barthius,
741 2753 848 2807 lib.’
880 2764 996 2814 ων,
1027 2760 1149 2814 cap.
1177 2736 1620 2812 9,.Dracontium
1669 2738 1826 2785 vocat

243 2861 453 2925 poetam
474 2862 626 2902 sensu
646 2854 694 2899 et
724 2840 1026 2902 eruditione,
1047 2850 1198 2904 quam
1228 2827 1516 2900 eloquentia
1544 2825 1694 2894 longe
1722 2836 1827 2873 me-

246 2947 438 3000 liorem
466 2950 516 2996 et
544 2935 947 2998 inslrucliorem,
980 2941 1139 2998 atque
1187 2923 1311 2978 alibi
1360 2917 1577 2990 phrasin
1606 2915 1720 2984 rius
1746 2913 1828 2966 in-

243 3034 581 3090 tricatiorem
620 3027 778 3089 dicit,
808 3022 859 3078 id
887 3020 1082 3078 eodem
1111 3014 1382 3088 pertinet,
1415 3017 1476 3064 ut
1513 3004 1826 3062 Dracontius

245 3126 446 3198 partim
481 3130 692 3185 natura,
718 3115 908 3187 partim
951 3111 1033 3168 sui
1059 3107 1242 3164 saeculi
1271 3117 1440 3167 more,
1467 3099 1654 3170 partim
1685 3107 1827 3150 tran-

244 3188 574 3286 scriptorum
600 3211 752 3280 culpa
792 3206 1014 3261 nimium
1050 3201 1124 3255 sit
1162 3207 1348 3253 acutus
1386 3203 1442 3249 et
1489 3188 1824 3260 ingeniosus,

244 3274 417 3378 atque
468 3307 569 3362 hac
595 3274 746 3374 parie
784 3315 814 3354 a
843 3311 969 3352 vera
995 3289 1297 3362 eloquentia
1324 3281 1694 3341 declinaverit.
1729 3274 1825 3330 ili-

246 3374 399 3460 niiae
449 3408 629 3455 autem
677 3393 860 3450 dubito
892 3389 1020 3459 quin
1071 3384 1286 3440 diverso
1330 3377 1492 3435 modo
1539 3374 1829 3443 iudicasset

247 3493 530 3554 Barthius.
562 3490 605 3544 ai
637 3481 972 3542 Dracontium
1003 3475 1177 3546 qualis
1201 3488 1229 3526 a
1254 3469 1407 3525 nobis
1447 3465 1728 3521 exhibetur
1751 3461 1830 3516 vi-

244 3587 444 3641 disset.
489 3581 618 3636 Nam
650 3579 880 3654 primum
915 3568 1161 3624 Barthius
1190 3560 1409 3632 putabat
1460 3556 1826 3611 Hexaemeron

245 3674 396 3745 quod
418 3682 549 3728 tunc
572 3640 833 3728 exstabat,
855 3661 1125 3731 epitomen
1147 3668 1266 3709 esse
1287 3646 1538 3705 carminis
1560 3640 1828 3697 Dracontii

246 3732 316 3822 de
347 3767 532 3834 Opere
557 3776 650 3816 sex
679 3759 908 3820 dierum,
931 3753 1172 3818 duosque
1196 3751 1444 3800 auctores
1464 3754 1526 3792 cx
1552 3736 1690 3807 stylo
1719 3732 1828 3790 col-

249 3859 490 3930 ligebat,
526 3862 584 3908 ut
630 3851 738 3907 dixi
785 3863 937 3902 num.
967 3843 1057 3898 ‘29.
1096 3841 1232 3895 Cum
1260 3849 1390 3890 vero
1437 3844 1580 3886 nunc
1620 3834 1830 3880 constet

253 3947 612 4007 Dracontium
641 3960 745 3998 non
775 3941 874 3996 sibi
897 3934 1237 4008 proposuisse
1261 3933 1628 3998 argumentum
1651 3917 1831 3988 operis

247 4060 348 4099 rex
399 4039 644 4102 dierum,
692 4032 783 4088 sed
827 4007 1122 4098 maiestatis
1171 4022 1365 4077 divinae
1392 4031 1422 4070 e
1451 4014 1610 4068 rebus
1638 4007 1830 4064 creatis

249 4127 647 4191 laudandre.ad
675 4123 825 4196 103
857 4121 1013 4187 hujus
1038 4115 1183 4184 scopi
1206 4110 1466 4166 rationem
1495 4105 1563 4159 de
1589 4106 1832 4171 poemate

249 4220 606 4294 iudicandum
637 4193 718 4271 est
744 4193 758 4266 ξ
793 4222 845 4268 et
886 4221 1032 4266 recte
1058 4204 1270 4276 quidem
1300 4200 1353 4256 iu
1400 4211 1465 4253 eo
1493 4193 1670 4250 omnia
1699 4203 1829 4261 pro-

252 4314 485 4370 cedunt.

327 4405 461 4460 155.
498 4398 698 4455 Deinde
719 4396 818 4450 etsi
842 4389 1163 4448 Dracontius
1182 4384 1414 4440 nondum
1431 4390 1536 4436 tam
1560 4383 1831 4434 correctus

249 4493 487 4564 prodeat
523 4503 680 4559 quam
713 4471 856 4540 esset.
901 4482 1218 4552 optandum,
1248 4484 1424 4529 tamen
1469 4471 1632 4525 multa
1681 4467 1733 4524 in
1765 4480 1830 4520 eo

253 4591 364 4659 iam
397 4591 659 4654 apparent
704 4579 898 4633 lumina
951 4572 1265 4643 el0quentia:
1323 4583 1428 4622 non
1478 4562 1745 4634 vulgaris,
1777 4559 1829 4614 in

255 4652 448 4751 Elegia
475 4674 796 4748 prasertim,
829 4671 916 4724 ubi
960 4664 1379 4722 emendatiorem
1425 4659 1661 4714 codicem
1693 4652 1830 4708 nacti

253 4749 470 4832 sanius.
489 4771 548 4825 In
570 4767 802 4823 carmine
825 4776 953 4818 vero
969 4761 1035 4814 de
1060 4759 1166 4812 Deo
1187 4770 1329 4824 saepe
1353 4749 1609 4808 orationis
1632 4753 1834 4800 tractus

252 4868 328 4922 ita
357 4861 642 4929 aequabilis
664 4857 800 4922 linit,
823 4863 880 4909 ut
909 4848 1363 4907 evidentiSsimum
1387 4845 1457 4896 sit
1475 4842 1527 4895 in
1555 4839 1674 4892 aliis
1703 4835 1834 4890 locis

257 4956 349 5012 ubi
399 4949 698 5008 intricatior
723 4957 804 5002 est
827 4957 1028 5007 sermo,
1073 4954 1178 4994 non
1208 4933 1470 4996 auctoris,
1502 4929 1594 4986 sed
1626 4926 1798 4982 exscri

257 5055 482 5116 ptorum
507 5050 602 5096 aut
629 5035 1071 5106 interpolatorum
1100 5028 1306 5096 culpam
1336 5038 1478 5079 esse.
1502 5021 1616 5075 Non
1651 5029 1826 5072 tamen

259 5135 458 5192 iverim
481 5129 687 5188 inﬁcias
713 5143 743 5182 e
762 5127 1109 5182 barbarorum
1139 5117 1461 5174 commercio
1489 5113 1721 5182 aliquam
1754 5110 1830 5164 la-

259 5225 512 5282 bmulam
565 5220 705 5291 stylo
751 5213 1024 5272 Dracontii
1062 5212 1382 5274 adhaesisse;
1434 5204 1726 5264 sententias
1773 5209 1829 5258 et

255 5331 412 5386 sape
439 5312 600 5369 verba
631 5310 816 5365 eadem
846 5307 1147 5375 frequenter
1183 5312 1300 5355 esse
1330 5296 1554 5365 repetita
1573 5337 1588 5361 ,
1635 5301 1690 5347 et
1720 5291 1826 5346 lur-

261 5417 413 5463 tasse
451 5418 634 5460 rerum
676 5399 921 5454 ordinem
967 5390 1152 5463 parum
1192 5397 1441 5444 accurate
1487 5383 1828 5454 dispositum.

265 5498 379 5556 Sed
426 5505 577 5552 recte
617 5493 788 5548 aiebat
820 5488 1070 5551 Ovidius,
1101 5486 1260 5540 etiam
1303 5481 1488 5538 leviori
1531 5477 1834 5534 ca'amitate

263 5601 581 5660 oppressus,
605 5584 699 5639 lib.
725 5599 739 5638 ι
766 5581 927 5636 Trist.
961 5578 1095 5648 eleg.
1130 5577 1152 5630 l
1185 5594 1198 5628 :

393 5698 509 5749 Haec
530 5707 724 5756 quoque
748 5705 855 5756 quae
874 5689 996 5756 facio
1018 5686 1439 5756 indeii-mirabitur
1463 5696 1648 5756 aequus,

456 5745 738 5815 Boriptaquc
762 5745 866 5803 Eum
887 5745 1029 5803 venia
1052 5747 1402 5810 qualiacunque
1427 5745 1583 5806 leget.

1627 315 2147 383 ΡηοιεσοΜεΝΑ.

1851 3147 1900 3212 C

3386 340 3486 397 670

2045 437 2128 511 Da.
2139 437 2255 488 mihi
2270 436 2580 511 ﬁatoahiem,
2603 429 2666 511 et;
2677 428 2749 511 tot
2767 429 3089 511 citetunspice
3105 438 3265 506 casus,
3287 441 3290 444 ’

2109 482 2364 560 ιιῐέέἱιιῐὶὦ
2373 482 2749 552 iniussus;
2765 482 3088 554 atumat;
3105 482 3265 552 Tw"

1922 605 2238 660 Dracontius
2262 605 2315 658 in
2342 605 2547 660 catenis
2563 605 2855 662 etvinculis
2877 608 3169 664 scribebat.
3194 609 3330 676 Quid
3360 625 3488 681 ergo

1921 699 2114 754 mirum
2144 699 2188 754 si
2217 699 2313 753 Dei
2333 696 2706 768 benignitatem
2729 709 2782 754 et
2804 699 3140 754 clementiam
3167 703 3365 769 passim
3388 704 3487 757 im-

1923 789 2116 858 ploret,
2147 789 2306 843 etiam
2329 789 2417 842 ubi
2457 802 2546 844 res
2586 788 2636 842 id
2663 804 2772 844 non
2793 790 3066 859 postulare
3095 791 3377 846 videatur?
3396 805 3487 849 aut

1923 879 1968 935 si
1999 879 2307 934 varietatem
2334 879 2604 948 phrasium
2621 880 3012 950 verborumque
3032 881 3297 952 negligat?
3325 891 3416 937 aut
3441 885 3486 938 si

1922 968 2232 1039 perturbato
2260 982 2640 1038 nonnunquam
2669 971 2964 1039 argumenti
2990 971 3177 1026 ordine
3201 972 3487 1040 procedat?

1923 1061 2127 1117 interea
2173 1061 2355 1131 negari
2403 1062 2588 1129 nequit
2635 1061 2978 1131 gravissimas
3023 1070 3078 1116 et
3120 1062 3187 1116 ad
3237 1065 3487 1132 pietatem

1922 1155 2276 1210 Christianam
2320 1153 2552 1208 maxime
2576 1151 2943 1210 conformatae
2984 1155 3276 1210 sententias
3299 1155 3351 1208 in
3374 1155 3490 1224 ejus

1924 1245 2249 1301 carminibus
2273 1245 2526 1307 emicare,
2553 1259 2584 1299 e
2612 1243 2781 1302 sacris
2804 1243 3026 1300 Litteris
3053 1247 3356 1318 sanctisque
3395 1247 3491 1301 Pa.

1925 1337 2094 1392 tribus
2113 1336 2327 1406 petitas,
2351 1345 2411 1390 ut
2439 1351 2565 1391 vere
2583 1336 2926 1404 Sirmondus,
2953 1337 3042 1406 qui
3065 1339 3341 1395 minimam
3372 1357 3493 1408 βπ.

1927 1437 2032 1482 tem
2069 1441 2253 1482 eorum
2278 1425 2504 1489 viderat,
2534 1424 2730 1481 dixerit
2755 1426 2806 1479 in
2829 1426 3051 1495 epistola
3076 1427 3397 1484 dedicatoria
3428 1429 3490 1482 ad

1925 1518 2210 1575 lieni-ictum
2234 1516 2554 1572 Borhonium
2573 1517 2716 1586 reg’s
2741 1516 2926 1582 lilium,
2950 1517 3116 1586 episc.
3139 1518 3390 1574 Metens.:
3414 1519 3491 1572 Ad

1930 1612 2021 1667 Dei
2052 1610 2228 1664 laudes
2269 1607 2649 1662 admirabilium
2684 1612 2796 1680 ejus
2843 1624 3050 1679 aperum
3077 1609 3491 1677 contemplatione

1926 1703 2166 1758 subuehet
2214 1700 2544 1755 Dracontius.
2577 1699 2776 1753 Omitto
2824 1713 2964 1752 nunc
3004 1698 3325 1768 singularem
3366 1698 3492 1752 Dra-

1854 1785 1898 1843 B
1925 1792 2092 1848 contii
2117 1791 2439 1856 doctrinam,
2471 1789 2903 1844 et‘eruditionem
2935 1803 3040 1842 non
3071 1782 3239 1840 solum
3264 1803 3490 1842 sacram.

1927 1899 2110 1939 verum
2140 1882 2300 1936 etiam
2336 1880 2632 1949 profanam,
2659 1895 2776 1949 qua:
2804 1893 2992 1934 versus
3021 1877 3160 1932 illius
3203 1878 3492 1947 legentibus

1926 1979 2038 2045 ipsa
2063 1975 2177 2028 sine
2205 1971 2379 2026 indice
2404 1985 2464 2026 se
2491 1970 2686 2040 prodit.

1997 2084 2123 2141 l3l.
2173 2083 2326 2151 Quod
2371 2082 2561 2137 attinet
2602 2082 2667 2137 ad
2709 2081 2936 2136 nitorem
2984 2081 3250 2136 sermonis
3296 2079 3490 2141 Latini.

1929 2176 2094 2231 multa
2120 2181 2409 2230 occurrunt
2440 2173 2492 2227 in
2526 2173 2812 2227 Dracontio
2843 2188 2973 2242 pure
3000 2181 3054 2226 et
3081 2181 3304 2226 venuste
3332 2170 3494 2233 dicta,

1929 2269 2092 2323 multa
2147 2268 2310 2323 etiam
2357 2281 2423 2320 ex
2471 2265 2793 2334 optimorum
2839 2272 3111 2333 poetarum
3164 2261 3490 2324 imitatione,

1925 2374 2060 2428 quos
2081 2359 2220 2426 ipse,
2253 2365 2310 2410 ut
2340 2363 2503 2425 patet,
2538 2354 2724 2409 sedulo
2750 2354 2974 2424 legerat,
3007 2362 3063 2408 et
3096 2353 3393 2409 Christiane
3419 2352 3495 2404 lo-

1925 2450 2012 2520 qui
2055 2448 2446 2518 quodammodo
2487 2447 2648 2516 cogit.
2679 2446 2928 2512 Qumdam
2971 2455 3144 2500 tamen
3183 2443 3336 2516 10h.
3373 2453 3496 2498 sunt

1925 2541 2024 2595 alia
2051 2555 2167 2608 quae
2195 2553 2299 2592 non
2323 2537 2546 2591 barbara
2575 2535 2788 2605 quidem
2811 2534 3078 2589 censenda
3095 2544 3239 2597 sunt,
3274 2535 3365 2587 sed
3396 2533 3493 2587 mi-

1926 2630 2069 2683 nime
2113 2625 2457 2697 proponenda
2501 2631 2561 2678 ut
2587 2637 2648 2678 ea
2703 2623 2977 2678 imitentur
3016 2623 3050 2676 ii
3094 2623 3182 2692 qui
3213 2621 3277 2674 ad
3319 2637 3496 2675 aurem

1927 2719 2100 2775 artatis
2122 2725 2332 2787 gustum
2386 2715 2553 2771 velint
2599 2727 2900 2769 sermonem
2945 2729 3098 2767 suum
3138 2712 3493 2768 conlortuare.

1928 2811 2032 2866 Sed
2064 2808 2306 2865 habenda
2336 2819 2415 2864 cst
2445 2807 2606 2862 etiam
2657 2805 2796 2861 ratio
2825 2805 3145 2874 argumenti,
3175 2805 3314 2874 quod
3343 2820 3373 2858 a
3402 2821 3494 2859 vc-

1929 2902 2132 2958 teribus
2160 2899 2396 2971 profanis
2421 2898 2592 2967 poetis
2630 2897 2885 2952 intactum
2924 2911 3083 2951 voces
3126 2896 3375 2964 quasdam
3405 2895 3492 2948 ad.

1928 2993 2090 3048 mittit
2119 2992 2188 3047 ab
2237 2993 2317 3046 eis
2361 3005 2466 3044 non
2498 2996 2811 3059 usurpatas,
2844 2987 3140 3057 prmsertim
3167 3003 3286 3057 qua:
3325 2987 3487 3042 eccle-

1932 3088 2203 3143 siasticum
2234 3085 2517 3157 quemdam
2548 3097 2795 3153 saporem
2845 3082 3062 3146 habent,
3107 3080 3246 3149 quod
3272 3097 3304 3136 e
3332 3081 3496 3136 sacris

1932 3179 2150 3236 Litteris
2175 3187 2228 3233 et
2257 3193 2356 3233 usu
2383 3174 2641 3231 Ecclesia:
2668 3171 2920 3242 profectze
2940 3172 3066 3227 sint.
3094 3172 3232 3225 Sane
3265 3171 3352 3237 qui
3384 3185 3496 3224 sero

1933 3270 2104 3324 monis
2147 3267 2324 3323 Latini
2352 3265 2611 3322 terminos
2641 3278 2742 3333 qua
2773 3263 2878 3317 late
2908 3270 3090 3332 patent
3115 3275 3273 3316 nosse
3301 3261 3498 3324 velint,

1931 3369 2117 3432 poetas
2147 3359 2382 3429 mquales
2429 3355 2699 3411 Dracontii
2738 3354 2957 3407 minime
3001 3353 3244 3420 ignorare
3272 3351 3456 3405 ἀτειιθιιι
3482 3391 3498 3416 ,

1930 3466 2050 3506 cum
2077 3451 2112 3504 ii
2137 3464 2167 3503 c
2197 3463 2327 3517 pura
2354 3446 2642 3502 Latinitate
2673 3444 2900 3512 plurima
2926 3441 3176 3496 vocabula
3208 3441 3356 3494 nobis
3376 3455 3499 3494 cnn-

1931 3539 2298 3602 scrvaverint,
2328 3537 2429 3591 alia
2483 3534 2780 3604 adiecerint
2807 3548 2924 3603 qua:
2965 3547 3062 3586 suo
3089 3542 3326 3600 tempore
3352 3541 3500 3585 erant

1931 3633 1983 3687 in
2015 3646 2138 3695 usu,
2172 3642 2344 3697 neque
2375 3625 2587 3693 indigna
2619 3633 2741 3678 sunt
2774 3631 2830 3675 ut
2853 3621 3009 3676 etiam
3040 3631 3220 3674 nostro
3243 3635 3501 3689 usurpen-

1931 3734 2036 3780 tttr.
2083 3720 2332 3788 Quamvis
2385 3729 2561 3772 autem
2605 3719 2655 3770 in
2687 3715 2826 3769 notis
2865 3714 3343 3767 animadvertemus
3383 3729 3500 3781 qum

1933 3817 2040 3871 siut
2067 3826 2226 3866 voces
2255 3811 2587 3881 pltrasesque
2619 3805 2847 3876 propria:
2879 3805 3168 3868 Dracontii,
3208 3815 3297 3857 aut
3321 3797 3499 3872 paucis

1931 3923 2050 3964 cum
2085 3907 2200 3976 ipso
2239 3916 2583 3968 communes,
2628 3899 2826 3970 juvabit
2875 3909 3050 3954 tamen
3083 3914 3222 3953 nunc
3260 3899 3498 3968 quadam

1930 3997 2233 4067 observare.

2002 4088 2123 4143 155.
2151 4086 2266 4141 Lib.
2290 4101 2302 4138 l
2325 4084 2391 4140 de
2419 4083 2548 4150 Deo,
2574 4097 2711 4139 vers.
2735 4085 2789 4148 4,
2821 4097 2946 4138 usus
2969 4090 3046 4137 est
3073 4075 3325 4134 adverbio
3351 4095 3500 4132 vene-

1930 4190 2126 4244 ranter,
2175 4177 2576 4246 atque‘iterum
2614 4176 2708 4231 lib.
2756 4191 2834 4239 ιιι,
2863 4189 3000 4229 vers.
3032 4173 3166 4238 679,
3201 4187 3305 4242 quo
3339 4173 3498 4226 etiam

1931 4271 2314 4334 Tertullianus,
2347 4269 2461 4324 sive
2487 4269 2787 4337 quicunque
2815 4267 2948 4320 alius
2993 4275 3178 4320 auctor
3205 4265 3500 4318 carminum

1931 4364 2032 4418 sub
2063 4361 2222 4428 hujus
2253 4359 2490 4423 nomine,
2519 4365 2573 4413 et
2593 4357 2862 4420 Sedulius,
2896 4356 2972 4410 usi
3002 4364 3143 4410 sunt.
3174 4355 3287 4410 Alia
3311 4355 3499 4409 simiiia

1935 4452 2184 4510 adverbia
2208 4452 2458 4506 formavit
2479 4449 2817 4513 Dracontius,
2840 4456 2899 4502 ut
2923 4448 3013 4501 lib.
3043 4463 3078 4511 ι,
3111 4461 3249 4502 vers.
3275 4447 3368 4508 94.
3394 4464 3503 4500 mo-

1934 4550 2202 4612 deranter;
2227 4545 2353 4600 ibid.
2379 4558 2520 4598 vers.
2544 4543 2668 4608 551,
2695 4541 3037 4603 dominonter;
3061 4539 3188 4594 ibid.
3212 4556 3351 4594 νυνί.
3374 4541 3500 4605 609,

1934 4642 2265 4696 incessanter.
2296 4637 2414 4692 Lib.
2442 4653 2523 4704 ιιι,
2558 4649 2702 4690 vers.
2734 4634 2860 4702 2‘23,
2893 4642 3157 4698 tonanter;
3200 4633 3327 4688 ibid.
3358 4649 3499 4691 vers.

1935 4731 2031 4786 671
2053 4771 2068 4792 ,
2097 4737 2382 4783 tremenler.

2007 4821 2128 4878 l36.
2157 4820 2382 4875 Nomine
2409 4818 2668 4872 modestus
2709 4817 2898 4872 mirum
2941 4827 3191 4886 quantum
3214 4817 3503 4873 delectatus

1936 4913 2007 4968 sit
2033 4912 2369 4966 Dracontius.
2396 4910 2515 4964 Lib.
2544 4925 2580 4977 ι,
2609 4923 2750 4964 vers.
2779 4909 2870 4971 29,
2901 4908 2966 4963 de
2992 4911 3186 4977 pietate
3214 4909 3304 4962 Dei
3325 4910 3504 4962 virtute

1933 5004 2160 5058 modesta
2185 5011 2279 5056 est.
2303 5001 2435 5056 Ibid.
2467 5015 2604 5055 vers.
2624 4999 2749 5066 435,
2772 4999 2840 5054 de
2871 4999 3197 5065 Dco,rirtute
3225 4999 3498 5054 modestus.

1935 5093 2049 5148 Lib.
2069 5108 2127 5160 ιι,
2159 5107 2304 5146 vers.
2331 5091 2419 5156 70,
2439 5089 2508 5144 de
2534 5090 2665 5156 Deo,
2687 5089 2872 5160 pietate
2899 5090 3184 5151 modestus;
3207 5087 3333 5140 ibid.
3360 5103 3499 5140 vers.

1935 5184 2058 5251 308,
2086 5201 2188 5238 non
2208 5186 2332 5256 jure
2373 5183 2600 5236 modesto
2625 5199 2645 5249 ;
2675 5181 2802 5237 ibid.
2833 5194 2977 5236 vers.
3021 5180 3143 5242 758,
3185 5177 3250 5232 de
3279 5178 3501 5232 Tnhitha

1935 5277 2178 5329 modesta.
2209 5273 2327 5329 Lib.
2377 5289 2467 5336 ιιι,
2497 5287 2637 5328 vers.
2666 5272 2800 5338 379,
2832 5270 2999 5325 uultus
3041 5268 3309 5322 modestos.
3355 5269 3501 5334 Eleg.

1935 5385 2075 5426 vers.
2105 5371 2194 5435 95,
2226 5366 2464 5424 άοηήηω
2488 5366 2696 5422 reticere
2723 5364 2996 5418 modestos.
3024 5363 3098 5416 De
3119 5377 3247 5417 voce
3277 5363 3506 5435 placidus

1938 5461 2061 5516 vide
2087 5474 2239 5515 num.
2271 5458 2395 5514 148.

2013 5552 2137 5607 157.
2165 5551 2321 5618 ἓωρθ
2362 5549 2522 5603 etiam
2564 5543 2876 5600 Dracontius
2927 5542 3246 5613 adjectivum
3294 5543 3507 5597 anhelus

1941 5643 2050 5711 igni
2074 5651 2165 5696 aut
2191 5641 2288 5697 soli
2321 5639 2522 5705 tribuit,
2551 5644 2610 5690 ut
2648 5636 2742 5691 lih.
2773 5650 2820 5701 ι,
2847 5649 2989 5691 vers.
3018 5636 3123 5700 26,
3152 5635 3270 5691 solis
3300 5636 3467 5690 anheli
3491 5647 3506 5698 ;

1941 5733 2075 5791 ibid.
2109 5749 2252 5790 vers.
2288 5733 2410 5794 l87,
2442 5731 2637 5786 iterum
2673 5729 2794 5784 solis
2823 5728 2994 5786 anheli
3017 5747 3033 5796 ;
3067 5731 3193 5786 ibid.
3219 5747 3357 5789 vers.
3379 5731 3504 5792 659.
