4030 6170
494 281 592 338 671
637 303 643 307 ·

1894 264 2339 324 DRACONTlUS.
2409 295 2415 301 -
3614 266 3724 322 67%

496 397 630 465 ignis
673 395 886 458 anheli;
912 393 1005 449 lib.
1049 409 1108 459 ιι,
1139 407 1280 447 vers.
1326 389 1414 455 9i,
1448 388 1582 461 ignis
1624 385 1826 447 anheli;
1856 381 1951 436 lib.
1983 394 2063 443 ιιι,
2096 379 2142 438 Α
2170 388 2224 432 ut
2263 379 2412 446 libet,
2445 381 2594 434 modo
2631 383 2873 449 concptis
2903 381 3131 436 videlicet
3165 383 3395 452 syllabis,
3429 384 3582 438 modo
3624 401 3736 453 pro.

496 500 638 540 vers.
668 487 756 552 70,
784 484 1076 539 anhelantes
1119 487 1350 553 ﬂammas
1377 497 1396 547 ;
1427 496 1569 535 vers.
1597 479 1717 543 169,
1752 491 1854 529 non
1898 474 2064 544 [error

499 576 734 640 anhelat;
766 579 907 630 vers.
934 575 1059 636 508,
1087 573 1372 626 anhelantis
1399 570 1621 640 uaporis.

571 667 696 720 158.
729 665 984 719 Weitzius
1028 665 1079 718 in
1110 663 1261 717 initio
1284 662 1475 716 indicis
1516 660 1597 715 sui
1626 658 1678 713 in
1724 653 2064 712 Dracontium

498 766 682 810 monet
709 755 830 810 bina
862 754 1097 822 epitheta
1139 752 1253 808 sive
1298 750 1557 821 adjoctiva
1603 748 1671 803 ab
1705 762 1772 802 eo
1810 743 1949 799 uniri
1978 741 2067 796 uni

500 845 851 909 substantive,
895 857 950 899 ιιι
987 860 1128 898 vers.
1164 843 1269 898 180
1317 843 1408 896 lib.
1441 859 1479 906 t,
1512 839 1780 908 odoriferis
1811 850 2067 902 nunquam

502 939 836 992 marcentibus
886 937 1088 1000 herbis,
1139 945 1300 1005 atque
1351 935 1506 1005 105
1553 931 1699 986 alibi.
1749 927 2067 996 Exemplum

507 1031 884 1100 complosiouis
919 1028 1122 1103 profert
1145 1044 1212 1081 ex
1234 1041 1374 1082 vers.
1405 1026 1509 1080 396
1543 1024 1636 1077 lib.
1660 1037 1710 1076 ιε
1745 1020 1929 1073 Omnia
1949 1016 2068 1086 pul-

509 1125 630 1177 chra
655 1140 850 1193 gerens,
881 1122 1076 1187 oculos,
1111 1136 1186 1174 os.
1222 1119 1301 1174 Ad
1349 1117 1558 1189 hyphen
1607 1115 1771 1170 refert
1810 1128 1949 1166 vers.
1977 1112 2068 1165 cit.

510 1213 632 1279 180,
649 1210 1292 1283 nunquam-marcentibus,
1315 1218 1368 1262 et
1393 1207 1604 1270 similia,
1634 1213 1691 1258 ut
1710 1203 1841 1257 male
1868 1201 2070 1264 virenti,

506 1305 922 1372 semper-vestita.
953 1301 1032 1356 Ad
1063 1304 1323 1374 ὁξύμωρα,
1351 1312 1595 1368 oxymora
1632 1303 1848 1351 revocat
1893 1295 2074 1364 funera

506 1396 643 1458 viva,
679 1396 822 1448 vivax
848 1395 1062 1447 cadaver
1109 1393 1200 1448 lib.
1246 1407 1284 1454 ι,
1330 1405 1469 1444 vers.
1503 1389 1635 1451 6—H,
1661 1387 1854 1456 quibus
1900 1383 2074 1438 verbis

508 1487 798 1557 oxymoris,
821 1487 921 1541 hoc
943 1493 1022 1540 est
1044 1484 1193 1555 quasi
1215 1481 1546 1544 acutistultis,
1567 1481 1686 1546 quia
1710 1477 1869 1531 stulta
1895 1474 2076 1528 viden-

511 1590 597 1633 tnr
625 1581 798 1648 primo
825 1585 1063 1648 aspectu,
1094 1576 1188 1632 sed
1216 1583 1340 1631 sunt
1366 1582 1520 1629 acuta
1540 1613 1554 1639 ,
1585 1571 1773 1642 plenus
1822 1577 1904 1624 est
1949 1566 2076 1621 Dra-

510 1683 627 1724 (⁵0111
638 1687 735 1725 IIIS.

513 1782 517 1787 -
581 1761 700 1816 l39.
745 1761 983 1830 Denique
1022 1769 1075 1813 ιιι
1115 1759 1181 1814 de
1233 1753 1792 1828 prosodia'Dracontii
1839 1750 2074 1806 nonnihil
2110 1740 2182 1819 BA

510 1850 778 1918 dicamus,
831 1865 953 1904 raro
1000 1866 1028 1904 a
1075 1851 1228 1906 metri
1281 1849 1488 1918 legibus
1536 1845 1728 1915 quibus
1783 1841 2083 1898 severiores

512 1949 681 2010 poetae
711 1941 893 2008 optimi
925 1955 983 1994 se
1012 1939 1429 2004 obstrinxcrunt,
1461 1935 1686 1991 recedit.
1715 1933 1863 2002 Quod
1893 1933 2084 1986 idolum

513 2030 744 2086 secunda
789 2031 932 2085 brevi
963 2030 1143 2097 effert,
1173 2043 1456 2085 commune
1487 2026 1588 2080 hoc
1629 2023 1817 2080 vitium
1847 2022 1927 2076 illi
1969 2030 2081 2088 εει,

513 2121 556 2174 si
587 2129 762 2174 tamen
791 2128 874 2174 est
903 2121 1118 2185 vitium,
1147 2133 1268 2174 cum
1308 2115 1597 2172 Prndentio
1637 2114 1860 2182 aliisque
1903 2109 2086 2164 multis

430 2224 439 2234 '
513 2210 685 2280 poetis
712 2209 1064 2266 Christianis:
1094 2209 1248 2278 cujus
1287 2207 1504 2279 syllabae
1533 2203 1884 2273 corripienda;
1924 2202 2088 2254 ratio-

516 2315 636 2354 nem
678 2300 882 2356 reddidi
923 2300 973 2354 in
1015 2301 1305 2369 prolegom.
1347 2297 1413 2351 ad
1462 2295 1805 2350 Prudentium
1855 2305 1974 2361 cap.
2017 2290 2088 2345 21

515 2405 569 2450 et
607 2410 758 2464 seqq.
787 2393 1061 2448 Peculiare
1108 2392 1393 2447 Dracontio
1431 2401 1544 2451 θςι,
1576 2387 1718 2458 quod
1767 2388 2009 2456 primam,
2034 2384 2087 2437 in

516 2485 727 2539 thronus
753 2485 1038 2554 producat;
1068 2481 1166 2539 sed
1195 2483 1353 2537 etiam
1383 2481 1432 2534 id
1463 2479 1676 2536 defendi
1707 2487 1880 2548 potest
1909 2491 1974 2532 ex
2008 2477 2088 2530 bis

517 2592 635 2646 qnte
665 2577 768 2631 loc.
801 2576 896 2630 cit.
927 2575 1153 2628 disserui
1180 2589 1194 2627 :
1226 2573 1326 2627 nisi
1358 2575 1581 2625 fortasse
1603 2569 1771 2626 codex
1807 2576 2090 2634 corruptus

520 2676 602 2722 est
644 2667 851 2721 duobus
880 2666 931 2720 in
961 2665 1090 2720 locis
1134 2663 1325 2734 quibus
1366 2661 1468 2716 bne
1505 2661 1725 2716 verbum
1782 2659 2086 2713 adhibetur.

521 2760 577 2816 In
627 2761 794 2816 verbo
845 2760 973 2830 ﬁant
1025 2759 1203 2813 varius
1252 2766 1334 2813 est
1385 2755 1699 2810 Dracontius
1739 2769 1754 2806 :
1805 2752 2090 2823 aliquando

519 2852 763 2920 producit
787 2866 906 2906 cum
935 2849 1164 2919 antiquis
1189 2848 1361 2918 poetis
1377 2890 1392 2913 ,
1422 2845 1706 2916 aliquando
1728 2843 1948 2912 corripit
1968 2856 2088 2897 cum

520 2941 810 2996 Prudentio
867 2949 921 2996 et
983 2941 1159 2994 aliis:
1202 2952 1504 3008 quanquam
1561 2936 1812 2991 mendum
1879 2931 2089 3003 aliquod

521 3033 780 3102 suspicari
813 3031 936 3086 licet
974 3031 1059 3086 ubi
1099 3046 1128 3084 a
1164 3031 1446 3084 Dracontio
1484 3029 1789 3096 corripitur.
1829 3027 1962 3081 Vide
1998 3039 2087 3080 no-

2168 473 2352 526 ductis.
2377 472 2508 527 Inde
2527 474 2728 528 illustre
2750 475 2986 527 mendum
3005 475 3149 528 video
3171 476 3224 529 in
3244 476 3418 530 eodem
3444 476 3734 539 Dracontio,

2167 573 2273 620 etc.
2303 566 2381 620 An
2412 565 2478 620 de
2508 565 2608 621 hoc
2635 565 2829 621 mendo
2857 581 2985 621 vere
3009 566 3326 636 judicaverit
3353 567 3615 632 Barthius,
3645 583 3736 622 Sttu

2169 655 2285 708 loco
2310 655 2505 712 dicam.

2246 747 2367 801 141.
2401 747 2517 802 Non
2548 757 2630 802 est
2659 756 2834 802 tamen
2875 746 3090 802 silentio
3133 748 3562 815 praetereundum
3600 751 3737 815 ipsos

2171 838 2329 891 etiam
2372 846 2556 906 poetas
2583 837 2919 893 Christianos
2962 837 3241 908 agnovisse
3285 839 3500 892 nomina
3532 839 3736 907 propria

2172 930 2466 1000 quantitate
2509 939 2654 985 certa
2685 929 3011 1001 syllabarum
3051 929 3303 999 gaudere,
3329 945 3486 1000 quam
3531 945 3738 985 servare

2173 1028 2405 1089 oportet.
2430 1019 2591 1075 Multa
2617 1029 2742 1074 sunt
2760 1020 3002 1090 exempla
3026 1030 3299 1090 poetarum
3321 1021 3736 1078 Christianorum

2174 1119 2412 1167 veterum
2450 1112 2538 1180 qui
2569 1111 2875 1168 nominibus
2905 1112 2988 1167 his
3015 1113 3246 1181 prepriis
3283 1124 3466 1168 contra
3515 1126 3738 1169 tnetrnm

2176 1203 2250 1255 uti
2276 1215 2379 1256 non
2407 1201 2702 1270 audebant,
2733 1210 2824 1256 aut
2845 1201 3052 1257 veniam
3084 1202 3460 1271 praefabantur,
3489 1205 3739 1274 siquando

2175 1293 2331 1348 aliter
2361 1294 2476 1348 fleri
2515 1308 2620 1347 non
2667 1303 2890 1364 poterat.
2934 1294 3040 1350 Sed
3087 1294 3343 1349 adducam
3375 1298 3670 1365 exemplum
3713 1313 3740 1352 ιι

2177 1383 2387 1437 sarculis
2425 1383 2683 1438 barbaris.
2715 1383 2984 1439 Galfridus
3013 1384 3080 1438 de
3113 1383 3248 1437 Vino
3274 1384 3459 1454 Salvo,
3493 1387 3581 1455 qui
3607 1402 3740 1441 anno

2179 1476 2316 1531 1216
2345 1475 2586 1539 vivebat,
2634 1477 2683 1529 in
2717 1477 2927 1531 Poetria
2972 1477 3050 1530 sic
3090 1475 3451 1532 Innocentium
3483 1492 3740 1535 summum

2178 1566 2480 1637 pontificem
2507 1567 2829 1636 alloquitur:

2282 1657 2454 1716 _Psps,
2473 1665 2642 1716 stupor
2674 1656 2856 1714 mundi,
2884 1657 2926 1705 si
2949 1655 3142 1715 dixero,
3161 1657 3293 1718 Papa
3317 1656 3547 1716 Νοειιιιτι,

2305 1718 2603 1777 Acephalum
2626 1731 2801 1766 nomen
2825 1719 3030 1779 tribuam
3065 1719 3181 1778 tibi;
3210 1719 3249 1766 si
3279 1730 3424 1778 caput
3442 1720 3627 1779 addam,

2315 1779 2482 1828 Hostis
2500 1783 2598 1828 eris
2622 1779 2782 1828 metri.
2809 1778 2995 1826 Nomen
3024 1779 3107 1828 tibi
3132 1780 3233 1830 vult
3251 1781 3468 1830 similari.

2308 1840 2412 1888 Nec
2435 1853 2611 1889 nomen
2636 1844 2810 1892 metro.
2835 1852 2930 1889 nec
2946 1840 3049 1889 vult
3070 1847 3150 1889 tua
3170 1843 3378 1890 maxima
3403 1843 3556 1892 virtus

2309 1900 2472 1962 Claudi
2508 1913 2756 1949 mensura.
2783 1900 2911 1949 Nihil
2937 1909 3034 1961 est,
3052 1915 3149 1962 qtto
3170 1904 3344 1951 metiar
3361 1902 3512 1952 illam.

2307 1961 2500 2012 Transit
2523 1975 2774 2011 mensuras
2797 1962 3055 2010 hominum.
3073 1961 3178 2010 Sed
3203 1963 3364 2012 divide
3391 1977 3586 2014 nomen.

2715 2060 2745 2072 ..
2788 2022 2840 2072 liv
2869 2023 3064 2086 praefer,
3088 2031 3139 2072 et
3165 2024 3288 2073 adde
3312 2024 3542 2084 Nocmt,

2309 2085 2624 2146 Emi-iturque
2643 2085 2969 2146 comesmetri
2993 2098 3003 2130 :
3029 2088 3098 2146 sic
3121 2092 3174 2133 et
3197 2092 3277 2133 tua
3309 2088 3462 2134 virtus

2310 2144 2776 2201 Pluribus'mquatur
2790 2145 2959 2203 divisa,
2984 2144 3071 2194 sed
3095 2147 3286 2207 integra
3307 2146 3442 2195 nulli.

2190 2228 2262 2282 Ita
2291 2228 2561 2284 Galfridus
2584 2227 2804 2282 delicias
2826 2226 2944 2280 facit
2971 2226 3023 2279 in
3047 2228 3260 2282 nomine
3289 2225 3590 2293 Innocentii,
3613 2229 3744 2298 quod

2189 2337 2346 2377 versu
2377 2321 2689 2374 hexametro
2714 2317 2960 2374 concludi
2991 2319 3194 2388 nequit.
3227 2319 3578 2373 Nihilominus
3603 2323 3757 2390 paulo

2189 2421 2308 2482 post
2333 2414 2386 2464 in
2409 2409 2642 2481 Gregorii
2671 2407 2886 2463 nomine
2906 2407 3052 2478 leges
3084 2409 3240 2464 metri
3267 2410 3624 2478 contempsit:

2313 2523 2527 2584 Desine;
2554 2522 2784 2585 Gregori,
2805 2522 3050 2582 subsiste;
3078 2523 3192 2584 quid
3223 2511 3422 2585 elmiuar
3445 2525 3635 2573 omnes!

2192 2628 2255 2682 Et
2289 2627 2458 2695 potuit
2499 2635 2673 2680 tamen
2711 2625 2819 2678 alio
2847 2624 3007 2679 modo
3037 2639 3247 2680 versum
3277 2626 3545 2694 ordinare,
3582 2636 3635 2679 ut
3676 2641 3756 2682 se-

2190 2718 2417 2774 cunilam
2457 2731 2562 2771 non
2620 2716 2773 2786 107
2827 2715 3166 2785 produceret.
3198 2715 3523 2770 Concludam
3577 2717 3751 2786 igitur,

2191 2811 2522 2866 Cltristiams
2576 2817 2757 2876 poetas
2809 2807 3112 2862 nominibus
3163 2808 3415 2876 pnpriis,
3461 2809 3748 2872 przesertim

2192 2917 2312 2973 qua:
2342 2919 2406 2957 ex
2439 2903 2542 2957 alio
2581 2901 2836 2957 idiomate
2878 2902 3136 2968 originem
3171 2901 3414 2963 trahunt,
3451 2901 3614 2955 libere
3641 2917 3761 2954 usus

2195 2994 2248 3048 in
2293 3007 2485 3058 versu,
2528 2993 2722 3062 partim
2753 2991 2890 3060 quod
2921 2991 3188 3060 vulgarem
3218 2991 3656 3046 consuetudinem
3707 3009 3760 3046 ea

446 3134 455 3140 '
521 3081 1600 3185 ἷξᾷἷζει’νξέιῖέξδὲ-ἰιῦᾎξὲιι9ι
1627 3081 1682 3173 ιι.
1718 3081 1920 3172 Paucas
1965 3118 2091 3171 alias

2197 3083 2450 3140 eﬂerendi
2494 3090 2866 3150 sequerentur,
2913 3082 3100 3150 partim
3143 3081 3282 3150 quod
3339 3082 3546 3136 facilius
3593 3084 3643 3136 in
3689 3082 3761 3135 his

524 3231 717 3278 voces,
763 3229 896 3285 quas
945 3211 1257 3267 Dracontius
1302 3211 1515 3266 diverso
1563 3209 1888 3273 intervallo,
1936 3217 2096 3278 atque

523 3308 650 3371 alii,
685 3305 916 3376 profert,
963 3305 1074 3360 suis
1125 3304 1255 3359 locis
1281 3303 1566 3358 adnotabo.
1610 3301 1862 3357 Solemne
1887 3314 2098 3370 quoque

523 3408 607 3454 est
635 3396 942 3459 Dracontio,
975 3404 1032 3450 ut
1060 3394 1178 3448 aliis
1206 3395 1376 3464 poetis
1405 3389 1668 3463 sequioris
1695 3392 1793 3446 aevi
1815 3433 1830 3456 ,
1859 3393 2095 3446 vocalem

524 3491 737 3545 brevem
767 3488 969 3543 ratione
1013 3487 1179 3541 solius
1207 3501 1426 3541 caesura:
1470 3485 1786 3554 producere,
1832 3495 1886 3538 ut
1926 3484 2016 3539 lib.
2049 3499 2094 3550 ι,

523 3593 666 3634 vers.
702 3577 828 3643 450,
860 3575 1122 3647 Projicere
1151 3591 1238 3630 nec
1273 3576 1475 3642 plasma
1503 3591 1671 3629 suum.
1708 3575 1908 3629 Alicubi
1939 3575 2096 3629 etiam

524 3672 594 3723 ob
623 3667 788 3722 solam
829 3667 1205 3737 aspirationem
1238 3667 1417 3722 brevis
1455 3681 1484 3719 a
1527 3665 1811 3720 Dracontio
1853 3665 2097 3734 produci-

527 3771 632 3824 tur,
661 3759 801 3829 quod
829 3767 882 3813 et
926 3760 1154 3824 ratione,
1181 3767 1235 3812 et
1277 3765 1518 3814 veterum
1557 3755 1804 3826 exemplo
1848 3755 2097 3810 sustineri

526 3862 722 3921 potest.

551 3973 555 3977 -
607 3942 731 3999 MO.
787 3942 844 3996 In
899 3942 1200 3998 nominibus
1250 3940 1480 4010 propriis
1535 3954 1780 4009 magnam
1830 3938 2098 3993 licentiam

528 4049 700 4109 poeta:
729 4038 1012 4093 Christiani
1049 4047 1208 4106 atque
1237 4035 1313 4089 illi
1354 4035 1513 4088 etiam
1549 4032 1755 4102 profani
1786 4032 1875 4102 qui
1911 4031 2100 4086 eodem

529 4141 769 4200 tempore
799 4129 1133 4193 scribebant,
1165 4125 1267 4182 sibi
1308 4124 1607 4180 sumebant.
1653 4123 1998 4186 Dracontius,
2031 4121 2100 4174 si-

530 4220 643 4273 mili
692 4220 933 4273 libertate
977 4232 1134 4282 usus,
1180 4216 1398 4272 nomina
1451 4213 1661 4284 propria
1704 4222 1761 4267 ut
1808 4212 2106 4267 collibitum

530 4311 604 4365 illi
632 4317 713 4364 est
741 4319 912 4364 metro
938 4308 1147 4378 alligat,
1171 4315 1225 4362 et
1259 4306 1400 4361 idem
1428 4320 1620 4360 nomen
1651 4303 1808 4358 modo
1840 4303 1991 4358 brevi
2019 4304 2100 4356 in-

531 4399 780 4463 tervallo,
826 4399 984 4454 modo
1027 4399 1186 4467 longo
1217 4398 1542 4466 pronuntiat.
1596 4396 1685 4452 Sic
1734 4395 1828 4461 lib.
1857 4410 1928 4462 ιι,
1954 4409 2096 4450 vers.

533 4489 667 4558 572,
698 4489 922 4558 primam
947 4491 1050 4545 rite
1076 4490 1298 4560 corripit
1327 4487 1380 4543 in
1405 4487 1716 4559 Stephanus,

608 4573 614 4578 ’
655 4579 930 4641 Martyrium
952 4579 1199 4641 Stephano
1219 4580 1304 4642 qui
1322 4579 1527 4637 fecerat,
1563 4579 1677 4628 inde
1706 4579 1917 4641 recepit,

531 4665 585 4719 in
608 4663 790 4732 Elegia
818 4677 946 4717 vero
971 4663 1212 4716 eamdem
1244 4661 1486 4732 producit
1509 4676 1654 4717 vers.
1683 4662 1805 4724 171,

657 4754 937 4816 Stephanus
964 4760 1076 4804 ante
1101 4753 1219 4802 alios
1241 4752 1449 4815 lapidum
1474 4752 1565 4800 sub
1583 4753 1820 4815 grandine
1844 4757 2044 4814 martyr,

538 4838 694 4908 106
707 4836 1000 4891 nisicootra
1019 4837 1386 4890 auctoritatem
1403 4835 1645 4890 codicum
1663 4836 1817 4890 malis
1836 4835 2105 4905 trajicere,

533 4933 662 4985 Ante
689 4928 818 4982 alios
849 4927 1138 4998 Stephanus
1167 4927 1425 4996 lapidum,
1450 4937 1556 4982 etc.
1582 4927 1774 4982 Verum
1808 4928 1946 4982 idem
1981 4928 2108 4981 Dra-

533 5021 743 5076 contius
767 5018 819 5072 in
850 5015 968 5071 Isac
998 5017 1220 5084 primum
1255 5019 1510 5084 corripuit
1540 5017 1636 5072 lib.
1663 5033 1742 5080 ιιι,
1774 5033 1914 5073 vers.
1943 5018 2070 5081 159,

659 5110 782 5170 Quid
807 5115 948 5171 pater
962 5106 1222 5169 Abraham,
1249 5107 1367 5169 quid
1389 5106 1492 5157 lsac
1510 5109 1754 5158 meruisse
1776 5108 2046 5171 leguntur?

533 5211 588 5258 et
617 5201 861 5273 produxit
893 5198 1044 5268 paulo
1068 5207 1186 5268 post
1211 5213 1352 5253 vers.
1383 5200 1503 5267 155,

660 5293 831 5344 Omnia
855 5296 1096 5356 perpetuo
1119 5291 1292 5352 generi
1321 5289 1620 5340 manifestius
1639 5291 1766 5349 Isac.

538 5385 807 5450 Barthﬂns,
845 5385 938 5440 lib.
971 5398 1022 5439 ιιι
1063 5383 1314 5449 Advers.,
1345 5396 1464 5450 cap.
1497 5383 1552 5448 7,
1586 5391 1643 5436 ut
1686 5382 1968 5450 quemdam
1999 5398 2114 5438 ver-

541 5495 660 5535 sum
708 5479 976 5533 Dracontii
1026 5479 1305 5542 restituat,
1352 5477 1422 5530 ita
1475 5473 1729 5544 przefatur
1774 5493 1786 5528 :
1838 5475 2118 5529 Poetarum

541 5572 946 5627 Christianorum
975 5589 1081 5626 mos
1108 5571 1243 5626 velut
1271 5581 1378 5638 est,
1411 5569 1722 5625 consuetudo
1753 5578 1914 5636 certe,
1957 5570 2122 5622 nomi-

543 5663 690 5716 nibus
717 5678 829 5724 qua:
861 5663 1072 5726 prapria
1105 5662 1364 5730 appellant
1401 5660 1750 5733 grammatici,
1783 5661 1856 5714 uti
1897 5661 1948 5715 in
1977 5674 2121 5714 uersu

2201 3190 2359 3245 quam
2403 3177 2454 3230 in
2500 3175 2618 3228 aliis
2647 3175 2912 3229 licentiam
2944 3173 3210 3242 poeticam
3245 3173 3416 3228 locum
3447 3175 3638 3229 habere
3662 3177 3761 3228 exi-

2200 3266 2504 3320 stimarent.
2537 3264 2734 3318 Verum
2763 3264 2830 3318 de
2875 3263 2953 3318 bis
2981 3263 3230 3318 omnibus
3274 3280 3395 3334 quae
3436 3265 3504 3318 ad
3550 3265 3762 3332 peculia-

2203 3370 2314 3410 rem
2337 3354 2659 3410 Christianze
2679 3353 2875 3408 veteris
2903 3367 3126 3423 poeseos
3149 3353 3449 3419 prosodiam
3481 3355 3764 3422 pertinent,

2203 3446 2316 3500 fuse
2345 3454 2400 3500 et
2445 3428 2621 3500 dedita
2670 3459 2832 3513 opera
2859 3445 2944 3514 'egi
2993 3445 3046 3499 in
3091 3443 3484 3513 prolegomenis
3530 3444 3592 3498 ad
3642 3445 3765 3500 Pru-

2201 3535 2474 3598 dentium,
2502 3551 2619 3606 qua:
2648 3551 2788 3590 nunc
2817 3543 3059 3604 repetere
3093 3549 3315 3590 necesse
3344 3550 3450 3588 non
3481 3543 3592 3600 est;
3624 3537 3764 3604 plur:

2204 3633 2382 3678 autem
2408 3625 2510 3678 alia
2544 3626 2648 3680 illis
2683 3625 2900 3690 addere,
2932 3625 3140 3680 etiamsi
3169 3625 3222 3679 id
3265 3624 3377 3679 fieri
3407 3625 3556 3680 nullo
3601 3626 3768 3682 labore

2205 3716 2401 3786 possit,
2433 3725 2792 3786 opportunum
2825 3732 2930 3770 non
2959 3716 3187 3771 videtur.

2809 3828 3035 3884 CAPUT
3079 3829 3191 3883 XV.

2391 3919 2664 3976 Hethodus
2687 3921 2741 3973 in
2767 3920 2988 3974 editione
3024 3919 3287 3975 Dracontii
3311 3923 3592 3976 observata.

2280 4021 2404 4076 142.
2441 4021 2694 4077 Weitzius
2739 4022 2790 4075 in
2841 4022 3065 4093 prologo
3103 4023 3350 4078 editionis
3392 4024 3658 4080 Dracontii
3697 4027 3770 4092 jn-

2209 4114 2410 4169 dicium
2441 4114 2543 4168 hoc
2571 4113 2670 4167 viri
2699 4113 2974 4198 cuiusdam
3006 4115 3284 4170 clarissimi
3314 4116 3536 4184 exponit
3564 4133 3578 4169 :
3613 4114 3774 4169 Potito

2206 4205 2470 4273 scriptori,
2496 4204 2663 4274 qualis
2699 4203 2779 4256 hic
2814 4213 2983 4257 noster
3015 4213 3113 4269 est,
3143 4206 3311 4258 omnia
3352 4206 3464 4268 iure
3513 4206 3774 4273 meritoque

2206 4295 2405 4365 integra
2445 4309 2552 4348 esse
2587 4293 2794 4355 debere,
2826 4293 3229 4362 levissimumque
3262 4293 3416 4346 etiam
3456 4295 3696 4347 mendum
3732 4295 3772 4345 ei

2208 4385 2488 4439 molestiam
2511 4384 2758 4439 exhibere.
2791 4382 2930 4438 Nihil
2959 4384 3117 4454 igitur
3148 4383 3275 4438 mihi
3305 4385 3476 4454 magis
3511 4385 3770 4439 elaboran-

2135 4471 2184 4529 D
2209 4477 2332 4531 dum
2358 4476 2476 4541 fuit,
2493 4491 2649 4546 quam
2670 4485 2724 4530 ut
2742 4475 3083 4530 Dracontinm
3110 4475 3395 4545 integrum,
3416 4485 3470 4530 et
3484 4477 3655 4546 quoad
3671 4475 3773 4544 ejus

2211 4568 2326 4622 fieri
2363 4574 2576 4636 posset.
2604 4567 2672 4620 ab
2697 4565 2842 4620 omni
2874 4567 3068 4620 mendo
3097 4581 3284 4634 purum
3317 4576 3768 4634 reprzescntarem.

2210 4659 2349 4714 Vere
2371 4658 2514 4713 enim
2545 4656 2782 4712 Muretus
2807 4657 2940 4710 dixit
2971 4657 3064 4710 lib.
3091 4672 3182 4711 vttt
3213 4656 3340 4711 Var.
3389 4659 3542 4722 lect.,
3567 4671 3679 4725 cap.
3706 4654 3772 4707 ιε

2215 4749 2451 4816 Quotidie
2490 4747 2650 4818 magis
2681 4747 2908 4816 intelligo
2940 4746 3134 4800 nullam
3177 4763 3284 4801 esse
3314 4746 3551 4800 utendam
3591 4748 3660 4798 ita
3683 4760 3773 4812 pu-

2209 4843 2409 4907 sillam,
2437 4856 2589 4910 quam
2626 4857 2726 4894 non
2758 4839 3018 4909 permagni
3062 4839 3258 4892 intersit
3285 4855 3312 4892 e
3338 4847 3562 4893 ueterum
3613 4851 3775 4889 monu-

2216 4933 2396 4986 mentis
2427 4931 2536 4984 tolli
2563 4946 2623 4983 ac
2664 4931 2886 5000 corrigi;
2918 4945 3075 4999 neque
3120 4928 3280 4983 ullum
3325 4929 3589 4983 hominum
3632 4942 3774 4998 genus

2217 5024 2376 5091 magis
2405 5023 2643 5089 prodesse
2679 5020 2878 5083 studiis,
2913 5035 3062 5085 quam
3088 5033 3171 5072 eos
3201 5019 3286 5089 qui
3321 5028 3561 5072 accurate
3591 5028 3635 5070 et
3663 5016 3776 5084 ﬁde-

2220 5115 2333 5168 liter
2361 5129 2563 5182 operam
2598 5112 2652 5165 in
2688 5112 2792 5166 illis
2830 5112 3108 5182 purgandis
3136 5121 3182 5164 et
3219 5111 3547 5165 emendandis
3576 5116 3773 5178 ponunt.

2228 5205 2392 5260 Unius
2419 5204 2550 5258 enim
2595 5204 2831 5257 litterulae
2858 5212 3080 5258 erratum
3120 5202 3375 5254 interdum
3403 5217 3488 5255 eas
3515 5202 3660 5254 etiam
3694 5198 3776 5248 lio-

2225 5295 2442 5350 minibus
2469 5294 2838 5348 eruditissimus
2866 5293 3084 5359 offundit
3115 5293 3362 5357 tenebras,
3395 5302 3450 5346 ut
3476 5302 3702 5361 tanquam
3727 5289 3776 5340 in

2222 5388 2369 5442 illuni
2397 5395 2542 5440 nocte
2562 5395 2786 5440 errantes
2803 5386 2975 5455 quovis
2995 5385 3162 5453 potius
3182 5386 3473 5454 perveniant
3489 5426 3504 5449 ,
3525 5400 3664 5453 quam
3682 5396 3775 5450 qna

2223 5481 2415 5534 volunt.
2445 5478 2587 5533 Idem
2618 5477 2857 5532 eruditus
2886 5486 2941 5532 et
2966 5478 3181 5546 elegans
3209 5479 3437 5546 scriptor
3475 5477 3564 5530 lib.
3595 5491 3636 5537 ι,
3661 5487 3768 5538 cap.

2230 5569 2316 5632 16,
2346 5568 2576 5622 affirmat
2619 5567 2706 5622 vix
2748 5566 2912 5620 ullum
2953 5580 3074 5621 esse
3113 5567 3353 5621 codicem
3403 5577 3507 5620 tam
3553 5563 3774 5632 imperite

2232 5663 2518 5732 scriptum,
2549 5676 2612 5716 ex
2643 5674 2748 5730 quo
2773 5658 3013 5716 eruditus
3043 5658 3301 5729 proficere
3328 5673 3434 5714 non
3463 5655 3636 5729 possit.
