4030 6170
285 318 398 374 673

1648 305 2150 366 PROLEGOMENA
2162 349 2174 362 .

3433 304 3536 360 676

358 430 479 484 145.
515 428 608 483 llis
637 428 932 486 rationibus
963 425 1384 496 testimoniisquc
1412 423 1625 480 innixus
1653 437 1684 479 e
1726 427 1858 476 mss;
1891 422 1941 482 Α
1967 420 2188 476 faciunt.
2239 418 2684 474 Adnotationibus
2738 417 2898 488 igitur
2949 417 3000 472 in
3048 414 3390 471 Dracontium
3429 430 3533 470 non

284 518 552 574 codicibus
600 519 867 588 praecipue
905 531 1092 572 versus
1146 513 1413 570 Dracontii
1457 511 1706 567 exhibeo.
1752 508 1858 564 Sed

283 611 529 679 quoniam
570 609 706 664 alter
730 623 763 664 e
800 607 1010 663 duobus
1038 606 1310 662 codicibus
1351 599 1619 658 Vaticanis
1649 598 1859 655 mendis

287 699 526 769 pluribus
550 709 752 766 scatet,
782 705 956 753 errata
983 711 1100 766 qua:
1123 695 1245 750 talia
1269 693 1397 748 mihi
1417 699 1566 748 certo
1590 697 1681 745 aut
1702 687 1857 744 valde

287 791 634 860 probabiliter
647 791 756 845 visa
773 800 892 844 sunt
913 788 1144 852 correxi,
1167 787 1323 856 108
1336 797 1390 841 et
1405 784 1681 840 lectionem
1699 796 1854 851 quam

283 896 461 935 verum
485 891 576 934 aut
596 880 660 934 ad
682 895 858 934 veram
881 879 1122 949 proxime
1140 877 1480 933 accedentem
1500 875 1745 944 putabam
1770 887 1853 926 re—

277 970 443 1025 stitui.
468 971 822 1025 Nihilominus
843 969 1064 1024 liberam
1095 968 1395 1030 facultatem
1418 965 1568 1019 aliter
1583 961 1856 1032 judicandi

270 1073 329 1117 et
359 1063 661 1134 corrigendi
691 1062 810 1116 aliis
838 1062 1059 1130 reliqui,
1102 1058 1357 1127 subjectis
1382 1056 1558 1112 verbis
1584 1052 1856 1110 mendosis

276 1167 395 1222 quae
425 1154 478 1207 in
507 1153 692 1207 codice
734 1153 1010 1222 leguntur;
1057 1166 1160 1222 qua
1199 1151 1251 1204 in
1297 1164 1354 1204 re
1398 1147 1560 1202 nimia
1589 1144 1851 1216 quadam,

275 1256 322 1299 et
350 1262 472 1316 qua:
519 1247 745 1300 obscura
791 1243 960 1299 videri
1001 1244 1195 1314 possit,
1226 1240 1500 1310 diligentia
1539 1252 1670 1293 usus
1698 1250 1851 1301 sum,

257 1349 391 1389 cum
415 1346 586 1390 errata
611 1335 810 1390 librarii
842 1335 1062 1389 minime
1084 1334 1242 1388 dubia
1269 1331 1466 1402 passim
1492 1327 1851 1396 ascripserim.

273 1427 480 1484 Inutilis
527 1438 704 1484 tamen
751 1442 858 1483 non
905 1435 988 1482 est
1027 1426 1114 1481 hic
1163 1426 1311 1480 tabor
1353 1421 1653 1479 censendus
1694 1436 1706 1472 :
1744 1417 1854 1488 pri-

272 1535 418 1574 mum
457 1520 577 1590 quia
605 1535 748 1591 smpe
791 1519 982 1575 accidit
1028 1526 1088 1574 ut
1131 1533 1292 1572 unum
1341 1515 1590 1584 idemque
1629 1511 1850 1568 verbum

255 1608 383 1664 aliis
429 1610 570 1665 clare
601 1609 944 1674 mendosum,
972 1607 1089 1663 aliis
1133 1615 1321 1662 contra
1348 1618 1536 1660 verum
1577 1601 1848 1666 videatur;

252 1708 376 1756 .tum
424 1702 546 1772 quia
575 1701 860 1770 aliquando
888 1716 920 1758 e
958 1715 1089 1756 voce
1117 1700 1294 1769 aliqua
1325 1697 1611 1766 dcpravate
1651 1697 1848 1763 scripti

1962 511 2132 566 solum
2161 525 2223 565 ea
2251 508 2755 578 comprehendimus
2777 523 2895 578 qua:
2925 507 2990 562 ad
3023 505 3298 560 historiam
3328 517 3532 558 sacram

1959 613 2011 656 et
2038 601 2338 672 profanam,
2380 601 2444 654 ad
2485 600 2896 670 philosophiam,
2931 599 2996 652 ad
3041 613 3247 652 sacram
3290 597 3532 664 Scriptu-

1964 705 2076 744 ram
2121 698 2175 744 et
2221 690 2540 759 theologiam
2585 699 2851 758 spectant,
2902 703 3084 742 verum
3116 688 3278 741 etiam
3322 687 3532 741 criticas

1961 783 2364 837 observationes
2387 783 2453 836 de
2481 783 2804 850 proprietate
2830 791 2885 835 et
2925 780 3309 849 significatione
3339 777 3532 833 verbo-

1974 888 2115 937 rum,
2146 882 2306 942 atque
2333 872 2469 926 adeo
2505 871 2840 939 conjecturas
2863 871 3110 934 aliorum,
3144 880 3191 922 ct
3219 876 3426 920 nostras
3464 865 3527 920 de

1971 965 2114 1018 varia
2145 979 2396 1018 versuum
2443 963 2674 1017 lectione
2713 961 3043 1016 admittenda
3090 962 3171 1014 vel
3219 959 3526 1027 rejicienda.

1966 1056 2100 1111 Nam
2133 1056 2397 1110 interdum
2438 1054 2632 1109 accidit
2670 1064 2726 1107 ut
2764 1055 3022 1122 scriptura
3067 1069 3186 1122 quae
3215 1052 3526 1106 auctoritate

1957 1145 2161 1200 codicis
2210 1145 2470 1200 retinetur
2516 1159 2621 1198 non
2668 1144 2820 1196 valde
2864 1144 3091 1211 placeat.
3143 1157 3262 1211 qua:
3305 1140 3526 1209 proinde

1956 1236 2261 1306 conjectura
2288 1238 2464 1305 aliqua
2501 1236 2854 1300 sollicitatur;
2889 1234 3179 1299 interdum,
3207 1243 3265 1288 ut
3295 1249 3394 1287 vox
3425 1231 3526 1286 ali-

1935 1345 2057 1399 qua
2080 1330 2326 1384 restituta
2350 1331 2418 1384 sit
2443 1329 2512 1383 ob
2537 1329 2786 1384 mendum
2816 1327 3021 1382 codicis
3044 1327 3402 1395 perspicuum,
3433 1323 3525 1378 sed

1955 1423 2181 1478 fortasse
2208 1421 2310 1476 alia
2343 1437 2441 1476 vox
2473 1420 2682 1481 melius,
2715 1433 2804 1473 aut
2835 1433 2987 1488 aeque
3021 1417 3158 1472 bene
3185 1425 3367 1485 posset
3402 1414 3525 1469 sub-

1955 1511 2121 1577 SIitui,
2168 1511 2308 1580 quod
2353 1512 2472 1567 sine
2525 1510 2702 1580 aliqua
2747 1509 3103 1578 explicatione
3151 1505 3374 1576 intelligi
3419 1518 3526 1558 non

1957 1611 2154 1670 posset.
2204 1603 2360 1657 Ratio
2413 1614 2672 1670 prteterea
2710 1600 2980 1654 reddenda
3034 1609 3117 1654 est
3162 1615 3260 1653 cur
3298 1598 3524 1652 aliorum

1953 1694 2274 1763 conjectum
2319 1695 2606 1764 aliquando
2654 1707 2757 1748 non
2790 1692 3053 1762 placeant,
3095 1691 3236 1761 quod
3285 1690 3339 1744 in
3380 1689 3524 1744 notis

253 1807 391 1847 .vera
439 1793 598 1849 lectio
637 1795 861 1857 eruitur,
893 1801 947 1847 et
989 1791 1217 1847 fortasse
1245 1789 1384 1858 quod
1426 1803 1454 1841 a
1503 1802 1588 1842 me
1630 1786 1846 1842 restitu-
1882 1785 1927 1843 B
1953 1793 2251 1853 opportune
2281 1785 2392 1838 fiet.

268 1893 377 1936 tum
413 1891 526 1942 est.
557 1881 682 1937 aliis
712 1897 816 1936 non
850 1880 1071 1950 placebit
1090 1921 1105 1948 ,
1133 1889 1184 1934 et
1209 1893 1275 1933 ex
1305 1876 1497 1932 menda
1526 1875 1724 1930 codicis
1748 1873 1846 1942 ipsi

264 1971 408 2025 aliud
445 1973 744 2039 invenient;
790 1979 1045 2041 prteterea
1081 1970 1204 2040 quia
1244 1968 1459 2037 prodest
1487 1965 1689 2021 librarii
1737 1978 1860 2034 ma-V

253 2077 394 2118 .num
427 2063 818 2132 quodammodo
845 2077 1027 2129 nosse,
1053 2071 1108 2117 et
1135 2077 1202 2116 ex
1223 2060 1414 2115 erratis
1441 2072 1560 2128 qua:
1585 2057 1718 2112 solet
1749 2056 1849 2109 ad-

266 2157 508 2224 mittere,
543 2170 724 2211 veram
745 2155 1059 2225 scripturam
1088 2153 1142 2209 in
1167 2152 1282 2206 aliis
1305 2150 1435 2206 locis
1455 2149 1692 2204 obscuris
1715 2161 1847 2203 con-

250 2243 490 2313 jectare.

325 2335 461 2388 Mi.
488 2333 544 2389 ln
572 2333 706 2390 libro
728 2350 745 2390 ι
774 2333 1029 2392 carminis
1056 2333 1123 2390 de
1145 2334 1255 2389 Deo
1275 2347 1442 2403 usque
1464 2330 1530 2386 ad
1553 2345 1695 2386 vers.
1723 2328 1844 2395 116,

263 2423 448 2478 Prima
494 2426 624 2492 dies,
673 2427 817 2482 stilus
867 2425 1035 2483 codex
1087 2425 1373 2480 Vaticanus
1413 2424 1715 2478 adhibetur.
1770 2420 1850 2474 Ab

265 2522 359 2572 hoc
395 2531 560 2572 versu
603 2517 702 2574 116
735 2533 912 2588 usque
953 2515 1020 2571 ad
1053 2517 1295 2570 ultimum
1327 2514 1456 2592 libri.
1476 2527 1686 2569 versum
1713 2511 1846 2576 754,

265 2607 375 2672 Quo
409 2618 459 2663 te
504 2610 776 2678 promittis,
805 2609 1061 2664 lectiones
1092 2607 1358 2660 variantes
1383 2621 1412 2658 c
1441 2612 1669 2673 quatuor
1704 2601 1852 2656 codi-

263 2700 418 2754 r.bus
449 2701 819 2769 proferuntur,
857 2699 1063 2754 scilicet
1091 2697 1263 2767 primo
1289 2711 1319 2751 e
1356 2695 1541 2750 codice
1582 2694 1640 2748 S.
1667 2692 1848 2749 Victo.-

265 2792 334 2844 r7s
359 2790 710 2854 Parisiensis,
737 2790 851 2845 sive
879 2804 944 2844 cx
970 2788 1205 2844 editione
1243 2788 1413 2857 prima
1457 2782 1725 2839 Dracontii
1755 2783 1851 2836 Pa-

264 2881 410 2935 risiis
452 2880 522 2934 ad
564 2882 703 2935 hunc
748 2880 985 2935 codicem
1033 2879 1392 2943 conformata;
1435 2875 1667 2932 secundo
1699 2889 1728 2929 e
1757 2889 1850 2928 co-

263 2974 380 3030 dice
417 2974 739 3028 Parisiensis
768 2973 1103 3028 bibliotheca:
1143 2970 1344 3040 Regim,
1373 2969 1486 3024 sive
1520 2983 1583 3023 ex
1614 2966 1852 3020 editione

259 3063 546 3118 Dracontii
580 3077 735 3132 quam
765 3061 1102 3125 Sirmondus,
1132 3075 1198 3115 eo
1236 3059 1421 3114 codice
1460 3072 1609 3121 usus,
1657 3069 1849 3123 procu-

2024 1874 2144 1929 HG.
2187 1876 2426 1930 Lacunas
2461 1891 2578 1944 qua:
2609 1875 2661 1930 in
2690 1875 2930 1931 carmine
2957 1875 3022 1928 de
3052 1873 3165 1928 Deo
3209 1878 3520 1936 occurrunt,

1948 1969 2186 2023 satiusne
2213 1971 2374 2023 fuerit
2410 1970 2479 2023 ita
2504 1978 2562 2022 ut
2591 1979 2736 2035 sunt,
2763 1969 3091 2038 relinquere,
3135 1982 3200 2020 an
3229 1965 3406 2034 aliquo
3433 1978 3525 2033 pa-

1949 2069 2036 2114 cto
2062 2061 2337 2129 supplere,
2371 2071 2576 2130 poterat
2602 2062 2654 2114 in
2687 2061 3108 2116 controversiam
3137 2059 3340 2113 vocari.
3366 2057 3524 2127 Equi-

1961 2152 2082 2207 dem
2111 2155 2369 2208 rationem
2392 2154 2727 2224 aliorumque
2747 2155 3048 2224 exemplum
3077 2162 3313 2216 secutus,
3340 2151 3524 2219 hujus-

1951 2243 2093 2297 modi
2145 2246 2516 2314 supplementa
2561 2246 2792 2315 adjicere
2827 2245 3008 2301 malui.
3038 2244 3330 2299 Plurimum
3377 2241 3522 2296 enim

1941 2333 2116 2403 juvari
2151 2344 2325 2402 potest
2355 2337 2541 2403 lector,
2583 2338 2629 2393 si
2661 2339 2850 2394 eodem
2876 2337 3138 2393 orationis
3185 2335 3271 2389 filo
3310 2340 3523 2387 senten-

1952 2428 2076 2479 tiain
2122 2442 2227 2482 non
2273 2429 2624 2499 interruptam
2657 2430 2823 2500 legat,
2865 2441 3024 2498 atque
3057 2430 3126 2482 ita
3171 2423 3522 2495 prmcedentia

1949 2533 2070 2570 cum
2123 2520 2471 2587 sequentibus
2516 2521 2824 2588 eonjungat.
2889 2519 3097 2572 Etenim
3149 2518 3191 2570 si
3238 2515 3521 2570 deficiente

1949 2622 2105 2663 versu
2145 2610 2324 2678 aliquo
2351 2618 2441 2664 aut
2469 2609 2807 2665 hcmistiehio
2836 2624 3023 2664 sensus
3058 2608 3276 2661 omnino
3324 2606 3522 2674 imper-

1951 2699 2121 2754 fectus
2152 2700 2507 2770 relinquatur,
2535 2703 2830 2766 immorari,
2849 2710 2906 2755 et
2934 2714 3112 2754 secum
3143 2697 3387 2751 cun'erre
3418 2695 3516 2750 de-

1952 2792 2094 2846 bebit
2126 2792 2249 2862 quid
2275 2802 2459 2848 auctor
2481 2793 2696 2859 dixerit,
2727 2802 2780 2848 et
2809 2807 2904 2848 cur
2937 2790 3040 2844 alia
3073 2805 3191 2859 qum.
3227 2796 3523 2858 sequuntur
3596 2795 3604 2802 ‘

1951 2882 2238 2937 addiderit.
2275 2883 2551 2938 Provisum
2598 2895 2774 2938 tamen
2805 2891 2886 2937 est
2923 2893 2984 2936 ut
3018 2881 3131 2935 haec
3158 2879 3522 2949 sUpplcmenta

1951 2987 1982 3024 a
2034 2973 2212 3027 verbis
2262 2973 2530 3028 Dracontii
2571 2974 2718 3029 clare
2762 2973 3155 3042 distinguantur
3196 2970 3319 3024 :sic
3367 2981 3524 3021 nemo

1953 3072 2206 3130 queretur
2227 3062 2404 3118 fucum
2430 3063 2530 3118 sibi
2561 3063 2697 3116 fieri.
2730 3061 2845 3116 Non
2877 3077 2960 3115 me
2983 3058 3219 3131 preterit
3260 3058 3396 3112 male
3429 3071 3524 3110 au-

262 3157 446 3220 ravit;
500 3157 658 3209 tertio
700 3171 732 3209 e
790 3154 975 3209 codice
1037 3155 1287 3222 Azagrte,
1329 3151 1444 3204 sive
1496 3165 1561 3204 ex
1619 3148 1852 3203 editione
1877 3147 1923 3210 C
1955 3154 2072 3209 dire
2108 3155 2264 3225 ιιο
2291 3155 2578 3210 nonnullos
2606 3154 3004 3224 grammaticos,
3055 3152 3145 3221 qui
3171 3167 3359 3206 versus
3388 3165 3524 3216 quos

262 3249 573 3304 Matritensi
622 3247 722 3301 PP.
749 3247 1166 3311 Toletanorum,
1210 3245 1261 3299 in
1305 3258 1407 3314 qua
1449 3243 1516 3297 ad
1559 3241 1850 3310 marginem

263 3340 577 3394 carminum
633 3338 931 3403 Dracontii,
978 3345 1070 3391 aut
1117 3338 1169 3390 in
1221 3336 1325 3390 fine
1377 3334 1581 3403 paginae
1624 3331 1854 3386 varietas

263 3432 559 3502 scriptura:
583 3427 779 3483 codicis
804 3429 1022 3496 Azagrm
1048 3427 1362 3491 adnotatur;
1390 3431 1584 3494 quarto
1622 3421 1854 3490 denique

263 3541 290 3577 e
329 3530 534 3577 nostro
568 3519 823 3574 Vaticano
861 3519 1066 3574 codice.
1112 3518 1260 3572 Nota:
1287 3517 1480 3588 quibus
1513 3515 1611 3568 hos
1644 3514 1855 3568 codices

263 3615 617 3684 designamus
646 3610 830 3665 faciles
868 3618 993 3664 sunt
1033 3609 1342 3663 intellectu:
1377 3622 1497 3661 nam
1532 3605 1666 3659 Vict.
1695 3602 1856 3671 signi-

262 3706 386 3759 ficat
435 3704 671 3773 primum
717 3701 956 3756 codicem
1000 3699 1056 3756 S.
1085 3698 1337 3764 Victoris,
1373 3697 1532 3754 Sirm.
1562 3694 1854 3751 secundum

262 3795 515 3849 codicem
538 3833 552 3858 ,
577 3806 734 3860 quem
763 3790 1079 3846 Sirmondus
1108 3790 1378 3854 adhibuit;
1421 3791 1608 3858 Azagr.
1643 3786 1856 3841 tertium

261 3888 555 3951 codicem,
599 3885 689 3953 qui
722 3884 820 3939 fuit
861 3886 1107 3953 Azagrae;
1145 3881 1264 3936 Vat.
1301 3880 1538 3936 codicem
1577 3888 1854 3949 quartum,

261 3979 352 4046 qui
379 3988 471 4033 est
502 3975 811 4030 Vaticanus.
836 3974 891 4029 In
917 3974 1059 4030 libro
1083 3974 1322 4030 secundo
1344 3982 1395 4025 et
1418 3971 1578 4026 tertio
1605 3968 1858 4024 carminis

261 4073 328 4126 de
360 4072 481 4124 Deo
516 4069 693 4123 nullus
718 4068 858 4122 alius
889 4067 1043 4122 nobis
1067 4075 1147 4122 est
1175 4064 1484 4135 allegandus
1524 4063 1726 4126 codex,
1755 4060 1859 4114 nisi

265 4163 593 4217 Vaticanus.
637 4159 689 4213 lu
734 4159 913 4229 Elegia
944 4160 1058 4212 sive
1086 4156 1467 4213 Satisfactione
1498 4165 1608 4208 tres
1645 4152 1860 4208 codices

259 4254 583 4316 laudantur,
628 4249 1056 4314 Sirmondianus,
1108 4246 1426 4317 Azagrensis
1464 4259 1514 4301 et
1547 4244 1858 4300 Vaticanus.

261 4344 402 4398 Cum
452 4350 635 4397 autem
666 4341 983 4411 primigenia
1027 4339 1296 4394 Dracontii
1345 4337 1581 4392 carmina
1623 4335 1863 4405 proposi-

262 4446 378 4487 tum
406 4434 484 4487 sit
527 4431 680 4486 nobis
723 4431 1082 4501 promulgare,
1117 4429 1328 4485 cteteris
1359 4428 1604 4484 omnibus
1646 4425 1862 4481 codices

1960 3243 2208 3314 Virgilius
2245 3246 2522 3300 inchoatos
2555 3245 2864 3314 reliquerat,
2897 3245 3147 3315 supplere
3173 3243 3350 3299 conati
3379 3252 3524 3296 sunt.

1956 3334 2061 3390 Sed
2090 3345 2446 3408 praeterquam
2493 3339 2633 3408 quod
2671 3338 2958 3394 discrimen
2991 3347 3072 3393 est
3108 3326 3358 3407 magnum
3390 3336 3526 3390 inter

1959 3443 2144 3483 versus
2174 3431 2464 3496 Dracontii,
2498 3431 2590 3500 qui
2625 3432 2756 3486 vitio
2777 3431 3018 3486 codicum
3055 3430 3350 3498 imperfecti
3380 3437 3526 3492 sunt,

1957 3530 2008 3575 et
2055 3521 2263 3589 Virgilii
2291 3536 2498 3586 versus,
2522 3536 2658 3590 quos
2701 3524 2813 3591 ipse
2857 3522 3094 3576 nondum
3140 3522 3526 3592 compleverat,

1959 3625 2133 3678 neque
2190 3625 2219 3662 a
2259 3611 2421 3664 Vario
2455 3621 2512 3665 et
2540 3613 2715 3666 Tucca
2754 3613 3012 3680 completi
3056 3613 3320 3677 voluerat,
3352 3625 3528 3681 gram-

1960 3700 2137 3756 matici
2164 3700 2238 3754 illi
2271 3701 2371 3754 hac
2398 3702 2728 3770 potissimum
2758 3702 2827 3758 de
2853 3717 3010 3756 causa
3041 3703 3353 3770 reprehensi
3381 3711 3528 3769 sunt,

1960 3793 2099 3859 quod
2133 3808 2236 3846 non
2263 3792 2434 3847 solum
2473 3793 2746 3859 audacter,
2777 3794 2872 3849 sed
2904 3795 3062 3848 etiam
3096 3803 3298 3850 temere
3327 3804 3380 3849 et
3412 3795 3529 3849 ine-

1962 3895 2050 3953 pte
2093 3884 2392 3955 Virgilianae
2443 3899 2692 3955 purpurae
2741 3887 3056 3940 vilissimum
3092 3901 3248 3940 suum
3293 3900 3528 3954 pannum

1960 3974 2376 4042 admiscuerunt,
2420 3987 2479 4031 ιιι
2508 3976 2599 4047 qui
2629 3967 2842 4032 versum
2875 3991 2905 4030 a
2936 3976 3158 4046 Virgilio
3203 3977 3272 4030 ita
3313 3976 3529 4028 inchoa~

1961 4075 2096 4134 tum,
2145 4069 2301 4134 Quem
2337 4068 2427 4122 tibi
2448 4070 2563 4141 jam
2611 4067 2901 4138 Troja,‘ita
2937 4067 3185 4132 absolvit,
3238 4067 3396 4131 Quem
3439 4067 3530 4119 tibi

1953 4159 2068 4228 jam
2093 4158 2249 4230 Troja
2273 4160 2465 4231 peperit
2481 4159 2710 4229 {amante
2731 4157 2941 4212 Creusa.
2966 4156 3154 4212 Nescio
3182 4171 3310 4211 vero
3331 4172 3398 4209 an
3424 4175 3451 4207 n
3477 4172 3532 4210 a-

1962 4252 2042 4321 gis
2073 4253 2182 4306 risu
2209 4253 2426 4321 diguum
2469 4251 2559 4317 sit,
2593 4250 2732 4320 quod
2771 4249 3012 4305 nonnulli
3043 4250 3125 4304 his
3163 4248 3407 4304 versibus
3437 4249 3533 4302 im-

1917 4403 1931 4421 .
1965 4340 2217 4410 perfectis
2252 4341 2458 4412 Virgilii
2504 4343 2811 4412 mysterium
2844 4340 3107 4411 quoddam
3147 4341 3276 4395 artis
3317 4341 3534 4410 poetic-.12

1968 4434 2143 4487 inesse
2180 4433 2526 4498 crediderint,
2560 4433 2699 4503 quod
2737 4433 2894 4487 etiam
2922 4433 3021 4487 sibi
3064 4431 3378 4486 imitandum
3422 4446 3537 4500 pro-

262 4526 572 4580 Vaticanos
597 4522 951 4592 pra-ferimus,
981 4523 1179 4592 quippe
1206 4522 1294 4592 qui
1319 4521 1386 4576 ab
1410 4519 1632 4588 Eugenii
1674 4531 1858 4572 emen-
1895 4511 1940 4571 υ
1966 4525 2264 4594 posuerint.
2293 4523 2494 4580 Aonius
2523 4525 2814 4590 Palearius,
2842 4527 2992 4593 cujus
3023 4539 3185 4590 opera
3217 4525 3394 4578 minus
3424 4523 3538 4578 for-

260 4618 496 4672 datione
545 4615 625 4670 vel
669 4613 1083 4682 interpolatione
1131 4614 1351 4668 omnino
1395 4609 1550 4682 109
1594 4610 1857 4664 immunes

261 4718 398 4763 sunt
425 4705 758 4764 conservati.
787 4706 1015 4760 Maculas
1046 4719 1174 4759 vero
1201 4721 1319 4772 qua:
1343 4704 1732 4771 exscriptorum
1767 4713 1859 4751 ne—

257 4801 535 4872 gligentia
558 4807 616 4854 et
633 4808 945 4867 .temporum
975 4798 1163 4867 injuria
1202 4798 1252 4850 in
1293 4796 1562 4851 codicibus
1589 4789 1860 4846 Vaticanis

260 4893 652 4959 irrep-ernnt,
692 4889 919 4942 aliorum
969 4887 1212 4942 codicum
1267 4901 1399 4956 ope,
1440 4885 1860 4954 quotiescunque

257 4978 568 5034 eumrnodo
596 4977 646 5030 id
678 4978 790 5031 fieri
818 4977 1018 5045 potuit,
1048 4977 1389 5031 detersimus.

343 5073 478 5128 145.
533 5071 760 5125 Possunt
789 5071 944 5125 etiam
987 5071 1124 5123 inter
1159 5071 1422 5122 variantes
1448 5067 1702 5121 lectiones
1742 5064 1860 5118 alia:

260 5173 384 5219 tres
405 5162 678 5218 editiones
708 5159 1067 5223 annumerari,
1100 5159 1347 5212 videlicet
1373 5173 1502 5224 quas
1534 5155 1727 5224 Georg.
1759 5154 1857 5208 Fa-

261 5255 506 5317 bricius,
539 5251 797 5305 Weitzius
823 5260 878 5304 et
907 5249 1127 5303 Rivinus
1154 5249 1504 5303 adornarunt.
1537 5245 1734 5299 Verum
1773 5259 1859 5298 sa-

262 5347 386 5401 tius
411 5344 544 5398 duxi
575 5342 640 5396 ad
659 5396 662 5399 _
684 5351 836 5397 notas
866 5356 985 5409 quas
1013 5341 1337 5394 variantibus
1364 5328 1694 5392 lectionibus
1726 5337 1859 5392 sub-

261 5440 563 5509 jiciuntur,
616 5437 806 5490 borum
861 5433 1124 5490 editorum
1178 5433 1514 5499 conjecturas
1564 5429 1789 5499 rejicere
1845 5447 1858 5480 :

262 5529 644 5598 conjecturas.
676 5528 889 5596 inquam
915 5540 930 5578 :
961 5539 1080 5578 cum
1108 5524 1248 5578 enim
1277 5522 1350 5576 illi
1381 5521 1582 5576 nullum
1616 5521 1859 5575 codicem

264 5634 454 5675 manu
488 5629 764 5672 exaratum
796 5632 903 5684 pra:
931 5613 1100 5670 oculis
1129 5611 1435 5676 habuerint.
1477 5611 1565 5666 ubi
1591 5625 1622 5665 a
1663 5611 1861 5666 veteri-

265 5712 380 5768 bus
431 5710 750 5766 editiouibus
790 5709 1117 5778 discrepant,
1164 5705 1214 5761 id
1257 5714 1461 5761 tantum
1515 5701 1855 5773 conjicienda

1967 4625 2107 4670 tasse
2135 4626 2523 4686 qutererentur,
2566 4616 2610 4669 si
2655 4623 2762 4669 tam
2791 4615 2975 4669 infami
3020 4627 3192 4671 morte
3224 4632 3326 4671 non
3369 4616 3537 4672 obiis-

1964 4717 2066 4774 set,
2113 4709 2165 4762 in
2210 4722 2308 4761 suo
2355 4716 2598 4776 poemate
2643 4707 2710 4761 de
2756 4707 3159 4763 ln'imnrtalitate
3205 4710 3395 4762 anima:
3439 4709 3538 4762 hoc

1965 4801 2122 4854 etiam
2153 4800 2280 4853 vitio
2309 4798 2602 4853 delectatus
2626 4807 2728 4863 est,
2753 4808 2809 4852 ut
2834 4799 3092 4867 quosdam
3116 4814 3304 4854 versus
3334 4809 3422 4853 tan
3449 4815 3536 4853 um

1969 4889 2247 4944 inchoatas
2286 4887 2534 4953 ediderit,
2575 4887 2796 4955 perinde
2834 4889 2984 4956 quasi
3034 4888 3166 4942 nihil
3207 4889 3258 4941 in
3306 4899 3536 4941 mentem

1969 4981 2149 5034 venire
2177 4979 2437 5050 potuisset
2458 4980 2597 5048 quod
2628 4979 3038 5048 praecedentium
3069 4980 3536 5048 consequentium-

1965 5086 2068 5141 que
2092 5070 2428 5140 majestatem
2457 5081 2781 5141 exaequaret.
2807 5071 3225 5128 Prmtermissum
3251 5072 3350 5124 huc
3379 5079 3536 5139 caput

1965 5173 2049 5216 est
2077 5176 2107 5214 a
2130 5160 2212 5215 Jo.
2247 5161 2441 5215 Burch.
2475 5161 2788 5218 Menckenio
2816 5162 2869 5218 in
2899 5177 2998 5219 suo
3026 5163 3206 5218 libello
3234 5160 3300 5215 de
3321 5161 3536 5216 Cbarla-

1967 5253 2164 5306 taneria
2196 5251 2548 5306 eruditorum.

2045 5345 2161 5400 I47.
2193 5345 2433 5422 Aliorum
2458 5348 2688 5415 plurium
2715 5348 2802 5415 qui
2830 5357 3064 5402 veterum
3095 5345 3293 5413 scripta
3326 5357 3537 5399 emacu-

1969 5435 2144 5490 larunt
2173 5436 2430 5492 industria
2474 5453 2504 5490 a
2550 5438 2817 5506 plerisque
2847 5435 3054 5490 laudata
3092 5445 3193 5490 est.
3240 5435 3448 5500 Cicero,
3492 5438 3537 5492 si

1969 5526 2103 5581 fides
2168 5525 2406 5582 habenda
2465 5527 2536 5582 sit
2592 5526 2854 5582 Chronico
2905 5525 3238 5592 Euscbiano,
3309 5527 3538 5584 Lucretii

1970 5633 2158 5686 poema
2197 5620 2519 5674 emendavit.
2549 5619 2866 5684 Aristarchi,
2899 5620 3152 5692 Leogora:
3195 5623 3538 5696 Syracusani,

1970 5717 2023 5763 et
2062 5709 2317 5766 Zenodoti
2352 5709 2590 5779 Ephesii,
2623 5709 2712 5780 qui
2755 5725 2971 5782 operam
3001 5727 3154 5770 suam
3200 5717 3250 5772 in
3296 5718 3538 5774 versibus
