4030 6170
533 252 638 308 (ἱῖῦ

1942 243 2386 302 υιιλεοιιτιυδ.

3673 253 3773 306 676

533 384 747 442 llomeri
798 385 1128 455 corrigendis
1167 384 1521 448 collocarunt,
1576 381 1820 436 meminit
1873 379 2098 434 lsidoru

2211 366 2339 423 uas,
2367 356 2454 412 ubi
2487 358 2650 415 multa
2679 359 2780 414 alia
2811 358 2865 412 in
2892 357 3137 413 eamdem
3177 358 3498 413 sententiam
3529 359 3772 430 disputat.

533 475 625 532 lib.
674 493 690 531 I
731 475 903 545 Orig.,
957 490 1078 545 cap.
1129 475 1220 530 21.
1263 473 1304 528 Ε
1355 473 1741 528 recentioribus
1793 470 2107 526 Franciscns

531 569 776 622 Namsins
822 567 1227 621 contmendatur
1260 579 1290 618 a
1332 564 1515 634 Lipsio
1553 572 1698 619 cent.
1739 561 1795 630 Ω,
1826 562 1982 631 epist.
2017 560 2106 624 60,

529 657 669 726 quod
700 656 944 710 Nonnum
981 654 1420 724 PanOpolitanum
1451 669 1481 707 a
1529 652 1742 707 mendis
1771 647 2104 720 purgaverit.

532 749 753 816 Propius
791 749 856 800 ad
908 761 1021 802 rem
1068 757 1306 801 nostram
1354 746 1585 815 pertinet
1613 743 1754 815 quod
1784 742 1837 796 in
1877 741 2108 810 Corippo

530 844 732 908 Azagra
759 838 1001 905 quaedam
1044 838 1160 892 loca
1205 839 1356 906 plane
1391 846 1640 904 corrupta
1671 850 1736 890 ex
1766 834 1983 904 ingenio
2019 848 2108 889 re-

528 930 720 993 stituit,
755 930 1067 984 Demsterus
1109 931 1322 982 lacunas
1363 927 1650 995 supplevit,
1681 939 1936 994 suamque
1970 925 2108 978 hanc

528 1020 722 1089 agendi
749 1021 1009 1074 rationem
1039 1028 1236 1083 tuetur,
1262 1033 1324 1072 ac
1346 1024 1614 1085 postremo
1637 1013 1918 1084 Fogginius
1941 1027 2107 1068 novas

533 1113 870 1180 conjecturas
891 1099 1370 1176 castigationesque
1391 1106 1657 1176 apposuit.
1682 1105 1901 1160 Joannis
1921 1104 2108 1158 Frein-

530 1201 721 1255 shemii
751 1210 872 1254 nota
904 1211 1028 1254 sunt
1053 1197 1426 1268 supplementa
1447 1196 1515 1251 ad
1543 1196 1806 1260 Tacitum,
1840 1193 2104 1261 Curtium,

530 1304 584 1346 ct
629 1291 860 1346 Livium.
903 1290 960 1344 lu
1010 1289 1375 1344 Miseellaneis
1416 1288 1680 1359 Lipsiens.
1722 1297 1852 1342 tom.
1889 1287 1928 1351 Ι,
1975 1295 2102 1340 ann.

535 1381 698 1445 1716,
732 1382 988 1434 insertum
1034 1385 1119 1434 est
1153 1381 1578 1448 supplementum
1620 1379 1914 1434 fabularum
1956 1377 2107 1430 Phae-

531 1470 635 1536 dri,
677 1481 894 1525 anetore
941 1469 1010 1524 bl.
1059 1468 1446 1538 ChristOpltoro
1487 1469 1742 1538 lianptio.
1793 1466 2106 1537 “ejusmodi

539 1563 692 1632 111
719 1563 1042 1628 conjectum
1071 1569 1124 1614 et
1144 1557 1544 1614 emendationes
1573 1558 1624 1613 in
1656 1557 1738 1612 his
1758 1557 2110 1626 scriptoribus

2210 451 2286 505 Ex
2322 449 2434 518 ipsa
2476 449 2610 504 adeo
2652 449 2732 504 ira
2773 450 3112 503 occasionem
3139 447 3416 503 laudandi:
3449 451 3656 517 pietatis
3685 468 3767 508 su:

2209 539 2324 604 mit,
2355 551 2411 594 ut
2435 540 2525 594 lib.
2560 555 2597 604 ι,
2623 555 2767 595 vers.
2801 539 2937 594 556:

2333 633 2505 694 Magna
2529 631 2619 682 Dei
2646 633 2820 695 pietas,
2854 645 3051 696 semper
3071 635 3156 696 qui
3180 641 3424 696 temperat
3449 635 3563 682 iras.

2209 715 2274 770 Et
2304 715 2356 769 in
2387 714 2492 770 fine
2520 714 2612 769 lib.
2644 729 2722 780 nt,
2754 729 2890 770 vers.
2927 715 3070 770 658:

2329 805 2466 862 Ouod
2493 805 2630 853 vivus
2654 818 2781 864 sum,
2802 807 2971 866 mortis
2988 806 3129 866 inops
3152 808 3333 864 pietate
3354 818 3602 864 resnrvor,

2329 866 2433 926 Non
2457 867 2558 921 ira;
2601 878 2707 913 nam
2740 869 2779 912 si
2817 865 3005 913 Domini
3039 865 3199 926 gravis
3223 868 3290 913 ira
3322 866 3512 921 fuisstit,

2330 925 2434 976 Non
2459 941 2537 976 me
2557 928 2801 985 diti’erres,
2826 927 2985 974 subita
3011 925 3096 974 sed
3127 937 3285 976 morte
3322 941 3547 986 necares,

2327 990 2403 1053 Ne
2425 999 2650 1050 peterem
2671 991 2880 1045 veniam,
2905 1002 3047 1048 quam
3074 1001 3336 1047 nunquam,
3363 998 3550 1043 sancte.
3571 991 3775 1053 negasti,

2333 1052 2430 1099 Aut
2453 1059 2504 1098 ut
2532 1063 2624 1098 non
2653 1063 2815 1096 essent
2835 1061 3051 1111 prorsus,
3072 1053 3148 1098 cui
3179 1063 3382 1108 parcere
3411 1063 3599 1111 posses.

2329 1113 2586 1160 Servatum
2605 1123 2838 1172 reparare,
2859 1109 2976 1169 iube
2996 1117 3181 1171 pietate
3199 1121 3360 1172 sueta,

2331 1172 2394 1224 Ut
2419 1185 2614 1222 merear
2633 1169 2830 1222 cantare
2849 1181 2955 1221 tuas
2977 1169 3066 1233 per
3081 1173 3300 1220 carmina
3325 1169 3514 1220 laudes.

2212 1254 2377 1310 Venio
2425 1269 2566 1309 nunc
2617 1254 2684 1308 ad
2739 1253 2980 1323 singulos
3031 1252 3198 1307 libros
3252 1253 3560 1308 summatim
3614 1253 3774 1328 explis

2207 1344 2430 1402 candos.

2681 1434 3010 1492 SYNOPSIS
3049 1435 3229 1490 LIBRI
3266 1434 3309 1490 l.

2279 1549 2403 1606 N9.
2426 1548 2535 1604 Res
2561 1562 2751 1604 omnes
2785 1557 2982 1602 creatae
3011 1546 3177 1603 Deum
3209 1556 3524 1617 agnoscunt,
3565 1547 3774 1605 laudant

529 1653 706 1706 solent
735 1663 858 1705 esse
896 1649 1061 1718 magis
1093 1648 1434 1714 necessariae,
1463 1662 1692 1718 quorum
1723 1660 1884 1716 opera
1917 1648 1968 1700 in
1998 1657 2106 1700 uno
2136 1709 2174 1718 _
2204 1648 2263 1696 et
2287 1637 2604 1710 pradicant.
2637 1639 2678 1691 Δ
2710 1637 2818 1692 Deo
2849 1647 2972 1692 sunt
2999 1638 3176 1692 omnia
3207 1652 3326 1705 qua:
3351 1637 3623 1703 accidunt,
3665 1653 3774 1706 pro-

533 1751 735 1796 tantmn
770 1741 956 1794 codice
981 1709 1086 1792 ius.
1118 1751 1329 1808 reperta
1356 1709 1500 1805 sunt,
1533 1738 1700 1792 autin
1726 1709 1964 1806 pluribus
1987 1737 2103 1804 qui-
2136 1709 2179 1769 Β
2207 1709 2363 1799 spora
2410 1731 2753 1796 et'adversa;
2785 1735 3091 1797 peccatores
3120 1739 3296 1781 tamen
3330 1742 3434 1780 non
3477 1727 3666 1782 subito
3692 1743 3774 1794 pll-

529 1833 650 1887 dcm
680 1833 974 1896 codicibus,
993 1831 1086 1884 sed
1115 1831 1206 1898 qui
1231 1845 1419 1885 omnes
1447 1843 1513 1885 ex
1542 1845 1649 1884 uno
1677 1828 1975 1896 exemplari
2005 1828 2102 1882 de-

528 1924 715 1990 scripti
756 1925 898 1978 sint:
934 1931 991 1976 ut
1031 1921 1085 1976 in
1128 1920 1334 1975 Velleio
1374 1920 1682 1984 Paterculo,
1715 1934 1872 1988 quem
1919 1919 2105 1973 beatus

532 2012 821 2068 Rhenanus
855 2025 921 2065 ex
950 2027 1054 2066 uno
1081 2009 1380 2078 exemplari
1409 2009 1619 2074 mutilo,
1659 2008 1957 2078 prodigiose
1983 2021 2107 2062 cor-

532 2113 690 2172 rupto
715 2112 768 2157 et
791 2101 1085 2158 foedissime
1114 2103 1422 2170 depravato,
1448 2101 1650 2170 primus
1687 2098 1942 2168 vulgavit,
1970 2107 2026 2153 et
2052 2098 2106 2152 in

530 2192 758 2258 Catullo,
790 2192 942 2261 cujus
971 2192 1122 2247 multi
1148 2201 1272 2246 sunt
1297 2191 1513 2247 codices
1549 2204 1707 2258 mss.,
1735 2189 1828 2243 sed
1858 2202 2047 2243 omnes
2076 2203 2106 2241 a

531 2283 760 2351 quodam
805 2282 1096 2351 exemplari
1139 2281 1194 2335 in
1225 2281 1409 2351 Galliis
1437 2290 1648 2349 reperto
1680 2279 1975 2347 prOpagati.
2011 2275 2107 2332 Ve-

533 2387 652 2428 rum
680 2373 749 2428 de
792 2373 858 2429 iis
898 2387 1054 2428 suum
1097 2373 1291 2442 cuique
1313 2371 1590 2441 judicium.
1623 2370 1750 2424 Mihi
1784 2370 1917 2425 satis
1945 2369 2108 2424 fuerit

531 2465 721 2518 iterum
754 2463 1024 2518 monuisse
1067 2464 1443 2532 supplementa
1479 2462 1547 2516 ita
1577 2460 1898 2530 dispositum
1933 2459 2020 2525 iri,
2050 2468 2107 2512 ut

530 2568 687 2610 nemo
713 2553 892 2610 fucum
915 2554 1016 2609 sibi
1047 2552 1241 2608 factum
1263 2553 1384 2622 jure
1406 2552 1559 2622 queri
1583 2553 1770 2623 possit.

1107 2683 1335 2740 CAPUT
1374 2682 1518 2740 XVI.

614 2786 977 2868 Argumentum
1006 2807 1052 2852 et
1081 2799 1313 2868 synOpsis
1340 2797 1493 2850 trium
1518 2795 1761 2850 librorum
1786 2796 1848 2850 de
1873 2795 2001 2851 Deo.

595 2909 720 2966 N8.
751 2909 834 2963 Ad
859 2909 951 2964 Dei
982 2907 1164 2964 laudes
1184 2907 1575 2964 admirabilium
1595 2908 1711 2978 ejus
1730 2922 1952 2978 operum
1975 2923 2105 2964 cono

524 2999 868 3068 temptatione
894 2997 1194 3053 subvehere
1223 2998 1590 3063 Dracontium,
1618 3007 1762 3054 recte
1791 3002 2096 3068 pronuntia-

2207 1823 2304 1882 nit.
2337 1821 2432 1878 sed
2463 1824 2724 1892 portentis
2749 1828 3065 1890 praemonet,
3091 1823 3149 1872 nt
3180 1819 3386 1872 veniam
3416 1827 3620 1887 petant.
3661 1820 3773 1874 Pro-

2205 1915 2444 1984 gnostica
2477 1914 2626 1983 plura
2659 1912 3031 1968 describuntur
3057 1911 3248 1978 quibus
3277 1909 3438 1964 homo
3459 1911 3578 1964 laeta
3605 1923 3667 1966 et
3692 1913 3773 1964 ινξ-

2205 2007 2303 2060 stia
2333 2004 2637 2073 pramoscit.
2681 2003 2824 2058 Deus
2854 1988 2985 2056 dum
3030 2009 3216 2068 terret,
3254 2011 3416 2066 amat,
3461 2002 3773 2071 veniamque

2205 2096 2414 2165 roganti
2438 2111 2542 2150 non
2569 2095 2816 2164 denegat,
2842 2108 2940 2148 nec
2962 2092 3063 2148 nisi
3085 2100 3488 2162 perseverantes
3515 2092 3568 2147 in
3595 2095 3774 2148 crinii.

2208 2190 2363 2244 nibus
2406 2186 2665 2257 supplicio
2691 2185 2876 2240 allicit.
2922 2185 3062 2239 Deus
3101 2184 3297 2254 quippe
3328 2185 3439 2241 vult
3465 2199 3665 2242 omnes
3690 2185 3774 2240 bo-

2209 2284 2379 2338 niines
2409 2284 2634 2338 salutem
2663 2293 2913 2336 aeternam
2957 2281 3211 2350 consequi
3236 2295 3252 2346 ;
3295 2281 3456 2350 idque
3481 2282 3774 2337 ostenditur

2206 2393 2268 2432 et
2303 2387 2380 2430 tot
2415 2377 2576 2431 rebus
2620 2385 2840 2445 prepter
2878 2374 3121 2450 homines
3155 2375 3369 2429 creatis.
3414 2374 3594 2430 Prima
3635 2377 3772 2430 enim

2203 2466 2293 2521 die
2323 2467 2409 2520 lux
2441 2475 2621 2520 creata
2648 2475 2752 2528 est,
2781 2481 2847 2520 ex
2889 2478 2992 2535 qua
3023 2464 3250 2532 plurima
3287 2464 3487 2521 homini
3518 2465 3771 2520 beneﬁcia

2207 2557 2542 2625 proveniunt.
2574 2555 2755 2609 Altera
2785 2553 2871 2609 dio
2913 2554 3130 2621 cmlum,
3162 2554 3316 2623 ignis,
3344 2564 3397 2608 et
3425 2567 3560 2622 aqua
3589 2571 3769 2612 creati.

2205 2657 2320 2713 tur;
2374 2647 2529 2702 tertia
2571 2645 2658 2701 die
2705 2661 2874 2712 mare,
2930 2655 3092 2711 terra,
3143 2646 3337 2714 herba,
3384 2648 3629 2714 arbores,
3680 2649 3770 2702 tio.

2205 2751 2309 2800 res,
2350 2737 2634 2806 pigmenta.
2671 2736 2904 2791 Paradisi
2931 2738 3199 2792 terrestris
3227 2737 3539 2806 descriptio.
3573 2739 3767 2805 Quarta

2211 2829 2363 2900 113
2394 2829 2482 2883 die
2526 2828 2719 2883 crelum
2769 2828 2901 2892 sole,
2928 2825 3054 2882 luna
3101 2837 3156 2882 et
3200 2828 3466 2884 sideribus
3504 2840 3765 2893 ornatur:

2202 2933 2322 2987 quae
2349 2917 2526 2971 omnia
2556 2917 2752 2971 lumina
2793 2917 2904 2972 Deo
2941 2916 3198 2972 obediunt
3227 2927 3281 2972 et
3321 2918 3631 2973 hominibus
3661 2935 3768 2975 ser.

2201 3007 2372 3063 viunt.
2414 3007 2607 3074 Quin-ta
2646 3007 2733 3062 die
2766 3007 2936 3076 pisces
2967 3009 3017 3060 in
3047 3008 3201 3076 aquis
3244 3009 3634 3076 producuntur,
3669 3012 3764 3065 cibi

521 3091 599 3144 vit
622 3060 955 3144 Sirmondus.
987 3089 1051 3142 Et
1087 3088 1140 3142 id
1170 3102 1299 3143 sane
1333 3097 1514 3156 posset
1538 3060 1694 3142 statui
1725 3060 2094 3159 argumentum
2123 3060 2169 3126 Ο
2198 3060 2725 3163 ιῶίηίιῖυζτυιυέ-ίζ
2744 3060 3295 3168 (grex—eisdem

521 3180 775 3236 carminis
805 3179 872 3234 de
905 3181 1035 3244 Deo,
1067 3195 1172 3233 non
1216 3179 1480 3235 dissimile
1510 3180 1662 3234 titulo
1690 3180 1890 3250 egregii
1929 3181 2095 3236 libelli

518 3269 804 3325 cardinalis
833 3269 1140 3324 Bcllarmini
1163 3269 1250 3341 qui
1282 3269 1592 3324 inscribitur
1616 3272 1870 3325 Ascensio
1899 3270 2094 3326 mentis

519 3361 586 3415 ad
617 3360 806 3416 Deum.
848 3359 958 3414 Hoc
986 3361 1160 3429 ipsum
1205 3360 1380 3414 innuit
1427 3360 1705 3429 inscriptio
1749 3360 2003 3416 carminis
2038 3360 2092 3417 in

518 3449 702 3504 codice
733 3447 988 3504 Vaticano
1027 3450 1089 3503 de
1119 3448 1248 3503 Deo.
1279 3448 1609 3517 Explicatius
1650 3464 1776 3503 vero
1801 3462 2090 3518 argumen-

518 3552 628 3596 tum
680 3537 942 3609 poematis
985 3539 1252 3594 Dracontii
1294 3538 1697 3609 comprehendit
1732 3540 2089 3610 cognitionem

517 3638 572 3686 et
599 3629 781 3684 laudes
812 3629 903 3685 Dei
945 3645 1011 3684 ex
1043 3633 1156 3698 ejus
1177 3630 1425 3699 cperibus
1449 3629 1829 3686 misericordia:
1855 3642 1910 3687 et
1934 3631 2092 3701 justi-

520 3720 628 3786 tiaa,
657 3719 750 3776 sed
784 3721 1047 3790 praecipue
1071 3720 1470 3788 misericordiae,
1503 3721 1825 3788 clementiae,
1855 3732 1947 3776 aut
1976 3725 2089 3792 pie-

515 3811 640 3866 tatis
677 3827 802 3882 erga
848 3811 1110 3877 homines,
1165 3826 1282 3881 quae
1325 3811 1378 3866 in
1427 3822 1539 3867 toto
1583 3812 1818 3868 carmine
1858 3813 2088 3868 maxime

515 3901 724 3958 emicat.
754 3907 793 3956 Α
823 3902 993 3972 primo
1021 3917 1178 3956 versu
1205 3903 1282 3956 sic
1311 3902 1518 3957 or'ditnr
1556 3903 1876 3958 Dracontius
1901 3920 1916 3957 :

634 3993 728 4059 Qui
753 3993 954 4052 cupiunt
971 3993 1144 4041 animis
1167 3991 1402 4059 placidum
1427 3995 1611 4059 rescire
1637 3993 1932 4059 Tonantem,

633 4053 737 4102 Hoc
758 4063 954 4103 carmen
980 4065 1076 4116 pra;
1098 4060 1266 4102 mente
1283 4053 1466 4114 legant,
1485 4057 1575 4103 ctc.

514 4135 772 4203 Perquam
818 4134 1081 4188 familiare
1111 4133 1186 4188 illi
1230 4145 1310 4189 ρει
1349 4134 1665 4190 vocabulum
1712 4136 1946 4206 placidus
1989 4154 2086 4206 pro

513 4224 650 4288 miti,
691 4223 963 4287 clementi,
995 4223 1113 4292 pio;
1155 4223 1282 4293 quin
1321 4225 1482 4280 etiam
1514 4223 1884 4283 definitionem
1927 4227 2085 4298 hujus

513 4312 742 4368 nominis
769 4313 1163 4383 quodammodo
1190 4315 1303 4384 ip’se
1325 4328 1421 4370 nos
1441 4315 1622 4372 docuit
1643 4316 1700 4372 in
1720 4317 1906 4391 Elegia
1938 4335 2078 4379 vers.
2115 4343 2128 4359 -

2111 4422 2161 4484 D

514 4405 613 4460 287
641 4413 695 4460 et
722 4419 872 4474 seqq.
899 4420 914 4459 :

633 4497 685 4546 Si
701 4510 798 4559 non
824 4498 1013 4546 humani
1049 4499 1251 4558 generis
1273 4505 1473 4559 peccata
1501 4497 1725 4558 fuissent,

698 4557 837 4621 Unde
873 4559 1000 4621 pium
1025 4557 1200 4608 nomen
1223 4557 1388 4621 posset
1407 4561 1594 4612 habere
1618 4557 1782 4612 Dens?

634 4621 734 4688 Sed
758 4620 870 4688 quia
900 4620 982 4688 dat
1001 4622 1190 4669 veniam
1214 4620 1402 4688 pupulis
1427 4631 1621 4688 peccata
1645 4625 1893 4688 relaxans,

692 4680 791 4729 Per
814 4683 1009 4742 pLetatis
1027 4693 1148 4743 Opus
1171 4680 1345 4732 nomen
1370 4680 1516 4732 habet
1540 4683 1793 4745 placidum.

515 4785 672 4860 112
707 4783 857 4852 Quod
887 4793 1066 4838 autem
1095 4800 1257 4853 opera
1297 4786 1456 4841 etiam
1483 4786 1703 4856 justitia:
1733 4789 1926 4846 divina:
1950 4791 2075 4848 velit

511 4876 827 4931 Dracontius
861 4888 1306 4942 commemorare,
1337 4890 1406 4930 ex
1453 4878 1713 4946 prooemio
1743 4879 1839 4936 lib.
1875 4897 1915 4949 ι,
1936 4896 2078 4938 vers.

515 4967 582 5024 10
605 4975 659 5024 et
683 4980 859 5036 seqq.,
891 4965 1156 5034 colligitur
1188 4982 1203 5020 :

693 5053 798 5121 ῌοο
821 5059 938 5120 agit,
966 5059 1264 5121 etgseqnitur
1288 5061 1430 5108 variis
1454 5061 1544 5110 sub
1561 5061 1752 5110 casibus
1779 5064 1894 5121 iras,

692 5118 756 5184 Et
778 5115 986 5184 pia'vota
1009 5115 1097 5168 Dei
1115 5115 1306 5169 miseris
1329 5121 1458 5180 hinc,
1485 5122 1598 5170 inde
1625 5125 1797 5180 beatis,
1884 5115 1928 5184 ’κ

696 5180 791 5230 Pro
823 5182 1012 5231 meritis
1034 5193 1240 5245 morum,
1267 5195 1355 5244 pro
1390 5191 1526 5232 certo
1543 5187 1737 5234 tramite
1764 5186 1894 5233 vitae.

506 5284 777 5342 Justitiam
815 5298 942 5339 vero
977 5281 1218 5353 iramque
1249 5283 1342 5340 Dei
1379 5284 1450 5340 ita
1491 5284 1808 5360 Dracontius
1840 5286 2077 5354 exponit,

507 5383 568 5428 ut
610 5386 828 5441 semper
860 5388 970 5442 pra:
1017 5373 1186 5430 oculis
1234 5373 1478 5431 habuerit
1517 5373 1658 5445 quod
1701 5374 1770 5431 de
1813 5375 1922 5430 Deo
1964 5375 2079 5444 ipse

506 5464 650 5522 dixit
678 5463 769 5518 lib.
804 5479 844 5531 ι,
867 5478 1010 5520 vers.
1041 5465 1179 5520 θοις

634 5553 696 5604 Et
715 5553 842 5602 nulla
865 5555 1047 5605 virtute
1067 5554 1241 5615 minor,
1259 5556 1351 5604 nisi
1376 5555 1593 5606 verberis
1621 5565 1710 5604 ira.

513 5628 583 5691 Et
621 5633 816 5688 clarius
844 5634 933 5689 lib.
969 5649 1026 5702 ιι,
1071 5649 1212 5691 vers.
1247 5635 1372 5704 695,
1405 5635 1533 5691 Plus
1583 5637 1697 5708 pius
1731 5653 1782 5691 es
1811 5651 1960 5707 quam
1984 5642 2073 5708 ju—

2195 3191 2358 3244 Sexta
2391 3188 2481 3243 die
2517 3188 2805 3242 animantia
2832 3189 3106 3246 terrestria
3145 3200 3398 3244 creantur
3422 3231 3435 3252 ,
3473 3201 3529 3246 et
3560 3193 3764 3248 δῖνα-τω

2193 3280 2423 3335 diversis
2451 3280 2610 3334 terris
2636 3279 2977 3344 addicuntur,
3006 3289 3064 3335 ut
3092 3296 3310 3334 munera
3341 3282 3445 3340 alia
3466 3298 3561 3352 per
3579 3284 3760 3339 orbem

2192 3368 2430 3437 dispersa
2461 3379 2604 3429 sunt.
2638 3369 2733 3423 His
2756 3369 3006 3424 omnibus
3039 3381 3095 3423 ut
3122 3370 3512 3436 dominaretur,
3554 3387 3761 3428 crea'tts

2192 3469 2276 3516 est
2303 3458 2462 3516 homo
2496 3459 2563 3515 ad
2588 3459 2679 3516 Dei
2709 3460 3030 3530 imaginem;
3062 3460 3151 3530 qui
3185 3475 3250 3515 ne
3269 3470 3416 3516 esset
3434 3462 3614 3528 solus,
3645 3481 3760 3533 ριΓο

2193 3552 2364 3622 ticeps
2407 3553 2620 3621 generis
2643 3553 2766 3607 data
2800 3551 2878 3608 illi
2922 3563 3006 3608 est
3035 3569 3188 3618 uxor,
3222 3569 3287 3608 ex
3316 3555 3430 3623 ejus
3475 3569 3623 3610 costa
3658 3560 3761 3610 fur-

2193 3653 2354 3707 mata,
2381 3653 2437 3697 ut
2463 3659 2615 3698 amor
2645 3654 2860 3699 mutuus
2892 3657 3081 3699 eorum
3111 3646 3382 3714 perfectus
3410 3658 3575 3703 esset.
3607 3649 3761 3704 Arbi-

2192 3734 2296 3789 trio
2324 3733 2484 3804 igitur
2511 3748 2697 3790 eorum
2737 3737 2877 3790 Deus
2905 3737 3083 3790 omnia
3121 3746 3300 3790 creata
3334 3739 3636 3804 commisit,
3670 3755 3759 3793 ne-

2190 3827 2500 3898 gotiumque
2551 3826 2655 3882 illis
2711 3826 2858 3882 dedit
2893 3836 2951 3882 ut
2989 3829 3355 3898 prepagationi
3402 3832 3620 3900 generis
3649 3843 3759 3888 stu-

2191 3917 2398 3974 derent.
2454 3918 2590 3973 Cum
2647 3919 2881 3986 paradisi
2923 3919 3136 3976 deliciis
3166 3920 3503 3988 fruerentur,
3536 3937 3757 3993 serpens

2191 4009 2442 4066 feminam
2470 4009 2776 4079 decepit,ut
2803 4010 3030 4067 fructum
3053 4027 3121 4068 ex
3147 4013 3341 4069 arbore
3370 4029 3485 4084 quae
3507 4029 3611 4069 una
3643 4025 3758 4070 tan-

2193 4113 2302 4158 tum
2343 4102 2608 4170 prohibita
2663 4103 2867 4170 fuerat,
2898 4105 3228 4161 comederet.
3270 4106 3490 4162 Femina
3536 4107 3753 4177 decepta

2191 4193 2362 4247 virum
2402 4193 2641 4263 decepit;
2696 4193 2788 4264 qui
2841 4203 2952 4248 tum
2983 4196 3198 4251 demum
3229 4197 3434 4266 pudore
3461 4199 3647 4253 sutfnsi
3679 4201 3756 4252 fu.-

2189 4297 2316 4354 gere
2341 4292 2638 4353 crepet-unt,
2670 4284 2822 4354 quasi
2854 4285 3020 4340 Deum
3044 4286 3412 4357 increpantem
3441 4290 3608 4343 latere
3637 4303 3751 4358 pos-

2190 4385 2329 4428 sent.
2358 4373 2461 4430 Sed
2481 4387 2605 4428 cum
2635 4372 2880 4428 homines
2911 4383 2992 4430 tot
3022 4375 3250 4431 habeant
3276 4378 3427 4446 signa
3451 4377 3644 4448 quibus
3669 4392 3753 4432 res

2185 4465 2426 4520 occultas
2473 4465 2610 4518 seire
2645 4464 2890 4533 valeant,
2919 4465 3034 4534 quo
3085 4477 3240 4536 pacto
3295 4467 3457 4536 primi
3507 4481 3752 4538 parentes

2184 4553 2388 4608 crimen
2429 4567 2602 4614 suum,
2634 4567 2698 4608 ac
2723 4554 2931 4622 seipsos
2964 4554 3074 4609 Deo
3095 4557 3372 4612 occultare
3413 4560 3704 4626 potuissent
3728 4559 3753 4610 τ

2187 4642 2314 4697 Post
2353 4642 2746 4698 confessionem
2805 4645 2962 4714 igitur
3007 4646 3149 4701 Deus
3191 4649 3515 4704 sententiam
3562 4649 3790 4717 pietate

2187 4741 2532 4800 temperatam
2570 4735 2708 4801 tulit,
2751 4751 2855 4805 qua
2897 4752 3042 4792 mors
3069 4740 3183 4806 ipsa
3217 4754 3314 4808 pro
3348 4756 3504 4808 pretia
3549 4742 3747 4796 inflicta

2188 4822 2295 4878 illis
2322 4829 2432 4890 est,
2466 4824 2728 4893 simulque
2759 4842 2856 4895 pro
2896 4843 3065 4895 pmme
3093 4829 3322 4898 quodam
3355 4832 3649 4898 levantine,
3679 4847 3748 4886 ne

2185 4913 2428 4968 homines
2475 4915 2526 4968 in
2559 4917 2810 4970 airnmnis
2839 4917 2997 4985 hujus
3043 4919 3168 4974 vitm
3198 4928 3458 4990 perpetuo
3487 4923 3745 4978 viverent.

2183 5002 2383 5058 Humor
2409 5015 2585 5058 autem
2617 5004 2759 5061 Dens
2779 5008 2960 5074 cperis
2988 5007 3071 5062 sui
3103 5011 3174 5063 ita
3205 5011 3409 5078 primos
3439 5025 3680 5080 parentes
3710 5028 3742 5066 e

2184 5093 2430 5165 paradiso
2457 5095 2632 5164 ejecit,
2666 5104 2726 5151 ut
2745 5097 3046 5153 dominium
3066 5100 3215 5155 orbis
3248 5117 3538 5172 rerumque
3557 5118 3668 5174 qua:
3691 5104 3744 5156 in

2181 5185 2313 5241 orbe
2355 5193 2506 5249 sunt,
2555 5184 2664 5242 illis
2715 5189 3081 5255 concesserit,
3111 5188 3458 5260 decrevitque
3484 5202 3545 5248 ut
3573 5192 3740 5248 omnia

2181 5275 2371 5331 ordino
2395 5289 2494 5330 suo
2519 5284 2574 5330 et
2600 5276 2866 5331 constanti
2896 5277 3012 5347 lege
3049 5279 3402 5348 procederent
3419 5321 3433 5345 ,
3464 5291 3624 5352 atque
3641 5281 3738 5334 alia

2183 5371 2298 5425 aliis
2317 5370 2694 5436 succederent,
2723 5378 2784 5425 nt
2817 5370 3018 5427 homini
3059 5374 3254 5443 primo,
3281 5384 3337 5430 et
3363 5377 3454 5446 qui
3478 5391 3547 5432 ex
3573 5377 3737 5446 primo

2185 5461 2400 5517 homine
2423 5461 2670 5516 continua
2711 5463 3052 5520 successione
3092 5468 3418 5536 propagandi
3445 5477 3598 5524 erant
3618 5466 3732 5521 sub.

2178 5551 2317 5621 jecta
2339 5561 2522 5605 essent
2546 5560 2600 5606 et
2620 5551 2896 5607 servitium
2924 5563 3260 5622 praestarent.
3285 5555 3468 5626 Neque
3496 5558 3550 5612 id
3571 5557 3730 5611 Solum

2187 5643 2324 5701 Deus
2352 5642 2590 5700 clemens
2613 5643 2840 5714 providit
2865 5684 2879 5710 ,
2927 5654 2983 5703 ut
3015 5647 3319 5706 hominibus
3347 5647 3609 5707 defunctis
3638 5646 3726 5704 alii
