4030 6170
264 318 368 375 1577

1628 306 2123 364 PROLEGOMENA
2137 349 2150 363 .

3389 314 3493 373 678

270 436 436 490 denuo
479 430 585 483 nati
635 428 1003 493 succederent,
1057 443 1242 483 verum
1295 435 1456 481 etiam
1481 465 1496 490 ,
1550 434 1609 479 ut
1644 424 1683 478 ii
1726 421 1814 492 qui
1841 421 1892 481 Α
1922 422 2153 488 bonitas,
2188 426 2423 494 largitas,
2451 427 2738 484 liberalitas
2767 428 2818 483 in
2842 438 3052 483 annOna
3083 428 3493 483 subministran-

276 521 449 579 mortui
476 530 621 585 sunt,
655 522 775 574 vitae
806 529 925 588 post
954 518 1120 573 multa
1150 517 1345 572 saecula
1390 515 1823 571 restituerentur.

274 620 405 671 lianc
424 612 871 668 resurrectionem
916 624 1201 679 corporum
1250 615 1439 662 natura
1472 607 1584 675 ipsa
1631 604 1822 674 prohi-

273 707 417 761 hilem
458 704 637 759 reddit
665 702 843 757 multis
886 703 1147 770 exemplis
1175 716 1351 754 rerum
1375 741 1389 762 ,
1418 716 1538 768 qua:
1568 698 1826 768 quodam-

272 796 415 850 modo
441 796 743 848 moriuntur
785 802 841 848 et
888 793 1242 847 reviviscunt.
1274 790 1440 845 Multo
1469 789 1612 843 enim
1657 788 1828 856 magis

270 899 477 952 ciirpora
511 884 782 939 hcminum
810 892 1090 950 resurgent
1119 881 1313 936 virtute
1344 880 1460 947 Dei,
1487 896 1586 947 qua
1633 886 1826 934 cuncta

269 982 431 1030 creata
458 989 578 1029 sunt
622 982 676 1027 et
718 974 921 1042 vigent,
947 988 1067 1026 cum
1110 973 1224 1041 ejus
1255 973 1538 1027 clementia
1565 985 1691 1038 erga
1723 972 1825 1024 ho-

271 1066 425 1121 mines
457 1075 597 1119 tanta
623 1066 730 1129 sit,
762 1073 958 1134 quanta
1003 1064 1161 1118 decet
1199 1066 1657 1131 Omnipotentem.
1687 1061 1825 1115 Lau-

267 1158 354 1211 des
372 1156 464 1211 Dei
494 1156 561 1209 ab
588 1155 703 1223 ejus
732 1153 938 1209 infinita
971 1154 1283 1221 majestate,
1319 1153 1553 1220 potentia
1579 1195 1595 1219 ,
1644 1152 1825 1205 scien-

268 1250 331 1302 tia
358 1263 416 1302 ac
458 1247 757 1315 praesertim
785 1245 1140 1314 benignitate.
1187 1242 1345 1314 115
1394 1240 1717 1297 Dracontius
1759 1242 1823 1299 ad

266 1340 352 1395 Dei
373 1339 560 1393 laudes
581 1337 821 1392 carmine
848 1336 1199 1391 celebrandas
1220 1335 1337 1403 ejus
1361 1348 1519 1405 opem
1548 1335 1821 1404 implorat.

716 1426 1038 1483 SYNOPSIS
1083 1426 1262 1480 LIBRI
1302 1426 1364 1479 ιι.

330 1519 450 1574 150.
490 1518 630 1573 Deus
647 1527 831 1572 auctor
873 1527 927 1574 et
976 1528 1149 1571 rector
1194 1518 1436 1571 omnium
1484 1532 1693 1571 rerum:
1734 1518 1822 1572 cui

262 1612 439 1672 Stella,
477 1608 620 1674 luna,
651 1611 754 1675 sol,
793 1610 970 1663 omnia
998 1609 1262 1663 elementa
1292 1607 1566 1662 obediunt.
1600 1608 1692 1661 Dei
1726 1609 1827 1661 im-

263 1701 534 1756 niensitas.
576 1699 657 1753 Ab
673 1698 786 1766 ejus
819 1708 945 1752 nuttt
973 1698 1153 1751 omnia
1188 1698 1442 1766 pendent,
1476 1697 1629 1766 cujus
1663 1699 1824 1750 verbo

261 1800 427 1843 creata
486 1798 632 1843 sunt.
689 1789 969 1843 Trinitatis
1022 1788 1215 1842 divina:
1272 1787 1555 1842 confessio.
1590 1787 1823 1842 Verbum
1855 1781 1901 1839 Β

262 1895 377 1934 caro
405 1880 603 1934 factum
637 1888 693 1933 ut
747 1878 989 1934 homines
1034 1878 1289 1934 salvaret.
1324 1878 1489 1933 Filius
1532 1877 1673 1932 Patri
1702 1892 1829 1932 con-

260 1972 653 2036 substantialis,
706 1970 934 2039 Spiritus
980 1978 1194 2024 sanctus
1242 1969 1380 2025 idem
1424 1968 1563 2037 quod
1594 1968 1750 2022 Pater
1775 1976 1830 2023 et

261 2064 439 2118 Filius.
466 2063 661 2117 Verum
707 2078 901 2132 corpus
940 2062 1077 2117 Deus
1105 2062 1411 2130 assumpsit.
1444 2059 1643 2117 Christi
1671 2060 1832 2113 mira-

260 2156 367 2210 cula
400 2156 721 2210 uthomines
750 2155 802 2209 in
833 2171 951 2210 eum
974 2154 1212 2210 credant.
1244 2154 1498 2224 Discipuli
1529 2155 1642 2223 ejus
1662 2156 1827 2223 gratia

261 2250 630 2302 miraculorum
689 2246 892 2300 donati.
960 2246 1244 2313 Imperium
1304 2246 1396 2301 Dei
1448 2249 1628 2300 iures
1679 2262 1830 2301 crea-

260 2348 351 2391 tas.
402 2336 685 2390 Trausitus
758 2334 1113 2389 lsraelitarum
1198 2350 1292 2403 per
1376 2350 1524 2389 mare
1572 2335 1827 2390 Rubrum.

261 2430 511 2483 Israelitis
567 2428 718 2481 cibus
774 2436 830 2481 et
885 2434 1041 2494 potus
1091 2426 1145 2480 in
1200 2427 1429 2480 desertis
1481 2425 1657 2480 divina
1729 2440 1831 2494 0pc

248 2522 678 2592 suppeditantur.
742 2520 943 2574 Rursus
996 2519 1090 2574 Dei
1146 2519 1331 2574 laudes
1386 2534 1415 2574 e
1470 2520 1626 2573 rebus
1677 2532 1832 2574 crea-

259 2617 319 2669 tis
371 2625 429 2669 et
486 2612 764 2667 concordia
816 2611 1411 2667 elcmeutorum.Deu:n
1443 2611 1616 2665 omnia
1666 2612 1835 2666 faten-

260 2718 339 2760 tur
372 2716 427 2759 et
471 2704 723 2766 laudant,
754 2703 910 2756 etiam
946 2703 1222 2770 animalia,
1249 2718 1369 2771 qua:
1410 2702 1702 2770 perniciosa
1732 2703 1831 2756 ali-

259 2799 467 2866 quando
516 2805 656 2851 su2it.
679 2794 785 2849 Cur
818 2795 1092 2849 Deushaac
1134 2796 1353 2848 creavit.
1388 2794 1623 2847 Primum
1650 2794 1833 2848 Adami

258 2898 554 2958 peccatum.
583 2888 916 2941 Posterorum
939 2885 1053 2952 ejus
1076 2884 1298 2937 crimina
1322 2899 1477 2952 quam
1503 2886 1676 2953 gravii
1706 2884 1829 2937 sint.

261 2982 428 3035 Etiam
489 2979 779 3047 perniciosa
837 2978 1085 3034 animalia
1148 2995 1529 3047 nonnunquam
1587 2989 1829 3047 prosunt.

261 3072 429 3124 llomo
460 3069 588 3123 feris
624 3069 791 3137 pejor.
827 3068 954 3137 Ejus
984 3068 1201 3122 audacia
1249 3078 1302 3122 et
1350 3069 1687 3136 perversitas.
1719 3069 1835 3121 Ca:-

1928 515 2017 568 da.
2048 516 2359 583 Captatores
2396 533 2620 571 annona:
2646 527 2701 573 et
2724 519 2874 573 avari
2904 520 3273 589 objurgantur.
3306 519 3499 574 Exem-

1927 605 2071 672 plum
2116 605 2292 660 divitis
2333 606 2590 674 damnati,
2621 608 2709 675 qui
2759 624 2825 662 ex
2872 608 3055 663 inferis
3105 609 3437 678 refrigerium
3466 625 3496 663 a

1928 693 2127 747 Lazaro
2174 712 2402 763 paupeie
2433 697 2753 766 pestnlahat.
2798 698 2960 752 Multo
3002 699 3169 767 magis
3209 700 3497 755 damnandi

1925 787 2017 855 qui
2049 787 2119 840 ali
2141 803 2223 841 ‘lla
2240 787 2472 856 rapiunt.
2502 790 2610 844 Nec
2635 790 2856 857 divitizn,
2886 806 2983 845 nec
3007 793 3208 861 quasvis
3232 792 3335 846 alia
3358 793 3499 848 bona

1929 879 2254 945 praeferenda
2276 890 2400 935 sunt
2441 882 2568 946 Deo,
2596 884 2838 937 omnium
2864 882 3057 937 datori.
3082 882 3322 937 Peritura
3361 898 3494 938 con-

1927 969 2211 1023 temnenda
2240 976 2393 1035 sunt,
2424 980 2481 1024 ut
2518 982 2718 1026 asterna
2760 974 3126 1039 acquirantur.
3155 972 3208 1026 Id
3241 975 3493 1043 exemplo

1926 1076 2026 1115 suo
2066 1076 2165 1114 nos
2193 1062 2373 1114 docuit
2398 1060 2688 1127 Abraham,
2716 1063 2802 1131 qui
2837 1063 2997 1115 lilium
3030 1077 3180 1115 suum
3220 1064 3401 1130 jussus
3427 1063 3495 1117 ad

1924 1153 2239 1208 sacrificium
2271 1153 2448 1208 duxit.
2483 1154 2623 1209 Deus
2650 1157 2868 1208 arietem
2900 1169 2994 1223 pro
3035 1155 3180 1208 Isaac
3220 1154 3495 1224 subrogari

1926 1244 2108 1297 voluit.
2132 1243 2202 1297 At
2224 1258 2325 1297 non
2354 1245 2422 1298 ita
2453 1245 2738 1309 Saturnus,
2772 1244 2959 1298 falsum
2986 1260 3203 1308 nomen,
3238 1245 3321 1298 cui
3348 1245 3495 1313 pueri

1926 1334 2211 1403 quotannis
2259 1336 2685 1388 imuio'ahantur.
2742 1334 2879 1388 Dctts
2932 1335 3292 1389 Abrahamum
3332 1336 3498 1392 voluit

1926 1427 2138 1480 caeteris
2183 1428 2430 1495 exemplo
2464 1441 2604 1490 esse,
2636 1435 2697 1481 ut
2744 1427 2873 1480 nihil
2920 1429 3261 1496 quantumvis
3309 1443 3493 1483 carum

1926 1518 2154 1572 Domino
2179 1529 2536 1588 praaponatur.
2560 1519 2839 1573 l‘rmmium
2865 1520 3183 1575 obedientia:
3204 1519 3493 1575 Abraltami

1928 1598 2209 1677 posteritas
2240 1610 2357 1678 ejus
2387 1610 2453 1663 ad
2482 1610 2658 1664 omnia
2689 1619 2925 1679 tempora
2956 1621 3009 1665 et
3037 1612 3281 1681 regiones
3303 1622 3496 1678 propa-

1926 1708 2067 1770 gata.
2099 1700 2252 1754 Aliud
2296 1703 2601 1769 exemplum
2633 1701 2790 1754 trittm
2824 1715 3107 1768 puerorum
3153 1702 3241 1769 qui
3288 1701 3343 1752 in
3389 1700 3497 1754 for-

1932 1808 2060 1847 nace
2105 1807 2324 1846 accensa
2360 1793 2510 1847 illaesi
2540 1802 2965 1860 permanserunt.
2998 1791 3183 1845 Daniel
3222 1792 3361 1844 inter
3386 1790 3498 1845 leo-

1930 1901 2045 1938 nes.
2080 1884 2379 1950 Descriptio
2418 1886 2712 1939 venationis
2751 1884 3204 1953 amphitheatralis
3236 1884 3491 1940 ferarum.

1933 1974 2173 2027 llcrculis
2220 1974 2456 2027 fabulosa
2499 1977 2669 2027 virtus
2709 1974 2855 2030 cedit
2910 1972 3135 2027 Danieli.
3197 1971 3498 2027 Crudelitas

1932 2064 2110 2118 Diana:
2138 2066 2397 2117 Tauricae.
2432 2065 2571 2117 Petri
2605 2066 2963 2132 apostolorum
3008 2063 3262 2131 pthtcipis
3295 2063 3496 2131 prima—

1934 2168 2035 2210 tus.
2076 2155 2198 2224 Ejus
2227 2156 2471 2223 precibus
2514 2157 2695 2209 Roma:
2718 2154 2900 2211 Simon
2930 2156 3109 2224 Magos
3138 2156 3494 2223 jirtecipitatus

1931 2256 2031 2302 est.
2059 2247 2181 2301 Haec
2208 2247 2415 2316 aliaque
2444 2246 2746 2315 hujusmodi
2784 2261 2846 2301 ex
2893 2246 3017 2310 fide,
3049 2244 3144 2314 spe
3165 2254 3217 2300 et
3241 2245 3501 2300 orationi-

1933 2339 2032 2394 bus
2077 2340 2142 2393 ad
2192 2339 2357 2394 Deum
2389 2348 2784 2407 processerunt.
2833 2339 3042 2392 Ethnici
3062 2340 3196 2393 'vero
3226 2338 3373 2406 plura
3407 2352 3500 2391 au-

1932 2431 2097 2486 dacia:
2141 2431 2376 2486 facinora
2428 2431 2663 2500 aggressi
2706 2441 2829 2485 sunt
2859 2446 2962 2484 non
2991 2446 3085 2500 spe
3132 2431 3256 2484 vitae
3284 2439 3500 2485 internae

1936 2523 2181 2591 permoti,
2216 2520 2312 2575 sed
2342 2521 2458 2574 solo
2490 2534 2672 2574 amore
2723 2520 2896 2574 laudis
2925 2531 3012 2573 aut
3045 2522 3251 2587 patriai.
3298 2519 3499 2575 Meum-

1933 2625 2083 2680 ceus,
2116 2612 2255 2666 filius
2283 2608 2555 2673 Creootis,
2608 2627 2673 2666 ne
2720 2620 2871 2679 pater
2917 2626 3137 2679 regnum
3187 2611 3497 2679 amitteret,

1935 2704 2167 2771 scipsum
2196 2702 2414 2757 orcidit.
2440 2700 2816 2756 Thebanorum
2848 2715 3067 2769 regnum
3094 2703 3371 2769 tragicum.
3395 2702 3502 2756 Coo-

1935 2794 2061 2849 dius
2086 2808 2181 2863 pro
2210 2793 2376 2862 patria
2422 2792 2486 2846 ab
2516 2792 2761 2846 hosﬁbus
2807 2793 2990 2845 volens
3022 2793 3368 2860 interemptus
3398 2801 3500 2848 est.

1938 2883 2183 2939 Leonida:
2224 2898 2341 2937 cum
2388 2885 2565 2952 paucis
2598 2882 3022 2937 Lacedaemoniis
3063 2882 3233 2935 audax
3265 2884 3502 2950 prmlium

1936 2977 2002 3031 ad
2039 2976 2444 3045 Thermopylas.
2474 2975 2683 3029 Pliileni
2733 2975 2923 3027 fratres
2946 2972 3392 3042 Carthaginenses
3446 2987 3503 3027 se

1937 3069 2083 3121 vivos
2111 3068 2352 3121 comburi
2384 3068 2524 3134 passi
2551 3075 2695 3131 sunt,
2728 3075 2784 3119 ut
2827 3065 3012 3132 patria:
3057 3065 3191 3119 fines
3220 3064 3377 3117 latius
3406 3078 3504 3117 ex-

262 3171 368 3215 tera
416 3161 592 3215 omnia
622 3158 815 3213 divinis
845 3165 1031 3226 parent
1085 3158 1303 3227 legibus.
1352 3159 1608 3213 Homines
1659 3172 1832 3228 neque
1859 3138 1906 3200 α
1939 3159 2299 3213 tenderentur.
2331 3158 2520 3211 Brutus
2546 3158 2701 3211 lmsai‘
2726 3154 2993 3224 pudicitia:
3034 3156 3190 3219 ultor,
3252 3156 3505 3209 libertatis

264 3256 354 3318 ira,
391 3267 563 3321 neque
592 3251 785 3321 pietate
827 3248 921 3303 Dei
959 3258 1292 3303 coercentur.
1325 3249 1589 3303 Diluvium
1621 3248 1837 3301 univer-

264 3344 371 3397 sale
407 3342 476 3394 ad
524 3341 766 3394 homines
798 3338 1142 3409 plectendos;
1178 3338 1266 3407 qui
1297 3347 1414 3403 post
1439 3337 1695 3391 diluvium
1718 3351 1837 3391 sce-

267 3436 373 3487 lera
406 3443 703 3488 resumam.
741 3432 1135 3486 Sodomitarum
1168 3444 1321 3499 paena
1347 3429 1590 3483 incendio
1614 3442 1837 3497 pereun-

267 3526 417 3579 tium.
467 3523 763 3578 Clementia
810 3522 903 3576 Dci
930 3522 987 3575 in
1017 3530 1241 3590 utroque
1283 3518 1565 3589 supplicio.
1598 3520 1731 3573 L0th
1770 3519 1837 3574 ab

268 3614 386 3682 igne
409 3616 681 3679 liberatur,
706 3624 760 3668 ut
788 3612 899 3668 Noe
936 3627 966 3666 a
996 3611 1216 3666 diluvio.
1242 3609 1432 3666 Poenas
1461 3610 1705 3665 homines
1752 3611 1837 3664 in-

268 3714 506 3769 currunt,
541 3704 661 3773 quia
690 3719 720 3758 a
762 3703 872 3757 Deo
902 3702 1086 3757 moniti
1127 3717 1233 3755 non
1280 3701 1658 3769 corripiuntur.
1693 3700 1838 3754 Feii-

270 3797 401 3849 ritas
429 3795 725 3857 hominum,
754 3794 798 3847 si
822 3807 924 3846 non
947 3802 1273 3861 peccassent.
1301 3792 1583 3847 Peccatum
1616 3791 1838 3860 angelo-

272 3896 386 3937 rum
436 3883 739 3937 hominibus
791 3883 1117 3937 excusationi
1144 3897 1262 3937 esse
1307 3898 1413 3936 non
1465 3892 1656 3952 potest,
1685 3896 1840 3951 poena

274 3976 460 4029 terrori
491 3990 609 4029 esse
639 3974 813 4029 debet.
848 3973 938 4029 Dei
970 3973 1248 4029 clementia
1264 3988 1386 4043 erga
1418 3975 1681 4041 homines,
1710 3988 1842 4043 quos

272 4068 516 4120 Christus
548 4066 788 4120 redemit.
814 4066 1035 4120 Perfidia
1058 4064 1387 4119 Judaaorutn.
1412 4063 1606 4117 Christi
1644 4065 1839 4132 passio,

277 4172 440 4225 mors,
476 4160 797 4214 resurrectio
818 4199 833 4223 ,
863 4157 1107 4212 ascensio
1138 4159 1188 4211 in
1212 4159 1402 4225 caelos,
1422 4156 1676 4226 judicium
1706 4156 1845 4210 futu-

278 4268 416 4306 rum.
440 4251 662 4305 Fructus
687 4251 946 4319 passionis
968 4249 1189 4315 Christi,
1214 4264 1332 4319 qua:
1350 4236 1517 4303 etiam
1545 4249 1695 4303 Iuda:
1720 4264 1843 4318 pro-

274 4340 479 4404 fuisset,
511 4341 611 4394 nisi
655 4341 1010 4405 desperasset.
1038 4340 1332 4394 Conversio
1378 4340 1545 4394 Pauli.
1584 4340 1743 4393 Fides
1789 4342 1840 4395 in

283 4431 443 4485 Deum
488 4432 651 4486 multa
700 4431 922 4485 obtnet.
965 4430 1144 4484 Gratia
1192 4430 1287 4485 Dei
1341 4429 1589 4485 omnibus
1644 4431 1842 4486 oblata.

284 4521 529 4590 Exempla
556 4523 671 4577 fidei
720 4523 772 4575 ixi
821 4518 1139 4588 Abrahamo,
1189 4521 1376 4589 Tohia,
1432 4521 1669 4587 Davide,
1717 4502 1926 4576 Eze-D

284 4612 467 4675 ehielc,
500 4615 650 4665 Anna
690 4611 957 4666 Samuelis
1010 4618 1196 4665 matre.
1231 4610 1451 4665 l’recum
1503 4611 1639 4679 apud
1682 4611 1847 4665 Deum

288 4703 365 4755 vis
400 4713 452 4755 et
486 4702 740 4756 efticacia.
773 4700 1054 4755 Zacharias
1072 4712 1221 4770 pater
1251 4702 1306 4757 S.
1348 4702 1568 4756 Joannis
1598 4700 1849 4769 Baptista:

294 4794 497 4858 punitus
540 4793 681 4860 quod
727 4792 944 4846 credere
989 4791 1301 4845 distulisset.
1334 4793 1424 4846 Dei
1476 4790 1846 4846 misericordia

294 4884 456 4951 major
488 4886 642 4956 115
672 4899 828 4953 quam
853 4883 1079 4951 justitia.
1102 4884 1208 4938 Cur
1248 4882 1387 4939 Deus
1418 4886 1714 4939 sceleratos
1747 4884 1847 4938 ho-

292 4975 456 5030 mines
490 4979 554 5029 ad
586 4986 914 5031 senectutem
956 4990 1059 5029 non
1093 4976 1354 5044 perducit,
1387 4984 1443 5029 ut
1469 4986 1851 5029 convertantur

298 5066 519 5122 adeum.
569 5070 900 5125 Sacrificium
956 5070 1065 5124 Deo
1108 5083 1201 5123 cor
1240 5071 1546 5122 contritum.
1609 5066 1852 5123 Eleemo-

300 5171 419 5226 syua
460 5162 847 5216 commendata.
910 5162 1203 5229 Pauperum
1253 5158 1520 5215 orationes
1567 5158 1849 5227 plurimum

303 5251 424 5315 apud
453 5252 613 5307 Deum
636 5252 832 5307 valent.
860 5253 1167 5320 Exemplum
1189 5252 1428 5305 Tabitha':
1450 5266 1478 5305 a
1504 5260 1674 5305 morte
1700 5264 1854 5305 revo-

308 5350 437 5397 catre.
464 5344 619 5398 Avari
649 5343 1018 5412 objurgantur.
1045 5343 1135 5397 Dei
1158 5343 1364 5412 justitia
1392 5348 1445 5397 et
1473 5340 1848 5396 misericordia

309 5429 351 5485 in
374 5437 581 5490 transitu
625 5435 977 5492 Israelitaruvn
1006 5449 1099 5503 per
1124 5449 1270 5489 mare
1310 5433 1545 5489 Rubrum
1578 5430 1851 5504 Egyptiis

311 5526 598 5583 submersis.

745 5614 1067 5685 svuopsts
1107 5615 1280 5669 LIBRI
1322 5616 1404 5669 ιιι.

372 5702 458 5762 Dei
486 5707 686 5779 laudes,
728 5709 932 5763 infinita
966 5708 1202 5773 scicntia,
1251 5709 1477 5776 justitia,
1510 5706 1790 5764 clementia
1815 5747 1831 5777 ,

1943 3250 2102 3323 116
2147 3263 2404 3314 assertor,
2456 3250 2654 3305 liberos
2704 3263 2831 3303 suos
2877 3250 3046 3303 securi
3099 3250 3300 3317 percuti
3327 3247 3504 3316 jussit.

1936 3343 2224 3412 Virginius,
2256 3357 2322 3395 ne
2351 3341 2599 3409 Virginia:
2653 3340 2774 3393 ﬁlia:
2806 3339 3103 3394 libi-rtatcm
3149 3351 3201 3393 et
3250 3338 3507 3407 pudorem

1939 3434 2050 3501 rapi
2079 3439 2341 3497 cerneret,
2378 3446 2495 3485 eam
2517 3431 2689 3485 cultro
2715 3430 2977 3484 confodit.
3009 3430 3311 3499 Torquatus
3344 3431 3509 3484 lilium

1938 3523 2214 3584 victorem,
2268 3521 2409 3589 quod
2458 3532 2642 3574 contra
2691 3520 2929 3573 edictum
2972 3532 3319 3590 pugnaverat,
3355 3523 3509 3575 tnorti

1939 3613 2280 3682 adjudicavit,
2317 3612 2786 3679 iugemiscentibus
2816 3614 3088 3667 omnibus.
3119 3613 3331 3668 Curtius
3360 3614 3411 3667 iu
3437 3614 3512 3667 la-

1940 3719 2057 3759 cum
2086 3717 2145 3756 se
2178 3702 2503 3773 prmcipitem
2531 3701 2694 3756 dedit.
2744 3702 2997 3771 Regulus.
3028 3720 3093 3757 ue
3133 3705 3288 3758 fidem
3330 3705 3508 3759 datam

1940 3794 2227 3864 fnmgcret,
2279 3795 2418 3849 ultro
2443 3791 2824 3862 Carthaginem
2878 3792 3043 3847 rediit
3090 3794 3154 3846 ad
3208 3809 3349 3848 saeva
3405 3807 3513 3849 tor-

1913 3876 2122 3940 ‘menta
2164 3894 2218 3939 et
2243 3884 2672 3939 crudelissimam
2719 3892 2967 3938 mortem.
3021 3884 3239 3953 Sagunti
3288 3883 3419 3938 fides
3461 3894 3514 3938 et

1942 3976 2263 4032 constantia.
2323 3975 2563 4030 Feminae
2610 3974 2805 4043 etiam,
2853 3983 2911 4029 ut
2954 3975 3021 4029 ad
3052 3977 3253 4029 scelera
3283 3976 3512 4028 audaces

1944 4083 2086 4138 sunt,
2110 4072 2181 4125 ita
2204 4070 2418 4141 egregia
2449 4069 2683 4125 facinora
2702 4083 2847 4138 saepe
2876 4068 3278 4138 aggrediuntur.
3306 4066 3512 4132 Judith,

1948 4168 2231 4224 Hiilulerne
2253 4169 2452 4231 occiso,
2478 4165 2698 4233 patriam
2726 4163 2986 4217 liberavit.
3010 4162 3293 4231 Thomyris
3320 4158 3513 4231 Cyrum

1945 4260 2172 4327 subegit.
2212 4258 2425 4312 EVadne
2472 4270 2656 4326 rogum
2684 4271 2788 4325 quo
2827 4255 3009 4309 mariti
3057 4270 3251 4323 corpus
3294 4255 3516 4309 ardebat

1947 4350 2285 4406 conscendit.
2318 4349 2453 4404 Dido
2478 4349 2578 4403 sibi
2606 4349 2707 4417 ipsi
2749 4363 2934 4418 pyram
2966 4347 3293 4402 conStruxit.
3320 4346 3517 4400 Lucre-

1950 4448 2020 4498 tia
2048 4445 2151 4500 sibi
2192 4459 2379 4498 manus
2411 4443 2608 4497 intulit.
2635 4441 2821 4497 Plures
2842 4442 2962 4495 alia:
2987 4442 3190 4496 scelera
3233 4452 3322 4495 aut
3351 4441 3516 4495 ardua

1950 4536 2183 4593 facinora
2217 4534 2553 4604 perfecerunt
2592 4547 2776 4587 amore
2818 4532 3009 4597 laudis,
3039 4542 3127 4585 aut
3176 4542 3273 4600 pro
3303 4533 3521 4586 numine
3590 4595 3605 4610 ,

1953 4642 2089 4681 vano
2118 4627 2359 4692 deorum,
2385 4639 2452 4678 ex
2475 4623 2665 4691 quibus
2694 4620 2821 4675 nihil
2844 4620 2971 4677 boni
3003 4620 3132 4674 oriri
3162 4631 3334 4685 potest
3361 4661 3375 4683 ,
3400 4636 3521 4675 cum

1952 4719 2095 4770 solus
2125 4719 2195 4769 sit
2218 4732 2351 4769 unus
2380 4727 2539 4768 verus
2584 4712 2746 4778 Dens,
2779 4711 3095 4777 immensus,
3128 4719 3359 4764 aeternus
3385 4750 3399 4774 ,
3430 4710 3520 4776 qui

1954 4824 2146 4878 parens
2194 4817 2378 4861 noster
2403 4817 2506 4872 est,
2549 4805 2703 4873 cujus
2753 4818 2851 4859 nos
2874 4803 2966 4858 filii
2993 4818 3199 4858 sumus.
3253 4803 3351 4857 Cui
3397 4818 3519 4856 cum

1952 4914 2136 4954 oumes
2164 4913 2250 4953 res
2298 4906 2491 4951 creatae
2542 4896 2883 4963 famulentur,
2917 4895 3089 4950 audax
3130 4905 3184 4949 et
3227 4894 3517 4947 sceleratus

1955 4990 2112 5044 homo
2137 4998 2238 5057 est,
2263 4988 2307 5042 si
2335 4988 2452 5057 ejus
2479 4986 2637 5055 jussis
2670 5002 2859 5055 parere
2888 4988 3135 5057 negligat.
3161 4984 3438 5040 Confessio
3468 4993 3522 5038 et

1956 5081 2262 5151 [minitentia
2296 5080 2584 5133 Dracontii.
2604 5078 2894 5135 Enumerat
2918 5091 3183 5132 aerumnas
3215 5077 3264 5127 in
3291 5090 3423 5142 quas
3454 5072 3522 5126 ob

1952 5172 2174 5226 crimina
2224 5169 2503 5224 inciderat.
2558 5168 2698 5224 Petit
2735 5170 2943 5224 veniam
2984 5185 3012 5223 a
3041 5167 3169 5220 Deo.
3204 5163 3519 5231 Exemplum

1954 5258 2071 5315 Jtibi
2097 5258 2373 5329 proponit,
2406 5269 2460 5314 et
2501 5261 2952 5314 resurrccdonem
2994 5255 3267 5309 aridorum
3296 5268 3512 5307 ossuum

1954 5350 2093 5420 apud
2123 5350 2482 5413 Ezechielem,
2508 5363 2666 5419 quam
2692 5347 2941 5417 graphice
2969 5343 3228 5412 depingit.
3252 5341 3523 5396 Nahucbo.

1953 5443 2232 5497 donosoris
2261 5439 2589 5509 pranitentia.
2622 5440 2810 5492 Preces
2844 5433 3107 5489 Dracontii
3136 5433 3202 5487 ad
3231 5434 3397 5487 Deum
3426 5446 3525 5501 pre

1954 5532 2269 5588 liberatione
2290 5548 2317 5583 a
2334 5530 2579 5593 vinculis,
2595 5536 2645 5584 et
2656 5541 2753 5596 pro
2775 5525 2928 5581 bonis
2960 5524 3117 5595 hujus
3133 5531 3291 5594 atque
3307 5532 3521 5581 aeterna)

1956 5628 2074 5683 vitae
2100 5625 2509 5695 consequendis.
