4092 6464
490 374 558 431 il
1405 371 1636 429 PREF.
1680 371 1930 430 SAVlLll
1971 373 2039 429 ΙΝ
2077 374 2260 430 ACTA
2303 373 2838 431 APOSTOLOBUM.
3690 382 3762 436 l2

493 491 754 558 Genesin)
788 490 887 563 τῆς
915 491 974 545 ὲν
1003 493 1122 556 ταῖς
1156 492 1397 564 Πράξεσι
1428 495 1701 566 φράσεως,
1733 496 1824 550 ἐπὶ
1848 496 1908 551 τὸ
1937 516 2109 552 ταπει·

2145 500 2322 570 ὗτερον
2355 499 2771 570 ἀπενηνεγμένη
2813 519 2826 555 :
2865 501 3010 571 quod
3047 510 3256 572 aperte,
3279 511 3342 558 ut
3375 501 3510 558 mihi
3537 503 3761 574 quidem

493 587 730 656 videtur,
770 590 813 645 si
847 591 912 644 de
941 589 1088 644 hisce
1115 587 1368 660 accipias,
1414 606 1572 646 secus
1609 601 1712 647 est.
1738 593 1914 663 Atque
1942 595 2059 650 haec
2088 595 2202 650 fere
2229 604 2376 662 sunt,
2408 611 2529 666 quae
2569 595 2624 648 in
2665 609 2784 650 eam
2816 605 3026 666 partem
3056 597 3375 653 aﬂerantur.
3411 598 3544 665 Quae
3573 587 3758 654 tamen

493 681 675 735 omnia
701 686 820 736 eam
854 682 963 736 v'im
994 683 1104 736 no'n
1127 671 1359 745 habent,
1392 692 1451 737 ιιι
1486 685 1620 738 mihi
1651 685 1732 740 vel
1761 681 2030 742 tantillum
2070 687 2436 758 persuadeant
2477 689 2700 757 γνήσιον
2731 687 2878 742 hunc
2907 688 3121 756 fcetum,
3172 689 3275 744 etsi
3310 690 3493 746 minus
3526 691 3761 747 fortasse

489 763 712 843 ὡραῖον,
759 790 789 828 a
841 763 1048 845 γνησίῳ
1092 785 1245 844 patre
1298 774 1628 844 abjudicare.
1686 778 1764 831 Ac
1818 779 2016 848 primo,
2076 791 2320 836 ramenta
2368 782 2615 852 quaedam
2675 783 2878 851 passim
2926 791 3214 852 apparent,
3258 798 3380 852 quae
3432 784 3651 839 nonnisi
3686 786 3759 840 ab

482 880 657 920 aurea
682 865 769 920 illa
805 881 943 921 vena
973 881 1195 920 manare
1224 874 1539 936 potuerunt.
1572 867 1641 921 At
1681 867 1849 922 multa
1875 878 2024 937 sunt,
2053 869 2252 940 inquis,
2277 870 2552 941 plumbea.
2579 870 2924 940 Respondeo,
2959 871 3255 940 proclivius
3285 887 3405 927 esse
3443 874 3759 944 χρυσορῤή-

492 973 623 1026 ,μονι
648 966 838 1013 nostro
862 957 1058 1013 alicubi
1095 958 1244 1012 humi
1267 974 1478 1028 repere,
1506 958 1750 1030 adeoque
1772 961 1974 1031 jacere,
2013 977 2172 1031 quam
2198 961 2287 1016 alii
2314 962 2381 1017 ad
2405 961 2527 1032 ejus
2555 961 2900 1016 altitudinem
2929 977 3215 1033 assurgere
3249 979 3261 1015 :
3298 970 3357 1016 ut
3385 972 3608 1032 propter
3652 965 3757 1020 ali-

488 1068 595 1121 qua
625 1053 1022 1110 admirabiliter
1053 1055 1254 1125 scripta
1284 1055 1464 1109 malim
1487 1056 1932 1127 Chrysostomnm
1960 1056 2260 1113 inscribere
2278 1067 2578 1122 auctorem,
2609 1072 2772 1128 quam
2806 1057 2970 1111 alium
3018 1065 3242 1128 propter
3270 1059 3531 1113 nonnulla
3563 1059 3746 1114 humi-

492 1148 618 1204 lius.
652 1146 856 1204 Deinde
883 1150 1005 1219 quis
1037 1151 1230 1226 nescit,
1261 1166 1370 1205 non
1397 1151 1619 1206 eosdem
1653 1165 1774 1206 esse
1820 1167 2012 1206 omnes
2041 1153 2190 1208 omni
2232 1155 2516 1224 tempore?
2538 1153 2708 1208 Aliter
2735 1151 3058 1222 eloquentiae
3083 1151 3286 1206 Latinae
3323 1152 3578 1222 princeps
3611 1153 3758 1211 dixit

490 1239 911 1305 adolescentior,
943 1239 1098 1295 aliter
1120 1241 1234 1311 jam
1265 1236 1588 1298 consularis.
1619 1242 1689 1296 Et
1715 1243 1787 1296 de
1815 1243 2202 1313 Chrysostomo
2234 1254 2419 1300 nostro
2449 1245 2728 1300 verissime
2773 1244 3022 1309 Photius,
3071 1244 3249 1313 ipsum
3292 1244 3622 1308 Antiochiae,
3667 1258 3761 1298 se-

489 1340 698 1386 motum
723 1345 753 1384 a
777 1331 1012 1401 publicis
1035 1332 1200 1396 curis,
1235 1331 1405 1386 multo
1433 1333 1742 1388 accuratius
1772 1333 2116 1402 limatiusque
2142 1334 2447 1404 scripsisse.
2488 1350 2650 1404 quam
2682 1335 2936 1390 eumdem
2963 1333 3438 1406 ConstantinOpoli
3488 1336 3754 1407 ἀρχιερα-

488 1421 715 1478 τεύοντα
749 1442 762 1477 :
790 1424 845 1477 in
876 1425 1021 1494 quod
1050 1434 1264 1495 tempus
1295 1425 1428 1488 haec,
1456 1440 1578 1494 qua:
1606 1425 1661 1479 in
1685 1425 1936 1480 manibus
1963 1425 2246 1489 habemus,
2283 1425 2535 1480 incidisse
2577 1426 2698 1481 luce
2729 1426 2929 1481 clarius
2953 1434 3056 1481 est.
3114 1427 3189 1482 De
3219 1443 3452 1482 numero
3486 1425 3758 1482 Photiano

489 1514 821 1584 respondeo,
856 1516 997 1571 idem
1028 1516 1189 1586 objici
1221 1533 1379 1586 posse
1403 1516 1473 1572 de
1509 1518 1759 1572 Homiliis
1791 1518 1846 1572 in
1869 1517 2125 1581 Genesin,
2159 1532 2280 1587 quae
2320 1518 2439 1572 sine
2468 1518 2636 1574 dubio
2656 1533 2929 1589 germanas
2963 1526 3112 1586 sunt,
3150 1527 3206 1575 et
3240 1535 3351 1574 non
3386 1520 3572 1590 plures
3606 1517 3758 1574 Pho-

489 1607 566 1662 tio
591 1623 697 1662 una
727 1616 784 1663 et
817 1609 1114 1680 sexaginta,
1154 1625 1277 1664 cum
1310 1619 1489 1664 tamen
1519 1623 1712 1665 omnes
1738 1610 1907 1665 nostri
1943 1609 2169 1665 (lodices
2196 1619 2406 1680 septem
2432 1619 2487 1665 et
2515 1611 2792 1681 sexaginta
2818 1612 3129 1682 pragferant,
3164 1619 3224 1665 ut
3273 1612 3358 1666 vel
3387 1611 3640 1667 Photium
3669 1612 3760 1668 hic

487 1711 543 1756 et
573 1701 646 1757 ibi
669 1701 932 1756 memoria
951 1701 1160 1771 lapsum
1189 1717 1309 1758 esse
1334 1717 1558 1758 necesse
1587 1702 1676 1767 sit,
1712 1701 1797 1757 vel
1834 1702 1887 1756 in
1924 1700 2151 1757 Codices
2175 1701 2431 1758 incidisse
2461 1703 2642 1758 minus
2669 1703 2931 1775 integros,
2965 1704 3048 1759 vel
3069 1703 3366 1758 oscitantes
3389 1703 3638 1759 librarios
3668 1704 3760 1760 hic

481 1803 588 1866 pro
622 1805 695 1852 νε¹
735 1797 880 1853 facili
919 1799 1072 1868 lapsu
1110 1798 1398 1868 scripsisse
1426 1805 1490 1854 v'.
1517 1797 1627 1854 Has
1653 1797 1798 1853 enim
1828 1813 1968 1862 esse,
1997 1813 2133 1867 quas
2158 1797 2268 1868 jam
2301 1798 2554 1852 manibus
2589 1799 2838 1861 terimus.
2872 1815 2980 1854 non
3013 1799 3147 1854 alias
3187 1799 3243 1853 in
3277 1800 3408 1853 Acta
3445 1798 3693 1854 homilias
3724 1814 3754 1854 a

481 1882 684 1949 'Photio
708 1893 957 1965 intelligi,
991 1894 1152 1948 verba
1177 1893 1349 1963 ipsius
1372 1906 1561 1964 aperte
1589 1893 1870 1949 declarant
1908 1911 1920 1946 :
1947 1893 2004 1944 αἱ
2037 1891 2097 1959 γὸ

2139 1912 2145 1942 ι
2174 1893 2254 1954 είς
2287 1891 2386 1956 τὰς
2415 1892 2652 1963 Πράξεις
2684 1892 2893 1960 ὁμιλίαι
2916 1895 3251 1964 πεντήκοντα
3280 1892 3379 1964 μέν
3410 1893 3538 1953 είσι,
3569 1893 3755 1964 σχεδὸν

481 1987 540 2038 δὲ
575 1986 643 2040 δι’
673 1984 801 2040 ὅλου·
830 1984 979 2056 αὐτῷ
1009 1984 1104 2038 τοῦ
1125 1984 1373 2038 ἐνιαυτοῦ
1401 1984 1736 2057 ἐρρήθησαν.
1765 1986 1841 2038 Οὐ
1869 1984 1978 2054 γὰρ
2012 1984 2136 2036 καθ’
2165 1983 2380 2054 ἡμέραν
2404 1983 2630 2046 ταύτας,
2657 1983 2795 2038 ἀλλὰ
2821 1983 2914 2036 καὶ
2941 1983 3083 2056 ὑπὲρ
3114 1985 3275 2038 πέντε
3329 1983 3534 2055 (malim
3562 1987 3711 2056 τρεῖς
3737 2002 3751 2042 :

483 2077 726 2148 respexit
746 2077 892 2133 enim
924 2077 992 2132 ad
1022 2077 1203 2132 locum
1237 2076 1292 2130 in
1325 2077 1474 2132 hom.
1499 2075 1911 2147 quadragesima
1935 2083 2099 2144 quart

2158 2073 2246 2128 διὰ
2273 2074 2440 2145 τριῶν
2477 2074 2734 2138 πολλάκις
2765 2075 2992 2145 ἡμερῶν
3027 2073 3058 2145 ἢ
3088 2074 3228 2128 ἑπτὰ
3258 2073 3416 2128 τοῦτο
3449 2073 3752 2144 ποιοῦντες)

482 2173 577 2226 καὶ
607 2171 750 2242 ὑπὲρ
771 2169 947 2237 Ἑπτὰ,
974 2170 1072 2223 καὶ
1100 2169 1273 2222 πλείω
1309 2168 1457 2241 (fort.
1488 2169 1708 2232 πλείους
1758 2187 1772 2224 :
1817 2184 1946 2223 nam
1975 2168 2043 2223 de
2083 2185 2098 2222 t

2140 2168 2276 2223 ebus
2323 2167 2584 2237 loquitur)
2615 2166 2942 2239 καθωμίλει·
2975 2168 3042 2232 ἃς
3073 2169 3231 2238 δῆλον
3263 2169 3426 2232 αὐτὸς
3462 2171 3631 2233 ποιεῖ,
3669 2171 3753 2224 ὅτι

480 2258 891 2336 ἀρχιερατεύων
906 2261 1056 2316 una;
1079 2261 1138 2316 τὸ
1167 2260 1351 2333 τρίτον
1377 2261 1496 2325 ἔτος
1529 2259 1797 2333 ὡμίλησε.
1827 2261 2024 2326 Locus,
2053 2278 2096 2316 at

2148 2277 2309 2332 quem
2356 2262 2594 2332 respexit
2642 2260 2889 2328 Photius,
2938 2271 3021 2318 est
3062 2262 3116 2316 in
3149 2262 3296 2318 hom.
3339 2264 3753 2334 quadragesima

458 2369 696 2431 quarta,
726 2375 849 2431 pag.
883 2351 1009 2425 856,
1041 2351 1138 2413 lin.
1169 2357 1343 2431 59..[p.
1371 2359 1476 2415 555
1496 2359 1582 2426 Ι).,
1609 2358 1823 2426 Montf.,
1852 2359 1957 2413 col.
1995 2360 2074 2414 5ιὶ

2151 2359 2248 2413 lin.
2275 2358 2345 2413 55
2369 2359 2457 2413 ed.
2492 2357 2667 2430 nov.],
2693 2358 2787 2413 ubi
2811 2367 3026 2428 arrepta
3051 2359 3336 2413 occasione
3364 2374 3431 2412 ex
3452 2357 3602 2413 Pauli
3629 2374 3756 2415 ver-

484 2452 588 2513 bis,
617 2449 1071 2522 μνημονεύοντες,
1101 2451 1184 2504 ὅτι
1208 2449 1449 2524 τριετίαν
1471 2449 1644 2504 νύκτα
1672 2451 1767 2504 καὶ
1790 2450 2003 2520 ἡμέραν
2036 2449 2097 2502 οὑ

2169 2447 2521 2519 ἐπαυσάμην,
2555 2450 2814 2503 Actorum
2851 2447 2952 2514 20,
2995 2448 3084 2514 51,
3121 2449 3540 2519 Chrysostomus
3571 2448 3639 2504 de
3670 2465 3755 2530 se,

483 2540 593 2592 ίόοὺ
622 2542 688 2610 τῇ
721 2539 904 2608 χάριτι
934 2537 1027 2591 τοῦ
1059 2538 1196 2590 Θεοῦ
1216 2539 1319 2592 καὶ
1357 2539 1520 2610 ἡμεῖς
1540 2539 1726 2592 λοιπὸν
1761 2538 2002 2608 τριετίαν
2034 2537 2096 2608 ἐχ

2141 2555 2254 2608 μεν.
2295 2538 2473 2607 Atque
2511 2548 2570 2593 ut
2593 2554 2704 2592 non
2734 2540 2900 2594 alium
2945 2554 3068 2594 esse
3093 2539 3258 2608 hujus
3297 2539 3418 2594 libri
3451 2551 3757 2602 auctorem.

477 2647 640 2701 quam
662 2631 927 2686 Joannem
951 2640 1220 2696 nostrum,
1248 2632 1506 2700 liquidius
1531 2640 1812 2702 appareat,
1848 2633 1964 2687 hare
1991 2647 2160 2702 pauca
2187 2633 2452 2703 a-djecisse
2483 2648 2593 2687 non
2622 2633 2720 2688 abs
2748 2649 2807 2688 re
2833 2632 3015 2688 fuerit.
3042 2631 3246 2686 Omitto
3272 2633 3469 2688 multas
3497 2634 3759 2704 loquendi

476 2725 895 2781 formulash'uic
921 2737 1110 2781 nostro
1137 2726 1460 2796 peculiares,
1488 2713 2036 2796 interrogatiunculas
2055 2764 2072 2792 ,
2103 2725 2479 2796 dialogismos,
2511 2724 2876 2798 digressiones
2902 2726 3134 2781 morales
3153 2765 3168 2792 ,
3189 2725 3357 2798 ,leges
3387 2737 3576 2781 contra
3600 2726 3760 2796 jura-

475 2830 662 2876 menta
694 2822 848 2886 latas,
882 2819 1033 2877 Sixto
1061 2820 1290 2877 Senensi
1313 2829 1478 2892 atque
1499 2820 1601 2892 ipsi
1629 2820 1855 2876 Erasmo
1880 2829 2088 2876 notata.
2111 2820 2268 2886 Quod
2299 2821 2353 2875 in
2391 2822 2538 2876 hom.
2564 2821 2738 2892 prima
2770 2821 3046 2877 invehitur
3077 2823 3130 2877 in
3155 2838 3269 2886 eos,
3303 2823 3396 2893 qui
3425 2823 3759 2893 baptismum

475 2919 726 2989 rejiciunt
769 2933 941 2989 usque
971 2917 1039 2972 ad
1060 2926 1333 2972 extremas
1362 2916 1638 2978 ἀναπνοὰς
1657 2931 1674 2948 ο
1714 2917 1860 2986 quod
1887 2917 1940 2969 in
1986 2916 2137 2971 hom.
2167 2916 2444 2989 trigesima
2481 2918 2651 2989 legem
2678 2918 2865 2973 statuit
2892 2919 2946 2972 in
2973 2933 3086 2982 eos,
3119 2918 3210 2987 qni
3239 2919 3499 2990 episcopo
3533 2919 3762 2974 concio-

473 3012 628 3066 nanti
663 3011 886 3080 plausus
918 3011 1067 3066 cient
1096 3027 1108 3064 :
1142 3010 1284 3080 quod
1319 3019 1507 3065 contra
1528 3010 1809 3064 Platonem
1825 3009 2247 3078 etphilosophos
2268 3009 2426 3064 toties
2443 3026 2505 3064 ac
2529 3019 2635 3064 tam
2650 3011 3004 3066 vehementer
3018 3011 3278 3081 disputat,
3301 3027 3370 3064 an
3394 3027 3502 3065 non
3515 3012 3651 3067 satis
3671 3012 3764 3066 in-

473 3097 956 3176 dicantantiquum
996 3121 1119 3161 esse
1148 3106 1493 3175 scriptorem,
1527 3105 1630 3175 qui
1663 3104 1718 3159 in
1751 3105 1882 3160 vitia
1927 3105 2112 3159 multis
2153 3105 2265 3174 jam
2319 3105 2444 3160 inde
2481 3106 2695 3161 saeculis
2726 3106 3013 3176 antiquata
3042 3115 3150 3160 tam
3183 3106 3382 3161 acriter
3412 3107 3702 3161 invehatur
3731 3108 3759 3163 1

473 3199 612 3268 Quid
643 3202 785 3272 quod
817 3201 1004 3256 homil.
1035 3201 1338 3265 undecima,
1372 3200 1582 3272 ἡκουσά
1613 3217 1744 3254 ποτε
1771 3201 2024 3272 πατέρων
2065 3217 2089 3253 τ

2131 3201 2174 3253 iv
2207 3201 2511 3272 ἡμετέρων,
2549 3201 2743 3272 inquit,
2776 3201 3067 3272 λεγόντων,
3095 3203 3177 3256 ὅτι
3214 3203 3358 3256 κατὰ
3383 3203 3476 3268 τὸν
3501 3201 3747 3273 διωγμὸν

472 3295 564 3349 τὸν
597 3294 828 3349 παλαιὸν
867 3289 937 3366 ἦν
983 3295 1110 3350 ίδεϊν
1142 3294 1312 3358 ὅντως
1343 3294 1709 3366 Χριστιανοὺς
1749 3293 1978 3363 ἄνδρας,
2021 3301 2088 3348 eti

2121 3332 2131 3348 .
2162 3293 2244 3349 Ex
2269 3294 2469 3364 quibus
2491 3303 2716 3364 apparet
2746 3294 2910 3364 hujus
2936 3294 3058 3349 libri
3087 3304 3364 3350 auctorem
3389 3296 3569 3350 statim
3609 3303 3737 3366 post

477 3398 724 3459 tempora
748 3389 1146 3460 persecutionis
1172 3387 1390 3453 vixisse,
1421 3389 1512 3458 qui
1543 3387 1660 3442 ha'c
1685 3402 1715 3441 a
1739 3386 1986 3457 patribus
2017 3386 2130 3441 suis
2153 3386 2342 3442 audire
2374 3388 2628 3456 potuerit.
2660 3385 2797 3453 Quid
2826 3387 2970 3456 quod
2999 3387 3187 3440 homil.
3221 3387 3477 3457 vigesima
3513 3386 3756 3442 secunda

473 3485 689 3555 legitur,
734 3486 954 3556 σπεῖρα,
986 3482 1015 3536 ὃ
1055 3479 1329 3553 καλοῦμεν
1364 3481 1460 3536 νῦν
1490 3481 1803 3554 νούμερονῖ
1847 3489 1900 3535 et
1926 3481 2077 3551 quod

2139 3480 2295 3536 .omil.
2323 3479 2736 3551 quadragesima
2769 3489 2943 3535 sexta.
2975 3480 3003 3532 ὃ
3034 3482 3166 3551 παρ’
3189 3481 3323 3550 ἡμῖν
3367 3481 3582 3550 λέγουσι
3609 3481 3755 3536 κατὰ

471 3579 570 3651 τὴν
603 3577 919 3648 Ῥωμαϊκὴν
957 3574 1270 3645 συνήθειαν,
1320 3575 1379 3626 ὲν
1408 3577 1523 3638 τοῖς
1568 3576 1772 3642 σζγνοις
1816 3575 1980 3627 αὑτὸν
2026 3574 2087 3644 ἐμ

2143 3574 2254 3639 αλε,
2301 3589 2484 3628 nonne
2514 3572 2645 3627 satis
2675 3572 2790 3627 haec
2828 3587 2926 3642 per
2959 3588 3018 3627 se
3065 3559 3445 3643 antiquitatem
3477 3574 3759 3642 produnt?

472 3673 578 3728 Sed
618 3673 748 3743 quid
799 3671 1140 3741 conjecturas
1177 3679 1490 3732 consector,
1521 3684 1646 3724 cum
1695 3668 1810 3739 ipse
1857 3675 2045 3738 aperte
2093 3668 2240 3724 hom.
2296 3668 2708 3741 quadragesima
2751 3669 2925 3740 prima
2968 3674 3490 3744 contemporaneuna
3525 3681 3584 3720 se
3623 3679 3746 3736 pro~

473 3770 692 3834 fitealur
721 3767 980 3823 Iuliano?
1007 3767 1183 3822 Locus
1207 3773 1292 3821 est
1321 3780 1442 3836 pag.
1475 3764 1600 3829 839,
1633 3766 1663 3818 7
1695 3763 1773 3836 [p.
1802 3765 1898 3818 511
1931 3773 2070 3818 extr.

2141 3763 2315 3829 lontl‘.,
2350 3764 2455 3819 col.
2495 3765 2620 3828 291,
2651 3764 2746 3818 lin.
2780 3763 2851 3819 3°).
2878 3763 2967 3819 ed.
3009 3761 3162 3835 nov.j
3193 3777 3207 3814 :
3241 3761 3349 3814 ἰδοὺ
3384 3760 3494 3832 γὰρ
3523 3759 3757 3815 ἐπὶτῶν

471 3866 681 3938 καιρῶν
713 3867 821 3920 τῶν
849 3865 1137 3937 ἡμετέρων
1165 3863 1234 3916 τὰ
1269 3862 1412 3916 κατά
1441 3861 1534 3914 τὸν
1563 3841 1834 3932 μακάριον
1865 3860 2113 3913 Βαϐύλαν
2140 3841 2354 3929 γέγονε,
2380 3861 2450 3912 τὰ
2480 3859 2623 3917 κατά
2650 3859 2720 3911 τὰ
2753 3859 3122 3929 Ἱεροσόλυμα,
3157 3857 3226 3911 τὰ
3260 3857 3402 3910 κατὰ
3432 3858 3530 3928 τὴν
3556 3857 3754 3912 καθαί-

476 3976 626 4031 ρεσιν
653 3958 760 4014 τῶν
795 3959 989 4030 ίερῶνῗ
1017 3973 1250 4029 quorum
1283 3957 1393 4012 duo
1417 3955 1598 4027 priora
1629 3957 1732 4011 sub
1755 3954 1976 4012 Iuliano
2015 3955 2382 4027 contigerunt,
2423 3956 2641 4009 tertium
2668 3954 2777 4008 sub
2808 3954 3134 4008 Theodosio.
3157 3951 3276 4008 Jam
3301 3952 3431 4007 illud
3460 3953 3611 4006 hom.
3643 3954 3745 4006 tri-

471 4053 677 4125 gesima
703 4059 893 4108 octava
933 4052 1001 4107 de
1051 4051 1188 4106 libro
1217 4049 1426 4122 magico
1461 4049 1685 4105 invento
1715 4051 1770 4104 in
1812 4049 2066 4113 nurnine,
2097 4063 2220 4104 cum
2262 4048 2443 4102 adhuc
2479 4046 2932 4118 μειράκιονηεεεθι
2962 4045 3402 4116 Chrysostomus,
3449 4045 3753 4100 Cardinalis

469 4141 738 4211 Baronius
761 4151 928 4208 recte,
956 4150 1018 4197 ut
1051 4140 1264 4211 opinor,
1295 4140 1364 4196 ad
1390 4148 1635 4210 tempora
1658 4140 1899 4195 Valentis
1936 4139 2121 4194 refert.
2155 4137 2233 4193 Ex
2267 4138 2352 4194 his
2389 4139 2559 4208 liquet
2610 4138 2929 4208 scriptorem
2971 4137 3139 4194 fuisse
3168 4147 3481 4204 temporum
3533 4138 3749 4192 illorum

469 4238 753 4308 aqualem.
801 4237 909 4294 Sed
963 4246 1018 4293 et
1068 4236 1383 4308 episcopum
1434 4233 1602 4290 fuisse
1645 4235 1776 4290 satis
1806 4234 2096 4290 constabit.
2139 4231 2300 4290 llom.
2359 4233 2518 4288 tertia
2551 4233 2789 4302 loquitur
2815 4233 2882 4288 de
2921 4234 3122 4304 seipso,
3166 4242 3224 4288 ut
3261 4233 3538 4304 episcOpo.
3574 4234 3736 4286 llom.

469 4347 614 4386 nona
669 4341 856 4401 aperte
908 4323 1148 4401 seipsum
1209 4313 1527 4401 episcopum
1577 4337 1756 4390 vocat.
1815 4327 1951 4382 ἀλλὰ
1991 4328 2078 4392 σὺ,

2121 4328 2296 4398 φησὶν,
2350 4324 2536 4396 ἄρχων
2586 4324 2638 4379 εἶ
2684 4325 2780 4380 καὶ
2827 4326 3144 4389 ἐπίσκοπος.
3193 4325 3394 4380 Homil.
3435 4334 3624 4382 octava
3669 4326 3737 4380 de

474 4424 656 4494 seipse
705 4424 961 4494 loquitur,
997 4434 1057 4480 ut
1081 4425 1337 4496 episcopo
1366 4427 1422 4480 in
1471 4425 1692 4481 civitate
1741 4422 2101 4494 βασιλευούσῃ
2135 4419 2300 4493 (quod
2326 4434 2528 4474 nomen
2541 4430 2917 4495 praterquam
2942 4418 3127 4475 Roma:
3157 4428 3220 4474 et
3249 4418 3742 4488 ConstantinOpoli,

469 4516 605 4571 nulli
627 4515 716 4570 alii
743 4517 1103 4571 conveniebat
1127 4517 1333 4588 civitati
1385 4517 1722 4590 (suspiciose
1743 4515 1990 4586 quaedam
2028 4529 2085 4568 as

2121 4527 2324 4584 tergens
2359 4512 2428 4567 de
2459 4527 2558 4567 sua
2603 4512 2944 4583 expulsione,
2969 4511 3098 4582 περὶ
3123 4511 3222 4579 τῆς
3253 4510 3445 4562 ἑαυτοῦ
3473 4509 3737 4578 καθαιρέ-

473 4609 854 4680 aswgzqualia
896 4619 1024 4664 sunt
1078 4627 1198 4684 pag.
1243 4612 1370 4677 655,
1419 4610 1687 4683 24.[pag.
1731 4610 1820 4674 68,
1874 4609 1940 4674 A,
1979 4608 2089 4664 Mor

2120 4607 2194 4673 αἱ,
2227 4609 2329 4664 col.
2364 4608 2454 4675 74,
2488 4608 2584 4662 lin.
2613 4607 2684 4660 22
2709 4622 2846 4660 nov.
2882 4604 2996 4676 ed.]
3029 4623 3042 4658 :
3074 4605 3108 4676 ἢ
3139 4600 3400 4659 καθέλετέ
3438 4620 3506 4674 με
3531 4602 3736 4673 ταύτης

468 4702 569 4773 τῆς
598 4701 795 4773 ἀρχῆς,
826 4701 860 4772 ἣ
895 4700 1127 4772 μένοντά
1163 4720 1232 4774 με.
1264 4704 1339 4776 μὴ
1372 4701 1726 4778 περιϐάλλετε
1758 4700 2042 4764 κινδύνοις.
2075 4701 2084 4754 Ι

2130 4703 2358 4772 tpagina
2393 4708 2675 4770 sequente,
2707 4699 2802 4753 lin.
2833 4699 2897 4753 12
2927 4697 3072 4770 [pag.
3101 4697 3187 4762 69,
3214 4698 3279 4757 Α,
3313 4696 3414 4751 col.
3461 4695 3548 4760 76,
3580 4695 3672 4748 lin.
3711 4693 3746 4748 5

468 4796 556 4859 ed.
590 4793 788 4867 n'ov.]»:
821 4795 928 4860 ἕως
961 4796 1028 4849 ἂν
1048 4797 1105 4849 ὲν
1130 4795 1208 4867 τῷ
1231 4796 1406 4868 θρόνῳ
1428 4796 1750 4867 καθέζωμαι
1778 4794 1974 4864 τούτῳ,
1999 4794 2153 4848 οὐδὲν
2183 4796 2408 4865 προήσω
2448 4793 2555 4846 τῶν
2584 4791 2750 4846 αὐτοῦ
2777 4791 3178 4861 δικαιωμάτων.
3219 4791 3320 4842 "Av
3351 4790 3418 4860 μέ
3444 4806 3528 4852 τις
3556 4806 3739 4842 κατα-

470 4884 692 4956 ϐιϐάσῃ.
721 4885 1224 4948 λοιπὸνσὰωεύθυνός
1245 4887 1380 4956 εἰμι.
1419 4886 1484 4940 Et
1515 4885 1701 4941 homil.
1729 4885 2012 4939 undecima
2042 4884 2086 4939 lo

2116 4884 2301 4955 (uitur,
2331 4891 2390 4938 ut
2413 4885 2466 4938 in
2494 4884 2731 4949 civitate,
2763 4900 2884 4954 qua:
2911 4891 3109 4962 praeter
3140 4882 3355 4937 Judaeos
3390 4889 3446 4936 et
3477 4879 3729 4950 gentiles,

469 4969 905 5032 ChriStianorum
941 4977 1138 5034 habeat
1168 4979 1302 5048 plus
1340 4994 1504 5048 quam
1534 4987 1754 5034 centum
1787 4978 1974 5032 millia.
2009 4975 2166 5032 llum.
2204 4977 2622 5048 quadragesima
2656 4977 2917 5041 secunda,
2953 4991 3008 5046 p.
3044 4976 3147 5031 848
3176 4976 3213 5030 l.
3246 4975 3312 5029 12
3366 4971 3460 5046 [p.
3500 4973 3633 5036 524,
3679 4971 3740 5035 Β,

430 5089 433 5092 ‘
469 5069 574 5122 col.
606 5065 743 5126 502.
783 5069 881 5124 lin.
909 5069 980 5125 29
1007 5079 1062 5124 et
1088 5069 1239 5142 nov.]
1274 5089 1287 5126 :
1334 5068 1463 5125 Ἰδοὺ
1494 5069 1653 5142 ἡλίκη
1682 5071 1838 5133 πόλις
1869 5071 1998 5138 ὑμῖν
2024 5070 2046 5122 ἐ

2102 5087 2171 5121 ειν
2198 5071 2230 5140 ἡ
2264 5069 2473 5141 μεγάλη
2500 5069 2662 5139 αὕτη.
2689 5069 2758 5122 Ει
2788 5068 2933 5138 quod
2961 5081 3251 5137 nusquam,
3288 5073 3348 5119 ut
3374 5064 3589 5134 opinor,
3613 5063 3718 5118 alib

471 5164 526 5218 in
551 5163 670 5234 ejus
701 5166 958 5234 operibus
996 5167 1298 5236 reperitur,
1331 5166 1520 5222 homil.
1571 5167 2019 5237 quinquagesima
2049 5167 2309 5231 secunda,
2359 5182 2480 5237 pag.
2511 5165 2635 5231 90:2,
2672 5166 2707 5218 l.
2737 5165 2807 5220 40
2847 5164 2927 5236 [p.
2969 5165 3092 5228 595,
3136 5163 3200 5227 ι),
3231 5162 3336 5217 col.
3373 5162 3500 5229 565,
3535 5162 3634 5216 lin.
3673 5165 3742 5216 41

470 5255 560 5311 ed.
594 5253 758 5327 nov.)
799 5271 997 5311 nomen
1042 5274 1200 5313 suum
1260 5259 1466 5314 directe
1496 5259 1657 5329 ponit
1699 5280 1710 5314 :
1753 5260 1881 5328 Εἰμὶ
1911 5259 2006 5311 τοῦ
2070 5276 2086 5328 ε

2126 5259 2358 5329 ικαρίου-
2409 5258 2508 5329 μὲν
2531 5257 2741 5326 ἐκείνου
2797 5257 3104 5325 (Ἰωάννου)
3163 5254 3473 5325 ὁμώνυμος,
3523 5253 3584 5308 οὐ
3637 5253 3742 5325 μὴν

473 5347 811 5420 συνώνυμος.
853 5334 972 5403 Οὐκ
1006 5351 1121 5422 είμὶ
1163 5351 1438 5421 Ἰωάννης,
1471 5347 1608 5406 ἀλλὰ
1647 5350 1942 5422 καλοῦμαι.
1973 5350 2089 5406 Post

2121 5337 2254 5406 'emo
2280 5350 2548 5405 accedunt
2574 5359 2630 5405 et
2674 5360 2920 5405 veterum
2964 5348 3292 5418 scriptorum
3321 5347 3389 5402 de
3428 5347 3590 5417 hujus
3617 5345 3737 5400 libri

473 5454 697 5500 auctore
719 5447 1052 5504 testimonia.
1099 5447 1174 5501 De
1219 5446 1412 5502 Photio
1445 5461 1607 5518 supra
1637 5447 1893 5502 diximus.
1947 5447 2340 5511 Damascenus,
2375 5445 2480 5501 .lib.
2523 5447 2577 5509 5,
2619 5460 2739 5514 cap.
2782 5444 2868 5509 l5,
2923 5444 2997 5497 De
3039 5443 3145 5497 fide
3188 5435 3510 5516 erthodoxa,
3559 5439 3738 5492 locum

474 5531 608 5586 citat
647 5536 983 5591 e-x-secunda
1015 5535 1205 5591 homil.
1239 5535 1294 5589 in
1319 5537 1507 5590 Acta:
1538 5537 1630 5607 qui
1671 5546 1852 5591 tamen
1880 5538 2120 5592 auctoris
2167 5551 2239 5591 an
2284 5534 2490 5590 librarii
2525 5535 2699 5605 lapsu,
2727 5551 2837 5589 non
2867 5534 2920 5588 in
2951 5533 3187 5589 secunda
3217 5531 3489 5602 reperitur
3525 5529 3736 5592 homil.,

476 5623 572 5678 sed
599 5620 885 5695 inprima,
912 5644 1044 5700 pag.
1074 5627 1198 5694 610,
1243 5628 1277 5682 l.
1305 5629 1393 5683 18.
1429 5628 1631 5683 Deinde
1661 5627 1987 5682 Catenarnm
2023 5629 2313 5698 scriptores
2335 5670 2350 5695 ,
2382 5628 2621 5692 Nicetas,
2652 5627 3044 5692 OEcumenius,
3069 5635 3174 5679 etc.
3206 5638 3315 5676 non
3343 5638 3406 5675 ex
3432 5621 3551 5675 aliis
3575 5633 3739 5690 quam

477 5729 544 5766 ex
578 5715 681 5768 hoc
707 5713 867 5772 horto
891 5719 1228 5789 depromptis
1252 5717 1493 5774 ﬂosculis
1512 5733 1646 5774 suas
1680 5725 2011 5773 contexuere
2057 5719 2286 5775 corollas
2319 5734 2330 5768 :
2376 5726 2435 5772 ut
2458 5717 2571 5788 jam
2602 5718 2829 5774 stultum
2869 5716 2938 5772 sit
2965 5715 3244 5784 deinceps,
3269 5719 3329 5766 ut
3357 5711 3489 5767 mihi
3520 5711 3736 5782 quidem

479 5804 716 5874 videtur,
767 5808 834 5864 de
885 5809 1047 5880 hujus
1088 5810 1209 5867 libri
1264 5819 1485 5865 auctore
1520 5810 1788 5865 dubitare.
