4092 6460
497 445 569 506 ιε
1216 435 1275 491 s.
1312 431 1594 505 JOANNIS
1632 426 2106 487 ettlulsosronl
2143 426 2459 482 ARCIIIEP.
2500 427 3035 484 coxsrannsor.
3716 432 3793 486 is

486 557 747 630 gellandi,
780 553 924 627 quod
967 549 1322 608 intolerabilia
1368 547 1598 619 passuri,
1630 555 1686 601 et
1716 544 1799 599 his
1834 540 2084 597 omnibus

487 651 799 720 superiores
823 646 988 703 futuri
1011 651 1221 718 essent,
1252 640 1396 712 quod
1422 640 1549 698 item
1579 635 1911 719 evangelium
1942 649 2083 707 prae-

488 744 774 797 dicandmn
799 738 935 793 foret
960 739 1012 792 in
1036 738 1286 791 universo
1305 732 1532 787 mundo:
1558 731 1693 794 hinc,
1717 730 1950 798 inquam,
1967 741 2085 780 om-

493 833 578 887 nia
600 830 1006 886 accuratissime
1039 827 1306 897 completa
1344 824 1395 878 in
1437 822 1539 895 hoc
1560 822 1698 885 libro
1714 834 1937 889 cci-perc
1964 826 2081 880 est;

487 939 700 979 necnon
730 922 814 977 his
845 921 994 992 plura
1020 934 1141 990 qua:
1171 921 1296 972 cum
1333 913 1610 984 discipulis
1638 925 1860 977 versans
1905 906 2079 966 Durni-

490 1031 590 1068 nus
633 1013 863 1076 dixerat,
892 1010 1219 1079 Videbisque
1268 1007 1355 1078 hic
1395 1004 1669 1077 apostolos
1708 1017 1807 1072 ceu
1838 1000 2083 1065 volucres

482 1102 585 1177 per
616 1115 815 1164 terram
842 1112 898 1158 et
923 1104 1089 1158 maria
1118 1102 1503 1162 discurrentes,
1536 1096 1763 1165 illosque
1791 1091 1917 1146 olim
1942 1091 2085 1149 timi-

489 1198 587 1252 dos
615 1206 672 1252 et
712 1196 895 1260 rudes,
930 1195 985 1258 in
1014 1194 1150 1248 alios
1194 1191 1441 1247 homines
1470 1198 1690 1258 repente
1720 1195 1970 1261 mutatos,
2001 1182 2083 1236 di-

488 1290 739 1345 \itiarum
789 1294 1212 1356 contemptores,
1258 1282 1465 1354 gloria,
1496 1280 1597 1346 ira,
1643 1277 2080 1348 concupiscentia

484 1382 805 1451 emtor-isque
830 1378 1081 1434 omnibus
1128 1377 1434 1446 superiores
1460 1373 1716 1429 effectos:
1746 1372 1967 1426 multatn
2001 1369 2079 1423 κὶα

485 1474 639 1527 dehis
687 1473 827 1533 inter
873 1472 1019 1539 ipsos
1054 1465 1423 1544 concordiam,
1467 1464 1667 1525 nullam
1706 1460 1984 1524 invidiam,
2024 1467 2083 1514 ut

485 1568 639 1629 olim,
669 1564 872 1618 nullam
894 1562 965 1616 ob
997 1563 1258 1629 primatus
1286 1558 1617 1614 desiderium
1647 1554 2076 1616 contentionem;

484 1659 581 1714 sed
625 1672 839 1711 onmem
881 1657 934 1708 in
964 1654 1069 1709 illis
1099 1654 1349 1707 \irtulcm
1376 1650 1660 1721 diligenter
1689 1648 1909 1712 cultam,
1938 1645 2079 1699 cari-

491 1758 765 1818 latumque
791 1747 989 1801 eximie
1017 1745 1310 1815 fulgentem
1332 1785 1345 1797 .
1373 1742 1440 1798 de
1467 1756 1568 1813 qua
1597 1739 1763 1796 multa
1789 1738 1918 1808 ipsis
1944 1752 2083 1808 prae-

487 1853 728 1911 ceperat,
744 1840 961 1915 dicens:
985 1838 1008 1891 Ι
1018 1857 1048 1891 u
1072 1839 1166 1915 hoc
1186 1847 1483 1913 cognoscent
1503 1851 1675 1889 omnes
1690 1834 1825 1914 quod
1841 1832 2082 1901 discipuli

486 1936 589 1988 mei
611 1936 742 2000 sitis,
772 1933 818 1988 sl
842 1933 1122 1987 dileuritis
1148 1931 1359 2005 ittytccm
1387 1929 1570 2000 (Jomt.
1604 1928 1690 1989 15.
1720 1927 1833 1993 55).
1860 1925 1998 1991 Quin
2026 1932 2081 1980 et

482 2029 732 2097 dogmata
752 2027 994 2097 qua-itam
1024 2026 1075 2080 in
1104 2025 1208 2079 hoc
1236 2026 1374 2078 libro
1402 2023 1640 2093 reperire
1666 2022 1811 2079 licet.
1830 2035 1947 2089 quin
1977 2015 2080 2073 nisi

484 2129 719 2190 scriptus
748 2120 838 2173 ille
874 2120 1081 2182 fuisset,
1111 2117 1244 2171 nulli
1279 2119 1347 2171 ita
1376 2117 1654 2185 pet'Spicua
1680 2123 1735 2169 et
1761 2114 1916 2182 plana
1950 2109 2081 2165 fuis-

485 2222 605 2267 sent
637 2227 651 2264 :
684 2211 790 2264 itno
834 2211 997 2283 etiam
1044 2210 1119 2276 id,
1162 2210 1304 2280 quod
1336 2218 1417 2263 est
1457 2208 1644 2262 salutis
1671 2217 1867 2260 nostra:
1893 2213 2076 2274 caput,

485 2313 596 2359 tam
648 2302 941 2358 secundum
1000 2302 1163 2375 vitam
1218 2313 1274 2374 et
1329 2317 1530 2368 mores,
1572 2316 1731 2370 quatit
1783 2297 2077 2353 sccuudmu

483 2398 757 2467 dogmata,
780 2395 1049 2468 occultum
1079 2394 1474 2463 obsrurumque
1503 2400 1667 2447 esset.
1697 2390 1925 2446 Maxima
1956 2404 2078 2460 pars

484 2500 663 2545 autem
689 2488 833 2556 libri,
857 2487 1003 2555 Pauli
1029 2496 1177 2557 gesta
1206 2500 1350 2551 sunt,
1374 2486 1462 2555 qui
1490 2485 1612 2556 plus
1650 2483 1898 2544 omnibus
1929 2482 2075 2545 labo-

487 2580 644 2635 ravit.
678 2577 846 2648 Cujus
885 2578 962 2635 rei
992 2592 1153 2642 causa
1184 2586 1289 2645 est,
1312 2576 1456 2647 quod
1480 2577 1525 2630 is
1552 2576 1642 2645 qui
1695 2575 1839 2629 hunc
1885 2574 2076 2628 librum

486 2672 722 2742 scripsit,
758 2671 947 2732 beatus
992 2667 1188 2735 Lucas,
1223 2669 1340 2738 ejus
1367 2677 1511 2723 esset
1559 2666 1891 2736 discipulus:
1924 2665 2078 2735 cujus

482 2761 732 2815 virtutem
760 2770 867 2814 tum
890 2777 955 2815 ex
985 2760 1107 2815 aliis
1134 2760 1314 2818 multis
1334 2774 1558 2821 cernere
1583 2767 1685 2824 est,
1711 2768 1824 2814 tum
1846 2759 2079 2814 maxime

482 2852 623 2929 quod
652 2852 858 2907 doctori
886 2867 984 2921 suo
1027 2851 1397 2932 indesinenter
1445 2852 1682 2909 laeserit.
1730 2850 1912 2921 Itaque
1952 2864 2077 2905 cum

487 2946 679 3003 nenias
699 2956 752 3000 et
772 2945 1137 3017 Hermogenes
1157 2945 1335 3025 ipsum
1357 2944 1724 3016 reliquissent,
1749 2945 1991 3012 alterque
2022 2943 2078 2996 in

483 3037 782 3101 Galatiam,
816 3036 957 3097 alter
981 3036 1034 3089 in
1078 3035 1396 3095 Dalmatiam
1423 3035 1667 3099 abiis-set,
1697 3032 1819 3105 audi
1845 3032 1973 3104 quid
2010 3032 2080 3087 de

483 3129 579 3185 illo
607 3129 749 3183 dicat
782 3145 795 3181 :
828 3125 1169 3182 Lucas-solus
1196 3144 1391 3182 ntecum
1419 3135 1492 3181 est
1522 3126 1598 3200 (2.
1625 3125 1758 3181 Tim.
1785 3126 1840 3181 4.
1873 3125 1996 3196 II);
2018 3133 2081 3191 {et

484 3222 784 3277 Corinthiis
812 3221 1055 3299 scribens
1082 3220 1150 3274 de
1182 3220 1272 3299 illo
1294 3221 1369 3275 ait
1397 3237 1411 3275 :
1440 3218 1604 3288 Cujus
1628 3220 1741 3296 laus
1763 3220 1909 3274 estin
1931 3235 2082 3291 even-

485 3313 620 3384 gelio
641 3330 732 3383 per
756 3330 927 3367 omnes
970 3311 1224 3366 Eri-lesius
1253 3312 1326 3382 (2.
1356 3312 1473 3367 Cor.
1506 3314 1560 3367 8.
1594 3312 1704 3382 I8).
1736 3312 1799 3366 Et
1836 3327 1955 3365 cum
1998 3310 2081 3366 di-

486 3403 560 3459 cit
587 3422 599 3459 :
641 3402 787 3460 Visus
807 3412 881 3458 est
907 3403 1111 3474 Ceplta’,
1144 3403 1325 3457 deinde
1349 3402 1612 3457 duodecim
1633 3403 1646 3433 '
1656 3416 1810 3464 ;cum
1825 3401 1901 3456 ait
1928 3415 2077 3464 vero,

488 3496 783 3552 Secundum
830 3496 1144 3568 crangelium
1187 3494 1324 3565 quod
1371 3494 1635 3563 accepistis
1687 3493 1764 3563 (I.
1813 3491 1934 3569 Cor.
1989 3493 2077 3548 I5.

492 3589 549 3646 5.
602 3587 702 3662 i);
754 3588 823 3643 de
868 3588 1026 3643 Luem
1079 3586 1371 3663 Evangelia
1419 3587 1693 3657 loquitur:
1751 3587 1822 3641 ita
1866 3595 1923 3641 ut
1972 3601 2079 3653 non

488 3680 842 3754 aberrat-crit,
870 3682 915 3737 si
941 3681 1061 3775 quis
1092 3680 1191 3770 ipsi
1221 3664 1323 3749 hoc
1365 3693 1502 3755 opus
1545 3678 1913 3775 adscripserit.
1943 3676 2079 3733 Cum

488 3772 594 3844 ipsi
613 3772 757 3835 dico,
786 3765 1006 3849 Christo
1029 3765 1172 3829 dico.
1198 3771 1352 3845 Quod
1383 3772 1427 3837 si
1455 3770 1575 3845 quis
1596 3771 1793 3844 dixerit
1813 3789 1825 3824 :
1842 3769 1950 3843 Cur
1972 3786 2081 3824 non

489 3866 669 3920 cinnia
698 3864 915 3935 scripsit
939 3869 1027 3934 qui
1058 3850 1233 3934 usque
1254 3864 1321 3919 ad
1373 3864 1529 3918 linem
1557 3878 1681 3941 cum
1712 3864 1827 3937 ipso
1868 3879 2083 3934 semper

492 3958 698 4015 fuerit?
726 3956 1194 4035 respondebinms,
1225 3957 1339 4012 lucc
1378 3957 1509 4014 satis
1551 3954 1717 4011 fuisse
1747 3955 1833 4021 iis,
1855 3955 1944 4027 qui
1969 3956 2085 4010 ani-

491 4068 641 4107 mum
686 4049 945 4128 adhibere
980 4049 1214 4121 Vellent;
1269 4048 1496 4118 illosque
1544 4048 1610 4102 iis
1660 4062 1875 4118 semper
1929 4048 2083 4107 incu-

492 4141 695 4221 huissc,
718 4158 836 4226 qua:
864 4141 1032 4212 magis
1058 4150 1331 4213 urgerent,
1353 4156 1527 4211 neque
1556 4140 1661 4196 illis
1688 4150 1893 4196 tantum
1920 4140 2085 4197 fuisse

490 4232 763 4307 scribendi
784 4233 1059 4304 studium;
1109 4235 1302 4301 multas
1329 4234 1525 4304 quippe
1570 4249 1676 4309 non
1712 4234 1941 4304 scriptas
1972 4245 2083 4307 Ira-3

494 4323 731 4382 ditiones
762 4324 1048 4379 dederunt.
1470 4318 1473 4321 ’

564 4415 667 4489 (ζειν
692 4412 879 4496 Christi
910 4415 1146 4483 divinitas
1175 4418 1229 4470 in
1255 4416 1393 4483 Actis
1422 4433 1523 4471 non
1562 4417 1634 4471 ita
1661 4428 1835 4500 aperte
1861 4418 2086 4498 enuntie-

498 4503 892 4561 tur.—0tnnia
934 4507 1114 4575 itaque
1145 4507 1247 4561 hoc
1290 4507 1342 4561 in
1387 4508 1524 4562 libro
1544 4508 1901 4568 admiratione
1928 4508 2085 4578 digna

493 4610 642 4664 sunt,
668 4598 900 4653 maxime
922 4613 1051 4653 vero
1073 4599 1157 4653 illa
1186 4600 1470 4661 verborum
1500 4600 1774 4664 demissio,
1799 4617 1927 4671 qua,
1964 4618 2089 4670 sug-

497 4674 719 4770 gerente
757 4680 958 4759 Spiritu
990 4701 1199 4757 sancto,
1232 4692 1298 4747 de
1338 4695 1636 4771 oeconomia
1684 4694 1961 4763 loquentes
2009 4697 2087 4749 usi

498 4793 626 4861 sunt
648 4784 897 4868 apostoli.
928 4783 1051 4839 Ideo
1077 4800 1199 4853 cum
1239 4796 1317 4860 tot
1348 4798 1600 4860 tantaque
1625 4787 1691 4842 de
1717 4786 1933 4868 Christo
1965 4806 2089 4843 uar—

500 4884 642 4951 rent,
671 4889 839 4955 pauca
886 4876 953 4941 de
1000 4875 1279 4951 divinitate
1308 4878 1424 4955 ejus
1450 4879 1721 4955 dixerunt,
1750 4880 1908 4955 longe
1939 4881 2090 4949 plura

497 4949 629 5031 vero
655 4949 723 5042 de
751 4949 1106 5041 immanitate,
1141 4967 1208 5023 de
1255 4951 1525 5037 passione.
1555 4970 1622 5024 de
1651 4952 2089 5038 "resurrectione,

500 5057 569 5112 de
591 5059 929 5140 ascensione.
960 5042 1105 5113 Nam.
1125 5059 1226 5115 hoc
1257 5062 1468 5140 interim
1496 5050 1859 5133 quaerebatur,
1893 5076 1949 5118 ut
1975 5080 2095 5133 ere:

502 5155 724 5227 duretur
753 5137 926 5217 ipsum
976 5137 1338 5207 rcsurrcxisse
1364 5138 1416 5207 et
1463 5154 1773 5210 ascendisse
1822 5157 1873 5209 in
1906 5157 2090 5212 caelos.

500 5240 964 5314 Quemadmodum
997 5243 1158 5313 igitur
1180 5243 1297 5313 ipse
1320 5244 1564 5300 Christus
1593 5247 1646 5300 in
1692 5248 1877 5316 primis
1907 5259 2093 5304 osten~

502 5330 631 5386 dere
659 5316 902 5414 curabat,
932 5346 991 5405 se
1022 5323 1066 5387 ~ia
1110 5332 1269 5388 Patre
1294 5336 1507 5414 venisse
1540 5353 1553 5389 :
1586 5337 1656 5390 ita
1684 5347 1736 5392 et
1766 5337 1855 5392 hic
1887 5349 2091 5406 narrat,

501 5420 671 5491 ipsum
704 5424 1087 5491 resurrexisse,
1114 5435 1449 5495 assumptum
1500 5428 1689 5495 fuisse,
1729 5442 1785 5486 et
1826 5431 1893 5485 ad
1944 5432 2093 5487 illum

505 5515 753 5582 rediisse,
776 5531 803 5569 a
827 5533 934 5588 quo
959 5507 1201 5591 venerat.
1223 5519 1337 5573 Nisi
1367 5521 1508 5574 cnim
1538 5521 1641 5577 hoc
1662 5524 1811 5593 prius
1832 5527 2093 5580 creditum

502 5598 720 5670 fuisset;
751 5594 1026 5680 multoque
1048 5611 1216 5680 magis
1237 5620 1519 5681 postquam
1548 5625 1889 5670 accesserunt
1917 5632 2099 5672 resur-

568 5754 691 5825 ’μείς
713 5768 886 5807 montes
905 5757 1248 5825 Etlitietﬂatss.
1268 5764 1332 5816 At
1356 5764 1403 5812 in
1426 5770 1555 5815 Sora
1578 5773 1892 5818 Testamento
1916 5769 2092 5825 Graeco

502 5816 686 5933 igitur
709 5825 939 5877 ταςινδςμ,
962 5827 1016 5870 et
1039 5822 1088 5870 in
1112 5818 1316 5896 Vulgata
1342 5827 1583 5895 undecim;
1609 5837 1661 5878 et
1685 5816 1791 5879 luce
1807 5816 2097 5883 iera'l'ééiib

2194 541 2364 595 rectio
2395 549 2447 594 ct
2472 544 2791 610 assumptio,
2819 552 2987 598 totum
3013 543 3206 615 dogma
3228 543 3426 600 .Inda-is
3470 547 3795 605 incredibile

2190 632 2364 695 visum
2392 631 2600 697 fuisset.
2629 634 2968 705 Quapropter
2993 636 3193 693 sensim
3222 648 3277 693 et
3314 639 3571 708 paulatim
3600 654 3694 699 eos
3712 645 3795 697 ad

2189 724 2499 783 sublimiora
2547 726 2714 781 ducit.
2745 725 2972 783 Athenis
3002 744 3131 784 vero
3185 730 3455 786 hominem
3486 748 3612 788 eum
3648 735 3790 787 sint-

2190 818 2401 886 pliciter
2431 829 2586 875 vocat
2614 820 2834 886 Paulus,
2868 822 2999 877 nihil
3024 824 3257 893 amplius
3284 824 3491 881 addens
3519 824 3658 898 (Act.
3689 828 3790 884 17.

2188 911 2280 981 5|)
2304 930 2315 961 :
2339 922 2393 971 et
2418 914 2541 982 jure
2565 914 2805 986 quidem.
2854 916 3067 973 Etenim
3097 919 3142 973 si
3189 919 3363 988 ipsum
3389 921 3683 986 Christum,
3711 922 3795 979 de

2187 1019 2282 1058 sna
2308 1021 2428 1062 enin
2461 1006 2618 1073 Patre
2661 1008 2969 1075 aequalitate
2999 1009 3332 1080 loquentem,
3361 1026 3507 1081 sche
3535 1012 3788 1082 lapidare

2190 1105 2463 1154 tentarunt
2491 1097 2673 1167 (Joan.
2708 1098 2763 1153 8.
2792 1099 2905 1169 59),
2938 1100 3222 1172 ipsumque
3247 1101 3618 1173 blasphemum
3657 1104 3790 1160 ideo

2187 1199 2468 1258 rocaruut,
2484 1192 2570 1246 vix
2596 1191 2741 1245 illmn
2769 1207 3072 1252 sermonem
3101 1209 3131 1248 a
3160 1195 3518 1264 piscatoribus
3538 1197 3751 1268 accepis
3767 1228 3788 1238 -

2187 1290 2327 1347 Sent,
2352 1296 2474 1335 cum
2513 1282 2743 1337 maxime
2771 1297 2903 1337 crux
2925 1284 3313 1355 praecessisset.

2254 1371 2307 1425 2.
2354 1372 2421 1426 Ει
2458 1373 2584 1443 quid
2609 1373 2676 1429 dc
2709 1373 2912 1430 Judazis
2946 1375 3157 1446 loquar,
3183 1377 3399 1451 quando
3424 1377 3525 1449 ipsi
3565 1394 3789 1451 quoque

2185 1461 2468 1533 discipuli,
2505 1479 2628 1540 cum
2676 1464 2987 1537 sublimiora
3031 1467 3283 1522 audirent
3325 1450 3598 1545 dogmata,
3634 1450 3789 1540 saepe

2187 1552 2381 1607 turbati
2410 1564 2464 1608 et
2503 1555 2692 1611 offensi
2740 1559 2914 1612 sunt?
2954 1558 3085 1614 Ideo
3128 1559 3379 1615 dicebat:
3411 1560 3578 1616 Multa
3620 1562 3789 1619 Imbro

2185 1644 2322 1699 vobis
2361 1645 2544 1713 dicere,
2569 1647 2659 1701 sed
2683 1664 2786 1703 non
2825 1650 3032 1720 potestis
3059 1660 3265 1721 portare
3299 1654 3448 1709 modo
3476 1652 3656 1725 (Joau.
3687 1656 3783 1715 I6.

2186 1735 2297 1807 I2).
2319 1738 2374 1793 Si
2409 1740 2484 1793 illi
2514 1755 2620 1795 non
2657 1751 2925 1811 poterant,
2947 1744 3039 1814 qui
3064 1754 3214 1800 tanto
3244 1754 3486 1816 tempore
3508 1763 3634 1803 cum
3661 1747 3787 1819 ipso

2184 1838 2357 1895 erant,
2389 1831 2478 1901 qui
2520 1839 2599 1886 tot
2638 1847 2960 1907 arcanorum
2986 1847 3265 1893 consortes
3294 1847 3467 1908 erant,
3496 1851 3550 1896 et
3579 1849 3658 1896 tot
3693 1842 3784 1896 vi-

2183 1921 2374 1976 derant
2398 1922 2653 1983 miracula
2680 1941 2695 1979 :
2728 1925 2999 1995 quomodo
3024 1926 3272 1984 homines
3299 1946 3488 1991 recens
3511 1934 3680 1989 avulsi
3710 1936 3786 1992 ab

2182 2012 2313 2079 aris,
2351 2014 2420 2068 ab
2460 2013 2641 2082 idolis,
2668 2031 2701 2070 a
2748 2018 3050 2085 sacrificiis,
3078 2034 3110 2072 a
3159 2019 3371 2089 felibus,
3417 2038 3447 2075 a
3492 2023 3787 2081 crocodilis

2188 2103 2310 2175 (hic
2329 2106 2470 2160 enim
2494 2116 2614 2161 erat
2640 2108 2922 2177 gentilium
2952 2108 3198 2183 cultus);
3228 2112 3368 2183 quia
3390 2115 3602 2169 caeteris
3624 2116 3785 2171 malis

2185 2206 2311 2250 tunc
2356 2198 2584 2267 primum
2629 2197 2843 2254 abducti
2893 2200 3123 2269 fuerant,
3154 2203 3401 2258 sublimia
3431 2206 3611 2260 statim
3648 2205 3785 2277 dog-

2182 2299 2385 2344 matum
2409 2291 2568 2345 verba
2593 2293 2973 2363 accepissent?
3000 2294 3271 2365 quomodo
3292 2296 3456 2351 etiam
3484 2296 3783 2366 Juda-i,qui

2180 2384 2421 2453 quotidie
2452 2383 2730 2439 discebant
2778 2396 2834 2440 et
2892 2385 3310 2443 instituebantur
3354 2404 3385 2443 a
3430 2390 3547 2460 lege
3576 2408 3590 2443 :
3619 2393 3777 2460 Audi,

2184 2471 2373 2541 Israel,
2401 2472 2648 2537 Dominus
2670 2474 2811 2531 Dens
2835 2486 2971 2540 tuus,
2992 2476 3244 2533 Dominus
3266 2495 3396 2534 unus
3416 2489 3508 2548 est,
3529 2490 3575 2534 ct
3595 2491 3783 2551 prwter

2181 2584 2296 2621 eum
2336 2584 2438 2621 non
2477 2579 2551 2621 est
2588 2570 2721 2624 alius
2760 2569 2936 2641 (Dent.
2969 2572 3023 2625 6.
3052 2572 3147 2641 4);
3189 2571 3281 2641 qui
3320 2573 3492 2643 ipsum
3534 2574 3783 2641 viderant

2181 2659 2327 2714 cruci
2354 2658 2574 2714 affixum
2604 2676 2618 2726 ;
2673 2660 2780 2714 imo
2806 2662 2896 2732 qui
2926 2662 3311 2719 crucifixerant
3334 2676 3389 2719 et
3426 2652 3778 2736 sepelierant,
3846 2680 3859 2694 '

2168 2766 2356 2821 neque
2379 2751 2554 2821 ipsum
2595 2754 2973 2807 resuscitatum
3004 2754 3267 2823 viderant,
3297 2756 3577 2812 audientes
3620 2774 3782 2813 eum-

2180 2844 2304 2898 dem
2334 2844 2507 2909 ipsum
2531 2860 2651 2901 esse
2680 2847 2846 2901 Deum
2874 2856 2928 2901 et
2954 2847 3096 2902 Patri
3119 2850 3401 2919 mqualem,
3423 2866 3529 2905 non
3557 2853 3784 2909 omnino

2183 2936 2505 2998 resiliisseut
2532 2953 2595 2992 ac
2625 2940 3011 3005 rCCGSSiSselIl?
3040 2941 3270 3012 Ideoque
3295 2942 3549 3014 paulatim
3573 2952 3626 2999 et
3649 2959 3782 2999 sen-

2182 3027 2285 3082 sim
2319 3028 2437 3085 illos
2465 3030 2530 3084 ad
2564 3030 2768 3100 majora
2794 3031 3020 3098 ducunt,
3053 3043 3106 3089 ct
3135 3049 3255 3089 sese
3280 3035 3508 3089 multum
3539 3036 3668 3106 ipsis
3695 3045 3783 3090 at-

2185 3129 2508 3189 temperant.
2536 3122 2800 3179 Uberiore
2825 3141 2954 3180 vero
2974 3126 3207 3196 Spiritus
3233 3128 3404 3201 gratia
3430 3128 3696 3198 fruuntur,
3722 3140 3785 3187 et

2182 3214 2411 3289 majora,
2452 3229 2617 3289 quam
2657 3215 2907 3278 Christus
2945 3218 3109 3295 fepit,
3151 3220 3204 3295 in
3243 3220 3415 3297 ipsius
3450 3222 3666 3283 nomine
3704 3223 3784 3275 fa-

2183 3304 2367 3371 ciunt;
2401 3312 2459 3359 ut
2490 3306 2741 3376 utrinque
2767 3308 2914 3377 ipsos
2941 3308 3350 3378 humijaccntes
3380 3312 3607 3382 erigant,
3640 3323 3694 3367 et
3720 3323 3787 3368 nt

2185 3396 2566 3451 resurrectioni
2600 3398 2757 3453 Iidem
2791 3399 3040 3455 habeant.
3076 3401 3172 3456 llic
3196 3403 3396 3475 quippe
3424 3404 3559 3461 liber
3587 3403 3642 3458 in
3672 3405 3786 3472 pri-

2183 3486 2287 3541 mis
2337 3496 2420 3544 est
2474 3490 2888 3545 resurrectionis
2948 3491 3372 3558 demonstratio,
3412 3510 3513 3564 qua
3551 3495 3780 3563 credita,

2184 3588 2376 3653 cartera
2405 3581 2562 3639 facile
2601 3585 2916 3640 succedunt.
2941 3588 3331 3655 Argumentum
3356 3602 3485 3661 ergo
3504 3596 3559 3643 et
3586 3603 3785 3657 scopas

2185 3672 2346 3744 hujus
2366 3674 2505 3751 libri,
2541 3685 2599 3731 ut
2626 3679 2934 3733 summatim
2962 3677 3159 3743 dicam,
3189 3679 3277 3748 hic
3306 3681 3645 3748 potissimum
3675 3693 3780 3741 est.

2185 3764 2482 3845 Audiamus
2510 3767 2728 3823 demum
2769 3770 2881 3837 ipsa
2923 3771 3205 3838 prooemia.
3260 3769 3425 3842 (Cap.
3459 3768 3532 3844 1.)
3561 3772 3612 3827 1.
3660 3771 3785 3827 Pri.

2186 3874 2323 3910 mum
2350 3859 2551 3925 quidem
2595 3877 2875 3919 sermonem
2907 3862 3005 3931 [cci
3035 3863 3098 3919 de
3143 3863 3395 3931 omnibus,
3425 3882 3456 3918 ο
3481 3864 3785 3936 Tlteoplu'le,

2186 3965 2301 4017 qua:
2326 3953 2474 4022 cit-pit
2500 3951 2654 4006 Jestts
2682 3955 2848 4024 facere
2872 3963 2917 4006 et
2944 3954 3148 4028 docere.
3182 3956 3292 4011 Cur
3322 3956 3399 4011 illi
3434 3958 3785 4029 Evangelium

2189 4043 2242 4107 in
2270 4046 2584 4107 memoriam
2618 4048 2877 4107 revocat?
2906 4046 2975 4102 Ut
3000 4049 3398 4105 accurationem
3426 4065 3577 4109 suam
3605 4060 3790 4106 osten-

2188 4139 2301 4196 dat.
2337 4139 2469 4195 Natn
2499 4142 2650 4197 initio
2673 4143 2815 4207 illius
2842 4144 3022 4213 operis
3052 4144 3194 4199 dixit
3223 4163 3234 4198 :
3288 4143 3466 4207 Visum
3490 4156 3562 4213 est
3587 4155 3635 4201 et
3664 4148 3790 4200 mihi

2189 4242 2458 4305 assequuto
2484 4235 2658 4303 omnia
2703 4252 2735 4288 a
2781 4235 3031 4306 principio
3070 4236 3360 4307 diligenter,
3387 4254 3452 4293 ex
3494 4239 3670 4293 ordine
3699 4238 3791 4291 tibi

2189 4328 2405 4383 scribere
2439 4328 2591 4398 (Luc.
2614 4330 2667 4384 1.
2696 4330 2777 4395 5).
2805 4329 2988 4401 Neque
3017 4346 3116 4384 suo
3142 4339 3430 4385 contentus
3451 4331 3785 4395 testimonio,

2193 4430 2361 4476 totum
2390 4421 2555 4477 refert
2580 4422 2646 4476 ad
2673 4424 2971 4492 apostolos,
3014 4422 3201 4480 dicens
3232 4441 3244 4476 :
3291 4424 3437 4478 Sicut
3471 4424 3793 4501 tradiderunt

2192 4512 2354 4584 nobis,
2384 4514 2470 4584 qui
2508 4513 2570 4566 ob
2619 4515 2764 4568 initio
2813 4516 2913 4582 ipsi
2953 4515 3207 4589 viderunt,
3242 4525 3287 4569 et
3321 4515 3541 4568 ministri
3588 4517 3793 4583 fuerunt

2194 4606 2463 4659 sermonis.
2498 4605 2704 4671 Idcirco
2734 4616 3013 4676 postquam
3046 4606 3282 4662 sermoni
3316 4606 3474 4661 fidem
3504 4607 3574 4660 ibi
3603 4606 3792 4659 conci-

2196 4696 2361 4763 liarit,
2393 4696 2478 4751 hic
2508 4697 2611 4750 alia
2649 4697 3060 4752 confirmatione
3108 4714 3241 4764 opus
3299 4714 3403 4752 non
3457 4697 3637 4760 habet,
3667 4712 3794 4752 cum

2194 4788 2527 4856 Theophilus
2560 4788 2669 4856 jam
2698 4780 3008 4857 persuasus,
3050 4805 3114 4843 ac
3155 4807 3249 4859 per
3277 4790 3404 4843 illml
3431 4805 3566 4859 opus
3606 4790 3674 4863 dc
3698 4804 3797 4844 ac-

2195 4888 2377 4931 curata
2413 4879 2486 4932 rei
2517 4866 2741 4933 veritate
2767 4879 3041 4933 institutus
3064 4890 3233 4935 esset.
3267 4868 3583 4957 Etenitn‘cui
3612 4880 3797 4935 habita

2201 4970 2329 5024 fides
2358 4980 2440 5023 cst
2480 4971 2735 5033 scribenti
2779 4987 2899 5040 qum
2929 4970 3208 5037 audierat;
3263 4972 3431 5025 multo
3478 4972 3647 5040 magis
3678 4985 3801 5025 cre-

2198 5060 2404 5115 demlns
2432 5070 2533 5122 est,
2561 5075 2682 5114 cum
2715 5076 2776 5115 ea
2804 5052 3009 5126 Scribit,
3032 5078 3137 5115 non
3168 5078 3286 5131 qua:
3314 5062 3383 5115 ab
3411 5061 3533 5116 aliis
3561 5063 3799 5132 arcepit,

2200 5152 2292 5206 sed
2340 5169 2457 5221 qua:
2503 5153 2637 5207 vidit
2661 5161 2716 5207 et
2745 5153 2970 5207 audii-it.
2997 5152 3131 5207 Nam
3163 5154 3206 5208 si
3234 5169 3294 5209 ea
3324 5169 3444 5224 qua:
3471 5155 3540 5210 de
3577 5154 3801 5211 Christo

2201 5243 2340 5298 dicta
2368 5253 2514 5309 sunt,
2545 5245 2736 5311 inquit,
2765 5255 2981 5314 accepta
3013 5244 3264 5310 habuisti,
3296 5248 3466 5302 multo
3497 5250 3665 5320 magis
3708 5264 3802 5303 ac-

2201 5337 2368 5406 cipies
2394 5353 2455 5392 ea
2483 5353 2604 5407 quae
2632 5337 2700 5392 de
2726 5338 2983 5406 apostolis
3008 5338 3250 5393 dicturus
3279 5355 3420 5395 sum.
3438 5342 3574 5411 Quid
3604 5344 3805 5413 igitur?

2202 5444 2269 5499 an
2294 5428 2514 5499 historia
2548 5438 2751 5484 tantum
2785 5429 2888 5482 hoc
2916 5445 3073 5499 opus,
3102 5440 3152 5485 ct
3183 5431 3384 5503 Spiritu
3414 5449 3640 5496 vacuum
3677 5438 3803 5490 est?

2204 5520 2571 5590 Nequaquam.
2604 5523 2723 5586 Quo
2753 5522 2950 5591 pacto?
2981 5523 3243 5590 Quoniam
3272 5542 3356 5590 ea,
3390 5542 3509 5594 qua:
3560 5528 3658 5597 ipsi
3692 5539 3799 5581 tra-

2205 5609 2455 5666 diderunt
2483 5612 2514 5664 ii
2539 5612 2627 5682 qui
2657 5611 2903 5667 viderant
2930 5622 2983 5668 et
3011 5616 3240 5670 ministri
3268 5618 3534 5677 sermonis
3564 5618 3799 5695 fuerant,

2204 5718 2269 5764 es
2302 5702 2500 5772 Spiritu
2531 5715 2707 5767 erant.
2740 5703 2808 5763 Et
2838 5720 2933 5767 cur
2962 5720 3066 5760 non
3098 5707 3252 5769 dixit,
3285 5707 3433 5765 Sicut
3464 5710 3803 5766 tradiderunt

2207 5797 2382 5860 nobis,
2409 5797 2501 5866 qui
2534 5796 2736 5866 Spiritu
2765 5807 2955 5852 sancto
2991 5798 3191 5868 dignati
3240 5809 3413 5863 erant,
3460 5802 3577 5867 sed,
3611 5803 3710 5868 Qui
3739 5784 3801 5856 ob

2210 5887 2351 5942 initio
2378 5889 2651 5942 ridrrunt?
2689 5890 2822 5959 Quia
2853 5889 2950 5945 hoc
2980 5893 3207 5944 maxime
3232 5891 3386 5945 tidem
3423 5891 3563 5953 racit,
3589 5909 3710 5947 cum
3736 5894 3801 5967 ab
