4092 6442
300 414 364 470 ῃ
1338 393 1405 450 IN
1442 391 1626 450 ACTA
1667 391 2169 450 APOSTOLORUM
2212 393 2442 452 llOMlL.
2480 396 2521 451 Ι.
3535 410 3600 468 13

298 531 363 588 iis
387 524 510 598 ipsis
535 521 627 594 qui
657 517 913 576 viderunt
947 523 1243 579 narratur;
1297 509 1426 565 illud
1455 525 1586 565 vero
1634 524 1889 581 arrogan-

299 625 420 680 tiam
451 627 505 675 et
531 615 732 672 fastum
765 626 878 684 prae
904 625 967 666 se
1001 607 1211 664 tulisset
1239 603 1379 675 apud
1405 603 1741 674 insipientes.
1774 601 1896 657 Ideo

296 717 526 774 Joannes
568 707 788 765 dicebat
821 724 837 760 :
867 702 981 775 Ego
1007 701 1132 768 vidi,
1159 708 1206 753 et
1247 695 1590 752 testimonium
1639 693 1893 765 perltibui,

296 809 413 876 quia
433 805 512 859 hic
533 810 608 856 est
641 799 814 854 Filius
833 794 929 850 Dei
961 793 1140 864 (Joan.
1169 792 1218 847 l.
1383 786 1632 844 Christus
1660 800 1790 841 vero
1815 783 1895 840 sic

296 897 584 967 alloquitur
609 889 963 947 Nicodemum
989 885 1163 940 adhuc
1182 881 1458 937 rudiorcm
1486 898 1500 934 :
1534 879 1686 947 Quod
1708 878 1894 932 scimus

297 992 572 1061 loquimur,
609 995 658 1040 et
702 982 840 1056 quod
888 979 1107 1033 vidimus
1153 984 1419 1040 testantur,
1463 980 1507 1028 et
1555 969 1892 1025 testimonium

295 1091 526 1136 nostrum
565 1092 712 1131 nemo
758 1073 944 1142 accipit
980 1068 1088 1140 (Id.
1123 1068 1176 1124 5.
1203 1065 1315 1138 Η).
1348 1067 1425 1120 Ac
1468 1078 1683 1118 rursum
1711 1075 1893 1115 osseu-

293 1175 429 1230 dens
475 1171 646 1227 multa
674 1184 739 1223 ex
781 1165 1064 1221 oculorum
1113 1157 1423 1215 testimonio
1453 1154 1578 1218 dici,
1613 1151 1893 1224 discipulis

294 1267 504 1323 dicebat
523 1283 536 1318 :
562 1261 631 1316 Et
648 1277 734 1315 vos
754 1259 864 1312 testi
868 1253 1093 1326 ﬁcantini
1115 1253 1176 1306 de
1193 1267 1291 1318 nte,
1310 1250 1430 1320 quia
1447 1247 1508 1302 ab
1528 1245 1675 1301 initio
1695 1261 1891 1298 mecum

295 1361 414 1417 estis
439 1356 552 1430 (Id.
584 1355 673 1412 15.
701 1351 819 1426 27).
854 1348 1093 1422 Apostoli
1136 1359 1348 1417 quoque
1391 1356 1536 1412 saepe
1563 1341 1633 1395 ita
1664 1339 1892 1408 loquun-

296 1464 414 1508 tur:
447 1451 619 1506 Testes
648 1465 740 1503 nos
767 1455 814 1501 et
840 1444 1065 1514 Spiritus
1109 1447 1344 1504 sanctus,
1384 1451 1533 1506 quem
1568 1433 1707 1486 dedit
1751 1430 1889 1484 Deus

292 1545 612 1602 credentibus
635 1543 688 1596 in
723 1556 776 1594 se
803 1539 940 1611 (Act.
969 1536 1024 1590 2.
1053 1532 1166 1605 52).
1210 1531 1402 1586 Postea
1431 1541 1558 1583 vero
1584 1526 1797 1588 Petrus,
1832 1531 1890 1577 ut

291 1634 678 1695 resurrectioni
711 1631 870 1687 ﬁdem
916 1627 1096 1692 faciat,
1124 1623 1252 1679 dicit
1282 1639 1298 1675 :
1331 1621 1432 1685 Qui
1475 1616 1888 1671 ntanducat'intus

293 1743 338 1785 et
363 1731 579 1784 bibimus
618 1740 732 1778 cum
766 1723 856 1776 illo
892 1719 1051 1791 (Ibid.
1082 1716 1169 1771 IO.
1213 1713 1330 1786 41).
1361 1710 1593 1766 Facilius
1622 1708 1766 1764 enim
1795 1721 1887 1762 co-

291 1840 412 1880 ntm
454 1817 822 1876 testimonium
863 1809 1257 1872 admittebant,
1297 1805 1387 1876 qui
1425 1802 1622 1858 versati
1679 1799 1887 1854 fuerant

290 1934 414 1973 cum
449 1915 565 1979 illo,
597 1910 739 1983 quod
765 1907 943 1964 adhuc
973 1907 1129 1974 longe
1156 1902 1410 1956 abessent
1440 1913 1470 1952 a
1499 1896 1688 1951 notitia
1716 1892 1886 1963 Spiri-

291 2023 398 2067 tus.
421 2006 784 2078 Quamobrem
812 2000 1047 2057 Joannes
1075 1997 1126 2051 in
1164 1991 1455 2062 Evangelio
1479 1987 1694 2045 dicebat
1721 2001 1779 2041 se
1807 1985 1886 2038 vi-

287 2107 452 2170 disse,
487 2102 557 2158 de
583 2097 844 2170 sanguine
869 2103 925 2150 et
952 2107 1090 2164 aqua
1136 2090 1382 2159 loquens,
1413 2083 1684 2140 oculatum
1732 2078 1882 2134 testi-

289 2197 531 2254 monium
552 2201 612 2248 ut
639 2191 928 2246 maximum
956 2198 1193 2257 ponens;
1223 2177 1433 2236 etiamsi
1460 2174 1632 2232 oculis
1652 2172 1882 2229 certiora

287 2293 397 2347 sint
422 2303 485 2344 ea
516 2301 639 2356 qua:
678 2299 709 2338 a
741 2281 948 2352 Spiritu
990 2275 1432 2348 proficiscuntur;
1474 2267 1570 2324 sed
1607 2278 1714 2320 non
1741 2262 1880 2335 apud

287 2355 625 2440 incredulos.
653 2373 808 2445 Quod
842 2387 969 2428 vero
999 2369 1230 2440 Spiritus
1256 2363 1530 2438 particeps
1556 2359 1733 2415 Lucas
1761 2355 1878 2412 fue-

285 2479 377 2544 rit,
403 2491 470 2532 ex
519 2470 705 2528 multis
753 2465 1095 2539 perspicuum
1121 2469 1236 2528 est;
1291 2469 1403 2514 tum
1431 2473 1500 2514 ex
1546 2454 1713 2526 signis
1760 2466 1881 2524 qum

286 2577 412 2624 tunc
439 2565 662 2625 ﬁebant.
694 2571 806 2617 tum
829 2557 969 2630 quod
1001 2555 1094 2611 illo
1136 2563 1378 2623 tempore
1405 2548 1628 2621 quilibet
1647 2545 1880 2617 Spiritus

282 2669 464 2717 essent
504 2656 836 2729 participes;
880 2661 990 2707 tum
1030 2665 1098 2705 ex
1137 2645 1286 2703 Pauli
1326 2641 1677 2700 testimonio:
1718 2638 1880 2709 Cujus

281 2753 392 2806 laus
432 2759 508 2804 est
543 2750 598 2803 in
641 2745 898 2817 evangelio
937 2743 1014 2817 (2.
1038 2739 1157 2796 Cor.
1181 2737 1377 2809 8.18),
1418 2733 1630 2805 inquit;
1674 2740 1784 2786 tum
1810 2745 1876 2784 ex

282 2842 646 2898 ordinationis
670 2837 915 2902 calculo:
963 2842 1087 2906 post
1131 2831 1260 2887 illud
1291 2829 1434 2886 enim
1465 2825 1652 2882 addit:
1697 2823 1803 2879 Sed
1828 2831 1877 2876 et

279 2938 548 2991 ordinatus
573 2942 646 2988 est
674 2933 738 2986 ab
778 2929 1018 2985 Ecclesits
1043 2941 1206 2980 comes
1243 2918 1664 2996 peregrinationis
1690 2928 1878 2971 nostra:

277 3030 330 3082 in
354 3029 491 3081 hanc
516 3025 755 3098 gratiam,
782 3036 895 3094 qtae
911 3020 1227 3074 ministratur
1254 3031 1286 3069 a
1319 3011 1485 3067 nobis.
1571 3045 1574 3048 ~

353 3121 408 3175 ὅ.
439 3097 662 3173 Ειίνίάο
686 3128 844 3185 quam
874 3111 945 3167 sit
974 3125 1007 3166 a
1042 3110 1181 3164 fastu
1209 3107 1434 3162 alienus.
1473 3101 1590 3157 Non
1621 3100 1764 3155 enim
1795 3097 1875 3152 di-

273 3212 368 3278 cit,
393 3210 633 3266 Primum
655 3205 1008 3276 evangelium,
1033 3199 1177 3273 quod
1197 3195 1584 3268 evangelizavi;
1610 3192 1701 3248 sed
1711 3234 1726 3259 ,
1757 3189 1876 3244 Pri-

275 3320 414 3358 mum
434 3315 716 3356 sermonem
746 3297 859 3371 feci,
895 3311 956 3350 se
984 3294 1238 3364 majorem
1269 3305 1389 3346 esse
1419 3295 1611 3360 putans
1636 3298 1871 3354 evange-

276 3395 334 3451 lii
360 3392 775 3465 appellationem
805 3407 818 3443 :
851 3388 1060 3444 etiamsi
1088 3385 1237 3440 illum
1265 3382 1388 3438 inde
1415 3378 1692 3450 apostolus
1725 3379 1871 3432 cele-

277 3487 416 3551 bret,
464 3485 650 3541 dicens
689 3501 703 3538 :
748 3482 906 3552 Cujus
945 3482 1057 3536 laus
1094 3487 1167 3532 est
1211 3479 1263 3532 in
1302 3475 1581 3546 evangelio.
1630 3470 1736 3528 Sed
1783 3470 1873 3525 ille

276 3582 522 3636 modeste
559 3579 638 3633 sic
667 3577 899 3647 loquitur
929 3594 942 3628 :
972 3572 1206 3628 Primum
1231 3570 1436 3643 quidem
1465 3581 1749 3622 sermonem
1777 3564 1874 3636 feci

278 3673 341 3725 de
368 3671 621 3734 omnibus,
655 3685 684 3722 ο
714 3666 1014 3737 TlteOphile,
1037 3679 1150 3735 qua:
1176 3663 1322 3731 erepit
1351 3661 1500 3715 Iesus
1526 3664 1694 3731 facere
1714 3666 1759 3711 et
1781 3657 1874 3710 do-

279 3780 418 3830 cere;
448 3777 556 3816 non
589 3759 923 3830 simpliciter,
954 3757 1028 3811 De
1053 3755 1320 3819 omnibus,
1349 3751 1442 3808 scd
1467 3767 1496 3805 a
1525 3749 1785 3822 principio
1805 3747 1872 3803 ad

279 3855 434 3909 linem
461 3865 632 3922 usque
663 3871 676 3906 :
710 3849 890 3920 Usque
917 3848 982 3903 ad
1006 3846 1169 3911 diem,
1201 3846 1392 3915 inquit,
1425 3859 1530 3915 quo
1563 3853 1871 3910 assumptus

279 3956 380 4003 est.
411 3946 572 4017 Atqui
603 3945 834 4001 Joannes
857 3941 1094 3997 declarat
1132 3954 1236 3994 non
1277 3951 1434 4008 posse
1471 3935 1648 3990 omnia
1687 3932 1868 3988 scribi.

282 4038 351 4095 Ut
371 4039 517 4091 enim
549 4038 652 4091 hoc
675 4033 941 4100 ostendat,
965 4041 1243 4103 postquam
1266 4029 1508 4084 dixerat:
1534 4026 1660 4093 ρκω
1684 4027 1728 4080 si
1747 4025 1873 4080 scri-

279 4135 470 4200 bantur
480 4132 697 4201 singula,
716 4145 816 4205 nec.
825 4128 843 4180 i
846 4114 992 4198 psunt
1012 4125 1229 4179 arbitror
1246 4121 1404 4175 mund
1409 4138 1492 4174 unt
1515 4136 1659 4190 posse
1670 4135 1867 4186 capere,

279 4226 465 4297 adjicit
485 4267 502 4290 ,
531 4224 636 4279 Eos
659 4225 743 4290 qui
771 4221 1023 4276 scribendi
1059 4228 1176 4274 sunt
1211 4218 1364 4272 libros
1393 4214 1588 4287 (Joan.
1615 4215 1707 4270 21.
1736 4214 1807 4271 25
1827 4214 1869 4286 ).

279 4316 561 4386 Quomodo
590 4315 769 4385 igitur,
801 4313 1030 4383 inquies,
1069 4311 1156 4365 hic
1200 4310 1267 4364 de
1305 4309 1554 4364 onmibus
1593 4307 1873 4379 loquitur?

281 4414 351 4464 At
377 4425 488 4464 non
516 4408 668 4474 dixit,
696 4405 906 4471 Omnia,
937 4403 1052 4469 sed,
1085 4403 1164 4456 De
1188 4401 1416 4456 omnibus
1439 4417 1457 4455 :
1487 4415 1550 4455 ac
1573 4401 1617 4456 si
1644 4401 1762 4472 quis
1787 4399 1873 4454 di-

281 4511 365 4558 cat
388 4500 697 4556 summatim
718 4499 842 4554 etin
862 4513 1086 4568 genere;
1117 4505 1209 4551 aut
1228 4495 1294 4551 de
1318 4495 1567 4550 omnibus
1590 4509 1708 4563 qum
1729 4508 1876 4548 com-

282 4604 469 4665 petunt
490 4602 544 4648 et
571 4601 776 4663 urgent.
808 4591 1006 4646 Deinde
1029 4587 1262 4645 ostendit
1285 4603 1403 4659 quae
1425 4587 1528 4641 sint
1556 4585 1642 4640 illa
1670 4584 1870 4650 omnia,

285 4688 411 4756 Qum
437 4687 589 4755 capit
617 4684 763 4740 Jesus
790 4688 954 4755 facere
983 4693 1028 4736 ct
1056 4683 1270 4748 docere;
1313 4679 1568 4735 miracula
1601 4693 1794 4748 nempe
1820 4687 1875 4734 et

282 4782 583 4837 doctrinam
609 4777 967 4832 subindicans.
999 4775 1183 4847 Neque
1211 4774 1312 4830 hoc
1336 4783 1537 4828 tantum
1557 4814 1573 4841 ,
1602 4771 1698 4828 sed
1732 4770 1873 4842 quod

278 4875 442 4933 etiam
487 4870 730 4926 faciendo
767 4870 1006 4926 doceret.
1051 4869 1186 4924 Vide
1211 4877 1389 4924 autem
1417 4867 1560 4921 illius
1587 4865 1874 4936 benignum

285 4965 743 5036 apostolicumque
768 4964 1000 5018 animum
1023 5005 1037 5031 ,
1071 4963 1159 5034 qui
1186 4961 1270 5017 vel
1297 4961 1436 5016 illius
1459 4959 1689 5015 hominis
1713 4972 1874 5013 causa

288 5061 420 5114 hanc
449 5057 689 5126 suscepit
715 5065 1018 5111 accuratam
1044 5070 1263 5126 operam
1284 5095 1298 5117 ,
1334 5061 1392 5106 ut
1421 5061 1589 5106 totum
1629 5051 1872 5120 Evange-

287 5152 407 5205 lium
448 5149 728 5205 scriberet.
773 5145 841 5203 Ut
881 5148 1097 5214 habeas,
1128 5147 1316 5216 inquit,
1359 5161 1552 5211 eorum,
1592 5142 1655 5196 de
1697 5142 1875 5214 quibus

282 5243 508 5298 eruditus
531 5257 606 5308 es,
635 5255 922 5295 sermonum
949 5239 1208 5293 veritatem
1239 5235 1386 5309 (Luc.
1424 5236 1475 5290 l.
1507 5233 1585 5307 4).
1620 5233 1878 5289 Audierat

282 5335 423 5389 enim
451 5331 722 5388 Christum
751 5331 1017 5386 dicentem
1048 5349 1061 5383 :
1088 5328 1210 5383 Non
1233 5338 1303 5384 est
1330 5328 1560 5382 voluntas
1585 5325 1756 5380 Patris
1777 5325 1876 5380 mei

283 5435 337 5478 at
361 5433 531 5495 pereat
555 5440 687 5476 unus
714 5439 777 5478 ex
805 5422 885 5476 his
912 5421 1111 5491 pusillis
1141 5425 1159 5492 (
1183 5418 1369 5472 Matth.
1398 5419 1484 5474 18.
1515 5419 1583 5472 M
1606 5417 1644 5488 ).
1683 5416 1751 5470 Et
1779 5432 1875 5471 cur

223 5569 230 5574 .
285 5530 389 5569 non
410 5531 572 5569 unum
600 5515 793 5571 librum
818 5512 944 5568 fecit
974 5512 1062 5566 uni
1091 5509 1392 5580 TheOphilo
1420 5508 1754 5573 mittendum,
1779 5506 1874 5561 sed

283 5609 335 5663 in
371 5607 478 5662 duo
511 5606 732 5679 partitus
760 5614 845 5663 est
869 5602 1217 5676 argumenta?
1256 5601 1654 5674 Perspicuitatis
1678 5613 1835 5656 causa
1856 5640 1872 5666 ,

283 5712 336 5757 et
372 5709 430 5756 ut
471 5701 928 5756 intermissionem
973 5696 1125 5752 daret
1162 5694 1389 5749 auditori
1425 5712 1438 5747 :
1469 5694 1704 5763 alioquin
1747 5706 1874 5746 vero

281 5793 521 5850 distincta
543 5803 670 5850 sunt
687 5791 976 5850 amborum
997 5796 1330 5859 argumenta.
1354 5785 1676 5841 Consideres
1693 5793 1871 5838 autem

280 5890 432 5946 velim
450 5931 469 5962 ,
495 5889 765 5963 quomodo
794 5885 1046 5944 Christus
1079 5899 1171 5956 per
1197 5897 1356 5955 opera
1389 5881 1544 5936 dictis
1573 5879 1682 5935 suis
1716 5877 1869 5933 ﬁdem

2003 510 2318 565 conciliarit.
2361 508 2445 568 Ad
2491 514 2953 572 mansuetudinem
2994 515 3340 589 hortabatur,
3379 523 3596 581 dicens:

2002 599 2196 656 Discite
2213 619 2244 654 a
2262 619 2358 667 me,
2373 603 2493 674 quia
2515 605 2649 659 mitis
2677 623 2788 661 sum
2815 618 2862 661 et
2887 610 3092 664 humilis
3112 613 3264 666 corde
3286 612 3595 679 (Matthll.

1999 689 2115 762 29).
2146 690 2380 746 Docebat
2400 704 2788 765 paupertatem,
2815 707 2868 753 et
2893 699 3036 755 illam
3065 716 3157 770 per
3183 717 3349 774 opera
3370 706 3596 764 exhibe-

2001 783 2089 838 bat
2112 802 2127 837 :
2161 799 2283 839 nam
2316 785 2488 842 Filius
2512 789 2730 845 hominis
2757 808 2857 845 non
2881 792 3027 847 habet
3057 795 3140 848 ubi
3160 806 3312 867 caput
3337 815 3485 853 suum
3513 817 3598 855 re-

1998 876 2150 930 clinet
2180 876 2302 946 (Id.
2332 878 2386 934 8.
2413 879 2524 950 20)
2551 921 2566 945 ,
2598 880 2782 952 inquit.
2815 882 3042 940 Jubebat
3092 903 3302 943 rursum
3348 889 3596 948 inimicos

1998 967 2241 1038 diligere.
2277 970 2391 1026 Hoc
2420 972 2472 1026 in
2503 987 2664 1029 cruce
2683 974 2865 1030 docuit
2889 991 3010 1032 cum
3037 993 3132 1048 pro
3159 981 3594 1052 cruciﬁgentibus

1999 1070 2247 1128 precatus
2275 1069 2375 1116 est.
2410 1061 2651 1129 Dicebat,
2685 1062 2890 1120 Valenti
2913 1075 3076 1122 tecum
3098 1070 3150 1123 in
3172 1069 3365 1138 iudicio
3384 1083 3596 1129 conten-

1996 1152 2116 1207 dere
2141 1162 2188 1207 et
2214 1154 2437 1209 tunicam
2466 1166 2605 1210 tuam
2631 1156 2827 1224 tollere,
2851 1159 3046 1215 dimitte
3071 1161 3118 1214 ei
3138 1170 3184 1214 et
3210 1163 3422 1230 pallium
3451 1163 3471 1234 (
3503 1163 3591 1218 Id.

1994 1247 2048 1302 5.
2077 1246 2185 1317 40)
2213 1264 2228 1302 :
2263 1247 2376 1317 ipse
2401 1263 2532 1304 vero
2561 1265 2668 1304 non
2698 1251 2869 1305 solum
2905 1254 3256 1319 vestimenta,
3294 1254 3389 1309 sed
3429 1257 3589 1310 etiam

1993 1339 2306 1410 sanguinem
2335 1354 2488 1395 suum
2519 1341 2685 1397 dedit.
2721 1342 2811 1397 Sic
2840 1344 3000 1398 etiam
3027 1343 3320 1416 discipulos
3348 1363 3477 1403 suos
3508 1349 3590 1402 la-

1993 1446 2117 1487 cere
2136 1432 2315 1502 jussit.
2347 1434 2683 1505 Quapropter
2712 1434 2919 1491 dicebat
2962 1436 3154 1491 Paulus
3188 1455 3201 1491 :
3229 1436 3374 1493 Sicut
3397 1438 3590 1494 habetis

1992 1525 2210 1593 formam
2238 1533 2461 1579 nostram
2490 1524 2751 1597 (Philipp.
2783 1527 2836 1582 5.
2862 1526 2972 1600 17).
3004 1527 3148 1583 Nihil
3175 1529 3316 1584 enim
3343 1529 3587 1601 frigidius

1991 1616 2230 1683 doctore,
2256 1618 2342 1687 qui
2365 1617 2543 1672 verbis
2561 1626 2763 1673 tantum
2786 1619 3223 1689 philosophatur:
3247 1635 3422 1692 neque
3441 1622 3585 1677 enim

1993 1708 2096 1764 hoc
2119 1709 2354 1764 doctoris
2382 1719 2500 1778 est,
2530 1710 2624 1766 sed
2647 1709 2960 1781 hypocritze.
2991 1711 3194 1768 Idcirco
3219 1714 3443 1782 apostoli
3473 1715 3584 1784 pri-

1992 1822 2138 1861 mum
2161 1807 2437 1877 exemplo,
2467 1807 2591 1862 hinc
2609 1807 2787 1863 verbis
2814 1807 3106 1874 docebant;
3140 1809 3249 1863 imo
3277 1825 3384 1864 non
3407 1809 3586 1865 verbis

1989 1914 2125 1969 opus
2155 1897 2442 1964 habebant,
2470 1900 2723 1969 operibus
2745 1900 2873 1970 ipsis
2894 1900 3265 1957 clamantibus.
3288 1900 3473 1972 Neque
3492 1900 3585 1954 ab-

1990 1991 2247 2046 erraverit
2278 1991 2324 2045 si
2353 1991 2473 2060 quis
2504 1992 2806 2061 passionem
2834 1991 2951 2062 ejus
2979 1993 3243 2048 actiot‘tem
3273 1993 3581 2050 vocaverit:

1987 2083 2241 2153 patiendo
2267 2098 2494 2154 namque
2517 2099 2766 2153 maguum
2793 2083 2920 2138 illud
2944 2084 3291 2154 mirabileque
3311 2099 3445 2155 Opus
3465 2083 3583 2140 edi-

1986 2174 2081 2239 dit,
2127 2189 2234 2244 quo
2274 2183 2502 2230 mortem
2544 2175 2726 2242 solvit,
2769 2189 2834 2230 ac
2878 2175 3084 2245 reliqua
3125 2175 3305 2230 omnia
3350 2176 3579 2246 peregit.

1985 2265 2040 2319 2.
2074 2265 2245 2338 Usque
2263 2267 2316 2321 in
2334 2267 2488 2334 diem,
2509 2283 2612 2338 qua
2634 2259 2932 2337 praecipiens
2951 2267 3194 2339 apostolis
3216 2283 3304 2337 per
3329 2267 3582 2338 Spiritum

1983 2368 2234 2426 sanctum,
2253 2376 2380 2428 quos
2406 2360 2575 2431 elegit,
2607 2369 2897 2431 assumptus
2923 2368 3015 2414 est.
3045 2358 3151 2414 Per
3177 2358 3428 2431 Spiritunt
3451 2375 3581 2428 pra:-

1984 2451 2199 2524 cipiens,
2229 2451 2282 2506 id
2313 2462 2418 2520 est,
2445 2451 2742 2522 spirit‘ualia
2773 2451 2916 2522 apud
2944 2451 3090 2522 ipsos
3115 2450 3345 2521 loquens
3375 2465 3581 2522 praece—

1985 2555 2096 2616 pta,
2127 2544 2366 2616 nihilque
2398 2545 2710 2600 humanum.
2743 2545 2839 2600 Vel
2869 2544 2971 2601 hoc
2997 2559 3128 2616 ergo
3149 2543 3469 2611 dicendum;
3498 2543 3581 2616 vel

1983 2637 2124 2708 quod
2152 2652 2250 2707 per
2275 2635 2533 2707 Spiritum
2563 2637 2693 2708 ipsis
2719 2637 3061 2708 pratceperit.
3091 2636 3276 2701 Vides,
3307 2636 3580 2708 quomodo

1981 2730 2158 2786 adhuc
2181 2729 2248 2785 de
2268 2727 2483 2785 Christo
2507 2729 2780 2785 humiliter
2808 2729 3076 2800 loquatur,
3099 2736 3159 2784 ut
3175 2738 3232 2784 et
3255 2728 3372 2799 ipse
3395 2727 3464 2784 de
3490 2743 3581 2784 se-

1982 2820 2098 2891 ipso
2122 2819 2472 2891 loquebatur,
2505 2819 2691 2875 dicens
2715 2837 2729 2873 :
2753 2818 2815 2875 Si
2853 2828 3022 2874 autem
3056 2834 3143 2888 ego
3171 2819 3224 2872 in
3254 2817 3456 2888 Spiritu
3485 2817 3578 2872 Dei

1964 2913 2128 2984 ,ejicio
2155 2911 2408 2966 daemonia
2436 2910 2648 2985 (Matth.
2671 2910 2757 2967 I2.
2792 2909 2927 2983 28)?
2955 2909 3170 2966 Etenim
3201 2910 3430 2982 Spiritus
3454 2925 3580 2965 san-

1980 3015 2097 3061 ctus
2122 3004 2174 3060 in
2201 3003 2290 3060 illo
2317 3003 2515 3074 templo
2539 3002 2878 3075 operabatur.
2913 3002 3053 3071 Quid
3079 3013 3254 3058 autem
3285 3002 3577 3074 prmecpit?

1981 3097 2176 3152 Euntes
2205 3098 2377 3150 docete
2405 3113 2577 3151 omnes
2604 3103 2774 3168 gentes
2794 3137 2807 3160 ,
2840 3094 3152 3164 baptizantes
3181 3111 3270 3150 eos
3289 3096 3344 3149 in.
3374 3094 3579 3150 nomine

1980 3186 2156 3242 Patris
2186 3197 2233 3242 et
2263 3187 2391 3241 Filii
2419 3196 2464 3241 et
2497 3186 2724 3253 Spiritus
2752 3187 2951 3251 sancti;
2989 3189 3222 3241 docentes
3255 3202 3340 3240 eos
3379 3201 3580 3244 servare

1979 3281 2152 3335 omnia
2179 3295 2502 3352 quwcumque
2529 3279 2769 3333 mandavi
2799 3278 2935 3332 vobis
2969 3278 2986 3349 (
3014 3277 3102 3331 Id.
3148 3279 3243 3333 ‘28.
3301 3277 3388 3334 19.
3432 3277 3502 3332 20
3533 3278 3573 3347 ).

1977 3373 2164 3444 Magna
2211 3371 2328 3428 laus
2365 3371 2766 3442 apostolorum,
2798 3387 2918 3426 cum
2960 3371 3082 3425 talia
3130 3371 3259 3443 ipsis
3287 3370 3581 3426 commissa

1978 3465 2118 3529 sint,
2154 3464 2404 3519 nimirum
2444 3463 2606 3518 totius
2643 3463 2789 3517 orbis
2832 3463 3010 3529 salus;
3059 3478 3180 3517 eum
3220 3461 3383 3518 etiam
3413 3461 3576 3518 verba

1976 3558 2174 3628 Spiritu
2203 3557 2360 3628 plena
2398 3564 2578 3610 essent
2612 3574 2624 3609 :
2656 3555 2706 3609 id
2747 3555 2888 3624 quod
2935 3554 3279 3610 Subindicaus
3308 3552 3534 3608 dicebat
3557 3593 3574 3619 ,

1977 3646 2082 3702 Per
2123 3648 2376 3717 Spiritum
2415 3656 2684 3708 sanctum;
2727 3644 2776 3699 id
2822 3653 2944 3710 est,
2972 3643 3149 3699 Verba
3175 3660 3294 3714 quae
3321 3644 3576 3714 loquutus

1977 3756 2094 3797 smn
2125 3741 2296 3806 vobis,
2325 3740 2554 3810 Spiritus
2583 3748 2726 3794 sunt.
2761 3738 2874 3793 lloc
2903 3753 3064 3808 porro
3091 3737 3241 3802 dicit,
3275 3746 3333 3792 ut
3360 3737 3572 3792 audito-

1977 3849 2090 3889 rem
2134 3832 2200 3888 ad
2239 3832 2729 3898 concupiscentiam
2775 3830 2948 3886 trahat
2996 3829 3237 3886 discendi
3281 3839 3571 3901 praecepta,

1977 3925 2342 3994 apostolisque
2372 3922 2530 3977 Iidem
2561 3923 2814 3979 conciliet
2839 3941 2851 3978 :
2881 3922 3144 3993 siquidem
3171 3937 3234 3977 ea
3255 3963 3270 3989 ,
3304 3937 3423 3993 qua:
3450 3929 3582 3978 sunt.

1979 4015 2229 4086 Spiritus,
2261 4014 2532 4085 loquuturi
2581 4024 2739 4082 sunt,
2783 4029 2992 4070 necnon
3040 4025 3307 4084 prmcepta
3350 4013 3584 4070 Christi.

1977 4108 2112 4166 Cum
2146 4107 2510 4178 przccepisset,
2549 4107 2739 4177 inquit,
2779 4107 3083 4173 Assumptus
3119 4115 3212 4160 est.
3259 4104 3376 4160 Non
3415 4104 3583 4169 dixit,

1978 4199 2271 4266 Ascendit;
2313 4199 2435 4269 quia
2465 4198 2534 4253 de
2560 4199 2652 4252 illo
2683 4206 2740 4252 ut
2765 4198 2833 4252 de
2865 4197 3080 4252 homine
3109 4196 3280 4251 adhuc
3319 4196 3572 4266 loquitur.

1979 4295 2109 4350 Post
2147 4294 2593 4350 resurrectionem
2633 4308 2848 4364 quoque
2888 4292 3116 4348 fortasse
3155 4292 3444 4361 discipulos
3477 4291 3576 4347 dt»-

1979 4387 2118 4453 cuit;
2149 4386 2244 4441 sed
2270 4385 2374 4440 hoc
2401 4393 2571 4452 totum
2601 4393 2812 4454 tempus
2839 4399 2997 4439 nemo
3027 4383 3179 4438 nobis
3210 4392 3458 4439 accurate
3483 4398 3578 4438 cx-

1977 4479 2214 4552 plicavit.
2247 4478 2446 4533 Verum
2477 4476 2604 4533 huic
2629 4477 2702 4531 rei
2745 4476 2914 4548 magis
2951 4475 3267 4530 immoratur
3302 4474 3538 4530 Joannes
3559 4515 3575 4540 ,

1978 4587 2138 4643 quam
2166 4570 2346 4626 caeteri
2372 4611 2388 4638 ,
2420 4579 2477 4624 ut
2507 4570 2593 4624 hic
2619 4583 2862 4640 quoque;
2893 4567 2986 4624 sed
3017 4567 3194 4622 nullus
3222 4567 3400 4621 omnia
3430 4566 3576 4622 clare

1979 4663 2250 4719 recensuit
2280 4680 2293 4717 :
2344 4661 2410 4718 ad
2438 4661 2580 4716 aliud
2611 4661 2808 4732 quippe
2837 4659 3182 4715 festinabant.
3234 4659 3363 4713 llzcc
3413 4673 3578 4728 porro

1980 4757 2265 4812 didicimus
2293 4770 2393 4826 per
2413 4753 2706 4825 apostolos,
2733 4753 2822 4823 qui
2845 4768 2908 4808 ea
2931 4768 3050 4823 quae
3073 4751 3354 4806 audierant
3375 4749 3576 4805 retule-

1981 4850 2394 4918 runt.5.Quibus
2410 4860 2456 4903 et
2477 4849 2692 4921 praebuit
2709 4849 2932 4917 seipsum
2948 4848 3131 4901 vivum.
3151 4845 3426 4916 Loquutus
3451 4852 3581 4901 ante

1980 4947 2048 5002 de
2072 4945 2462 5017 assumptione,
2480 4944 2592 5014 jam
2618 4944 2686 4998 de
2713 4941 3106 4998 resurrectione
3121 4940 3248 5012 agit.
3271 4939 3407 5009 Quia
3428 4939 3580 4995 enim

1980 5039 2209 5107 dixerat,
2234 5039 2538 5108 Assumptus
2568 5046 2640 5090 est
2660 5078 2675 5102 ,
2712 5051 2782 5091 ne
2818 5043 3036 5106 putares
3065 5034 3216 5090 illum
3243 5033 3310 5089 ab
3335 5034 3455 5088 aliis
3482 5047 3574 5088 as.

1981 5141 2251 5202 sumptum
2281 5131 2468 5198 fuisse,
2493 5129 2790 5199 subjunxil,
2824 5128 3018 5197 Quibus
3041 5138 3087 5182 et
3114 5127 3329 5200 prwbuit
3355 5129 3576 5197 seipsum

1980 5225 2169 5279 vivum.
2201 5223 2334 5279 Nam
2363 5223 2408 5279 si
2440 5223 2492 5278 in
2515 5223 2709 5294 majori
2738 5237 2797 5278 re
2822 5222 3060 5291 seipsum
3092 5219 3372 5284 exhibuit,
3405 5217 3576 5271 multo

1981 5317 2151 5389 magis
2176 5317 2228 5371 in
2256 5315 2468 5371 minori.

2052 5413 2106 5467 4.
2142 5411 2326 5466 Videu’
2353 5410 2624 5480 quomodo
2647 5409 2948 5466 clanculum
2971 5409 3088 5464 lucc
3110 5421 3300 5478 magna
3326 5403 3578 5460 dissemi-

1981 5514 2074 5562 net
2092 5504 2374 5575 dogmata?
2395 5501 2501 5558 Per
2521 5503 2628 5557 dies
2648 5503 2986 5573 quadraginta
3006 5515 3256 5570 apparens
3278 5497 3368 5551 eis.
3392 5496 3578 5566 Neque

1981 5600 2147 5666 enim,
2169 5607 2228 5654 ut
2253 5607 2379 5654 ante
2403 5598 2851 5654 resurrectionem
2870 5637 2886 5660 ,
2916 5608 3130 5662 semper
3149 5606 3272 5647 cum
3301 5590 3408 5646 illis
3437 5598 3574 5646 erat.

1981 5691 2216 5748 Observa
2240 5698 2417 5745 autem
2439 5705 2545 5746 non
2567 5689 2767 5744 dixisse
2789 5688 2957 5755 illum,
2977 5683 3337 5756 Quadraginta
3363 5683 3574 5747 diebus,

1983 5784 2096 5850 sed,
2129 5784 2233 5839 Per
2260 5784 2367 5838 dies
2393 5783 2753 5853 quadraginta.
2783 5779 3117 5835 Adveniebat
3141 5779 3284 5833 enim
3307 5819 3323 5844 ,
3354 5787 3412 5833 et
3434 5791 3570 5831 avo-

1985 5876 2126 5933 labat
2155 5891 2389 5933 rursum.
2421 5875 2634 5943 Quare?
2665 5875 2888 5931 Animos
2917 5871 3134 5930 illorum
3160 5871 3225 5928 ad
3250 5871 3442 5928 altiora
3473 5873 3573 5929 du-
