4092 6452
531 420 594 475 t9
1236 428 1291 486 S.
1329 430 1608 491 JOANNIS
1643 435 2114 498 CIIRYSUSTOMI
2143 444 2458 508 AItCIIIEP.
2490 454 3021 525 CONSTANTINOP.

522 535 677 591 vehat
700 579 715 603 ,
762 555 860 595 nec
899 541 1106 598 sinebat
1139 545 1258 601 illos
1289 549 1508 616 perinde
1537 567 1661 621 erga
1698 570 1757 608 se
1785 556 1926 610 affici
1953 567 2112 628 atque

522 636 699 683 antea.
734 629 842 686 Nec
861 633 976 688 sine
1001 650 1159 691 causa
1191 637 1292 694 hoc
1317 641 1524 710 agebat,
1558 644 1652 698 sed
1681 655 1963 718 utrumque
1993 650 2114 704 dili-

520 728 708 786 genter
753 736 1082 792 prmparans,
1119 737 1174 781 ut
1217 733 1540 787 resurrectio
1579 735 1907 802 crederetur,
1955 751 2008 793 et
2055 750 2114 796 ut

525 811 696 878 major
739 813 852 882 ipse
899 827 1176 884 putaretur
1214 835 1334 874 esse
1355 863 1371 886 ,
1405 838 1563 892 quam
1595 826 1774 882 homo.
1808 830 1967 899 Atqui
1997 830 2114 885 lucc

518 912 670 956 erant
706 904 844 960 inter
883 921 943 962 se
981 912 1270 965 contraria.
1301 911 1370 968 Ut
1397 916 1540 969 enim
1572 922 1895 975 resurrectio
1921 923 2110 978 crede-

518 1003 684 1057 retur,
713 993 943 1052 humana
972 1000 1135 1054 multa
1164 1002 1277 1057 fieri
1308 1008 1618 1074 oportebat;
1650 1019 1706 1065 ut
1731 1012 1957 1067 alterum
1983 1030 2111 1070 vero

522 1085 828 1142 firmaretur
850 1131 864 1154 .
895 1107 999 1145 non
1032 1093 1180 1149 item.
1214 1097 1462 1153 Attamen
1491 1110 1776 1174 utrumque
1806 1119 2109 1176 opportuno

518 1184 760 1246 tempore
803 1179 998 1236 factum
1035 1195 1132 1239 est.
1188 1187 1297 1243 Cur
1342 1202 1517 1246 autem
1561 1211 1666 1250 non
1707 1200 1973 1264 omnibus,
2013 1201 2107 1256 sed

514 1271 775 1338 apostolis
804 1284 1004 1330 tantum
1036 1281 1315 1348 apparuit?
1343 1282 1473 1351 Quia
1504 1287 1682 1342 multis
1710 1289 1760 1343 id
1790 1290 2105 1359 phantasma

517 1360 688 1416 visum
717 1362 921 1432 fuisset,
945 1369 1036 1439 qui
1063 1385 1317 1426 arcanum
1343 1377 1582 1445 mysterii
1608 1393 1714 1433 non
1742 1392 2021 1436 noverant.
2049 1383 2104 1438 Si

513 1450 658 1504 enim
693 1455 789 1523 ipsi
823 1455 1070 1526 discipuli
1101 1475 1206 1515 non
1235 1463 1527 1520 credebant
1552 1467 1702 1522 initio
1730 1479 1785 1525 et
1817 1473 2106 1531 turbaban-

512 1551 619 1610 tur,
649 1555 898 1616 tactuque
935 1566 1122 1607 manus
1162 1569 1297 1624 opus
1341 1556 1625 1626 habebant,
1667 1579 1873 1619 necnon
1917 1583 2101 1623 mensa

508 1638 798 1703 communi,
823 1643 1089 1708 quomodo
1117 1645 1303 1715 vulgus
1332 1647 1580 1705 affet-tum
1611 1651 1832 1708 fuisset?
1859 1658 2103 1727 Quapro-

511 1734 631 1794 pter
659 1742 724 1782 ex
757 1725 1026 1787 miraculis
1048 1735 1397 1792 indubitatam
1421 1741 1593 1795 reddit
1617 1746 2097 1817 resurrectionem;

510 1818 580 1871 ita
616 1829 673 1873 ut
699 1837 803 1875 non
837 1823 940 1880 illis
962 1834 1162 1882 tantum
1193 1841 1316 1886 tunc
1348 1837 1602 1904 temporis
1631 1836 1937 1896 hominibus
1958 1885 1970 1908 ,
2004 1848 2098 1901 sed

510 1910 759 1965 onmibus
803 1925 982 1982 postea
1023 1930 1168 1974 certa
1217 1921 1352 1976 foret
1397 1929 1737 1982 resurrectio.
1771 1930 1922 1998 Quod
1955 1936 2098 1990 enim

508 2000 560 2053 in
599 1999 706 2056 illis
745 2004 1036 2062 effecerunt
1073 2024 1357 2082 conspecta
1406 2018 1577 2087 signa,
1627 2020 1728 2076 hoc
1777 2025 1827 2078 in
1869 2029 2098 2095 poStcris

507 2097 756 2152 otnuibus
781 2114 877 2168 per
908 2102 1066 2158 (idem
1098 2106 1333 2162 futurtnn
1365 2122 1498 2164 erat.
1533 2113 1656 2168 Ideo
1687 2116 1810 2171 hinc
1841 2119 2094 2176 incredu-

505 2187 588 2242 los
631 2196 958 2260 argumentis
1010 2197 1332 2267 impetimus.
1387 2204 1443 2259 Si
1494 2223 1598 2260 non
1643 2214 1954 2280 resurrexit,
2000 2216 2094 2271 sed

507 2291 750 2334 mortuus
779 2295 979 2354 manet,
1009 2293 1281 2358 quomodo
1310 2294 1360 2348 in
1389 2297 1602 2354 nomine
1627 2301 1743 2369 ejus
1763 2307 1988 2372 apostoli
2019 2309 2094 2362 si-

504 2386 606 2439 gna
627 2371 906 2432 fecerunt?
932 2381 1000 2433 At
1023 2397 1126 2435 non
1152 2383 1329 2440 fecere
1353 2388 1646 2444 miracula?
1672 2394 1949 2460 Quomodo
1962 2416 2094 2471 ergo

502 2475 635 2540 gens
681 2475 860 2523 nostra
896 2475 1168 2528 constitit?
1211 2476 1324 2532 Non
1365 2481 1506 2535 enim
1544 2483 1668 2541 huic
1708 2490 1914 2544 veritati
1945 2493 2090 2547 obsi-

503 2537 650 2608 titent
689 2571 862 2626 neque
905 2565 1212 2640 pugnabunt
1252 2581 1434 2624 contra
1468 2589 1550 2640 ea,
1585 2592 1704 2646 qua:
1733 2580 1832 2635 sub
1861 2597 2090 2654 conspe-

502 2652 645 2699 ctum
671 2647 886 2704 cadunt.
923 2651 1102 2724 Itaque
1131 2660 1344 2726 quando
1374 2662 1553 2718 dicunt
1582 2709 1597 2732 ,
1628 2685 1733 2724 non
1765 2673 1896 2726 facta
1927 2675 2093 2733 fuisse

502 2737 789 2804 miracula,
843 2751 970 2799 tunc
1013 2738 1182 2818 magis
1225 2765 1345 2820 sese
1389 2756 1739 2816 confundunt.
1793 2763 1904 2821 lloc
1946 2769 2089 2824 enim

501 2830 790 2887 maximum
836 2847 978 2890 esset
1023 2841 1358 2912 miraculum,
1398 2849 1442 2902 si
1483 2851 1599 2904 sine
1637 2855 1907 2912 miraculis
1949 2868 2090 2917 totus

417 2923 420 2926 ’
499 2923 645 2978 orbis
669 2928 1012 2998 accurrisset,
1043 2948 1071 2985 a
1098 2935 1378 2991 duodecim
1405 2945 1726 3011 pauperibus
1747 2957 1801 3002 et
1823 2949 2089 3008 illiteratis

500 3012 808 3073 hominibus
834 3031 1040 3090 captus.
1067 3023 1252 3096 Neque
1279 3031 1420 3084 enim
1452 3037 1689 3102 pecuniis
1713 3079 1727 3100 ,
1761 3055 1865 3095 non
1898 3044 2091 3105 verbo-

500 3121 618 3160 rum
646 3111 906 3178 sapientia
927 3155 940 3178 ,
983 3130 1088 3170 nou
1116 3119 1223 3174 alio
1252 3123 1410 3177 simili
1443 3128 1601 3183 modo
1621 3130 1914 3199 piscatores
1943 3139 2088 3202 vice-

500 3186 658 3264 runt;
707 3211 762 3256 ut
799 3205 881 3258 vel
923 3207 1072 3262 inviti
1102 3216 1458 3277 conﬁteantur
1490 3219 1724 3290 divinam
1753 3225 1804 3280 in
1841 3228 1944 3283 illis
1969 3245 2089 3288 esse

501 3288 791 3348 virtutem:
825 3310 1000 3366 neque
1031 3301 1172 3355 enim
1218 3304 1462 3363 humanae
1499 3311 1638 3371 vires
1670 3317 1794 3370 talia
1835 3335 2085 3392 umquam

498 3380 679 3438 facere
705 3388 992 3454 potuerint.
1021 3389 1148 3447 Ideo
1175 3394 1265 3451 ille
1289 3399 1637 3481 quadraginta
1675 3405 1864 3464 diebus
1894 3380 2088 3473 mansit

499 3483 620 3541 post
650 3481 1130 3550 resurrectionem;
1161 3492 1268 3540 tam
1298 3488 1455 3560 longo
1491 3508 1812 3570 conspectus
1842 3501 1922 3556 sui
1957 3518 2084 3573 spa-

499 3563 574 3616 tio
601 3565 676 3618 rei
707 3569 981 3625 veritatem
1011 3569 1369 3645 comprobans
1394 3623 1409 3648 ,
1443 3599 1510 3637 ne
1539 3584 1590 3638 ld
1616 3588 1758 3663 quod
1787 3591 2080 3665 videbatur,

495 3654 809 3724 phantasma
838 3677 958 3719 esse
991 3676 1256 3733 putarent.
1286 3670 1470 3743 Neque
1498 3674 1581 3730 his
1607 3654 1910 3747 contentus,
1932 3701 2082 3740 mcu-

491 3763 606 3803 sam
639 3753 798 3808 etiam
829 3755 1064 3825 addidit,
1095 3760 1144 3816 id
1177 3763 1316 3832 quod
1345 3767 1505 3822 etiam
1542 3781 1723 3840 postea
1752 3773 1899 3832 dicit.
1928 3779 1980 3834 4.
2012 3781 2081 3835 Et

493 3858 789 3898 convescens
816 3863 930 3900 cum
956 3851 1077 3904 illis.
1121 3853 1233 3909 Hoc
1269 3867 1446 3933 autem
1483 3862 1582 3931 ipsi
1613 3869 1840 3935 apostoli
1867 3884 2081 3942 semper

493 3931 546 3985 in
584 3940 992 3995 resurrectionis
1028 3931 1400 4014 argumentum
1441 3965 1784 4023 sumpserunt
1817 3959 2076 4033 dicentes,

497 4026 598 4092 Qui
637 4029 1052 4088 manducavimus
1081 4046 1125 4090 et
1155 4037 1369 4095 bibimus
1394 4059 1508 4098 cum
1532 4045 1621 4100 illo
1651 4047 1672 4119 (
1693 4050 1804 4104 Act.
1834 4052 1919 4109 10.
1943 4056 2003 4110 bl
2033 4026 2077 4128 )i

492 4117 630 4182 Quid
670 4131 848 4176 autetn
879 4139 1143 4193 apparens
1170 4128 1390 4196 fecerit,
1421 4148 1517 4203 per
1540 4117 1814 4208 sequentia
1841 4117 2079 4202 ostendit

489 4208 673 4264 dicens
701 4229 715 4265 :
745 4215 1011 4284 Apparens
1036 4217 1158 4287 illis,
1192 4233 1236 4274 et
1257 4223 1465 4292 loquens
1494 4228 1558 4281 de
1578 4246 1733 4299 regno
1761 4231 1856 4288 Dei
1875 4237 1911 4290 ¹.
1941 4238 2076 4306 Quia

489 4316 615 4355 vero
639 4302 830 4371 dejecti
862 4309 1054 4365 animis
1082 4323 1255 4380 erant,
1280 4324 1334 4369 et
1363 4318 1556 4373 turbati
1584 4321 1654 4376 ob
1682 4337 1764 4388 ea,
1793 4341 1912 4395 qua:
1937 4302 2074 4386 facxa

488 4389 734 4458 fuerant,
769 4403 928 4466 atque
952 4398 1019 4452 ad
1051 4417 1237 4471 magna
1266 4404 1520 4477 deinceps
1549 4412 1742 4468 exituri
1773 4427 1925 4472 erant
1950 4436 2071 4477 cer-

487 4483 682 4538 tamina
707 4525 722 4549 ,
763 4501 1012 4546 sermone
1046 4493 1186 4548 circa
1215 4496 1388 4552 futura
1418 4499 1602 4557 habito
1634 4520 1882 4563 recreans
1912 4511 2035 4568 illos
2055 4555 2068 4580 ,

486 4571 736 4644 Praecepit
759 4578 821 4630 ab
839 4577 1175 4652 Jerosolymis
1194 4603 1256 4640 ne
1274 4588 1602 4657 discederent,
1621 4596 1710 4649 sed
1729 4610 2072 4668 exspectarent

483 4665 864 4733 promissionem
905 4668 1100 4746 Patris.
1141 4675 1322 4732 Primo
1370 4680 1422 4734 in
1465 4681 1736 4740 Galilaeam
1775 4688 2071 4749 deduxerat

479 4770 576 4809 eos
599 4756 775 4813 adhuc
793 4758 1146 4820 formidantes
1171 4779 1218 4822 et
1250 4777 1558 4839 trementes,
1588 4784 1645 4828 ut
1671 4791 1790 4832 cum
1823 4779 2068 4840 libertate

479 4846 618 4900 dicta
649 4851 912 4907 audirent.
948 4839 1148 4914 Deinde
1175 4875 1296 4914 cum
1324 4863 1614 4928 audissent.
1662 4878 1715 4924 et
1758 4871 1811 4926 in
1847 4873 1931 4931 his
1972 4894 2069 4946 per

479 4937 828 5010 quadraginta
859 4944 973 5001 dies
1003 4957 1183 5004 essent
1213 4956 1427 5020 versati,
1454 4955 1706 5028 Prtecepit
1730 4963 1802 5016 eis
1827 4966 1890 5019 ab
1916 4937 2066 5022 Jer-o-

475 5031 686 5101 solymt's
709 5050 772 5087 ne
790 5037 1118 5094 discederent.
1150 5042 1358 5110 Quare?
1387 5047 1532 5103 Sicut
1559 5052 1755 5108 milites
1777 5055 1830 5109 iu
1853 5059 2062 5127 agmina

476 5123 775 5193 irrupturos
816 5145 973 5186 nemo
1020 5135 1144 5188 sinit
1189 5138 1357 5204 exire,
1398 5140 1572 5197 donec
1604 5147 1792 5201 armati
1840 5148 2056 5219 fuerint,

473 5230 651 5286 neque
681 5234 848 5288 equos
878 5238 944 5276 ex
975 5239 1191 5281 carcere
1218 5232 1453 5296 exsilire,
1485 5235 1791 5306 priusquam
1822 5243 2061 5312 aurigam

471 5312 610 5365 nacti
652 5313 906 5371 sintzsic
949 5332 1122 5388 neque
1165 5321 1284 5377 illos
1324 5336 1446 5380 ante
1487 5329 1774 5385 adventum
1825 5333 2059 5403 Spiritus

471 5404 640 5458 sancti
670 5406 721 5460 in
749 5407 864 5463 acie
889 5423 1207 5480 comparere
1237 5418 1510 5485 permisit,
1545 5437 1612 5475 ne
1639 5421 1799 5479 facile
1818 5440 1847 5479 a
1875 5427 2057 5484 multis

471 5509 819 5564 caperentur.
846 5502 1033 5574 Neque
1064 5515 1345 5575 prepterea
1375 5519 1599 5578 tantum,
1631 5516 1722 5569 sed
1753 5519 1874 5586 quia
1902 5521 2053 5577 multi

471 5597 628 5642 erant
670 5591 778 5646 illic
817 5597 1096 5651 credituri.
1131 5598 1208 5652 Ad
1238 5599 1352 5654 hmc
1378 5617 1536 5668 vero,
1567 5620 1633 5660 ne
1661 5607 1875 5676 quidam
1903 5612 2052 5668 dice-

470 5691 590 5734 rent
617 5683 780 5751 ipsos,
809 5691 985 5744 missis
1009 5692 1151 5748 notis
1179 5704 1230 5748 et
1261 5698 1647 5754 contribulibus
1685 5703 1797 5758 suis
1817 5745 1830 5768 ,
1859 5706 1925 5761 ad
1954 5722 2051 5762 ex-

533 5831 721 5921 :
753 5835 1277 5921 legithzﬂ‘ujd‘autent
1295 5847 1470 5921 fecerit,
1484 5863 1572 5912 per
1596 5853 1919 5921 quadraginta
1943 5859 2047 5911 dies

463 5901 708 5956 apparens
736 5898 861 5950 eis?
883 5898 1160 5964 loquebatur
1184 5907 1244 5957 de
1268 5898 1412 5974 regno
1437 5898 1543 5961 Dei.

3754 495 3826 551 ΞΟ

2220 573 2438 625 traneos
2481 582 2855 638 ostentationis
2899 602 3058 644 causa
3105 595 3395 667 migrasse;
3439 603 3638 664 idcirco
3677 619 3821 683 apud

3182 662 3202 666 ν
3381 662 3392 667 ,
3587 662 3628 664 ,_
3678 662 3818 683 Ὗ.--

2222 674 2316 714 eos
2347 662 2511 731 ipsos,
2551 671 2639 738 qui
2671 672 2856 732 Jesunt
2892 683 3247 756 occiderant,
3277 693 3428 765 signa
3459 703 3701 769 prmbent
3729 725 3818 762 re-

2219 756 2586 825 surrectionis,
2611 766 2752 833 apud
2779 783 2895 837 eos,
2921 773 3158 846 inquam,
3188 782 3277 852 qui
3298 790 3698 866 erucilixerant,
3723 802 3816 870 qui

2221 845 2540 870 nnnnlt.._-_.
2617 853 2628 863 ·
2702 857 2713 867 ο
2905 861 2918 870 .
3038 868 3047 870 μ
3078 869 3085 870 ,
3130 869 3139 870 κ

2998 845 3007 846 ,
3205 845 3220 852 -
3488 845 3570 849 r"'
3588 845 3698 866 ""‘l
3724 845 3740 854 ‘
3766 845 3816 856 “"

2221 845 2540 911 sepelierant
2565 892 2582 918 ,
2615 853 2668 909 in
2700 857 2812 927 ipsa
2837 861 2970 920 urbe
3001 868 3087 924 ubi
3117 869 3324 930 facinus
3365 878 3584 950 impium
3627 845 3816 958 patrla-

2225 943 2332 990 tmn
2367 939 2568 1011 fuerat;
2603 946 2673 1002 ita
2706 962 2764 1005 ut
2797 961 3040 1017 extranei
3067 978 3258 1022 omnes
3287 969 3410 1028 hinc
3436 976 3814 1042 obmutescere

2217 1041 2556 1118 cogerentur.
2585 1036 2718 1095 Cum
2744 1045 2886 1101 enim
2913 1048 2968 1116 ii,
2992 1053 3081 1122 qui
3108 1059 3503 1132 cruciliserant,
3531 1068 3668 1126 inter
3691 1089 3816 1131 cre-

2216 1119 2406 1178 dentes
2439 1141 2840 1203 comparerent;
2877 1139 3001 1196 hinc
3027 1155 3176 1204 certe
3205 1159 3259 1204 et
3283 1157 3459 1210 cruris
3484 1168 3538 1214 et
3569 1171 3673 1217 tam
3703 1164 3813 1220 ini-

2214 1211 2302 1278 qui
2332 1211 2585 1273 facinoris
2614 1235 2818 1280 certum
2851 1229 3104 1290 indicium
3125 1279 3140 1305 ,
3169 1248 3224 1294 et
3249 1249 3657 1308 resurrectionis
3687 1271 3811 1312 ma-

2211 1316 2372 1370 gnum
2403 1305 2700 1369 ducebatur
2735 1332 3126 1389 argumentum.
3181 1330 3388 1391 Deinde
3424 1354 3493 1394 ne
3537 1341 3804 1414 dicerent,

2212 1393 2319 1414 η--
2439 1399 2452 1414 ι
2846 1413 2849 1414 ν

3447 1393 3483 1394 η
3544 1393 3804 1414 ω---ν---ς

2211 1393 2491 1461 Quomodo
2528 1419 2656 1476 ergo
2683 1413 2979 1478 poterimus
3005 1417 3146 1475 inter
3177 1431 3282 1478 tam
3321 1429 3517 1486 mullos
3555 1433 3807 1495 homines

2209 1490 2442 1548 nefarios
2469 1505 2522 1551 et
2549 1497 2845 1560 homicidas
2871 1507 3088 1579 degere,
3125 1529 3223 1571 nos
3245 1520 3332 1588 qui
3367 1522 3435 1577 ita
3465 1529 3618 1594 pauci
3645 1539 3700 1583 et
3728 1532 3809 1586 vi-

2209 1581 2285 1636 les
2311 1591 2532 1644 sumus?
2562 1593 2685 1648 vide
2723 1602 2990 1666 quomodo
3035 1604 3174 1664 hanc
3211 1616 3510 1683 angustiam
3553 1624 3808 1692 expediat

2207 1682 2259 1727 et
2293 1677 2467 1733 solvat
2512 1681 2696 1740 dicens
2727 1703 2740 1740 :
2768 1689 2877 1745 Sed
2900 1709 3246 1765 exspectarent
3271 1709 3655 1773 promissionem
3691 1715 3800 1770 Pa-

2207 1766 2316 1832 tris,
2348 1786 2500 1840 quant
2531 1777 2746 1834 audistis
2773 1797 2804 1834 a
2829 1799 2924 1838 me.
2957 1785 3024 1841 Et
3048 1794 3412 1866 quandonam,
3443 1801 3672 1872 inquies,
3698 1824 3802 1863 au-

2205 1859 2453 1918 dierunt?
2481 1865 2612 1924 Cum
2645 1873 2846 1932 diceret
2877 1879 3138 1950 :Expedit
3179 1891 3316 1946 vobis
3363 1904 3415 1947 ut
3457 1859 3549 1966 egi)
3589 1902 3794 1959 vadum.

2205 1948 2266 2004 Si
2316 1956 2448 2009 enim
2503 1975 2602 2014 non
2647 1965 2818 2022 abiero
2841 2011 2854 2033 ,
2905 1970 3205 2032 Paraclelus
3250 1998 3351 2036 non
3397 1988 3556 2040 veniet
3603 1993 3671 2045 ad
3713 2009 3802 2050 vos

2203 2039 2527 2149 (Joatt.hl(i.
2571 2051 2670 2123 7);
2716 2067 2770 2110 et
2813 2076 3022 2116 rursum
3046 2106 3058 2128 ,
3096 2066 3206 2138 Ego
3237 2074 3422 2143 rogabo
3458 2039 3796 2149 Patrobii;

3142 2131 3165 2138 ..
3294 2131 3318 2143 ν
3590 2131 3599 2133 ν
3632 2131 3656 2132 ⁷⁷
3685 2131 3702 2149 ν
3746 2131 3792 2137 ⁷’

2201 2131 2358 2186 alium
2409 2133 2730 2198 Parua/etum
2775 2151 2935 2206 mittet
2979 2155 3150 2224 vobis,
3197 2171 3252 2213 ut
3300 2178 3498 2220 maneat
3540 2171 3795 2227 vobiscum

2203 2224 2609 2305 (Id.tt.l6).

2270 2323 2322 2377 5.
2376 2325 2438 2379 Et
2480 2342 2576 2383 cur
2604 2347 2710 2387 non
2752 2335 2964 2393 Christo
3013 2357 3310 2415 prmsente‘,
3353 2354 3434 2408 vel
3465 2372 3567 2412 non
3610 2363 3793 2418 statim

2198 2424 2319 2482 post
2364 2420 2480 2486 ejus
2523 2421 2853 2494 discessum,
2885 2432 3100 2489 advenit
3127 2437 3378 2511 Spiritus,
3421 2449 3514 2503 sed
3544 2451 3793 2511 Christus

2195 2507 2596 2580 quadragesima
2621 2515 2706 2572 die
2731 2523 2992 2589 ascendit,
3025 2525 3256 2596 Spiritus
3282 2550 3408 2590 vero
3429 2539 3644 2598 advenit
3666 2560 3792 2600 eunt

2196 2601 2557 2669 compleretur
2579 2609 2693 2664 dies
2722 2611 3110 2674 Pentecostes?
3148 2624 3246 2692 Ac,
3267 2628 3310 2680 si
3349 2631 3581 2688 nondum
3626 2637 3793 2694 adve-

2197 2703 2348 2746 nerat
2383 2694 2488 2762 ille,
2530 2703 2798 2768 quomodo
2827 2705 3072 2766 Christus
3091 2711 3303 2772 dicebat
3326 2735 3340 2772 :
3367 2721 3592 2790 Accipite
3613 2727 3790 2798 Spiri-

2196 2791 2300 2837 tum
2328 2800 2558 2846 sanctum
2589 2794 2609 2864 (
2637 2793 2724 2849 Id.
2755 2799 2842 2854 20.
2872 2799 2942 2862 22
2967 2803 3028 2873 )?
3055 2806 3121 2862 Ut
3159 2809 3280 2866 illos
3321 2829 3546 2885 capaces
3591 2791 3789 2880 redde-

2194 2884 2279 2936 ret
2292 2889 2449 2950 atque
2467 2883 2689 2944 idoneos
2706 2893 3018 2962 accipiendo
3035 2898 3278 2968 Spiritui.
3299 2904 3353 2960 Si
3371 2883 3513 2964 enim
3536 2916 3787 2984 angelum

2194 2968 2404 3025 visurus
2455 2973 2672 3043 Daniel,
2722 2981 3113 3045 dissolvebatur
3157 2994 3316 3062 (Dan.
3361 2997 3415 3055 8.
3459 2968 3789 3072 l7),:nulto

2194 3062 2362 3129 magis
2395 3063 2447 3126 hi
2480 3066 2530 3120 id
2558 3074 2764 3138 passuri
2795 3087 2969 3144 erant,
3002 3089 3203 3143 tantam
3225 3094 3491 3159 accepturi
3527 3062 3780 3164 gratiam.

2195 3149 2290 3205 Vel
2315 3151 2415 3209 hoc
2441 3156 2723 3220 dicendum
2751 3176 2870 3235 est,
2895 3171 2980 3226 vel
3008 3176 3149 3244 quod
3181 3193 3294 3234 rem
3329 3149 3560 3241 futuram
3594 3199 3649 3243 ut
3671 3191 3782 3260 jam

2193 3240 2384 3299 factam
2415 3246 2657 3321 diceret;
2694 3265 2750 3310 ut
2787 3273 2908 3314 cum
2951 3240 3064 3318 ait:
3095 3265 3298 3323 Calcate
3333 3289 3489 3344 supra
3527 3240 3785 3348 serpentes

2191 3344 2237 3387 et
2278 3341 2607 3411 scorpiones,
2651 3356 2698 3399 et
2725 3365 2883 3420 supra
2922 3369 3120 3411 omnem
3159 3363 3387 3418 virtutem
3415 3367 3608 3423 inimici
3629 3369 3781 3440 (Luc.

2191 3425 2281 3493 10.
2313 3429 2421 3500 l9),
2455 3432 2560 3502 cur
2588 3446 2767 3506 autem
2817 3458 2923 3506 non
2965 3453 3091 3503 tunc
3115 3451 3294 3516 statim
3322 3456 3576 3523 advenit?

2191 3520 2334 3575 tebat
2355 3539 2448 3580 eos
2478 3529 2551 3591 rei
2582 3528 2850 3588 desiderio
2882 3539 3074 3608 teneri,
3100 3551 3261 3614 atque
3288 3547 3356 3602 ita
3381 3551 3606 3618 gratiam
3638 3520 3782 3612 accio

2189 3624 2334 3678 pere.
2368 3613 2492 3670 ldco
2528 3629 2804 3698 postquam
2848 3625 2942 3694 ille
2971 3613 3319 3702 discesserat,
3351 3613 3582 3711 spiritus
3610 3644 3778 3706 advcv

2187 3705 2285 3760 nit.
2325 3705 2380 3763 Si
2409 3709 2500 3764 illo
2527 3725 2793 3780 praesente
2819 3720 3086 3794 venisset,
3114 3740 3220 3795 non
3247 3727 3299 3784 in
3329 3705 3473 3798 tanta
3499 3747 3779 3806 exspecta-

2188 3796 2333 3850 tione
2363 3796 2609 3856 fuissent.
2641 3802 2844 3863 Idcirco
2864 3825 3041 3881 neque
3064 3816 3242 3882 statim
3262 3828 3382 3887 post
3402 3825 3774 3890 ascensionem

2185 3885 2302 3955 ejus
2331 3888 2579 3956 advenit,
2610 3893 2706 3948 sed
2753 3906 2874 3966 post
2911 3911 3034 3956 octo
3063 3905 3147 3960 vel
3179 3885 3374 3964 novem
3421 3911 3557 3969 dies.
3605 3903 3680 3978 Ita
3721 3931 3778 3984 ct

2184 3994 2284 4034 nos
2323 3991 2432 4036 tum
2477 3987 2711 4044 maxime
2737 3992 3033 4050 excitamur
3060 4012 3184 4069 erga
3211 4001 3404 4071 Deum,
3442 4021 3561 4061 eum
3597 4010 3647 4064 in
3679 4027 3774 4069 nc-

2183 4072 2435 4129 cessitate
2477 4079 2761 4135 constituti
2815 4096 3021 4141 sumus.
3076 4089 3309 4162 Ideoque
3355 4095 3591 4155 Joannes
3643 4112 3772 4159 tunc

2181 4163 2342 4218 mittit
2371 4164 2660 4236 discipulos
2685 4184 2811 4227 suos
2845 4174 2910 4229 ad
2952 4174 3491 4254 Christumyquando
3517 4191 3607 4245 illo
3633 4207 3772 4262 opus

2182 4253 2414 4311 habituri
2436 4269 2608 4326 erant,
2628 4261 2833 4320 Joanne
2850 4267 2902 4322 in
2919 4284 3135 4328 carcere
3155 4253 3398 4346 degente.
3418 4253 3770 4352 Alioquin-ve-

2179 4360 2242 4400 ro
2262 4350 2542 4418 oportebat
2573 4353 2626 4407 in
2657 4355 2788 4410 cado
2817 4371 3129 4430 comparere
3159 4375 3400 4422 naturam
3424 4380 3686 4440 nostram,
3714 4386 3769 4431 et

2180 4439 2467 4507 perfectam
2497 4447 2984 4506 reconciliationem
3019 4453 3128 4510 fieri
3149 4499 3163 4522 ,
3197 4473 3261 4513 ac
3293 4469 3400 4514 tum
3431 4464 3614 4541 venire
3641 4465 3766 4534 Spi-

2178 4532 2337 4587 ritum
2364 4576 2377 4599 ,
2408 4552 2703 4611 puramque
2731 4543 2930 4612 percipi
2959 4545 3305 4616 voluptatem.
3338 4551 3467 4607 Nam
3498 4557 3541 4610 si
3565 4532 3765 4630 Spiritu

2177 4636 2461 4694 praesente,
2490 4629 2750 4686 Dominus
2779 4633 3017 4704 abiisset,
3047 4638 3134 4694 ille
3164 4656 3292 4696 vero
3319 4645 3623 4712 mansisset,
3655 4663 3764 4704 non

2177 4724 2320 4772 tanta
2346 4717 2532 4775 fuisset
2557 4725 2852 4783 consolatio
2877 4743 2890 4793 ;
2923 4727 3137 4786 Christo
3163 4733 3305 4788 enim
3334 4735 3620 4792 admodum
3653 4738 3764 4795 ha:-

2172 4818 2357 4867 rentes
2377 4853 2390 4877 ,
2422 4813 2491 4869 ab
2519 4815 2608 4870 illo
2636 4831 2778 4888 aegre
2807 4819 2998 4876 divulsi
3026 4821 3272 4883 fuissent.
3304 4826 3456 4885 Unde
3481 4841 3534 4885 et
3567 4847 3765 4889 consoa

2171 4902 2288 4957 lans
2318 4904 2438 4961 illos
2462 4906 2676 4965 dicebat
2704 4929 2717 4966 :
2747 4910 2969 4983 Expedit
3005 4917 3142 4970 vobis
3172 4931 3227 4972 ut
3249 4937 3340 4990 ego
3369 4924 3551 4976 vadem
3573 4923 3758 4993 (Joan.

2171 4993 2259 5049 16.
2306 4995 2385 5066 7).
2438 4997 2560 5053 Ideo
2617 5001 2926 5058 missionem
2973 5005 3202 5076 Spiritus
3250 5026 3348 5080 per
3391 5013 3593 5081 aliquot
3641 5015 3762 5072 dies

2169 5085 2369 5154 differt,
2401 5099 2456 5143 ut
2479 5091 2802 5163 aliquamdiu
2831 5098 3005 5152 maesti
3027 5140 3042 5165 ,
3071 5108 3153 5165 et,
3184 5109 3240 5154 ut
3270 5101 3408 5166 dixi,
3443 5105 3494 5157 in
3525 5109 3762 5163 necessi-

2171 5187 2278 5234 tate
2323 5169 2620 5250 constituti,
2663 5185 2820 5254 plena
2863 5197 2916 5241 et
2959 5204 3087 5258 pura
3134 5190 3436 5248 fruerentur
3460 5197 3754 5266 voluptate.

2167 5268 2222 5324 Si
2251 5284 2378 5325 vero
2404 5272 2580 5327 minor
2613 5284 2758 5330 esset
2795 5275 2934 5334 Filio
2959 5276 3208 5354 Spiritus,
3243 5297 3349 5343 non
3379 5283 3568 5352 fuisset
3597 5287 3755 5345 suffi-

2166 5359 2312 5414 ciens
2355 5362 2653 5417 consolatio
2689 5366 3000 5434 :quomodo
3039 5371 3181 5424 enim
3225 5371 3482 5441 dixisset,
3531 5377 3756 5450 Expedit

2164 5447 2337 5504 vobis?
2368 5450 2493 5506 Ideo
2517 5453 2688 5522 major
2713 5454 2786 5508 illi
2812 5454 3054 5522 doctrina
3082 5473 3350 5531 reservata
3379 5474 3480 5530 est,
3505 5482 3571 5520 ne
3601 5467 3748 5524 illum

2165 5543 2426 5596 minorem
2472 5553 2738 5612 putarent.
2784 5547 3102 5607 Consideres
3143 5553 3299 5608 velim
3347 5566 3600 5622 quautam
3640 5559 3748 5615 illis

2162 5635 2537 5689 necessitatem
2571 5634 2886 5706 imposuerit
2929 5643 3177 5698 manendi
3221 5645 3587 5718 Jerosolymis,
3623 5665 3742 5705 cum

2163 5729 2499 5796 promisisset
2523 5743 2581 5786 se
2613 5729 2722 5786 illic
2748 5730 3003 5803 Spiritum
3049 5737 3394 5805 praebiturum
3441 5755 3580 5796 esse.
3614 5742 3743 5798 Nam

2161 5837 2227 5875 ne
2268 5837 2480 5876 rursum
2523 5832 2643 5892 post
2687 5827 3105 5896 assumptionem
3139 5829 3303 5898 ipsius
3345 5830 3607 5902 fugerent,
3641 5833 3740 5888 hac

2158 5903 2595 5983 exspectatione,
2627 5931 2724 5972 ceu
2754 5905 2962 5975 vinculo
2986 5961 2998 5985 ,
3042 5921 3162 5978 illos
3198 5937 3381 5979 omnes
3412 5924 3479 5980 ibi
3525 5925 3736 5983 retinet.
