4092 6474
280 439 342 487 19
1285 436 1352 492 IN
1388 436 1573 493 ACTA
1608 432 2126 492 APOSTOLORUM
2167 433 2406 490 HOMIL.
2452 435 2492 489 l.
2686 510 2691 514 δ
3486 429 3561 484 ‘20

280 564 383 615 mp
414 546 509 602 καὶ
539 544 882 617 ἔμπροσθεν.
910 545 1027 617 Οὐχ
1051 547 1235 614 ἀτελῶς
1258 550 1314 604 δὲ
1339 552 1497 606 τοῦτο
1530 551 1725 613 ἐποίει,
1752 551 1866 604 ἀλλ’

284 634 513 703 ἐκάτερα
547 631 685 702 μετά
718 630 1014 699 ἀκριϐείας
1067 635 1513 701 κατασκευάζων,
1556 637 1652 690 καλ⁵
1689 636 1750 689 10
1781 654 1869 689 πι-

285 716 573 783 στευθῆναι
600 712 701 785 τὴν
743 714 1068 778 ἀνάστασιν,
1104 719 1196 770 καὶ
1230 717 1289 771 10
1332 720 1559 788 μείζονα
1590 720 1755 773 αὑτὸν
1780 738 1870 773 νο-

286 799 545 870 μισθῆναι
579 797 770 851 λοιπὸν
808 797 842 869 ῆ
871 799 1017 852 κατά
1067 799 1372 872 ἄνθρωπον.
1415 804 1675 873 Καίτοιγε
1701 804 1875 858 ταῦτα

284 884 498 936 ἐναντία
511 877 603 953 ἦν.
637 880 809 951 ’Υπὲρ
841 882 940 951 μὲν
967 882 1076 953 γὰρ
1102 883 1197 938 τοῦ
1233 885 1591 957 πιστευθῆναι
1611 887 1710 957 τὴν
1737 887 1875 942 ἀνά-

286 983 476 1020 στασιν
506 963 680 1018 πολλά
733 976 761 1005 ι
811 962 1131 1036 ἀνθρώπινα
1156 965 1284 1030 ,ἔδει
1325 969 1606 1036 γενέσθαι·
1653 970 1793 1042 ὑπὲρ
1819 970 1877 1024 δὲ

288 1049 543 1118 θατέρου,
602 1046 934 1102 τούναντίον.
990 1048 1129 1102 Ἀλλ’
1158 1049 1307 1121 ὅμως
1359 1052 1646 1123 ἀμφότερα
1684 1054 1876 1123 γέγονε

290 1134 428 1203 μετὰ
453 1132 551 1186 τοῦ
595 1133 970 1203 προσήκοντος
1003 1132 1220 1205 καιροῦ.
1260 1135 1418 1200 Τίνος
1447 1135 1504 1189 δὲ
1542 1137 1727 1191 ἕνεκεν
1757 1138 1879 1208 οὐχὶ

288 1220 479 1281 πᾶσιν,
501 1215 640 1270 ἀλλά
664 1217 775 1280 τοῖς
795 1214 1114 1280 ἀποστόλοις
1140 1217 1344 1288 ἐφάνη;
1379 1220 1502 1274 Ὅτι
1528 1220 1823 1291 φάντασμα
1847 1221 1876 1261 ιι

287 1301 351 1354 ἀν
383 1300 567 1364 ἔδοξεν
613 1294 753 1353 εἶναι
783 1301 896 1363 τοῖς
929 1298 1161 1365 πολλοῖς,
1196 1301 1296 1355 οὐκ
1334 1303 1501 1357 εἰδόσι
1534 1304 1597 1358 10
1630 1305 1877 1377 ἀπόρῤη-

289 1401 376 1437 τον
402 1383 500 1439 τοῦ
528 1383 848 1454 μυστηρίου.
877 1380 941 1436 Et
969 1384 1077 1456 γὰρ
1098 1385 1190 1438 καὶ
1205 1387 1358 1441 αὐτοὶ
1380 1389 1429 1441 οί
1454 1388 1693 1459 μαθηταὶ
1715 1390 1876 1459 ἠπίσ-

288 1485 413 1521 τουν
439 1468 538 1537 τὴν
561 1466 735 1539 ἀρχὴν
772 1469 864 1520 καὶ
896 1466 976 1540 [7]
1008 1467 1376 1539 ἐθορυϐοῦντο,
1409 1472 1506 1525 καὶ
1533 1473 1684 1544 ἁφῆς
1716 1472 1873 1543 ἐδεή-

292 1551 467 1619 θησαν
490 1550 590 1618 τῆς
642 1550 730 1603 διά
757 1550 958 1621 χειρὸς,
987 1552 1081 1604 καὶ
1101 1553 1399 1623 τραπέζης,
1427 1555 1479 1608 τί
1502 1555 1629 1619 τοὺς
1651 1555 1878 1619 πολλοὺς

289 1634 440 1696 εἰκὸς
474 1633 666 1686 παθεῖν
700 1628 768 1704 ἦν
792 1651 807 1699 ;
859 1633 958 1687 Διά
982 1652 1064 1688 τοι
1106 1635 1262 1689 τοῦτο
1288 1640 1353 1690 ἐκ
1376 1638 1484 1691 τῶν
1507 1639 1752 1710 σημείων
1782 1641 1877 1692 ἀν·

288 1714 594 1786 ἀμφίϐολον
622 1719 768 1769 ποιεῖ
784 1715 882 1787 τῆς
910 1717 1258 1783 ἀναστάσεως
1280 1719 1378 1791 τὴν
1408 1722 1710 1789 ἀπόδειξιν,
1734 1721 1878 1776 ὥστε

290 1799 368 1870 μὴ
405 1801 519 1861 τοῖς
552 1798 675 1851 τότε
712 1799 892 1868 μόνον,
926 1799 1063 1854 ἀλλά
1092 1802 1183 1854 καὶ
1215 1804 1350 1857 πᾶσι
1379 1806 1492 1868 τοῖς
1534 1805 1674 1876 μετὰ
1700 1806 1878 1860 ταῦτα

288 1883 535 1955 φανεράν
563 1882 814 1952 γενέσθαι
840 1883 939 1955 τὴν
967 1885 1283 1940 ἀνάστασιν.
1305 1887 1484 1962 Ὅπερ
1508 1891 1619 1962 γὰρ
1651 1892 1879 1956 ἐκείνοις

287 1968 352 2021 ἐκ
379 1967 487 2037 τῆς
526 1965 703 2036 δψεως
747 1966 857 2020 τῶν
896 1967 1159 2038 σημείων,
1207 1970 1365 2024 τοῦτο
1402 1972 1467 2026 ἐκ
1510 1974 1609 2045 τῆς
1644 1972 1879 2038 πίστεως

288 2052 458 2105 πᾶσιν
491 2048 720 2121 ὕστερον
750 2049 975 2120 ἔμελλεν
1009 2051 1244 2107 ἔσεσθαι.
1294 2056 1393 2109 Διά
1438 2072 1522 2109 τοι
1571 2055 1733 2109 τοῦτο
1783 2055 1881 2110 καὶ

284 2136 414 2198 τοὺς
461 2133 727 2196 ἀπίστους
769 2133 1019 2187 ἐντεῦθεν
1058 2135 1506 2209 συλλογιζόμεθα.
1536 2139 1600 2192 Εἰ
1632 2141 1742 2211 γάρ
1779 2141 1880 2194 οὐκ

287 2220 513 2287 ἀνέστη,
550 2216 688 2271 ἀλλά
726 2217 879 2288 μένει
913 2217 1128 2290 νεκρὸς,
1163 2221 1281 2286 πῶς
1330 2222 1389 2275 ἐν
1414 2221 1491 2293 τῷ
1523 2222 1749 2295 ὀνόματι
1778 2225 1879 2279 06-

288 2302 382 2355 106
414 2304 465 2355 οξ
503 2300 799 2354 ἀπόστολοι
832 2304 1035 2381 σημεῖα
1066 2304 1360 2375 ἐποίησαν;
1403 2306 1543 2360 Ἀλλ’
1571 2310 1671 2362 οὐκ
1704 2308 1884 2381 ἐποίη-

289 2401 389 2439 σαν
423 2386 662 2457 σημεῖα;
710 2383 833 2448 Πῶς
864 2380 959 2438 οὗν
1003 2386 1229 2458 συνέστη
1266 2388 1326 2441 10
1373 2386 1526 2454 ἔθνος
1580 2390 1640 2444 10
1677 2380 1881 2463 ﬁpéﬂ-

289 2486 425 2540 ρον;
457 2470 532 2522 06
574 2468 685 2539 γὰρ
715 2468 777 2539 δὴ
804 2471 901 2523 καὶ
932 2469 1069 2540 πρὸς
1107 2470 1264 2525 τοῦτο
1293 2473 1727 2545 ἀντιστήσονται,
1761 2476 1883 2530 οὐδὲ

284 2556 403 2616 τοῖς
433 2549 741 2623 ὁρωμένοις
774 2553 1133 2624 μαχήσονται.
1163 2553 1327 2608 Ὠστε
1377 2557 1507 2623 ὅταν
1556 2558 1757 2628 λέγωσι
1807 2559 1883 2632 μὴ

287 2633 545 2703 γενέσθαι
601 2638 825 2705 σημεῖα,
863 2635 1126 2707 μειζόνως
1159 2637 1390 2704 ἑαυτοὺς
1438 2642 1881 2712 καταισχύνουσι.

289 2718 463 2773 Τοῦτο
485 2718 597 2791 γὰρ
630 2719 886 2790 μέγιστον
925 2723 1175 2791 σημεῖον,
1204 2722 1266 2775 10
1294 2725 1467 2795 χωρὶς
1510 2726 1755 2796 σημείων
1780 2728 1884 2798 τὴν

289 2802 624 2873 οἰκουμένην
662 2804 1039 2875 προσδραμεῖν
1069 2803 1311 2872 ἅπασαν,
1342 2807 1448 2860 ὑπὸ
1491 2806 1701 2862 δώδεκα
1748 2826 1888 2862 πτω-

292 2886 405 2958 χῶν
456 2887 551 2940 καὶ
586 2888 971 2959 ἀγραμμάτων
998 2887 1301 2960 ἀνθρώπων
1347 2890 1711 2947 ἀλιευθεῖσαν.
1752 2894 1888 2948 Οὐδὲ

291 2971 400 3042 γὰρ
435 2969 657 3041 πλούτῳ
686 2971 1010 3042 χρημάτων,
1038 2972 1098 3024 06
1151 2974 1313 3044 σοφίᾳ
1363 2973 1561 3044 λόγων,
1593 2975 1695 3030 οὐκ
1743 2976 1889 3049 ἄλλῳ

290 3057 399 3109 τινί¹
444 3054 674 3126 τοιούτῳ
705 3056 1086 3127 περιεγένοντο
1113 3058 1163 3111 οί
1195 3057 1385 3123 ἀλιεῖςο
1418 3058 1560 3113 ὥστε
1594 3062 1688 3115 καὶ
1728 3060 1890 3115 ἄκον-

291 3154 386 3202 τες
433 3139 839 3210 ὁμολογήσουσι
890 3140 1040 3194 θείαν
1088 3136 1227 3194 εἶναι
1283 3142 1340 3194 ὲν
1395 3143 1582 3207 αὐτοῖς
1632 3141 1885 3215 δύναμιν,

294 3222 585 3293 ἀμήχανον
616 3222 726 3296 γὰρ
757 3223 1105 3294 ἀνθρωπίνην
1143 3227 1295 3296 ἰσχὺν
1320 3225 1615 3298 δυνηθῆναι
1651 3228 1914 3282 τοσαῦτά·

295 3323 451 3360 ποτε.
490 3308 593 3360 Διά
615 3324 697 3360 τοι
720 3306 880 3361 τοῦτο
904 3309 998 3361 καὶ
1040 3308 1200 3372 0610;
1232 3310 1642 3380 τεσσαράκοντα
1675 3313 1890 3383 ἡμέρας

296 3391 485 3460 ἔμεινε
541 3392 683 3461 μετὰ
728 3391 828 3463 τὴν
871 3393 1184 3456 ἀνάστασιν,
1229 3392 1450 3464 ἔλεγχον
1485 3392 1663 3459 διδοὺς
1713 3396 1772 3451 ἐν
1810 3396 1891 3469 τῷ

300 3474 504 3547 μακρῷ
548 3476 729 3547 χρόνῳ
763 3477 863 3546 τῆς
907 3476 1083 3546 ὅψεως
1117 3478 1215 3548 τῆς
1254 3479 1480 3541 οἰκείας,
1525 3478 1612 3533 ἵνα
1650 3480 1725 3552 μὴ
1754 3482 1890 3551 φάν-

297 3575 490 3629 τασμα
517 3554 658 3613 εἶναι
699 3560 962 3630 νομίσωσι
996 3562 1057 3614 10
1089 3561 1387 3633 ὁρώμενον.
1423 3563 1533 3616 Καὶ
1573 3563 1695 3617 οὐδὲ
1718 3566 1893 3636 τούτῳ

297 3642 574 3713 ἠρκέσθη,
609 3642 747 3696 ἀλλά
774 3643 871 3696 καὶ
908 3643 1188 3714 τράπεζαν
1218 3645 1551 3716 προσετίθει.
1578 3647 1757 3717 Ὅπερ
1801 3644 1892 3701 οῦν

302 3726 395 3779 καὶ
418 3724 628 3795 προῖὼν
657 3724 829 3793 λέγει·
853 3727 960 3782 Καὶ
994 3725 1461 3796 συναλιζῖτμενος
1491 3727 1894 3796 αὺτοῖς.Τοῦτο

302 3805 359 3862 δέ
390 3808 482 3862 ἀεὶ
509 3808 607 3861 καὶ
655 3808 810 3863 αὐτοὶ
837 3811 884 3864 οί
919 3810 1206 3864 ἀπόστολοι
1254 3817 1554 3885 τεκμήριον
1613 3815 1895 3868 ἐποιοῦντο

301 3892 403 3963 τῆς
474 3892 830 3956 ἀναστάσεως
907 3893 1193 3961 λέγοντες·
1256 3896 1489 3963 Οἵτινες
1551 3896 1894 3968 συνεφάγο-

300 3993 417 4045 μεν
450 3975 550 4028 καί
584 3977 955 4045 συνεπίομεν
1005 3976 1182 4042 αὐτῷ.
1215 3978 1280 4031 Τί
1303 3979 1379 4048 δὲ
1436 3980 1529 4032 καὶ
1574 3980 1896 4052 φαινόμενος

304 4060 503 4120 ἐποίει,
543 4058 612 4112 δι’
648 4053 724 4112 ὧν
766 4060 1012 4132 ἐπήγαγε
1041 4059 1277 4115 δείκνυσι
1306 4061 1501 4130 λέγων·
1538 4064 1895 4134 Ὀπτανόμε-

304 4160 412 4209 νος
441 4141 672 4206 αὐτοῖς,
719 4143 818 4197 καί
862 4144 1061 4214 λέγων
1093 4144 1165 4197 τὰ
1196 4144 1329 4214 περὶ
1358 4143 1469 4215 τῆς
1510 4157 1532 4186 ο
1567 4147 1897 4216 ,ϐασιλείας

304 4225 413 4280 τοῦ
448 4226 622 4279 Θεοῦ.
660 4226 812 4279 Ἐπεὶ
867 4226 924 4280 δὲ
980 4229 1075 4280 καὶ
1101 4226 1129 4267 ἀ
1166 4230 1541 4298 πεπονηκότες
1583 4226 1746 4302 ἦσαν,
1800 4232 1895 4285 καὶ

304 4309 711 4380 τεταραγμένοι
732 4312 844 4371 τοῖς
868 4309 970 4380 ἤδη
995 4311 1410 4382 γεγενημένοις,
1440 4313 1535 4366 καὶ
1564 4314 1701 4384 προς
1732 4316 1897 4385 μεγά·

303 4392 435 4456 λους
462 4391 690 4463 ἔμελλον
723 4392 906 4446 λοιπὸν
936 4392 1140 4460 ἐξιέναι
1178 4393 1419 4463 ἀγῶνας,
1463 4398 1577 4460 τοῖς
1619 4399 1749 4468 περὶ
1787 4398 1896 4452 τῶν

309 4477 624 4547 μελλόντων
664 4477 862 4541 06106;
910 4476 1297 4550 ἀνακτώμενος
1329 4478 1530 4550 λόγοις,
1570 4483 1897 4553 Παρήτγει-

305 4565 421 4615 λεν
450 4560 574 4614 ἀπὸ
604 4561 1026 4630 Ἰεροσολύμων
1047 4561 1132 4631 μὴ
1159 4561 1527 4631 χωρίζεσθαι,
1555 4565 1719 4620 ἀλλὰ
1741 4580 1900 4636 περιο

244 4672 249 4673 ν
301 4645 519 4715 μένειν
551 4644 667 4710 τὴν
699 4645 1065 4716 ἐπαγγελίαν
1092 4646 1198 4699 τοῦ
1235 4649 1490 4715 Πατρός.
1539 4649 1762 4719 Πρῶτον
1796 4652 1898 4705 αὐ·-

306 4729 437 4792 106;
468 4731 549 4792 είς
588 4731 687 4800 τὴν
720 4727 1008 4783 Γαλιλαίαν
1056 4728 1320 4801 ἐξήγαγε,
1354 4731 1663 4798 δεδοικότας
1694 4734 1775 4788 ἔτι
1804 4736 1900 4789 καὶ

307 4813 643 4884 τρέμοντας,
672 4811 759 4864 ἵνα
809 4812 945 4881 μετά
980 4812 1165 4877 ἀδείας
1201 4813 1478 4868 ἀκούσωσι
1529 4816 1635 4871 τῶν
1667 4817 1900 4890 λεγομέ-·

310 4913 439 4950 νων.
464 4891 626 4956 Εἶτα,
661 4894 845 4966 ἐπειδὴ
895 4895 1158 4967 ἥκουσαν,
1202 4897 1297 4950 καὶ
1335 4900 1744 4970 τεσσαράκοντα
1779 4919 1901 4956 συν-

310 4982 599 5052 διέτριψαν
626 4980 854 5052 ἡμέρας,
889 4981 1260 5051 Παρήγγειλε
1292 4984 1378 5054 μὴ
1420 4986 1539 5042 ἀπὸ
1575 4989 1903 5057 Ἰεροσολύ-

309 5080 441 5133 μων
474 5063 847 5132 χωρίζεσθαι.
877 5064 942 5116 Τί
973 5065 1209 5136 δήποτε;
1241 5069 1512 5142 Καθάπερ
1545 5072 1696 5136 τινὰς
1735 5090 1904 5144 στρα-

315 5147 514 5210 τιὼτας
539 5146 835 5218 μέλλοντας
868 5150 947 5214 είς
973 5149 1179 5221 πλῆθος
1209 5140 1526 5223 ἐμπίπτειν,
1551 5155 1727 5220 οὐδεὶς
1746 5140 1906 5229 ἀφίη-

315 5248 401 5284 σιν
432 5231 690 5298 ἐξελθεῖν,
740 5231 845 5296 ἕως
874 5231 940 5286 ἂν
971 5233 1325 5290 ὁπλίσωνται·
1376 5238 1498 5293 οὐδὲ
1533 5239 1731 5304 ἵππους
1765 5258 1902 5313 προ-

314 5314 495 5386 πηδᾷν
533 5314 635 5386 τῆς
687 5313 954 5385 βαλϐῖδος,
991 5317 1097 5381 ἓως
1144 5316 1210 5371 ἀν
1238 5319 1331 5373 τὸν
1357 5320 1578 5393 ἡνίοχον
1625 5322 1898 5377 λάϐωσιν·

312 5396 461 5450 οὕτω
488 5396 553 5466 δὴ
586 5398 682 5450 καὶ
706 5397 901 5463 αὐτοὺς
926 5399 1032 5470 πρὸ
1064 5401 1167 5470 τῆς
1196 5400 1290 5455 τοῦ
1318 5403 1458 5456 Πνεύ
1467 5422 1638 5475 ματος
1670 5405 1902 5462 καθόδου

316 5480 558 5551 φανῆναι
612 5482 705 5534 ἐπὶ
749 5483 845 5553 τῆς
880 5483 1242 5553 παρατάξεως
1281 5486 1382 5540 οὑκ
1427 5487 1599 5558 ἠφίει,
1641 5489 1784 5543 ὥστε
1830 5489 1906 5561 μὴ

315 5564 575 5631 γενέσθαι
606 5565 966 5637 εὐχειρώτους
1021 5568 1118 5622 καὶ
1169 5569 1481 5643 ἀλωσίμους
1519 5576 1632 5639 τοῖς
1666 5574 1901 5641 πολλοῖς.

316 5651 390 5704 υύ
422 5651 510 5705 διὰ
541 5651 696 5707 τοῦτο
741 5652 799 5707 δὲ
830 5652 1014 5726 μόνον,
1043 5654 1179 5708 ἀλλά
1223 5656 1317 5710 καὶ
1344 5658 1531 5730 ἐπειδὴ
1556 5659 1741 5715 πολλοὶ
1763 5657 1905 5733 ἦσαν

381 5851 409 5880 ³
437 5850 588 5923 pug!
739 5849 1034 5923 ἀνάστασιν,
1167 5856 1226 5923 τὸ
1246 5859 1437 5923 μείζονα
1467 5860 1613 5911 αὐτὸν
1629 5864 1908 5923 νομισθῆναι

318 5912 488 5962 λοιπὸν
523 5914 555 5971 ἢ
587 5913 711 5975 κατά
729 5910 1005 5975 ἄνθρωπον,
1023 5910 1204 5965 πολλά.
1247 5910 1298 5960 ’ἣ
1324 5910 1496 5972 Morel.
1526 5910 1761 5973 εοιιιςνέτιή
1781 5910 1909 5975 ’ὅάῦἐ

322 5942 487 5962 ιωῖιυι
529 5942 555 5971 ιι
592 5942 1005 5988 ιιινιοιιυιινυγυγηυγ,
1029 5942 1204 5965 “ruma.
1272 5942 1298 5960 ι’
1324 5942 1496 5972 MUTBI.
1526 5942 1662 5972 SOIIIS
1687 5942 1754 5973 ετι
1794 5942 1908 5988 φαν-

322 5991 503 6052 τασμαὲ
592 5976 616 6005 ⁸
642 5974 791 6052 Δῐξυξ
812 5974 977 6052 ἔτι-δε
1008 5976 1162 6052 έποίει
1185 5982 1288 6052 πάς
1322 5985 1689 6052 τεσσαράκρρτα

324 6035 664 6097 ὀπτανόμενος
688 6035 938 6096 Διελέγετο
969 6036 1130 6106 αὐτοῖς
1148 6042 1208 6090 τά
1233 6035 1337 6108 περὶ
1368 6035 1494 6105 τῆς.’
1537 6044 1563 6085 δ
1586 6045 1724 6097 Unus
1746 6035 1907 6107 ἐπεῖδῆ

324 6099 424 6146 aui.
462 6095 584 6147 Infra
603 6098 771 6147 λοιπόν
801 6096 948 6145 deest
969 6111 1016 6146 In
1033 6100 1325 6163 quibusdam
1350 6120 1467 6158 mss.

1974 551 2025 603 οί
2058 549 2344 621 μέλλοντες
2368 547 2645 603 πιστεύειν
2672 549 2879 606 αὐτόθι.
2910 551 3021 608 Καὶ
3055 549 3192 623 πρὸς
3215 550 3427 612 τούτοις
3455 552 3564 606 πά-

1976 633 2081 697 λιν,
2105 633 2193 688 ἵνα
2226 633 2300 704 μὴ
2325 633 2527 702 λέγωσί
2558 651 2722 699 τινες,
2745 635 2825 688 ὅτι
2849 635 2975 700 τοὺς
2996 635 3309 706 γνωρίμους
3338 634 3569 703 ἀφέντες

1983 717 2136 788 παρά
2166 720 2281 780 τοῖς
2317 717 2487 783 ξένοις
2511 713 2675 788 ἦλθον
2698 719 3006 788 κομπάσαι,
3030 720 3224 774 τούτου
3253 718 3413 790 χάριν
3437 720 3568 790 παρ’

1979 802 2166 866 αὐτοῖς
2194 803 2307 864 τοῖς
2336 800 2699 871 πεφονευκόσι
2738 803 3039 873 παρέχουσι
3071 801 3142 855 τὰ
3163 803 3442 873 τεκμήρια
3471 803 3571 872 τῆς

1976 883 2345 947 ἀναστάσεως,
2381 885 2512 955 παρ’
2539 884 2724 948 αὐτοῖς
2752 888 2863 948 τοῖς
2893 884 3292 956 ἐσταυρωκόσι,
3324 886 3435 948 τοῖς
3475 884 3571 940 θά-

1974 965 2163 1036 ψασιν,
2216 965 2297 1038 [8]
2347 969 2406 1020 ἐν
2456 967 2593 1039 αὐτῇ
2629 970 2696 1038 τῇ
2747 968 2900 1021 πόλει
2936 969 2994 1023 ἐν
3132 958 3193 1021 10
3227 968 3459 1039 πρᾶγμα
3507 966 3571 1021 τό

1977 1052 2296 1122 παράνομον
2329 1051 2626 1122 ἐτολμήθη,
2656 1051 2798 1105 ὥστε
2831 1053 2926 1106 καὶ
2966 1053 3093 1116 τοὺς
3131 1050 3330 1118 ἔξωθεἸ
3356 1053 3572 1105 ἐπιστο-

1979 1134 2239 1205 μισθῆναι
2263 1133 2529 1198 ἅπαντας.
2554 1134 2723 1189 Ὅταν
2759 1135 2869 1206 γὰρ
2904 1136 2955 1188 οί
2980 1133 3395 1207 ἐσταυρωκότες
3415 1126 3570 1189 αύτοὶ

1977 1217 2279 1287 φαίνωνται
2335 1218 2431 1271 καὶ
2490 1219 2943 1283 πεπιστευκότες,
2994 1217 3240 1290 εὔδηλον,
3282 1218 3364 1270 ὅτι
3405 1216 3502 1271 καὶ
3543 1217 3573 1271 ό

1980 1301 2216 1372 σταυρὸς
2248 1301 2456 1355 καὶτοῦ
2481 1302 2834 1374 τολμήματος
2857 1299 3131 1356 ἐδείκνυτο
3163 1304 3196 1375 ἠ
3228 1294 3569 1373 παρανομία,

1977 1385 2071 1441 καὶ
2099 1384 2198 1455 τῆς
2226 1385 2578 1449 ἀναστάσεως
2613 1386 2782 1456 πολλὴ
2811 1388 2845 1457 ἡ
2882 1386 3177 1453 ἀπόδειξις.
3211 1376 3346 1440 Εἶτα
3377 1385 3465 1440 ἴνα
3495 1386 3572 1457 μὴ

1975 1469 2196 1539 λέγωσι,
2221 1469 2346 1533 Πῶς
2375 1466 2468 1523 οῦν
2497 1469 2841 1542 δυνησόμεθα
2878 1472 3081 1541 μεταξὺ
3111 1469 3416 1541 ἀνθρώπων
3443 1486 3573 1540 μιαι-

1979 1551 2089 1623 ρῶν
2123 1553 2218 1606 καὶ
2249 1551 2573 1622 φονούντων,
2619 1555 2712 1607 καὶ
2757 1553 3026 1607 τοσούτων
3048 1553 3239 1617 ὄντων,
3262 1552 3438 1621 ὀλίγοι
3467 1552 3567 1606 καὶ

1978 1637 2216 1700 εὐτελεῖς
2260 1636 2412 1701 ὄντες
2444 1636 2649 1707 μένειν,
2692 1638 2815 1709 ὅρα,
2864 1636 2981 1701 πῶς
3024 1636 3142 1691 λύει
3175 1635 3276 1707 τὴν
3304 1633 3571 1704 ἀγωνίαν,

1977 1719 2167 1774 εἰπών’
2205 1721 2390 1775 Ἀλλὰ
2418 1721 2757 1790 περιμένειν
2783 1720 2902 1789 τὴν
2927 1721 3297 1792 ἐπαγγελίαν
3321 1717 3429 1773 τοῦ
3455 1721 3575 1772 Πα-

1976 1804 2137 1871 τρός,
2174 1802 2255 1871 ἢν
2284 1803 2590 1872 ἠκούσατέ
2620 1823 2761 1875 μου.
2798 1805 2909 1859 Καὶ
2935 1806 3064 1859 πότε
3094 1805 3353 1876 ῆκουσαν,
3386 1803 3573 1874 φησίνς

1982 1888 2110 1940 Ὀτε
2140 1886 2315 1956 ἐλέγετ’
2353 1887 2649 1957 Συμφέρει
2686 1889 2831 1958 ὑμῖν
2858 1890 2960 1943 ἵνα
2987 1888 3103 1958 ἐγὼ
3141 1889 3405 1943 ἀπέλθω.
3437 1888 3579 1942 Ἐὰν

1981 1972 2092 2042 γὰρ
2119 1970 2234 2040 ἐγὼ
2258 1970 2346 2041 μὴ
2381 1971 2645 2035 ἀπέλθω,
2688 1975 2721 2026 ό
2768 1973 3161 2040 Παράκλητος
3185 1974 3297 2026 οὐκ
3327 1972 3577 2026 ἐλεύσε·

1978 2074 2075 2111 ται
2105 2056 2257 2126 πρὸς
2288 2055 2466 2126 ὑμᾶς’
2498 2058 2591 2110 καὶ
2619 2056 2804 2121 πάλιν,
2843 2055 3153 2125 Ἐρωτήσω
3181 2056 3288 2109 τὸν
3317 2046 3575 2122 Πατέρα,

1980 2141 2077 2196 καὶ
2113 2141 2314 2196 ἄλλον
2347 2140 2750 2211 Παράκλητον
2799 2140 3024 2211 πέμψει
3073 2139 3237 2210 ὑμῖν,
3277 2140 3379 2195 ἵνα
3418 2137 3575 2210 μένῃ

1976 2222 2106 2293 μεθ’
2143 2219 2333 2292 ὑμῶν.

2053 2306 2114 2362 ε’.
2145 2306 2255 2361 Καὶ
2278 2305 2423 2371 τίνος
2443 2306 2631 2362 ἕνεκεν
2651 2306 2774 2378 οὐχὶ
2795 2305 3061 2379 παρόντος
3085 2304 3249 2360 06106
3270 2302 3392 2359 οὐδὲ
3413 2304 3580 2359 ἀπελ-

1985 2389 2170 2455 θόντος
2194 2389 2397 2453 εὐθέως
2420 2389 2780 2462 παρεγένετο,
2809 2388 2925 2442 ἀλλ’
2956 2387 3120 2452 0610;
3157 2388 3257 2458 μὲν
3279 2390 3348 2458 τῇ
3377 2404 3578 2441 τεσσα-

1934 2510 1940 2515 ›
1987 2477 2231 2546 ρακοστῇ
2257 2473 2442 2545 ἡμέρᾳ
2472 2473 2696 2545 ἀνῆλθε,
2724 2474 2784 2527 10
2813 2473 2869 2527 δέ
2890 2473 3120 2543 Πνεῦμα
3147 2473 3483 2544 παρεγένετο
3520 2474 3580 2526 ἐν

1983 2559 2062 2631 τῷ
2106 2558 2563 2632 συμπληροῦσθαι
2613 2559 2714 2631 τὴν
2762 2558 2976 2632 ἡμέραν
3020 2556 3124 2628 τῆς
3174 2558 3583 2629 πεντηκοστῆς;

1985 2642 2096 2697 Καὶ
2126 2643 2262 2707 πῶς,
2319 2645 2368 2696 εἰ
2416 2643 2646 2714 μηδέπω
2694 2643 3083 2715 παρεγεγόνει,
3135 2641 3310 2711 ἔλεγε,
3354 2642 3582 2697 Λάϐετε

1986 2726 2230 2795 Πνεῦμα
2261 2727 2471 2796 (irier;
2500 2728 2617 2779 Ἵνα
2649 2726 2936 2790 δεκτικοὺς
2982 2725 3181 2789 αὐτοὺς
3225 2726 3453 2798 ποιήσῃ,
3485 2725 3582 2778 καὶ

1986 2807 2299 2879 ἀρκοῦντας
2331 2807 2467 2878 πρὸς
2493 2808 2592 2878 τὴν
2617 2808 2909 2877 ὑποδοχήν.
2941 2807 3006 2860 ΕΙ
3049 2808 3158 2878 γὰρ
3190 2807 3423 2875 ἄγγελον
3454 2806 3583 2876 μέλ-

1986 2890 2094 2945 λων
2137 2893 2268 2963 ὁρᾷν
2308 2893 2337 2945 ό
2382 2891 2581 2963 Δανιὴλ
2625 2888 2854 2961 παρίετο
2891 2900 2939 2954 ο,
2976 2888 3160 2960 πολλῷ
3202 2889 3403 2960 μᾶλλον
3433 2884 3582 2942 οῦτοι

1991 2974 2273 3045 μέλλοντες
2331 2974 2601 3045 τοσαύτην
2645 2973 2898 3045 δέχεσθαι
2946 2973 3126 3045 χάριν.
3159 2974 3230 3026 Ἦ
3285 2972 3446 3026 τοῦτο
3489 2966 3585 3027 οὖν

1988 3057 2137 3112 ἐστιν
2166 3059 2367 3119 εἰπεῖν,
2397 3057 2430 3129 ῆ
2457 3058 2539 3112 ὅτι
2571 3056 2634 3110 10
2670 3056 2865 3128 μέλλον
2889 3056 3112 3111 ἔσεσθαι
3136 3056 3211 3120 ὡς
3233 3057 3337 3128 ῆδη
3364 3072 3587 3126 γεγενη-

1993 3143 2154 3213 μένον
2184 3142 2430 3215 είρηκεν,
2475 3142 2668 3214 ὥσπερ
2715 3143 2845 3196 ὅταν
2884 3140 3043 3214 λέγῃ,
3097 3140 3339 3195 Πατεῒτε
3382 3138 3585 3192 ἐπάνω

1992 3226 2188 3296 ὄφεων
2213 3226 2312 3280 καὶ
2344 3227 2677 3293 σκορπίων,
2705 3224 2803 3279 καὶ
2824 3225 2923 3278 ἐπὶ
2950 3223 3159 3279 πᾶσαν
3182 3223 3299 3290 τὴν
3327 3221 3588 3290 δύναμιν

1989 3309 2099 3365 τοῦ
2127 3310 2368 3381 ἐχθροῦ.
2402 3310 2559 3373 Τίνος
2581 3308 2639 3362 δὲ
2667 3308 2854 3362 ἕνεκεν
2882 3309 2983 3362 οὐκ
3005 3308 3166 3372 εὐθὺς
3192 3307 3313 3361 τότε
3341 3322 3585 3379 παρεγε-

1991 3392 2170 3463 γόνει;
2205 3392 2292 3445 Ἐν
2320 3390 2585 3462 ἐπιθυμίᾳ
2625 3391 2823 3456 06106;
2857 3391 2964 3444 ἔδει
3004 3389 3259 3459 γενέσθαι
3289 3388 3385 3443 τοῦ
3416 3389 3588 3460 πράγ-

1994 3492 2184 3546 ματος,
2214 3473 2309 3528 καὶ
2341 3474 2485 3528 οὕτω
2517 3473 2771 3540 δέξασθαι
2805 3473 2904 3545 τὴν
2943 3466 3123 3545 χάριν.
3166 3473 3266 3526 Διά
3311 3472 3467 3526 τοῦτο
3495 3472 3586 3525 ὅτε

1993 3559 2156 3623 0610;
2180 3559 2403 3628 ἀπέπτη
2439 3556 2486 3623 τ,
2518 3558 2639 3611 τότε
2667 3560 2844 3613 ἐκεῖνο
2876 3553 3062 3629 ἦλθεν.
3092 3559 3156 3610 El
3184 3556 3243 3610 δέ
3273 3551 3428 3627 ἦλθε,
3453 3572 3589 3627 παρ-

1994 3644 2144 3706 όντος
2173 3641 2361 3704 αὐτοῦ,
2394 3642 2495 3695 οὐκ
2521 3640 2588 3695 ἂν
2630 3642 2687 3696 ἐν
2713 3640 2951 3713 τοσαύτῃ
2985 3642 3235 3710 ἐγένοντο
3264 3640 3584 3712 προσδοκίᾳ.

1996 3725 2096 3779 Διά
2126 3722 2289 3778 τοῦτο
2319 3724 2442 3778 οὐδέ
2470 3723 2676 3789 εὐθέως
2715 3724 3033 3794 ἀνελθόντος
3076 3723 3245 3777 06106
3281 3724 3586 3794 παραγίνε-

1996 3827 2107 3881 ται,
2141 3807 2278 3862 ἀλλὰ
2328 3807 2468 3879 μετά
2496 3807 2650 3881 ,ὀκτὼ
2704 3807 2738 3880 ἢ
2796 3806 2955 3862 ἐννέα
2997 3808 3230 3879 ἡμέρας.
3286 3805 3442 3861 Οῦτω
3492 3806 3589 3861 καὶ

1998 3895 2156 3965 ἡμεῖς
2208 3892 2346 3964 πρὸς
2389 3890 2488 3947 τὸν
2538 3892 2672 3947 Θεὸν
2721 3891 2845 3944 τότε
2895 3890 3130 3962 μάλιστα
3182 3890 3585 3961 διεγειρόμεθα,

1996 3979 2125 4031 ὅταν
2159 3978 2216 4031 ἐν
2241 3976 2412 4049 ,χρείᾳ
2446 3976 2828 4047 καταστῶμεν.
2864 3975 2963 4028 Διά
3007 3975 3300 4035 τοῦτοκάί
3334 3976 3589 4046 Ἰωάννης

1997 4060 2118 4114 τότε
2158 4060 2396 4131 μάλιστα
2436 4064 2646 4131 πέμπει
2690 4059 2818 4122 τοὺς
2855 4058 3105 4129 μαθητὰς
3147 4058 3279 4131 πρὸς
3325 4060 3418 4113 τὸν
3453 4061 3589 4130 Χρι-

2000 4143 2144 4204 στὸν,
2168 4144 2255 4197 ὅτε
2281 4141 2508 4212 ἔμελλον
2530 4145 2587 4197 ἐν
2609 4143 2770 4214 χρείᾳ
2790 4138 2928 4196 εἶναι
2954 4142 3048 4196 τοῦ
3083 4141 3281 4212 Ἰησοῦ,
3299 4142 3360 4195 10
3384 4142 3592 4213 δεσμω-

1999 4227 2186 4297 τήριον
2215 4224 2493 4290 οἰκοῦντος
2519 4225 2756 4279 ἐκείνου.
2782 4224 2996 4288 Ἀλλως
3037 4225 3118 4291 δὲ,
3150 4225 3257 4279 ἔδει
3291 4226 3350 4277 ἐν
3373 4224 3591 4295 οὐρανῷ

2000 4309 2235 4384 φανῆναι
2265 4309 2364 4381 τὴν
2394 4308 2675 4381 ἡμετέραν
2725 4308 2910 4378 φύσιν,
2947 4309 3043 4362 καὶ
3088 4309 3189 4373 τὰς
3240 4308 3591 4376 καταλλαγὰς

1999 4393 2251 4464 γενέσθαι
2282 4393 2721 4466 ἀπηρτισμένας,
2754 4393 2848 4445 καὶ
2884 4392 3005 4445 τότε
3034 4391 3210 4447 ἐλθεῖν
3239 4392 3302 4446 10
3341 4392 3589 4463 Πνεῦμα,

2001 4477 2098 4531 καὶ
2130 4475 2381 4548 καθαρὰν
2407 4476 2661 4545 γενέσθαι
2700 4475 2800 4546 τὴν
2839 4475 3057 4547 ἡδονήν.
3093 4476 3155 4528 Εἰ
3184 4476 3291 4548 γάρ
3326 4475 3593 4547 παρόντος

2001 4560 2191 4628 αὑτοῦ,
2222 4564 2251 4614 ὁ
2280 4560 2379 4631 μὲν
2406 4559 2672 4632 ἀπῆλθεν,
2707 4561 2737 4614 0
2770 4559 2828 4614 δέ
2862 4560 3107 4633 ἔμεινεν,
3131 4560 3232 4614 οὐκ
3266 4560 3333 4615 ἂν
3371 4557 3440 4632 ἦν
3467 4577 3593 4614 τοσ-

2001 4645 2140 4699 αῦτα
2180 4644 2255 4700 τὰ
2307 4645 2406 4714 τῆς
2455 4644 2831 4715 παραμυθίας·
2868 4645 2962 4699 καὶ
3002 4645 3113 4716 γὰρ
3168 4644 3373 4715 σφόδρα
3424 4643 3592 4698 αὐτοῦ

1999 4730 2471 4794 δυσαποσπάστως
2497 4725 2662 4801 εἶχον.
2691 4730 2783 4783 Διὸ
2800 4730 2893 4783 καὶ
2920 4728 3074 4797 ἐλεγε
3094 4728 3595 4801 παραμυθούμενος

2001 4812 2217 4877 αὐτούς’
2244 4811 2540 4882 Συμφέρει
2567 4811 2712 4882 ὑμῖν
2743 4813 2845 4867 ἵνα
2870 4802 2989 4882 ’ἐγὼ
3015 4812 3275 4867 ἀπέλθω.
3304 4812 3402 4865 Διά
3435 4811 3596 4865 τοῦτο

2001 4898 2097 4952 καὶ
2126 4896 2341 4968 ἡμέρας
2386 4895 2649 4966 ἀναμένει
2681 4895 2782 4959 τὰς
2823 4894 3050 4967 μεταξὺ,
3099 4896 3185 4948 ῖνα
3235 4894 3429 4966 μικρὸν
3464 4893 3596 4948 ἀθυ-

2006 4981 2299 5051 μήσαντες,
2348 4980 2549 5032 καὶοὲν
2600 4980 2779 5052 χρείᾳ,
2827 4980 2965 5049 ὅπερ
3012 4978 3171 5051 ἔφην,
3199 4978 3593 5044 καταστάντες,

2001 5063 2294 5136 ὁλόκληρον
2327 5063 2422 5116 καὶ
2472 5062 2722 5135 καθαρὰν
2772 5061 3173 5133 καρπώσωνται
3228 5060 3326 5132 τὴν
3374 5060 3591 5132 ἡδονήν.

2003 5148 2065 5200 El
2090 5147 2146 5202 δὲ
2173 5147 2392 5202 ἔλαττον
2416 5142 2483 5218 ἦν
2509 5147 2568 5201 τὸ
2590 5145 2839 5217 Πνεῦμα,
2867 5147 2965 5199 οὐκ
2986 5141 3054 5218 ἦν
3081 5144 3329 5215 ἀρκοῦσα
3354 5147 3387 5218 ὴ
3415 5161 3595 5215 παρα-

2007 5231 2193 5302 μυθία.
2250 5230 2375 5294 Πῶς
2425 5230 2483 5284 δέ
2532 5232 2628 5284 καὶ
2672 5230 2849 5299 ἔλεγε,
2909 5228 3205 5301 Συμφέρει
3260 5228 3435 5298 ὑμῖν;
3492 5227 3593 5281 Διά

2002 5316 2161 5369 τοῦτο
2191 5314 2260 5369 τὰ
2297 5314 2520 5384 μείζονα
2564 5313 2714 5386 αὐτῷ
2753 5307 3056 5386 τετήρηται
3099 5317 3195 5384 τῆς
3222 5310 3592 5374 διδασκαλίας,

2005 5399 2093 5453 ἴνα
2132 5399 2207 5470 μὴ
2237 5397 2459 5455 ἔλαττον
2483 5397 2614 5452 0610
2644 5398 2931 5469 νομίσωσι,
2959 5397 3159 5451 Σκόπει
3190 5397 3247 5450 δὲ
3275 5394 3467 5465 ἡλίκην
3498 5393 3596 5446 06-

2004 5485 2116 5546 τοῖς
2163 5483 2410 5553 ἀνάγκην
2456 5482 2731 5554 ἐπέθηκεν
2771 5484 2829 5536 ἐν
2865 5482 3259 5555 Ἱεροσολύμοις
3302 5474 3463 5542 εἶναι,
3516 5478 3602 5549 τῷ

2006 5566 2341 5638 ὑποσχέσθαι
2363 5568 2482 5620 ἐκεῖ
2502 5565 2563 5621 τὸ
2597 5568 2823 5639 Πνεῦμα
2851 5564 3203 5638 παρέχεσθαι.
3236 5563 3355 5616 Ἵνα
3381 5561 3492 5635 γὰρ
3518 5560 3598 5634 μὴ

2007 5651 2170 5706 πάλιν
2198 5649 2277 5723 [9]
2309 5651 2449 5722 μετά
2471 5651 2862 5724 τὴνάνάληψιν
2886 5648 3052 5706 αὐτοῦ
3082 5646 3322 5718 φύγωσι,
3341 5648 3408 5719 τῇ
3437 5661 3598 5718 προσ-

2005 5735 2162 5808 δοκίᾳ
2207 5735 2382 5807 ταύτῃ
2436 5735 2690 5808 καθάπερ
2734 5735 2841 5790 τινὶ
2873 5732 3060 5805 δεσμῷ
3109 5733 3330 5803 κατέχει
3388 5732 3598 5796 πάντας

2007 5820 2206 5883 αὐτοὺς
2236 5821 2437 5873 ἐκεῖσε.
2488 5818 2674 5872 Εἰπὼν
2700 5817 2782 5879 δέ,
2817 5815 3161 5887 Περιμένειν
3202 5815 3317 5884 τὴν
3347 5816 3599 5886 ἐπαγγε-

2008 5906 2151 5958 λίαν
2180 5903 2290 5957 τοῦ
2328 5903 2580 5971 Πατρός,
2639 5899 2721 5970 ἣν
2750 5898 3057 5971 ἠκούσατέ
3099 5918 3242 5970 μου,
3278 5899 3594 5971 ἐπήγαγεν⁹

2075 6058 2100 6086 e
2127 6044 2299 6094 Morel.
2324 6044 2554 6109 παρίετο,
2580 6041 2735 6109 ngil,
2760 6040 3014 6109 01:16:10._
3043 6040 3266 6109 QII-aque
3300 6037 3453 6089 lectio
3474 6048 3597 6107 qug—

2012 6108 2155 6157 (ιι-πε
2197 6102 2408 6169 ροιοςι.’
2452 6103 2475 6144 f
2523 6103 2676 6156 Savil.
2722 6107 2769 6155 in
2802 6117 2957 6168 ποτε.
2992 6102 3197 6164 ἀπέστη.
