4092 6444
325 434 379 490 ει
1341 429 1406 485 lN
1445 428 1627 485 ACTA
1667 426 2193 485 APOSTOLORUM.
2240 434 2469 493 nomL.
2513 438 2552 493 l.
3532 458 3604 514 «ῃ

327 552 589 619 Postquam
611 553 785 599 autem
820 545 981 600 dixit
1007 564 1019 599 :
1048 543 1113 600 Ut
1138 554 1486 612 exspectarent
1522 543 1907 612 promissionem

324 640 499 705 Patris,
524 654 667 710 quam
692 637 920 692 audistis
952 655 990 691 a
1016 655 1124 703 me,
1156 637 1339 692 subdit
1371 655 1384 691 :
1414 636 1469 691 5.
1514 636 1645 703 Quia
1674 636 1902 690 Joannes

322 732 505 796 quidem
540 729 808 795 baptizavit
862 746 1028 799 aqua,
1078 746 1163 784 vos
1210 740 1377 782 autem
1423 727 1803 797 baptizabimini
1848 730 1902 782 in

325 822 505 892 Spiritu
547 831 717 876 sancto
758 839 865 875 non
905 832 1019 891 post
1046 823 1230 875 multos
1256 821 1347 874 hos
1376 820 1501 874 dies.
1529 820 1779 874 Ostendit
1804 820 1900 874 de—

323 929 475 977 mum,
497 924 749 983 quantum
775 912 995 966 intersit
1016 912 1274 966 Joannem
1305 912 1443 966 inter
1468 921 1520 966 et
1551 912 1720 981 ipsmn
1747 928 1761 975 ;
1787 910 1897 979 jam

320 1021 417 1059 non
461 1005 772 1060 adumbrate
819 1013 879 1058 ut
919 1016 1076 1061 antea
1112 1024 1124 1058 :
1167 1020 1290 1058 nam
1331 1004 1561 1059 obscure
1600 1003 1897 1077 admodum

317 1096 556 1166 loquutus
597 1095 809 1159 fuerat,
842 1096 1066 1169 quando
1108 1095 1280 1150 dixit:
1314 1095 1413 1160 Qui
1441 1105 1606 1149 autem
1636 1096 1800 1148 minor
1825 1105 1897 1149 est

314 1187 362 1241 in
386 1205 537 1257 regno
563 1189 821 1253 cwlorum,
852 1189 1017 1258 major
1045 1197 1115 1241 est
1158 1187 1247 1241 illo
1280 1187 1488 1258 (Matth.
1522 1188 1607 1240 il.
1635 1184 1723 1255 Η)
1760 1203 1772 1238 :
1800 1185 1892 1241 sed

315 1297 447 1335 nunc
476 1282 806 1335 manifestius
839 1298 854 1333 :
880 1279 1107 1333 Joannes
1134 1323 1147 1346 ,
1178 1280 1348 1349 inquit
1372 1322 1387 1345 ,
1422 1279 1691 1349 baptizavit
1716 1294 1847 1348 aqua
1872 1320 1887 1344 ,

310 1388 393 1425 ros
419 1384 588 1426 autem
625 1373 1003 1443 baptizabimini
1040 1373 1092 1427 in
1134 1373 1331 1441 Spiritu
1374 1382 1568 1426 sancto.
1614 1371 1731 1426 Non
1775 1371 1887 1439 jam

310 1465 473 1517 utitur
496 1465 832 1530 testimonio;
854 1465 947 1518 sed
978 1479 1261 1533 personam
1297 1472 1498 1517 tantum
1524 1472 1807 1526 memorat,
1834 1466 1887 1517 in

307 1556 617 1609 memoriam
662 1570 919 1610 revocans
964 1571 1049 1619 ea,
1096 1572 1214 1625 qua:
1258 1557 1403 1625 prius
1444 1556 1672 1622 dixerat,
1719 1556 1886 1625 signi-

306 1648 529 1716 ﬁcatque
561 1648 708 1716 ipsos
732 1648 840 1717 jam
865 1648 1099 1715 majores
1127 1662 1247 1702 esse
1277 1647 1483 1703 Joanne
1507 1666 1522 1712 ;
1546 1647 1807 1717 siquidem
1833 1648 1884 1701 in

300 1739 495 1807 Spiritu
524 1749 581 1794 et
606 1740 703 1808 ipsi
736 1741 1048 1809 baptizaturi
1089 1748 1259 1794 erant.
1308 1740 1423 1794 Non
1465 1740 1618 1805 dixit,
1656 1740 1760 1793 Vos
1786 1756 1885 1809 ego

298 1829 508 1900 baptizo
532 1831 585 1885 in
616 1831 816 1901 Spiritu
845 1841 1050 1898 sancto,
1076 1832 1191 1899 sed,
1220 1832 1615 1901 Baptizabimiui
1640 1848 1657 1885 :
1682 1832 1884 1886 docens

296 1937 393 1975 nos
434 1922 808 1978 humilitatem.
838 1923 971 1977 Nam
998 1940 1062 1977 ex
1111 1925 1417 1978 tesdmonio
1456 1924 1678 1978 Joannis
1705 1924 1880 1994 palam

294 2023 411 2067 erat
449 2015 621 2083 ipsum
665 2016 1051 2084 baptizaturum
1084 2031 1240 2081 esse;
1276 2017 1411 2071 dixit
1439 2020 1581 2071 enim
1625 2035 1637 2070 :
1673 2016 1772 2070 Itte
1796 2034 1881 2071 vos

292 2107 567 2175 baptizabit
591 2111 643 2162 in
680 2110 874 2178 Spiritu
902 2120 1076 2165 sancto
1101 2121 1147 2165 et
1172 2113 1285 2183 igne
1312 2112 1459 2184 (Luc.
1486 2114 1539 2168 5.
1572 2114 1661 2179 16)
1695 2134 1707 2167 :
1734 2114 1881 2169 ideo-

291 2213 395 2266 que
422 2198 569 2252 illum
601 2217 762 2255 unum
792 2205 1127 2258 memoravit.
1159 2205 1447 2275 Evangelia
1477 2207 1635 2277 igitur
1658 2207 1877 2261 historia

288 2302 411 2342 sunt
445 2305 653 2357 eorum,
693 2308 811 2362 qua:
852 2292 1093 2351 Christus
1131 2296 1256 2351 fecit
1295 2306 1349 2353 et
1382 2297 1556 2354 dixit:
1587 2300 1717 2353 Acta
1748 2314 1877 2355 vero

286 2396 471 2436 eorum
518 2398 637 2454 quae
678 2385 813 2441 alius
853 2386 1159 2443 Paracletus
1183 2389 1317 2444 dixit
1340 2398 1395 2445 et
1422 2389 1566 2445 fecit.
1594 2391 1690 2447 llle
1725 2407 1877 2445 nam-

285 2488 389 2543 que
411 2474 521 2543 jam
550 2476 679 2530 olim
704 2478 869 2532 multa
896 2479 1216 2549 operabatur
1240 2523 1255 2548 ,
1280 2481 1420 2536 sicut
1449 2482 1609 2536 etiam
1631 2481 1875 2538 Christus

284 2582 429 2621 nunc
471 2579 828 2648 operaturket
847 2572 974 2627 olim
1002 2589 1213 2645 quoque
1237 2575 1594 2644 operabatur;
1624 2577 1718 2632 sed
1749 2586 1875 2635 tunc

285 2673 380 2727 per
407 2661 685 2729 templum,
720 2679 861 2718 nunc
888 2680 987 2735 per
1014 2667 1302 2735 apostolos.
1336 2666 1404 2720 Et
1427 2677 1551 2722 tunc
1572 2668 1787 2737 quidem
1819 2669 1871 2722 in

283 2749 577 2820 virgineum
606 2763 813 2809 uterum
841 2757 1006 2821 venit,
1036 2769 1089 2811 et
1121 2758 1377 2827 templum
1406 2759 1689 2825 formavit;
1730 2775 1873 2815 nunc

283 2851 455 2895 autem
502 2844 558 2897 in
598 2846 803 2901 animas
849 2848 994 2902 venit
1020 2848 1338 2917 apostolicus
1370 2870 1383 2905 :
1420 2862 1546 2907 tunc
1592 2851 1645 2906 in
1692 2853 1872 2929 Specie

280 2934 563 3001 columbas,
616 2953 757 2992 nunc
802 2939 854 2993 in
897 2940 1077 3009 specie
1120 2941 1277 3011 ignis.
1310 2943 1531 3011 Quare?
1574 2942 1687 2998 illic
1718 2959 1872 2998 man-

279 3027 616 3083 suetudinem
648 3030 954 3097 exhibebat,
986 3032 1071 3086 hic
1097 3049 1228 3089 vero
1256 3035 1471 3090 ultionis
1498 3037 1865 3092 severitatem.

277 3118 551 3174 iudicium
594 3131 770 3177 autem
798 3133 1099 3194 opportune
1123 3138 1529 3182 commemorat.
1565 3129 1695 3184 Cmn
1723 3130 1867 3184 enim

279 3224 495 3281 peccata
528 3214 876 3271 condonanda
902 3229 1075 3285 erant,
1114 3221 1277 3274 multa
1308 3236 1445 3291 opus
1470 3231 1585 3277 erat
1614 3237 1869 3279 mansue-

278 3306 465 3361 tudine
497 3324 514 3361 :
542 3308 664 3378 quia
710 3325 836 3364 vero
881 3309 1081 3366 donum
1127 3316 1443 3384 consequuti
1501 3331 1710 3386 sumus,
1757 3317 1866 3386 jam

278 3408 490 3469 tempus
545 3412 626 3456 est
676 3402 860 3471 judicii
912 3413 966 3459 et
1012 3407 1289 3462 examinis.
1352 3408 1633 3474 Quomodo
1689 3422 1867 3467 autem

276 3492 441 3556 dicit,
472 3492 895 3563 Baptizabimini,
927 3513 1046 3552 cum
1099 3501 1249 3570 aqua'
1288 3516 1395 3555 non
1450 3513 1594 3558 esset
1644 3504 1697 3558 in
1751 3520 1864 3560 cce-

281 3587 518 3641 naculo?
564 3588 693 3656 Quia
734 3589 963 3658 Spiritus
992 3602 1106 3657 est,
1135 3608 1233 3663 per
1275 3609 1434 3663 quem
1491 3612 1627 3666 aqua
1679 3613 1869 3667 opera-

281 3680 876 3749 turzqucmadmodum
914 3683 1161 3739 Christus
1202 3696 1390 3742 unctus
1433 3688 1601 3745 fuisse
1647 3690 1863 3757 dicitur,

281 3771 403 3827 licet
455 3789 744 3843 numquam
794 3776 913 3831 oleo
962 3787 1152 3833 unctus
1205 3778 1403 3847 fuerit,
1456 3780 1553 3837 sed
1607 3781 1865 3853 Spiritum

278 3867 570 3934 acceperit.
600 3867 846 3938 Alioquin
876 3886 1004 3925 vero
1049 3872 1192 3942 ipsos
1236 3889 1371 3944 aqua
1416 3876 1709 3944 baptizatos
1735 3878 1867 3934 fuis-

277 3973 335 4011 se
381 3960 617 4025 reperire
665 3970 777 4023 est,
810 3971 864 4016 et
911 3965 963 4017 in
1017 3963 1244 4020 diversis
1300 3969 1648 4037 temporibus.
1706 3971 1863 4041 Apud

278 4066 375 4104 nus
406 4052 550 4105 enim
582 4062 859 4124 utrumque
886 4071 992 4111 uno
1020 4058 1316 4127 eodemque
1342 4060 1401 4113 iit
1431 4070 1672 4132 tempore
1691 4106 1706 4128 ,
1739 4074 1864 4121 tunc

276 4153 457 4197 autem
495 4144 718 4200 diversis
768 4149 1114 4217 temporibus.
1160 4150 1317 4205 Initio
1348 4169 1578 4224 namque
1604 4170 1632 4207 a
1659 4155 1865 4212 Joanne

276 4236 530 4305 haptizati
557 4249 716 4304 sunt;
756 4254 855 4294 nec
885 4242 1079 4296 mirum
1106 4252 1207 4297 est.
1241 4243 1371 4299 Nam
1399 4246 1443 4299 si
1472 4249 1785 4303 meretrices
1810 4259 1866 4305 et

275 4332 546 4400 publicani
589 4332 657 4387 ad
700 4333 826 4389 illud
857 4334 1115 4404 baptisma
1162 4349 1455 4405 venerunt;
1498 4341 1667 4397 multo
1696 4343 1865 4413 magis

278 4425 348 4488 ii,
379 4425 469 4493 qui
503 4437 682 4494 postea
712 4441 742 4480 a
771 4427 969 4497 Spiritu
999 4428 1300 4498 baptizandi
1332 4443 1504 4487 erant.
1536 4433 1759 4501 Deinde,
1792 4451 1859 4490 ne

276 4514 519 4570 dicerent
537 4556 553 4582 ,
579 4532 691 4571 rem
720 4517 771 4571 in
810 4519 1089 4588 promissis
1118 4535 1332 4592 semper
1359 4539 1479 4578 esse
1504 4524 1523 4597 (
1545 4540 1668 4579 nam
1698 4526 1862 4581 multa

276 4607 376 4662 hac
399 4607 467 4663 de
494 4623 554 4663 re
581 4609 717 4664 dicta
748 4610 1034 4683 fuerant);
1066 4629 1198 4670 neve
1225 4624 1474 4684 putarent
1496 4620 1863 4689 Operationem

275 4715 399 4755 esse
420 4702 539 4757 sine
566 4717 624 4757 re
651 4702 844 4775 aliqua,
874 4705 996 4761 illos
1021 4705 1089 4759 ab
1109 4706 1210 4762 hac
1239 4709 1544 4779 suspicione
1566 4710 1859 4778 abducens,

272 4795 349 4848 ait
378 4810 393 4848 :
424 4794 546 4849 Non
574 4806 683 4864 post
708 4799 891 4853 multos
918 4802 1010 4854 Iros
1034 4801 1161 4855 dies.
1198 4802 1385 4874 Neque
1412 4806 1667 4862 indicavit
1696 4823 1863 4878 quan-

274 4885 344 4940 do
366 4927 382 4953 ,
429 4896 488 4940 ut
530 4901 740 4957 semper
768 4890 1078 4960 vigilarent;
1109 4894 1204 4948 sed
1239 4894 1390 4951 brevi
1429 4896 1665 4953 futurum
1690 4899 1860 4967 dixit,

224 5048 249 5063 .
278 4993 346 5033 ne
370 4979 554 5035 animo
578 4979 895 5048 deﬁcerent;
928 5000 1025 5040 nec
1053 4985 1259 5044 addidit
1284 4990 1527 5060 quando,
1558 5002 1613 5048 ut
1646 5008 1862 5065 semper

280 5071 463 5140 vigiles
485 5084 687 5128 essent.
728 5073 913 5146 Neque
943 5076 1042 5133 hoc
1069 5086 1274 5135 tantum
1302 5082 1463 5138 modo
1500 5083 1622 5140 illos
1648 5086 1716 5141 ad
1744 5101 1863 5143 cre-

272 5165 510 5221 dendum
558 5168 778 5235 inducit,
818 5172 1024 5228 scilicet
1063 5190 1156 5244 per
1196 5175 1516 5233 brevitatem
1563 5182 1857 5251 temporis;

270 5258 365 5311 sed
392 5261 551 5314 etiam
572 5276 691 5316 cum
714 5262 862 5329 dicit,
886 5262 1281 5322 Promissionem
1304 5285 1457 5339 quam
1473 5272 1685 5327 audistis
1699 5289 1732 5326 a
1748 5290 1859 5339 me;

274 5351 323 5404 id
356 5361 438 5406 est
464 5371 477 5405 :
503 5351 618 5408 Non
647 5370 785 5411 nuiic
810 5357 960 5413 vobis
986 5368 1187 5415 tantum
1213 5361 1344 5429 dixi,
1370 5362 1464 5419 sed
1481 5364 1591 5435 jam
1614 5366 1856 5434 promisi,

272 5458 393 5512 qua:
432 5446 651 5500 omnino
696 5446 931 5503 facturus
968 5466 1110 5507 sum.
1155 5452 1294 5521 Quid
1335 5469 1464 5526 ergo
1514 5456 1728 5513 miraris
1753 5500 1767 5523 ,
1812 5459 1857 5513 si

271 5535 411 5591 diem
453 5544 928 5599 consummationis
968 5560 1075 5600 non
1119 5546 1292 5614 dicat,
1325 5551 1413 5620 qui
1456 5549 1597 5606 hunc
1624 5552 1854 5607 vicinum

270 5629 411 5685 diem
438 5632 608 5689 noluit
638 5635 918 5691 indicare?
949 5637 1111 5709 quue
1129 5640 1252 5709 jure
1276 5643 1493 5710 merito,
1521 5653 1579 5698 ut
1601 5645 1851 5699 nimirum

270 5726 628 5793 exspectando
653 5728 934 5798 vigilarent
958 5745 1021 5785 ac
1042 5731 1254 5787 solliciti
1282 5745 1480 5788 essent.

339 5817 395 5873 6.
424 5816 538 5873 Non
569 5829 747 5890 potest
773 5825 916 5876 enim
937 5864 953 5889 ,
992 5838 1099 5877 non
1145 5834 1354 5894 potest,
1399 5826 1615 5895 inquam
1636 5866 1651 5890 ,
1687 5830 1855 5896 gratia

273 5906 373 5966 frui
409 5913 496 5984 qui
540 5929 648 5971 non
692 5914 891 5986 vigilat.
936 5918 1132 5972 Annon
1162 5917 1307 5975 vides
1329 5958 1346 5985 ,
1376 5917 1501 5989 quid
1541 5919 1681 5973 dicat
1712 5920 1855 5977 Elias

2013 542 2315 615 discipulo?
2362 551 2425 605 Si
2471 554 2655 609 videris
2702 573 2781 609 me
2820 575 2934 614 cum
2981 580 3232 632 assumar,
3271 571 3364 623 erit
3407 572 3500 629 tibi
3531 578 3604 629 sic

2016 636 2034 704 (
2051 637 2109 734 4.-
2134 638 2346 734 Reg—.2.
2384 642 2490 714 10)
2519 663 2529 696 :
2561 645 2611 698 id
2641 656 2743 713 est,
2772 646 3054 723 Continget
3083 656 3174 711 tibi
3207 657 3309 715 hoc
3335 664 3474 731 quod
3508 680 3599 734 po-

2008 730 2195 784 stulas.
2223 732 2467 790 Christus
2496 753 2709 809 quoque
2734 745 2939 800 solebat
2964 730 3555 813 accedentibusdicere
3578 802 3593 824 ,

2007 819 2221 875 Credis?
2251 823 2465 881 Etenim
2492 831 2591 883 nisi
2632 832 2710 886 rei
2741 833 2880 889 data:
2908 838 3197 896 admodum
3244 844 3554 903 baeserimus
3578 891 3594 917 ,

2003 910 2322 969 beneﬁcium
2373 935 2479 974 non
2523 922 2678 979 valde
2726 930 3039 985 sentiemus.
3064 933 3175 990 Sic
3214 946 3267 991 et
3297 938 3460 995 Paulo
3488 959 3595 998 non

2000 1007 2178 1063 statim
2207 1009 2330 1065 data
2380 1024 2458 1068 est
2487 1018 2690 1085 gratia,
2738 1020 2831 1075 sed
2880 1024 3107 1080 triduum
3158 1029 3459 1087 intercessit
3487 1052 3594 1106 quo

1998 1113 2172 1155 caecus
2202 1114 2317 1157 erat
2340 1146 2356 1171 ,
2385 1114 2545 1177 atque
2577 1108 2787 1165 interim
2819 1124 2962 1170 metu
2994 1121 3315 1189 purgabatur
3352 1135 3407 1179 et
3454 1144 3589 1194 prteo

1998 1194 2305 1260 parabatur.
2340 1198 2801 1265 Quemadmodum
2846 1207 2988 1261 enim
3032 1215 3120 1279 qui
3165 1229 3452 1285 purpuram
3490 1221 3589 1275 tin-

1993 1294 2143 1351 gunt,
2175 1288 2319 1355 prius
2346 1292 2661 1359 quihusdam
2691 1297 2812 1351 aliis
2852 1314 3153 1369 praeparant
3184 1305 3255 1369 id,
3299 1308 3439 1377 quod
3488 1312 3590 1365 tin-

1993 1386 2198 1432 cturam
2223 1394 2568 1452 accepturum
2598 1396 2681 1442 est
2704 1431 2716 1452 ,
2747 1405 2813 1443 ne
2840 1391 2938 1446 ﬂos
2966 1396 3224 1451 evanidus
3254 1400 3322 1452 sit
3351 1418 3365 1456 :
3396 1403 3464 1455 ita
3499 1404 3586 1459 hic

1991 1484 2204 1539 quoque
2234 1472 2378 1529 Deus
2408 1477 2555 1543 prius
2595 1479 2878 1535 sollicitam
2912 1485 3143 1540 animam
3177 1503 3440 1558 pra-parat
3466 1535 3481 1558 ,
3532 1506 3587 1549 et

1993 1571 2119 1615 tunc
2165 1566 2388 1633 gratiam
2439 1569 2690 1626 infundit.
2733 1573 2938 1630 Idcirco
2978 1593 3085 1631 non
3116 1581 3293 1634 statim
3326 1583 3581 1652 Spiritum

1989 1655 2152 1719 misit,
2177 1658 2271 1712 sed
2295 1660 2346 1713 in
2380 1661 2714 1720 Pentecoste.

2061 1744 2164 1800 Cur
2206 1748 2484 1820 baptismus
2527 1764 2750 1826 tempore
2796 1758 3143 1831 Cltrysostomi
3183 1766 3237 1820 in
3287 1766 3585 1825 Pentecoste

1986 1852 2087 1890 non
2125 1839 2350 1897 daretur.
2390 1875 2462 1883 —
2504 1846 2655 1914 Quod
2701 1850 2747 1903 si
2778 1853 2897 1920 quis
2938 1853 3134 1909 dixerit
3164 1876 3176 1912 :
3205 1857 3313 1912 Cur
3341 1875 3439 1915 nos
3472 1878 3576 1917 non

1985 1928 2088 1986 hoc
2134 1942 2375 2005 tempore
2422 1938 2797 2009 baptizamus?
2828 1947 3295 2015 respondebimus,
3350 1954 3578 2023 gratiam

1982 2026 2227 2080 eamdem
2257 2038 2384 2085 tunc
2412 2030 2573 2088 fuisse
2600 2050 2723 2104 quae
2756 2053 2897 2092 nunc
2922 2048 3033 2104 est;
3063 2041 3155 2096 sed
3184 2054 3417 2098 mentem
3449 2045 3578 2100 sub-

1982 2115 2248 2173 limiorem
2294 2138 2434 2177 nunc
2477 2140 2619 2191 esse,
2651 2128 2790 2196 quod
2819 2128 3025 2200 jejunio
3052 2146 3404 2203 prmparetur.
3440 2138 3580 2191 Pen-

1985 2219 2218 2267 tecOStes
2262 2230 2391 2269 vero
2440 2226 2650 2287 tempus
2694 2219 2855 2276 habet
2895 2225 3124 2294 aliquam
3168 2228 3425 2282 rationem
3470 2247 3575 2285 non

1980 2300 2234 2371 ineptam.
2286 2308 2540 2372 Qumnam
2591 2311 2678 2366 illa
2726 2314 2847 2368 est?
2889 2315 3343 2373 Existimaveruut
3392 2333 3573 2391 patres

1979 2398 2170 2463 nostri,
2201 2398 2463 2469 baptisma
2496 2418 2616 2459 esse
2654 2404 2864 2461 frenum
2898 2408 3146 2465 idoneum
3192 2412 3345 2467 mala:
3375 2428 3575 2467 concu-

1976 2490 2280 2558 piscentia},
2332 2512 2685 2569 magnamque
2711 2502 3010 2557 doctrinam
3050 2505 3361 2571 continere,
3405 2516 3461 2561 ut
3488 2508 3571 2562 vel

1979 2592 2219 2652 tempore
2261 2584 2575 2643 deliciarum
2620 2600 2979 2663 temperantes
3021 2596 3212 2653 simus.
3264 2598 3343 2653 Ae
3371 2599 3414 2652 si
3445 2614 3573 2670 ergo

1974 2690 2094 2730 cmn
2140 2678 2353 2733 Christo
2393 2684 2704 2750 epulemur,
2747 2702 2947 2741 mensae
2986 2688 3102 2757 ejus
3149 2700 3450 2757 consortes,
3503 2708 3571 2747 ne

1973 2767 2099 2836 quid
2146 2777 2348 2824 temere
2389 2772 2664 2839 faciamus,
2708 2775 2801 2829 sed
2848 2778 2901 2829 in
2944 2777 3194 2846 jejuniis,
3225 2780 3471 2848 precibus
3517 2790 3571 2837 et

1973 2864 2324 2929 temperantia
2358 2864 2523 2917 multa
2554 2864 2828 2934 degamus.
2860 2866 2994 2922 Nam
3022 2869 3065 2922 si
3102 2870 3181 2937 is,
3221 2871 3310 2941 qui
3342 2875 3568 2928 saecula-

1973 2967 2086 3006 rem
2116 2955 2403 3023 quamdam
2436 2955 2808 3024 prmiecturam
2840 2957 3080 3014 aditurus
3109 2968 3225 3027 est,
3278 2961 3378 3017 sibi
3420 2974 3570 3033 parat

1971 3044 2227 3114 quidquid
2263 3044 2331 3099 ad
2378 3047 2535 3101 vitam
2570 3049 2836 3117 pertinet;
2868 3058 2923 3104 et
2950 3056 3007 3103 ut
3032 3050 3345 3121 dignitatem
3385 3070 3569 3123 quam-

1972 3139 2093 3193 dam
2124 3152 2478 3210 assequatur,
2512 3142 2765 3211 pecunias
2804 3144 3098 3213 impendit,
3130 3155 3338 3216 tempus
3375 3162 3571 3203 consu-

1972 3232 2089 3298 mit,
2120 3241 2173 3286 et
2214 3243 2504 3288 sexcentos
2544 3235 2690 3289 subit
2732 3235 2979 3303 labores;
3011 3253 3123 3307 quo
3150 3253 3248 3293 nos
3276 3239 3421 3310 digni
3456 3241 3569 3297 iue-

1970 3322 2141 3377 rimus
2196 3324 2461 3395 supplicio
2513 3326 2605 3395 qui
2658 3342 2779 3381 cum
2831 3336 2979 3382 tanta
3034 3330 3281 3385 socordia
3339 3346 3566 3402 regnum

1970 3417 2222 3472 caelorum
2255 3418 2487 3481 adimus,
2522 3434 2696 3489 neque
2722 3412 3009 3490 antequam
3037 3436 3390 3493 assequamur
3419 3424 3570 3479 solli-

1969 3509 2080 3575 citi,
2114 3520 2168 3564 et
2210 3518 2332 3578 post
2373 3519 2653 3581 acceptum
2682 3512 2897 3581 ignavi?
2928 3511 3055 3568 Ideo
3098 3514 3242 3570 enim
3288 3526 3566 3587 postquam

1968 3604 2296 3675 accepimus,
2345 3619 2538 3676 segnes
2564 3622 2772 3671 sumus,
2815 3608 2938 3677 quia
2981 3616 3268 3679 antequam
3297 3611 3570 3680 accipere-

1968 3712 2120 3760 mus,
2154 3713 2262 3752 non
2297 3698 2649 3769 vigilavimus.
2686 3699 2889 3755 Idcirco
2916 3700 3066 3756 multi
3095 3710 3377 3773 postquam
3414 3719 3569 3760 acce-

1968 3798 2199 3857 perunt,
2252 3790 2495 3859 protinus
2545 3790 2611 3846 ad
2656 3791 2894 3861 priorem
2938 3793 3203 3849 vomitum
3253 3794 3563 3861 redierunt,

1969 3880 2181 3950 pejores
2211 3890 2338 3935 sunt
2361 3882 2554 3947 eil‘ecti,
2588 3893 2643 3939 et
2666 3885 2883 3955 gravius
2911 3884 3015 3938 sibi
3043 3884 3365 3955 supplicimn
3397 3896 3566 3942 attra-

1968 3983 2179 4040 xeruut,
2211 3990 2239 4028 a
2276 3976 2547 4045 prioribus
2575 3976 2784 4031 liberati
2819 3977 3053 4046 peccatis
3084 4000 3097 4033 :
3140 3978 3371 4049 hincque
3396 3981 3566 4052 magis

1963 4064 2199 4134 judieem
2243 4066 2309 4120 ad
2353 4067 2487 4121 iram
2535 4069 2894 4136 concitarunt,
2941 4070 3082 4139 quod
3132 4085 3161 4123 a
3212 4078 3362 4126 tanto
3407 4073 3564 4127 soluti

1968 4157 2177 4221 morbo,
2227 4173 2294 4212 ne
2339 4158 2418 4212 sic
2460 4159 2678 4228 quidem
2727 4160 3091 4228 resipuerint;
3120 4161 3215 4215 sed
3250 4160 3380 4215 illud
3425 4163 3566 4231 passi

1967 4248 2097 4315 sint,
2140 4249 2281 4320 quod
2315 4250 2611 4322 paralytico
2656 4251 3016 4305 comminatus
3058 4261 3140 4306 est
3178 4252 3445 4317 Christus,
3480 4253 3564 4308 di-

1967 4356 2096 4396 cens
2136 4358 2149 4394 :
2187 4340 2319 4395 Ecce
2342 4358 2499 4396 sanus
2528 4346 2691 4413 factus
2731 4359 2815 4408 es;
2846 4342 2952 4396 noli
2979 4341 3201 4412 amplius
3228 4359 3464 4412 peccare,
3504 4360 3570 4398 ne

1966 4434 2089 4502 quid
2110 4434 2196 4487 tibi
2223 4434 2444 4489 deterius
2474 4436 2730 4504 contingat
2756 4434 2938 4506 (Joan.
2968 4436 3022 4491 5.
3054 4435 3142 4507 M)
3170 4454 3182 4487 :
3211 4436 3463 4507 quodque
3496 4437 3563 4493 do

1966 4526 2165 4581 Judaeis
2192 4526 2460 4596 praedixit,
2489 4528 2780 4583 ostendens
2816 4528 2959 4597 ipsos
2986 4528 3178 4598 ingrati
3210 4528 3375 4584 animi
3402 4546 3563 4585 causa

1970 4618 2320 4673 intolerabilia
2354 4634 2604 4688 passuros
2624 4634 2745 4674 esse
2773 4637 2785 4672 :
2816 4618 2879 4674 Si
2921 4637 3021 4674 non
3051 4621 3293 4675 venissem
3321 4632 3367 4673 et
3387 4622 3565 4691 loquu-

1968 4719 2049 4764 tus
2076 4711 2285 4780 fuissem
2311 4712 2401 4777 eis,
2430 4720 2685 4781 peccatum
2713 4728 2814 4765 non
2841 4711 3080 4766 haberent
3111 4710 3290 4782 (Joan.
3326 4712 3412 4768 15.
3442 4712 3554 4781 22).

1967 4802 2152 4873 Itaque
2184 4803 2407 4873 posthac
2430 4803 2589 4872 dupla
2618 4813 2671 4856 et
2708 4802 3005 4873 quadrUpla
3030 4813 3156 4857 sunt
3182 4813 3421 4873 peccata.
3446 4804 3565 4871 Quo

1969 4895 2170 4966 pacto?
2199 4894 2333 4961 Quia
2361 4904 2487 4965 post
2512 4895 2764 4949 collatum
2794 4894 3052 4949 honorem
3079 4894 3269 4964 ingrati
3299 4911 3486 4949 sumus
3512 4906 3566 4950 ut

1966 4990 2214 5061 improbi.
2255 4989 2593 5059 QuaprOpter
2637 4988 2765 5043 nihil
2808 4986 2965 5042 nobis
3006 4986 3218 5057 proiicit
3247 4988 3560 5053 lavacrum,

1964 5093 2022 5139 ut
2064 5083 2245 5138 mitius
2291 5083 2593 5152 puniamur.
2639 5080 3021 5135 Animadverte
3053 5095 3251 5150 porro:
3292 5081 3345 5136 in
3381 5082 3562 5152 gravia

1966 5186 2181 5247 peccata
2212 5176 2331 5247 quis
2359 5175 2580 5239 incidit;
2610 5173 2692 5229 vel
2723 5172 2945 5239 tandem,
2977 5173 3068 5229 vel
3097 5173 3440 5238 adulterium,
3469 5172 3554 5226 vel

1965 5270 2108 5324 aliud
2150 5268 2426 5341 quidpiam
2456 5267 2696 5323 deterius
2722 5266 2935 5322 admisit
2969 5284 2982 5320 :
3016 5265 3132 5322 hare
3161 5282 3259 5337 per
3286 5267 3556 5320 lavacrum

1966 5364 2189 5417 remissa
2235 5369 2379 5416 sunt.
2430 5360 2644 5416 Nullum
2690 5360 2887 5430 quippe
2916 5368 2998 5414 est
3024 5402 3037 5423 ,
3069 5360 3273 5414 nullum
3302 5369 3377 5410 (νει
3408 5366 3556 5412 certe

1966 5466 2267 5527 peccatum,
2298 5454 2440 5508 nulla
2468 5453 2731 5523 impietas,
2761 5469 2881 5522 qua:
2911 5452 3033 5505 huic
3054 5450 3196 5505 dono
3224 5464 3329 5502 non
3355 5446 3506 5502 cedat
3538 5464 3553 5504 :

1962 5550 2139 5605 divina
2171 5547 2366 5617 quippe
2402 5557 2483 5601 est
2510 5544 2699 5614 gratia.
2731 5544 2967 5599 Rursum
2998 5541 3296 5596 mtechatus
3323 5551 3404 5615 est
3436 5540 3554 5610 quis

1962 5649 2016 5695 et
2045 5638 2243 5694 occidit
2274 5655 2287 5691 :
2318 5636 2549 5707 primum
2579 5634 2796 5705 quidem
2827 5630 3147 5687 adulterium
3178 5631 3409 5686 solutum
3440 5638 3546 5697 est,

1962 5746 2016 5788 et
2057 5733 2230 5789 credes
2272 5731 2591 5795 condonata,
2623 5742 2796 5798 neque
2823 5734 3107 5780 revocatur
3134 5744 3146 5779 ι
3178 5724 3325 5779 Dona
3352 5727 3549 5798 quippe

1960 5827 2059 5881 Dei
2086 5838 2133 5881 et
2158 5825 2351 5879 vacatio
2381 5824 2491 5894 ejus
2520 5831 2635 5876 sunt
2663 5821 2770 5874 sine
2798 5818 3089 5888 paenitentia
3119 5818 3291 5888 (Rom.
3320 5819 3405 5872 il.
3431 5817 3545 5884 9.9).

1960 5922 2065 5979 Sed
2114 5935 2212 5993 pro
2258 5919 2343 5985 iis,
2390 5934 2509 5987 qua:
2549 5923 2670 5984 post
2708 5910 3031 5983 baptismum
3072 5919 3377 5982 perpetrata
3406 5918 3537 5965 sunt
