4092 6474
443 447 514 503 23
1195 439 1250 497 S.
1292 437 1569 494 JO.\NNIS
1606 429 2080 492 CllllYSOS'lOMl
2120 430 2440 489 ARCHIEP.
2479 430 3012 491 CONSTANTINOP.
3665 436 3738 495 ει

443 573 618 619 tantas
657 561 847 616 damus
893 572 1096 629 poenas,
1141 567 1368 626 quantas
1405 555 1450 612 si
1499 555 1588 609 illa
1635 560 1882 608 revocata
1926 562 2032 602 non

444 657 708 722 fuissent,
743 654 850 708 imo
880 653 1038 721 longe
1071 651 1324 720 majores.
1356 649 1474 704 Non
1499 648 1642 702 enim
1668 646 1778 716 jam
1807 645 2034 715 simplex

442 756 524 802 est
550 754 847 816 peccatum,
877 744 969 799 scd
1000 743 1197 813 duplex
1222 752 1278 797 et
1301 742 1518 811 triplex.
1546 739 1700 808 Quod
1731 749 1908 793 autem
1941 736 2038 790 ho-

441 855 560 894 rum
585 839 755 908 major
775 838 844 892 sit
869 830 1018 902 ultio,
1049 836 1172 901 audi
1195 835 1320 904 quid
1343 834 1486 888 dicat
1509 833 1705 888 Paulus
1735 848 1748 884 :
1780 845 1797 882 ι
1831 830 2036 884 lrritam

444 931 561 1001 quis
607 930 811 985 faciens
860 929 1029 998 legem
1082 928 1300 999 Moysis,
1348 927 1466 981 sine
1509 926 1614 979 ulla
1666 922 2034 979 misericordia

443 1025 651 1079 duobus
695 1024 778 1078 vel
821 1023 992 1076 tribus
1041 1021 1266 1076 testibus
1311 1019 1586 1074 moritur:
1620 1025 1821 1088 quanto
1867 1015 2037 1084 magis

446 1117 644 1186 putatis
691 1115 957 1170 deteriora
1007 1113 1201 1167 mereri
1252 1112 1509 1182 supplicia
1557 1110 1648 1180 qui
1696 1108 1890 1162 Filium
1941 1106 2035 1160 Dei

442 1209 881 1270 coneulcaverit,
935 1216 990 1261 et
1043 1206 1358 1274 sanguinem
1411 1202 1715 1258 testamenti
1773 1201 2034 1270 pollutum

445 1303 678 1365 duxerit.
707 1310 762 1355 et
789 1300 996 1370 spiritui
1022 1298 1208 1369 gratia:
1233 1296 1612 1352 contumeliam
1641 1294 1827 1350 fecerit
1850 1292 2033 1360 (Hebr.

448 1390 813 1463 10.23.29)?
849 1410 869 1443 ι

514 1481 700 1536 Contra
750 1498 832 1536 eos
886 1482 972 1550 qui
1027 1481 1278 1551 baptisma
1333 1479 1655 1546 differebant.
1686 1475 2032 1531 —Fortasse

445 1575 644 1629 multos
673 1575 967 1629 avertimus
987 1617 1001 1640 ,
1032 1590 1101 1628 ne
1131 1588 1272 1627 nunc
1306 1572 1571 1640 accipiant
1614 1569 1901 1639 baptisma.
1932 1565 2038 1621 Ve-

447 1683 563 1721 rum
595 1682 699 1721 non
731 1668 847 1721 hare
890 1667 978 1720 illa
1018 1666 1086 1721 de
1113 1680 1275 1720 causa
1303 1664 1538 1718 diximus
1561 1696 1577 1728 ,
1605 1662 1700 1717 sed
1723 1671 1782 1713 ut
1807 1659 1895 1728 qui
1924 1659 2034 1728 jam

444 1767 786 1829 acceperunt,
813 1759 865 1811 in
895 1758 1057 1812 multa
1087 1767 1338 1811 maneant
1365 1753 1715 1823 temperantia
1760 1760 1814 1804 et
1848 1749 2034 1804 mode-

446 1853 572 1906 Stia.
607 1855 678 1906 At
705 1860 904 1914 metuo,
930 1851 1071 1905 dicet
1095 1851 1304 1920 aliquis.
1335 1848 1390 1903 Si
1417 1857 1709 1910 metueres,
1733 1844 2036 1912 accepisses

445 1945 625 2013 utique
654 1954 707 1998 et
729 1957 1026 1997 servasses.
1063 1942 1279 2006 Verum,
1315 1941 1523 2010 inquies
1542 1980 1558 2004 ,
1589 1953 1650 1993 ea
1676 1937 1788 2006 ipsa
1815 1936 1881 1990 de
1909 1951 2038 1989 cau-

441 2048 498 2086 sa
529 2048 632 2087 non
664 2032 906 2101 accipio,
936 2031 1076 2100 quod
1111 2041 1362 2086 metuam.
1395 2032 1590 2084 Annon
1641 2029 1838 2082 metuis
1863 2027 1940 2080 sic
1963 2041 2031 2079 ex

444 2124 542 2178 hac
571 2124 675 2177 vita
707 2122 1010 2177 decedere?
1039 2121 1311 2188 Clemens,
1344 2121 1536 2191 inquit,
1565 2127 1648 2174 est
1680 2119 1840 2172 Deus.
1876 2115 2037 2185 lgitur

444 2215 626 2284 accipe
652 2215 916 2282 baptisma
941 2232 954 2264 :
980 2214 1218 2268 clemens
1252 2213 1395 2266 enim
1423 2220 1506 2266 est
1532 2219 1586 2266 et
1621 2209 1929 2279 cpitulatur.
1956 2205 2034 2260 Tu

441 2324 569 2362 vero
591 2308 680 2363 ubi
711 2317 984 2377 oporteret
1011 2306 1248 2362 studiose
1268 2321 1378 2359 rem
1405 2319 1585 2375 agere,
1607 2302 1750 2357 illam
1780 2316 1884 2354 non
1908 2314 2036 2368 pne.

441 2400 617 2454 tendis
642 2398 1022 2462 clementiam;
1054 2397 1144 2452 ubi
1178 2411 1308 2450 vero
1339 2394 1556 2450 diflerre
1598 2401 1786 2464 optas,
1810 2401 1937 2446 tunc
1967 2389 2035 2442 il-

441 2491 546 2544 lam
584 2491 926 2546 clementiam
968 2504 1258 2544 memoras.
1295 2489 1454 2558 Atqui
1497 2497 1624 2542 tunc
1653 2496 1868 2555 tempus
1893 2493 2036 2539 esset

440 2583 624 2637 utendi
648 2582 736 2636 illa
759 2582 1068 2645 clementia,
1098 2590 1258 2650 atque
1279 2581 1423 2635 illam
1454 2589 1566 2634 tum
1591 2579 1760 2649 magis
1782 2593 2039 2645 asseque-

445 2689 583 2738 ntur,
617 2689 737 2727 cum
765 2687 827 2727 ea
858 2689 977 2741 qua:
1009 2688 1177 2742 penes
1207 2687 1304 2725 nos
1333 2679 1457 2725 sunt
1483 2669 1787 2724 alferemus.
1821 2669 2032 2723 Etenim

437 2764 502 2830 is,
532 2765 620 2834 qtti
643 2765 821 2818 omnia
846 2765 899 2817 in
924 2764 1086 2818 Deum
1113 2763 1307 2832 rejicit,
1333 2772 1387 2817 et
1418 2771 1537 2830 post
1564 2762 1825 2832 baptisma
1849 2770 2036 2832 peceat

440 2865 623 2925 utpote
649 2856 832 2920 homo,
868 2872 964 2926 per
989 2855 1360 2926 paenitentiam
1391 2855 1547 2910 venia
1574 2855 1864 2910 donabitur
1896 2872 1910 2908 :
1943 2854 2033 2924 qui

434 2966 561 3005 vero
599 2950 666 3005 de
713 2950 804 3004 Dei
849 2950 1134 3004 clementia
1174 2950 1328 3020 quasi
1371 2959 1559 3020 argute
1599 2949 1744 3018 agit,
1774 2950 1818 3002 si
1849 2946 2034 3018 gratia:

435 3058 631 3113 expers
671 3041 796 3097 hinc
830 3042 1085 3106 decedat,
1117 3043 1412 3098 iuevitabili
1455 3042 1720 3112 supplicio
1749 3043 2030 3112 plectetur.

433 3137 542 3192 Cur
570 3146 748 3192 autem
795 3136 910 3192 lucc
952 3136 1470 3191 adversussalutem
1504 3144 1646 3190 tuam
1695 3133 2033 3205 pra-tendis?

438 3230 774 3300 Impossibile
805 3230 946 3284 enim
978 3240 1078 3295 est,
1116 3231 1466 3301 impossibile,
1502 3243 1559 3284 ut
1589 3239 1741 3300 puto,
1761 3237 2028 3295 est,eum,

433 3325 520 3394 qui
551 3325 641 3378 tali
673 3339 768 3394 Spe
798 3323 963 3378 fultus
991 3323 1205 3387 differt,
1251 3332 1530 3378 strenuum
1559 3323 1684 3394 quid
1712 3333 1803 3376 aut
1831 3321 2030 3376 bonum

435 3417 666 3484 operari.
694 3417 772 3470 'l‘u
805 3431 933 3470 vero
967 3431 1065 3470 cur
1093 3425 1298 3471 tantum
1330 3425 1532 3471 metum
1563 3417 1826 3484 suscipis,
1856 3424 1911 3470 et
1946 3416 2029 3469 in-

432 3517 638 3561 certum
674 3507 907 3561 futurum
933 3509 1263 3576 praetendis?
1296 3523 1394 3563 cur
1423 3523 1528 3563 non
1561 3517 1760 3563 metum
1796 3509 1948 3562 illum
1977 3512 2029 3563 in

433 3599 668 3654 laborem
692 3609 746 3655 et
769 3599 1104 3669 diligentiam
1133 3609 1327 3665 mutas,
1355 3612 1412 3655 ut
1443 3601 1517 3655 sis
1544 3615 1770 3670 magnus
1790 3609 1845 3655 et
1868 3601 2032 3654 mira-

433 3694 600 3749 bilis?
629 3705 805 3749 utrum
837 3695 1028 3750 melius
1051 3705 1154 3762 est,
1181 3697 1391 3760 timere,
1420 3710 1490 3749 an
1519 3695 1804 3750 laborare?
1826 3694 1882 3750 Si
1909 3695 2029 3764 quis

433 3795 482 3841 te
507 3788 798 3842 collocaret
821 3789 1053 3842 otiosum
1099 3788 1151 3842 in
1179 3787 1342 3842 domo
1366 3789 1533 3841 ruinae
1562 3789 1806 3858 proxima
1829 3829 1844 3853 ,
1875 3787 2027 3842 dice-

433 3887 652 3947 retque,
698 3878 965 3948 Exspecta
1020 3883 1191 3935 donec
1226 3883 1556 3950 contignatio
1591 3881 1701 3950 jam
1762 3881 1932 3949 putris
1975 3881 2026 3933 in

433 3982 593 4042 caput
625 3985 772 4027 tuum
802 3973 958 4027 cadat
979 3973 1123 4044 (nam
1147 3972 1284 4028 forte
1310 3974 1489 4040 cadet,
1519 3973 1655 4028 forte
1678 3989 1782 4027 non
1811 3971 2024 4045 cadet);

434 4065 515 4118 sin
547 4080 652 4118 non
682 4065 874 4135 placet,
899 4080 1148 4134 operare,
1172 4073 1228 4120 et
1253 4067 1304 4119 in
1326 4065 1520 4120 tutiore
1544 4063 1722 4119 habita
1749 4064 1986 4118 thalamo
2010 4081 2024 4117 :

431 4167 606 4211 utrum
639 4159 814 4228 potius
840 4158 1069 4226 eligeres
1090 4200 1106 4225 ,
1137 4157 1378 4214 otiumnc
1406 4158 1536 4214 illud
1569 4160 1762 4214 timore
1785 4158 2025 4229 plenum,

426 4266 497 4305 an
540 4252 775 4307 laborem
807 4267 902 4322 spe
933 4251 1166 4307 fultum?
1192 4252 1266 4307 lla
1293 4261 1349 4307 et
1399 4267 1542 4308 nunc
1570 4250 1750 4306 facito.
1783 4252 1914 4306 Nam
1947 4251 2030 4305 ino

430 4354 637 4396 certum
683 4343 814 4397 illud
863 4342 1097 4398 futurum
1124 4384 1138 4407 ,
1179 4353 1262 4398 est
1290 4344 1441 4413 quasi
1487 4327 1694 4398 domus~
1721 4343 1772 4397 in
1815 4345 2027 4397 ruinam

435 4449 662 4505 vergens
691 4453 706 4498 ;
739 4436 828 4489 illa
861 4450 991 4490 vero
1023 4436 1265 4506 operatio
1284 4477 1299 4502 ,
1328 4437 1428 4492 etsi
1457 4436 1748 4501 laboriosa,
1771 4435 2029 4490 securita-

435 4536 540 4580 tem
571 4525 821 4594 spondet.
1797 4581 1799 4584 .

507 4619 559 4670 7.
601 4618 766 4672 Absit
807 4633 936 4689 ergo
974 4627 1034 4674 ut
1067 4620 1120 4674 in
1163 4627 1364 4675 tantam
1408 4618 1781 4676 necessitatem
1827 4618 2031 4673 incilia-

434 4724 587 4774 mus,
621 4719 677 4765 ut
713 4721 836 4781 post
881 4711 1156 4767 lavacrum
1187 4726 1490 4783 peccemus.
1535 4713 1787 4767 Attamen
1827 4712 1873 4766 si
1899 4709 2026 4780 quid

433 4802 610 4859 simile
639 4804 885 4869 accidat,
923 4819 990 4859 ne
1019 4804 1097 4860 sic
1121 4805 1342 4874 quidem
1371 4804 1746 4873 desperemus.
1777 4798 2030 4858 Clemens

435 4895 578 4951 enim
608 4905 691 4951 est
737 4898 1013 4971 Dominus,
1045 4899 1343 4965 multasque
1388 4897 1543 4952 nobis
1569 4896 1716 4953 dedit
1754 4895 2026 4953 remissio-

438 4991 523 5044 nis
562 4999 745 5059 pos-tea
788 4991 1139 5059 impetrandae
1177 4991 1313 5046 vias.
1346 4990 1614 5046 Caeterum
1655 4989 1797 5044 sicut
1838 4988 1911 5054 ii,
1937 4988 2030 5058 qui

436 5091 560 5153 post
589 5083 862 5138 lavacrum
887 5093 1130 5154 peccant,
1160 5085 1376 5155 gravius
1398 5083 1721 5153 puniuntur,
1757 5096 1916 5152 quam
1941 5095 2026 5134 ea.

437 5173 745 5230 technmeni
780 5191 794 5227 :
825 5174 902 5227 sic
929 5175 1017 5245 qui
1050 5175 1228 5229 sciunt
1252 5175 1586 5246 poenitentiae
1617 5187 1740 5228 esse
1768 5171 2027 5237 remedia,

440 5281 538 5321 nec
583 5265 648 5318 iis
679 5265 753 5320 uti
804 5265 1011 5332 volunt,
1045 5267 1292 5335 graviora
1335 5266 1620 5321 satientur.
1649 5264 1862 5332 Quanto
1887 5262 2032 5318 enim

439 5357 611 5428 major
639 5366 722 5412 est
754 5355 844 5410 Dei
872 5357 1152 5412 clementia
1174 5399 1190 5423 ,
1212 5364 1362 5412 tanto
1388 5372 1556 5426 magis
1587 5355 1906 5426 supplicium
1935 5369 2032 5410 au-

440 5460 595 5516 getur
616 5493 631 5517 ,
663 5453 706 5507 si
741 5467 845 5506 non
889 5451 976 5505 illa
1005 5461 1064 5506 ut
1103 5459 1315 5521 oportet
1345 5462 1580 5506 utantur.
1617 5451 1756 5516 Quid
1790 5450 1924 5505 dicis
1950 5489 1966 5515 ,
1997 5464 2032 5503 ο

442 5541 647 5595 homo?
685 5542 870 5596 Tantis
911 5543 1101 5612 plenus
1139 5543 1292 5596 malis
1328 5557 1391 5598 ac
1431 5542 1738 5609 deploratus
1768 5583 1783 5606 ,
1827 5541 2032 5594 amicus

442 5639 664 5700 repente
696 5633 864 5688 factus
890 5650 968 5698 es,
995 5643 1051 5690 et
1077 5635 1143 5690 ad
1165 5634 1381 5691 culmen
1412 5635 1631 5687 honoris
1655 5643 1894 5699 evectus,
1925 5646 2031 5686 non

443 5738 506 5777 ex
535 5722 765 5789 propriis
797 5723 1068 5781 laboribus
1086 5768 1098 5789 ,
1130 5727 1228 5782 sed
1259 5741 1324 5780 ex
1353 5725 1496 5779 dono
1518 5725 1612 5778 Dei
1630 5767 1644 5788 ,
1669 5733 1723 5778 et
1752 5738 1938 5778 rursus
1963 5722 2030 5777 ad

446 5813 726 5884 pristinam
783 5830 1032 5871 reversus
1080 5834 1138 5874 es
1189 5818 1571 5888 turpitudinem
1602 5857 1616 5878 ,
1654 5815 1859 5870 etiamsi
1907 5813 2032 5868 hinc
2081 5886 2088 5894 Ι

444 5904 685 5977 graviter
710 5904 1029 5964 Ct‘ltciundus
1060 5908 1173 5962 sis:
1215 5908 1462 5963 ille-vero
1517 5921 1692 5976 neque
1746 5906 1821 5959 sic
1875 5919 2033 5958 aver-

2144 564 2237 602 sus
2285 549 2530 614 cst;sed
2587 552 2734 605 mille
2784 554 2974 608 salutis
3019 567 3181 610 ansas
3230 555 3373 612 Deus
3413 557 3564 614 dedit
3592 598 3608 621 ,
3642 574 3741 628 per

2142 654 2276 709 quas
2329 645 2532 696 amicus
2582 643 2834 699 efliciaris
2881 663 2897 699 :
2951 655 3006 700 tu
3057 662 3188 700 vero
3250 663 3320 702 ne
3381 649 3461 703 sic
3519 649 3716 719 quiden

2143 732 2222 786 vis
2265 733 2501 788 laborem
2555 737 2849 805 suscipere.
2914 739 2982 792 Et
3033 756 3136 808 qua
3190 741 3404 795 tandem
3451 743 3605 796 venia
3656 743 3738 797 di-

2142 841 2276 896 gnus
2322 827 2472 880 eris?
2518 829 2787 896 quomodo
2817 846 2919 884 non
2950 833 3138 899 tejure
3161 833 3392 902 gentiles
3431 833 3736 901 derideant,

2141 934 2240 974 ceu
2273 921 2448 973 fucum
2494 922 2797 991 quempiam
2841 932 3043 978 temere
3074 925 3376 994 frustraque
3415 925 3682 981 viventem
3715 929 3738 980 '.'

2144 1010 2274 1064 Nam
2307 1013 2351 1066 si
2377 1011 2550 1090 valet,
2573 1012 2838 1083 inquiunt,
2868 1013 3208 1083 phil050phia
3236 1025 3414 1070 vestra
3435 1058 3452 1082 ,
3480 1017 3606 1085 quid
3633 1018 3736 1071 sibi

2140 1103 2255 1157 vult
2285 1104 2370 1157 illa
2389 1119 2494 1158 non
2520 1105 2845 1160 initiatorum
2868 1107 3151 1162 multitudo
3168 1110 3193 1162 Υ
3221 1108 3482 1164 Praeclara
3497 1118 3645 1165 certe
3662 1117 3739 1165 at-

2141 1212 2246 1266 que
2269 1198 2565 1266 expetenda
2585 1201 2856 1270 mysteria.
2885 1199 2992 1254 Sed
3022 1200 3199 1255 nullus
3214 1209 3516 1273 exspectet,
3535 1211 3595 1257 ut
3611 1203 3733 1257 ani-

2143 1303 2282 1343 mam
2323 1305 2489 1359 agens
2526 1290 2796 1346 lavacrum
2827 1293 3073 1363 accipiat.
3119 1293 3235 1349 Non
3271 1297 3415 1350 enim
3447 1298 3736 1368 mysterio-

2076 1421 2087 1429 .
2141 1395 2258 1433 rum
2286 1387 2496 1449 tempus
2525 1382 2654 1436 illud
2682 1392 2784 1448 est,
2815 1385 2909 1438 scd
2934 1393 3376 1440 teatamentorum
3403 1404 3418 1442 :
3448 1389 3740 1457 mysterio-

2141 1485 2258 1524 rum
2303 1480 2485 1526 autem
2516 1482 2725 1542 tempus
2754 1484 2837 1529 est.
2875 1476 3078 1530 sanitas
3117 1478 3374 1532 mentium
3407 1519 3422 1544 ,
3455 1488 3510 1533 et
3535 1480 3733 1534 animae

2143 1562 2515 1630 temperantia.
2553 1563 2647 1618 Dic
2675 1564 2817 1619 enim
2852 1566 2982 1619 mihi
3017 1586 3030 1620 :
3062 1567 3106 1620 si
3141 1577 3459 1624 testamenta
3489 1584 3595 1624 non
3619 1571 3738 1625 vult

2141 1655 2263 1722 quis
2283 1655 2360 1708 sic
2389 1654 2612 1710 allectus
2637 1658 2818 1722 edere,
2851 1658 2946 1713 sed
2979 1667 3034 1714 et
3060 1660 3105 1714 si
3133 1660 3394 1726 ediderit,
3428 1677 3610 1716 ansam
3639 1663 3738 1717 dat

2142 1755 2326 1815 postea
2372 1747 2651 1818 litigandi;
2686 1750 2914 1822 ideoque
2950 1754 3038 1823 qui
3083 1763 3345 1810 testantur
3385 1756 3499 1810 haec
3529 1757 3736 1812 addunt.

2141 1840 2301 1895 verba
2329 1858 2341 1894 :
2376 1841 2489 1911 Ego
2530 1844 2714 1899 vivens
2736 1885 2752 1910 ,
2795 1854 2851 1900 et
2887 1857 3065 1902 mente
3093 1849 3276 1903 valens
3305 1865 3420 1904 mea
3453 1850 3682 1919 dispono
3713 1869 3730 1905 :

2140 1930 2412 2000 quomodo
2439 1933 2503 1997 is,
2529 1934 2617 2004 qtti
2645 1936 2726 1990 sui
2750 1951 2971 2007 compos
2998 1953 3102 1992 non
3129 1947 3232 2006 est,
3259 1941 3454 2008 poterit
3481 1952 3736 1998 accurate

2142 2027 2412 2097 mysteriis
2435 2028 2674 2083 initiari?
2703 2029 2760 2084 Si
2788 2031 2934 2085 enim
2964 2031 3033 2086 de
3061 2033 3407 2087 saecularibus
3436 2034 3595 2089 rebus
3624 2051 3730 2088 non

2140 2120 2324 2175 sinunt
2347 2129 2583 2177 externae
2609 2123 2754 2192 leges
2783 2125 2965 2179 testari
2989 2139 3112 2178 eum
3137 2166 3152 2187 ,
3177 2125 3264 2194 qui
3296 2126 3517 2180 omnino
3547 2134 3734 2181 mente

2142 2229 2248 2267 non
2273 2214 2447 2268 valeat
2471 2255 2486 2278 ,
2523 2229 2646 2270 cum
2675 2224 2854 2270 tamen
2879 2215 2948 2270 de
2972 2216 3085 2271 suis
3111 2216 3459 2272 facultatibus
3485 2218 3734 2286 prtescri-

2141 2315 2328 2376 plurus
2359 2306 2428 2360 sit
2457 2323 2470 2358 :
2502 2306 2776 2376 quomodo
2804 2307 2873 2361 de
2899 2322 3068 2377 regno
3087 2307 3343 2362 crelorum
3373 2307 3546 2379 deque
3573 2324 3730 2365 arca-

2143 2398 2224 2451 uis
2252 2397 2358 2453 illis
2387 2398 2542 2453 bouis
2573 2399 2848 2453 institutus
2873 2401 3076 2469 poteris
3101 2401 3248 2456 clare
3275 2402 3452 2456 omnia
3489 2403 3729 2470 discere,

2140 2504 2262 2544 cum
2287 2505 2431 2558 smpe
2460 2491 2530 2545 ob
2557 2492 2803 2547 morbum
2829 2501 3007 2547 mente
3032 2502 3221 2562 captus
3241 2495 3360 2550 sis?
3387 2495 3730 2565 quandonam

2139 2582 2302 2637 verba
2331 2582 2419 2636 illa
2450 2581 2664 2637 Christo
2695 2583 2843 2640 dices
2868 2625 2884 2649 ,
2915 2585 3275 2654 Consepultus
3304 2601 3427 2641 cum
3453 2587 3544 2642 illo
3565 2628 3580 2651 ,
3607 2603 3729 2643 cum

2136 2673 2247 2742 jam
2275 2674 2599 2744 migraturus
2622 2674 2736 2728 sis?
2761 2674 2894 2730 Nam
2915 2685 2970 2730 et
2997 2677 3254 2744 operibus
3282 2687 3336 2733 ct
3361 2677 3540 2733 verbis
3569 2678 3734 2735 bene-

2139 2765 2371 2820 volentia
2404 2767 2476 2820 illi
2508 2766 2812 2823 exhibenda
2838 2776 2941 2822 est.
2973 2767 3052 2823 Tu
3083 2785 3211 2825 vero
3239 2771 3459 2840 perinde
3489 2771 3640 2836 facis,
3670 2788 3735 2828 ac

2139 2858 2186 2936 si
2210 2857 2328 2926 quis
2353 2859 2589 2926 postulet
2617 2859 2845 2914 adscribi
2875 2860 3078 2916 militia:
3099 2902 3114 2926 ,
3140 2877 3260 2918 cum
3282 2863 3395 2932 jam
3423 2863 3620 2918 bellum
3649 2873 3733 2918 est

2140 2951 2450 3005 solvendum
2485 2970 2499 3016 ;
2541 2960 2635 3006 aut
2683 2953 2728 3008 si
2771 2954 2970 3009 athleta
3013 2964 3121 3010 tum
3160 2965 3339 3011 vestes
3377 2966 3582 3024 exuat,
3609 2973 3730 3012 cum

2139 3050 2474 3110 spectatores
2516 3053 2760 3113 surgunt.
2795 3045 2927 3100 Nam
2957 3047 3076 3101 ideo
3115 3063 3265 3102 arma
3291 3050 3496 3114 sumis,
3527 3066 3631 3104 non
3674 3058 3734 3104 ut

2140 3133 2384 3200 protinus
2405 3133 2645 3204 aufugias
2669 3152 2684 3201 ;
2713 3138 2807 3191 sed
2837 3149 2894 3192 ut
2920 3138 3026 3192 illis
3068 3139 3356 3195 instructus
3378 3182 3393 3205 ,
3419 3150 3601 3196 contra
3632 3142 3730 3195 bo-s

2138 3235 2275 3280 stem
2329 3235 2585 3297 troptcum
2632 3230 2829 3299 erigas.
2882 3230 3050 3284 Nemo
3099 3241 3244 3300 putet
3297 3232 3728 3301 intempestivum

2139 3318 2282 3374 hunc
2331 3335 2636 3376 sermonem
2681 3337 2844 3387 esse,
2891 3324 3015 3393 quia
3067 3339 3172 3379 non
3219 3325 3271 3379 in
3313 3325 3730 3396 Quadragesima

2139 3429 2283 3469 nunc
2310 3430 2496 3469 sumus
2524 3416 2622 3485 (α).
2660 3415 2782 3470 Ideo
2828 3432 3059 3486 nan-que
3099 3417 3398 3472 discrucior
3423 3459 3438 3483 ,
3489 3418 3629 3487 quod
3677 3419 3729 3471 in

2139 3507 2334 3562 talibus
2381 3509 2542 3563 rebus
2585 3520 2797 3579 tempus
2839 3509 3156 3564 observetis.
3203 3509 3411 3564 Etenim
3452 3509 3732 3564 eunuchus

2139 3600 2229 3654 illc
2253 3609 2307 3657 et
2337 3600 2595 3655 barbarus
2623 3603 2725 3655 iter
2754 3617 2918 3671 agens
2948 3642 2962 3665 ,
2996 3601 3170 3655 media
3202 3602 3254 3655 in
3281 3601 3364 3654 via
3389 3617 3512 3655 cum
3544 3612 3690 3655 esset
3713 3643 3729 3664 ,

2083 3728 2091 3735 -
2139 3704 2350 3763 tempus
2386 3709 2492 3748 non
2521 3695 2809 3764 exquisivit
2839 3694 2976 3763 (Act.
3008 3694 3062 3749 8.
3090 3692 3183 3766 27)
3217 3711 3231 3748 :
3267 3709 3367 3749 nec
3395 3703 3577 3748 custos
3605 3710 3731 3748 car-

2135 3789 2274 3843 ccris
2305 3788 2415 3851 ille,
2447 3789 2587 3844 inter
2613 3790 2819 3844 vinctos
2843 3830 2858 3852 ,
2889 3803 3011 3842 cum
3054 3788 3370 3858 magistrum
3399 3789 3601 3844 videret
3629 3788 3732 3842 fla-

2134 3881 2288 3950 gellis
2313 3895 2512 3934 etnsum
2545 3889 2600 3934 et
2637 3881 2869 3935 vinctum
2895 3917 2910 3943 ,
2941 3890 2994 3934 et
3046 3881 3098 3935 in
3144 3895 3362 3936 carcere
3414 3895 3731 3936 mansurum

2139 3973 2157 4044 (
2190 3971 2275 4025 Id.
2310 3971 2397 4026 16.
2428 3970 2499 4026 29
2530 3970 2570 4042 ).
2600 3971 2697 4026 Hic
2725 3983 2903 4025 autem
2936 3972 3175 4041 plerique
3195 4005 3210 4032 ,
3241 3987 3349 4026 non
3380 3971 3434 4026 in
3464 3988 3682 4028 carcere
3709 4014 3726 4034 ,

2135 4081 2243 4120 non
2270 4065 2321 4119 in
2351 4065 2436 4119 via
2473 4065 2771 4131 consututi,
2801 4063 3055 4120 differunt
3079 4106 3094 4129 ,
3139 4065 3297 4136 idque
3327 4065 3395 4120 ad
3425 4074 3732 4121 extremum

2133 4173 2305 4228 usque
2339 4157 2461 4211 vita:
2491 4157 2735 4212 halitum.
2757 4231 2764 4236 α

2205 4252 2260 4307 8.
2301 4251 2567 4322 Baptisma
2626 4268 2728 4305 non
2780 4249 3407 4319 dilfercndum.-Quod
3461 4250 3505 4305 si
3553 4249 3736 4306 adhuc

2133 4344 2359 4414 ambigis
2386 4360 2510 4398 num
2541 4344 2789 4399 Christus
2812 4345 2884 4398 sit
2909 4344 3069 4407 Deus,
3103 4343 3234 4398 foris
3277 4353 3439 4411 stato,
3471 4359 3571 4399 nec
3594 4343 3732 4397 divi-

2135 4452 2201 4490 na
2249 4436 2411 4490 verba
2463 4435 2670 4501 audias,
2717 4452 2889 4506 neque
2941 4436 3082 4490 inter
3108 4435 3522 4490 catechumenos
3550 4443 3602 4489 te
3629 4449 3736 4487 an-

2135 4542 2390 4582 uumeres
2420 4544 2434 4582 :
2461 4527 2542 4582 sin
2567 4526 2830 4592 confidis,
2859 4535 2915 4580 et
2942 4525 3042 4581 hoc
3073 4526 3241 4596 probe
3265 4526 3567 4595 cognoscis,
3599 4525 3732 4595 quid

2135 4621 2442 4677 cunctaris?
2470 4636 2566 4676 cur
2594 4620 2796 4690 refugis
2823 4626 2879 4674 et
2907 4620 3088 4690 segnis
3109 4620 3212 4675 es?
3243 4617 3466 4680 Vereor.
3499 4617 3731 4688 inquies,

2138 4732 2204 4771 ne
2233 4729 2473 4784 peccem.
2503 4711 2658 4780 Quod
2700 4726 2831 4767 vero
2859 4711 3098 4766 deterius
3125 4719 3211 4766 est
3237 4726 3342 4764 non
3372 4711 3575 4766 vereris
3606 4750 3622 4774 ,
3661 4725 3738 4766 ne

2136 4825 2256 4864 cum
2286 4809 2446 4863 tantis
2487 4806 2716 4862 sarcinis
2759 4805 2852 4860 illo
2885 4805 3090 4860 abeas?
3117 4804 3234 4859 Non
3265 4805 3409 4862 enim
3448 4819 3547 4876 par
3574 4803 3738 4872 culpa

2075 4969 2078 4974 _
2136 4911 2220 4957 est
2245 4900 2574 4971 propositam
2601 4899 2826 4968 gratiam
2854 4913 2960 4952 non
2985 4897 3242 4965 assequi,
3278 4906 3335 4952 et
3361 4912 3474 4951 rem
3509 4912 3736 4966 aggres-

2138 5009 2282 5058 sum,
2313 4991 2508 5060 fr,ustra
2540 4999 2792 5045 conatum
2815 5003 2956 5044 esse.
2992 4989 3085 5054 Dic
3110 4987 3270 5051 mihi,
3295 4987 3342 5042 si
3370 4986 3736 5056 redarguaris,

2137 5104 2233 5144 cur
2263 5102 2367 5142 non
2412 5085 2707 5140 accesseris
2731 5125 2746 5148 ,
2771 5099 2868 5138 cur
2898 5098 3003 5136 non
3051 5091 3198 5136 recte
3247 5097 3359 5136 rem
3402 5080 3690 5148 perfeceris
3716 5120 3735 5144 ,

2139 5179 2264 5250 quid
2305 5178 2506 5233 dices?
2552 5174 2666 5230 Illic
2713 5175 2858 5230 enim
2917 5171 3058 5226 forte
3113 5171 3336 5240 illegare
3384 5185 3568 5239 posses
3595 5183 3734 5224 onus

2141 5281 2532 5343 prmccptorum
2560 5269 2576 5300 ‘
2599 5276 2656 5324 et
2677 5267 2924 5330 virtutis;
2949 5264 3036 5318 hic
3062 5278 3190 5318 vero
3216 5262 3346 5316 nihil
3375 5263 3568 5317 simile.
3599 5261 3733 5316 Gra-

2144 5368 2212 5420 tia
2239 5366 2381 5420 enim
2422 5371 2507 5418 est
2548 5362 2711 5432 gratis
2745 5358 2880 5414 dans
2926 5357 3250 5411 libertatem.
3304 5354 3503 5409 Verum
3533 5355 3690 5408 times
3713 5393 3738 5419 ,

2139 5477 2211 5517 ne
2237 5457 2470 5529 pecces?
2501 5455 2614 5511 Hoc
2644 5465 2764 5524 post
2801 5450 3063 5521 baptisma
3090 5446 3276 5504 dicito.
3308 5449 3458 5502 Tunc
3482 5445 3644 5508 time,
3675 5456 3738 5500 ut

2141 5567 2326 5609 serves
2372 5549 2674 5604 libertatem
2701 5588 2716 5611 ,
2757 5559 2916 5615 quam
2962 5542 3253 5612 accepisti;
3297 5554 3402 5594 non
3429 5546 3488 5593 ut
3525 5545 3734 5592 tantum
3799 5598 3802 5600 γ

2143 5647 2341 5701 donum
2371 5641 2538 5712 gratis
2582 5653 2689 5693 non
2731 5637 2984 5708 accipias.
3012 5635 3163 5690 Nunc
3191 5640 3372 5686 autem
3400 5639 3526 5686 ante
3554 5628 3734 5700 bapti-

2208 5785 2224 5815 ¹
2261 5782 2399 5831 Altus
2421 5779 2562 5843 legit,
2589 5781 2867 5843 aﬂ'erttutm,
2888 5778 3390 5843 pro,._pra'cep_t.orwn.
3419 5835 3433 5843 _
3487 5834 3499 5843 _
3591 5834 3622 5843 Δ.

2206 5847 2278 5905 (a)
2315 5846 2367 5894 lu
2388 5833 2762 5905 QuaTIragESima
2786 5833 2970 5903 quippe
2983 5833 3049 5885 de
3068 5846 3167 5887 non
3187 5833 3466 5887 diter-endo
3487 5834 3735 5897 baptismo

2145 5909 2414 5974 cqncinnari
2438 5906 2680 5956 solebant.
