4092 6474
547 332 617 398 ΞἹ
1272 339 1329 394 S.
1368 338 1649 397 JOANNIS
1683 335 2163 394 CHRYSOSTOMI
2210 334 2527 391 ABCIIIEP.
2556 335 3089 394 CONSTANTINOP.
3778 342 3856 397 28

549 474 645 511 nos
670 466 966 511 enumerat.
1028 451 1143 513 Hoc
1181 464 1237 511 et
1290 455 1544 510 Salomon
1592 452 1833 515 sciebat;
1868 450 1988 504 ideo
2014 450 2088 501 ait
2120 465 2131 499 :

546 550 959 605 Commemorabo
976 568 1053 618 ea,
1074 565 1188 620 quia
1207 552 1414 622 fuerunt
1436 564 1468 601 a
1486 548 1670 601 swculo
1690 545 1875 611 (Eccli.
1898 544 1960 598 5|
1976 584 1987 596 .
2026 543 2134 611 11).

546 644 698 710 Quod
724 658 885 713 porro
917 643 1174 698 Dominus
1203 657 1369 712 prope
1397 640 1496 705 sit,
1553 639 1605 693 hi
1636 646 1819 707 postea
1851 642 2133 697 noverunt,

548 743 606 788 ut
659 744 712 789 et
770 736 985 800 Paulus,
1020 736 1107 805 qui
1155 731 1598 789 dicitzbominus
1655 746 1812 798 prope
1858 738 1958 791 est,
2009 726 2139 779 nihil

554 827 761 882 solliciti
805 830 915 883 sitis
964 822 1224 899 (Philipp.
1252 829 1308 883 4.
1337 828 1389 883 5.
1420 826 1518 897 6).
1564 818 1669 880 Sed
1717 834 1841 877 tunc
1886 836 1992 874 non
2036 835 2137 872 no-

549 931 769 989 verant,
806 922 1016 975 tametsi
1046 921 1194 991 signa
1221 921 1331 989 jam
1364 924 1701 987 acceperant.
1760 913 2005 968 Christus
2036 927 2134 964 au-

547 1025 655 1067 tem
712 1022 770 1068 ut
825 1013 993 1078 dixit,
1042 1013 1165 1067 Non
1218 1021 1330 1082 post
1380 1013 1563 1065 multos
1618 1009 1710 1062 hos
1757 1007 1862 1059 dies
1894 1048 1908 1069 ,
1950 1003 2135 1057 volens

546 1106 668 1160 illos
710 1106 894 1176 vigiles
940 1116 1080 1173 esse,
1127 1119 1226 1160 nec
1255 1104 1528 1159 evidenter
1557 1117 1667 1155 rem
1698 1098 1986 1155 declaravit
2022 1115 2033 1149 :
2065 1096 2134 1149 ira

547 1208 603 1251 et
626 1214 765 1253 nunc
794 1188 1045 1252 facitfllli
1086 1206 1262 1251 autem
1307 1196 1391 1250 hic
1422 1194 1618 1248 nonde
1650 1190 2129 1251 consummatione,

545 1290 642 1344 sed
676 1282 743 1344 de
766 1306 932 1361 regno
963 1290 1331 1360 interrogant;
1371 1289 1598 1358 ideoque
1631 1286 1881 1340 dicebant
1912 1300 1927 1336 :
1970 1282 2031 1337 Si
2080 1282 2133 1333 in

550 1392 772 1450 tempore
826 1383 921 1435 hoc
982 1383 1211 1436 restitues
1277 1398 1485 1451 regnum
1548 1377 1801 1433 Israel“!
1854 1376 1946 1430 Ille
2006 1388 2134 1428 vero

550 1489 725 1540 neque
776 1474 824 1527 id
871 1474 950 1529 eis
994 1474 1269 1528 revelavit.
1312 1473 1387 1527 De
1428 1474 1531 1526 line
1574 1480 1752 1525 autem
1793 1469 2018 1524 antehac
2054 1469 2132 1520 in-

544 1567 922 1637 terrogabant;
972 1567 1065 1623 sed
1112 1584 1217 1622 non
1259 1566 1704 1638 quemadmodum
1743 1565 1851 1619 illic
1894 1562 2133 1618 severius

544 1658 855 1727 respondit,
906 1659 1175 1714 abducens
1203 1660 1341 1719 illos.
1391 1676 1457 1713 ne
1489 1667 1733 1728 putarent
1760 1656 2130 1710 liberationem

544 1766 665 1804 esse
696 1752 760 1803 vit
782 1752 943 1816 inani,
979 1760 1031 1805 et
1060 1751 1287 1821 conjecit
1320 1752 1435 1804 illos
1468 1750 1516 1805 in
1552 1749 1785 1819 pericula
1820 1765 1831 1800 :
1864 1747 1934 1802 ita
1966 1755 2018 1801 et
2046 1745 2133 1799 hic

546 1842 692 1905 facit,
748 1842 841 1896 sed
890 1844 1236 1897 mansuetius.
1268 1842 1344 1897 Ne
1369 1851 1612 1912 putarent
1635 1840 1775 1895 enim
1804 1838 1901 1893 sibi
1938 1845 2131 1892 contu-

547 1936 760 1990 meliam
803 1935 1018 1999 inferri,
1068 1952 1202 1991 neve
1232 1936 1515 1990 crederent
1557 1934 1669 1988 lucc
1696 1932 1946 1987 obtentus
1989 1942 2127 1991 esse,

544 2027 665 2082 audi
697 2029 965 2097 quomodo
993 2030 1170 2083 statim
1197 2030 1300 2083 illis
1328 2028 1645 2098 polliceatur
1670 2041 1727 2079 se
1756 2022 1952 2091 aliquid
1978 2020 2132 2075 datu-

540 2136 681 2186 rum,
710 2121 776 2175 de
797 2136 901 2191 quo
927 2122 1239 2191 gauderent.
1267 2121 1504 2188 Subjecit
1535 2119 1691 2188 igitur
1730 2135 1743 2169 :
1770 2116 1821 2171 8.
1859 2113 1965 2170 Sed
1993 2114 2129 2166 acci-

536 2213 687 2278 pietis
712 2214 945 2267 virtutem
976 2213 1370 2282 supervenienlis
1397 2213 1449 2264 in
1486 2227 1569 2263 vos
1598 2208 1824 2279 Spiritus
1866 2205 2049 2269 sancti,
2085 2214 2130 2257 et

515 2303 678 2356 .eritis
700 2303 822 2355 mihi
850 2312 996 2356 testes
1016 2304 1068 2356 in
1088 2302 1391 2367 Jerusalem,
1419 2311 1465 2354 et
1491 2301 1542 2353 in
1565 2299 1700 2353 omni
1726 2296 1935 2365 ludam,
1964 2306 2007 2349 et
2031 2294 2132 2349 Sa-

541 2393 725 2460 maria,
763 2400 809 2447 et
836 2410 993 2463 usque
1020 2393 1087 2446 atl
1118 2394 1351 2447 ultimum
1396 2403 1561 2445 teme.
1609 2392 1807 2445 Deinde
1840 2405 1907 2443 ne
1946 2402 2131 2442 rursus

538 2485 716 2552 ipsum
734 2485 1146 2554 interrogarent,
1162 2485 1339 2539 statim
1355 2493 1657 2553 assumptus
1670 2480 2133 2548 est.Qucmadmo-

540 2576 666 2629 dum
691 2577 852 2647 igitur
873 2577 979 2632 illic
995 2585 1137 2631 metu
1163 2577 1306 2645 ipsos
1329 2576 1721 2642 obtenebravit,
1740 2591 1861 2631 cum
1889 2574 2041 2639 dixit,
2070 2588 2129 2628 se

543 2669 751 2723 nescire
782 2689 795 2723 :
825 2669 902 2723 sic
930 2678 984 2723 et
1015 2670 1113 2723 hoc
1136 2670 1252 2723 loco
1269 2669 1448 2723 statim
1479 2680 1804 2737 assumptus,
1830 2676 1888 2721 ut
1911 2666 2125 2721 dicitur.

542 2760 703 2815 Multo
734 2778 961 2832 namque
992 2763 1065 2817 rei
1090 2762 1357 2817 desiderio
1385 2764 1721 2828 tenebantur,
1755 2779 1928 2833 neque
1957 2761 2127 2817 desti-

542 2853 733 2907 tisscnt
748 2869 761 2917 ;
778 2868 840 2907 ac
869 2868 1087 2908 necesse
1108 2854 1393 2909 admodum
1415 2862 1549 2921 erat,
1577 2870 1643 2909 ne
1664 2855 1863 2910 scirent
1889 2855 1959 2919 id,
1985 2854 2128 2924 quod

541 2944 680 3015 scire
704 2944 1009 3013 cupiebant.
1058 2944 1151 2999 Dic
1174 2945 1316 3000 enim
1340 2946 1492 3012 mihi,
1532 2946 1658 3016 quid
1690 2946 1867 3001 minus
1904 2946 2130 3000 credunt

540 3034 787 3101 gentiles,
815 3050 881 3089 an
902 3034 1129 3089 futuram
1157 3038 1694 3102 consummationem,
1727 3052 1794 3091 an
1820 3037 1963 3107 quod
1991 3038 2127 3091 Deus

543 3125 706 3178 homo
735 3124 903 3181 factus
928 3127 1016 3191 sit,
1048 3134 1101 3181 et
1129 3142 1192 3182 ex
1225 3126 1456 3197 Virginis
1482 3136 1634 3184 utero
1660 3128 1937 3198 prodierit,
1970 3138 2129 3199 atque

542 3237 664 3276 cum
695 3235 855 3277 earne
884 3219 952 3273 ab
983 3220 1287 3277 hominibus
1322 3224 1465 3277 visus
1511 3224 1581 3277 sit
1608 3224 1630 3275 ?
1673 3237 1851 3277 annon
1900 3221 2001 3277 hoc
2032 3238 2128 3293 po-

542 3316 833 3370 stremum?
850 3317 927 3371 Ita
941 3327 1089 3372 certe
1101 3317 1383 3373 dieturnsr
1394 3318 1647 3377 s.V’erum
1661 3315 1929 3384 pudetme
1943 3314 2040 3367 hac
2060 3312 2129 3369 de

538 3419 597 3459 re
626 3418 771 3475 sazpe
798 3404 1129 3481 loqui,qttasi
1156 3404 1224 3461 de
1254 3406 1466 3477 negotio
1491 3406 1745 3477 qquiam
1768 3404 2124 3461 inditl‘erente.

542 3496 747 3550 Rursus
775 3513 838 3551 ne
866 3497 1123 3564 dicerent,
1169 3495 1278 3553 Cur
1321 3515 1438 3554 rem
1472 3496 1804 3569 suspendis?
1856 3498 1953 3565 ait,
2001 3496 2128 3562 Quae

541 3586 701 3642 Pater
730 3594 894 3657 posuit
922 3590 972 3643 in
1001 3606 1093 3644 sua
1112 3600 1376 3655 potestate.
1431 3591 1588 3661 Atqui
1617 3606 1720 3645 una
1757 3599 1842 3645 est
1870 3590 2051 3643 Patris
2073 3598 2127 3644 et

538 3681 658 3736 Filii
691 3692 946 3750 potestas,
976 3691 1033 3738 ttt
1061 3698 1181 3737 cum
1212 3683 1344 3737 dicit
1371 3702 1384 3736 :
1407 3682 1553 3738 Sicut
1570 3685 1699 3736 enim
1722 3681 1878 3736 Pater
1900 3692 2125 3736 mortuos

531 3774 740 3827 suscitat
763 3782 812 3828 et
832 3775 1065 3842 viviﬁcat,
1096 3776 1167 3827 ita
1184 3783 1232 3828 et
1254 3772 1421 3828 Filius
1440 3792 1563 3844 quos
1580 3776 1683 3828 vult
1702 3775 1916 3841 vivi/teat
1943 3774 2120 3846 (Joan.

542 3865 599 3920 ὅ.
631 3866 747 3936 21).
795 3865 850 3920 Si
901 3881 1022 3920 cum
1071 3866 1281 3935 operari
1331 3873 1565 3935 oportet,
1612 3882 1732 3920 cum
1787 3865 1973 3920 eadem
2018 3867 2125 3935 agit

536 3966 840 4025 potestate,
892 3973 1071 4011 annon
1136 3972 1259 4012 cum
1328 3958 1466 4012 scire
1519 3958 1794 4028 quidpiam
1849 3967 2107 4028 oportet,

533 4064 655 4103 cum
703 4048 893 4105 eadem
941 4050 1044 4103 scit
1095 4051 1405 4119 potestate?
1450 4051 1701 4105 Attamen
1752 4052 1907 4119 longe
1950 4050 2122 4119 majus

533 4152 616 4196 est
644 4151 885 4197 mortuos
911 4143 1192 4209 suscitare,
1233 4159 1391 4213 quam
1422 4142 1561 4198 scire
1588 4143 1730 4197 illam
1758 4144 1922 4199 diem.
1967 4144 2122 4212 Quod

533 4235 579 4289 si
608 4233 681 4297 id,
706 4234 847 4304 quod
860 4236 1042 4304 'majus
1062 4244 1163 4302 est,
1191 4249 1312 4290 cum
1344 4243 1603 4305 potestate
1620 4235 1765 4307 facit,
1785 4250 1961 4290 annon
1984 4235 2119 4289 mul-

532 4334 589 4379 to
618 4326 788 4395 magis
815 4326 975 4381 faciet
999 4337 1053 4380 et
1073 4326 1347 4381 alterum?

600 4419 656 4473 9..
698 4418 895 4473 Verum
943 4428 1003 4475 ut
1049 4436 1163 4474 rem
1205 4420 1442 4485 discatis,
1471 4420 1718 4489 exemplo
1763 4420 1916 4475 vobis
1967 4420 2114 4475 illam

530 4512 836 4567 declarabo.
865 4512 1017 4569 Sicut
1059 4528 1178 4567 cum
1209 4513 1463 4569 infantem
1502 4512 1746 4568 videmus
1777 4514 2075 4582 plorantem
2096 4554 2113 4580 ,

531 4620 596 4659 ac
621 4619 765 4674 szrpe
784 4605 1052 4673 quidpiam
1080 4620 1110 4658 a
1141 4605 1294 4659 nobis
1317 4612 1585 4673 petentem
1608 4604 1710 4659 sibi
1736 4619 1841 4659 non
1864 4619 2115 4659 necessa-

527 4698 690 4765 rium,
724 4696 777 4751 id
807 4698 1137 4752 oecultamus
1161 4739 1176 4764 ,
1210 4712 1509 4767 vacuasque
1542 4698 1614 4752 illi
1655 4713 1845 4753 manus
1873 4698 2114 4754 ostendi-

526 4806 669 4856 mus,
716 4789 998 4855 dicentes,
1054 4788 1194 4845 Ecce
1249 4806 1354 4844 non
1409 4789 1712 4845 habemus:
1775 4792 1845 4845 ita
1900 4800 1955 4846 et
2001 4792 2116 4861 ipse

524 4882 782 4949 apostolis
813 4882 954 4937 fecit.
983 4880 1178 4937 Verum
1209 4892 1267 4937 ut
1311 4882 1484 4937 infans
1526 4881 1613 4937 ille
1636 4924 1653 4947 ,
1683 4882 1729 4938 si
1757 4883 1888 4938 nihil
1932 4894 2118 4940 osten-

524 4973 734 5037 damus,
764 4974 923 5028 instat
954 4974 1240 5043 plorando,
1276 4990 1335 5029 se
1376 4974 1621 5030 delusum
1657 4976 1875 5043 videns,
1908 4993 2111 5047 nosque

523 5064 854 5119 discedimus
896 5065 1176 5119 dicentes:
1219 5066 1387 5121 Vocat
1430 5082 1517 5121 me
1556 5068 1860 5137 quispiam,
1893 5080 1947 5124 et
1994 5070 2111 5138 ejus

521 5160 663 5232 quod
711 5162 924 5230 petebat
964 5162 1122 5225 loco,
1153 5161 1295 5215 aliud
1340 5161 1611 5231 quidpiam
1662 5163 1735 5216 illi
1784 5161 2016 5230 damus,
2051 5174 2111 5218 ut

519 5269 641 5309 eum
672 5268 702 5307 a
734 5251 823 5307 tali
849 5251 1115 5306 desiderio
1143 5266 1431 5307 avocemus
1453 5293 1470 5317 ,
1497 5262 1553 5308 et
1576 5253 1854 5308 laudantes
1885 5254 1934 5308 id
1963 5254 2106 5324 quod

521 5346 711 5401 damus
738 5360 849 5414 pra:
880 5359 939 5398 re
985 5344 1227 5413 quaesita,
1255 5344 1432 5398 statim
1472 5360 1568 5398 nos
1612 5345 1957 5400 subducimus
1990 5365 2001 5399 :
2030 5347 2109 5401 sic

520 5442 643 5495 fecit
673 5441 940 5496 Christus.
964 5437 1041 5493 llli
1068 5438 1311 5507 accipere
1331 5438 1642 5507 quaerebant
1670 5456 1684 5503 ;
1714 5439 1879 5495 hicse
1912 5440 2107 5494 habere

523 5534 753 5601 negavit.
799 5533 1047 5587 Attamen
1092 5529 1267 5600 primo
1311 5529 1609 5593 deterruit;
1657 5538 1711 5584 at
1750 5532 1870 5599 quia
1922 5544 2106 5586 "ursus

587 5692 604 5721 ¹
638 5691 693 5740 1η
718 5691 889 5741 savilio
922 5694 995 5742 sic
1020 5692 1240 5753 legitur;
1272 5687 1348 5739 tlli
1387 5692 1557 5753 autem
1578 5700 1669 5736 non
1709 5686 1772 5753 ἀεῖ
1801 5666 2101 5738 contumula-

511 5760 639 5863 stone.
659 5752 977 5867 interrOgtmt,
1004 5749 1138 5817 sed,«
1155 5751 1273 5804 siin
1306 5759 1517 5815 tempore
1540 5750 1629 5800 hoc
1657 5749 1877 5801 restitues
1901 5763 2103 5814 regnum

545 5830 655 5867 srae
683 5825 746 5867 ,η

545 5825 704 5873 smel!
714 5826 746 5872 ,³

2248 448 2579 516 qumrebant,
2610 450 2798 505 iterum
2842 451 2972 507 dixit
2999 467 3059 508 se
3101 469 3208 510 non
3239 454 3461 512 habere.
3490 456 3687 512 Verum
3731 456 3853 526 jam

2251 554 2356 592 non
2392 541 2620 602 territat.
2656 542 2748 596 sed
2790 554 3069 613 postquam
3111 546 3345 600 ostendit
3373 546 3423 600 id
3448 547 3590 616 quod
3622 548 3851 607 fecerat,

2248 630 2403 686 afl’crt
2456 632 2783 700 probabilem
2824 650 3074 701 causam;
3112 635 3297 700 Pater,
3326 638 3531 706 inquit,
3577 640 3745 707 possit
3795 638 3852 689 in

2251 740 2339 776 sua
2357 733 2616 794 potestate.
2651 726 2785 792 Quid
2825 730 2989 799 ergo?
3017 745 3082 783 an
3117 743 3169 785 tu
3199 730 3374 785 nescis
3404 747 3488 796 ea,
3515 748 3635 802 qua:
3666 733 3851 787 Patris

2247 817 2406 869 sunt?
2433 832 2498 871 an
2528 818 2701 886 ipsum
2736 822 2895 885 nosti,
2926 833 2981 875 et
3009 838 3128 892 qua:
3155 824 3272 891 ejus
3312 834 3437 879 sunt
3467 826 3718 895 ignoras?
3751 827 3849 879 Di-

2250 906 2367 960 xisti
2402 924 2415 961 :
2449 907 2614 962 Nemo
2644 913 2779 963 novit
2802 910 3011 966 Patrem
3037 915 3137 968 nisi
3168 915 3336 968 Filius
3364 917 3383 985 (
3411 916 3533 970 Luc.
3567 917 3653 971 10.
3680 917 3752 971 ΞΞ
3784 917 3802 987 )
3830 935 3847 983 ;

2246 1009 2319 1062 et,
2365 1002 2590 1069 Spiritus
2617 1005 2787 1056 omnia
2815 1015 3068 1059 scrutatur
3092 1049 3107 1070 ,
3141 1009 3290 1060 etiam
3322 1010 3580 1078 profunda
3606 1009 3703 1063 Dei
3733 1012 3752 1074 (
3792 1013 3846 1063 1.

2246 1091 2363 1143 (.‘or.
2393 1092 2445 1145 ἓ..
2485 1094 2544 1147 10
2575 1095 2591 1163 )
2617 1112 2628 1158 ;
2658 1105 2710 1149 et
2740 1108 2793 1149 tu
2823 1112 2889 1151 ne
2921 1097 3021 1152 hoc
3066 1099 3280 1168 quidem
3315 1101 3492 1155 nosti?
3518 1102 3687 1157 Absit.
3720 1103 3846 1157 Non

2247 1192 2301 1235 ut
2347 1184 2447 1239 hoc
2472 1188 2804 1255 su5picemur
2830 1230 2845 1255 ,
2881 1190 2949 1243 ita
2983 1191 3233 1259 loquutus
3261 1202 3372 1255 est;
3404 1194 3497 1248 sed
3530 1209 3588 1249 sc
3630 1196 3847 1250 nescire

2246 1274 2480 1339 simulat,
2538 1288 2597 1332 ιιι
2655 1280 2776 1334 illos
2836 1282 2904 1334 ab
2970 1282 3339 1353 intempestiva
3395 1287 3689 1356 qttzestiouc
3744 1289 3844 1340 ah-

2244 1365 2422 1421 ducat.
2458 1370 2573 1425 Non
2624 1375 2736 1427 ausi
2768 1384 2893 1429 sunt
2937 1392 3064 1447 ergo
3114 1379 3306 1432 iterum
3358 1381 3709 1449 interrogare,
3772 1397 3846 1435 ne

2244 1458 2531 1514 audirent:
2571 1460 2636 1514 Et
2680 1479 2766 1518 vos
2808 1466 3098 1536 insipientes
3145 1470 3260 1522 estis
3291 1469 3521 1540 (Matth.
3558 1472 3643 1526 15.
3682 1472 3748 1525 16
3775 1471 3793 1540 )
3820 1472 3846 1523 ?

2244 1547 2408 1603 Multo
2460 1553 2601 1606 enim
2654 1556 2822 1625 magis
2872 1557 3016 1612 illum
3069 1575 3209 1613 nunc
3268 1561 3616 1627 metuebant,
3672 1578 3842 1632 quam

2243 1650 2419 1694 antea.
2480 1642 2585 1697 Sed
2638 1648 2895 1717 accipietis
2964 1651 3196 1703 virtutem
3249 1655 3645 1723 supervenientis
3702 1656 3842 1722 8ρὶ-

2244 1733 2370 1787 ritus
2421 1739 2584 1789 sancti
2633 1740 2686 1791 in
2737 1756 2821 1794 vos
2852 1741 2872 1814 (
2905 1741 3069 1796 Marc.
3104 1745 3156 1798 7.
3186 1745 3253 1799 18
3286 1751 3323 1815 ).
3374 1746 3843 1813 Quemadmodum

2242 1826 2383 1881 enim
2439 1829 2546 1884 illic
2602 1846 2708 1885 non
2761 1833 2827 1888 ad
2883 1835 3201 1907 interrogata
3262 1840 3536 1908 respondit
3592 1842 3611 1912 (
3640 1841 3839 1895 docto-

2242 1918 2316 1971 ris
2363 1921 2505 1975 enim
2554 1932 2670 1991 est,
2705 1940 2809 1979 non
2860 1928 3000 1997 quod
3058 1930 3170 1983 vult
3217 1930 3532 2001 discipulus,
3566 1934 3657 1987 sed
3691 1934 3841 2003 quod

2244 2010 2343 2079 ipsi
2376 2015 2607 2084 expedit,
2635 2018 2875 2090 docere)
2902 2038 2915 2073 :
2949 2022 3019 2075 ita
3048 2032 3101 2076 et
3131 2040 3287 2087 nunc,
3318 2041 3435 2094 qua!
3463 2026 3671 2082 discere
3698 2044 3841 2095 opus

2242 2114 2356 2157 crat
2396 2108 2670 2175 przcdicit,
2710 2126 2778 2165 ne
2832 2112 3113 2167 turbentur
3143 2133 3155 2167 :
3185 2115 3412 2169 fortasse
3461 2118 3581 2187 quia
3636 2118 3839 2171 infirmi

2241 2207 2414 2252 erant.
2440 2199 2509 2256 Ut
2541 2212 2715 2257 autem
2748 2204 2995 2259 fiduciam
3028 2206 3194 2271 indat,
3230 2208 3465 2277 ipsorum
3497 2210 3704 2264 animos
3732 2211 3843 2264 eti-

2241 2289 2310 2358 git
2337 2332 2351 2356 ,
2376 2301 2430 2345 et
2459 2307 2686 2349 onerosa
2722 2299 2877 2351 texit.
2905 2299 3036 2365 Quia
3085 2301 3225 2354 enim
3258 2302 3417 2371 paulo
3449 2311 3565 2371 post
3598 2304 3719 2358 illos
3754 2320 3843 2359 re-

2242 2380 2462 2436 licturus
2484 2395 2619 2451 erat,
2642 2386 2773 2441 nihil
2798 2389 2924 2457 ipsis
2952 2406 3200 2459 asperum
3228 2394 3543 2460 simpliciter
3569 2394 3839 2464 loquitur;

2240 2472 2334 2525 sed
2362 2475 2528 2543 quid?
2556 2476 2689 2530 Cum
2719 2478 2951 2534 admixta
2984 2482 3138 2538 laude
3168 2485 3389 2539 molesta
3421 2486 3625 2557 mitigat
3653 2502 3668 2552 ;
3702 2503 3773 2543 ac
3796 2489 3842 2542 si

2240 2562 2444 2621 (liceret
2470 2582 2483 2618 :
2514 2566 2591 2622 Ne
2623 2570 2885 2640 timeatis;
2912 2588 3032 2627 nam
3079 2576 3349 2643 Accipielis
3389 2579 3621 2632 virtutem
3649 2596 3844 2633 siluer-

2239 2660 2481 2714 venientis
2520 2661 2747 2731 Spiritus
2786 2666 2947 2718 sancti
2972 2667 3023 2719 in
3052 2683 3155 2733 vos,
3184 2678 3231 2723 et
3260 2670 3397 2723 eritis
3438 2672 3563 2724 mihi
3606 2681 3759 2725 testes
3787 2673 3841 2725 in

2238 2750 2524 2808 Jerusalem
2550 2796 2564 2820 ,
2598 2765 2646 2809 et
2670 2756 2723 2810 in
2749 2759 2887 2812 omni
2909 2758 3094 2813 ludam
3116 2803 3131 2823 ,
3157 2772 3201 2814 et
3229 2760 3487 2817 Samaria.
3512 2763 3643 2830 Quia
3689 2766 3837 2817 enim

2240 2843 2446 2900 dixerat
2472 2888 2487 2909 ,
2514 2846 2577 2900 In
2610 2849 2741 2902 viam
2767 2852 2990 2920 gentium
3036 2868 3097 2905 ne
3148 2852 3389 2917 abieritis,
3414 2864 3457 2907 et
3499 2856 3551 2907 in
3580 2856 3840 2909 civitatem

2241 2936 2684 2992 Samaritanorum
2727 2957 2788 2992 ne
2830 2944 3133 2997 intraveritis
3162 2944 3180 3013 (
3209 2942 3392 2997 Matth.
3430 2946 3514 3001 ιο.
3546 2946 3580 3002 5
3606 2946 3623 3013 )
3650 2964 3664 3011 ;
3695 2963 3840 3003 nunc

2243 3042 2377 3084 vero
2398 3030 2513 3083 vult
2550 3046 2643 3086 eos
2676 3033 2965 3102 praedicare
2996 3036 3047 3089 in
3072 3035 3215 3090 omni
3242 3036 3426 3092 Judrea
3465 3048 3517 3093 et
3545 3038 3791 3095 Samaria
3819 3058 3835 3106 ;

2239 3138 2357 3192 qua:
2392 3134 2516 3179 tunc
2543 3143 2648 3182 non
2676 3129 2901 3195 dixerat,
2930 3131 3016 3187 hic
3054 3133 3290 3201 addidit,
3328 3134 3391 3187 Et
3420 3151 3573 3203 usque
3611 3136 3681 3189 ad
3706 3138 3837 3190 ulti-

2239 3231 2377 3269 mum
2408 3226 2573 3273 terras.
2610 3220 2694 3286 Et,
2744 3223 2884 3292 quod
2932 3226 3170 3279 omnium
3218 3225 3668 3281 terribilissimtun
3716 3240 3838 3282 erat

2235 3308 2509 3379 loquutus,
2544 3328 2611 3366 ne
2643 3330 2829 3369 rursus
2859 3316 3005 3369 illum
3047 3318 3476 3388 interrogarent,
3506 3318 3560 3373 9.
3604 3317 3841 3374 Videnti-

2234 3399 2329 3454 bus
2375 3402 2477 3457 illis
2520 3404 2739 3459 elevatus
2778 3416 2850 3460 est
2874 3449 2889 3474 ,
2922 3417 2968 3461 et
2999 3408 3154 3462 nubes
3182 3411 3396 3479 suscepit
3425 3426 3536 3463 eum
3581 3410 3642 3462 ab
3669 3412 3837 3465 oculis

2238 3508 2431 3546 eorum.
2462 3494 2650 3550 Viden’
2679 3512 2773 3551 eos
2814 3499 3136 3567 prta-dicasse
3173 3510 3228 3554 et
3258 3501 3564 3570 implevisse
3593 3518 3832 3573 cvange-

2237 3586 2411 3641 lium?
2436 3587 2574 3644 Vere
2621 3606 2732 3645 rem
2769 3608 3012 3662 magnam
3045 3593 3192 3649 dedit
3241 3594 3364 3648 illis.
3400 3594 3494 3649 Ubi
3530 3594 3787 3650 timuistis
3814 3638 3829 3660 ,

2238 3680 2443 3750 inquit,
2476 3696 2670 3752 nempe
2698 3683 3047 3754 Jerosolymce
3074 3727 3088 3750 ,
3122 3686 3191 3741 ibi
3226 3686 3398 3754 primo
3429 3686 3715 3756 prrdicate
3736 3730 3753 3755 ,
3778 3698 3831 3742 et

2238 3782 2421 3841 postea
2452 3788 2617 3843 usque
2655 3774 2721 3829 ad
2747 3777 2988 3831 ultitnum
3024 3786 3199 3831 terrae.
3236 3778 3437 3832 Deinde
3464 3777 3529 3831 ad
3560 3780 3716 3834 fidem
3748 3780 3829 3833 fa-

2234 3863 2476 3917 ciendam
2508 3865 2589 3928 iis,
2614 3883 2732 3937 qua:
2760 3867 2988 3934 dixerat,
3028 3867 3321 3922 l’identibus
3347 3871 3449 3923 illis
3479 3873 3697 3925 elevatus
3731 3882 3827 3936 est,

2235 3957 2423 4022 inquit.
2453 3957 2565 4011 Non
2600 3958 2703 4014 illis
2742 3958 3046 4014 videntibus
3076 3962 3401 4025 resurrexit,
3432 3962 3525 4015 sed
3546 4005 3559 4024 ,
3590 3962 3706 4016 Illis
3750 3965 3828 4016 vi-

2234 4050 2462 4103 dentibus
2488 4051 2710 4105 elevatus
2734 4061 2842 4115 est;
2873 4053 2992 4121 quia
3023 4067 3198 4131 neque
3242 4064 3491 4122 aspectus
3521 4055 3604 4108 hic
3644 4056 3825 4109 omnia

2233 4144 2422 4212 potuit.
2450 4141 2582 4197 Nam
2638 4144 3046 4199 resurrectionis
3094 4146 3250 4199 linem
3299 4144 3581 4210 viderunt,
3612 4146 3825 4200 initium

2233 4253 2336 4291 non
2368 4236 2529 4302 item;
2562 4237 2944 4307 assumptionis
2995 4252 3123 4292 vero
3165 4237 3371 4291 initium
3418 4236 3684 4305 viderunt,
3715 4253 3822 4291 mu

2230 4343 2359 4381 vero
2388 4327 2567 4381 finem.
2605 4327 2792 4382 ltnttile
2839 4344 3067 4397 namque
3111 4329 3297 4382 fuisset
3343 4329 3395 4382 in
3426 4329 3823 4383 resurrectione

2231 4420 2437 4474 initium
2474 4421 2675 4487 videre,
2709 4422 2825 4491 ipso
2856 4430 3121 4490 praesente
3148 4422 3238 4491 qui
3262 4421 3375 4475 hare
3403 4422 3733 4491 loqueretur,
3764 4429 3822 4473 et

2227 4516 2475 4586 sepulcro
2492 4517 2809 4571 testificante
2830 4517 3001 4585 ipsum
3029 4516 3098 4570 ibi
3116 4516 3226 4584 jam
3249 4529 3353 4569 non
3378 4528 3498 4569 esse
3532 4532 3544 4568 :
3578 4513 3670 4569 sed
3699 4528 3819 4583 qua:

2226 4604 2644 4677 assumptionem
2695 4617 2917 4677 sequuta
2966 4615 3111 4671 sunt,
3134 4606 3299 4661 verbo
3349 4606 3558 4660 discere
3602 4614 3818 4674 oporte-

2223 4698 2335 4755 bat.
2363 4699 2497 4765 Quia
2527 4698 2669 4753 enim
2700 4712 2806 4752 non
2842 4707 3087 4766 poterant
3115 4697 3255 4751 oculi
3282 4696 3346 4750 ad
3380 4705 3580 4749 tantam
3609 4696 3813 4765 pertin-

2220 4806 2349 4861 καθ
2374 4786 2769 4854 celsitudinem,
2799 4804 2897 4843 nec
2924 4788 3121 4843 docere
3150 4802 3216 4842 an
3244 4787 3294 4841 in
3326 4786 3539 4853 etclam,
3570 4802 3636 4840 an
3660 4785 3811 4856 quasi

2222 4884 2277 4939 in
2306 4882 2493 4937 cxclum
2521 4881 2843 4944 ascenderit,
2875 4880 2997 4934 vide
3022 4878 3145 4948 quid
3176 4878 3370 4932 factum
3398 4879 3487 4931 sit.
3517 4877 3667 4944 Quod
3702 4878 3816 4946 ipse

2219 4974 2377 5030 Jesus
2419 4983 2564 5029 esset
2586 5016 2601 5039 ,
2651 4972 2894 5027 sciebant
2922 4987 2985 5026 ex
3014 4972 3077 5024 iis
3101 5012 3115 5035 ,
3148 4985 3265 5039 qua:
3293 4970 3357 5022 ad
3388 4970 3533 5039 ipsos
3563 4969 3812 5037 loquutus

2221 5071 2419 5132 fuerat;
2470 5067 2648 5137 procul
2678 5082 2805 5121 vero
2838 5066 3065 5133 positum
3101 5079 3204 5116 non
3246 5070 3491 5131 poterant
3518 5062 3686 5115 oculis
3716 5074 3810 5113 co-

2217 5176 2520 5234 gnoscere;
2553 5160 2693 5231 quod
2729 5169 2906 5214 autem
2953 5158 3003 5212 in
3049 5157 3237 5210 ctelum
3269 5164 3552 5225 susceptus
3591 5163 3680 5220 Sll,
3710 5151 3807 5221 ipsi

2220 5264 2402 5324 postea
2427 5253 2731 5308 docuerunt
2754 5249 3093 5320 angeli.Vide
3121 5246 3391 5317 quomodo
3418 5247 3689 5318 provisum
3718 5244 3811 5327 sit,

2220 5356 2275 5403 ut
2302 5362 2407 5402 non
2433 5345 2632 5416 Spiritu
2659 5344 2835 5398 omnia
2862 5384 2877 5407 ,
2904 5342 2997 5396 sed
3024 5340 3269 5411 quasdam
3303 5342 3474 5396 oculis
3515 5355 3807 5397 cerneren-

2219 5449 2320 5494 tur.
2352 5438 2461 5494 Cur
2485 5446 2664 5492 autem
2694 5436 2864 5490 nubes
2894 5433 3133 5502 suscepit
3154 5433 3320 5489 eum?
3348 5434 3460 5488 Hoc
3488 5448 3701 5504 quoque
3732 5431 3807 5486 si~

2214 5545 2377 5600 gnum
2406 5536 2542 5592 erat,
2568 5529 2742 5596 ipsum
2766 5526 3075 5581 ascendisse
3107 5525 3157 5578 in
3188 5525 3397 5579 crelum.
3422 5524 3535 5578 Non
3566 5524 3721 5595 ignis,
3752 5529 3807 5574 tit

2220 5624 2408 5687 Eliam,
2438 5634 2616 5690 neque
2639 5634 2826 5673 currus
2859 5618 3042 5688 igneus
3070 5616 3088 5685 (
3105 5618 3157 5671 4.
3191 5616 3319 5686 Reg.
3349 5615 3402 5668 9..
3430 5617 3488 5671 11
3516 5616 3560 5685 ),
3587 5614 3679 5669 sed
3708 5628 3804 5665 nn-

2218 5716 2311 5769 bes
2343 5712 2576 5782 suscepit
2616 5726 2775 5776 eum;
2812 5709 2955 5781 quod
2984 5718 3101 5764 erat
3128 5709 3243 5763 ρωιί
3276 5708 3577 5779 symbolum
3602 5749 3617 5773 ,
3648 5716 3705 5760 ut
3733 5702 3804 5756 ait

2216 5803 2498 5874 propheta,
2539 5801 2637 5869 Qui
2667 5802 2833 5874 posuit
2859 5802 2911 5854 in
2961 5800 3091 5854 nube
3144 5816 3403 5854 ascensum
3450 5798 3637 5871 simm(
3661 5794 3798 5849 Psal.
