4092 6458
202 379 261 437 ω

1350 397 1413 456 IN
1449 397 1629 454 ACTA
1673 394 1877 454 APOS'I
1891 397 2192 458 OLORUM.
2212 400 2443 460 HOMIL.
2481 404 2547 461 lL

222 504 336 563 ωδ.
359 503 430 580 3)
509 523 918 585 quamquam
963 518 1071 574 hoc
1111 517 1178 574 de
1206 517 1365 573 Patre
1405 517 1608 572 dictum
1651 525 1753 583 est.
1785 515 1910 572 Ideo

233 600 379 671 dicit,
397 601 467 657 in
512 603 718 673 nube,
756 608 1074 667 declarans
1101 609 1152 665 id
1199 625 1319 666 esse
1347 609 1401 664 in
1437 608 1685 682 symbolo
1712 607 1908 663 divina:

247 694 501 766 potentia:
532 714 554 755 :
589 714 810 771 neque
856 704 1012 758 enim
1041 702 1143 757 alia
1172 703 1339 757 virtus
1370 700 1478 756 ulla
1527 701 1579 755 in
1607 700 1746 755 nube
1772 714 1903 755 con-

258 790 501 860 spieittu'.
559 792 724 848 Audi
785 810 992 850 rursus
1044 794 1171 865 quid
1222 794 1360 848 alius
1406 794 1669 865 propheta
1714 792 1905 848 dicat:

275 886 519 940 Dominus
538 885 695 940 sedet
722 904 896 957 super
916 889 1097 943 nubem
1126 886 1281 941 levem
1309 884 1461 957 (Isai.
1492 886 1580 941 19.
1610 885 1686 956 1).

347 981 404 1037 5.
438 977 582 1034 Cum
610 994 761 1052 ergo
788 980 864 1036 de
889 997 950 1035 re
973 1021 989 1047 ,
1020 994 1180 1051 quam
1220 979 1582 1035 necessariam
1627 975 1902 1048 putabant,

293 1078 694 1145 interrogarent
717 1116 737 1141 ,
788 1090 1023 1144 cumque
1056 1072 1221 1145 dictis
1266 1070 1553 1127 admodum
1600 1069 1788 1124 intenti
1815 1083 1905 1124 es-

301 1178 444 1233 sent,
473 1176 531 1222 et
577 1167 852 1222 concitati
899 1181 998 1221 nec
1038 1148 1398 1221 dormitantes
1421 1206 1438 1231 ,
1471 1164 1573 1218 hoc
1599 1163 1813 1219 accidit.
1848 1161 1905 1218 In

306 1268 477 1315 tnonte
525 1274 757 1331 quoque
815 1258 982 1312 nubes
1035 1266 1251 1328 propter
1301 1257 1473 1325 ipsum
1515 1265 1652 1322 erat,
1694 1254 1907 1326 quando

307 1354 509 1425 lloyscs
537 1354 826 1424 ingressus
868 1362 949 1407 est
1003 1353 1058 1407 in
1102 1351 1384 1421 caliginem
1413 1352 1433 1420 (
1466 1350 1634 1405 Exod.
1659 1351 1749 1406 55.
1774 1351 1807 1405 9
1838 1349 1858 1421 )
1886 1365 1903 1416 ;

309 1448 397 1502 sed
419 1463 527 1503 non
556 1457 787 1518 pr0pter
815 1447 958 1500 illum
992 1445 1323 1509 nubeserat.
1356 1445 1451 1500 Ille
1472 1459 1600 1499 vero
1640 1460 1746 1499 non
1772 1443 1905 1498 sim-

312 1539 518 1608 pliciter
544 1539 708 1599 dixit.
748 1537 912 1603 l'ado,
942 1554 1015 1592 ne
1052 1554 1262 1592 rttrsum
1300 1537 1586 1603 dolerent;
1616 1537 1711 1592 sed
1749 1536 1903 1602 dixit,

316 1632 566 1701 Spiritum
620 1632 765 1685 mitto
796 1629 998 1704 (Joan.
1029 1631 1115 1686 16.
1159 1632 1212 1687 5.
1266 1630 1372 1701 7).
1425 1629 1580 1697 Quod
1623 1638 1801 1685 autem
1851 1629 1905 1684 in

312 1723 496 1778 cadum
521 1722 701 1777 abiret
722 1764 737 1787 ,
771 1722 900 1792 ipsis
932 1721 1102 1777 oculis
1129 1721 1454 1776 didicerunt.
1481 1721 1674 1792 Papa.I
1704 1728 1905 1791 quanto

312 1813 620 1884 spectaculo
667 1812 867 1883 dignati
912 1814 1073 1867 sunt!
1101 1811 1189 1867 10.
1225 1810 1449 1883 Cumque
1469 1813 1805 1880 intuerentur,
1825 1812 1906 1868 itt-

311 1910 445 1980 quit,
475 1910 529 1963 in
558 1908 742 1963 ett-lum
779 1917 978 1963 euntem
1003 1909 1147 1963 illum
1165 1952 1181 1977 ,
1208 1925 1321 1963 ecce
1346 1909 1448 1963 duo
1477 1910 1573 1963 viri
1602 1909 1906 1965 adstiterant

312 2002 411 2055 illis
434 2002 489 2054 in
510 2010 645 2055 veste
670 1999 786 2054 alba
807 2041 823 2066 ,
852 2001 941 2070 qui
960 2009 1006 2055 et
1035 2000 1271 2054 dixerunt
1312 2017 1331 2055 :
1377 1999 1481 2054 Viri
1509 1999 1713 2056 Galilei
1733 2042 1749 2066 ,
1780 2002 1906 2072 quid

311 2096 454 2147 statis
480 2094 782 2162 aspicientes
824 2093 876 2146 in
922 2091 1101 2146 cwlum
1118 2092 1146 2145 .9
1172 2091 1273 2145 Hic
1297 2091 1332 2145 J
1338 2109 1473 2158 esus,
1502 2093 1589 2161 qui
1614 2107 1904 2164 assumptus

309 2198 381 2240 est
406 2204 442 2239 a
469 2187 611 2239 nobis
636 2186 689 2238 in
728 2185 924 2239 caelum.
962 2184 1450 2239 Demonstrantiutn
1481 2200 1629 2241 more
1675 2185 1904 2257 loquun-

311 2290 431 2336 tur:
459 2276 581 2344 llic,
600 2277 688 2346 qui
710 2283 999 2346 assumptus
1026 2285 1099 2330 est
1122 2293 1153 2330 a
1177 2277 1313 2331 vobis
1332 2278 1385 2331 in
1406 2277 1605 2345 curtum,
1629 2279 1702 2332 sic
1720 2280 1899 2345 veniet,

308 2368 732 2440 queuntdmodum
781 2368 975 2423 vidistis
1019 2384 1135 2422 eum
1185 2381 1382 2423 euntem
1439 2369 1493 2423 in
1540 2370 1744 2426 ctelum.
1794 2371 1901 2427 lte-

310 2478 426 2514 rum
474 2459 596 2514 l.rta
640 2461 850 2529 species
897 2468 1001 2514 est.
1056 2460 1242 2530 Angeli
1285 2460 1426 2515 enim
1469 2461 1683 2533 quidam
1728 2462 1905 2519 homi-

310 2567 436 2605 num
480 2551 663 2620 specie
709 2550 984 2604 adstantes
1031 2548 1325 2605 dixerunt:
1372 2550 1477 2605 Viri
1514 2550 1734 2606 Gulilwi.
1770 2552 1903 2609 Fide

310 2644 453 2713 digni
504 2656 655 2699 certe
705 2642 1017 2698 videbantur
1055 2657 1174 2698 cum
1222 2643 1458 2699 dicerent
1483 2686 1499 2712 ,
1539 2644 1644 2698 Viri
1677 2645 1900 2702 Galilei.

313 2738 329 2767 '
357 2734 379 2808 [
410 2736 492 2792 Ad
540 2729 669 2808 quid
720 2736 866 2791 enim
960 2737 1184 2804 patriam
1235 2746 1664 2803 memorassem,
1699 2737 1799 2792 nisi
1845 2746 1905 2792 ut

311 2836 470 2891 tidem
496 2836 740 2891 facerent
761 2833 831 2908 1]
858 2834 940 2889 Ex
975 2835 1157 2905 specie
1194 2848 1405 2905 quoque
1451 2834 1571 2888 illos
1595 2834 1660 2887 ad
1688 2849 1746 2888 se
1771 2849 1901 2889 cono

310 2932 620 2995 vertebant,
666 2929 1002 2985 declarantes
1046 2942 1108 2984 se
1151 2926 1218 2983 de
1260 2927 1408 2982 czelis
1451 2942 1573 2981 θεμο
1613 2929 1898 2996 profectos.

308 3025 415 3081 Cur
443 3040 553 3080 non
580 3024 695 3094 ipse
720 3018 967 3079 Christus
1007 3023 1122 3077 lucc
1171 3020 1301 3092 ipsis
1355 3020 1589 3091 loquitur
1611 3061 1626 3085 ,
1655 3020 1750 3075 sed
1799 3035 1899 3075 au-

307 3127 413 3197 geli
438 3126 462 3180 2
488 3124 645 3180 Prius
673 3123 777 3178 illis
805 3121 986 3178 omnia
1015 3120 1243 3186 dixerat,
1269 3118 1380 3187 jam
1406 3133 1533 3174 vero
1557 3132 1652 3186 per
1680 3117 1903 3187 angelos

309 3220 415 3274 illis
459 3218 512 3273 in
543 3216 857 3272 memoriam
909 3220 1125 3269 revocat
1160 3227 1224 3268 ea
1252 3254 1266 3277 ,
1297 3226 1415 3281 qum
1461 3210 1762 3265 audierant.
1791 3209 1902 3265 Nec

308 3312 583 3376 dixerunt,
607 3310 776 3377 Quem
801 3306 1005 3361 vidistis
1045 3315 1405 3376 assumptum,
1435 3302 1529 3358 sed
1554 3332 1571 3370 ι
1603 3302 1821 3356 Euntem
1846 3304 1901 3357 in

307 3406 527 3467 celum;
554 3413 612 3458 ut
638 3401 951 3458 ostendatur
972 3399 1390 3470 assumptionem
1424 3398 1591 3465 illam,
1622 3397 1899 3453 ascensio-

306 3512 431 3550 nem
458 3494 629 3550 fuisse
672 3511 685 3547 :
727 3493 906 3548 carnis
936 3500 1115 3545 autem
1142 3499 1225 3545 est
1253 3489 1477 3544 assumi.
1509 3488 1634 3544 Ideo
1667 3489 1853 3545 dicunt
1883 3508 1897 3545 :

313 3589 414 3656 Qui
439 3594 730 3653 assumptus
759 3594 834 3641 est
852 3601 886 3638 a
910 3582 1066 3643 vobis.
1089 3582 1162 3637 sic
1196 3582 1354 3637 ueniet
1381 3597 1399 3635 :
1427 3596 1531 3635 non
1562 3621 1580 3648 ,
1622 3580 1860 3636 Mittetur
1880 3622 1898 3649 ,

308 3681 424 3745 sed,
465 3679 661 3734 Veniet.
688 3677 803 3746 Qua
834 3677 886 3731 in
926 3692 984 3731 re
1009 3690 1139 3746 ergo
1167 3674 1342 3729 minor
1364 3683 1448 3729 est
1473 3672 1685 3729 Filius?
1728 3672 1900 3727 Nubes

308 3771 530 3841 suscepit
558 3785 692 3825 eum.
731 3767 926 3833 Recte;
953 3766 1067 3837 ipse
1109 3765 1251 3820 enim
1278 3763 1520 3820 ascendit
1564 3763 1617 3818 in
1661 3763 1895 3817 ηιώειιιε

309 3862 563 3931 quoniam
593 3858 696 3925 Qui
715 3858 961 3920 ascendit,
986 3858 1098 3927 ipse
1120 3864 1195 3911 est
1212 3856 1299 3927 qui
1322 3855 1580 3910 descendit
1601 3854 1818 3925 (Ephes.
1840 3855 1896 3911 4.

310 3953 424 4022 10).
456 3950 870 4014 Animadverte,
905 3947 1173 4019 quomodo
1201 3947 1304 4001 alia
1336 3946 1630 4003 secundum
1658 3946 1899 4017 discipu-

310 4049 484 4101 lorum
534 4052 764 4098 mentem
794 4041 1039 4097 dicantur
1061 4081 1078 4106 ,
1116 4038 1219 4092 alia
1261 4038 1561 4093 secundum
1584 4037 1898 4108 dignitatem

312 4138 425 4192 Dei.
444 4134 845 4203 Sublimiorque
869 4131 1086 4187 demum
1118 4129 1257 4185 facta
1283 4138 1366 4185 est
1391 4143 1544 4183 mens
1569 4127 1896 4182 videntium:

307 4244 374 4284 ac
397 4225 620 4283 secundi
648 4224 907 4280 adventus
935 4236 1041 4278 non
1070 4236 1288 4293 parvam
1320 4220 1427 4276 illis
1454 4218 1601 4274 dedit
1625 4219 1897 4287 notitiam;

309 4318 439 4376 illud
462 4318 632 4383 enim,
660 4316 750 4372 Sic
791 4315 969 4381 vestiet,
998 4312 1102 4369 hoc
1129 4311 1392 4384 signiﬁcat
1425 4329 1440 4367 :
1467 4326 1588 4366 cum
1632 4325 1858 4381 corpore
1881 4352 1897 4375 ,

311 4412 487 4483 inquit
514 4429 531 4465 :
559 4408 689 4465 illud
712 4409 855 4466 enim
902 4406 1089 4463 audire
1125 4404 1420 4475 optabant;
1452 4414 1505 4459 et
1531 4404 1673 4475 quod
1706 4405 1899 4459 iterum

311 4504 455 4560 nube
479 4510 665 4557 vectus
691 4500 756 4555 ad
798 4500 1055 4570 judicium
1101 4507 1363 4553 venturus
1417 4496 1507 4551 sit.
1545 4495 1610 4549 Et
1637 4512 1753 4551 ecce
1776 4539 1791 4561 ,
1823 4498 1904 4550 in-

310 4597 447 4665 quit,
480 4595 586 4649 duo
611 4595 703 4647 viri
728 4594 1048 4665 adstiterant.
1091 4589 1198 4645 Cur
1224 4589 1361 4647 dixit
1384 4629 1400 4650 ,
1438 4587 1545 4642 Viri
1568 4589 1594 4642 ?
1621 4588 1755 4656 Quia
1785 4604 1903 4658 per-

313 4690 508 4744 lectam
540 4686 773 4740 virorum
803 4682 1033 4738 formam
1061 4679 1521 4751 repraesentabant
1543 4719 1559 4743 ,
1591 4694 1659 4733 ne
1685 4679 1759 4733 illi
1801 4679 1899 4732 ob-

313 4786 704 4848 stupesccrcnt.
731 4775 828 4842 Qui
851 4785 897 4829 et
920 4774 1176 4839 dixerunt,
1206 4771 1344 4840 Quid
1360 4772 1505 4827 statis
1527 4771 1826 4841 aspicientes
1846 4771 1899 4824 in

313 4870 539 4926 «clunt!
564 4867 732 4924 Simul
784 4864 1211 4922 bla’ndientium’
1262 4863 1421 4919 verba
1471 4871 1663 4928 erant,
1692 4871 1747 4917 et
1792 4878 1900 4918 non

318 4973 496 5018 utneu
543 4960 829 5015 sinentium
878 4958 986 5013 cito
1030 4965 1345 5026 exspectare
1388 4955 1616 5011 reditum
1661 4954 1800 5026 ejus.
1837 4954 1902 5010 lli

314 5053 456 5124 quod
482 5049 658 5122 majus
683 5060 765 5105 est
787 5049 992 5116 dicunt,
1032 5047 1174 5120 quod
1212 5062 1339 5103 vero
1388 5047 1567 5102 minus
1596 5062 1704 5102 non
1737 5047 1898 5123 item:

316 5146 494 5216 ipsum
519 5145 600 5200 sic
624 5151 905 5198 venturum
929 5183 945 5209 ,
977 5151 1026 5196 et
1057 5154 1124 5196 ex
1170 5138 1305 5194 cut-lo
1333 5138 1753 5210 exspectandum
1780 5152 1902 5193 esse

318 5241 533 5307 dicunt;
560 5236 898 5310 quandonam
930 5250 1096 5301 vero,
1137 5234 1187 5291 id
1227 5242 1427 5289 uacent.
1458 5233 1540 5289 Ab
1587 5233 1679 5288 illo
1721 5241 1900 5288 autem

381 5469 399 5501 ι
435 5468 517 5525 oui
540 5463 776 5515 clauditur
797 5460 989 5511 uncinis
1024 5459 1161 5510 locus
1203 5459 1276 5509 sic
1296 5457 1506 5507 habetur
1543 5457 1591 5505 in
1635 5456 1904 5508 Grzecozrt

318 5545 386 5595 τις
401 5538 475 5581 εδςι
489 5538 577 5578 πῶς
595 5534 738 5595 ἀδεεῖ-ς
759 5536 828 5595 τὴν
848 5530 1009 5587 *θυι
1028 5534 1166 5584 Mdv-
1191 5533 1427 5595 !‘r'lﬁriﬂ
1448 5526 1522 5595 is?
1545 5531 1752 5595 ειυοψιξι
1781 5530 1904 5595 .5997

319 5581 405 5643 suis
426 5601 502 5644 est
535 5606 548 5638 :
576 5588 697 5651 Quid
720 5581 855 5637 enim
876 5581 1068 5651 necesse
1098 5589 1205 5633 erat
1227 5581 1253 5643 (⁷
1270 5581 1536 5651 discipulus
1564 5581 1619 5651 ),_
1643 5581 1728 5651 qui
1769 5586 1902 5651 certe

545 5640 683 5718 suam
731 5653 929 5705 norant,
951 5643 1084 5696 illius
1105 5640 1277 5695 nomen
1301 5640 1496 5704 audire,
1523 5640 1620 5692 nisi
1645 5640 1697 5692 ut
1714 5640 1901 5706 angelis

597 5713 619 5748 9

318 5716 678 5829 “ﬁdibus-ica
702 5773 891 5836 legitur
914 5782 1188 5836 ιοιωειυάηων.
1210 5767 1555 5836 Alius_|cgisse
1576 5764 1768 5814 videtur
1783 5776 1900 5836 mig-

314 5851 457 5901 ctam,
476 5841 557 5903 qui
580 5828 731 5890 vertit.
757 5828 1124 5903 Equigqntutiit.
1346 5828 1623 5903 leniturum
1646 5828 1876 5903 sequenti

587 5882 1122 5954 consentire"ridetm.
1154 5892 1240 5942 illa
1265 5900 1428 5941 tamen
1450 5889 1543 5941 alia
1567 5890 1685 5940 ter-ri
1710 5882 1894 5951 posset.

3540 419 3611 478 80

2018 522 2327 588 spectaculo
2352 531 2625 595 creatos,
2652 526 2812 583 dictis
2857 530 2970 587 suis
3008 542 3243 590 attentos
3271 537 3522 602 reddunt,
3551 556 3606 594 ut

2016 630 2085 668 ne
2114 616 2375 684 quoniam.
2394 618 2676 676 Dominum
2698 620 2809 692 jam
2838 624 3023 682 videre
3053 642 3160 683 non
3190 638 3438 697 poterant
3464 675 3481 697 ,
3511 651 3607 704 pu-

2017 711 2193 759 tarent
2251 707 2422 777 ipsum
2475 725 2582 768 non
2633 715 2985 781 ascendisse;
3032 728 3197 790 utque
3247 722 3368 780 illos
3423 727 3604 783 verbis

2014 799 2127 853 suis
2198 804 2606 871 praemunirent.
2679 805 2813 861 Nam
2863 810 2908 864 si
2953 811 3100 880 prius
3149 813 3442 886 dicebant,
3488 820 3603 888 Quo

2015 890 2157 946 vadis
2193 891 2212 963 (
2230 891 2387 948 Joan.
2418 896 2506 952 15.
2531 897 2601 955 56
2621 896 2686 969 )i
2736 901 2905 957 multo
2935 905 3103 975 magis
3131 923 3275 964 nunc
3312 908 3598 981 dixissent,

2015 981 2161 1037 Nunt
2213 986 2267 1038 in
2325 996 2549 1057 tempore
2593 989 2691 1045 hoc
2731 993 2964 1050 restitues
3017 1012 3230 1068 regnum
3278 999 3489 1057 Israel?
3529 1003 3605 1059 ita

2013 1073 2154 1128 illius
2184 1079 2648 1135 mansuetudinem
2671 1095 2953 1152 noverant,
2973 1096 3032 1141 ut
3053 1098 3175 1158 post
3195 1092 3499 1160 passionem
3516 1094 3604 1150 itt-

2015 1176 2346 1236 terrogarent
2373 1171 2540 1235 illum,
2575 1172 2717 1230 Num
2745 1178 2978 1234 restitues
3007 1181 3034 1235 2
3062 1184 3222 1251 Atqui
3254 1186 3403 1255 prius
3446 1187 3597 1243 dixe-

2012 1269 2094 1316 rat
2125 1262 2248 1328 illis,
2278 1264 2517 1320 Audituri
2539 1269 2655 1323 estis
2675 1271 2807 1325 bella
2841 1282 2889 1327 et
2912 1275 3178 1342 opiniones
3201 1275 3445 1335 bellorum
3471 1297 3491 1336 :
3514 1288 3607 1337 sed

2012 1352 2237 1408 nondum
2262 1355 2383 1424 ﬁnis
2411 1355 2431 1429 (
2453 1357 2623 1415 Marc.
2649 1361 2738 1415 15.
2767 1361 2865 1433 7),
2895 1379 3072 1436 neque
3113 1367 3449 1442 Jerosolyma
3480 1382 3608 1429 tunc

2012 1445 2270 1514 capietur.
2296 1447 2448 1505 Nunc
2484 1461 2665 1508 autem
2706 1453 2776 1510 de
2818 1470 2986 1527 regno
3013 1458 3375 1530 interrogant,
3402 1480 3506 1520 non
3537 1466 3607 1520 de

2011 1542 2495 1599 consummatione.
2525 1545 2777 1617 Alioquin
2806 1564 2938 1605 vero
2981 1563 3102 1621 post
3145 1560 3600 1615 resurrectionem

2012 1645 2118 1684 non
2176 1631 2362 1703 longos
2411 1650 2534 1691 cum
2592 1638 2700 1694 illis
2753 1655 3032 1699 sermones
3081 1644 3263 1702 habet.
3313 1647 3477 1719 Igitur
3525 1652 3603 1707 illi

2011 1723 2157 1778 velut
2206 1726 2575 1784 celebritatem
2629 1742 2950 1802 sperantes,
3006 1749 3410 1806 percontantur.
3481 1742 3602 1813 Ipse

2013 1829 2140 1869 vero
2181 1831 2289 1871 non
2339 1817 2577 1876 declarat
2624 1837 2690 1876 au
2733 1826 3080 1884 restituturus
3127 1829 3199 1884 sit
3247 1848 3436 1888 necne.
3471 1835 3605 1902 Qua:

2010 1910 2302 1966 necessitas
2330 1912 2494 1978 enim,
2525 1924 2578 1969 ut
2611 1914 2687 1971 illi
2713 1917 2818 1973 hoc
2857 1920 3170 1978 discerent?
3206 1923 3329 1981 Ideo
3356 1927 3459 1984 hoc
3490 1945 3607 1987 me-

2013 2009 2222 2058 tuentes
2269 2003 2343 2059 illi
2387 2021 2494 2060 non
2540 2009 2678 2064 ultra
2718 2009 2906 2067 dicunt
2939 2032 2952 2066 :
2990 2014 3141 2080 Quod
3181 2017 3603 2087 signumatlvett-

2006 2102 2089 2148 tus
2115 2095 2209 2161 tui,
2240 2106 2286 2150 et
2314 2100 2759 2155 consummationis
2787 2105 2960 2157 saeculi
2991 2104 3203 2177 (Matth.
3235 2108 3324 2164 24.
3354 2110 3453 2182 5)?
3481 2112 3600 2178 Sed,

2013 2182 2155 2238 Nam
2206 2187 2435 2242 restitues
2461 2206 2675 2261 regnum
2699 2189 2912 2248 Israel?
2953 2196 3344 2255 Existimabam
3368 2202 3514 2258 enim
3549 2203 3605 2260 id

2004 2276 2113 2346 jam
2144 2278 2356 2335 adesse.
2388 2280 2506 2350 ipse
2535 2298 2666 2340 vero
2695 2286 2746 2340 in
2775 2286 3044 2356 parabolis
3066 2291 3378 2348 ostenderat
3406 2294 3457 2349 id
3495 2311 3605 2352 non

2008 2385 2175 2440 prope
2202 2386 2325 2427 esse
2351 2389 2366 2426 :
2398 2382 2452 2428 et
2475 2373 2586 2442 jam
2614 2375 2701 2431 ubi
2724 2377 3142 2449 interrogarunt,
3172 2384 3484 2454 respondet,
3506 2386 3607 2441 Ae-

2007 2463 2202 2534 cipietis
2241 2466 2472 2520 virtutem
2505 2470 2902 2538 supervenientis
2939 2470 3166 2542 Spiritus
3209 2476 3374 2530 sancti
3411 2479 3466 2532 in
3495 2494 3604 2536 vos.

2006 2554 2390 2612 Animadverte
2416 2559 2557 2627 quod
2579 2560 2800 2628 dixerit,
2822 2561 3257 2632 Supervenientis,
3276 2583 3405 2634 non,
3424 2568 3605 2636 Missi;

2009 2655 2065 2700 ut
2090 2662 2273 2717 parem
2312 2647 2574 2705 honorem
2606 2653 2936 2709 ostenderet.
2967 2655 3248 2724 Quomodo
3285 2675 3416 2731 ergo
3436 2703 3451 2729 ,
3484 2662 3606 2733 Spi-

2009 2741 2142 2795 ritus
2168 2742 2342 2797 sancti
2371 2743 2585 2799 inimice
2605 2786 2623 2811 ,
2653 2745 2821 2800 audes
2861 2747 3009 2803 illum
3038 2750 3220 2806 dicere
3258 2758 3606 2811 creaturam?

2007 2830 2074 2886 Et
2099 2833 2237 2886 eritis
2264 2833 2389 2887 milii
2412 2843 2579 2889 testes.
2611 2836 3043 2909 Assumptionetn
3066 2841 3422 2901 subindicavit
3447 2864 3460 2899 :
3493 2848 3605 2902 imo

2009 2925 2268 2997 potiusjd
2292 2968 2308 2992 ,
2340 2927 2484 2997 quod
2523 2928 2636 2998 jam
2665 2929 2989 2999 audierant,
3017 2932 3071 2988 in
3101 2944 3337 2991 mentem
3364 2949 3600 2995 revocat.

2005 3015 2123 3072 iam
2151 3026 2432 3074 ostensum
2456 3029 2541 3075 est
2570 3021 2743 3090 ipsum
2776 3023 2828 3078 in
2857 3025 3023 3080 caelos
3065 3030 3396 3087 ascendisse.
3430 3031 3605 3090 Nubes

2005 3117 2054 3163 et
2079 3109 2245 3180 caligo
2284 3112 2376 3164 sub
2401 3112 2614 3182 pedibus
2643 3115 2756 3186 ejus
2783 3115 2803 3185 (
2842 3113 2986 3181 Psal.
3020 3118 3108 3175 96.
3139 3120 3238 3191 2),
3274 3122 3466 3193 inquit,
3495 3141 3604 3196 quo

2007 3203 2340 3273 signiﬁcatur
2368 3205 2541 3261 illud:
2577 3205 2755 3262 Nubes
2783 3211 3003 3278 suscepit
3028 3228 3139 3266 eum
3170 3255 3185 3280 ,
3212 3230 3407 3286 nempe
3443 3218 3606 3272 ciciu-

2006 3310 2125 3350 rum
2193 3297 2476 3353 Dominum
2527 3316 2542 3353 :
2589 3314 2771 3370 regem
2826 3316 3058 3372 namque
3113 3304 3350 3362 declarat
3413 3324 3605 3366 currus

2006 3390 2186 3458 regius
2230 3406 2244 3444 :
2292 3390 2372 3445 sic
2429 3391 2504 3446 illi
2560 3391 2762 3448 missus
2815 3401 2898 3448 est
2935 3410 3127 3450 currus
3178 3400 3379 3468 regius,
3422 3409 3482 3455 ut
3534 3418 3604 3458 ne

2005 3479 2132 3548 quid
2165 3480 2319 3536 triste
2346 3479 2681 3552 loqueretur,
2723 3497 2858 3539 neve
2895 3484 2946 3538 id
2987 3486 3093 3540 illis
3127 3489 3429 3556 accideret,
3460 3493 3601 3562 quod

2005 3572 2223 3637 Elismo,
2244 3571 2641 3643 qui,assumpto
2667 3573 2944 3645 magistro,
2985 3577 3215 3633 tunicam
3246 3579 3460 3636 discidit
3507 3580 3598 3656 (4.

2007 3667 2134 3735 Reg.
2166 3665 2221 3720 2.
2256 3666 2369 3736 12).
2398 3665 2537 3733 Quid
2563 3682 2688 3722 vero
2707 3667 2894 3723 dicunt
2916 3670 3130 3740 angeli?
3178 3671 3279 3727 Hic
3305 3672 3475 3740 Iesus,
3512 3678 3603 3746 qui

2004 3772 2291 3828 assumptus
2317 3767 2389 3812 est
2417 3775 2450 3812 a
2476 3759 2613 3813 vobis
2635 3759 2690 3813 in
2719 3759 2900 3815 etclam
2924 3762 2999 3815 sic
3025 3762 3185 3818 veniet
3203 3779 3223 3828 ;
3241 3774 3315 3828 et,
3347 3763 3479 3819 Ecce
3498 3766 3602 3821 duo

2004 3851 2096 3904 viri
2120 3849 2418 3904 adstiterant
2440 3850 2561 3904 illis.
2589 3848 2719 3907 Jure
2742 3851 2982 3922 quidem.
3010 3852 3143 3908 Nam
3170 3859 3222 3908 in
3253 3870 3348 3910 ore
3372 3856 3599 3911 duorum

2006 3942 2221 3998 testium
2250 3943 2411 3998 stabit
2439 3957 2601 3997 omne
2625 3943 2846 3999 verbum
2878 3945 2896 4016 (
2921 3943 3072 3999 Deut.
3102 3946 3190 4001 17.
3217 3946 3296 4018 (ἱ).
3327 3947 3395 4002 Ει
3424 3948 3478 4003 lti
3504 3963 3600 4004 ea-

2004 4036 2126 4093 dem
2158 4036 2271 4105 ipsa
2302 4036 2611 4106 loquuntur.
2642 4034 2711 4088 In
2746 4047 2896 4102 veste,
2930 4037 3138 4107 inquit,
3166 4038 3303 4093 alba.
3334 4039 3604 4107 Quemad-

2005 4130 2221 4185 modum
2245 4129 2357 4197 jam
2384 4137 2510 4184 ante
2536 4128 2603 4183 ad
2644 4137 3050 4184 monumentum
3079 4131 3328 4201 angelum
3357 4131 3604 4187 viderant

2006 4223 2058 4277 in
2083 4221 2319 4277 vestibus
2346 4219 2559 4291 fulgidis
2582 4262 2599 4284 ,
2626 4220 2716 4290 qui
2754 4212 3000 4290 pra-dixit
3030 4222 3135 4276 illis
3163 4222 3289 4292 quid
3338 4223 3393 4278 in
3418 4223 3601 4279 animo

2005 4311 2324 4384 versarent(
2356 4310 2544 4366 Matth.
2572 4310 2662 4367 28.
2690 4311 2780 4366 25.
2811 4312 2864 4367 4.
2895 4313 2929 4368 5
2955 4315 2973 4381 )
2999 4331 3013 4367 :
3040 4313 3119 4368 sic
3141 4321 3198 4367 et
3221 4314 3602 4384 assumptionis

2005 4408 2120 4477 ejus
2153 4421 2330 4477 pneco
2357 4405 2579 4474 angelus
2605 4415 2713 4459 est.
2741 4404 2895 4472 Quod
2942 4405 3102 4460 etiam
3147 4404 3426 4477 propheta:
3453 4420 3600 4476 saepe

2005 4500 2384 4572 praedixerant,
2400 4508 2526 4556 utet
2544 4515 2608 4554 ea
2628 4515 2747 4569 qua:
2767 4499 3218 4555 resurrectionem
3240 4500 3573 4570 spectabant‘
3596 4543 3605 4553 .

2077 4596 2132 4650 ι.
2165 4594 2373 4665 Ubique
2402 4594 2573 4663 angeli
2598 4592 2766 4647 nuntii
2792 4603 2917 4647 sunt
2945 4609 2957 4645 :
2990 4592 3070 4647 sic
3108 4593 3160 4647 in
3192 4592 3394 4660 natali,
3424 4593 3503 4648 sic
3530 4594 3598 4650 ad

2008 4688 2227 4744 Mariam
2247 4728 2264 4753 ,
2295 4688 2374 4742 sic
2401 4688 2452 4741 in
2497 4686 2890 4743 resurrectione
2908 4725 2925 4752 ,
2950 4685 3279 4756 perindeque
3307 4686 3359 4740 in
3386 4701 3599 4741 assum-

2008 4782 2189 4853 ptione
2211 4799 2225 4835 :
2246 4781 2354 4836 imo
2379 4781 2539 4835 etiam
2570 4780 2623 4835 in
2652 4779 2890 4835 secundo
2910 4778 3141 4835 adventu
3169 4779 3342 4851 angeli
3367 4793 3600 4849 prmcur-

2008 4886 2190 4930 rentes
2217 4872 2560 4927 videbuntur.
2584 4869 2717 4926 Cum
2745 4869 3010 4926 dixissent
3042 4879 3220 4924 autem
3238 4910 3254 4937 ,
3286 4868 3387 4923 Hic
3404 4867 3560 4923 Jesus
3582 4911 3599 4935 ,

2006 4968 2091 5037 qui
2120 4976 2408 5037 assumptus
2431 4974 2506 5019 est
2526 4981 2559 5019 a
2586 4965 2744 5031 vobis,
2774 4978 2844 5019 ne
2865 4970 3271 5019 consternarent
3291 4963 3435 5031 illos,
3460 4963 3603 5034 adji-

2007 5062 2173 5123 ciunt,
2207 5058 2297 5115 Sic
2320 5059 2499 5113 veniet.
2524 5058 2744 5113 Paulum
2764 5056 3397 5128 respirarunﬁaudientes
3427 5059 3601 5127 ipsum

2006 5153 2304 5211 rediturum
2323 5165 2464 5215 esse,
2485 5161 2533 5205 et
2552 5151 2630 5206 sic
2648 5149 2966 5213 rediturum,
2991 5163 3088 5205 nec
3110 5150 3439 5205 inaccessum
3463 5149 3600 5204 fore.

2009 5245 2140 5302 lllttd
2172 5259 2319 5302 vero.
2353 5243 2397 5296 Α
2425 5242 2593 5305 vobis,
2626 5257 2731 5296 non
2762 5241 2879 5296 sine
2906 5254 3064 5296 causa
3095 5240 3335 5305 additur;
3364 5239 3456 5294 sed
3482 5239 3598 5307 ejus

2007 5354 2129 5409 erga
2160 5337 2280 5393 illos
2306 5351 2546 5390 amorem
2587 5335 2855 5400 declarat,
2887 5344 2939 5388 et
2978 5333 3295 5388 electionem
3326 5333 3560 5400 ipsorum
3580 5371 3598 5400 ,

2009 5430 2287 5498 innuitque
2317 5443 2422 5481 non
2450 5426 2758 5481 relicturum
2786 5438 2907 5479 esse
2925 5439 3020 5479 eos
3040 5438 3173 5493 quos
3194 5423 3371 5492 elegit.
3405 5421 3604 5475 Resur—

2009 5521 2264 5578 rectionis
2280 5534 2409 5589 ergo
2423 5534 2535 5573 suae
2553 5518 2666 5588 ipse
2680 5516 2831 5572 testis
2849 5514 2948 5570 l'uit
2964 5514 3095 5588 (imo
3113 5527 3318 5574 eorum,
3339 5526 3459 5580 qua:
3475 5521 3601 5570 ante

2074 5702 2091 5735 ι
2126 5700 2269 5751 Alius
2300 5700 2373 5749 sic
2408 5699 2595 5759 habet;
2619 5696 2764 5759 Quod,
2786 5702 2950 5759 autem
2980 5693 3230 5759 propheta:
3253 5691 3388 5743 illaut
3411 5707 3600 5746 assmu-

2007 5763 2217 5828 ptionem
2238 5773 2332 5811 non
2345 5755 2673 5828 prtedixei'int
2694 5755 2817 5828 nihil
2836 5755 3119 5828 parandum
3147 5767 3164 5805 :
3188 5768 3607 5828 superuacaneum

2008 5817 2146 5878 enim.
2169 5830 2276 5874 erat
2320 5817 2382 5891 (te
2416 5821 2504 5871 illa
2538 5820 2789 5891 speciatim
2830 5818 2962 5891 loqui
2986 5853 3003 5878 ,
3043 5817 3439 5891 quandoquidem
3468 5817 3616 5891 _ipsa.

2012 5894 2063 5942 et
2082 5885 2373 5937 resurrectio
2396 5896 2491 5936 una
2508 5890 2554 5934 et
2566 5878 2742 5934 eadem
2763 5878 3045 5947 cogitatione
3057 5878 3563 5944 comprehenduntur.
