4092 6502
512 428 576 486 3|
1293 422 1350 476 S.
1388 419 1665 475 JOANNIS
1702 411 2176 472 CIIRYSOSTOMI
2216 409 2533 466 ARCHIEP.
2574 407 3108 474 CONSTANTINOP.

510 552 751 615 partum,
788 551 947 611 atque
972 539 1132 594 etiam
1161 544 1283 605 post
1323 543 1530 604 partum
1568 531 1939 600 contigerunt,
1973 525 2102 580 illud

512 635 744 689 maxime
771 629 1072 686 mirandum
1094 669 1107 692 ,
1141 625 1281 694 quod
1309 625 1543 693 seipsum
1575 619 1932 676 suscitaverit.
1972 617 2102 670 Nam

509 727 583 780 ait
609 747 622 781 ;
653 724 846 780 Solvite
869 721 1110 791 templum
1152 719 1246 770 hoc
1265 758 1279 780 ,
1309 725 1356 771 et
1389 717 1442 768 in
1482 715 1637 766 tribus
1667 710 1841 764 diebus
1875 709 2099 763 excitabo

509 819 641 872 illud
695 816 878 885 (Joan.
913 815 968 868 2.
1005 813 1138 882 t9):
1174 811 1410 865 futurum
1452 815 1629 862 autem
1677 804 1963 858 adventum
2003 815 2101 855 an-

505 909 612 982 geli
643 909 714 963 ita
743 907 1002 974 indicant,
1032 906 1122 961 Sic
1149 904 1328 959 veniet.
1351 900 1407 956 Si
1436 899 1556 969 quis
1576 912 1704 968 ergo
1730 895 1999 951 Christum
2021 893 2102 946 vi-

508 1006 638 1061 dere
669 1005 846 1072 cupit:
877 1004 920 1057 si
948 1002 1066 1073 quis
1096 1001 1241 1055 dolet
1267 998 1409 1070 quod
1443 997 1589 1052 illum
1623 1009 1727 1049 non
1754 990 1948 1045 viderit
1973 1003 1988 1041 :
2020 987 2104 1040 his

508 1097 737 1162 auditis,
766 1094 1134 1149 admirandam
1160 1093 1322 1146 vitam
1347 1089 1597 1145 exhibeat
1617 1129 1629 1151 ,
1669 1095 1726 1141 et
1761 1084 1842 1139 sic
1861 1081 2099 1145 videbit,

513 1205 614 1246 nec
632 1189 906 1245 aberrabit
935 1203 962 1241 a
990 1200 1174 1256 scopo.
1205 1184 1338 1238 Nam
1369 1197 1491 1238 cum
1521 1180 1722 1250 majore
1746 1186 2002 1231 venturus
2022 1181 2105 1228 est

509 1281 712 1352 gloria;
742 1280 837 1335 sed
865 1279 945 1335 sic
971 1294 1092 1334 cum
1121 1277 1280 1342 nube,
1312 1275 1390 1331 sic
1411 1289 1532 1328 cum
1561 1284 1786 1341 corpore
1815 1287 1828 1322 :
1858 1281 1921 1321 ac
1947 1267 2104 1334 longe

512 1372 811 1426 mirabilius
852 1371 956 1425 erit
979 1370 1057 1424 sic
1096 1369 1268 1438 ipsum
1302 1364 1487 1419 videre
1512 1363 1580 1418 de
1608 1362 1742 1416 caelo
1766 1355 2101 1413 descenden-

511 1474 654 1530 tctn,
701 1463 860 1533 quam
901 1477 930 1514 a
973 1470 1113 1516 terra
1156 1457 1560 1513 ascendentem.
1601 1452 1899 1508 Venturum
1945 1447 2104 1517 igitur

508 1558 799 1610 dixerunt:
828 1569 930 1624 qua
963 1567 1091 1608 vero
1113 1552 1182 1607 de
1207 1565 1366 1606 causa
1397 1557 1654 1603 venturus
1682 1545 1784 1606 sit,
1818 1556 1922 1596 non
1948 1539 2100 1593 addi-

510 1649 728 1704 derunt.
767 1647 878 1702 Hoc
907 1645 1355 1700 resurrectionem
1395 1639 1698 1696 confirmat.
1731 1635 1786 1691 Si
1815 1633 1956 1688 enim
1981 1645 2101 1686 cum

509 1755 734 1808 corpore
759 1747 1063 1807 assumptus
1089 1743 1172 1790 est
1189 1776 1204 1800 ,
1230 1733 1397 1788 multo
1421 1730 1591 1800 magis
1616 1743 1736 1784 cum
1761 1737 1986 1796 corpore
2016 1736 2105 1777 re-

510 1830 762 1885 surrexit.
793 1829 1017 1884 Ubinam
1057 1836 1184 1882 sunt
1210 1826 1280 1891 ii,
1311 1823 1400 1894 qui
1429 1818 1809 1878 rcsurrectioui
1841 1830 1946 1872 non
1978 1829 2100 1870 crc-

509 1923 676 1977 dunt?
703 1921 792 1992 qui
816 1929 944 1975 sunt
970 1919 1074 1982 illi,
1105 1919 1193 1973 dic
1221 1916 1384 1981 mihi,
1417 1914 1645 1985 gentiles
1684 1926 1752 1965 an
1777 1905 2102 1964 Christiani?

511 2015 571 2070 Id
613 2024 760 2070 certe
812 2012 1030 2078 nescio;
1078 2012 1186 2066 imo
1235 2008 1408 2079 potius
1455 2007 1624 2078 probe
1673 2004 1814 2058 novi.
1863 2001 2104 2058 Gentiles

508 2106 707 2175 quippe
731 2113 854 2158 sunt
875 2144 890 2169 ,
935 2102 1027 2173 qui
1069 2100 1327 2157 creationi
1363 2113 1472 2154 non
1499 2095 1742 2152 credunt.
1775 2090 2102 2147 Eorumdem

507 2197 654 2251 cuitu
681 2204 784 2260 est,
817 2209 924 2248 non
953 2192 1281 2257 concedere,
1310 2191 1476 2245 Deum
1517 2202 1674 2258 posse
1696 2183 1894 2255 aliquid
1923 2197 1987 2238 ex
2017 2181 2101 2235 ni-

509 2287 625 2341 hilo
656 2299 863 2352 creare,
895 2292 952 2339 et
970 2298 1186 2354 negare,
1219 2284 1389 2353 ipsum
1413 2295 1570 2349 posse
1590 2293 1652 2334 ea
1674 2277 1955 2341 suscitare,
1981 2288 2102 2344 qua:

510 2377 718 2445 sepulta
749 2384 895 2430 sunt.
921 2373 1120 2429 Deinde
1143 2373 1346 2443 pudore
1371 2370 1568 2435 affecti,
1598 2368 1740 2440 quod
1770 2383 1876 2421 non
1904 2378 2105 2435 cogno-

509 2476 665 2521 scant
692 2467 943 2520 virtutem
972 2465 1092 2531 Dei,
1126 2478 1194 2518 ne
1220 2463 1342 2517 ideo
1368 2462 1702 2524 incusentur,
1732 2459 1916 2514 dicunt
1941 2476 1955 2512 :
1985 2455 2100 2511 Non

509 2559 634 2613 ideo
661 2559 761 2613 hoc
786 2558 1030 2624 dicimus,
1055 2557 1148 2610 sed
1175 2555 1316 2626 quod
1337 2569 1564 2625 corpore
1591 2568 1696 2608 non
1722 2553 1792 2607 sit
1812 2566 1965 2621 opus.
1995 2551 2103 2619 Ap-

413 2641 416 2646 ’
513 2647 683 2716 posite
711 2643 963 2712 dicatur,‘
993 2648 1196 2703 Stultus
1239 2645 1395 2700 stulta
1440 2646 1669 2714 loquetur
1695 2641 1713 2715 (
1737 2641 1862 2696 (sui.
1893 2641 1981 2696 52.
2009 2639 2098 2709 6).

506 2739 625 2794 Non
647 2756 740 2795 vos
773 2741 954 2810 pudet,
987 2739 1097 2794 Deo
1125 2746 1439 2809 potestatem
1471 2734 1681 2790 auferre
1707 2733 1907 2804 aliquid
1927 2749 1991 2789 ex
2021 2733 2100 2787 ni-

506 2833 618 2888 hilo
643 2833 898 2889 creandi?
923 2832 979 2889 Si
1001 2848 1066 2888 ex
1095 2829 1556 2901 prmexistentibus
1574 2838 1743 2895 creat,
1767 2827 1950 2898 inquo
1971 2840 2102 2898 ergo

507 2927 686 2985 differt
703 2927 772 2982 ab
798 2925 1135 2981 hominibus?

579 3020 767 3082 Contra
797 3018 1110 3073 Manichaee:
1133 3018 1214 3071 hic
1237 3018 1468 3088 pluribus
1487 3017 1688 3087 agit.-—
1705 3015 1813 3072 Sed
1837 3013 1997 3081 unde,
2022 3013 2101 3068 inv

508 3112 719 3182 quiunt,
749 3110 932 3166 mala?
964 3113 1044 3165 An
1073 3111 1194 3181 quia
1221 3111 1434 3181 ignoras
1463 3110 1623 3176 unde,
1653 3108 1795 3164 aliud
1822 3107 1985 3164 debes
2016 3107 2099 3161 iu-

509 3205 712 3260 ducere
755 3204 952 3258 malum
1000 3204 1052 3257 in
1100 3203 1407 3273 cognitione
1453 3202 1751 3257 malorum?
1795 3201 1909 3254 Duo
1956 3198 2100 3254 enim

509 3295 639 3350 hinc
671 3293 903 3348 absurda
931 3303 1256 3364 sequuntur;
1287 3293 1514 3348 alterum
1546 3291 1687 3362 quod
1715 3291 1792 3346 sic
1829 3290 1974 3360 loqui
2003 3305 2101 3344 au-

509 3387 642 3441 deas
673 3407 687 3442 ;
719 3401 840 3441 nam
872 3387 917 3439 si
963 3399 1125 3456 negas
1155 3386 1318 3440 Deum
1347 3400 1412 3440 ex
1451 3383 1620 3438 nihilo
1661 3397 1880 3446 creare,
1931 3380 2102 3438 multo

509 3477 679 3547 magis
718 3476 988 3547 ignorabis
1016 3475 1157 3531 unde
1181 3475 1319 3530 mala
1349 3475 1457 3530 sint
1481 3491 1493 3528 :
1526 3475 1754 3529 alterum
1783 3487 1930 3538 vero,
1959 3471 2102 3541 quod

509 3567 587 3622 sic
615 3567 898 3637 ingenitam
932 3567 1185 3621 malitiam
1209 3567 1356 3621 dicas
1381 3565 1479 3638 (a).
1504 3564 1687 3636 Cogita
1714 3580 1872 3634 quam
1905 3579 2104 3634 opero-

510 3677 629 3718 sum
660 3661 746 3728 sit,
773 3660 971 3716 fontem
1001 3660 1263 3716 malorum
1295 3660 1552 3730 reperire,
1587 3659 1729 3714 hunc
1750 3659 2014 3730 ignorare,
2047 3668 2103 3714 et

511 3753 740 3808 alterum
773 3751 895 3807 huic
919 3751 1136 3807 addere.
1171 3749 1365 3818 Quaere
1393 3751 1532 3806 unde
1558 3751 1694 3804 mala
1722 3750 1937 3804 veniant
1955 3792 1971 3817 ,
2003 3764 2102 3805 nec

513 3842 850 3912 blasphemcs
877 3852 1062 3898 contra
1092 3842 1276 3896 Deum.
1311 3841 1592 3908 Quomodo
1630 3840 1977 3909 blaspheme?
2016 3839 2098 3894 in-

497 3933 702 4002 quies?
744 3931 880 3999 Quid
907 3932 1078 3988 dicis?
1118 3947 1224 3985 non
1255 3930 1595 4000 blasphemas
1613 3971 1630 3997 ,
1658 3930 1871 4001 quando
1899 3930 2101 3986 malum

497 4025 722 4080 inducis
747 4024 1077 4095 ingenitum?
1103 4038 1226 4079 cum
1255 4024 1331 4079 illi
1353 4032 1668 4094 potestatem
1697 4018 1884 4078 tribuis
1909 4023 2104 4079 divina:

513 4134 729 4188 parem,
763 4118 1012 4172 virtutem
1037 4117 1298 4173 malorum
1329 4117 1628 4187 aequalem?
1665 4118 1960 4188 lngenitum
1987 4133 2103 4173 ma-

513 4209 647 4264 lum.
683 4207 818 4264 Vide
846 4208 973 4279 quid
999 4208 1196 4264 Paulus
1223 4193 1366 4264 di'cat
1391 4227 1401 4260 :
1433 4207 1719 4263 Invisibilia
1745 4211 1877 4264 enim
1906 4211 2099 4279 ipsius,

513 4319 547 4356 α
575 4312 808 4356 creatura
838 4301 1034 4368 mundi,
1065 4319 1154 4373 per
1173 4319 1231 4356 ea
1260 4319 1372 4373 qute
1396 4305 1532 4374 facta
1556 4312 1673 4357 sunt
1701 4303 1955 4358 intellecta
1983 4319 2106 4356 cou-

512 4396 799 4464 spiciuntur.
828 4395 846 4464 (
869 4395 1018 4450 Ronz.
1052 4397 1104 4449 1.
1133 4395 1245 4466 20).
1274 4394 1432 4450 Certe
1457 4395 1700 4451 diabolus
1730 4405 1950 4467 utraque
1975 4397 2106 4452 dicit

519 4502 640 4541 esse
670 4502 738 4540 ex
766 4487 987 4541 materia
1008 4528 1024 4553 ,
1055 4496 1111 4541 ut
1142 4487 1285 4541 nulla
1313 4501 1379 4541 ex
1415 4503 1474 4542 re
1502 4487 1664 4542 Deum
1695 4503 2100 4558 cognoscamus.

517 4578 655 4646 Quid
685 4578 828 4632 enim
847 4619 860 4642 ,
891 4592 1096 4646 quaeso,
1121 4577 1388 4633 difficilius
1413 4587 1532 4644 est,
1579 4578 1631 4633 id
1658 4579 1799 4648 quod
1825 4591 2008 4634 natura
2036 4581 2106 4633 sit

518 4669 717 4724 malum
745 4669 923 4724 facere
951 4669 1180 4724 bonum1
1210 4686 1224 4733 ;
1257 4670 1301 4724 si
1333 4679 1507 4725 tamen
1547 4671 1711 4724 ullum
1753 4680 1836 4725 est
1881 4672 2106 4743 (loquor

519 4766 663 4820 enim
704 4764 995 4818 secundum
1027 4772 1257 4818 vestram
1298 4764 1646 4832 Opinionem:
1679 4773 1865 4818 natura
1907 4767 2105 4834 quippe

519 4855 654 4911 nihil
686 4863 862 4926 potest
887 4854 998 4910 fieri
1035 4854 1264 4921 malum,
1296 4853 1438 4923 quod
1465 4853 1620 4908 bonis
1656 4855 1727 4908 sit
1753 4853 2102 4925 adjumento),

518 4963 586 5001 an
617 4962 802 5001 creare
829 4961 896 5000 ex
934 4961 1040 4999 non
1081 4944 1445 5000 exstantibus?
1474 4943 1610 5009 Quid
1648 4952 1731 4999 est
1762 4944 1968 5000 facilius
1997 4944 2105 5014 (de

519 5038 776 5108 qualitate
797 5035 1032 5113 loquor;
1055 5035 1450 5112 an.qualitatem
1471 5050 1590 5104 quae
1613 5049 1716 5088 non
1738 5035 1808 5088 sit
1830 5035 2102 5100 inducere,

519 5139 613 5186 aut
643 5143 762 5198 quae
792 5127 858 5180 sit
887 5126 936 5180 in
965 5125 1290 5180 contrarium
1318 5123 1562 5179 mutare?
1590 5124 1716 5193 quid
1748 5124 1978 5192 facilius,
2011 5125 2106 5186 do,-

583 5266 598 5296 ι
637 5261 694 5311 In
717 5275 814 5309 uno
837 5259 1008 5308 Codice
1034 5258 1240 5320 legitur,
1265 5257 1319 5308 id
1352 5258 1480 5320 quod
1514 5263 1693 5308 natura
1735 5257 1798 5308 sit
1831 5256 2012 5307 malum
2033 5259 2107 5320 fa-

520 5338 629 5376 cere
650 5322 848 5372 nultum.
875 5319 1373 5370 Omnino’asseutior’
1398 5319 1604 5369 Dounazi
1645 5321 1941 5382 conjectura:
1982 5319 2104 5414 apud

520 5386 740 5414 ραι-σῖιὶιιηι
780 5385 861 5414 nni
889 5389 1020 5414 Luto!
1065 5381 1332 5414 lactandum
1389 5380 1442 5414 δή
1467 5380 1594 5414 nunt!
1625 5388 1802 5414 nrﬂurn
1847 5381 1903 5414 (ἡ
1926 5394 2003 5414 anu
2030 5395 2104 5414 um

518 5386 760 5449 savilium,
780 5385 862 5446 qui
889 5389 1025 5444 putat
1065 5381 1333 5442 legendum
1351 5417 1366 5442 ,
1389 5380 1442 5430 id
1466 5380 1594 5444 quod
1625 5380 1803 5430 natura
1842 5381 1903 5431 sit
1926 5380 2108 5432 malum

519 5447 920 5568 (“afﬁgeugi-at
940 5504 1306 5553 Manichaeorum
1328 5503 1509 5568 opinio,
1531 5505 1615 5566 qui
1637 5503 1882 5568 malitiam,
1899 5517 1990 5552 seu
2009 5518 2106 5555 ma-

521 5564 648 5626 lum,
669 5583 762 5616 non
787 5567 934 5627 nasci,
960 5571 1048 5615 sed
1078 5577 1276 5625 semper
1303 5564 1822 5626 exstitisse‘putabant.
1851 5572 2030 5612 Bonum
2055 5573 2108 5615 et

524 5627 704 5674 malum
741 5629 887 5676 deum
931 5641 1046 5677 esse
1089 5627 1407 5688 asserebant,
1443 5627 1526 5688 qui
1565 5627 1694 5688 inter
1725 5639 1783 5674 se
1811 5634 2104 5688 pugnarent.

525 5688 669 5749 Quod
685 5690 865 5749 err_oris
886 5695 1153 5749 monstrum
1185 5694 1305 5737 ante
1338 5685 1512 5738 Christi
1544 5685 1960 5749 adventum'apud
1986 5699 2110 5748 gen-

523 5744 639 5810 tiles
661 5747 709 5795 iu
733 5747 939 5810 )Egypto
960 5747 1152 5810 fuerat,
1187 5762 1283 5810 qua
1321 5749 1387 5797 de
1418 5762 1476 5797 re
1507 5748 1786 5798 Plutarchus
1821 5744 2024 5810 iu'libro
2043 5749 2107 5798 de

529 5807 657 5916 [εξελιὲ
681 5815 733 5856 et
747 5807 953 5857 Osiri-1e.
982 5808 1108 5858 Intra
1125 5807 1321 5873 quoque
1345 5813 1512 5872 contra
1533 5810 1819 5870 manicbzros
1837 5817 1940 5872 agit
1958 5808 2106 5872 Chry-

529 5881 606 5916 nos
658 5881 778 5916 mus.

524 5881 778 5919 mutemus.

3746 411 3845 468 Ξῖ

2214 541 2357 578 tntun
2387 540 2506 594 quae
2533 538 2641 579 non
2680 524 2748 579 sit
2773 533 2982 580 struere
3003 567 3018 591 ,
3055 540 3122 580 an
3151 523 3418 581 desertam
3457 538 3782 582 restaurare
3807 533 3833 582 ‘t

2211 614 2432 668 Planum
2464 624 2547 670 cst
2589 615 2717 671 illud
2745 631 2865 671 eSse
2906 616 3129 671 facilius.
3173 617 3314 687 Ergo
3342 617 3443 673 hoc
3473 620 3834 691 impossibile

2208 718 2322 773 est;
2347 709 2487 763 sicut
2511 719 2693 764 autem
2719 710 2820 763 hoc
2849 709 2962 764 fieri
2993 711 3195 781 nequit,
3227 713 3297 767 ita
3320 723 3372 766 ct
3400 712 3528 768 illud
3552 714 3834 785 impossi-

2212 800 2315 854 bile
2341 812 2423 854 est
2441 843 2454 866 ,
2479 815 2672 869 nempe
2699 800 2752 856 in
2778 803 3104 856 contrarium
3135 803 3348 872 operari

2280 895 2331 950 5.
2369 893 2466 948 Dic
2494 893 2644 958 mihi,
2672 892 2800 964 quid
2829 893 3096 949 difficilius
3122 903 3204 948 est
3223 936 3238 962 ,
3273 905 3596 966 unguentum
3625 896 3830 952 confi-

2209 1003 2352 1052 cete,
2377 996 2469 1040 aut
2497 986 2609 1042 luto
2636 987 2740 1040 vim
2770 986 2986 1054 inferre,
3017 997 3068 1041 ut
3091 1002 3153 1042 ea
3176 1003 3295 1058 qua:
3318 998 3644 1058 unguentum
3669 1005 3830 1060 ope-

2211 1081 2394 1134 retur?
2426 1080 2638 1147 Utrum,
2667 1094 2868 1149 quceso,
2913 1094 3097 1134 eorum
3127 1078 3334 1135 facilius
3367 1081 3489 1136 est?
3514 1080 3823 1151 (quando-

2209 1173 2422 1242 quidem
2457 1173 2622 1227 Deum
2651 1171 2947 1227 ratiociniis
2985 1171 3184 1227 nostris
3225 1172 3573 1242 subjicimus;
3604 1183 3659 1229 at
3686 1189 3822 1228 non

2211 1278 2329 1329 uos,
2361 1263 2531 1327 absit;
2561 1263 2656 1318 sed
2681 1277 2778 1320 vos
2805 1263 2857 1317 id
2882 1262 3079 1334 facitis)
3109 1263 3295 1318 oculos
3323 1263 3586 1329 formare,
3618 1279 3684 1319 an
3712 1265 3819 1319 fa-

2209 1371 2364 1420 cere,
2397 1364 2455 1410 ut
2484 1371 2657 1411 ett-cus
2683 1370 2907 1412 manens
2933 1370 3110 1410 etceus
3142 1355 3352 1422 videat,
3383 1364 3439 1410 et
3462 1355 3670 1411 acutius
3709 1357 3820 1410 vi-

2208 1449 2368 1503 dente
2387 1489 2400 1512 ,
2429 1449 2666 1504 cmeitate
2700 1447 2768 1503 ad
2798 1449 2973 1503 visum
3017 1457 3218 1513 utatur,
3260 1448 3520 1505 surditate
3545 1449 3612 1504 ad
3637 1448 3819 1505 audi-

2212 1542 2360 1595 tum?
2391 1540 2611 1598 Videtur
2655 1538 2785 1596 mihi
2830 1543 2981 1612 prius
3024 1541 3152 1604 illud
3201 1540 3430 1600 facilius.
3473 1541 3626 1610 Quod
3663 1555 3821 1612 ergo

2207 1633 2476 1688 deticilius
2497 1643 2609 1698 est,
2645 1634 2752 1689 Deo
2777 1634 3054 1700 concedis,
3082 1634 3224 1705 quod
3265 1635 3472 1691 facilius
3497 1651 3604 1691 non
3627 1619 3763 1693 item
3785 1640 3817 1690 ἲ

2209 1724 2314 1780 Sed
2344 1724 2470 1795 quid
2499 1725 2551 1779 in
2581 1725 2663 1780 his
2690 1725 2914 1779 insisto?
2943 1725 3114 1780 Etiam
3139 1727 3346 1780 animas
3375 1727 3558 1781 dicunt
3577 1742 3642 1782 ex
3667 1728 3818 1782 sub-

2207 1817 2400 1870 stantia
2427 1815 2523 1871 Dei
2552 1830 2689 1871 eSse.
2720 1817 2788 1870 At
2814 1816 2933 1871 vide
2953 1825 3146 1886 quanta
3175 1817 3332 1886 impia
3359 1827 3414 1872 et
3439 1819 3596 1873 stulta
3619 1819 3817 1889 profc-

2209 1919 2345 1966 rant.
2377 1910 2508 1964 Dum
2533 1910 2761 1980 probare
2787 1911 3048 1977 nituntur,
3079 1911 3217 1965 mala
3246 1925 3312 1966 ex
3342 1911 3450 1967 Deo
3477 1927 3618 1976 esse,
3649 1911 3815 1967 aliud

2209 2003 2380 2072 magis
2414 2001 2634 2072 impium
2674 2001 2968 2056 inducunt:
2999 2017 3121 2056 nam
3154 2001 3239 2056 illa
3285 2001 3385 2071 ipsi
3415 2011 3813 2072 contempora-

2208 2110 2346 2158 nea,
2407 2108 2508 2149 nec
2560 2095 2726 2149 Deum
2781 2094 2884 2149 illis
2931 2094 3288 2164 antiquiorem
3344 2109 3466 2150 esse
3517 2104 3804 2160 statuunt,

2209 2196 2408 2242 tantam
2453 2186 2557 2241 illis
2598 2187 3002 2256 praerogativam
3039 2186 3168 2241 dare
3195 2201 3300 2240 non
3330 2187 3505 2241 veriti.
3544 2185 3811 2242 Secundo

2207 2281 2368 2334 etiam
2396 2279 2650 2334 malitiam
2678 2287 2922 2334 statuunt
2953 2279 3328 2333 immortalem.
3357 2278 3510 2345 Quod
3537 2279 3678 2334 enim
3709 2279 3811 2333 in-

2205 2372 2442 2442 genitum
2473 2381 2575 2436 est,
2596 2387 2884 2442 numquam
2914 2371 3116 2427 interit.
3145 2370 3346 2426 Videtis
3367 2371 3758 2441 blasphemiam
3780 2373 3810 2426 ?

2207 2465 2388 2536 Itaque
2414 2480 2634 2520 necesse
2659 2475 2775 2532 est,
2809 2474 2898 2519 aut
2937 2464 3070 2518 nihil
3097 2480 3125 2517 a
3153 2465 3263 2528 Deo
3289 2478 3438 2532 esse;
3471 2475 3563 2519 aut
3604 2465 3646 2519 si
3678 2465 3809 2521 hzec

2207 2573 2314 2612 non
2336 2566 2480 2621 sunt,
2507 2572 2574 2612 ne
2609 2558 2772 2612 Deum
2801 2556 3013 2625 quidem
3036 2569 3176 2611 esse.
3209 2555 3411 2622 Tertio,
3437 2556 3621 2624 utjam
3645 2555 3756 2610 dixi
3781 2597 3802 2622 ,

2207 2649 2332 2705 hinc
2362 2651 2437 2705 illi
2461 2664 2642 2706 secum
2674 2657 2940 2719 pugnant,
2969 2656 3024 2702 et
3059 2648 3318 2718 majorem
3357 2647 3449 2702 Dei
3479 2648 3530 2702 iu
3563 2661 3625 2702 se
3652 2647 3803 2702 indi-

2206 2743 2510 2816 gnationem
2543 2750 2851 2812 provocant.
2880 2741 3114 2809 Quarto,
3147 2741 3285 2810 quod
3314 2740 3439 2795 huic
3483 2755 3587 2794 non
3614 2740 3804 2794 subsi—

2205 2838 2365 2893 stenti
2396 2836 2631 2891 materia:
2652 2842 2853 2891 tantam
2876 2835 2983 2888 vim
3006 2833 3257 2888 tribuant.
3280 2833 3497 2900 Quinto,
3521 2832 3661 2904 quod
3689 2849 3806 2886 ma-

2207 2930 2372 2984 litiam
2406 2928 2656 2983 bonitatis
2702 2927 2795 2981 Dei
2839 2941 3050 2981 causam
3083 2926 3246 2980 fuisse
3285 2925 3497 2992 dicant,
3546 2925 3805 2995 quodque

2205 3020 2322 3075 sine
2349 3020 2445 3073 hac
2467 3061 2480 3081 ,
2515 3020 2694 3083 aiunt,
2738 3018 2908 3073 bonus
2943 3017 3032 3072 ille
3060 3031 3167 3070 non
3207 3025 3350 3070 esset
3385 3017 3572 3070 bonus.
3604 3015 3798 3082 Sexto,

2205 3111 2347 3183 quod
2376 3112 2514 3164 viam
2539 3109 2691 3164 nobis
2719 3109 3048 3178 praecludant
3075 3109 3416 3178 perveniendi
3445 3109 3511 3164 ad
3535 3109 3806 3180 cognitio-

2207 3221 2328 3261 nem
2361 3204 2475 3261 Dci.
2501 3204 2760 3274 Septimo,
2782 3203 2922 3274 quod
2947 3204 3111 3257 Deum
3134 3203 3200 3258 ad
3227 3203 3470 3258 homines
3503 3203 3798 3270 deducant,

2207 3297 2315 3352 imo
2341 3296 2406 3351 ad
2437 3297 2644 3367 plantas
2664 3307 2720 3351 et
2740 3296 2901 3365 ligna.
2932 3295 3140 3349 Etenim
3158 3293 3201 3347 si
3222 3294 3396 3348 anima
3413 3302 3592 3348 nostra
3613 3309 3677 3348 ex
3698 3293 3800 3349 Dei

2206 3390 2502 3446 substantia
2521 3399 2624 3454 est,
2645 3388 2940 3456 eademque
2961 3385 3137 3440 anima
3153 3385 3415 3455 demigrat
3435 3386 3487 3439 in
3513 3384 3654 3440 varia
3671 3398 3802 3439 cor-

2213 3497 2371 3552 pora,
2406 3482 2458 3535 in
2496 3494 2830 3542 cucumeres,
2854 3479 2906 3532 in
2937 3491 3191 3548 pcponas,
3226 3477 3277 3530 in
3305 3491 3465 3546 cepas
3494 3493 3508 3530 :
3539 3491 3667 3546 ergo
3697 3476 3798 3530 Dei

2209 3577 2408 3646 pariter
2424 3574 2718 3631 substantia
2739 3574 2790 3628 in
2813 3585 3126 3626 cucumeres
3143 3571 3272 3625 abit.
3289 3570 3405 3624 Jam
3428 3569 3472 3624 si
3497 3569 3802 3625 dixerimus

2204 3666 2460 3737 Spiritum
2479 3675 2720 3723 sanctum
2737 3664 3049 3720 efformasse
3075 3664 3328 3732 templum
3348 3662 3397 3716 in
3423 3661 3663 3733 Virgine,
3695 3677 3800 3719 nos

2208 3760 2281 3814 illi
2300 3759 2544 3814 derident
2561 3777 2573 3811 :
2590 3758 2633 3813 si
2655 3757 2916 3820 dicamus,
2934 3755 3200 3810 habitasse
3220 3756 3272 3809 in
3291 3754 3554 3824 spirituali
3571 3756 3793 3825 templo,

2209 3865 2395 3908 rursus
2417 3851 2658 3905 irrident.
2683 3850 2796 3904 Nec
2817 3848 2981 3919 pudet
3001 3848 3121 3902 illos
3143 3849 3235 3902 Dei
3256 3849 3610 3904 substantiam
3632 3851 3684 3904 in
3703 3865 3804 3904 cu-

2207 3951 2472 4008 ctnneres,
2496 3943 2546 3996 in
2571 3954 2824 4011 pcponas,
2847 3941 2898 3995 in
2924 3954 3157 4006 muscas,
3182 3939 3414 3994 bruchos
3431 3948 3486 3995 et
3501 3942 3684 3997 asinos
3701 3941 3802 3997 de-

2207 4035 2424 4101 ducere,
2457 4047 2591 4088 nova
2621 4032 2935 4087 idololatria:
2955 4031 3134 4101 specie
3156 4041 3385 4101 reperta.
3412 4035 3481 4087 At
3508 4048 3612 4088 non
3638 4049 3796 4104 cepa,

2209 4127 2398 4198 inquit,
2420 4129 2471 4181 in
2495 4127 2606 4182 Deo
2630 4135 2740 4190 est;
2768 4123 2863 4180 sed
2889 4125 3027 4179 Deus
3049 4123 3103 4177 in
3123 4137 3254 4194 cepa
3271 4141 3284 4180 :
3303 4139 3478 4194 neque
3498 4125 3640 4179 enim
3664 4141 3798 4194 cepa

2214 4220 2352 4274 Deus
2368 4219 2546 4273 fuerit.
2562 4219 2671 4273 Cur
2691 4215 2890 4287 refugis
2904 4217 2995 4271 Dei
3009 4215 3450 4286 demigrationem
3468 4217 3518 4271 in
3531 4232 3756 4287 corpora
3774 4219 3802 4271 ?

2209 4311 2404 4382 Turpis
2426 4326 2511 4366 res
2537 4319 2638 4378 est,
2670 4313 2858 4380 inquit.
2883 4307 3044 4364 Multo
3068 4318 3216 4363 certe
3242 4308 3447 4376 turpius
3474 4308 3576 4363 hoc
3600 4318 3702 4364 est.
3728 4311 3803 4363 At

2211 4419 2317 4459 non
2351 4403 2522 4472 turpis
2562 4417 2649 4457 res
2691 4411 2793 4457 est.
2821 4398 3139 4468 Quomodo?
3167 4397 3608 4467 Quandoquidem
3653 4399 3697 4452 si
3743 4399 3798 4454 in

2211 4495 2365 4549 nobis
2389 4494 2497 4557 fiat,
2526 4508 2654 4548 vere
2678 4501 2830 4561 turpe
2850 4500 2950 4546 est.
2978 4488 3247 4544 Videtisne
3268 4490 3449 4543 faecem
3474 4487 3802 4558 impietatis?

2211 4588 2318 4644 Sed
2347 4603 2442 4642 cur
2469 4587 2654 4642 nolunt
2683 4600 2878 4654 corpus
2921 4583 3239 4653 resurgere?
3283 4581 3417 4648 Quid
3449 4579 3538 4636 hic
3577 4581 3802 4635 dicent?

2211 4679 2344 4747 Quia
2367 4693 2563 4747 corpus
2588 4676 2722 4730 mala
2745 4690 2831 4730 res
2852 4673 2970 4730 est?
2997 4675 3060 4728 Et
3083 4671 3371 4742 quomodo,
3399 4686 3598 4742 qumso,
3629 4673 3798 4726 Deum

2213 4771 2390 4827 nosti?
2422 4771 2562 4824 unde
2586 4784 2761 4822 rerum
2791 4766 3029 4820 notitiam
3060 4763 3260 4818 habes?
3285 4764 3402 4828 Quo
3441 4773 3596 4832 pacto
3623 4763 3800 4832 philo-

2212 4863 2412 4931 SOphus
2440 4869 2518 4915 est
2549 4857 2936 4929 philosophus,
2969 4857 3014 4910 si
3050 4855 3178 4909 nihil
3209 4852 3380 4909 efficit
3414 4853 3647 4923 corpus?
3689 4853 3800 4908 De-

2211 4961 2359 5007 struc
2398 4966 2617 5015 sensus,
2661 4959 2714 5004 et
2753 4948 2900 5003 disre
2938 4945 3133 5015 aliquid
3170 4960 3354 5000 eorum
3385 4960 3505 5015 qua:
3544 4945 3682 4999 scire
3717 4955 3804 5000 est

2211 5060 2365 5113 Opus.
2391 5042 2526 5110 Quid
2549 5050 2725 5095 autem
2751 5038 3090 5108 insipientius
3111 5046 3253 5092 esset
3272 5037 3472 5099 anima,
3495 5036 3540 5090 si
3555 5034 3625 5091 ab
3647 5035 3803 5090 initio

2212 5152 2404 5193 sensus
2443 5136 2663 5191 haberet
2696 5134 2945 5188 vitiatos?
2983 5132 3116 5186 Nam
3163 5131 3209 5186 si
3253 5145 3353 5184 una
3382 5132 3626 5201 corporis
3651 5143 3804 5201 parte

2216 5229 2428 5292 vitiata,
2461 5241 2654 5296 nempe
2687 5225 2931 5290 cerebro,
2963 5233 3071 5278 tota
3110 5224 3224 5292 ipsa
3254 5221 3497 5289 laeditur;
3527 5223 3571 5276 si
3604 5230 3800 5277 caatera

2212 5334 2425 5388 quoque
2453 5317 2730 5382 vitientur,
2773 5316 2827 5369 in
2871 5330 2978 5385 quo
3020 5313 3166 5368 utilis
3203 5313 3344 5368 erit?
3388 5313 3622 5370 Ostende
3669 5313 3799 5368 mihi

2213 5410 2446 5472 animam
2473 5409 2589 5478 sine
2613 5392 2858 5476 corpore.
2883 5408 3072 5466 Annon
3101 5405 3253 5461 audis
3280 5405 3516 5466 medicos
3537 5406 3799 5475 dicentes,

2215 5501 2431 5554 Morbus
2458 5497 2808 5554 vehementer.
2829 5495 3080 5550 obscurat
3103 5497 3378 5555 animam?
3401 5496 3689 5567 Quousque
3709 5510 3801 5552 vos

2214 5593 2548 5662 Strangulare
2587 5589 2885 5656 differ-etis?
2913 5590 3080 5656 Num,
3113 5605 3297 5661 quaeso
3319 5631 3334 5660 ,
3375 5605 3572 5660 corpus
3594 5606 3662 5645 ex
3689 5605 3802 5645 ma-

2218 5686 2349 5741 teria
2375 5684 2495 5738 est?
2524 5683 2689 5737 Recte
2713 5682 2951 5753 quidem.
2976 5681 3118 5751 Ergo
3141 5683 3310 5751 ipsum
3336 5682 3513 5742 odisse
3529 5682 3796 5753 oportuit:

2217 5793 2312 5832 cur
2323 5791 2450 5846 ergo
2471 5777 2643 5846 ipsum
2665 5776 2785 5840 alis,
2804 5791 2900 5829 cur
2917 5775 3100 5830 foves?
3118 5775 3190 5844 (α)
3211 5774 3374 5846 [Ergo
3395 5777 3620 5846 teipsum
3643 5776 3809 5833 iutere

2285 5870 2358 5932 (α)
2391 5877 2505 5929 Qua
2527 5869 2717 5933 uncinis
2740 5866 3030 5932 clauduntur
3045 5867 3226 5918 desunt
3251 5868 3299 5917 in
3322 5870 3608 5930 quibusdam
3629 5879 3719 5922 uss
3734 5909 3750 5928 .
