4092 6446
339 353 399 410 ει
1238 442 1244 445 _
1327 365 1395 419 IN
1433 367 1612 422 ACTA
1653 366 2205 426 APOSXOLORUM.
2245 373 2482 431 "OMIL.
2517 377 2583 433 ll.
3540 390 3610 445 '52

335 471 438 541 τὴν
487 468 787 526 ἀνάστασιν
827 472 1053 543 βεϐαιοῖ.
1103 475 1163 530 Εἰ
1220 479 1326 550 γάρ
1361 480 1500 550 μετά
1528 481 1782 553 σώματος
1829 483 1922 536 ἀν-

337 561 564 634 ελήφθη,
612 563 797 634 πολλῷ
831 565 1031 634 μᾶλλον
1083 569 1220 638 μετά
1268 569 1520 640 σώματος
1553 573 1773 644 ἀνέστη.
1811 573 1916 626 Ποῦ

337 656 479 708 εἰσιν
522 656 571 707 οἰ
611 654 1024 722 διαπιστοῦντες
1066 663 1132 731 τῇ
1172 661 1497 728 ἀναστάσει;
1531 663 1674 726 τίνες
1744 665 1917 729 eici»;

337 747 462 800 εἰπέ
488 764 606 817 μοι·
630 747 913 819 Ἕλληνες,
941 749 975 821 ἢ
997 752 1336 822 Χριστιανοί;
1361 755 1542 823 ἀγνοῶ
1563 757 1693 827 γάρ·
1724 756 1924 824 μᾶλλον

337 839 396 892 δὲ
435 836 553 892 οἰδα
601 841 863 912 ἀκριϐῶς.
898 843 1155 914 Ἕλληνες
1202 846 1312 917 γάρ
1343 849 1500 910 εἰσιν,
1541 848 1590 900 οἱ
1623 847 1717 901 καὶ
1742 851 1806 918 τῇ
1830 848 1925 920 δη-

343 931 606 1002 μιοινργίᾳ⁵
628 933 730 1002 τῆς
760 933 992 998 κτίσεως
1019 935 1447 1001 διαπιστοῦντες.
1471 938 1514 992 Τ
1517 939 1591 992 ῶν
1611 940 1719 1011 γάρ
1747 941 1924 996 αὐτῶν

339 1024 460 1074 ἐστι
492 1023 569 1094 μὴ
599 1028 900 1096 συγχωρεῖν
925 1026 984 1090 ἐξ
1033 1027 1132 1082 οὐκ
1179 1029 1348 1082 ὄντων
1377 1035 1552 1084 ποιεῖν
1577 1049 1630 1085 τι
1673 1033 1748 1104 τῷ
1782 1033 1921 1105 Θεῷ,

342 1115 439 1167 καὶ
470 1116 540 1167 τά
555 1115 784 1186 κείμενα
813 1119 887 1189 μὴ
918 1119 1100 1188 λέγειν
1128 1120 1290 1174 αὐτὸν
1309 1123 1550 1195 ἀνιστᾷν.
1580 1119 1716 1178 Εἶτα
1738 1127 1927 1197 αἰσχυ-

342 1207 585 1276 νόμενοι,
615 1209 697 1261 ὅτι
725 1209 824 1286 οὐκ
849 1212 996 1265 ῖσασι
1023 1213 1122 1282 τὴν
1167 1212 1394 1283 δύναμιν
1423 1215 1516 1267 τοῦ
1544 1215 1702 1280 Θεοῦ,
1738 1217 1824 1270 ἵνα
1851 1219 1924 1288 μὴ

343 1300 504 1353 τοῦτο
547 1301 904 1368 ἐγκαλῶνται,
941 1307 1104 1372 φασίν
1125 1321 1139 1338 ·
1171 1309 1243 1358 Οὐ
1276 1305 1364 1362 διὰ
1391 1307 1548 1361 τοῦτο
1573 1309 1744 1363 ταῦτα
1775 1308 1929 1376 λέγο-

349 1410 468 1463 μεν,
500 1395 614 1448 ἀλλ’
643 1399 724 1450 ὃτι
756 1398 815 1449 οὐ
861 1399 1022 1469 χρεία
1071 1398 1340 1470 σώματος.
1396 1400 1668 1472 Εὕκαιρον
1713 1401 1928 1474 ἀληθῶς

345 1489 520 1540 εἰπεῖν
540 1505 556 1520 ο
617 1489 670 1540 Ὁ
702 1489 814 1557 γὰρ
841 1488 1040 1559 μωρὸς
1080 1490 1245 1560 μωρὰ
1279 1493 1562 1560 λαλήσει.
1595 1495 1707 1547 Οὐκ
1737 1493 1926 1564 αἰσχύ-

344 1578 502 1632 νεσθε
531 1579 590 1645 ἐξ
623 1581 722 1633 οὐκ
752 1580 921 1635 ὄντων
951 1583 1103 1636 οὐδὲν
1133 1571 1378 1649 ’διδόντες
1429 1589 1602 1638 ποιεῖν
1642 1585 1733 1639 τὸν
1761 1586 1926 1652 Θεόν;

345 1672 409 1724 Εἰ
428 1672 485 1725 δὲ
515 1673 575 1738 ἐξ
602 1673 768 1727 ὄντων
798 1677 964 1741 ποιεῖ,
993 1675 1046 1726 τί
1075 1674 1318 1747 διαφέρει
1343 1676 1448 1730 τῶν
1482 1678 1818 1750 ἀνθρώπων;

429 1811 591 1865 Ἀλλά
616 1811 801 1878 πόθεν,
825 1815 980 1884 φησί,
1006 1814 1077 1867 τὰ
1101 1814 1282 1879 κακά;
1319 1813 1410 1883 Μὴ
1442 1815 1570 1884 γὰρ.
1601 1814 1790 1883 ἐπειδὴ
1826 1816 1926 1868 οὐκ

344 1899 492 1968 οἶδας
522 1905 707 1970 πόθεν,
741 1906 926 1976 ἕτερον
965 1907 1198 1974 ὀφείλεις
1229 1907 1541 1974 ἐπεισάγειν
1571 1907 1740 1960 κακὸν
1769 1911 1826 1960 ἐν
1859 1910 1925 1979 τῇ

346 1995 545 2062 γνώσει
594 1997 703 2051 τῶν
732 1998 949 2065 κακῶν;
982 1999 1084 2053 Δύο
1115 2000 1223 2071 γὰρ
1256 2000 1463 2068 γίνεται
1493 1999 1699 2053 ἄτοπα·
1734 1999 1791 2051 ἓν
1827 1999 1928 2069 μὲν

346 2086 460 2151 οὖν,
482 2091 564 2143 ὅτι
592 2089 749 2144 τοῦτο
770 2090 944 2160 λέγειν
971 2092 1175 2162 τολμᾷς
1193 2109 1206 2122 ο
1233 2093 1281 2145 εἰ
1311 2091 1420 2163 γὰρ
1449 2092 1523 2162 μὴ
1556 2093 1732 2160 λέγεις
1756 2091 1815 2158 ἐξ
1830 2093 1931 2144 οὐκ

344 2180 514 2233 ὄντων
540 2181 610 2234 τά
644 2181 774 2234 ὄντα
823 2185 998 2236 ποιεῖν
1042 2183 1131 2235 τὸν
1178 2183 1333 2246 Θεὸν,
1379 2182 1558 2252 πολλῷ
1605 2182 1806 2252 μᾶλλον
1830 2183 1933 2235 οὐκ

346 2271 465 2340 εἴσῃ
499 2270 666 2324 πόθεν
711 2270 781 2324 τὰ
836 2269 1010 2322 κακά·
1045 2269 1232 2340 ἕτερον
1261 2269 1335 2329 δὲ,
1383 2270 1465 2322 ὅτι
1515 2270 1779 2339 ἀγένητον
1833 2269 1931 2341 τὴν

349 2362 548 2414 κακίαν
568 2374 594 2400 ε
624 2361 787 2414 τοῦτο
820 2361 994 2429 λέγων
1027 2362 1286 2428 εἰσάγεις.
1329 2362 1634 2430 Ἐννόησον,
1661 2363 1783 2414 ὅσον
1816 2362 1932 2414 ἐστὶ

347 2455 603 2523 χαλεπὸν,
649 2454 970 2523 βουλόμενον
1019 2454 1197 2523 εὑρεῖν
1226 2454 1325 2524 τὴν
1357 2454 1540 2525 πηγὴν
1574 2454 1682 2508 τῶν
1721 2453 1931 2516 κακῶν,

345 2548 552 2617 ταύτην
581 2565 640 2599 τε
672 2548 957 2618 ἀγνοῆσαι,
989 2548 1084 2601 καὶ
1140 2547 1334 2620 ἑτέραν
1368 2548 1683 2619 προσθεῖναι
1713 2549 1853 2618 αὐτῇ
1879 2548 1928 2601 δ.

349 2641 508 2709 Ζήτει
542 2640 707 2694 πόθεν
739 2639 808 2692 τὰ
850 2640 1018 2705 κακά,
1048 2641 1144 2693 καὶ
1187 2642 1262 2712 μὴ
1306 2641 1617 2712 βλασφήμει
1649 2641 1741 2693 τὸν
1775 2639 1926 2693 Θεόν.

350 2734 459 2786 Καὶ
489 2731 609 2795 πῶς
666 2732 996 2803 βλασφημῶ,
1056 2735 1220 2804 φησί;
1253 2733 1317 2784 Τί
1361 2733 1653 2801 λέγεις;οὐ
1687 2732 1932 2802 βλασφηο

351 2830 494 2896 μεῖς,
546 2827 677 2880 ὅταν
709 2826 972 2895 ἀγένητον
1009 2826 1236 2895 εἰσάγῃς
1292 2825 1352 2878 τὸ
1386 2826 1594 2889 κακόν,
1631 2825 1758 2877 ὅταν
1820 2823 1932 2876 ίσον

347 2921 609 2975 δύνασθαι
647 2920 725 2990 τῷ
754 2919 871 2990 Θεῴ
903 2921 1223 2990 συγχωρῇς;
1265 2919 1391 2971 ὅταν
1424 2916 1671 2986 ἰσοσθενῆ
1705 2915 1933 2986 δύναμιν

348 3018 576 3088 εἰσάγῃς
623 3016 731 3068 τῶν
767 3014 988 3080 κακῶν;
1021 3015 1148 3067 ὅταν
1197 3013 1492 3081 ἀγένητονς
1527 3012 1669 3084 Ὅρα
1723 3011 1852 3082 γάρ,
1879 3010 1934 3063 τί

349 3126 512 3178 φησιν
534 3109 563 3160 ὁ
585 3106 814 3170 Παῦλος·
846 3106 923 3167 Τὰ
948 3105 1056 3174 γὰρ
1075 3105 1298 3172 ἀόρατα
1323 3103 1511 3157 αὑτοῦ
1531 3103 1650 3156 ἀπὸ
1683 3103 1934 3168 κτίσεως

348 3202 584 3268 κόσμου
640 3198 766 3264 τοῖς
813 3197 1104 3266 ποιήμασι
1155 3196 1455 3265 νοούμενα
1491 3193 1830 3262 καθορᾶται.
1875 3193 1933 3247 Ὀ

353 3292 540 3361 μέντοι
561 3289 801 3353 διάϐολος
827 3289 1113 3359 ἀμφότερα
1136 3289 1336 3360 ἔφησεν
1370 3285 1509 3342 εἶναι
1539 3288 1639 3357 τῆς
1664 3286 1816 3357 ὕλης,
1848 3287 1936 3341 ίνα

354 3383 670 3453 μηδαμόθεν
715 3381 900 3434 λοιπὸν
935 3379 1026 3432 τὸν
1047 3379 1180 3432 Θεὸν
1205 3377 1540 3448 ὲπιγνῶμεν.
1577 3378 1640 3429 Τί
1668 3377 1776 3448 γάρ
1809 3377 1936 3432 δυσο

351 3473 656 3541 κολώτερον
676 3491 690 3537 ;
709 3471 830 3525 εἰπέ
853 3487 963 3542 μοι·
997 3476 1021 3505 ο
1046 3470 1108 3523 τὸ
1133 3471 1289 3540 φύσει
1321 3470 1490 3523 κακὸν
1519 3469 1682 3522 καλὸν
1711 3471 1938 3538 ποιῆσαι

353 3566 430 3632 (εἴ
449 3565 514 3633 γέ
546 3564 729 3617 τίὲστι
749 3581 762 3593 ·
791 3562 912 3616 καθ’
949 3564 1092 3634 ὑμᾶς
1118 3561 1226 3633 γάρ
1249 3561 1391 3630 λέγω
1411 3579 1424 3593 ·
1462 3561 1622 3631 φύσει
1653 3561 1760 3632 γὰρ
1787 3562 1937 3616 οὐδὲν

353 3660 467 3712 ἔστι
518 3657 740 3728 ποιῆσαι
797 3657 968 3711 κακὸν
1000 3654 1166 3709 καλοῦ
1220 3654 1526 3726 συνεργὸν),
1582 3655 1705 3727 ἢτὸ
1751 3655 1809 3721 ἐξ
1838 3657 1938 3708 οὐκ

349 3749 554 3816 tntum;
587 3751 653 3804 Τί
673 3749 1035 3821 εὐκολώτερον
1072 3749 1170 3820 (ὡς
1197 3750 1289 3802 ἐπὶ
1319 3749 1604 3819 ποιότητος
1629 3749 1815 3820 λέγω),
1839 3748 1937 3820 τήν

355 3845 455 3897 οὐκ
489 3841 658 3898 οὖσαν
711 3843 978 3913 ποιότητα
1025 3843 1355 3910 εἰσαγαγεῖν,
1381 3842 1415 3913 ἢ
1446 3843 1547 3904 τὴν
1578 3836 1744 3895 οὖσαν
1779 3859 1939 3910 μετα-

355 3936 542 3992 ϐαλεῖν
582 3938 661 3999 εἰς
700 3934 760 3988 τὸ
799 3934 1072 3999 ἐναντίον;
1102 3933 1153 3986 τί
1179 3932 1568 4003 εὐκολώτερον,
1588 3933 1688 4003 τὴν
1724 3933 1824 3985 οὐκ
1852 3928 1940 3985 οῦ-

357 4047 458 4081 σσιν
478 4028 658 4082 οἰκίαν
684 4028 924 4098 ποιῆσαι,
948 4027 982 4098 ἦ
1003 4025 1100 4098 τὴν
1124 4025 1330 4097 ἔρημον
1355 4020 1518 4078 οὖσαν
1546 4023 1751 4078 ἀνωθεν
1773 4023 1941 4093 ἐργά-

359 4119 561 4174 σασθαι
579 4135 593 4184 ;
614 4116 866 4187 Εὔδηλον,
893 4118 976 4170 ὅτι
1000 4118 1196 4172 ἐκεῖνο.
1226 4115 1436 4170 Οὐκοῦν
1459 4115 1618 4170 τοῦτο
1655 4114 1938 4170 ἀδύνατον.

360 4214 537 4265 Ὠσπε
546 4230 577 4282 ρ
604 4207 697 4264 οῦν
716 4209 873 4264 τοῦτο
907 4211 1210 4281 ἀμήχανον,
1237 4207 1380 4263 οὕτω
1421 4210 1515 4264 καὶ
1545 4210 1722 4262 έκεῖνο
1748 4208 1939 4262 ἀδύνα-

359 4324 471 4370 τὴν,
504 4306 582 4370 εἰς
612 4306 670 4358 τὸ
689 4304 927 4359 ἐναντίον
958 4303 1104 4372 λέγω
1136 4303 1196 4357 τὸ
1224 4305 1488 4374 ἐνεργεῖν.

435 4421 496 4475 ε’.
519 4421 654 4474 Εἰπέ
671 4439 779 4490 μοι,
797 4420 850 4472 τί
869 4418 1268 4490 δυσκολώτερον
1285 4434 1301 4482 ;
1323 4418 1492 4490 μύρον
1511 4417 1941 4481 κατασκευάσαι,

362 4516 398 4586 ἢ
427 4514 516 4567 τὸν
546 4511 804 4584 βόρϐορον
838 4511 1214 4582 βιάσασθαιτά
1243 4510 1339 4563 τοῦ
1361 4509 1534 4580 μύρου
1561 4508 1941 4582 ἐργάσασθαις

364 4608 431 4660 Τί
455 4602 839 4674 εὐκολώτερον,
875 4603 998 4656 εἰπέ
1043 4619 1155 4673 μοι,
1187 4600 1393 4654 τούτων
1430 4601 1639 4672 (ἐπειδὴ
1667 4603 1782 4664 τοῖς
1811 4601 1946 4671 ήμε-

363 4703 546 4770 τέροις
596 4697 873 4766 λογισμοῖς
925 4695 1018 4748 τὸν
1059 4695 1192 4751 Θεὸν
1240 4692 1652 4762 ὐποϐἀλλομεν,
1709 4693 1823 4745 ἀλλ’
1848 4692 1947 4762 οὐχ

366 4795 560 4864 ἡμεῖς·
591 4789 667 4862 μὴ
708 4791 945 4858 γένοιτο·
979 4787 1092 4841 ἀλλ’
1132 4787 1333 4858 ὑμεῖς),
1361 4785 1672 4856 ὀφθαλμοὺς
1721 4784 1944 4849 πλάσαι,

369 4887 401 4958 ἢ
434 4883 636 4953 τυφλὸν
673 4882 896 4952 ποιῆσαι
934 4880 1150 4952 βλέπειν
1181 4879 1413 4950 μένοντα
1445 4878 1670 4948 τυφλὸν,
1704 4879 1799 4931 καὶ
1835 4876 1951 4942 ὀξυ⁴

370 4978 681 5045 ωπέστερον
698 4974 789 5027 τοῦ
809 4973 1118 5045 βλέποντος,
1135 4973 1229 5027 καὶ
1242 4976 1307 5044 τῇ
1328 4972 1614 5042 τυφλότητι
1632 4973 1948 5042 ἀποχρήσα-

376 5070 495 5122 σθαι
511 5067 631 5144 [21]
649 5068 726 5130 εἰς
751 5065 954 5136 βλέψιν,
985 5066 1081 5119 καὶ
1096 5067 1163 5135 τῇ
1176 5065 1454 5133 κωφότητι
1475 5065 1555 5126 εἰς
1577 5064 1766 5133 ἀκοήν;
1797 5063 1952 5133 Ἐμοὶ

371 5162 518 5225 δοκεῖ
562 5162 759 5223 ἐκεῖνο.
815 5159 888 5211 Τὸ
929 5155 1332 5226 δυσκολώτερον
1374 5151 1468 5209 οὖν
1505 5155 1661 5218 δίδως
1690 5154 1770 5225 τῷ
1808 5153 1950 5225 Θεῷ,

372 5251 498 5306 εἰπέ
525 5269 638 5324 μοι,
675 5248 852 5306 καὶτὸ
894 5247 1261 5319 εὐκολώτερον
1293 5247 1448 5317 οὐχί;
1487 5248 1552 5301 Τί
1587 5247 1732 5315 λέγω
1753 5245 1951 5312 τοῦτο;

386 5342 546 5394 Ἀλλά
571 5341 782 5403 καὶτὰς
807 5339 981 5409 ψυχάς
1009 5340 1076 5391 ὲκ
1107 5339 1206 5409 τῆς
1247 5338 1438 5400 οὐσίας
1467 5337 1634 5391 αὐτοῦ
1681 5334 1820 5391 εἷναί
1853 5355 1956 5406 φα-

377 5445 480 5489 σιν.
523 5426 662 5490 Ἀλλ’
689 5427 812 5498 ὅρα,
857 5425 1000 5480 πόσα
1027 5425 1096 5480 τὰ
1128 5425 1300 5496 ἀσεϐῆ
1334 5425 1430 5478 καὶ
1457 5425 1681 5496 ἀνόητα.
1706 5424 1953 5496 Πρῶτον,

381 5521 692 5592 βουλόμενοι
726 5518 918 5586 δεῖξαι,
947 5520 1030 5574 ὄτι
1069 5521 1133 5572 ὲκ
1173 5517 1265 5572 τοῦ
1295 5519 1430 5573 Θεοῦ
1457 5520 1528 5575 τά
1573 5519 1742 5584 κακά,
1770 5520 1958 5591 ἕτερον

378 5614 568 5684 τούτου
596 5613 954 5685 ἀσεϐέστερον
989 5614 1374 5683 ἐπεισάγουσιν
1397 5629 1413 5645 ο
1433 5613 1706 5685 ὁμόχρονα
1736 5613 1846 5684 γὰρ
1862 5615 1960 5667 αὐ-

379 5708 478 5780 τῷ,
517 5709 610 5763 καὶ
638 5707 849 5772 οὐδενὸς
876 5706 903 5748 ἀ
940 5707 1120 5762 αὐτῶν
1171 5706 1547 5779 πρεσϐύτερον
1570 5708 1660 5760 τὸν
1701 5710 1832 5762 Θεὸν
1873 5707 1962 5761 λέ-

444 5847 473 5877 ⁸
504 5846 781 5907 Ἀγέννητον
802 5847 888 5903 τήν
907 5845 1100 5906 κακίαν,
1123 5847 1235 5896 Non
1260 5845 1469 5908 genitam
1496 5841 1750 5908 malitiam.
1817 5845 1844 5885 b
1867 5845 1964 5895 Alii

383 5909 542 5976 ξτερρν
575 5909 866 5976 προσθεῖναι
893 5909 1041 5970 αὐτῷ.
1126 5912 1148 5940 ε
1191 5907 1325 5976 Upils
1370 5909 1506 5976 p_od._,
1538 5908 1594 5954 τὸ
1634 5907 1770 5976 φύσει
1813 5909 1964 5976 κακὸν

386 5969 537 6036 κακὸν
578 5969 796 6036 ποιῆσαι.
830 5969 1094 6036 D_o_unaaus,
1122 5969 1444 6036 apud_Savil_.,
1481 5969 1745 6036 Iggepgium
1771 5970 1965 6033 conjici!

388 6032 440 6088 ιο
465 6031 599 6096 ςύσει
628 6032 776 6080 κακὸν
798 6031 940 6080 κα)ὸν
963 6030 1178 6092 ποιῆσαί.
1247 6033 1286 6100 «ι-
1314 6034 1410 6084 Alii
1442 6031 1520 6080 καὶ
1567 6030 1716 6079 οὐδέν.

2027 506 2204 558 γουσι.
2231 491 2291 542 τὸ
2325 492 2495 564 γέρας
2526 494 2588 546 τὸ
2621 494 2766 565 μέγα
2797 498 2891 552 καὶ
2923 499 3108 566 αὐτοῖς
3143 503 3342 559 διδόναι
3370 506 3608 579 τολμῶν⁹

2032 599 2134 644 τες.
2175 585 2438 656 Δεύτερον
2461 629 2474 651 ,
2514 589 2607 641 καὶ
2631 589 2932 663 ἀνώλεθρον
2954 595 3053 666 τὴν
3085 599 3282 651 κακίαν
3319 600 3482 667 φασίν
3501 616 3514 630 ο
3550 601 3611 653 οὐ

2025 679 2096 746 γά
2104 697 2133 749 ρ
2155 680 2214 732 τὸ
2233 681 2528 752 ἀγέννητον
2544 683 2871 755 ἀναιρεῖται.
2904 688 3095 759 Ὁρᾶτε
3115 689 3213 762 τὴν
3227 690 3576 764 βλασφημίαν
3595 713 3611 761 ;

2027 772 2188 826 Ὥστε
2224 775 2474 846 ἀνάγκη,
2522 777 2555 848 ἢ
2587 779 2755 850 μηδὲν
2805 781 2899 834 τοῦ
2951 782 3085 836 Θεοῦ
3123 780 3295 838 εἶναι·
3342 787 3416 859 ἢ,
3459 789 3506 840 εί
3539 787 3614 859 μὴ

2025 864 2198 918 ταῦτα
2217 909 2232 934 ,
2273 869 2365 920 καὶ
2399 870 2531 925 Θεὸν
2569 873 2643 943 μὴ
2669 869 2826 926 εἶναι.
2862 874 3057 946 Τρίτον
3088 877 3226 948 ὅπερ
3255 876 3413 948 ἔφην,
3439 879 3642 952 ταύτῃ·

2025 976 2106 1012 τοι
2142 961 2438 1034 πολεμοῦσι
2460 965 2554 1019 καὶ
2580 967 2734 1020 αὐτοὶ
2753 967 2986 1032 ἑαυτοῖς,
3012 969 3104 1022 καὶ
3139 974 3616 1040 προσαγανακτεῖν

2025 1053 2117 1106 τὸν
2172 1054 2303 1107 Θεὸν
2343 1055 2542 1124 μᾶλλον
2586 1057 3125 1126 παρασκευάζουσιν.
3172 1060 3482 1131 Τέταρτον,
3514 1062 3615 1134 τὴν

2027 1143 2260 1196 ἄστατον
2293 1145 2424 1216 ὕλην
2465 1147 2733 1218 τοσαύτην
2765 1150 3178 1220 ἐπιτηδειότητα
3207 1153 3352 1221 ἔχειν
3388 1151 3612 1207 διδόασι.

2029 1234 2305 1304 Πέμπτον,
2335 1237 2435 1308 τῆς
2469 1238 2804 1308 ἀγαθότητος
2829 1239 2921 1292 τοῦ
2943 1241 3078 1294 Θεοῦ
3107 1242 3203 1313 τὴν
3239 1245 3506 1314 πονηρίαν
3535 1246 3620 1297 αἰ-

2027 1332 2148 1384 τίαν
2187 1334 2317 1400 φασὶ
2339 1332 2692 1402 γεγενῆσθαι,
2728 1336 2823 1388 καὶ
2843 1335 2925 1388 ὅτι
2947 1336 3114 1408 χωρὶς
3141 1336 3345 1406 ταύτης
3363 1339 3391 1390 ὁ
3413 1336 3619 1406 ἀγαθὸς

2026 1424 2126 1475 οὐκ
2159 1419 2226 1494 ἦν
2249 1425 2478 1492 ἀγαθός.
2515 1426 2733 1492 Ἕκτον,
2773 1425 2874 1491 τὰς
2919 1427 3071 1492 ὀδοὺς
3110 1431 3242 1499 ἡμῖν
3267 1430 3616 1484 ἀποκλείουσι

2027 1517 2126 1588 τῆς
2161 1517 2510 1586 θεογνωσίας.
2552 1519 2854 1592 Ἕϐδομον,
2885 1521 2978 1574 τὸν
3020 1522 3153 1575 Θεὸν
3186 1525 3266 1586 εἰς
3295 1522 3618 1594 ἀνθρώπους

2030 1610 2349 1678 κατάγουσι,
2392 1612 2486 1666 καὶ
2521 1613 2697 1680 φυτὰ,
2730 1615 2822 1666 καὶ
2858 1613 3011 1679 ξύλα.
3052 1615 3116 1667 Εἰ
3145 1615 3254 1684 γὰρ
3285 1617 3318 1684 ἡ
3351 1615 3448 1684 μὲν
3481 1618 3621 1686 ἡμε-

2027 1701 2165 1772 τέρα
2186 1703 2332 1774 ψυχὴ
2360 1703 2460 1773 τῆς
2488 1705 2582 1757 τοῦ
2609 1704 2744 1757 Θεοῦ
2775 1705 2963 1769 οὐσίας
2997 1707 3166 1772 ἐστὶν,
3192 1709 3226 1777 ἡ
3257 1708 3314 1760 δὲ
3351 1724 3621 1777 μετενσω-

2033 1799 2276 1868 μάτωσις
2302 1799 2397 1851 καὶ
2434 1801 2514 1861 εἰς
2540 1801 2762 1863 σικυοὺς
2804 1799 2900 1852 καὶ
2940 1799 3183 1863 πέπονας
3231 1799 3476 1854 ἐκϐαίνει
3525 1801 3622 1854 καὶ

2030 1891 2292 1961 κρόμμυα
2312 1907 2326 1921 ⁸
2367 1891 2475 1961 ἄρα
2507 1890 2603 1944 τοῦ
2633 1891 2767 1945 Θεοῦ
2817 1895 2850 1962 ή
2891 1893 3050 1946 οὐσία
3073 1893 3153 1955 εἰς
3179 1893 3398 1956 σικυοὺς
3440 1892 3618 1946 ἔσται.

2031 1983 2147 2036 Κᾶν
2179 1983 2278 2052 μὲν
2308 1983 2572 2053 εἴπωμεν,
2597 1984 2680 2036 ὃτι
2704 1984 2927 2053 Πνεῦμα
2949 1983 3104 2053 ἅγιον
3138 1985 3266 2037 ναὸν
3300 1985 3534 2038 ἔπλασεν
3563 1986 3623 2037 ἐν

2029 2079 2096 2146 τῇ
2144 2076 2423 2147 Παρθένῳ,
2473 2075 2882 2144 καταγελῶσινο
2907 2075 2995 2139 ἂν,
3036 2077 3118 2128 ὃτι
3155 2075 3431 2146 ἐνῴκησεν
3454 2078 3512 2129 ὲν
3541 2075 3622 2146 τῷ

2031 2169 2392 2239 πνευματικῷ
2429 2168 2540 2238 ναῷ
2565 2209 2580 2233 ,
2613 2168 2777 2222 πάλιν
2812 2167 3065 2236 γελῶσιν.
3110 2169 3275 2220 Αὐτοὶ
3315 2168 3373 2220 δὲ
3421 2170 3516 2221 καὶ
3541 2169 3623 2232 εἰς

2033 2263 2250 2324 σικυοὺς
2285 2260 2379 2313 καὶ
2414 2260 2676 2324 πέπονας,
2717 2261 2809 2313 καὶ
2855 2260 3040 2328 μυίας,
3080 2260 3175 2314 καὶ
3222 2259 3450 2325 κάμπας
3474 2300 3491 2326 ,
3529 2261 3624 2313 καὶ

2030 2353 2184 2418 ὄνους
2204 2353 2298 2407 τοῦ
2337 2353 2472 2406 Θεοῦ
2506 2355 2608 2425 τὴν
2633 2354 2822 2406 οὐσίαν
2855 2353 3182 2421 κατάγοντες
3210 2355 3310 2406 οὐκ
3341 2351 3624 2421 αἰσχύνον-

2031 2463 2144 2510 ται,
2175 2446 2359 2498 καινόν
2403 2463 2523 2499 τινα
2557 2445 3005 2514 εἰδωλολατρείας
3043 2445 3456 2514 ἐξευρίσκοντες
3497 2445 3624 2513 τρό-

2033 2556 2152 2592 πον.
2206 2538 2346 2590 Ἀλλ’
2361 2538 2423 2591 οὐ
2451 2537 2514 2590 τὸ
2549 2538 2834 2608 κρόμμυον
2865 2539 2922 2589 ἐν
2942 2535 3020 2606 τῷ
3050 2535 3168 2608 Θεῴ
3195 2549 3218 2576 ο
3239 2553 3252 2568 ο
3287 2535 3403 2590 ἀλλ’
3436 2537 3464 2588 ὸ
3494 2537 3626 2608 Θεὸς

2033 2634 2090 2684 ἐν
2119 2630 2198 2701 τῷ
2250 2629 2522 2702 κρομμύῳ
2571 2598 2713 2683 ἐυστίί
2754 2630 2846 2700 Μή
2898 2598 3006 2700 γάρ
3048 2630 3108 2682 τὸ
3141 2598 3437 2700 ’κρόμμυον
3486 2598 3663 2681 ἔστω.

2033 2723 2185 2785 Θεός.
2223 2723 2288 2774 Τί
2347 2723 2572 2790 φεύγεις
2615 2721 2713 2790 τὴν
2768 2721 3262 2792 μετενσωμάτωσιν
3297 2721 3393 2773 τοῦ
3452 2719 3624 2786 Θεοῦ;

2032 2814 2290 2885 Αίσχρὸν,
2333 2815 2518 2883 φησὶν,
2569 2813 2734 2866 ἐστίν.
2777 2812 2988 2865 Οὐκοῦν
3024 2811 3203 2879 πολλῷ
3236 2811 3437 2881 μᾶλλον
3469 2810 3630 2863 τοῦτο

2034 2907 2279 2976 αἰσχρόν.
2322 2905 2460 2958 Ἀλλ’
2483 2907 2583 2958 οὐκ
2607 2905 2869 2976 αἰσχρόν;
2912 2903 3062 2970 Πῶς;
3098 2907 3275 2974 Ὅπερ
3307 2903 3418 2974 γὰρ
3448 2905 3514 2956 ἂν
3548 2905 3628 2966 εἰς

2035 3004 2182 3072 ἡμᾶς
2207 3002 2457 3071 γένηται,
2492 2999 2663 3062 ὅντως
2697 2998 2943 3069 αἰσχρόν.
2982 2998 3162 3051 Εῖδετε
3197 2997 3464 3066 συρφετὸν
3498 2997 3630 3048 ἀσεηι

2036 3095 2222 3158 6είας;
2262 3093 2420 3146 Ἀλλά
2458 3093 2600 3146 διατί
2633 3093 2693 3145 οὐ
2743 3091 3024 3161 βούλονται
3055 3089 3381 3143 ἀνίστασθαι
3431 3089 3628 3157 σῶμα;

2036 3189 2101 3240 Τί
2133 3187 2190 3239 δὲ
2219 3187 2313 3239 καὶ
2337 3185 2556 3256 ἐροῦσιν
2579 3203 2594 3251 ;
2629 3186 2755 3238 Ὅτι
2778 3184 2842 3237 τὸ
2867 3184 3026 3252 σῶμα
3050 3182 3284 3253 πονηρόν
3305 3199 3319 3246 ;
3344 3181 3516 3234 Πόθεν
3536 3177 3630 3234 οὖν

2036 3276 2206 3342 οἶδας,
2239 3281 2360 3333 εἰπέ
2393 3296 2506 3349 μοι,
2536 3277 2628 3331 τὸν
2652 3277 2821 3341 Θεόν;
2853 3275 3019 3329 πόθεν
3048 3274 3193 3344 ἔχεις
3217 3274 3325 3326 τῶν
3345 3273 3511 3326 ὅντων
3533 3271 3632 3343 τὴν

2037 3375 2280 3443 γνῶσιν;
2311 3372 2368 3426 'O
2407 3373 2466 3425 δὲ
2505 3371 2792 3439 φιλόσοφος
2825 3369 2988 3423 πόθεν
3027 3368 3336 3437 φιλόσοφος,
3379 3368 3428 3420 εἰ
3466 3366 3633 3436 μηδὲν

2041 3465 2285 3520 συντελεῖ
2308 3464 2370 3518 τὸ
2400 3463 2595 3534 σῶμα;
2628 3463 2891 3533 Πήρωσον
2912 3461 3011 3523 τὰς
3033 3459 3334 3526 αἰσθήσεις,
3363 3459 3457 3511 καὶ
3492 3457 3633 3528 μάθε

2036 3579 2090 3614 τι
2116 3560 2224 3613 τῶν
2249 3558 2499 3611 δεόντων.
2531 3557 2596 3608 Τί
2620 3555 2676 3607 δὲ
2709 3554 3018 3626 μωρότερον
3044 3552 3222 3621 ψυχῆς
3247 3550 3444 3619 γένοιτ’
3467 3549 3555 3616 ἀν,
3581 3550 3633 3603 εἰ

2039 3653 2098 3718 ἐξ
2131 3652 2304 3723 ἀρχῆς
2349 3650 2449 3713 τὰς
2497 3649 2780 3718 αἰσθήσεις
2831 3645 2917 3715 εἴη
2968 3644 3382 3717 πεπηρωμένη;
3427 3642 3487 3694 Εἰ
3521 3641 3633 3712 γάρ

2039 3747 2156 3809 ἑνὸς
2195 3746 2392 3817 μέρους
2412 3742 2573 3814 μόνον
2601 3742 2870 3812 πήρωσις,
2903 3737 2997 3791 τοῦ
3029 3737 3334 3806 ἐγκεφάλου
3372 3735 3537 3803 λέγω,
3570 3733 3634 3787 τὸ

2041 3841 2150 3892 πᾶν
2169 3838 2337 3908 αὐτῆς
2367 3835 2537 3907 βλάϐη
2564 3835 2803 3903 γίνεται·
2821 3830 2878 3885 εἰ
2898 3832 3083 3903 μέλλοι
3104 3830 3283 3884 καὶτὰ
3304 3828 3441 3883 ἀλλα
3462 3845 3634 3896 πεπηο

2045 3932 2269 4004 ρῶσθαι,
2303 3929 2407 3983 ποῦ
2455 3931 2728 4000 χρήσιμος
2757 3927 2942 3991 Eam;
2993 3924 3175 3989 Δεῖξον
3213 3939 3303 3993 μοι
3330 3921 3500 3992 χωρὶς
3527 3917 3634 3971 σώ-

2045 4042 2212 4096 ματος
2234 4024 2434 4094 ψυχήν.
2456 4023 2527 4073 Ἦ
2548 4022 2648 4073 οὐκ
2669 4019 2889 4083 ἀκούεις
2914 4017 3115 4090 ἰατρῶν
3137 4015 3406 4084 λεγόντων
3421 4029 3436 4043 ·
3459 4012 3634 4074 Νόσος

2041 4119 2151 4190 γὰρ
2180 4117 2428 4188 παροῦσα
2451 4115 2639 4177 δεινῶς
2661 4113 2838 4184 ψυχὴν
2861 4113 3133 4182 ἀμαυροῖ;
3164 4109 3342 4180 Μέχρι
3367 4107 3513 4169 τίνος
3532 4106 3633 4158 οὐκ

2043 4211 2387 4280 ἀπάγξεσθες
2421 4208 2494 4260 Τὸ
2531 4207 2689 4276 σῶμα
2718 4207 2818 4275 τῆς
2852 4203 2985 4273 ὕλης
3008 4202 3189 4268 ὲστίν;
3219 4200 3341 4252 εἰπέ
3373 4215 3482 4268 μοι.
3517 4198 3633 4250 Κα-

2042 4304 2170 4368 λῶς.
2200 4301 2410 4356 Οὐκοῦν
2440 4299 2546 4352 ἔδει
2573 4300 2749 4369 μισεῖν
2771 4296 2931 4350 αὐτό·
2956 4295 3009 4346 τί
3030 4294 3206 4347 τοίνυν
3229 4291 3358 4344 αὐτὸ
3380 4289 3631 4358 τρέφεις;

2042 4397 2096 4448 τί
2126 4395 2386 4459 θάλπεις;
2433 4390 2666 4464 [Οὐκοῦν
2699 4389 2806 4442 ἔδει
2839 4389 3082 4460 ἀναιρεῖν
3119 4384 3349 4448 σαυτόν;
3381 4382 3402 4454 ]
3431 4380 3634 4435 οὐκοῦν

2049 4487 2162 4560 [ὶΞῖ
2188 4487 2295 4540 ἔδει
2315 4483 2756 4540 ἀπαλλάττεσθαι
2776 4481 2870 4535 τοῦ
2896 4477 3294 4550 δεσμωτηρίου.
3322 4474 3531 4536 Ἀλλως
3552 4472 3631 4537 δὲ,

2045 4584 2074 4635 ὁ
2099 4581 2232 4644 Θεὸς
2254 4581 2315 4633 οὐ
2342 4580 2565 4634 δύναται
2591 4575 2976 4648 περιγενέσθαι
2995 4575 3094 4644 τῆς
3118 4572 3272 4643 ὕλης,
3302 4571 3370 4624 ἀν
3395 4568 3470 4642 μὴ
3500 4585 3638 4639 συμο

2050 4675 2254 4746 πλακῇ.
2299 4672 2584 4736 Ἐπιτάξαι
2613 4670 2722 4741 γὰρ
2749 4670 2810 4722 οὐ
2845 4667 3092 4730 δύναται,
3127 4664 3234 4726 ἓως
3251 4663 3318 4717 ἂν
3345 4663 3403 4718 οὐ
3438 4661 3640 4730 συγγέ·

2049 4787 2208 4840 νηται
2259 4768 2417 4837 αὐτῇ,
2453 4765 2548 4819 καὶ
2588 4765 2654 4817 δι’
2699 4762 2827 4832 ὅλης
2857 4761 3047 4830 σταθῇ.
3085 4759 3149 4811 Ὢ
3186 4757 3288 4826 τῆς
3329 4753 3635 4817 ἀσθενείαςῖ

2050 4863 2161 4916 Καὶ
2204 4860 2456 4931 βασιλεὺς
2485 4858 2584 4928 μὲν
2621 4856 2927 4908 ἐπιτάττων
2960 4851 3138 4906 πάντα
3173 4849 3338 4912 ποιεῖ,
3366 4848 3395 4900 ὁ
3423 4846 3480 4899 δὲ
3507 4845 3641 4908 Θεὸς

2050 4956 2164 5018 τοῖς
2191 4953 2448 5023 πονηροῖς
2469 4951 2570 5003 οὐκ
2597 4948 2933 5010 ὲπιτάττων;
2967 4943 3143 5006 Ὅλως
3171 4941 3227 5008 δὲ
3257 4942 3305 4993 εἰ
3333 4937 3540 5007 ἀγαθοῦ
3561 4955 3640 4990 τι-

2052 5063 2144 5108 νος
2175 5045 2403 5114 ἄμοιρος
2448 5036 2516 5112 ἦν
2540 5081 2553 5105 ,
2585 5041 2687 5093 οὐκ
2716 5038 2782 5091 ἂν
2817 5035 2946 5107 ἔστη
2995 5035 3030 5107 ἡ
3061 5033 3183 5104 ὕλη.
3229 5029 3306 5086 Οὐ
3338 5029 3447 5099 γὰρ
3476 5027 3495 5067 ί
3528 5026 3641 5097 ἔχει

2055 5139 2216 5208 φύσιν
2248 5139 2281 5208 ἡ
2321 5135 2554 5206 πονηρία
2589 5129 2960 5195 συνίστασθαι,
2990 5129 3056 5181 ἂν
3089 5127 3163 5198 μή
3203 5141 3350 5188 τινος
3381 5120 3644 5188 ἐπιλάϐη-

2055 5250 2144 5286 ται
2172 5234 2280 5288 τῶν
2315 5233 2417 5304 τῆς
2455 5231 2688 5302 ἀρετῆς·
2723 5225 2864 5279 ὥστε
2894 5227 2942 5279 εἰ
2976 5225 3083 5297 πρὸ
3118 5222 3310 5277 τούτου
3341 5218 3548 5289 ἀμιγὴς
3573 5210 3641 5284 ἦν

2055 5329 2280 5400 ἀρετῆς,
2313 5326 2482 5380 πάλαι
2512 5323 2576 5379 ἂν
2603 5322 2872 5394 διεφθάρη
2891 5339 2904 5351 ’
2936 5320 3031 5374 καὶ
3065 5318 3175 5389 γὰρ
3203 5316 3389 5370 τοῦτον
3409 5312 3522 5381 ἔχει
3552 5309 3644 5363 τὸν

2056 5423 2256 5495 τρόπον
2286 5421 2356 5475 τὰ
2377 5420 2544 5474 κακά.
2579 5419 2762 5470 Ἔστω
2790 5433 2875 5480 τις
2913 5412 3168 5484 ἀσελγὴς,
3204 5409 3298 5463 καὶ
3334 5405 3470 5476 μηδὲ
3506 5402 3645 5466 ὅλως
3704 5457 3715 5467 ,

2060 5513 2256 5570 ἑαυτοῦ
2290 5517 2314 5554 δ
2342 5513 2657 5584 κατεχέτω,
2690 5512 2738 5563 εἰ
2774 5509 2999 5580 ζήσεται
3031 5505 3162 5558 δέκα
3191 5498 3429 5573 ήμέρας;
3463 5496 3645 5548 Ἔστω

2059 5624 2143 5671 τις
2175 5605 2380 5680 λῃστὴς
2427 5605 2520 5657 καὶ
2559 5602 2695 5672 πρὸς
2738 5600 2947 5662 πάντας
2973 5593 3342 5662 ἀσυνείδητος,
3383 5589 3526 5643 ἔστω
3552 5587 3647 5641 καὶ

2062 5704 2200 5774 πρὸς
2226 5705 2352 5768 τοὺς
2383 5698 2867 5772 συλλῃστεύοντας,
2903 5694 2952 5747 εἰ
2992 5689 3218 5761 ζήσεται
3261 5685 3431 5751 ὃλως;
3463 5684 3648 5737 Ἔστω

2131 5858 2155 5886 θ
2183 5844 2277 5894 Hic
2301 5839 2489 5891 variant
2509 5838 2730 5899 quzedam
2770 5831 3093 5893 exemplaria.
3133 5821 3644 5899 rﬂoxoveibiitzég

2063 5909 2120 5956 τὸ
2761 5908 2822 5970 ιτξκ
2848 5883 2963 5970 ιῃεξ.
3003 5890 3308 5970 τρρὲξιεέι]

2067 5942 2390 6017 ἓέηῖῗῖἵῦἶῖ-ἶ’
2429 5942 3077 6026 Ῐνδυὶἆείίιῖίοῦκάνέστηδ
3104 5953 3176 6003 Οὐ
3215 5942 3320 6013 γάρ.
3391 5949 3416 5988 ι
3441 5945 3476 5996 E
3501 5942 3642 5994 codd.

2070 6027 2241 6079 ἑαυτοῦ
2270 6040 2355 6088 pro
2390 6018 2556 6075 ἑαυτὸν
2585 6018 2940 6084 rescripsimus.
2971 6018 3107 6070 Ευιτ.
