4092 6434
253 473 314 510 υἱ)

273 579 417 630 ﬁcere
460 555 790 634 debuisti?]
832 556 990 627 Ergo
1035 560 1092 608 te
1142 545 1212 601 ab
1247 542 1350 598 hoc
1387 548 1604 592 carcere
1655 529 1886 585 liberare

282 660 536 739 oportuit?
565 653 831 726 Alioquin
859 664 995 704 vero
1023 646 1164 700 Deus
1191 654 1295 693 non
1327 639 1502 704 potest
1530 626 1746 680 vincere
1773 633 1877 674 ma-

1274 726 1313 739 ι’
1439 738 1446 739 κ
1498 725 1596 739 ιΑ-.
1634 713 1772 739 Ani...
1811 708 1877 739 illi

287 708 531 739 ,τμη-η-
565 708 756 726 --ν-τ

287 759 484 819 teriam,
511 749 619 806 nisi
651 762 782 802 cum
809 742 904 799 illa
932 739 1239 794 misceatur.
1272 726 1387 782 Non
1426 725 1601 793 potest
1631 713 1776 769 enim
1811 708 1883 763 illi

299 849 598 922 iit-recipere.
623 839 811 894 donec
847 848 970 888 cum
1003 827 1089 883 illa
1121 819 1279 878 luerit
1299 859 1312 881 ,
1342 831 1405 867 ac
1433 826 1527 882 per
1557 816 1721 863 totam
1767 815 1887 869 per—

1051 919 1083 922 —
1186 915 1195 922 -
1445 904 1489 922 L
1524 897 1643 922 r....:.
1675 891 1850 922 Ληιηῖη
1871 905 1884 918 ο

300 891 598 922 ,....ν.,.-..-,
634 891 662 894 _
710 891 717 892 ,
758 891 770 892 ,

298 943 465 998 vadat.
489 935 536 992 0
555 929 987 990 imbecillitatem
1010 922 1024 975 l
1051 919 1163 973 Rex
1186 904 1498 978 imperando
1523 897 1649 954 facit
1673 891 1885 956 omnia;

303 1036 431 1090 Deus
457 1044 591 1084 vero
617 1023 778 1079 malis
805 1033 914 1074 non
943 1007 1207 1080 imperat?
1238 1003 1294 1057 ln
1321 1009 1552 1056 summa,
1583 988 1686 1044 nisi
1717 992 1889 1039 mate-

303 1130 374 1183 ria
412 1121 536 1178 boni
567 1113 869 1185 cujuSpiam
916 1111 1061 1160 esset
1099 1095 1401 1167 particeps,
1447 1081 1740 1140 subsistere
1785 1084 1890 1127 non

306 1165 374 1183 ..υ-
415 1165 536 1178 υν...
572 1165 744 1185 HJ“.
1104 1165 1114 1167 ἡ

306 1226 500 1291 posset.
544 1209 742 1267 Malitia
783 1204 923 1257 enim
963 1193 1259 1251 subsistere
1295 1179 1515 1251 nequit,
1561 1170 1666 1228 nisi
1710 1165 1892 1221 virtuti

1058 1283 1117 1291 --
1165 1280 1187 1291 -
1220 1278 1233 1290 -
1308 1284 1344 1291 κ-
1395 1267 1624 1291 μεμε-ι..
1673 1256 1854 1291 ..:......:

307 1256 500 1291 μενων..
792 1256 827 1257 η

307 1309 705 1365 admisceatur:
756 1291 977 1365 proinde
1019 1283 1122 1340 nisi
1162 1278 1346 1335 fuisset
1391 1267 1626 1326 admixta
1673 1256 1892 1319 virtuti,

307 1402 505 1474 jamdiu
538 1394 828 1466 periisset:
861 1398 980 1438 nam
1013 1379 1123 1432 btet-
1146 1381 1228 1429 est
1252 1368 1511 1423 malorum
1533 1353 1791 1413 conditio.
1817 1350 1897 1405 Sit

1097 1469 1108 1474 -
1153 1467 1162 1474 ·
1303 1470 1312 1474 -
1402 1473 1405 1474 ν
1454 1445 1762 1474 ---.-.ε..,.,.;.
1829 1457 1894 1474 ,ιη

542 1445 667 1466 την

311 1493 568 1565 quispiam
598 1482 826 1538 lascivus
845 1520 857 1539 ,
900 1474 986 1544 qui
1031 1469 1114 1524 sui
1153 1467 1418 1531 impotens
1447 1449 1670 1508 omnino
1698 1445 1802 1510 sit,
1827 1457 1896 1496 an

1220 1557 1230 1565 ·
1304 1554 1315 1564 ·
1480 1544 1560 1565 _-_=
1589 1539 1732 1565 ..η-11.ι
1766 1534 1896 1565 -Αιὶ,

315 1534 568 1565 .,...-,,._.--
849 1534 856 1539 _
920 1534 933 1544 _

315 1590 451 1641 vivet
479 1583 668 1637 decem
695 1574 847 1630 dies?
877 1569 959 1623 Sit
983 1567 1116 1618 latro
1144 1554 1440 1629 quispiam,
1471 1544 1565 1616 qui.
1589 1539 1734 1596 nulla
1766 1534 1898 1590 reti-

317 1691 469 1738 nente
495 1670 819 1732 Conscientia
847 1665 898 1719 in
922 1670 1107 1715 omnes
1131 1651 1401 1716 etiamque
1430 1642 1481 1695 in
1504 1631 1902 1692 consceleratos

315 1780 606 1843 grassetur,
641 1776 765 1817 tium
793 1753 981 1811 vixerit
1001 1743 1260 1803 omnino?
1291 1737 1370 1792 Sit
1396 1729 1589 1799 aliquis
1615 1725 1700 1779 fur
1729 1722 1902 1788 impu-

1185 1836 1204 1843 -
1305 1841 1311 1843 -
1437 1837 1557 1843 ω»---
1593 1817 1679 1843 .s:..
1715 1825 1902 1843 ....m.._

316 1817 572 1843 δ·--·-------
592 1817 606 1829 ι

316 1871 463 1921 dens.
495 1860 584 1931 qui
617 1857 731 1911 sine
762 1850 955 1907 robore
985 1843 1154 1913 palam
1182 1836 1408 1893 furctur,
1436 1837 1560 1879 num
1590 1817 1682 1873 diu
1715 1825 1902 1881 super-

1161 1929 1188 1931 "
1427 1928 1436 1931 -
1503 1913 1563 1931 ’με
1591 1907 1713 1931 1--μ-ι
1749 1901 1871 1931 κηέιι

317 1971 424 2012 stes
450 1901 588 2008 erit?
615 1948 871 2002 Malorum
895 1945 1079 1992 natura
1103 1929 1223 1984 talis
1252 1932 1353 1985 cst,
1384 1928 1444 1973 ut
1467 1913 1566 1968 nisi
1591 1907 1715 1964 boni
1745 1901 1904 1974 quid-

320 2052 456 2120 piam
485 2043 734 2102 habeant,
763 2045 908 2090 stare
937 2044 1040 2084 non
1067 2022 1270 2095 possint
1295 2035 1306 2068 :
1339 2015 1415 2067 sic
1441 2009 1527 2064 illa
1560 2006 1719 2064 Deus,
1744 2007 1801 2052 ut
1830 1994 1904 2049 illi

1077 2118 1083 2120 ‘
1201 2113 1212 2120 -
1381 2105 1392 2120 ι
1454 2114 1565 2120 μη..-
1599 2091 1878 2120 ι.Α-.ιῖηιιιὶὶ

320 2091 456 2120 ,ι--η-
486 2091 653 2099 κ--ν-
1068 2091 1081 2095 -

320 2143 494 2197 dicunt
514 2179 530 2204 ,
562 2128 854 2190 constituit.
881 2123 963 2180 Sit
987 2118 1174 2175 civitas
1201 2105 1569 2178 improborum
1599 2091 1903 2152 hominum,

321 2252 384 2287 an
421 2229 582 2285 stabit
622 2218 908 2292 umquam?
951 2215 1106 2268 Stetit
1139 2204 1264 2261 mali
1287 2242 1302 2268 ,
1335 2213 1440 2251 non
1480 2197 1668 2246 contra
1698 2185 1904 2242 bonos,

1319 421 1385 478 lN
1427 415 1556 474 AC1"
1562 417 1604 471 Α
1646 396 2422 469 APOSTOLOBUMJIOMIL.
2461 393 2548 451 lil.

3507 373 3581 432 54

1995 519 2090 577 sed
2119 527 2307 574 contra
2347 514 2585 585 seipsos,
2619 519 2766 567 certe
2791 518 2937 566 stare
2965 512 3259 576 nequeunt.
3292 501 3418 560 Vere
3441 503 3598 559 stulti

1992 613 2116 686 facti
2143 619 2293 675 sunt,
2331 623 2447 663 cum
2486 605 2658 659 dicant
2684 620 2738 657 se
2761 619 2870 656 esse
2891 603 3142 671 sapientes
3178 597 3355 660 (Rom.
3386 597 3440 651 1.
3470 594 3584 662 2‘2),

1987 704 2043 758 Si
2085 717 2282 772 corpus
2313 700 2512 755 malum
2539 707 2656 760 est,
2699 697 2893 751 frustra
2922 694 3061 748 facta
3099 701 3224 746 sunt
3262 703 3442 745 omnia
3469 705 3590 759 qtae

1989 796 2415 868 conspiciuntur,
2446 807 2604 864 aqua,
2629 799 2768 846 terra
2794 831 2810 851 ,
2835 789 2938 856 Sol,
2969 803 3084 842 aer.
3113 787 3245 842 Nam
3274 795 3326 840 et
3352 799 3446 839 aer
3469 797 3593 837 cor-

1995 903 2092 958 pus
2115 895 2200 943 est
2218 889 2257 953 ‘,
2277 885 2486 941 etiamsi
2517 899 2622 937 non
2669 881 2894 935 densant
2913 887 2967 934 et
3005 878 3255 933 solidum.
3276 876 3589 946 Opportune

1993 996 2122 1051 ergo
2166 980 2421 1034 dicatur:
2476 974 2828 1029 Narraverunt
2877 971 3002 1024 milii
3048 969 3208 1039 iniqui
3255 966 3593 1038 fabulationes

1996 1071 2170 1144 (Psal.
2202 1071 2324 1126 ll8.
2351 1069 2466 1140 85).
2504 1068 2700 1123 Verum
2728 1067 2843 1120 huic
2871 1080 2938 1120 ne
2967 1064 3280 1127 toleremus,
3312 1060 3406 1116 sed
3435 1074 3593 1113 aures

1995 1166 2197 1220 abillis
2233 1173 2561 1219 avertatnus.
2611 1161 2705 1216 Est
2744 1159 2918 1221 enim,
2959 1165 3044 1211 est
3087 1157 3270 1225 utique
3307 1167 3594 1222 corporum

1998 1257 2344 1312 resurrectio.
2393 1253 2508 1308 Hoc
2554 1251 2793 1307 declarat
2846 1249 3155 1317 scpulcrmn
3203 1245 3595 1316 Jerosolymis,

2001 1365 2211 1405 necnon
2240 1349 2464 1420 lignum,
2487 1347 2572 1400 cui
2597 1345 2694 1399 fuit
2721 1344 2990 1414 alligatus,
3029 1352 3084 1394 ttt
3113 1340 3335 1410 flagellis
3360 1337 3600 1392 caedere-

2005 1453 2111 1496 tur.
2139 1440 2462 1495 Comedimus
2490 1438 2643 1498 enim,
2679 1435 2867 1505 inquit,
2897 1444 2943 1488 et
2963 1434 3177 1487 bibimus
3202 1447 3318 1485 cunt
3342 1429 3432 1483 illo
3461 1426 3598 1500 (Act.

2006 1533 2092 1588 10.
2118 1532 2232 1602 il).
2259 1530 2560 1587 Credamus
2586 1544 2715 1598 ergo
2737 1526 3140 1590 rcsurrectioui,
3170 1533 3226 1580 et
3256 1540 3374 1593 qua:
3403 1521 3501 1574 hac
3521 1520 3604 1574 di-

2003 1625 2591 1731 gnasintIoperemur,
2627 1632 2684 1676 ut
2716 1622 2890 1676 futura
2923 1633 3318 1688 consequamur
3342 1616 3477 1670 bona
3499 1654 3514 1678 ,
3550 1614 3603 1666 in

2404 1715 2442 1731 n
2543 1715 2554 1726 -
2609 1729 2619 1731 _
2704 1729 2717 1731 _
2760 1725 2790 1731 _,
2819 1728 2834 1731 -
2901 1712 3104 1731 ___2-____
3143 1709 3281 1731 n_._:
3314 1717 3357 1731 ..ι
3384 1704 3602 1731 c..:..:...:

2007 1716 2220 1771 Christo
2245 1715 2374 1770 Jesu
2403 1715 2632 1768 Domino
2658 1725 2860 1775 nostro,
2894 1712 3110 1780 quicum
3142 1709 3283 1763 Patti
3310 1717 3364 1761 et
3384 1704 3605 1776 Spiritui

2008 1818 2197 1865 sancto
2226 1808 2418 1878 gloria,
2454 1808 2736 1878 impcrimn
2757 1849 2772 1870 ,
2803 1805 2996 1870 honor,
3033 1819 3177 1858 nunc
3204 1812 3258 1857 et
3289 1814 3521 1869 semper,
3550 1807 3606 1852 et

2010 1903 2063 1956 iti
2095 1901 2289 1957 swcula
2313 1901 2654 1957 smculorum.
2690 1901 2886 1954 Amen.

2012 2055 2316 2180 co;pzt:;:‘l.;
2572 2068 2716 2119 aqua,
2757 2061 2890 2104 terra
2908 2089 2922 2114 ,
2947 2050 3036 2110 sol,
3072 2050 3231 2100 homo.
3256 2059 3376 2100 Nam
3397 2054 3444 2099 et
3465 2048 3606 2098 homo

1881 2310 2162 2323 _______.—-—

1155 2335 1428 2348 _.-_..———-—-——-.-
1445 2334 1456 2336 ν

611 2343 1142 2369 _____._._.__.__——

327 2363 607 2379 —_———-—-

327 2595 452 2649 Csr.
506 2589 556 2644 Ι.
594 2602 650 2638 v.
679 2582 770 2638 ‘19..
797 2575 943 2632 Tum:
987 2566 1170 2625 rcrcrsi
1208 2581 1251 2627 η,
1277 2556 1424 2612 ostoli
1475 2543 1846 2613 Jerosolynmm
1881 2549 1914 2584 (ι

399 2690 565 2737 monte
618 2676 704 2747 qui
728 2659 1166 2747 uocaturOliveti,
1207 2652 1294 2723 qui
1316 2658 1383 2702 cst
1416 2648 1561 2714 iuxta
1603 2633 1913 2692 Jerusalem,

398 2772 591 2831 sabbati
630 2739 843 2821 'ltabens.
861 2763 977 2814 iter.

403 2873 455 2924 1.
490 2865 656 2928 Tune,
697 2857 890 2928 inquit,
931 2846 1112 2904 reversi
1153 2851 1289 2898 sunt.
1321 2836 1494 2898 Tunc,

409 2909 455 2924 ..
494 2909 656 2928 --..-,
699 2909 837 2928 --ηπ
876 2909 889 2918 ,

339 2965 620 3030 Postquam
679 2952 766 3008 illa
809 2945 1117 3002 audierant.
1169 2949 1275 2990 non
1311 2930 1453 2984 enim
1501 2922 1608 2976 alio
1660 2911 1820 2971 modo
1870 2909 1922 2963 id

341 3007 619 3030 ...---,--_,_-
684 3007 689 3008 ,

341 3051 740 3110 sustinuissent,
794 3039 894 3094 nisi
949 3035 1085 3090 alter
1136 3027 1398 3080 adventus
1462 3017 1567 3071 illis
1627 3007 1924 3082 promissus

343 3147 548 3202 fuisset.
589 3139 813 3194 Videtur
855 3141 1031 3186 autem
1081 3121 1210 3178 mihi
1247 3118 1363 3172 lia-c
1407 3113 1458 3166 itt
1505 3105 1730 3164 sabbato
1777 3105 1925 3170 gesta

345 3240 529 3294 fuis~e.
578 3228 788 3298 Alioqui
823 3241 927 3278 non
974 3217 1204 3288 spatium
1243 3205 1453 3265 itineris
1496 3201 1576 3256 sic
1603 3194 1928 3252 indicasset,

346 3335 387 3387 Α
415 3337 580 3384 monte
619 3324 705 3396 qui
731 3320 916 3375 dicitur
963 3309 1164 3374 Oliveti,
1193 3304 1280 3376 qui
1307 3309 1382 3356 est
1413 3298 1569 3368 juxta
1607 3284 1926 3344 Jerusalem,

1535 2822 1874 2898 qttandotiam
1897 2813 1921 2865 ?

1081 3505 1261 3570 posset
1313 3493 1364 3545 iti
1423 3486 1513 3541 die
1562 3475 1785 3536 Sabbati.
1845 3470 1934 3526 15.

350 3525 598 3594 spatium,
655 3511 794 3582 qttod
851 3505 1026 3579 peragi

1856 3560 1940 3616 ubi

675 3573 684 3582 _
853 3573 864 3579 _
985 3573 997 3575 _

360 3617 417 3671 Et
457 3631 569 3668 eum
614 3607 920 3665 introissent,
978 3598 1030 3649 in
1081 3586 1395 3646 ctenaculum
1449 3573 1806 3632 ascenderunt,

359 3720 498 3767 erant
535 3706 899 3776 permanentes.
935 3691 1075 3758 Ergo
1105 3691 1224 3755 post
1252 3669 1698 3732 resurrectionem
1726 3659 1943 3713 Jcroso-

1207 3773 1218 3776 -
1326 3769 1337 3776 ·
1494 3772 1505 3776 -
1562 3757 1772 3776 tum---
1828 3746 1942 3776 tum.

359 3746 397 3767 Cl
413 3746 496 3764 ιυιο
535 3746 609 3776 ,Ιυ-
627 3746 870 3756 σιν-τ--ν--νήκ
1011 3746 1038 3758 ν
1106 3746 1120 3755 .

329 3871 334 3874 _
364 3803 514 3875 lvtnis
543 3795 846 3852 manebant.
886 3785 1087 3844 Petrus,
1117 3785 1162 3829 et
1188 3769 1428 3829 Jacobus,
1458 3772 1505 3817 et
1545 3757 1790 3813 Joannes.
1827 3746 1943 3802 Non

1349 3871 1360 3875 -
1409 3870 1458 3875 ~-
1509 3849 1599 3875 ..ι-,Ι
1627 3857 1671 3875 AI
1713 3839 1943 3875 Δηιινηηε

365 3839 514 3860 ιὶιιιισ
544 3839 826 3852 ιιιυιπννπη-
1074 3839 1084 3844 _

359 3899 467 3964 jam
496 3893 581 3945 hic
609 3887 755 3942 solus
780 3894 904 3936 cum
930 3876 1094 3929 fratre
1121 3870 1459 3921 munt-ratur;
1507 3849 1600 3906 sed
1625 3857 1679 3901 et
1705 3839 1948 3898 Andreas

1099 3960 1129 3964 ““
1150 3961 1157 3964 ‘
1427 3959 1438 3964 -
1470 3943 1690 3964 ’Νη--.--
1747 3930 1948 3964 "malm.

365 3930 482 4043 lcum
515 3985 713 4041 l’ctro;
747 3983 791 4030 et
820 3930 1069 4029 Andreas,
1093 3958 1363 4043 Philippus
1393 3959 1438 4003 et
1470 3943 1712 4001 Thomas,
1740 3930 1952 3989 Bartlto-

368 4083 575 4135 lomwus
607 4082 652 4126 et
685 4022 974 4123 ilattha’us,
1009 4022 1478 4114 Jacobus'Al‘pluei,
1512 4045 1557 4090 et
1589 4033 1769 4088 Simon
1811 4022 1955 4078 Zelo-

371 4185 440 4227 tes
484 4179 529 4225 et
575 4165 743 4219 Judas
795 4154 996 4212 Jacobi.
1062 4149 1224 4203 [lecte
1270 4133 1564 4206 discipulos
1614 4117 1951 4182 memoravit.

372 4265 505 4332 Quia
548 4259 692 4316 enim
729 4253 866 4306 alius
909 4241 1162 4317 prodidit,
1195 4235 1330 4288 alius
1357 4221 1604 4296 negavit‘
1627 4260 1642 4285 ,
1675 4215 1814 4269 alius
1847 4223 1955 4263 non

1568 4324 1580 4332 -
1666 4307 1935 4332 ----.-.t:..~.....

377 4307 505 4332 κω·-
551 4307 691 4316 ν---η-
912 4307 924 4317 .

377 4354 641 4415 credidit;
691 4344 928 4402 declarat
973 4348 1182 4394 omnes,
1235 4341 1344 4382 uno
1393 4324 1619 4386 excepto
1666 4307 1958 4380 proditore,

379 4451 557 4507 salvos
621 4443 802 4498 fuisse.
859 4435 951 4490 14.
1025 4427 1096 4484 Hi
1157 4435 1329 4478 omnes
1387 4420 1532 4470 erant
1591 4408 1962 4478 perstverantt's

382 4538 685 4597 unanimiter
711 4532 765 4585 in
790 4527 1016 4583 oratione
1038 4529 1086 4575 et
1125 4509 1476 4585 deprecatione
1512 4517 1628 4556 cum
1651 4492 1960 4551 mulieribus.

385 4635 569 4691 Recte.
613 4627 854 4695 Magnum
891 4617 1032 4672 enim
1073 4584 1246 4666 oratio
1283 4604 1447 4659 lelttttt
1487 4605 1571 4651 est
1611 4593 1664 4647 iit
1711 4584 1965 4644 tentatio-

390 4673 569 4691 ne-.."
614 4673 798 4695 ..-τη

390 4728 565 4789 nibus,
594 4730 649 4776 et
668 4717 734 4773 ad
757 4716 859 4769 hoc
881 4726 911 4764 a
943 4706 1194 4775 Magistro
1220 4712 1318 4753 suo
1339 4692 1469 4748 satis
1491 4689 1696 4742 fuerant
1719 4673 1967 4735 instituti.

393 4772 637 4892 Alioqiiin
663 4827 790 4868 vero
812 4772 1051 4880 prteseus
1078 4793 1301 4852 tentatio
1341 4787 1408 4844 ad
1435 4784 1538 4840 hoc
1577 4779 1700 4834 illos
1721 4772 1968 4830 ducebat.

675 4861 783 4868 η--
813 4861 834 4880 τ

394 4917 628 4986 ideoque
651 4899 954 4966 ascendunt
982 4895 1033 4948 in
1071 4883 1440 4945 ctenaculum:
1493 4869 1780 4929 admodum
1831 4861 1974 4917 enim

985 4985 991 4986 ί
1197 4978 1226 4986 ι·
1292 4973 1324 4986 η
1471 4967 1486 4986 ι
1528 4982 1574 4986 Δ-
1607 4962 1743 4986 -..τω
1770 4957 1971 4986 ,ιςηηηι

397 4957 650 5061 timebant
674 4993 911 5051 Judazos.
955 4985 1078 5039 Cum
1104 4973 1418 5033 mulieribus.
1461 4962 1745 5023 Jamenim
1769 4957 1979 5011 dixerat

399 5100 514 5154 illas
564 5093 746 5150 Jesum
794 5090 1048 5152 sequutas
1099 5072 1290 5128 fuisse.
1343 5063 1410 5118 Et
1443 5058 1616 5115 Maria
1644 5063 1804 5109 matre
1829 5047 1977 5106 Jesu,

398 5205 441 5246 et
475 5147 588 5244 cuni
618 5147 994 5257 fratribus'ejus
1025 5168 1200 5239 (Joatt.
1235 5162 1317 5217 l9.
1346 5158 1460 5226 26).
1504 5147 1784 5221 Quomodo
1804 5150 1983 5197 autem

1459 5247 1470 5257 -
1681 5256 1694 5257 η
1713 5254 1725 5257 ς
1746 5254 1762 5257 -
1775 5252 1816 5257 --
1838 5234 1944 5257 :--..
1961 5231 1983 5257 ιι

402 5231 440 5246 ι.
475 5231 586 5244 η...
618 5231 811 5257 ,._----.
904 5231 921 5245 θ
1031 5231 1040 5239 ,

402 5287 600 5337 dictum
628 5286 731 5339 est,
774 5264 1094 5335 discipulum
1127 5271 1244 5311 eam
1293 5263 1419 5305 tunc
1459 5247 1511 5301 in
1561 5258 1654 5296 sua
1675 5231 1984 5303 recepisse?

405 5320 600 5337 ...υ......
629 5320 731 5339 νη,
779 5320 883 5326 ,ω
915 5320 925 5335 ,

405 5375 512 5430 Sed
567 5384 688 5424 cum
748 5359 1126 5429 congregasset
1176 5347 1295 5400 illos
1360 5337 1628 5396 Christus,
1683 5342 1806 5383 cum
1859 5320 1989 5391 ipsis

409 5471 600 5524 iterum
650 5459 735 5514 illa
790 5448 1126 5508 versabatur.
1184 5439 1243 5492 lit
1287 5451 1400 5490 cum
1447 5427 1692 5502 fratribus
1731 5422 1862 5490 ejus.
1919 5415 1992 5468 lle

412 5561 474 5615 iis
523 5554 774 5625 loquitur,
818 5545 906 5615 qui
941 5544 1086 5611 prius
1136 5548 1239 5586 non
1278 5526 1569 5583 credebant
1609 5520 1661 5572 in
1707 5530 1849 5570 cum.
1906 5509 1990 5563 l5.

1305 5619 1337 5625 ⁸
1535 5613 1547 5624 ⁹
1729 5607 1787 5625 IP—
1844 5600 1964 5625 ΔΖ..ρέ

413 5650 482 5704 Et
527 5600 801 5701 in|diebus
845 5634 969 5694 illis,
1018 5641 1226 5696 surgens
1297 5619 1481 5673 Petrus
1531 5613 1584 5666 iu
1629 5607 1792 5662 medio
1838 5600 1992 5656 disci-

416 5741 649 5822 pulorum
697 5733 849 5789 dixit.
897 5724 1098 5793 Utpote
1147 5719 1380 5776 fervens,
1414 5708 1498 5763 cui
1537 5718 1667 5775 grex
1712 5717 1740 5753 a
1783 5695 1999 5749 Christo

417 5897 678 6016 “lugu,
699 5893 830 5946 alius
868 5881 1090 5949 negarit,
1125 5876 1305 5926 desunt
1343 5873 1394 5921 in
1438 5860 1726 5930 quibusdam
1752 5850 2002 5917 exempla-

440 5980 454 6012 !
477 5981 486 6008 t

440 5980 486 6012 ill

1684 2384 2028 2456 HOMILIA
2075 2382 2185 2442 ΙΙΙ.

2024 2531 2368 2586 coner-editus
2397 2539 2533 2597 erat,
2565 2539 2728 2600 atque
2761 2539 2820 2584 ttt
2848 2529 3058 2600 primus
3088 2529 3140 2581 iit
3167 2525 3358 2589 choro,
3411 2525 3617 2595 primus

2024 2637 2238 2692 Semper
2273 2637 2580 2677 sermonem
2627 2621 2837 2675 orditur
2874 2619 3026 2691 (Erat
3068 2629 3237 2672 autem
3278 2616 3425 2670 turba
3460 2615 3623 2668 homi-

2025 2734 2148 2769 num
2201 2716 2356 2769 simul
2394 2715 2500 2783 fere
2543 2723 2741 2766 centum
2795 2711 3041 2780 viginti):
3091 2709 3178 2763 16.
3249 2707 3358 2760 Viri
3417 2711 3622 2777 fratres,

2027 2809 2288 2912 oportebat
2344 2805 2550 2874 impleri
2609 2804 2934 2874 Scripturam
2983 2803 3136 2865 lianc,
3185 2816 3336 2868 quam
3390 2799 3629 2868 pra'dia'it

2426 2908 2434 2912 _
2566 2897 2602 2912 1‘
2687 2908 2689 2912 .
2852 2894 2989 2912 ,Al,__
3027 2909 3042 2912 -
3094 2891 3301 2912 I‘I-_!-...
3359 2890 3506 2912 _,_n22n
3568 2899 3619 2912 --ι

2032 2901 2255 2969 Spiritus
2293 2908 2517 2954 sanctus.
2563 2897 2804 2952 Cur'non
2842 2894 2992 2948 solus
3023 2909 3051 2947 a
3092 2891 3308 2947 Christo
3359 2890 3532 2962 petiit,
3568 2899 3627 2944 ttt

2034 2993 2132 3050 sibi
2181 2992 2335 3046 daret
2362 2991 2594 3060 aliquem
2631 2989 2684 3042 iti
2739 2987 2914 3048 locum
2960 2985 3150 3040 Judzc?
3192 2999 3288 3037 cur
3341 2983 3467 3036 item
3515 2997 3623 3036 non

2037 3104 2131 3157 per
2174 3087 2381 3156 seipsos
2417 3082 2740 3139 electionem
2773 3078 3015 3134 faciunt?
3057 3076 3175 3131 Jam
3223 3076 3413 3130 Petrus
3453 3075 3633 3142 seipso

2039 3181 2231 3235 melior
2260 3179 2430 3232 factus
2456 3183 2594 3232 erat.
2631 3174 2720 3229 Sic
2749 3186 2880 3241 ergo
2906 3169 2972 3223 ad
3007 3169 3241 3238 priorem
3277 3167 3630 3236 qtucstiouem

2041 3275 2512 3347 respondendum:
2563 3289 2660 3328 cur
2698 3282 2878 3326 autem
2917 3285 3026 3324 non
3057 3265 3396 3335 simpliciter,
3429 3261 3523 3317 sed
3568 3276 3635 3315 ex

2043 3371 2372 3426 revelatione
2402 3368 2654 3423 choream
2688 3365 2899 3434 impleri
2934 3361 3277 3432 postularim,
3325 3357 3460 3413 duas
3507 3369 3637 3409 catt-

2044 3480 2133 3520 sas
2159 3464 2465 3518 alferemus.
2497 3459 2672 3515 Prima
2701 3466 2802 3522 est,
2837 3454 2981 3526 quod
3013 3455 3134 3508 aliis
3164 3451 3325 3506 rebus
3361 3446 3639 3502 inctnnbe-

2048 3569 2189 3623 rent;
2211 3556 2466 3621 secunda,
2489 3554 2631 3624 quod
2653 3553 2757 3606 hoc
2775 3550 3064 3604 maximum
3083 3554 3225 3601 esset
3244 3549 3642 3614 argumentum,

2049 3652 2321 3706 Christum
2366 3650 2473 3704 illis
2515 3647 2726 3701 adesse.
2786 3643 2852 3699 Ut
2904 3641 3048 3696 enim
3092 3651 3329 3708 praisens
3376 3632 3639 3702 eligebat,

2053 3745 2124 3798 ita
2176 3752 2230 3798 et
2293 3741 2509 3795 absens.
2566 3738 2678 3792 Nec
2751 3749 2934 3806 parum
2982 3730 3035 3785 id
3089 3729 3156 3784 ad
3223 3724 3646 3783 consolationem

2055 3834 2386 3892 conferebat.
2433 3831 2572 3887 Vide
2611 3838 2792 3884 autem
2823 3823 3094 3897 quomodo
3121 3821 3314 3876 Petrus
3342 3816 3521 3872 omnia
3572 3829 3638 3868 ex

2057 3927 2330 3985 communi
2389 3923 2654 3979 sententia
2683 3918 2864 3982 faciat,
2905 3915 3146 3985 nihilque
3167 3926 3291 3967 cum
3320 3907 3644 3964 auctoritate

2060 4023 2142 4077 vel
2183 4036 2304 4077 cum
2372 4017 2619 4086 imperio.
2686 4008 2870 4081 Neque
2919 4007 3236 4076 simpliciter
3281 4001 3448 4056 dixit:
3513 3998 3657 4053 Loco

2062 4114 2213 4171 Jnda:
2249 4113 2390 4166 hunc
2437 4109 2702 4178 eligimus;
2751 4103 2845 4158 sed
2879 4100 3166 4156 consolans
3197 4095 3319 4150 illos
3366 4107 3528 4162 super
3565 4105 3656 4152 eo,

2064 4205 2205 4278 quod
2255 4202 2544 4264 acciderat,
2578 4198 2700 4252 vide
2737 4193 3007 4266 quomodo
3035 4202 3339 4245 sermonem
3372 4191 3656 4251 temperet.

2067 4300 2250 4369 Neque
2271 4297 2413 4353 enim
2434 4295 2638 4348 facinus
2661 4289 2787 4346 illud
2808 4301 3021 4357 parvam
3047 4283 3151 4336 illis
3169 4274 3659 4334 consternationem

2070 4391 2344 4454 attulerat;
2377 4397 2522 4442 etne
2553 4381 2784 4439 mireris.
2817 4378 2948 4433 Nam
2976 4376 3020 4430 si
3057 4373 3183 4428 illud
3218 4369 3483 4436 hodieque
3506 4362 3659 4417 multi

2073 4477 2483 4552 vcrsant,quid
2536 4488 2663 4531 tunc
2715 4473 2821 4528 illis
2866 4467 3129 4524 accidisse
3180 4457 3518 4535 putandum?
3554 4453 3668 4507 Viri

2076 4584 2280 4651 fratres,
2332 4573 2525 4645 inquit.
2573 4569 2630 4626 Si
2679 4565 2935 4622 Dominus
2968 4562 3089 4616 illos
3135 4558 3329 4612 fratres
3355 4548 3668 4622 appellavit,

2077 4675 2245 4729 multo
2293 4668 2461 4738 magis
2512 4664 2629 4718 hic:
2682 4659 2803 4716 ideo
2853 4652 3210 4727 przcsentibus
3265 4646 3538 4706 omnibus,
3594 4641 3674 4695 sic

2077 4771 2200 4825 illos
2226 4764 2438 4819 affatur.
2483 4759 2624 4814 Ecce
2668 4750 2922 4809 Ecclesia:
2947 4746 3262 4815 dignitatem
3293 4747 3346 4794 et
3374 4735 3673 4806 angelicum

2083 4872 2302 4919 statum.
2345 4855 2534 4912 Nullus
2585 4859 2702 4906 erat
2737 4846 2806 4901 ibi
2835 4843 2904 4898 ab
2941 4841 3058 4895 aliis
3101 4835 3366 4897 divulsus,
3401 4846 3506 4884 non
3539 4839 3676 4894 mas,

2085 4971 2192 5010 non
2223 4952 2440 5008 femina.
2498 4946 2655 5001 Tales
2683 4954 2825 4996 nunc
2868 4935 3028 4990 etiant
3086 4925 3354 4984 Ecclesias
3380 4936 3501 4988 esse
3531 4917 3677 4972 volo.

2086 5050 2254 5106 Nemo
2299 5044 2367 5100 ibi
2417 5041 2671 5095 szcculare
2714 5030 2986 5104 quidpiam
3023 5023 3285 5086 curabat;
3335 5017 3512 5072 nullus
3562 5021 3681 5067 erat

2089 5143 2156 5199 de
2213 5158 2273 5196 re
2316 5133 2609 5192 domestica
2655 5125 2940 5183 sollicitus.
2992 5118 3222 5174 Tantum
3280 5109 3404 5167 boni
3453 5105 3684 5168 afferunt

2094 5234 2436 5295 tentationcs,
2501 5233 2705 5281 tantum
2774 5231 3047 5275 (crumina:
3096 5213 3325 5266 lucrum.
3404 5194 3685 5268 Oportebat

2096 5328 2298 5400 impleri
2367 5323 2689 5392 Scripturam
2738 5315 2888 5375 hanc,
2935 5321 3087 5374 quam
3150 5295 3384 5372 pra’dixit
3459 5285 3688 5357 Spiritus

3317 5389 3346 5400 ..
3510 5397 3527 5400 _
3598 5377 3688 5400 οε,

2098 5377 2292 5400 ""I""'
2380 5377 2395 5378 ί
2487 5377 2499 5392 ι

2098 5433 2323 5480 sam-tus.
2349 5417 2580 5485 Semper
2631 5408 2940 5467 consolatur
2989 5414 3084 5456 eos
3127 5413 3156 5448 a
3187 5385 3553 5463 przedicuone.
3598 5377 3691 5434 Sic

2100 5519 2260 5573 etiam
2311 5511 2556 5567 Christus
2601 5503 2801 5574 ubique
2832 5497 2976 5552 facit.
3041 5487 3349 5549 Eodemque
3399 5473 3558 5531 modo
3604 5472 3690 5526 hic

2103 5564 2510 5668 ostenditinihil
2548 5564 2869 5667 stupendum
2902 5582 3183 5642 accidisse,
3239 5571 3332 5629 sed
3385 5567 3527 5639 quod
3579 5564 3692 5635 jam

2108 5639 2338 5668 υδιυιιυιι.
2377 5639 2510 5658 ιιιιιιι
2548 5639 2869 5667 murum---”
3172 5639 3178 5642 _

2108 5702 2418 5777 praedictum
2467 5693 2660 5749 fuerat.
2707 5680 3001 5755 Oportebat,
3050 5670 3242 5740 inquit,
3294 5662 3494 5735 impleri
3551 5639 3741 5713 Serio.

2107 5763 2312 5870 pturam
2358 5790 2513 5852 hanc,
2539 5796 2692 5854 quam
2729 5770 2966 5846 prwdixit
3007 5763 3233 5835 Spiritus
3275 5766 3481 5813 sanctus
3527 5765 3611 5822 per
3641 5765 3701 5803 os

2117 5851 2300 5947 rDarid.
2330 5883 2445 5941 Non
2485 5851 2596 5933 ait:
2629 5867 2794 5937 David
2824 5864 2982 5928 dixit,
3026 5854 3145 5924 sed,
3170 5851 3403 5924 Spiritus
3428 5860 3524 5918 per
3551 5859 3699 5912 eum.
