4092 6490
382 500 390 506 _
446 435 516 491 35
1123 423 1182 479 S.
1219 420 1505 478 JOANNIS
1539 412 2029 472 CllRYSOSTOMl
2068 416 2387 473 ARCHIEP.
2428 415 2965 474 CONSTANTINOP.
3658 431 3738 486 55

445 545 574 604 vide
596 546 783 603 statim
809 543 865 600 in
909 539 1134 600 exordio
1177 538 1328 605 libri,
1359 552 1467 608 qtta
1517 543 1704 589 utatur
1752 532 2026 587 doctrina.

348 662 355 671 °
446 641 646 697 Cernis
676 654 807 695 vero
837 651 924 691 me
958 650 1065 689 non
1099 631 1217 688 sine
1248 644 1416 685 causa
1454 628 1507 681 in
1535 626 1807 696 principio
1848 624 2033 693 operis

447 733 679 795 dixisse,
715 730 863 784 hunc
896 728 1095 782 librum
1123 738 1247 779 esse
1296 721 1536 790 Spiritus
1579 718 1757 776 sancti
1810 716 2021 771 institu-

449 836 586 880 tum.
611 826 786 891 Quam
815 821 1082 892 pra'dixit,
1115 817 1315 888 inquit,
1353 814 1587 885 Spiritus
1614 822 1830 865 sanctus
1858 823 1949 876 per
1978 824 2035 863 os

448 917 642 972 David.
671 917 1078 979 Animadverte,
1132 910 1413 982 quomodo
1442 909 1765 979 prophetam
1801 903 1907 960 sibi
1945 918 2038 958 ac-

445 998 779 1067 commodet,
831 998 1109 1066 ipsumque
1158 996 1211 1049 in
1256 995 1489 1049 medium
1540 992 1802 1055 adducat;
1859 993 2036 1045 sciens

447 1089 576 1158 ipsis
589 1090 717 1143 utile
738 1090 873 1150 fore,
893 1088 1032 1157 quod
1056 1087 1171 1142 lnee
1185 1103 1216 1141 a
1236 1086 1451 1150 Davide,
1469 1101 1573 1139 non
1596 1085 1665 1139 ab
1680 1084 1788 1138 alio
1802 1083 2036 1153 prophe-

450 1190 499 1233 ta
516 1180 657 1234 dicta
672 1182 798 1235 sint.
832 1178 905 1232 De
928 1178 960 1232 J
968 1180 1091 1245 uda,
1116 1179 1306 1249 inquit,
1321 1180 1406 1242 qui
1423 1179 1520 1249 fuit
1540 1177 1664 1231 dux.
1686 1176 1784 1230 Hic
1803 1190 2036 1246 perpen-

449 1270 518 1326 de
560 1272 659 1325 viri
705 1270 1115 1341 philosOphiam.
1144 1269 1258 1323 Non
1312 1268 1690 1323 contumeliam
1731 1266 1881 1332 dicit,
1931 1280 2036 1319 non

450 1364 691 1428 insultat,
730 1379 831 1418 nec
868 1373 1025 1418 vocat
1061 1364 1349 1418 scelestum
1386 1371 1474 1416 aut
1500 1359 1907 1421 exsecrandum:
1944 1358 2037 1413 sed

448 1472 561 1511 rem
583 1457 895 1525 simpliciter
913 1465 1116 1521 narrat,
1141 1471 1239 1510 nec
1259 1466 1412 1508 vocat
1429 1437 1919 1523 euntproditorem;
1943 1452 2034 1508 sed

445 1549 497 1603 in
526 1549 662 1602 alios
683 1550 885 1603 crimen
912 1548 1195 1618 detorquet
1224 1557 1480 1616 quantum
1527 1554 1720 1615 potest.
1755 1547 1831 1599 Ac
1861 1559 2035 1614 neque

445 1641 564 1696 illos
584 1642 933 1697 vehementer
951 1641 1203 1710 exagitat.
1226 1640 1325 1707 Qui
1356 1640 1468 1705 fuit,
1492 1638 1680 1708 inquit,
1704 1638 1811 1691 dux
1839 1653 2032 1703 eorum,

443 1732 530 1801 qui
559 1732 1041 1801 comprehenderunt
1066 1730 1263 1785 Jesum.
1290 1733 1366 1785 Ac
1398 1732 1703 1800 priusquam
1727 1728 1890 1795 dicat,
1944 1728 2035 1781 ubi

446 1825 546 1879 hoc
569 1825 877 1894 praedixerit
908 1823 1093 1888 David,
1115 1832 1428 1891 narratqua:
1449 1820 1835 1883 leceritJudas,
1874 1828 1931 1872 ut
1968 1833 2035 1873 ex

447 1914 798 1983 praesentibus
840 1913 1015 1968 futura
1059 1912 1287 1977 indicet,
1337 1911 1688 1980 ostendatque
1726 1911 1898 1981 ipsum
1924 1910 2032 1978 jam

444 2020 631 2074 pmuas
670 2004 904 2059 dedisse.
934 2006 1022 2058 17.
1066 2002 1166 2069 Qui
1203 2012 1591 2056 connumeratus
1620 2011 1727 2055 erat
1766 2001 1818 2053 in
1859 2001 2029 2066 nobis,

442 2107 485 2150 ct
509 2096 712 2150 sortitus
737 2105 808 2149 est
829 2104 1012 2148 sortem
1034 2095 1297 2148 ministerii
1328 2095 1497 2164 hujus.
1522 2093 1611 2147 18.
1647 2091 1709 2145 Et
1733 2092 1812 2145 hic
1832 2090 2031 2161 quidem

447 2189 667 2256 possedit
694 2205 874 2260 agrum
900 2189 963 2242 de
989 2189 1215 2241 mercede
1239 2187 1538 2258 iniquitatis.
1568 2185 1823 2239 Moralem
1857 2183 2033 2238 reddit

442 2294 740 2334 sermonem
766 2318 783 2345 ,
814 2290 869 2333 et
892 2279 1121 2333 latenter
1147 2278 1446 2333 subindicat
1472 2320 1486 2343 ,
1519 2293 1631 2331 rem
1663 2292 1783 2331 esse
1809 2276 1873 2330 ad
1905 2292 2028 2331 cor-

444 2372 735 2441 reptionem
793 2380 994 2439 aptam.
1044 2368 1161 2424 Non
1225 2369 1357 2424 dicit
1401 2368 1651 2433 Judmos,
1711 2367 1806 2422 sed
1859 2368 2029 2437 ipsum

445 2460 743 2527 possedisse
789 2475 998 2529 agrum.
1043 2460 1178 2526 Quia
1226 2459 1369 2513 enim
1423 2458 1809 2513 imbecillorum
1863 2457 2028 2511 animi

439 2564 544 2602 non
579 2549 647 2602 ita
679 2548 858 2602 futura
884 2558 941 2602 ut
972 2549 1252 2618 praesentia
1286 2548 1649 2618 perspiciunt,
1679 2546 1746 2601 de
1775 2547 2027 2615 prmseuti

440 2638 644 2692 ultione
690 2638 939 2708 loquitur.
974 2637 1038 2692 Et
1069 2654 1342 2707 suspensus
1371 2640 1562 2706 crepuit
1605 2637 1819 2690 medius.
1864 2638 2029 2691 Recte

437 2744 543 2782 non
572 2728 624 2782 itt
650 2737 870 2798 pecoato
892 2769 905 2793 ,
933 2727 1027 2782 sed
1053 2729 1103 2781 itt
1131 2728 1329 2781 ultione
1355 2728 1568 2781 insistit.
1601 2726 1667 2779 Et
1693 2727 1852 2792 e/fusa
1877 2736 2023 2791 siml,

435 2819 641 2889 inquit,
675 2820 845 2872 omnia
887 2820 1075 2873 viscera
1122 2819 1251 2887 ejus.
1286 2817 1399 2873 Hoc
1449 2818 1555 2872 illis
1602 2819 2026 2873 consolationem

433 2909 707 2964 allerebat.
740 2908 827 2963 l9.
869 2908 931 2961 Et
959 2918 1132 2961 notum
1183 2910 1376 2976 factum
1421 2915 1494 2959 est
1521 2907 1750 2960 omnibus
1792 2902 2028 2961 habitan-

442 3001 575 3055 tibus
604 2999 927 3064 Jerusalem,
984 2999 1055 3051 ita
1099 3008 1154 3051 ut
1174 2999 1540 3067 appellaretur
1580 3014 1699 3069 ager
1741 2998 1829 3051 ille
1853 2999 2029 3069 lingua

433 3108 607 3145 eorum
634 3090 909 3143 Aceldama
927 3131 939 3154 ,
971 3089 1066 3143 hoc
1089 3099 1193 3155 est,
1220 3105 1339 3159 ager
1369 3088 1653 3160 sanguinis.

444 3216 448 3221 ς
504 3185 560 3237 2.
608 3182 779 3238 Judasi
818 3198 945 3252 ergo
986 3183 1086 3236 hoc
1128 3196 1322 3237 nomen
1365 3196 1492 3251 agro
1530 3181 1764 3248 dedere,
1808 3197 1916 3238 non
1959 3183 2030 3238 ob

438 3290 625 3345 agrum
674 3276 881 3343 ipsum,
922 3274 1016 3328 sed
1047 3274 1116 3330 ob
1143 3273 1334 3329 Judam
1370 3292 1381 3327 :
1416 3290 1539 3327 nam
1580 3274 1624 3329 is
1668 3289 1796 3343 agro
1834 3290 2029 3329 nomen

439 3366 649 3421 indidit.
685 3366 749 3420 Et
780 3374 940 3420 testes
969 3365 1125 3419 all'ert
1155 3365 1398 3419 inimicos
1424 3384 1438 3420 :
1470 3365 1520 3419 id
1561 3367 1704 3420 enim
1734 3367 2027 3436 signiﬁcat,

438 3472 562 3511 cum
589 3457 755 3523 dicit,
798 3457 942 3526 ipsos
965 3457 1339 3526 appellavisse,
1378 3466 1434 3512 et
1472 3473 1591 3512 cum
1619 3452 1799 3524 addit,
1829 3457 2029 3529 Lingua

434 3566 629 3605 eorutu.
661 3548 862 3603 Deinde
886 3559 1006 3619 post
1029 3558 1302 3617 eventum,
1327 3551 1569 3620 apposite
1594 3549 1908 3621 prephetam
1934 3550 2029 3604 ad-

435 3639 581 3694 ducit
607 3640 790 3695 dicens
820 3657 833 3694 :
865 3640 954 3696 20.
988 3640 1251 3709 Scriptum
1278 3651 1349 3694 est
1376 3641 1509 3695 enim
1537 3640 1589 3693 in
1629 3642 1755 3695 libro
1792 3640 2028 3696 Psalmo-

434 3746 546 3783 runt
568 3747 587 3785 :
623 3729 738 3783 Fiat
766 3732 1093 3784 commoratio
1136 3747 1309 3784 eorum
1348 3731 1575 3797 deserta,
1618 3742 1663 3785 et
1703 3749 1803 3784 non
1842 3733 1905 3785 sit
1941 3735 2026 3801 qui

434 3820 671 3874 mltabitet
697 3822 750 3874 in
772 3838 829 3874 ea
858 3820 1027 3891 (Psal.
1058 3822 1145 3877 68.
1177 3820 1293 3890 26).
1318 3821 1431 3875 lloc
1454 3821 1521 3876 de
1546 3838 1675 3891 agro
1696 3832 1751 3877 et
1773 3823 1841 3877 de
1865 3823 2027 3877 domo

437 3913 652 3968 dicitur.
687 3912 755 3966 Et
801 3913 1142 3982 episcopatum
1167 3914 1279 3982 ejus
1316 3914 1533 3982 accipiat
1563 3913 1727 3980 alter;
1770 3914 1869 3968 hoc
1912 3924 2022 3983 est,

436 4002 793 4073 principatum
813 4044 828 4066 ,
853 4002 1228 4055 sacerdotium.
1254 4001 1432 4071 Itaque
1453 4002 1570 4057 hate
1595 4020 1697 4057 non
1722 4020 1843 4059 meo
1869 4003 2023 4072 ﬁunt,

433 4092 527 4146 sed
555 4093 691 4160 ejus,
710 4092 801 4160 qui
823 4092 935 4145 luce
954 4091 1216 4160 prmdixit,
1239 4093 1482 4148 consilio.
1505 4093 1580 4149 Ne
1598 4094 1866 4150 videretur
1881 4097 2025 4152 enim

439 4198 683 4251 magnam
712 4197 824 4236 rem
853 4183 1096 4253 aggredi,
1129 4192 1182 4238 et
1208 4184 1419 4253 qualem
1446 4182 1691 4239 Christus
1720 4186 1832 4254 ipse
1869 4186 2025 4240 iecis-

437 4283 542 4339 set,
574 4273 882 4341 prophetam
929 4283 1119 4329 testem
1145 4273 1381 4329 adhibet.
1408 4274 1500 4329 2l.
1536 4274 1745 4344 Oportet
1771 4292 1909 4348 ergo,
1938 4277 2022 4331 in-

437 4365 581 4433 quit,
609 4380 672 4417 ea:
695 4364 771 4416 Itis
794 4366 934 4429 viris,
961 4367 1046 4435 qui
1071 4367 1328 4419 nobiscum
1352 4375 1470 4419 sunt
1496 4368 1781 4437 congregati
1808 4368 1857 4421 iu
1888 4369 2025 4422 omni

438 4463 680 4521 tempore.
713 4452 819 4507 Cur
848 4469 967 4507 cum
1001 4455 1105 4509 illis
1133 4455 1236 4510 hoc
1259 4457 1656 4511 communicat?
1699 4457 1764 4512 Ut
1796 4474 1863 4513 ue
1892 4474 2023 4512 eon-

436 4544 601 4597 tcntio
631 4544 728 4597 hac
754 4544 818 4597 de
844 4561 903 4598 re
928 4546 1181 4610 oriretur,
1207 4556 1261 4600 et
1289 4562 1355 4601 ne
1376 4557 1562 4601 mutuo
1582 4548 1864 4617 litigarem.
1891 4548 2024 4603 Nam

432 4634 477 4687 si
525 4633 574 4686 id
619 4633 747 4701 ipsis
792 4633 1020 4699 accidit,
1066 4637 1233 4690 multo
1277 4638 1444 4706 magis
1483 4638 1590 4692 illis
1616 4638 1896 4693 accidisset
1924 4638 2022 4711 (tt).

434 4724 545 4778 lloe
573 4739 700 4777 vero
728 4740 941 4793 semper
973 4726 1197 4780 devitat.
1232 4728 1355 4782 Ideo
1387 4732 1437 4782 in
1482 4731 1741 4799 principio
1774 4730 1983 4786 dicebat
2004 4775 2020 4801 ,

427 4813 552 4887 ‘Viri
579 4819 781 4885 fratres,
826 4826 1018 4885 oportet
1061 4820 1239 4889 eligere
1275 4836 1338 4873 ea:
1366 4820 1526 4872 nobis.
1557 4820 1871 4875 Multitudini
1900 4838 2024 4891 per-

438 4906 601 4958 tuittit
622 4905 901 4973 judicium,
934 4908 1090 4961 simul
1117 4924 1230 4974 cos,
1262 4911 1350 4978 qui
1378 4911 1730 4979 eligebantur,
1760 4928 2023 4966 veneran-

432 4994 530 5049 dos
557 4994 808 5059 reddens,
840 5011 1007 5065 seque
1038 4998 1273 5053 liberans
1297 5000 1363 5053 ab
1390 5000 1607 5064 invidia,
1639 5018 1757 5071 qua:
1796 5003 2023 5057 suboriri

436 5094 667 5155 poterat.
698 5085 826 5140 Nam
860 5087 973 5141 inec
1013 5105 1199 5159 magna
1243 5106 1384 5160 szepe
1423 5092 1598 5146 solent
1638 5109 1825 5161 parere
1863 5096 2019 5149 mala.

435 5175 587 5242 Quod
616 5176 778 5245 igitur
808 5180 884 5232 sic
913 5179 1026 5232 ﬁeri
1056 5190 1321 5248 Oporteat,
1370 5183 1683 5252 prophetam
1710 5185 1923 5241 adducit
1950 5196 2026 5240 tc-

423 5277 606 5345 istem:
637 5282 700 5321 ex
733 5268 926 5337 quibus
951 5284 1078 5324 vero
1097 5271 1539 5327 elcetionemlieri
1566 5283 1826 5343 oporteat,
1857 5276 2024 5330 inter-

438 5369 675 5428 pretatur
704 5363 813 5430 ipse
849 5361 1053 5426 dicens,
1088 5362 1169 5416 Ex
1196 5364 1276 5430 iis,
1318 5366 1404 5433 qui
1443 5367 1698 5419 nobiscum
1738 5371 2026 5438 congregati

439 5460 577 5514 sunt,
605 5452 656 5504 in
684 5454 819 5505 onmi
847 5464 1086 5523 tempore.
1112 5456 1167 5509 Si
1201 5456 1341 5509 enim
1364 5457 1618 5523 dixisset,
1645 5459 1839 5529 Dignos
1867 5476 2027 5531 opor-

442 5548 518 5591 tet
538 5540 744 5602 adesse.
769 5556 992 5599 exteros
1013 5545 1279 5601 aflecisset
1304 5551 1647 5604 contumelia.
1674 5550 1824 5605 Nunc
1848 5562 2024 5605 autem

441 5630 666 5696 tempori
712 5648 820 5686 rem
865 5638 1171 5702 conmisit;
1222 5654 1319 5692 nec
1360 5639 1492 5693 dixit
1533 5639 1865 5709 simpliciter,
1927 5640 2028 5704 Qui

503 5740 577 5811 (ιζ)
622 5738 672 5786 ιι]
695 5749 782 5811 pst
806 5746 874 5799 ,εἰ
896 5750 1126 5811 apostolis
1150 5750 1320 5799 accidit
1339 5756 1392 5800 ut
1412 5750 1478 5799 de
1504 5752 1710 5811 primatu
1751 5750 2024 5798 contende-

440 5799 589 5874 sept:
609 5799 940 5874 multomagis
955 5809 1176 5858 accidere
1201 5799 1392 5874 p0'erat
1408 5846 1421 5866 .
1449 5799 1606 5874 ut'qui
1633 5810 1852 5872 eligendi
1878 5819 2022 5861 erant

435 5862 487 5909 iu
504 5861 671 5910 locutu
690 5862 847 5924 Judaa,
865 5861 992 5915 inter
1010 5881 1066 5917 se
1088 5861 1465 5922 contenderent.

2140 537 2428 606 congregati
2454 545 2590 601 sunt,
2617 536 2711 592 sed
2742 537 2973 603 addidit,
3005 535 3071 592 In
3101 539 3238 593 ontni
3263 549 3505 611 tempore,
3526 558 3633 612 quo
3657 545 3747 597 in-

2136 628 2284 679 travit
2314 637 2358 681 et
2385 628 2536 680 exivit
2564 630 2696 683 inter
2720 645 2811 682 nos
2838 627 3090 684 Dominus
3113 628 3295 697 Jesus,‘
3312 631 3404 685 22.
3436 632 3680 701 incipiens
3705 651 3746 686 α

2136 716 2432 784 baptismate
2456 718 2689 785 Joannis,
2720 736 2874 789 usque
2908 721 2959 773 in
2986 720 3118 775 diem
3144 738 3245 790 qua
3270 734 3561 792 assumptus
3587 734 3664 778 est
3705 742 3744 777 α

2138 811 2298 871 nobis,
2329 820 2500 864 testem
2530 813 2908 865 resurrectionis
2936 814 3045 882 ejus
3072 814 3331 866 nobiscum
3357 814 3469 881 fieri
3494 832 3653 868 unum
3673 831 3743 869 es:

2139 900 2267 957 istis.
2299 903 2377 956 Ad
2404 902 2531 973 quid
2558 904 2729 957 illud?
2758 902 2835 958 Ne
2859 905 3059 959 chorus
3082 920 3309 959 numero
3337 914 3614 960 truncatus
3643 922 3733 961 es-

2139 1003 2241 1046 set.
2268 993 2403 1061 Quid
2427 995 2595 1064 ergo?
2616 1011 2681 1048 au
2708 996 2922 1049 Petrum
2955 996 3130 1064 ipsum
3149 997 3348 1067 eligere
3373 1012 3478 1051 non
3501 995 3739 1053 licebat?

2142 1082 2360 1138 Liccbat
2388 1085 2569 1155 utique
2594 1102 2607 1150 ;
2638 1085 2733 1139 sed
2764 1102 2830 1140 tte
2858 1086 3129 1139 videretur
3168 1087 3231 1140 ad
3261 1087 3484 1155 gratiam
3518 1088 3692 1143 facere
3713 1129 3731 1153 ,

2141 1175 2391 1230 abstinet.
2436 1176 2684 1246 Alioquin
2731 1192 2859 1230 vero
2904 1177 3140 1231 nondum
3190 1178 3417 1247 Spiritus
3468 1181 3735 1251 particeps

2142 1274 2277 1319 erat.
2310 1267 2399 1321 23.
2428 1265 2496 1320 Et
2524 1277 2833 1332 statuerunt,
2866 1268 3036 1337 inquit
3057 1309 3069 1331 ,
3104 1268 3253 1333 duos,
3284 1267 3501 1338 Ioseph,
3541 1270 3628 1339 qui
3654 1285 3735 1323 vo-

2141 1359 2346 1413 cabatur
2370 1360 2639 1425 Barsabas,
2672 1363 2754 1428 qui
2784 1362 3168 1431 cognominatus
3195 1372 3267 1414 est
3294 1361 3493 1425 Justus,
3517 1372 3563 1414 et
3604 1362 3734 1415 Mat-

2142 1452 2318 1504 tltiam.
2347 1451 2460 1505 Non
2503 1452 2615 1521 ipse
2655 1452 2775 1505 illos
2806 1452 2990 1505 statuit
3016 1492 3031 1516 ,
3074 1451 3168 1505 sed
3200 1466 3406 1505 omnes.
3438 1451 3730 1507 Consilium

2141 1559 2267 1599 vero
2294 1546 2406 1613 ipse
2433 1545 2672 1613 protulit,
2703 1543 2993 1598 ostendens
3022 1559 3129 1598 non
3154 1559 3308 1598 suum
3334 1557 3475 1610 esse,
3501 1541 3595 1598 sed
3617 1543 3729 1612 jam

2140 1638 2267 1691 olim
2301 1639 2351 1690 in
2383 1637 2657 1705 pr0phetia
2688 1637 2887 1692 ell'erri.
2921 1636 3104 1707 Itaque
3149 1638 3414 1709 interpres
3441 1636 3577 1704 fuit,
3622 1655 3729 1692 non

2141 1736 2451 1797 prmeeptor.
2478 1726 2669 1798 Joscplt
2696 1729 2782 1797 qui
2817 1729 3086 1782 vocabatur
3122 1726 3395 1796 Barsabas,
3423 1730 3509 1798 qui
3535 1745 3727 1800 coquo-

2139 1820 2359 1872 minatus
2414 1830 2486 1874 est
2537 1820 2737 1873 Justus.
2787 1818 2946 1875 Forte
2989 1819 3131 1889 quod
3165 1820 3345 1889 plures
3385 1822 3731 1890 cognomines

2137 1920 2334 1974 essent,
2362 1920 2645 1979 utrmnque
2672 1911 2885 1980 posuit:
2910 1926 3033 1964 nam
3060 1910 3200 1965 inter
3222 1911 3491 1982 apostolos
3517 1928 3730 1983 quoque

2138 2003 2438 2071 complures
2464 2012 2618 2057 erant
2655 2003 3024 2072 cognomines,
3055 2002 3287 2057 Jacobus
3329 2003 3572 2058 Zebedazi
3592 2045 3606 2071 ,
3632 2004 3729 2059 Ja-

2137 2094 2301 2149 eobus
2331 2093 2535 2163 Alpha:i
2554 2136 2568 2157 ,
2602 2093 2787 2148 Simon
2818 2094 3008 2148 Petrus
3028 2134 3041 2157 ,
3069 2093 3253 2149 Simon
3281 2093 3497 2149 Zelotes
3518 2136 3531 2159 ,
3564 2094 3729 2150 Judas

2134 2172 2339 2251 Jacobi,
2369 2195 2423 2240 et
2448 2185 2612 2240 Judas
2642 2186 2941 2240 lscariotes.
2970 2186 3218 2255 Alioquin
3246 2202 3374 2241 vero
3402 2198 3603 2255 poterat
3639 2203 3729 2256 ap-

2138 2278 2348 2347 pellatio
2377 2293 2496 2333 esse
2521 2279 2606 2333 vel
2635 2292 2705 2333 ex
2735 2280 2857 2333 vine
2878 2279 3194 2340 mutatione,
3225 2279 3303 2333 vel
3344 2295 3408 2332 ex
3440 2279 3606 2349 ipsius
3636 2296 3730 2331 vo-

2136 2373 2357 2427 luntate.
2395 2390 2413 2423 ‹
2433 2372 2764 2438 Statuerunt,
2789 2390 2808 2424 ι
2833 2372 3021 2442 inquit,
3047 2390 3065 2423 ε
3092 2370 3310 2441 Joseph,
3330 2372 3421 2442 qui
3444 2372 3732 2426 vocabatur

2135 2464 2395 2519 Barsabas
2416 2507 2431 2530 ,
2459 2467 2547 2535 qui
2575 2464 2982 2533 cognominatus
3002 2472 3085 2517 est
3108 2463 3311 2531 Justus,
3344 2472 3398 2518 et
3424 2464 3721 2518 Matthiam.

2131 2555 2222 2609 2i.
2254 2574 2271 2607 ι
2303 2556 2370 2610 Et
2391 2565 2609 2611 orantes
2629 2556 2881 2612 dixerunt
2906 2573 2920 2609 :
2944 2555 3046 2621 Tu,
3076 2555 3322 2621 Domine,
3340 2554 3608 2624 quicorda
3632 2570 3727 2609 no—

2132 2648 2200 2703 sti
2236 2648 2473 2703 omniunt
2496 2688 2514 2715 ,
2558 2647 2785 2702 ostemle
2826 2662 2985 2717 quem
3030 2646 3257 2725 elegeris
3292 2661 3359 2700 ex
3406 2646 3487 2700 his
3516 2645 3727 2701 duobus

2132 2755 2326 2805 unum,
2357 2739 2448 2795 25.
2480 2740 2726 2809 accipere
2756 2748 2958 2793 sortem
2991 2738 3270 2793 ministerii
3311 2737 3469 2806 hujus
3504 2746 3560 2794 et
3597 2753 3729 2806 apo-

2131 2832 2359 2885 stolatus
2378 2873 2391 2893 ,
2424 2830 2494 2885 de
2522 2847 2630 2900 quo
2658 2830 3042 2898 prtevaricatus
3067 2838 3148 2884 est
3166 2828 3330 2883 Judas
3348 2871 3364 2895 ,
3392 2839 3450 2883 ut
3474 2829 3644 2883 abiret
3669 2828 3725 2883 in

2133 2921 2308 2976 locum
2347 2937 2523 2977 suum.
2551 2940 2569 2973 ι
2606 2921 2769 2975 Recte
2798 2929 3101 2974 memorant
3130 2919 3271 2974 illius
3301 2928 3600 2989 peccatum,
3629 2919 3725 2974 de-

2132 3013 2397 3067 clarantes
2424 3026 2483 3066 se
2510 3020 2695 3065 testem
2723 3027 2987 3081 quaerere,
3014 3026 3118 3067 non
3141 3022 3396 3082 augentes
3417 3027 3727 3080 numerum,

2133 3104 2227 3160 sed
2260 3119 2365 3158 non
2404 3103 2644 3157 imminui
2681 3104 2940 3158 sinentes.
2972 3103 3062 3158 26.
3100 3124 3120 3157 ‹
3145 3104 3211 3158 Ει
3248 3102 3511 3158 dederunt
3550 3110 3727 3158 sortes

2134 3195 2211 3249 eis
2257 3195 2528 3266 (nondum
2571 3193 2712 3248 enim
2759 3195 2990 3264 Spiritus
3024 3195 3180 3249 datus
3219 3194 3401 3264 erat),
3441 3202 3496 3249 et
3530 3194 3725 3249 cecidit

2135 3300 2255 3341 sors
2283 3301 2444 3354 super
2468 3283 2763 3349 Matthiam,
2794 3294 2847 3338 et
2875 3294 3257 3339 annumeratus
3286 3294 3369 3340 est
3397 3300 3518 3339 cum
3547 3285 3718 3343 uudee

2132 3378 2234 3431 cim
2262 3377 2538 3445 apostolis.
2567 3376 2717 3429 Tunc
2737 3419 2750 3440 ,
2782 3376 2986 3445 inquit,
3029 3377 3228 3432 reversi
3273 3387 3397 3431 sunt
3444 3376 3722 3447 Jerosoly.

2133 3484 2273 3523 utam
2301 3484 2329 3519 a
2363 3477 2574 3532 monte,
2603 3468 2693 3536 qui
2722 3479 2940 3522 voratur
2966 3469 3155 3522 Uliveti
3180 3509 3197 3533 ,
3226 3469 3313 3538 qui
3344 3478 3427 3523 est
3450 3468 3601 3538 juxta
3628 3469 3720 3525 Je-

2134 3558 2492 3629 rosolymam,
2521 3559 2725 3613 sabbati
2764 3559 2967 3613 habens
2987 3560 3109 3613 iter.
3140 3578 3159 3611 ι
3186 3560 3299 3613 Hoc
3316 3560 3389 3613 ait
3407 3569 3463 3614 ut
3480 3561 3720 3615 inuueret

2133 3650 2276 3721 ipsos
2304 3665 2410 3704 non
2427 3650 2639 3720 longttnt
2668 3650 2767 3704 iter
2788 3650 3080 3720 suscipere,
3101 3665 3169 3705 ne
3186 3650 3320 3720 quid
3345 3651 3563 3705 terroris
3589 3652 3723 3706 acci-

2131 3748 2284 3803 deret
2314 3748 2662 3802 trementibus
2688 3746 2862 3800 adhuc
2884 3746 3012 3816 ipsis
3041 3754 3097 3800 et
3122 3744 3495 3800 metuentibus.
3529 3745 3717 3800 Etcum

2131 3840 2433 3904 introissent,
2454 3838 2783 3891 ascenderunt
2805 3838 2854 3890 in
2876 3842 3208 3891 caenacutum.
3243 3836 3356 3891 Non
3387 3836 3528 3890 enim
3552 3838 3716 3891 aude-
3750 3838 3761 3846 ’

2132 3932 2259 3987 bant
2308 3932 2360 3985 in
2408 3932 2624 3986 civitate
2672 3946 3004 3999 comparere.
3056 3932 3122 3984 Et
3173 3938 3317 3985 recte
3361 3930 3717 3985 ascenderunt

2131 4026 2183 4080 in
2222 4027 2579 4090 crnnaculum,
2624 4034 2679 4077 ut
2725 4014 2829 4077 non
2876 4022 3031 4078 facile
3083 4032 3227 4077 esset
3274 4022 3419 4091 ipsos
3468 4036 3716 4090 compre-

2131 4118 2384 4173 hendere.
2418 4116 2484 4170 Et
2530 4126 2695 4181 erant,
2758 4117 2962 4185 inquit,
3001 4126 3369 4186 perseverantes
3413 4116 3717 4169 unanimiter

2129 4213 2181 4266 in
2215 4214 2459 4265 oratione.
2509 4210 2695 4265 Videu’
2739 4226 2898 4280 qttatn
2926 4209 3111 4278 vigiles
3148 4217 3331 4264 essent
3378 4209 3431 4263 itt
3476 4208 3716 4263 oratione

2131 4314 2561 4373 perseverantes,
2612 4301 2769 4371 idque
2802 4301 3122 4355 unanimiter
3156 4300 3303 4369 quasi
3347 4314 3453 4358 uno
3491 4299 3713 4354 eodem-

2129 4410 2231 4464 que
2276 4394 2495 4448 animo?
2534 4393 2659 4448 Haec
2699 4393 2806 4448 duo
2855 4393 2927 4447 de
2969 4392 3073 4446 illis
3126 4392 3459 4446 testiﬁcatur.
3514 4390 3712 4459 Joseph

2131 4484 2359 4538 fortasse
2419 4494 2655 4539 mortuus
2700 4492 2817 4537 erat
2860 4482 3000 4554 (a).
3055 4480 3173 4535 Non
3229 4481 3408 4545 enim,
3465 4478 3717 4534 fratribus

2129 4577 2488 4642 credentibus,
2537 4577 2650 4645 ipse
2696 4590 2801 4629 non
2846 4572 3183 4640 credidisset,
3225 4572 3314 4642 qui
3359 4578 3486 4625 ante
3528 4584 3717 4625 omnes

2130 4668 2449 4723 crediderat.
2482 4668 2639 4723 Certe
2670 4681 2774 4719 non
2806 4663 3081 4718 videbatur
3119 4677 3340 4731 usquam
3382 4661 3469 4714 ille
3502 4659 3717 4715 Christo

2131 4770 2188 4814 ut
2216 4760 2416 4814 homini
2446 4757 2720 4812 attendere
2739 4799 2755 4823 ,
2797 4766 2854 4810 ut
2892 4755 3060 4809 Mater
3086 4753 3330 4816 dicebat,
3364 4751 3473 4823 Ego
3503 4760 3547 4804 et
3578 4760 3718 4820 pater

2130 4862 2244 4905 tuus
2269 4851 2492 4904 dolentes
2516 4849 2859 4915 qutt'rebamus
2883 4856 2930 4899 te
2955 4845 3115 4915 (Luc.
3142 4845 3199 4898 2.
3230 4844 3299 4898 48
3316 4844 3357 4913 ).
3388 4844 3570 4913 Itaque
3596 4851 3719 4894 ante

2128 4959 2316 4998 omnes
2348 4943 2435 4997 ille
2464 4941 2746 4995 Dominum
2776 4947 3018 4994 noverat.
3053 4936 3335 5007 Fratribus.
3354 4949 3480 4990 vero
3506 4932 3715 4987 dicebat

2131 5035 2413 5089 Christus:
2449 5030 2569 5085 Non
2598 5039 2753 5095 potest
2800 5029 3015 5082 mundus
3060 5044 3146 5080 vos
3189 5025 3354 5079 odisse
3378 5066 3393 5091 ,
3435 5040 3512 5076 me
3551 5030 3719 5074 autem

2130 5125 2237 5178 odit
2267 5122 2453 5194 (Joan.
2488 5123 2539 5175 7.
2571 5122 2602 5174 7
2622 5122 2660 5190 ).
2698 5119 2827 5173 Vide
2851 5128 3027 5172 autem
3055 5116 3235 5171 Jacobi
3270 5114 3603 5168 modestiam.
3630 5110 3721 5165 Ille

2131 5230 2363 5285 namque
2391 5211 2849 5281 Jerosolymorum
2890 5208 3256 5278 episcOpatum
3288 5204 3493 5273 accepit
3517 5244 3530 5265 ,
3561 5210 3615 5256 et
3646 5212 3722 5253 ta-

2133 5321 2254 5362 men
2286 5304 2372 5358 hic
2398 5302 2531 5357 nihil
2552 5302 2811 5370 loquitur.
2840 5299 3078 5353 Aliorum
3105 5311 3316 5366 quoque
3341 5293 3718 5362 discipulorum

2132 5413 2393 5453 summam
2426 5396 2780 5451 humilitatem
2811 5390 3113 5455 considera,
3143 5404 3249 5458 quo
3281 5397 3434 5457 pacto
3460 5385 3533 5439 illi
3574 5384 3715 5439 thro-

2135 5505 2260 5545 num
2298 5488 2600 5543 concedunt
2627 5526 2642 5551 ,
2685 5499 2857 5555 neque
2890 5483 3001 5552 jam
3041 5490 3224 5536 mutuo
3264 5479 3579 5545 discepzaut.
3632 5473 3720 5527 Illa

2134 5583 2276 5636 enim
2307 5579 2545 5634 Ecclesia
2586 5579 2737 5647 quasi
2782 5577 2832 5629 in
2876 5575 3023 5631 ca-lis
3065 5572 3232 5643 posita
3275 5578 3425 5630 erat,
3467 5566 3723 5625 szcculare

2136 5675 2270 5731 nihil
2300 5673 2521 5739 habens,
2556 5686 2660 5725 non
2692 5669 2983 5741 parietibus
3006 5709 3021 5733 ,
3063 5682 3169 5721 non
3197 5660 3581 5723 marmoribus,
3627 5654 3722 5710 sed

2200 5823 2274 5881 tui
2292 5808 2475 5870 Joscplt
2493 5820 2700 5873 Sponsus
2716 5807 2872 5857 Maria:
2893 5804 3083 5861 videtur
3101 5808 3321 5857 mortuus
3342 5797 3488 5849 fuisse
3512 5802 3624 5849 ante
3652 5805 3727 5842 as-

2143 5882 2439 5923 CODSIOIJCIJIa
