4092 6446
283 365 343 421 δῖ
1276 379 1344 436 IN
1383 378 1562 436 ACTA
1608 377 2386 437 Al’OSTOLORUMJIOMIL.
2428 381 2518 438 ΙΙΙ.
3546 397 3612 452 38

288 512 460 554 eorum
503 496 598 568 qui
626 507 1020 552 convenerant
1052 496 1257 552 fervore.
1297 495 1666 566 resplendens.
1711 494 1904 561 Erant,

293 589 488 660 inquit,
522 593 632 659 fere
656 600 871 644 centum
919 590 1115 661 viginti.
1157 589 1318 642 Forte
1355 589 1690 658 septuaginta
1715 631 1728 653 ,
1771 604 1908 660 quos

299 681 402 748 ipse
414 681 678 751 elegerat,
703 681 824 735 sive
847 681 1173 752 alii‘qnoqoe
1194 697 1257 735 ex
1274 680 1704 747 ferventioribus,
1720 685 1907 751 quales

307 785 444 830 erant
470 773 677 844 Ioseph
709 783 769 830 et
795 775 1048 829 Matthias
1079 791 1095 828 :
1119 785 1170 828 et
1198 775 1450 829 mulieres
1475 775 1654 829 multa:
1679 793 1796 846 qua:
1821 791 1905 830 se-

311 868 596 936 quebantur
639 867 818 930 illum,
857 867 1016 920 simul
1049 865 1242 936 ubique
1268 866 1511 920 aderant.

373 960 423 1012 3.
454 957 579 1012 ηερε
604 956 849 1012 doctoris
881 956 1236 1026 providentia.
1266 957 1475 1012 Primus
1507 957 1592 1013 hic
1621 957 1896 1011 doctorem

314 1049 593 1104 Constituit.
624 1048 746 1103 Non
775 1049 928 1111 dixit.
963 1049 1070 1103 Nos
1112 1049 1178 1104 ad
1223 1048 1522 1103 docendum
1563 1049 1899 1106 sufﬁcimus:

313 1143 376 1196 ita
418 1141 600 1211 proaul
649 1149 765 1196 erat
810 1157 840 1196 a
890 1157 1020 1194 vana
1050 1141 1241 1210 gloria,
1285 1150 1339 1194 et
1381 1142 1446 1195 ad
1490 1157 1652 1195 unum
1697 1150 1900 1195 tantum

312 1232 608 1300 spectabat,
655 1248 978 1302 quamquam
1013 1249 1117 1286 non
1173 1233 1283 1302 pari
1315 1231 1484 1287 forma
1527 1233 1666 1302 apud
1711 1247 1901 1286 omnes

311 1328 420 1395 ejus
447 1328 657 1396 vigebat
694 1327 1004 1380 auctoritas.
1033 1326 1138 1381 Sed
1173 1327 1296 1394 jure
1327 1326 1441 1380 haec
1469 1327 1547 1380 sic
1577 1326 1900 1396 gerebantur

311 1419 374 1469 ob
401 1419 648 1470 virtutem
681 1417 812 1481 viri;
846 1427 899 1472 et
927 1418 1066 1488 quod
1097 1435 1236 1473 nunc
1259 1417 1574 1487 przefcctora
1599 1433 1701 1472 non
1727 1419 1899 1473 honor

310 1518 461 1572 esset,
495 1509 590 1561 sed
624 1508 955 1578 providentia
1002 1525 1125 1578 erga
1173 1509 1433 1564 subditos.
1481 1510 1551 1564 Ea
1578 1525 1664 1564 res
1688 1525 1793 1564 non
1822 1511 1894 1564 si-

312 1601 465 1654 nebat
491 1602 696 1656 circlos
724 1601 934 1666 elierri;
967 1603 1032 1656 ad
1077 1604 1310 1671 pericula
1352 1604 1494 1658 enim
1523 1604 1895 1671 vocabantur;

311 1706 476 1760 reque
505 1707 602 1746 eos
632 1693 720 1759 qui
751 1693 907 1747 electi
939 1706 1042 1748 non
1077 1694 1307 1759 fuerant,
1339 1703 1395 1749 ut
1425 1695 1773 1751 inhonoratos
1801 1697 1896 1751 do-

310 1782 434 1837 lere.
460 1767 530 1837 'At
557 1800 699 1839 nunc
737 1801 842 1840 non
870 1795 938 1839 ita
969 1802 1029 1841 se
1055 1802 1141 1842 res
1172 1787 1352 1853 habet,
1382 1789 1473 1841 sed
1504 1796 1688 1842 contra
1717 1788 1895 1842 omni-

308 1890 392 1929 no.
429 1875 561 1930 Vide
589 1893 837 1948 namque,
866 1889 1082 1934 centum
1112 1880 1293 1949 viginti
1320 1889 1496 1947 erant,
1522 1889 1576 1936 et
1605 1898 1766 1936 unum
1797 1897 1895 1950 po-

305 1968 462 2022 smlat
491 1968 563 2021 ab
587 1970 730 2023 onmi
762 1969 1134 2036 multitudine;
1177 1981 1233 2026 et
1265 1972 1386 2040 jure
1419 1972 1655 2042 quidem.
1687 1972 1895 2027 Primus

304 2064 676 2118 auctoritatem
705 2046 864 2120 habet
892 2065 944 2119 in
974 2067 1204 2136 negotio,
1241 2077 1301 2121 ut
1319 2067 1404 2122 cui
1433 2083 1620 2123 omnes
1642 2071 1896 2124 commis-

304 2155 346 2208 si
379 2154 624 2208 fuissent.
678 2155 807 2211 Huic
852 2158 993 2211 enim
1036 2156 1280 2214 Christus
1311 2161 1520 2215 dixerat
1563 2179 1576 2214 :
1617 2160 1683 2214 Et
1713 2161 1892 2216 tnali-

301 2249 499 2315 quando
521 2264 808 2314 conrersus,
840 2251 1088 2319 conﬁrma
1121 2252 1306 2322 fratres
1334 2262 1446 2307 tuos
1478 2252 1627 2323 (Luc.
1657 2254 1748 2308 9.9..
1777 2255 1889 2326 52).

301 2341 451 2407 Quia,
487 2341 680 2412 inquit,
705 2341 1105 2398 Connumeratus
1134 2355 1239 2399 erat
1261 2347 1312 2398 in
1339 2346 1502 2413 nobis,
1536 2347 1655 2401 ideo
1679 2359 1892 2414 oportet

297 2433 457 2486 alium
487 2449 822 2504 proponere,
857 2435 948 2504 qui
984 2435 1126 2490 illius
1173 2438 1291 2492 ineo
1339 2439 1408 2492 sit
1453 2441 1622 2493 testis.
1655 2440 1718 2494 Et
1746 2442 1888 2507 vide,

298 2526 564 2594 quomodo
612 2525 885 2580 doctorem
935 2542 1088 2582 sumo
1147 2530 1400 2594 imitator,
1432 2533 1623 2602 ubique
1652 2550 1715 2586 ex
1746 2533 1890 2588 Scri-

301 2620 464 2687 ptnris
492 2618 802 2685 disserens;
831 2621 1235 2692 neeqoidqoam
1277 2623 1344 2678 de
1387 2625 1600 2680 Christo
1638 2627 1886 2696 loquens,

296 2710 428 2777 quod
461 2725 657 2779 nempe
683 2711 734 2762 id
763 2711 850 2766 ille
888 2727 1032 2781 szrpe
1059 2713 1408 2782 pra-dixisset.
1437 2715 1621 2786 Neque
1647 2716 1778 2772 dicit
1799 2718 1886 2772 ubi

296 2801 566 2870 Scriptura
595 2802 950 2872 proditionem
973 2804 1088 2870 ejus
1113 2817 1406 2872 memoret;
1437 2823 1648 2877 nempe,
1677 2808 1747 2864 0s
1767 2827 1888 2880 pec-

297 2896 475 2948 catoris
506 2904 554 2948 et
580 2912 638 2948 os
667 2894 829 2949 dolosi
856 2913 1008 2964 super
1051 2913 1130 2949 me
1165 2913 1399 2960 apertum
1442 2909 1516 2954 est
1551 2899 1725 2972 (Psal.
1760 2902 1883 2957 108.

295 2986 371 3055 2);
399 2979 493 3042 sed
525 2988 610 3047 ubi
638 2997 841 3043 tantum
876 2989 1015 3044 illius
1035 2990 1276 3059 supplicii
1308 2992 1550 3046 meminit
1576 3011 1589 3048 :
1615 2994 1714 3049 hoc
1739 2996 1884 3049 enim

299 3080 504 3134 interim
549 3079 669 3136 illos
712 3081 850 3137 scire
879 3081 1120 3150 jovabat.
1164 3083 1294 3136 lllod
1341 3099 1470 3140 vero
1506 3085 1737 3140 maxime
1785 3086 1889 3140 Do-

296 3174 417 3226 mini
448 3173 828 3243 beniguitatem
857 3174 1110 3230 declarat.
1143 3175 1428 3243 Quoniam,
1460 3177 1651 3247 inquit,
1677 3178 1885 3233 Connu-

295 3275 512 3316 meratus
537 3273 646 3316 erat
674 3265 726 3317 in
767 3265 926 3328 nobis,
957 3276 1004 3318 et
1030 3268 1240 3320 sortitus
1279 3277 1352 3320 est
1395 3278 1580 3322 sortent
1619 3269 1886 3324 ministerii

294 3357 464 3425 hujus.
495 3357 707 3413 Sortem
739 3359 934 3428 ubique
977 3372 1148 3426 vocat,
1185 3361 1475 3416 osmudens
1503 3372 1671 3417 totum
1697 3379 1726 3417 a
1757 3379 1882 3433 gra-

297 3454 358 3502 tia
387 3451 479 3504 Dei
523 3461 571 3505 et
620 3453 688 3506 ab
726 3452 844 3522 ejus
889 3453 1150 3508 electione
1194 3469 1313 3509 esse
1338 3439 1431 3520 ,et
1462 3464 1640 3510 vetera
1672 3455 1800 3526 ipsis
1831 3458 1881 3512 in

296 3553 526 3596 mentem
554 3559 834 3609 revocans,
863 3545 1003 3614 quod
1037 3562 1228 3617 nempe
1254 3546 1394 3601 Deus
1420 3549 1548 3617 ipsis
1570 3558 1767 3603 sortem
1789 3550 1885 3605 de-

295 3636 446 3700 derit,
482 3647 543 3690 ut
570 3637 698 3690 olitn
722 3637 939 3692 Levitis.
973 3639 1037 3693 Et
1061 3641 1376 3694 innnoratur
1397 3641 1460 3695 iis
1487 3658 1606 3711 qua!
1633 3643 1884 3698 dicuntur

296 3727 359 3782 de
385 3727 544 3790 Joda,
571 3729 714 3798 quod
761 3745 952 3799 nempe
1001 3731 1315 3800 proditionis
1362 3747 1590 3799 merces,
1636 3733 1882 3788 vindictae

298 3821 360 3874 sit
387 3836 587 3889 pra-co.
623 3819 879 3884 Possedit,
913 3823 1104 3892 inquit,
1127 3839 1307 3894 agrum
1335 3823 1399 3876 de
1436 3825 1664 3878 mercede
1695 3826 1884 3896 iniqui-

296 3912 426 3964 tatis.
453 3911 587 3966 \'ide
617 3914 883 3983 quomodo
913 3911 1017 3968 hoc
1053 3930 1116 3968 ex
1159 3915 1342 3969 divina
1369 3914 1776 3985 dispensatione
1803 3920 1880 3972 fa-

294 4018 429 4060 ctum
451 4007 631 4061 fuerit.
657 4005 968 4075 [nit/uitatis,
995 4010 1184 4078 inquit.
1212 4009 1388 4063 Multa:
1409 4021 1532 4064 sunt
1551 4011 1885 4092 iniquitates,

295 4100 382 4152 sed
411 4099 513 4153 hac
541 4099 672 4152 nihil
698 4101 929 4170 iniquius
958 4116 1208 4171 umquam
1239 4100 1436 4156 factum
1455 4112 1554 4157 est.
1580 4101 1760 4172 Itaque
1784 4104 1884 4157 ini-

295 4194 510 4260 quitatis
537 4202 654 4247 erat
679 4204 970 4265 negotium.
1015 4194 1124 4249 Nec
1167 4196 1521 4265 pra'sentibus
1551 4206 1753 4250 tantum
1784 4213 1885 4250 no-

297 4295 402 4337 tum
435 4285 555 4352 fuit,
590 4286 682 4340 sed
713 4288 872 4342 etiam
908 4288 1134 4358 posteris
1161 4290 1410 4344 omnibus
1452 4306 1465 4342 :
1498 4291 1568 4343 ita
1602 4299 1658 4343 ut
1688 4290 1770 4344 vel
1801 4291 1884 4344 itt-

296 4379 382 4431 viti
427 4388 484 4431 ct
528 4378 678 4432 inscii
727 4379 900 4432 locmn
952 4380 1311 4445 nominarent,
1352 4381 1800 4451 quemadmodum
1831 4391 1887 4437 et

295 4470 524 4538 (Ltiphas
559 4470 899 4541 prephetavit
943 4473 1162 4527 inscius.
1215 4474 1353 4528 Deus
1400 4475 1656 4543 compulit
1704 4490 1798 4528 eos
1829 4485 1886 4530 ut

298 4561 556 4617 llebraiee
586 4578 777 4617 nomen
808 4563 1001 4618 darent
1027 4565 1334 4620 Aceldama.
1371 4565 1506 4619 llinc
1535 4566 1884 4622 declaraban-

296 4662 379 4708 tur
403 4655 542 4708 mala
570 4653 784 4709 Judzeos
816 4657 1084 4711 im‘asul‘a.
1129 4659 1303 4728 Atque
1329 4658 1564 4712 ostendit
1594 4658 1731 4714 hanc
1763 4675 1886 4730 pro-

298 4748 531 4819 pbetiam
559 4765 623 4804 ex
654 4759 802 4818 parte
822 4753 1142 4821 completam
1172 4771 1186 4805 :
1213 4750 1411 4804 Bonum
1439 4762 1546 4806 erat
1569 4754 1631 4816 ei,
1665 4754 1709 4807 si
1735 4765 1885 4808 natus

296 4860 392 4897 non
415 4844 592 4913 fuisset
619 4844 770 4899 homo
789 4844 879 4898 ille
906 4842 1117 4912 (Matth.
1149 4846 1241 4899 26.
1271 4845 1388 4914 2i).
1421 4845 1493 4901 De
1518 4845 1719 4900 Inda-is
1749 4863 1884 4916 quo-

296 4952 396 5006 que
423 4937 611 5009 eadem
639 4938 816 4992 dict're
847 4953 943 5006 par
972 4949 1074 4992 ρει.
1109 4938 1315 4992 Etenim
1345 4939 1387 4992 si
1418 4939 1522 4993 dox
1550 4940 1736 5008 plexos
1767 4940 1883 5005 fuit,

301 5031 463 5082 multo
492 5029 660 5099 magis
708 5029 783 5083 bi.
839 5027 943 5084 Sed
993 5029 1185 5083 borum
1229 5029 1362 5083 nihil
1409 5030 1582 5085 adhuc
1629 5033 1883 5106 loquitur.

301 5121 498 5175 Deinde
525 5121 818 5176 ostendens
856 5122 921 5176 de
949 5121 1065 5190 ipso
1091 5121 1211 5190 jure
1246 5121 1349 5176 dici
1398 5122 1524 5175 illud
1574 5122 1884 5189 Aceldama,

296 5215 498 5269 inducit
534 5215 850 5285 prophetam
881 5215 1144 5270 dicentem
1175 5233 1190 5270 :
1224 5213 1344 5269 Fiat
1375 5216 1618 5270 habitatio
1655 5218 1765 5284 ejus
1793 5217 1884 5270 de-

295 5319 428 5360 serta
459 5307 628 5379 (Psal.
661 5308 753 5364 68.
793 5308 907 5378 26).
954 5307 1092 5375 Quid
1119 5309 1262 5363 enim
1295 5307 1560 5363 desertius
1599 5311 1886 5379 sepulcro?

298 5398 420 5454 Ideo
451 5399 528 5453 sic
565 5399 689 5469 jure
712 5398 897 5454 debuit
937 5415 1066 5470 ager
1107 5401 1308 5455 vocari.
1353 5401 1454 5466 Qui
1484 5400 1626 5454 enim
1655 5403 1887 5472 pretium

298 5492 620 5556 numeravit,
652 5492 860 5546 etiamsi
891 5492 978 5545 alii
1019 5492 1272 5557 exuerint,
1317 5492 1407 5546 ille
1447 5493 1637 5546 merito
1675 5494 1886 5548 censeri

298 5584 458 5638 debet
484 5598 643 5638 causa
674 5599 796 5639 esse
826 5593 986 5638 tanta:
1031 5585 1399 5639 desolationis.
1443 5583 1570 5639 Haec
1598 5600 1762 5656 porro
1787 5585 1885 5640 de-

299 5674 490 5729 solatio
534 5675 854 5744 principium
897 5684 979 5731 est
1020 5674 1254 5731 Judaicae
1285 5675 1656 5742 desolationis,
1697 5678 1742 5731 si
1769 5677 1889 5746 quis

299 5765 583 5838 diligenter
609 5768 896 5836 expendat.
925 5767 1056 5823 Nam
1089 5777 1145 5823 et
1193 5769 1291 5838 ipsi
1335 5770 1542 5838 seipsos
1579 5770 1717 5823 tame
1740 5769 1889 5825 occi-

303 5864 516 5927 derunt,
544 5861 851 5932 multosque
880 5862 1285 5926 interemerunt,
1319 5871 1370 5918 et
1400 5861 1529 5915 urbs
1557 5861 1677 5932 ipsa
1705 5864 1884 5932 sepul-

2021 509 2172 550 crum
2205 493 2295 549 fuit
2330 495 2600 566 bospitutn
2628 506 2684 554 et
2710 500 2956 557 militum.
2986 503 3110 560 Illos
3138 521 3267 563 vero
3295 525 3366 566 ne
3393 513 3609 584 sepeliri

2018 587 2233 656 quidem
2263 589 2532 656 sinebant,
2561 600 2618 644 ut
2646 585 2917 661 sepultura
2962 596 3230 669 indignos.
3273 601 3482 675 Oportet
3515 609 3609 678 ἔθεε

2015 688 2117 743 tur,
2147 680 2335 749 inqttit,
2365 699 2426 736 ea:
2449 683 2530 736 his
2576 685 2694 738 viris
2731 687 2820 756 qui
2859 689 3116 744 nobiscum
3151 706 3269 748 stmt
3295 701 3606 768 congregati.

2016 770 2168 836 Vide,
2183 776 2452 842 quomodo
2478 776 2589 829 vult
2612 777 2729 831 illos
2746 786 2908 832 testes
2926 783 3166 840 ocnlatos
3189 784 3369 848 fuisse.
3395 791 3606 846 etiamsi

2011 864 2337 920 adventuros
2380 880 2523 922 esset
2573 869 2847 938 Spiritus:
2877 881 3109 930 attamen
3151 893 3398 946 magnam
3445 881 3605 952 hujus

2011 955 2085 1008 rei
2113 971 2291 1010 coram
2318 957 2564 1014 habebat.
2595 959 2680 1016 Ea:
2700 963 2838 1027 viris,
2869 964 3056 1034 inquit,
3088 967 3175 1036 qui
3195 969 3455 1025 nobiscum
3483 986 3604 1028 sunt

2009 1051 2320 1120 congregati,
2351 1051 2401 1103 in
2431 1053 2568 1105 onmi
2595 1062 2821 1122 tempore
2844 1073 2943 1124 quo
2971 1058 3174 1112 intravit
3212 1071 3259 1114 et
3287 1064 3436 1116 exiuit
3473 1065 3602 1119 inter

2007 1154 2100 1191 nos
2121 1139 2364 1194 Dominus
2383 1142 2554 1199 Jesus.
2579 1144 2855 1215 Signiﬁcat
2882 1148 3026 1219 ipsos
3049 1149 3318 1209 habitasse
3338 1170 3458 1210 cum
3483 1157 3599 1224 illo,

2006 1244 2106 1283 nec
2131 1232 2443 1301 simpliciter
2466 1236 2627 1290 fuisse
2655 1236 2963 1308 discipulos.
2993 1241 3253 1298 Nimirum
3281 1262 3308 1298 a
3342 1247 3604 1318 principio

2007 1323 2158 1376 multi
2187 1325 2552 1394 sequebantur
2573 1343 2718 1382 cum.
2753 1330 2884 1385 Vide
2926 1332 3377 1403 igiturquomodo
3409 1339 3551 1395 dicat
3584 1358 3597 1394 :

2005 1409 2134 1465 Erat
2164 1431 2297 1469 unus
2325 1433 2389 1470 ea:
2412 1418 2610 1473 duobus
2634 1421 2722 1488 qui
2742 1422 3010 1476 audierant
3029 1441 3061 1476 a
3087 1423 3312 1493 Joanne,
3334 1439 3380 1481 et
3400 1416 3600 1499 sequuti

2003 1514 2118 1557 sunt
2143 1505 2321 1560 Jesum
2347 1508 2524 1575 (Joan.
2562 1513 2614 1566 l.
2655 1512 2769 1581 40).
2813 1511 2881 1567 1η
2932 1516 3070 1569 omni
3117 1526 3358 1589 tempore,
3406 1521 3594 1592 inquit,

2001 1611 2102 1664 quo
2133 1597 2337 1652 intravit
2367 1611 2414 1653 et
2439 1603 2590 1656 exivit
2619 1604 2752 1657 inter
2776 1623 2868 1658 nos
2895 1605 3146 1663 Dominus
3172 1608 3327 1665 Iesus
3351 1613 3598 1682 incipiens

2000 1703 2032 1740 a
2060 1688 2360 1756 baptismate
2383 1692 2620 1748 Joannis.
2651 1695 2816 1750 Reme
2846 1699 3068 1764 etenim,
3098 1717 3220 1771 qua:
3259 1705 3406 1771 prius
3447 1717 3594 1776 gesta

2002 1777 2230 1846 fuerant,
2263 1798 2422 1837 nemo
2459 1797 2678 1840 noverat
2707 1787 2964 1853 edoctusr
2989 1791 3081 1846 sed
3109 1808 3138 1846 a
3166 1793 3366 1864 Spiritu
3393 1797 3595 1854 didice-

2000 1881 2146 1926 runt.
2179 1871 2349 1938 Usque
2368 1876 2418 1928 in
2441 1876 2594 1945 dicm,
2618 1877 2806 1948 inqttit,
2834 1898 2935 1951 qua
2961 1896 3251 1953 assumptus
3277 1897 3349 1943 est
3375 1907 3405 1941 a
3431 1893 3592 1959 nobis,

1999 1971 2172 2016 testem
2195 1967 2573 2022 resurrectionis
2600 1970 2709 2040 ejus
2750 1972 3006 2026 nobiscum
3040 1975 3152 2042 fieri
3182 1993 3338 2032 unum
3375 1981 3590 2036 existis.

1998 2055 2113 2111 Non
2142 2057 2295 2122 dixit,
2327 2059 2656 2116 Ca-terorum
2702 2072 2892 2118 testem
2920 2081 2934 2130 ;
2967 2068 3082 2133 sed,
3136 2068 3330 2123 Testem
3363 2087 3592 2126 resurre-

1997 2148 2197 2216 ctionis,
2230 2158 2456 2206 tantum.
2500 2151 2634 2208 Nam
2669 2155 2773 2210 fide
2799 2156 3015 2226 dignior
3041 2169 3158 2212 erat
3186 2160 3248 2221 is.
3283 2163 3372 2232 qui
3411 2164 3593 2222 dicere

1999 2253 2244 2312 poterat:
2277 2247 2376 2314 Qui
2423 2247 2636 2312 edebat,
2679 2249 2922 2318 bibebat,
2965 2262 3020 2307 et
3065 2255 3353 2310 crucifixus
3391 2266 3492 2324 est,
3547 2259 3592 2314 is

1998 2335 2111 2403 ipse
2161 2339 2475 2392 resurrexit.
2533 2341 2718 2410 Itaque
2764 2358 2937 2413 neque
2979 2347 3257 2413 przeteriti,
3291 2363 3463 2418 neque
3506 2365 3596 2406 se-

1995 2429 2206 2495 quentis
2237 2432 2511 2500 temporis,
2547 2448 2720 2503 neque
2751 2435 3026 2504 signorum
3061 2445 3251 2491 testem
3281 2454 3402 2496 esse
3425 2456 3612 2511 opor-

1997 2521 2162 2587 lebat,
2192 2523 2285 2576 sed
2321 2527 2734 2581 resurrectionis
2766 2538 2995 2584 tantum.
3036 2531 3123 2584 Illa
3158 2548 3387 2603 namque
3414 2537 3590 2590 mani-

1996 2611 2126 2666 festa
2181 2623 2236 2667 et
2275 2615 2326 2667 in
2369 2615 2618 2670 confesso
2668 2629 2850 2682 erant;
2892 2623 3214 2675 resurrectio
3243 2630 3421 2677 autem
3452 2625 3588 2680 clam

1995 2705 2128 2759 facta
2161 2705 2355 2770 fuerat,
2387 2708 2574 2777 hisque
2604 2711 2777 2762 solum
2824 2724 2947 2764 nota
2977 2721 3114 2768 erat.
3142 2713 3326 2783 Neque
3355 2717 3538 2772 dicunt
3571 2736 3586 2772 :

1994 2798 2181 2866 Angeli
2223 2798 2474 2853 dixerunt
2507 2801 2689 2865 nobis;
2723 2801 2839 2862 sed.
2870 2801 2978 2856 Nos
3021 2800 3252 2859 vidimus
3307 2806 3585 2864 Undenam

1991 2891 2043 2946 id
2077 2891 2417 2947 manifestmn
2447 2894 2568 2948 est?
2600 2894 2676 2948 Ex
2717 2895 2987 2949 miraculis
3028 2912 3148 2966 qua;
3183 2895 3426 2952 faciams.
3463 2900 3588 2956 ideo

1993 2990 2118 3036 tune
2151 2983 2484 3052 petissimom
2534 2985 2652 3039 illos
2710 2985 2813 3040 fide
2846 2986 3035 3056 dignos
3070 3003 3190 3043 esse
3223 2991 3478 3058 Oportnit.
3525 2991 3586 3046 Et

1987 3084 2296 3141 statuerunt,
2332 3077 2524 3147 inquit,
2553 3080 2700 3131 duos.
2745 3078 2852 3133 Cor
2893 3096 2998 3134 non
3049 3081 3266 3151 plures?
3302 3082 3380 3138 Ne
3415 3084 3587 3153 major

1991 3169 2145 3225 fieret
2172 3170 2474 3225 animorum
2508 3172 2858 3241 perturbatio,
2896 3190 3029 3230 neve
3060 3191 3146 3231 res
3177 3177 3228 3231 in
3258 3179 3456 3233 multos
3479 3195 3578 3234 ex-

1989 3248 2464 3320 tenderetur.vNec
2493 3265 2614 3320 sine
2649 3281 2809 3320 causa
2842 3267 3119 3322 Matthiam
3163 3271 3368 3340 adjicit,
3404 3274 3499 3328 sed
3531 3285 3588 3330 ut

1988 3357 2234 3412 ostendat
2256 3373 2400 3422 eum,
2424 3358 2511 3428 qui
2537 3358 2678 3428 apud
2705 3357 2948 3414 homines
2970 3360 3298 3417 honorabilis
3319 3374 3422 3432 est,
3443 3368 3586 3436 apud

1990 3451 2156 3505 Deum
2209 3465 2330 3506 esse
2380 3451 2502 3506 infe:
2519 3451 2708 3506 iorem.
2749 3451 2818 3507 Et
2861 3453 3017 3508 simul
3067 3471 3256 3511 omnes
3300 3469 3586 3528 precantur

1988 3543 2250 3610 dicentes,
2285 3543 2382 3608 Tu,
2410 3544 2646 3610 Domine,
2676 3549 2762 3616 qui
2789 3548 2945 3600 corda
2969 3549 3099 3601 nosti
3131 3553 3379 3618 omnium,
3412 3563 3581 3609 osten-

1989 3633 2071 3686 de.
2115 3634 2233 3701 'l‘u,
2285 3650 2392 3688 non
2442 3650 2560 3688 nos.
2611 3635 2925 3704 OppOt-tone
2964 3639 3206 3694 cordium
3254 3647 3583 3713 cognitorem

1988 3735 2183 3780 vocant
2213 3743 2228 3780 :
2257 3729 2325 3780 ab
2369 3727 2463 3780 illo
2506 3728 2650 3782 enim
2683 3729 2877 3783 electio
2914 3730 3149 3784 facienda
3182 3744 3316 3799 erat,
3363 3751 3468 3788 non
3516 3737 3584 3789 ab

1987 3821 2128 3874 aliis.
2181 3820 2271 3876 Sic
2317 3821 2658 3878 confidenter
2713 3822 3087 3892 loquebantur,
3138 3827 3261 3896 quia
3303 3829 3587 3898 oportebat

1988 3914 2209 3967 omnino
2255 3929 2421 3968 unum
2465 3913 2610 3984 eligi.
2669 3913 2855 3984 Neque
2909 3916 3180 3977 dixerunt.
3237 3919 3413 3989 Elige;
3464 3921 3581 3986 sed,

1988 4005 2223 4060 Ostende
2276 4006 2503 4060 electmn
2535 4047 2552 4072 ,
2600 4006 2762 4073 Quem
2800 4008 3050 4076 elegeris,
3099 4011 3305 4079 inquit:
3351 4012 3587 4069 scientes

1988 4100 2168 4150 omnia
2187 4113 2214 4150 a
2245 4097 2353 4150 Deo
2382 4097 2709 4167 pra'deiinita
2733 4116 2872 4154 esse.
3003 4102 3082 4154 Itis
3103 4103 3299 4157 duobus
3319 4122 3477 4158 unum
3500 4124 3588 4159 ac-

1989 4191 2155 4259 cipere
2175 4199 2358 4243 sortem
2387 4190 2651 4244 ministerii
2679 4193 2831 4256 hujus
2852 4204 2897 4246 rt
2925 4195 3255 4261 apostolatus.
3282 4196 3415 4250 Erat
3441 4200 3588 4252 enim

1991 4283 2150 4337 etiam
2185 4283 2329 4336 aliud
2369 4282 2750 4337 ministerium.
2781 4283 2844 4336 fit
2868 4285 3114 4337 dederunt
3139 4296 3298 4339 sortes
3327 4289 3416 4341 eis.
3439 4289 3586 4342 Non-

1991 4376 2116 4429 dum
2136 4377 2277 4430 enim
2297 4394 2355 4430 se
2377 4375 2572 4445 dignos
2591 4391 2709 4430 esse
2728 4375 3112 4447 pntahant,qtti
3133 4394 3198 4431 ex
3227 4393 3348 4434 Sese
3375 4381 3472 4449 ipsi
3507 4383 3585 4435 fa-

1991 4470 2512 4525 cerentclectionem
2536 4487 2549 4522 :
2575 4469 2695 4524 ideo
2719 4471 2941 4541 cupiunt
2969 4471 3149 4540 aliquo
3171 4471 3324 4542 signo
3349 4475 3588 4528 edoreri.

2066 4563 2120 4618 ι.
2153 4561 2402 4631 Alioquin
2435 4577 2583 4627 vero,
2616 4562 2658 4615 si
2703 4563 2788 4615 ubi
2823 4577 2922 4616 nec
2965 4563 3203 4632 precatio
3233 4574 3368 4630 erat,
3411 4581 3589 4637 neque

1993 4653 2136 4725 digiti
2167 4654 2260 4706 viri
2302 4653 2547 4717 aderant,
2581 4662 2784 4706 tantum
2817 4653 2979 4707 valuit
3004 4668 3142 4719 sors,
3173 4671 3238 4708 eo
3265 4656 3408 4728 quod
3440 4669 3594 4713 recto

1993 4745 2174 4799 animo
2203 4746 2375 4807 lieret,
2419 4760 2610 4813 nempe
2648 4759 2811 4812 super
2854 4743 2988 4799 .Iona
3021 4763 3034 4798 :
3087 4747 3254 4800 multo
3282 4750 3450 4817 magis
3479 4749 3584 4811 hic.

1995 4837 2084 4890 ubi
2115 4836 2339 4890 ebormn
2385 4837 2640 4905 explevit,
2695 4835 2780 4888 ubi
2830 4834 3074 4890 ordinem
3127 4836 3368 4906 perfecit.
3405 4839 3596 4912 Neque

1994 4929 2132 4982 alter
2160 4927 2360 4993 doluit;
2393 4943 2496 4980 non
2523 4928 2668 4980 enitn
2702 4926 2752 4980 id
2779 4927 3072 4982 tacuissent
3091 4930 3339 4998 apostoli,
3369 4932 3458 5001 qui
3484 4951 3593 4985 ntm

1995 5022 2368 5076 abstinuerunt
2392 5037 2421 5074 a
2453 5021 2751 5075 referendis
2779 5022 2938 5075 etiam
2965 5023 3354 5092 prmeipuornm
3376 5037 3593 5094 aposto-

1997 5116 2170 5169 lorum
2197 5117 2359 5179 vinis,
2407 5115 2622 5183 quando
2671 5130 2865 5184 nempe
2912 5115 3168 5186 indignati
3214 5127 3340 5171 sunt
3369 5134 3474 5172 non
3503 5134 3589 5172 se-

1997 5211 2124 5273 mel,
2158 5209 2251 5263 sed
2282 5209 2362 5262 bis
2391 5217 2444 5263 et
2470 5209 2688 5276 plurics.
2723 5211 2828 5261 llos
2873 5209 3049 5278 itaque
3075 5221 3128 5264 et
3159 5226 3256 5265 nos
3296 5212 3588 5264 imitemur.

1999 5301 2113 5355 Non
2160 5303 2410 5354 omnilms
2448 5302 2656 5369 loquor,
2699 5301 2793 5355 sed
2836 5300 2920 5364 iis,
2947 5301 3036 5370 qui
3072 5303 3424 5370 principatum
3463 5301 3594 5354 affe-

2000 5403 2164 5447 ctant.
2189 5393 2241 5446 Si
2269 5393 2444 5446 credis
2470 5391 2788 5447 electionem
2812 5408 2838 5444 a
2865 5391 2976 5446 Deo
2999 5408 3140 5454 esse.
3171 5409 3237 5445 ne
3263 5392 3551 5460 indigneris
3576 5413 3590 5446 :

2000 5487 2260 5542 adversus
2293 5486 2439 5539 illum
2483 5486 2625 5538 enim
2674 5485 2965 5554 indignaris
3007 5496 3059 5538 et
3097 5485 3320 5537 irritaris
3350 5502 3364 5536 :
3395 5484 3482 5539 ille
3511 5493 3595 5540 est
3643 5491 3654 5500 ‘

1999 5582 2088 5652 qui
2139 5579 2323 5649 elegit.
2353 5577 2411 5635 Si
2433 5591 2614 5634 autem
2636 5581 2793 5649 elegit
2819 5581 2926 5642 ξιιμ,
2951 5588 3003 5632 et
3024 5576 3381 5645 sicindignari
3403 5579 3592 5645 audes,

2001 5671 2234 5742 idipsum
2260 5668 2395 5725 facis
2420 5668 2565 5740 quod
2586 5669 2740 5723 Cain.
2764 5666 2898 5721 Com
2926 5665 3067 5721 enim
3093 5671 3396 5736 approbare
3424 5684 3584 5739 opor-

2001 5767 2210 5824 tviisset,
2243 5778 2384 5832 aegre
2409 5771 2468 5820 et
2491 5760 2710 5831 indigne
2739 5760 2860 5814 tulit
2884 5760 2996 5823 ille,
3024 5759 3168 5829 quod
3197 5759 3379 5816 fratris
3403 5761 3488 5818 sui
3517 5763 3597 5818 vi-

1997 5856 2172 5914 ctima
2203 5859 2476 5919 acceptior
2502 5865 2644 5910 esset
2670 5872 2685 5921 ;
2725 5854 2938 5925 quando
2970 5851 3252 5926 compungi
3275 5850 3588 5923 oportebat.
