4092 6484
237 440 287 499 ﬂ
1264 437 1336 497 IN
1374 437 1553 495 ACTA
1596 430 2125 491 APOSTOLURUM.
2179 431 2410 489 IIUMIL.
2457 431 2546 490 IV.
3488 448 3561 507 η

232 574 316 613 non
347 556 496 629 quod
528 555 665 613 illos
690 556 946 617 laudare
971 602 989 626 ,
1018 557 1121 616 sed
1144 556 1285 631 quod
1326 556 1471 614 hunc
1496 552 1747 611 mordere
1773 566 1858 609 ve-

229 649 324 715 lint,
347 646 736 719 coepiscopos
762 661 827 706 et
856 651 1216 723 presbyteros
1241 656 1628 706 memorantes.
1663 645 1855 710 Dulce,

225 741 372 805 aiunt,
401 739 1001 813 bellum-inexpertis.
1034 743 1148 799 Hoc
1169 753 1223 798 et
1245 755 1387 796 nunc
1410 739 1591 796 dicere
1615 753 1713 810 par
1737 747 1820 793 est
1842 754 1858 796 :

227 834 319 889 imo
341 834 511 889 etiam
540 833 816 891 dicimus
844 845 1143 909 antequam
1167 837 1217 891 in
1244 845 1518 892 certamen
1541 834 1858 898 veniamus;

227 940 328 981 etim
355 937 550 983 autem
602 943 685 984 eo
729 930 1001 985 venimus
1023 970 1040 996 ,
1071 945 1175 986 non
1215 944 1246 984 a
1282 929 1439 999 vulgo
1463 927 1858 999 eognoscimur.

229 1019 328 1074 Non
356 1030 443 1076 est
473 1022 643 1076 enim
687 1023 818 1093 jam
847 1024 1010 1081 nobis
1034 1023 1233 1080 bellum
1255 1031 1441 1077 contra
1473 1036 1588 1089 eos,
1619 1020 1707 1092 qui
1739 1034 1863 1091 pau-

236 1126 367 1181 peres
405 1114 803 1184 opprimunt,
856 1130 1032 1186 neque
1071 1129 1290 1186 gregem
1331 1111 1715 1177 defendimus;
1765 1109 1860 1166 sed

238 1215 285 1256 ut
306 1214 559 1273 pastores
582 1206 674 1262 illi
702 1207 783 1264 ab
807 1206 1100 1264 Ezechiele
1142 1204 1294 1280 (Cap.
1334 1206 1424 1261 54.
1448 1203 1510 1275 2)
1553 1201 1857 1268 memorati,

242 1307 527 1352 maetamus
574 1309 642 1355 et
695 1298 1051 1356 devoramus.
1082 1298 1212 1369 Quis
1248 1306 1492 1353 nostrum
1538 1306 1737 1351 tantam
1768 1310 1863 1351 cn-

245 1401 347 1442 ram
390 1387 640 1446 exhibet
682 1389 840 1449 circa
890 1406 1080 1463 greges
1121 1390 1345 1457 Christi,
1392 1400 1648 1461 quantum
1694 1387 1863 1444 Jacob

248 1478 379 1536 circa
406 1496 615 1553 greges
647 1482 866 1539 Labaui
893 1485 917 1538 ?
943 1483 1065 1554 quis
1092 1482 1403 1539 describere
1446 1483 1615 1552 possit
1645 1490 1857 1536 noctur.

254 1585 368 1625 num
412 1573 542 1643 gelu
574 1574 603 1629 2
660 1573 749 1630 Ne
791 1574 922 1630 mihi
972 1574 1171 1631 dixeris
1228 1574 1506 1645 pervigilia
1553 1582 1864 1643 tantamque

252 1664 542 1725 exhibitam
571 1683 799 1725 curam.
822 1668 1016 1725 Totum
1046 1670 1204 1741 igitur
1229 1670 1561 1725 contrarium
1585 1678 1686 1724 est.
1715 1667 1864 1724 Con-

256 1757 395 1813 sules
430 1769 487 1815 et
519 1760 778 1829 praefecti
816 1776 921 1816 non
955 1770 1101 1817 tanto
1128 1761 1377 1817 fruuntur
1408 1761 1634 1823 honore.
1662 1770 1863 1832 quanto

258 1846 301 1902 is
340 1849 431 1920 qui
478 1860 694 1920 praeest
737 1851 1022 1908 Ecclesia).
1073 1851 1129 1908 Si
1173 1853 1228 1908 in
1259 1852 1460 1924 regiam
1510 1851 1859 1924 ingrediatur,

258 1940 372 2009 quis
400 1942 622 2011 primus
666 1951 755 1999 est
780 1943 805 1997 ?
831 1943 876 1999 si
905 1943 1043 2014 apud
1070 1955 1343 2000 matronas
1362 1986 1376 2011 ,
1417 1944 1463 2001 si
1496 1946 1548 2000 in
1579 1960 1860 2016 procerum

262 2034 421 2100 ardes,
442 2051 615 2092 nemo
642 2037 719 2092 illi
754 2038 1116 2109 anteponitur.
1147 2039 1334 2095 Omnia
1366 2041 1640 2110 perierunt
1662 2050 1719 2097 et
1735 2057 1861 2097 cor-

265 2138 415 2195 rupta
439 2138 599 2184 sunt.
628 2129 758 2186 Haec
782 2130 926 2196 dico,
960 2148 1066 2187 non
1094 2141 1154 2188 ut
1174 2146 1268 2188 vos
1298 2133 1505 2203 pudore
1532 2133 1858 2203 suﬂ’nndam,

263 2219 355 2271 sed
403 2229 465 2273 ut
506 2229 751 2276 vestram
800 2221 1081 2279 eohibeam
1125 2224 1492 2295 cupiditatem.
1535 2225 1655 2294 Quo
1694 2227 1863 2285 uteris

265 2310 503 2377 cutiscio,
535 2312 584 2366 si
611 2313 822 2369 ambias
849 2315 935 2370 vel
973 2329 1073 2383 per
1101 2323 1154 2371 te
1185 2316 1271 2373 vel
1294 2331 1391 2386 per
1425 2317 1592 2373 alium
1618 2318 1643 2373 ‘i
1666 2319 1862 2390 quibus

265 2404 433 2458 oculis
462 2405 729 2475 respicies
752 2422 875 2463 eum
903 2409 993 2480 qui
1025 2409 1118 2464 tibi
1153 2409 1255 2465 fuit
1278 2411 1524 2467 auxilio?
1546 2413 1674 2483 quid
1705 2422 1862 2483 pote-

264 2495 339 2550 ris
378 2498 448 2552 ad
495 2498 576 2554 tui
615 2500 986 2559 defensionem
1028 2503 1314 2573 proferre?
1358 2504 1490 2561 Nam
1533 2507 1624 2578 qui
1665 2507 1864 2563 invitus

265 2599 484 2644 coactus
534 2590 652 2656 fuit,
704 2592 934 2662 aliquam
978 2595 1140 2651 habet
1174 2597 1608 2664 excusationem,
1648 2599 1862 2655 etiamsi

267 2682 588 2755 plerumque
618 2685 707 2741 hic
735 2702 945 2759 quoque
968 2689 1168 2745 nullam
1197 2690 1390 2747 habent
1411 2692 1622 2748 veniam
1652 2710 1668 2748 :
1699 2704 1863 2749 crete-

268 2788 383 2827 ruui
412 2776 651 2845 aliquam
681 2786 858 2835 tamen
876 2782 1270 2839 excusationem
1295 2784 1474 2841 habet.
1497 2785 1707 2857 Cogita,
1733 2788 1861 2858 quid

270 2866 529 2924 acciderit
555 2868 788 2927 Simoni.
818 2874 953 2943 Quid
981 2876 1125 2930 enim
1150 2876 1334 2944 refert,
1369 2878 1414 2933 si
1445 2887 1724 2953 argentum
1755 2896 1862 2936 non

268 2958 483 3014 dederis
507 2979 524 3025 ;
558 2964 605 3016 si
629 2966 836 3035 argenti
863 2965 1004 3033 loco,
1030 2967 1288 3038 aduleris,
1317 2978 1371 3026 et
1400 2968 1680 3028 machinas
1706 2973 1864 3027 adhi-

276 3053 404 3109 beas
431 3056 456 3109 ?
484 3058 769 3128 Argentum
788 3069 928 3114 tuum
951 3071 1111 3116 tecum
1138 3063 1203 3117 sit
1223 3063 1275 3117 in
1296 3065 1627 3135 perditionem
1645 3067 1783 3135 (Act.
1806 3068 1860 3122 8.

268 3145 387 3215 9.0).
421 3149 534 3204 lloc
564 3152 639 3206 illi
665 3153 837 3217 dixit;
866 3152 1053 3225 hisque
1077 3155 1221 3211 dicet
1253 3176 1267 3213 :
1302 3159 1537 3214 Ambitio
1561 3169 1737 3217 vestra
1766 3177 1866 3216 vo-

257 3248 478 3303 biscum
520 3244 586 3296 sit
620 3244 670 3298 in
703 3244 1074 3314 perditionem,
1102 3251 1224 3317 quia
1259 3253 1483 3321 putastis
1514 3269 1607 3308 vos
1634 3252 1863 3309 humana

268 3337 589 3393 cit-mitione
625 3339 826 3394 donum
882 3338 977 3393 Dei
1026 3356 1374 3409 possessuros
1398 3358 1542 3400 esse.
1576 3346 1645 3400 At
1688 3347 1868 3403 nullus

271 3427 395 3481 tals
412 3438 500 3483 cst
518 3431 543 3480 ?
568 3429 785 3493 Utinam
813 3450 920 3490 non
947 3431 1329 3508 sil!Cuperetn
1360 3451 1491 3492 sane
1520 3437 1710 3493 horum
1735 3440 1867 3495 nihil

266 3519 337 3572 ad
376 3534 477 3575 vos
502 3522 775 3591 pertinere
803 3542 818 3580 :
847 3542 991 3583 nunc
1010 3538 1191 3585 autem
1222 3543 1289 3586 ex
1316 3528 1601 3585 verborum
1642 3531 1782 3587 serie
1813 3532 1867 3587 in

272 3609 373 3665 has
396 3612 690 3672 incidimus
712 3632 1012 3676 sermones.
1043 3619 1227 3693 Neque
1255 3622 1425 3689 enim,
1446 3623 1663 3692 quando
1687 3624 1869 3678 avari-

271 3704 399 3759 tiam
425 3708 777 3776 insectamur,
799 3722 985 3768 contra
1002 3728 1099 3771 vos
1118 3715 1411 3787 loquimur,
1429 3714 1524 3773 sed
1553 3731 1727 3786 neque
1748 3732 1872 3771 con-

276 3803 360 3851 tra
390 3812 558 3853 unum
584 3800 821 3870 quidem.
851 3802 1068 3861 Utinam
1096 3822 1226 3864 vero
1255 3808 1372 3864 haec
1396 3809 1687 3881 pharmace
1711 3824 1740 3863 a
1770 3825 1870 3864 no-

276 3884 361 3942 bis
385 3888 581 3945 frustra
610 3902 866 3963 parentur
891 3911 909 3951 :
935 3895 1053 3955 haec
1066 3909 1192 3956 sunt
1214 3900 1544 3958 medicorum
1571 3915 1712 3973 vota,
1740 3902 1873 3959 nihil

275 3978 420 4034 aliud
462 3984 875 4055 postulantium,
902 4003 1062 4059 quam
1111 4001 1165 4045 ut
1205 4001 1328 4061 post
1355 3994 1583 4051 multum
1629 3996 1872 4054 laborem

279 4072 515 4128 remedia
547 4076 745 4131 frustra
770 4088 952 4149 parata
984 4080 1352 4152 proiiciantur.
1378 4083 1503 4141 ilice
1522 4096 1577 4142 et
1602 4102 1702 4142 nos
1720 4099 1875 4159 opta-

278 4175 417 4228 mus,
450 4173 511 4219 ut
540 4165 702 4221 verba
728 4177 911 4225 nostra
940 4168 1141 4227 frustra
1186 4182 1240 4229 et
1272 4173 1324 4229 in
1354 4190 1534 4233 aerem
1575 4177 1790 4246 abeant,
1817 4188 1875 4235 et

279 4257 441 4313 verba
483 4267 689 4315 tantum
719 4262 847 4318 sint.
884 4262 1148 4336 Equidem
1180 4278 1396 4338 paratus
1435 4285 1556 4327 sum
1598 4271 1665 4327 ad
1693 4275 1873 4329 omnia

277 4350 621 4417 sustinenda,
653 4361 711 4409 ut
737 4370 845 4412 non
875 4360 945 4412 sit
970 4369 1105 4428 opus
1135 4358 1250 4416 haec
1286 4361 1487 4419 dicere.
1514 4363 1652 4433 Quin
1677 4366 1723 4421 si
1751 4366 1874 4424 vul-

279 4442 372 4508 tis,
397 4443 721 4515 tacebimus,
750 4446 877 4504 dum
903 4449 1177 4506 silentium
1219 4454 1289 4509 sit
1330 4453 1448 4512 sine
1483 4458 1744 4527 periculo.
1772 4458 1876 4517 Ne-

1967 564 2075 620 que
2121 549 2266 605 enim
2307 558 2437 621 puto
2481 551 2786 624 quempiam
2817 555 3161 625 quantumvis
3200 570 3353 615 vanae
3378 560 3570 632 gloria;

1967 641 2241 713 cupidum,
2272 641 2377 697 nisi
2402 650 2561 700 vocet
2584 644 2880 700 necessitas
2904 685 2918 711 ,
2948 645 3084 702 velle
3109 647 3304 707 frustra
3331 665 3454 707 sese
3482 651 3569 709 ef-

1967 730 2130 788 ferre.
2157 732 2529 790 Concedemus
2553 734 2704 790 vobis
2725 734 3025 794 doctrinam
3052 756 3066 793 :
3094 737 3211 796 lucc
3229 744 3427 814 quippe
3450 757 3566 799 ma-

1962 822 2052 894 jor
2074 822 2340 893 doctrina,
2364 842 2484 895 qua:
2505 826 2659 882 factis
2684 826 2858 884 docet.
2877 828 3320 903 Quandoquidem
3345 844 3399 891 et
3417 839 3562 906 opti-

1967 916 2042 972 mi
2085 918 2300 986 medici,
2344 920 2554 977 etiamsi
2578 935 2845 992 aegrorum
2879 924 3053 981 morbi
3083 928 3388 983 mercedem
3418 931 3553 1000 ipsis

1970 1009 2202 1078 pariant,
2233 1010 2424 1066 malint
2468 1021 2646 1068 tamen
2690 1014 2894 1071 amicos
2931 1030 3062 1072 suos
3090 1018 3228 1074 bene
3254 1020 3453 1076 valere.
3488 1020 3560 1077 Et

1967 1116 2069 1157 nos
2092 1104 2344 1174 cupimus
2372 1119 2567 1162 omnes
2594 1105 2732 1162 bene
2756 1107 2961 1165 valere.
2988 1108 3105 1164 Non
3138 1110 3283 1166 enim
3312 1114 3560 1182 cupimus

1968 1211 2067 1251 nos
2114 1197 2366 1266 probatos
2407 1213 2565 1266 esse,
2596 1215 2693 1255 vos
2718 1209 2901 1257 autem
2933 1203 3215 1272 reprobos.
3252 1204 3479 1273 Vellem,
3513 1208 3563 1264 si

1969 1288 2081 1343 fieri
2104 1298 2320 1358 posset,
2350 1304 2525 1345 meam
2546 1306 2671 1362 erga
2697 1306 2794 1346 vos
2812 1293 3089 1349 caritatem
3118 1293 3247 1365 ipsis
3269 1295 3438 1352 oculis
3468 1312 3561 1352 ex-

1969 1377 2157 1435 hibere
2188 1398 2201 1434 :
2236 1382 2415 1437 nullus
2435 1383 2580 1438 enim
2613 1393 2799 1454 postea
2833 1401 2920 1441 me
2944 1387 3313 1458 redargueret,
3345 1390 3562 1445 etiamsi

1963 1486 2158 1542 aspero
2186 1488 2437 1530 sermone
2465 1485 2665 1531 uterer.
2714 1476 2845 1532 Nam
2872 1476 3008 1533 Fide
3039 1479 3273 1550 digniora
3298 1490 3418 1535 sunt
3446 1482 3561 1536 rul-

1965 1579 2088 1617 nera
2112 1564 2282 1631 amici,
2299 1581 2454 1637 quam
2474 1576 2754 1638 spontanea
2772 1570 2946 1624 oscula
2965 1570 3192 1642 inimici(
3204 1570 3353 1626 Prov.
3374 1569 3461 1627 27'.
3478 1571 3560 1645 6).

1966 1653 2110 1710 Nihil
2140 1657 2271 1712 mihi
2295 1657 2472 1714 carius
2500 1660 2678 1727 vobis,
2705 1676 2775 1717 ne
2796 1661 2909 1732 ipsa
2935 1662 3156 1733 quidem
3181 1665 3291 1719 lux.
3315 1664 3560 1737 Optarim

1966 1747 2111 1803 enim
2133 1749 2217 1805 vel
2245 1749 2444 1806 millies
2467 1753 2750 1818 excascari,
2775 1754 2821 1810 si
2849 1755 2927 1810 sic
2955 1756 3165 1811 animas
3193 1769 3401 1813 \‘89ll‘as
3424 1773 3560 1814 eon-

1967 1849 2177 1897 vcrtere
2219 1857 2430 1913 possem
2461 1863 2476 1900 :
2501 1840 2582 1900 sic
2616 1845 2747 1900 mihi
2774 1846 2921 1903 salus
2940 1859 3121 1905 vestra
3153 1849 3265 1921 ipsa
3294 1851 3414 1906 luce
3442 1852 3564 1907 dul-

1965 1934 2082 1990 cior
2119 1944 2222 1992 est.
2270 1936 2408 2005 Quid
2448 1938 2592 1993 enim
2637 1950 2864 2009 prosunt
2894 1940 3024 1996 mihi
3066 1942 3274 1999 solares
3313 1945 3470 2013 radii,
3513 1947 3563 2002 si

1966 2027 2121 2085 dolor
2160 2038 2384 2100 propter
2411 2046 2506 2087 vos
2548 2041 2734 2100 ortus,
2764 2034 2953 2090 oculos
2993 2036 3229 2091 tenebris
3270 2036 3510 2092 offundat
3536 2039 3562 2092 2

1966 2118 2119 2177 Tunc
2145 2120 2233 2176 lux
2259 2120 2398 2177 bona
2428 2131 2539 2193 est,
2567 2125 2783 2195 quando
2808 2139 2930 2181 cum
2964 2126 3144 2183 laetitia
3172 2129 3353 2199 prodit
3384 2148 3397 2185 :
3421 2146 3565 2187 mte-

1966 2213 2103 2268 renti
2128 2213 2328 2286 quippe
2355 2216 2550 2272 anima:
2570 2218 2792 2273 molesta
2813 2231 2917 2275 eat.
2940 2219 3094 2288 Quod
3120 2237 3251 2277 vero
3273 2238 3378 2278 non
3405 2240 3562 2281 meu-

1967 2304 2090 2373 tiar,
2115 2306 2315 2361 utinam
2337 2322 2628 2379 numquam
2648 2310 2920 2383 contingat
2941 2314 3312 2383 experimento
3331 2317 3559 2372 discere.

1966 2393 2234 2454 Cancrum
2280 2399 2328 2454 si
2373 2400 2587 2471 quando
2637 2406 2924 2474 contigerit
2968 2408 3278 2478 quempiam
3319 2419 3560 2465 vestrum

1969 2502 2214 2557 peccare,
2244 2489 2531 2548 dormienti
2563 2495 2693 2551 mihi
2721 2497 2945 2565 adeste;
2973 2513 3211 2569 peream,
3246 2502 3291 2555 si
3323 2517 3430 2557 non
3463 2518 3560 2571 pa-

1967 2581 2208 2652 ralyticis
2260 2594 2353 2640 aut
2403 2595 2584 2643 mente
2617 2590 2789 2659 captis
2831 2592 3021 2647 similis
3073 2593 3211 2659 sim,
3266 2595 3563 2652 secundum

1969 2673 2345 2744 propheticum
2374 2676 2598 2745 dictum,
2633 2680 2700 2734 Et
2732 2681 2904 2736 lumen
2942 2686 3206 2739 oculorum
3245 2703 3473 2741 meorum
3513 2698 3564 2741 et

1966 2765 2137 2837 ipsum
2158 2785 2261 2823 non
2282 2779 2357 2823 est
2380 2787 2576 2825 ntecum
2609 2773 2629 2845 (
2656 2770 2802 2828 Psal.
2834 2776 2925 2830 57.
2959 2777 3028 2833 10
3051 2776 3096 2849 ).
3126 2780 3259 2845 Quae
3287 2782 3432 2836 enim
3458 2796 3563 2838 no-

1968 2859 2056 2914 bis
2083 2873 2229 2931 spes,
2258 2861 2410 2919 vobis
2449 2879 2554 2920 non
2584 2865 2985 2935 proficientibus
3013 2870 3036 2925 ?
3062 2873 3183 2941 quis
3211 2889 3416 2929 maeror
3441 2890 3564 2931 esse

1970 2954 2162 3020 possit,
2193 2953 2347 3009 vobis
2397 2957 2655 3028 prmelare
2701 2960 3032 3030 agentibus?
3063 2963 3172 3018 Ceu
3215 2965 3318 3021 alis
3366 2968 3567 3024 instru-

1970 3054 2092 3101 ctus
2121 3047 2325 3118 videor,
2354 3064 2476 3105 cum
2509 3051 2633 3107 boni
2659 3053 2931 3124 quidpiam
2959 3056 3027 3112 de
3056 3059 3208 3113 vobis
3233 3061 3413 3115 audio.
3446 3060 3561 3115 lm-

1972 3139 2104 3209 plete
2128 3142 2374 3212 gaudium
2397 3161 2563 3200 meum
2591 3144 2614 3218 (
2646 3144 2874 3219 Philipp.
2915 3148 2972 3203 ‘2.
3003 3149 3039 3203 2
3063 3148 3105 3221 ).
3150 3152 3261 3207 lloc
3304 3155 3477 3210 solum
3508 3156 3562 3212 in

1971 3242 2097 3287 voto
2136 3233 2308 3290 habeo
2331 3276 2349 3301 ,
2380 3237 2523 3307 quod
2551 3238 2853 3300 desiderem
2891 3242 3187 3311 profectum
3219 3256 3473 3303 vestrum.
3504 3247 3564 3304 lu

1974 3323 2077 3379 hoc
2098 3340 2225 3380 vero
2241 3341 2366 3382 eum
2391 3330 2642 3385 omnibus
2661 3330 2901 3398 tlecerto,
2917 3335 3060 3404 quod
3085 3351 3181 3392 vos
3203 3352 3399 3407 atnem,
3421 3343 3565 3412 quod

1973 3420 2305 3490 complectar
2337 3441 2352 3478 :
2384 3426 2506 3494 quia
2537 3440 2635 3481 vos
2661 3425 2791 3481 mihi
2833 3429 3012 3485 omnia
3043 3432 3195 3498 estis,
3226 3442 3282 3488 et
3310 3443 3482 3503 pater,
3512 3446 3568 3491 et

1974 3521 2167 3582 mater,
2199 3523 2256 3569 et
2279 3513 2570 3584 fratres,,et
2592 3517 2707 3575 lilii.
2736 3519 2813 3575 Ne
2835 3523 3033 3591 putetis
3049 3538 3236 3579 eorum
3265 3527 3564 3597 quidpiam,

1973 3621 2095 3677 qua:
2133 3622 2165 3661 a
2194 3622 2283 3663 me
2309 3607 2578 3677 dicuntur,
2608 3627 2674 3667 ex
2703 3612 2828 3666 odio
2850 3614 3135 3685 proficisci,
3168 3618 3263 3672 sed
3292 3618 3359 3673 ad
3387 3635 3570 3676 emen-

1975 3698 2246 3756 dationem
2278 3701 2490 3773 loquor.
2534 3703 2664 3759 Nam
2695 3702 2904 3773 Frater,
2948 3706 3137 3777 inquit,
3172 3711 3260 3776 qui
3293 3712 3568 3782 adjuvetur

1984 3811 2015 3847 a
2043 3795 2232 3865 fratre,
2272 3798 2421 3868 quasi
2443 3798 2621 3853 civitas
2660 3799 2810 3868 [ii-ma
2834 3799 2855 3872 (
2877 3798 3035 3857 Prov.
3069 3803 3156 3858 18.
3188 3803 3258 3859 19
3284 3802 3325 3875 ).
3356 3804 3437 3860 Ne
3466 3807 3567 3877 igi-

1980 3897 2065 3942 tur
2086 3888 2429 3957 indignemini
2455 3908 2468 3946 :
2494 3907 2669 3963 neque
2693 3893 2835 3948 enim
2861 3910 2963 3966 ego
2983 3911 3294 3953 sermonem
3323 3909 3563 3959 vestrum

1978 3989 2289 4050 contemno,
2317 3981 2412 4039 sed
2443 3984 2638 4039 vellem
2668 4001 2698 4040 a
2732 3987 2888 4043 vobis
2927 3988 3226 4055 emendari,
3258 3990 3452 4047 vellem
3481 3992 3569 4048 di-

1973 4091 2149 4133 scere.
2199 4073 2402 4131 Omnes
2427 4076 2571 4131 enim
2618 4077 2810 4134 fratres
2848 4095 3055 4147 sumus,
3104 4097 3243 4137 unus
3280 4094 3364 4139 est
3390 4094 3576 4142 autem

1978 4169 2238 4239 Magister
2265 4179 2468 4224 noster.
2516 4168 2662 4225 Inter
2693 4169 2886 4227 fratres
2924 4188 3055 4228 vero
3084 4190 3183 4246 par
3216 4184 3322 4243 est,
3351 4186 3411 4232 ut
3437 4192 3593 4234 unus

1980 4264 2253 4335 pnccipiat
2278 4303 2293 4327 ,
2339 4262 2429 4317 alii
2461 4264 2855 4334 obtemperent.
2885 4266 2962 4322 Ne
3003 4267 3164 4336 igitur
3200 4267 3574 4339 indignemini,

1980 4358 2075 4414 sed
2100 4357 2283 4413 omnia
2315 4356 2572 4411 faciamus
2598 4356 2664 4411 ad
2692 4358 2917 4428 gloriam
2950 4359 3041 4415 Dei
3071 4376 3086 4426 ;
3116 4360 3243 4431 quia
3275 4361 3373 4431 ipsi
3402 4361 3578 4431 gloria

1981 4457 2036 4512 in
2063 4452 2260 4509 saecula
2281 4449 2622 4508 sasculorum.
2650 4451 2842 4505 Amen.

292 4571 3575 4606 —._—__.._..______.____________________________________

1710 4670 2058 4734 HOMILIA
2100 4671 2207 4734 IV.

282 4800 413 4855 Car.
466 4796 523 4851 2.
565 4812 623 4852 ν.
671 4799 724 4853 1.
772 4798 836 4855 Et
877 4818 993 4857 cum
1030 4804 1364 4875 compleretur
1405 4808 1511 4863 dies
1542 4807 1878 4877 I’entecostes,

357 4899 502 4944 eram
541 4908 716 4947 onmes
754 4895 943 4963 pariter
980 4896 1033 4951 in
1062 4898 1235 4952 eodem
1263 4899 1373 4954 loco
1403 4900 1501 4955 εἳ.
1526 4911 1572 4955 ct
1597 4905 1763 4973 factus
1801 4914 1873 4960 est

360 4996 563 5053 repente
590 4985 656 5039 de
678 4986 799 5041 ctelo
831 5004 1007 5044 sonus.

364 5075 421 5130 1.
474 5075 575 5131 ειν
623 5078 677 5132 in
715 5076 1007 5137 Pentecoste
1047 5085 1247 5139 advenit
1292 5084 1519 5157 Spiritus
1556 5100 1781 5147 sanctas.
1806 5121 1880 5132 —

286 5166 426 5235 Quae
453 5178 535 5223 est
559 5168 677 5226 hmo
708 5170 1025 5230 Pentecoste
1054 5177 1078 5229 ἲ
1118 5175 1251 5233 Cum
1296 5177 1405 5234 falx
1448 5181 1706 5238 mittenda
1736 5191 1882 5239 esset

290 5264 349 5315 in
392 5277 650 5329 messem,
696 5279 817 5320 cum
867 5266 1070 5323 fruetus
1106 5280 1291 5327 essent
1333 5273 1641 5344 colligendi.
1689 5274 1878 5332 Vidisti

291 5363 480 5426 typum
510 5354 583 5410 ³2
627 5356 755 5413 Vide
788 5356 899 5429 jam
947 5362 1249 5419 veritatem.
1280 5360 1412 5419 Cum
1464 5365 1569 5421 falx
1613 5368 1880 5423 sermonis

290 5460 440 5505 esset
467 5448 957 5518 immittenda,cum
988 5455 1180 5511 messis
1207 5455 1525 5528 colligenda,
1558 5466 1684 5514 tunc
1711 5457 1883 5530 Spiri-

293 5552 381 5595 tus
407 5551 466 5597 ut
492 5554 644 5599 acuta
670 5543 773 5600 falx
802 5544 1035 5600 advolat.
1068 5546 1204 5603 Audi
1231 5563 1461 5618 namque
1492 5551 1763 5606 Christum
1792 5555 1877 5608 di-

295 5645 506 5691 centem
537 5654 552 5691 :
585 5634 767 5692 Latiale
788 5638 964 5693 oculos
986 5648 1196 5708 vestros,
1219 5651 1264 5695 et
1288 5641 1451 5696 ridete
1475 5643 1725 5715 regiones,
1754 5644 1875 5714 quia

295 5727 424 5781 alite
450 5738 567 5782 sunt
593 5729 697 5794 iam
726 5730 800 5784 ad
836 5745 1052 5785 messem
1083 5730 1258 5802 (Joau.
1290 5732 1343 5787 4.
1375 5730 1446 5788 35
1474 5733 1495 5805 )
1524 5751 1540 5790 :
1571 5749 1634 5789 ac
1671 5749 1882 5801 rursus,

359 5862 460 5932 {in
483 5877 574 5917 uno
590 5865 768 5921 Codice
790 5862 1001 5932 humilia
1020 5866 1093 5917 sic
1114 5866 1285 5930 incipit
1312 5881 1324 5917 :
1355 5866 1529 5919 ridiin
1545 5865 1739 5932 typum.
1768 5880 1887 5930 ante

298 5931 365 5975 est
386 5926 488 5980 Iure
507 5938 780 5984 Pentecoste
811 5928 839 5982 .’
861 5935 970 5979 etc.

1991 4814 2174 4871 Messis
2190 4814 2391 4886 quidem
2409 4813 2593 4879 multa,
2617 4812 2838 4884 aperarii
2857 4823 3027 4867 autem
3045 4815 3194 4885 pauci
3211 4813 3363 4883 (Luc.
3387 4815 3474 4872 10.
3496 4815 3576 4889 9.).

1987 4906 2172 4978 Itaque
2201 4906 2292 4962 ille
2320 4906 2468 4977 prior
2493 4905 2685 4960 falcem
2720 4905 2964 4960 immisit.
2999 4905 3095 4962 Ille
3139 4907 3283 4961 enim
3315 4906 3577 4978 primitias

1981 4997 2049 5053 ad
2093 4997 2281 5053 caelum
2310 4996 2545 5061 advexit,
2576 5004 2757 5052 nostra
2785 5010 3059 5070 assumpta
3087 5006 3275 5054 natura
3306 5016 3320 5053 :
3355 5000 3584 5073 ideoque

1986 5089 2116 5144 illud
2145 5104 2378 5145 messem
2407 5089 2660 5159 appellat.
2695 5089 2822 5143 Cum
2865 5091 3221 5159 complentur,
3254 5092 3452 5164 inquit,
3477 5094 3584 5149 dies

1987 5179 2346 5246 Pentecostes;
2377 5180 2478 5235 hoc
2503 5190 2606 5246 est,
2627 5195 2735 5236 non
2765 5191 2892 5236 ante
2915 5182 3289 5251 Pt-ntccosten,
3319 5183 3413 5240 sed
3438 5187 3581 5240 circa

1986 5271 2155 5342 ipsam
2178 5312 2193 5337 ,
2229 5281 2286 5326 ut
2321 5270 2392 5326 ita
2439 5271 2637 5339 dicam,
2679 5272 3056 5330 Pentecostcn.
3101 5274 3397 5344 Oportebat
3436 5280 3580 5332 enim

1988 5363 2106 5419 haec
2150 5379 2338 5420 rursus
2374 5363 2498 5419 festi
2528 5374 2776 5435 tempore
2813 5368 3148 5438 contingere,
3195 5376 3254 5423 ut
3297 5368 3387 5438 qui
3432 5367 3583 5423 cruci

1986 5454 2183 5511 Christi
2235 5455 2539 5522 adfuerant,
2588 5457 2707 5514 haec
2748 5474 2965 5531 quoque
3011 5460 3277 5516 viderent.
3309 5459 3379 5514 Et
3417 5460 3584 5530 factus

1986 5559 2059 5603 est
2101 5559 2307 5620 repente
2331 5550 2398 5604 de
2424 5551 2550 5605 ca’lo
2584 5567 2759 5606 sonas.
2788 5551 2899 5607 Cur
2927 5568 3032 5607 nou
3066 5552 3117 5606 id
3144 5552 3263 5607 sine
3306 5552 3584 5608 sensibili-

1991 5641 2090 5697 bns
2118 5642 2284 5714 signis
2314 5642 2511 5699 factum
2533 5645 2653 5699 est?
2678 5645 2962 5714 Quoniam.
2990 5646 3034 5700 si
3063 5660 3121 5699 re
3148 5645 3227 5700 sic
3256 5654 3405 5716 gesta
3433 5645 3587 5703 dice-

1989 5733 2138 5795 bant.
2169 5734 2343 5790 Μυειο
2366 5736 2503 5806 ριεηὶ
2532 5747 2674 5805 sunt,
2703 5735 2804 5792 nisi
2844 5750 2932 5791 res
2958 5738 3037 5792 sic
3067 5737 3199 5791 facta
3225 5739 3434 5805 fuisset,
3458 5741 3585 5810 quid

1992 5844 2098 5885 non
2128 5830 2424 5885 dixissent?
2467 5829 2654 5901 Neque
2695 5830 3011 5900 simpliciter
3051 5844 3219 5887 sonus
3259 5830 3432 5888 factus
3478 5846 3583 5899 est,

1993 5921 2113 5989 sed,
2141 5920 2221 5980 De
2239 5921 2388 5980 atrio.
2413 5920 2481 5977 Et
2506 5921 2635 5992 quia
2663 5920 2977 5992 repentinus
3001 5928 3138 5990 erat,
3166 5923 3422 5978 excitavit
3468 5921 3588 5979 illos
