4092 6446
544 416 614 472 ιδ
1282 399 1338 459 8.
1368 396 1647 456 JOANNIS
1681 386 2154 459 CIIBYSOSIOMI
2183 385 2499 444 ARCIIIEP.
2530 388 3065 447 CONSTANTINOP,
3770 379 3857 437 η

538 530 614 587 Et
637 526 1015 601 repleuittetatn
1038 522 1268 578 auium.
1294 516 1541 588 Magnam
1564 514 1694 571 dicit
1720 513 1951 584 Spiritus
1974 509 2137 565 vehe—

548 623 828 681 mentiam.
867 613 1121 673 Attende.
1163 612 1366 669 Omnes
1412 609 1539 664 illuc
1582 604 1946 677 congregavit,
1984 615 2039 656 nt
2084 610 2140 656 et

548 724 839 788 prmsentes
868 708 1177 773 crederent,
1217 719 1282 760 ac
1309 702 1456 774 digni
1485 699 1918 757 ostenderentur.
1959 696 2139 764 Neque

550 786 652 865 iure
681 814 906 870 tantum,
939 800 1036 858 sed
1072 808 1128 856 et
1151 795 1297 854 aliud
1336 794 1496 865 longe
1522 790 1815 848 terribilius
1842 786 2055 859 adjecit.
2083 787 2137 839 5.

553 901 614 956 Et
637 905 985 971 apparuerunt
1018 890 1122 946 illis
1151 886 1429 959 dispertita:
1461 884 1652 955 lingua
1694 890 1955 950 tulitquam
1985 877 2137 949 ignis,

549 991 741 1063 inquit.
791 989 957 1044 Recte
1004 982 1201 1052 ubique
1242 978 1459 1035 additur
1504 975 1657 1042 illud,
1709 971 1991 1042 Tamquam
2014 1009 2030 1036 ,
2073 982 2142 1022 ne

550 1061 677 1155 quid
704 1078 958 1139 sensibile
982 1076 1052 1133 de
1093 1073 1296 1144 Spiritu
1334 1070 1632 1127 existimes.
1663 1066 1944 1136 Tamquam
1982 1061 2139 1132 ignis,

553 1176 744 1248 inquit,
789 1183 846 1229 et
884 1181 1153 1241 tamquam
1194 1165 1435 1237 spiritus.
1480 1161 1599 1218 Non
1637 1170 1754 1217 erat
1794 1172 1927 1229 ergo
1951 1166 2144 1211 ventus

552 1265 866 1337 simpliciter
893 1277 990 1334 per
1017 1273 1201 1319 aerem
1239 1256 1465 1314 eﬂ'usus.
1491 1253 1625 1310 Nam
1653 1267 1777 1308 eum
1806 1249 2001 1306 Joanni
2026 1248 2146 1317 Spi-

553 1364 689 1415 ritus
711 1356 895 1415 debuit
919 1356 1281 1416 innotescere,
1297 1348 1451 1420 quasi
1479 1348 1533 1403 in
1562 1348 1745 1417 specie
1771 1342 2032 1399 colu-alue
2054 1354 2143 1395 su-

555 1469 647 1524 pra
675 1452 875 1510 Christi
920 1460 1083 1522 caput
1123 1447 1266 1504 venit
1307 1443 1505 1517 (Marc.
1543 1444 1597 1498 1.
1643 1439 1734 1496 to.
1773 1437 1903 1493 Luc.
1951 1436 2007 1491 ὃ.
2049 1434 2142 1489 22.

552 1547 710 1600 Joan.
740 1546 792 1601 1.
817 1543 950 1616 52):
983 1555 1125 1599 nunc
1151 1554 1299 1604 vero,
1322 1551 1446 1594 cum
1477 1543 1585 1590 tota
1613 1529 1901 1588 multitudo
1917 1541 2145 1584 conver-

555 1637 715 1695 tenda
759 1646 926 1703 esset,
976 1644 1247 1703 tamquam
1293 1628 1436 1702 ignis
1484 1624 1651 1682 venit.
1700 1622 1945 1693 Seditque
1989 1631 2147 1689 supra

552 1728 782 1801 singulos
800 1741 1016 1793 eorum;
1041 1723 1095 1780 id
1142 1731 1245 1790 est,
1294 1719 1514 1787 mansit,
1553 1714 1856 1788 requievit;
1900 1726 2025 1767 nam
2053 1724 2149 1766 se-

554 1800 706 1883 dere.
733 1827 880 1873 stare
906 1824 963 1872 et
1007 1828 1229 1872 manere
1266 1810 1554 1883 significat.
1599 1805 1739 1876 Quid
1777 1805 1944 1861 vero?
1983 1817 2055 1858 an
2092 1800 2147 1856 in

554 1910 834 1967 duodecim
855 1916 1061 1965 tantum
1084 1905 1251 1972 venit,
1268 1919 1377 1961 non
1404 1903 1463 1958 in
1477 1886 1740 1958 caeteros?
1765 1897 2147 1969 Nequaquam;

553 2005 652 2062 sed
675 2003 823 2079 venit
848 2005 1012 2057 etiam
1050 2000 1104 2057 in
1143 1998 1266 2055 illos
1299 2006 1513 2054 centum
1542 1992 1751 2065 viginti.
1792 1990 1976 2060 Neque
2001 1986 2151 2043 enim

554 2101 671 2155 sine
691 2111 854 2153 causa
876 2094 1071 2151 Petrus
1111 2090 1390 2163 prophetat
1418 2084 1786 2144 testimonium
1814 2079 2038 2154 protulit
2060 2077 2149 2134 di-

553 2206 683 2249 cens
711 2209 725 2245 :
759 2189 827 2244 Et
846 2187 940 2244 erit
962 2187 1018 2242 in
1042 2184 1331 2242 novissimis
1351 2180 1546 2247 diebus,
1570 2178 1693 2234 dicit
1710 2176 1964 2231 Dominus
1987 2173 2148 2241 Deus,

555 2283 815 2352 rﬂ'undam
839 2282 903 2336 de
926 2279 1131 2351 Spiritu
1158 2293 1273 2333 meo
1294 2291 1450 2346 super
1476 2290 1678 2329 omnem
1703 2286 1906 2326 carnem
1929 2277 2016 2325 :et
2030 2283 2150 2339 pre-

554 2374 829 2441 pltetabunt
856 2372 954 2442 lilii
991 2369 1167 2438 vestri,
1200 2378 1251 2423 et
1276 2368 1400 2438 [ilice
1431 2375 1643 2430 vesti-tr;
1674 2372 1723 2419 et
1755 2364 1971 2433 juvenes
1997 2359 2149 2415 uestri

552 2471 767 2527 visiones
788 2468 1046 2536 ridebunt,
1060 2474 1105 2521 et
1125 2480 1269 2522 senes
1286 2462 1434 2518 vestri
1446 2459 1643 2515 somnia
1658 2457 1980 2514 somniabunt
2011 2453 2153 2526 (Ιοοὲ

551 2563 607 2618 2.
641 2562 761 2635 28).
802 2558 1185 2619 Animadverte
1214 2568 1378 2627 porro
1411 2553 1569 2608 illum
1599 2566 1711 2606 non
1738 2549 1898 2605 modo
1933 2555 1994 2603 ut
2028 2561 2149 2617 per-

552 2656 791 2722 celleret,
821 2653 916 2711 sed
946 2652 1109 2709 etiam
1137 2657 1198 2706 ut
1219 2647 1389 2718 gratia
1420 2645 1675 2715 repleret,
1707 2643 1761 2697 in
1792 2641 1995 2713 Spiritu
2019 2653 2149 2694 san-

553 2757 641 2805 eto
666 2756 725 2803 et
752 2744 863 2818 igni
887 2743 1099 2801 venisse
1128 2759 1145 2797 :
1171 2738 1443 2811 subiungit
1463 2737 1631 2803 enim,
1659 2735 1716 2791 4.
1746 2734 1809 2788 Et
1833 2732 2009 2804 repleti
2030 2741 2148 2786 sunt

552 2856 724 2895 omnes
752 2837 952 2914 Spiritu
977 2843 1150 2890 sancto
1171 2874 1187 2900 ,
1227 2841 1276 2886 et
1305 2836 1561 2901 caperuut
1590 2825 1727 2897 loqui
1754 2825 1908 2879 uariis
1934 2822 2145 2894 linguis,

551 2939 703 3000 prout
733 2929 958 3000 Spiritus
985 2933 1191 2980 sanctus
1217 2922 1375 2979 dabat
1398 2919 1564 2989 eloqui
1591 2919 1718 2974 illis.
1759 2916 1875 2972 Non
1901 2914 2044 2971 aliud
2071 2914 2149 2968 si-

552 3039 715 3094 gnum
745 3019 1030 3089 accipiunt,
1058 3016 1153 3072 sed
1180 3015 1287 3071 hoe
1310 3014 1543 3085 primum
1567 3028 1583 3066 ξ
1611 3025 1808 3066 novum
1839 3008 1982 3063 enim
2009 3014 2144 3071 erat,

557 3132 658 3181 nec
697 3127 833 3185 opus
860 3109 959 3166 fuit
985 3109 1092 3164 alio
1117 3108 1291 3178 signo.
1316 3104 1483 3171 Sedit,
1513 3103 1705 3173 inquit,
1738 3118 1895 3172 supra
1922 3099 2150 3172 singulos

553 3224 750 3263 eorum.
775 3205 919 3275 Ergo
941 3201 1103 3258 etiam
1140 3214 1302 3269 supra
1330 3198 1504 3261 illum,
1531 3196 1625 3269 qui
1657 3196 1861 3252 electus
1888 3208 1996 3249 non
2037 3195 2151 3248 luco

556 3309 662 3357 rat.
707 3298 830 3355 ldeo
854 3313 959 3353 non
981 3294 1092 3366 jam
1127 3291 1275 3349 dolet
1316 3289 1462 3363 quod
1503 3305 1611 3345 non
1643 3289 1849 3345 electus
1895 3285 2054 3342 luerit
2093 3294 2151 3340 ut

554 3392 810 3451 Maitlbias
829 3390 944 3447 '.l§t
975 3387 1157 3459 repleti
1177 3394 1317 3451 sunt,
1339 3384 1533 3455 inquit,
1554 3399 1748 3439 omnes.
1776 3380 1895 3436 Non
1923 3379 2149 3450 gratiam

555 3485 788 3558 Spiritus
815 3479 1131 3555 simpliciter
1167 3483 1513 3549 acceperunt,
1539 3472 1637 3530 sed
1662 3474 1751 3530 illa
1776 3471 1967 3542 repleti
2002 3478 2145 3525 sunt.

558 3577 630 3634 Et
657 3585 915 3649 asperant
939 3573 1079 3647 loqui
1102 3571 1259 3628 uariis
1275 3569 1489 3643 linguis,
1513 3576 1663 3638 prout
1691 3566 1918 3637 Spiritus
1944 3573 2151 3620 sanctus

556 3670 711 3726 «labat
733 3669 899 3740 eloqui
922 3668 1047 3723 illis.
1074 3665 1192 3723 Non
1223 3664 1468 3730 dixisset,
1515 3661 1724 3730 Omnes,
1753 3661 1883 3716 licet
1914 3672 2151 3730 praesen-

555 3773 640 3819 tes
662 3770 846 3818 essent
866 3758 1116 3831 apostoli,
1162 3756 1264 3813 nisi
1308 3755 1401 3811 alii
1440 3769 1656 3825 quoque
1702 3752 1993 3824 participes
2016 3749 2148 3805 luis.

556 3865 698 3910 sent.
731 3851 981 3924 Alioquin
1006 3860 1213 3914 autem,
1238 3863 1361 3903 eum
1408 3847 1530 3903 illos
1554 3855 1680 3902 ante
1715 3843 2030 3901 nominatim
2059 3858 2149 3898 re-

558 3944 883 4010 censuisset,
914 3956 1021 3996 non
1050 3939 1172 3996 illos
1196 3953 1338 3995 nunc
1365 3952 1488 3994 eam
1526 3936 1647 3993 aliis
1680 3935 1932 4007 iungeret
1966 3934 2022 3990 in
2050 3933 2153 3990 hoc

560 4036 797 4107 nugalia.
820 4032 954 4091 Nam
975 4032 1046 4101 si,
1074 4030 1163 4087 ubi
1187 4028 1470 4087 dicendum
1499 4036 1706 4085 tantum
1733 4034 1853 4083 erat
1876 4025 2152 4098 apostolos

559 4128 822 4197 adfuisse,
849 4127 997 4198 ipsos
1015 4123 1331 4181 nominatim
1356 4120 1651 4187 recensuit,
1681 4119 1850 4177 multo
1869 4117 2045 4190 magis
2063 4116 2156 4174 bis

560 4222 682 4278 illos
709 4218 1062 4277 distinxissct.
1430 4270 1435 4277 ,

608 4302 863 4385 ἐρὶνὶιιιι
905 4320 1113 4366 sanctus
1153 4308 1206 4363 in
1245 4316 1447 4362 orantes
1490 4303 1768 4360 descendit.
1794 4332 1868 4347 -—-
1892 4301 2153 4359 Animad-

559 4414 712 4460 verte
736 4412 938 4464 autem,
980 4398 1250 4471 quomodo
1285 4413 1408 4473 eum
1437 4404 1785 4468 perseverant
1807 4396 1865 4450 in
1885 4395 2151 4461 oratione,

561 4510 684 4551 eum
725 4493 1002 4547 caritatem
1037 4497 1291 4556 servant,
1332 4497 1459 4545 tunc
1504 4487 1736 4559 Spiritus
1776 4487 2044 4543 adveniat.
2095 4487 2152 4543 In

564 4572 882 4642 memoriam
921 4582 1026 4638 illis
1046 4588 1267 4637 revocat
1290 4581 1516 4637 alteram
1541 4579 1825 4647 visionem,
1850 4594 1972 4635 cum
2003 4579 2156 4648 dicit,

564 4679 846 4749 Tamquam
888 4675 1043 4748 ignis.
1099 4673 1393 4745 Tamquam
1436 4672 1573 4743 ignis
1620 4671 1764 4728 enim
1806 4671 2054 4743 apparuit
2100 4672 2158 4726 in

566 4771 725 4828 rubo.
767 4767 936 4825 Prout
974 4766 1202 4840 Spiritus
1241 4775 1447 4823 sanctus
1488 4764 1641 4820 dabat
1662 4765 1825 4836 eloqui
1865 4764 1993 4821 illis.
2021 4764 2159 4820 Nam

563 4866 773 4937 eloquia
798 4876 985 4919 eorum
1022 4859 1176 4932 quasi
1217 4858 1668 4931 apopbthegmata
1703 4865 1878 4914 erant.
1905 4858 1961 4914 5.
1988 4854 2158 4912 Erant

566 4966 735 5026 autem
762 4956 818 5010 in
842 4951 1154 5019 Jerusalem,
1183 4951 1375 5023 inquit,
1410 4950 1692 5007 habitantes
1713 4948 1888 5007 luctui
1915 4952 2012 5007 uiri
2038 4951 2158 5007 ηιξ.

562 5051 713 5121 glosi.
734 5047 859 5104 ιιωρ
882 5045 1141 5103 habitatio
1169 5045 1383 5115 signum
1410 5043 1685 5114 religionis
1702 5050 1841 5099 erat.
1853 5043 2159 5112 Quomodo!

562 5145 701 5200 Cum
729 5157 761 5201 e
788 5148 871 5197 tot
894 5139 1200 5198 nationibus
1224 5145 1427 5204 essent,
1454 5137 1705 5208 patriam,
1721 5136 1935 5205 domos,
1960 5152 2160 5209 cogna-

564 5246 650 5295 tos
690 5234 1042 5304 reliquerant,
1073 5240 1122 5288 et
1154 5228 1265 5287 illic
1300 5229 1632 5285 habitabant.
1670 5228 1805 5285 Nam
1847 5231 1965 5285 ait:
1998 5229 2166 5287 Erant

562 5331 619 5402 in
659 5316 959 5383 Jerusalem
999 5321 1280 5377 habitantes
1306 5318 1499 5385 Judaei,
1525 5321 1623 5375 viri
1656 5321 1908 5393 religiosi,
1930 5338 1996 5376 ea:
2020 5322 2162 5377 omni

564 5419 791 5486 natione,
831 5429 949 5486 qua
985 5414 1079 5471 sub
1123 5413 1249 5469 calo
1285 5422 1379 5468 est.
1409 5411 1464 5469 ὃ.
1490 5410 1655 5468 Facta
1696 5422 1869 5469 altera
1910 5414 2007 5469 hac
2043 5430 2164 5471 sese

566 5511 797 5566 renseuit
822 5507 1118 5576 multitudo,
1139 5514 1186 5560 et
1210 5514 1377 5560 mente
1400 5506 1617 5576 confusa
1634 5512 1729 5560 est.
1751 5504 1888 5575 Quia
1913 5505 1971 5561 in
1999 5505 2167 5563 domo

574 5615 662 5656 res
686 5609 843 5672 gesta
862 5609 969 5669 est,
993 5599 1118 5672 iure
1139 5597 1231 5669 qui
1255 5595 1387 5653 loris
1413 5603 1570 5652 erant
1586 5595 1962 5653 accumbunt.
1988 5595 2165 5671 ﬂente

571 5691 795 5753 tantum
825 5702 909 5748 est
943 5690 1252 5750 multitudo.
1273 5688 1414 5759 Quid
1454 5688 1719 5761 signiﬁcet
1751 5686 1912 5759 illud,
1939 5687 2166 5761 Coelius

2243 510 2363 565 est?
2407 510 2679 580 Turbata,
2727 511 2990 567 admirata
3033 519 3135 568 est.
3180 510 3383 567 Deinde
3428 509 3850 566 admirationem

2246 603 2389 659 illam
2427 604 2710 660 declarans
2741 604 2815 660 ita
2846 604 3020 674 pergit
3053 622 3067 658 :
3100 603 3356 671 Quoniam
3399 601 3636 656 audiebat
3676 617 3850 654 unus-

2243 695 2455 765 quisque
2478 694 2656 765 lingua
2693 711 2787 749 sua
2809 695 2926 749 illos
2952 695 3231 766 loquentes.
3260 694 3313 748 7.
3342 690 3411 745 Et
3440 692 3673 745 conuenit
3700 692 3851 743 mul-

2246 785 2428 851 titudo,
2452 796 2497 840 et
2525 786 2657 840 inter
2684 803 2740 840 se
2759 787 2994 841 dicebant
3023 802 3043 840 :
3075 784 3265 839 Nonne
3290 801 3402 839 erce
3428 784 3515 839 isti
3540 800 3738 840 otnnrs.
3756 784 3853 854 qui

2247 882 2541 947 loquuntur,
2591 876 2796 932 ϐαίὲΜὶ
2833 880 2996 932 sunt?
3024 877 3100 941 Ad
3128 877 3402 947 apostolos
3440 877 3620 931 statim
3670 875 3852 944 respi-

2246 968 2418 1024 ciunt.
2445 968 2498 1026 8.
2542 968 2609 1022 Et
2655 969 2907 1038 quomodo
2934 984 3029 1023 nos
3067 968 3307 1022 audimus
3344 966 3689 1037 unusquisque
3738 967 3852 1018 lin-

2245 1077 2403 1129 guam
2438 1062 2745 1128 nostraut,in
2771 1079 2871 1132 qua
2899 1063 3007 1115 nali
3031 1060 3250 1116 sumus?
3277 1058 3489 1125 Parthi,
3515 1069 3564 1113 et
3589 1058 3727 1113 Medi
3747 1100 3762 1122 ,
3797 1070 3853 1111 et

2249 1155 2518 1224 Elamt'tte,
2551 1165 2597 1211 et
2641 1156 2733 1227 qui
2759 1155 2986 1211 habitant
3027 1154 3480 1224 MesOpotamiam,
3509 1152 3753 1206 Judteam
3795 1159 3853 1204 et

2247 1250 2662 1321 Cappadociam,
2724 1250 2946 1305 Pontum
2983 1259 3032 1304 et
3073 1241 3276 1312 Asiani,
3326 1245 3415 1302 ιθ.
3467 1245 3749 1317 Phrygiam
3794 1252 3854 1298 et

2251 1343 2615 1414 Pamphyliam
2639 1386 2654 1409 ,
2684 1342 2974 1414 Egyptian
2998 1351 3042 1395 et
3068 1351 3237 1412 partes
3263 1337 3459 1410 Libym,
3481 1353 3597 1408 qua
3607 1348 3688 1391 es!
3708 1340 3855 1389 circa

2250 1436 2501 1508 Cyrenen,
2532 1447 2578 1491 et
2598 1438 2804 1490 adventu
2827 1435 3067 1498 Romani,
3099 1436 3158 1489 11
3215 1432 3393 1487 Jndtei
3424 1445 3619 1501 ναῖκι
3645 1439 3691 1482 rt
3721 1446 3852 1497 prn—

2248 1530 2416 1601 selyti,
2447 1530 2613 1584 Cretes
2638 1540 2682 1584 et
2714 1528 2901 1582 Arabes
2930 1543 2948 1580 :
2967 1527 3204 1579 audimus
3241 1541 3326 1577 eos
3355 1523 3612 1594 loquentes
3659 1518 3867 1572 naenia

2250 1622 2437 1693 linguis
2478 1622 2733 1693 negantia
2772 1619 2890 1675 Dei.
2934 1618 3019 1674 l3.
3066 1617 3353 1687 Stupebant
3389 1625 3558 1669 autem
3602 1629 3776 1667 omnes
3800 1625 3859 1664 et

2251 1714 2565 1769 mirabantur
2587 1756 2602 1775 ,
2643 1713 2711 1767 ad
2754 1713 2966 1766 invicem
3012 1710 3276 1765 dicentes:
3302 1707 3562 1776 Quidnam
3600 1705 3707 1759 vult
3750 1704 3853 1757 lto;

2251 1807 2392 1863 esse?
2416 1805 2587 1862 Viden
2607 1805 2731 1860 illos
2755 1805 2823 1858 ab
2846 1803 3075 1880 Oriente
3093 1803 3147 1856 in
3172 1800 3516 1856 Occidentem
3540 1812 3804 1852 accurrcu
3821 1825 3838 1835 -

2254 1909 2336 1956 tes
2359 1899 2416 1953 ⁸2
2440 1899 2526 1954 15.
2551 1897 2655 1952 Alii
2679 1905 2869 1964 autem,
2899 1895 3093 1965 inquit,
3124 1894 3389 1948 irridentes
3425 1890 3678 1956 dicebant,
3713 1888 3862 1954 Qui.

2251 2002 2419 2048 musto
2442 1991 2580 2063 pleni
2603 1999 2741 2045 sunt.

2320 2086 2377 2142 2.
2407 2084 2454 2141 Ο
2480 2083 2779 2139 vesaniam!
2803 2095 2840 2138 ο
2867 2081 3138 2152 ingentem
3179 2077 3508 2148 nequitiam!
3556 2075 3715 2146 Atqui
3748 2088 3861 2129 nec

2253 2187 2462 2249 tetnpus
2489 2184 2607 2232 erat
2636 2174 2952 2230 vindemiae:
2983 2182 3098 2227 erat
3123 2170 3265 2226 enim
3298 2170 3632 2249 Pentecoste.
3662 2166 3852 2236 Quod-

2252 2246 2621 2342 que-gravius
2663 2276 2766 2332 est,
2814 2263 3193 2322 conﬁtentibus
3240 2246 3514 2326 omnibus,
3563 2259 3853 2322 ltnuninis,

2253 2364 2556 2437 proselytis,
2578 2372 2631 2417 et
2657 2361 2795 2416 forte
2817 2374 2881 2416 ex
2920 2359 2985 2413 iis
3022 2361 3111 2429 qui
3161 2356 3559 2419 erueiliseraut,
3613 2352 3685 2406 illi
3736 2363 3849 2406 tam

2255 2457 2437 2513 mimis
2472 2455 2640 2526 signis
2669 2453 2834 2510 editis
2856 2451 3061 2516 dicunt,
3084 2448 3255 2503 Musto
3281 2448 3416 2516 pleni
3439 2455 3575 2501 sunt.
3595 2444 3699 2500 Sed
3727 2460 3862 2514 qua:

2253 2544 2412 2619 supra
2439 2546 2579 2601 dicta
2602 2555 2729 2600 sunt
2756 2553 3087 2612 repetamus.
3125 2539 3372 2609 Replerit,
3399 2536 3590 2608 inquit,
3616 2536 3859 2590 domum.

2252 2641 2487 2712 Spiritus
2508 2637 2663 2709 quasi
2686 2636 2889 2707 piscina
2917 2648 3072 2703 aqua:
3092 2632 3206 2686 fuit.
3240 2630 3378 2701 Ignis
3402 2643 3532 2684 vero
3554 2637 3609 2683 et
3637 2628 3854 2696 copiam

2252 2742 2309 2790 et
2335 2731 2728 2790 vehementiam
2773 2728 3058 2798 signiticet.
3101 2724 3242 2780 Nihil
3285 2724 3389 2778 tale
3414 2723 3606 2777 accidit
3646 2723 3697 2776 in
3724 2736 3858 2792 pro-

2254 2826 2463 2897 phetis;
2491 2824 2587 2882 sed
2605 2838 2751 2880 nunc
2773 2822 2856 2878 sic
2878 2820 3002 2883 illis,
3026 2816 3305 2890 prophetis
3332 2825 3510 2871 autem
3534 2815 3639 2870 alio
3665 2816 3851 2870 nunlo.

2254 2917 2557 2990 Capitulum
2605 2915 2750 2972 enim
2809 2912 2929 2970 libri
2972 2910 3157 2967 datum
3178 2918 3264 2964 est
3290 2906 3581 2975 Ezechieli,
3609 2916 3663 2961 et
3702 2921 3855 2963 com-

2253 3011 2364 3067 edit
2391 3025 2454 3065 ea
2480 3025 2602 3081 quae
2632 3007 2872 3063 dicturus
2898 3012 3016 3060 erat
3047 3021 3061 3055 :
3095 3000 3402 3056 Facturum
3432 3010 3624 3068 anteiri,
3656 2998 3855 3069 inquit,

2252 3104 2310 3159 iu
2350 3116 2437 3159 ore
2481 3103 2591 3174 ejus
2634 3111 2688 3155 ut
2721 3101 2822 3155 mel
2857 3097 3150 3152 duleesceus
3176 3092 3394 3161 (Eserlt.
3425 3092 3483 3147 5.
3514 3091 3589 3162 5).
3627 3090 3691 3144 lit
3731 3104 3858 3144 rur-

2253 3217 2372 3257 sum
2414 3212 2604 3255 manus
2651 3196 2749 3253 Dei
2791 3192 2961 3264 tangit
3002 3191 3240 3258 linguam
3295 3185 3521 3243 alterius
3573 3182 3859 3257 propheta:

2256 3292 2393 3363 (θεν.
2420 3293 2471 3348 1.
2488 3290 2573 3362 9).
2596 3289 2693 3345 llic
2719 3303 2847 3344 vero
2866 3289 2980 3359 ipse
3004 3287 3235 3359 Spiritus
3263 3289 3482 3338 sanctus
3509 3286 3629 3334 est:
3661 3277 3855 3345 sicque

2254 3402 2351 3457 par
2375 3395 2461 3442 est
2506 3384 2710 3439 honore
2748 3381 2889 3436 l‘atri
2915 3388 2970 3437 et
2999 3380 3158 3436 Filio.
3191 3377 3502 3445 Rursusque
3537 3369 3662 3425 alibi
3702 3369 3780 3423 ait
3834 3384 3851 3423 :

2254 3477 2593 3539 lamentatio,
2625 3485 2673 3529 et
2697 3475 2970 3537 canticum,
2992 3483 3039 3529 et
3066 3487 3142 3526 ea:
3165 3465 3454 3543 (Ezeclt.2.
3474 3465 3554 3536 9).
3578 3462 3685 3519 illis
3714 3474 3851 3532 ergo

2250 3572 2373 3642 jure
2399 3571 2453 3624 in
2488 3567 2633 3623 libro
2669 3566 2855 3623 datum
2899 3576 2982 3621 est
3013 3582 3030 3621 :
3071 3578 3196 3618 nam
3240 3555 3682 3617 similitudinibus
3719 3566 3853 3625 cge-

2256 3663 2662 3731 Daphninque
2688 3657 3050 3714 illibahcbaut
3073 3672 3193 3713 cum
3212 3668 3314 3709 uita
3338 3662 3541 3707 tantum
3564 3659 3720 3722 gente
3747 3647 3853 3703 sibi

2254 3754 2470 3826 propria
2503 3771 2518 3809 :
2548 3752 2607 3809 lii
2634 3766 2765 3808 vero
2795 3765 2917 3806 eum
2949 3750 3208 3806 universo
3226 3745 3385 3812 orbe,
3400 3754 3453 3801 et
3477 3760 3597 3799 enin
3623 3741 3687 3798 iis
3711 3754 3856 3812 quos

2256 3862 2364 3904 non
2393 3854 2673 3903 noverant.
2712 3845 2939 3901 Elissae
2969 3858 3067 3914 per
3104 3841 3339 3897 meloten
3387 3837 3612 3909 gratiam
3655 3834 3855 3902 accipit

2258 3939 2470 4012 (l-Reg.
2497 3938 2579 4009 3);
2604 3937 2742 3993 alius
2762 3951 2857 4007 per
2872 3935 3071 4002 (deum,
3102 3943 3160 3989 ut
3191 3930 3355 3986 David
3377 3930 3451 4000 (l.
3474 3927 3598 3999 Reg.
3621 3924 3805 3995 t6.l3)
3832 3939 3856 3992 ς

2258 4033 2470 4106 Moyses
2517 4046 2612 4102 per
2658 4032 2834 4101 ignem
2875 4029 2994 4085 rubi
3044 4037 3267 4081 vocatur
3293 4022 3494 4095 (Exod.
3533 4021 3585 4075 5.
3611 4018 3693 4089 2).
3742 4017 3857 4073 Sed

2258 4123 2349 4182 ilic
2368 4138 2558 4188 secus;
2588 4123 2709 4193 ipse
2747 4135 2980 4191 namque
3004 4119 3140 4190 ignis
3187 4116 3401 4172 insedit.
3433 4113 3537 4169 Sed
3579 4128 3676 4168 cur
3714 4111 3857 4181 ignis

2259 4233 2368 4274 non
2396 4217 2470 4272 ita
2511 4215 2758 4286 apparuit
2784 4223 2843 4269 ut
2880 4212 3129 4283 impleret
3155 4209 3409 4265 domum?
3433 4207 3567 4275 Quia
3607 4204 3860 4261 exterriti

2259 4309 2504 4367 fuissent.
2534 4307 2640 4364 Sed
2666 4305 2903 4362 ostendit
2931 4304 3165 4375 idipsom
3192 4302 3459 4359 evenisse.
3483 4299 3567 4356 Ne
3597 4299 3852 4354 attendas

2259 4406 2402 4461 cnim
2432 4402 2575 4474 quod
2594 4402 2807 4469 dixerit,
2834 4400 3201 4472 Apparuerunt
3219 4395 3325 4450 illis
3347 4394 3623 4462 dispertita-
3641 4391 3854 4464 lingua,

2258 4498 2355 4556 sed
2382 4499 2557 4569 ignem
2585 4494 2748 4550 fuisse
2771 4492 3104 4550 consideres.
3137 4489 3345 4545 Tantus
3370 4487 3509 4559 ignis
3532 4487 3859 4542 immensam

2259 4591 2468 4663 sylvam
2507 4597 2684 4660 potest
2726 4584 3029 4642 incendere.
3062 4583 3143 4640 Ac
3174 4590 3318 4638 recte
3344 4580 3493 4647 dicit,
3539 4578 3853 4648 Dispertitte.

2260 4683 2339 4738 Ex
2368 4697 2470 4737 una
2497 4680 2638 4736 enim
2685 4678 2867 4734 radice
2892 4679 2914 4710 ³
2944 4682 3126 4742 erant;
3156 4683 3213 4729 ut
3238 4672 3415 4728 discas
3447 4671 3554 4727 vim
3593 4669 3863 4740 operandi

2260 4791 2384 4833 esse
2412 4774 2747 4831 aParaclcto
2793 4770 3034 4826 missam.
3065 4764 3344 4838 Perpende
3371 4773 3547 4820 autem
3590 4763 3714 4820 illos
3738 4763 3860 4833 pri-

2260 4883 2408 4925 mum
2436 4866 2628 4938 dignos
2655 4864 2955 4921 declaratos
2974 4875 3095 4917 esse
3112 4901 3126 4927 ,
3159 4868 3215 4914 et
3235 4859 3361 4914 hinc
3380 4856 3654 4927 accepisse
3682 4854 3865 4925 Spiri-

2264 4972 2377 5020 tum
2421 4968 2697 5025 sanctum,
2727 4958 2863 5011 utin
2897 4953 3096 5010 Davide
3119 4951 3314 5007 accidit
3345 4967 3359 5004 :
3385 4964 3510 5004 nam
3534 4964 3652 5019 qua:
3678 4947 3771 5003 ille
3797 4946 3860 5003 in

2262 5052 2491 5111 ovitibus
2536 5049 2757 5115 fetet-at,
2785 5044 2974 5103 eadem
3014 5043 3140 5100 fecit
3182 5050 3309 5116 post
3349 5040 3632 5097 victoriam
3662 5047 3715 5094 et
3740 5048 3862 5093 tro-

2265 5160 2460 5218 paeum,
2493 5151 2552 5198 ut
2581 5141 2757 5214 palam
2781 5147 2926 5196 esset
2966 5135 3100 5192 ﬁdes
3127 5134 3262 5206 ejus.
3298 5132 3436 5190 Vide
3459 5146 3671 5189 rursum
3703 5131 3862 5204 Moy-

2262 5252 2384 5294 sein
2400 5236 2490 5308 qui
2513 5236 2626 5307 ipse
2641 5247 2852 5305 quoque
2872 5231 3073 5303 regiam
3095 5229 3424 5301 despiciebat
3457 5224 3712 5301 (Exod.2.
3740 5226 3864 5296 11),

2266 5340 2321 5387 et
2342 5336 2461 5400 post
2504 5326 2854 5399 quadraginta
2882 5338 3055 5380 annos
3104 5321 3488 5392 rempublicam
3516 5318 3885 5383 administrat-1

2264 5426 2373 5493 vit;
2420 5420 2725 5480 Samuelem
2767 5418 2824 5476 in
2867 5417 3072 5490 templo
3111 5414 3395 5473 educatum
3421 5414 3496 5484 (1.
3528 5411 3658 5486 Reg.
3683 5412 3746 5470 3.
3768 5409 3863 5482 3);

2332 5580 2351 5614 ί
2386 5586 2518 5630 Unus
2558 5577 2711 5628 habet
2739 5586 2755 5627 :
2801 5572 2975 5645 ridea'
3000 5572 3131 5645 inde
3159 5570 3465 5645 aligerum
3690 5565 3873 5645 argent

2267 5629 2516 5694 terrarum
2537 5634 2887 5704 percurrerittt.
2924 5643 3055 5687 Hanc
3076 5629 3342 5686 lectio-ient
3386 5641 3629 5698 sequium
3651 5638 3730 5683 est
3751 5629 3870 5681 Era-

2269 5716 2559 5810 ⁸ιίἶωῖπδιιει
2610 5758 2794 5823 habet,
2829 5760 2971 5823 foede,
3000 5772 3092 5822 pro
3115 5793 3131 5818 ,
3157 5757 3344 5810 radice.
3366 5756 3427 5808 Et
3450 5756 3633 5823 init-2...
3651 5762 3872 5823 apam-

2636 5836 2655 5877 .'
2676 5816 2901 5890 quiigiu't
2919 5816 3077 5873 insiar
3330 5818 3503 5871 παιπάὲ
3522 5818 3663 5880 quasi
3685 5816 3874 5881 tignum
