  <div class='ocr_page' id='page_1' title='image "/cluster/home/n/w/nwhite01/storage/ocr_20150623/60:no.9/coo.31924054869601/050.png"; bbox 0 0 4092 6470; ppageno 0'>
   <div class='ocr_carea' id='block_1_1' title="bbox 347 428 1943 509">
    <p class='ocr_par' dir='ltr' id='par_1_1' title="bbox 347 428 1943 499">
     <span class='ocr_line' id='line_1_1' title="bbox 347 428 1943 499; baseline -0.008 0"><span class='ocrx_word' id='word_1_1' title='bbox 347 441 410 499; x_wconf 73' lang='lat' dir='ltr'><strong>IS</strong></span> <span class='ocrx_word' id='word_1_2' title='bbox 1385 432 1453 486; x_wconf 71' lang='lat' dir='ltr'><strong>IN</strong></span> <span class='ocrx_word' id='word_1_3' title='bbox 1492 430 1665 489; x_wconf 68' lang='lat' dir='ltr'><strong>ACTA</strong></span> <span class='ocrx_word' id='word_1_4' title='bbox 1709 428 1943 487; x_wconf 74' lang='lat' dir='ltr'><strong>APOSTt</strong></span> 
     </span>
    </p>
   </div>
   <div class='ocr_carea' id='block_1_2' title="bbox 2049 428 3665 509">
    <p class='ocr_par' dir='ltr' id='par_1_2' title="bbox 2049 429 3665 509">
     <span class='ocr_line' id='line_1_2' title="bbox 2049 429 3665 509; baseline 0.015 -24"><span class='ocrx_word' id='word_1_5' title='bbox 2049 429 2156 489; x_wconf 79' lang='lat' dir='ltr'><strong>lRU</strong></span> <span class='ocrx_word' id='word_1_6' title='bbox 2167 432 2231 488; x_wconf 80' lang='grc' dir='ltr'><strong>Μ.</strong></span> <span class='ocrx_word' id='word_1_7' title='bbox 2255 434 2482 495; x_wconf 62' lang='grc'><strong>1103111..</strong></span> <span class='ocrx_word' id='word_1_8' title='bbox 2526 437 2615 496; x_wconf 75' lang='grc' dir='ltr'><strong>ιν.</strong></span> <span class='ocrx_word' id='word_1_9' title='bbox 3585 451 3665 509; x_wconf 65' lang='grc' dir='ltr'><strong>ὅσ</strong></span> 
     </span>
    </p>
   </div>
   <div class='ocr_carea' id='block_1_3' title="bbox 349 547 1949 626">
    <p class='ocr_par' dir='ltr' id='par_1_3' title="bbox 349 547 1949 626">
     <span class='ocr_line' id='line_1_3' title="bbox 349 547 1949 626; baseline -0.009 -10"><span class='ocrx_word' id='word_1_10' title='bbox 349 560 599 618; x_wconf 67' lang='lat' dir='ltr'><strong>uisam</strong></span> <span class='ocrx_word' id='word_1_11' title='bbox 622 596 639 622; x_wconf 86' lang='lat'><strong>,</strong></span> <span class='ocrx_word' id='word_1_12' title='bbox 672 552 765 626; x_wconf 82' lang='lat' dir='ltr'><strong>qui</strong></span> <span class='ocrx_word' id='word_1_13' title='bbox 811 551 1004 611; x_wconf 89' lang='lat' dir='ltr'><strong>omnia</strong></span> <span class='ocrx_word' id='word_1_14' title='bbox 1041 548 1243 608; x_wconf 79' lang='lat' dir='ltr'><strong>dimisit</strong></span> <span class='ocrx_word' id='word_1_15' title='bbox 1276 550 1352 621; x_wconf 78' lang='grc'><strong>(5.</strong></span> <span class='ocrx_word' id='word_1_16' title='bbox 1387 547 1512 619; x_wconf 80' lang='lat' dir='ltr'><strong>Reg.</strong></span> <span class='ocrx_word' id='word_1_17' title='bbox 1544 548 1630 604; x_wconf 72' lang='lat'><strong>19.</strong></span> <span class='ocrx_word' id='word_1_18' title='bbox 1657 547 1774 619; x_wconf 66' lang='lat'><strong>2:);</strong></span> <span class='ocrx_word' id='word_1_19' title='bbox 1811 548 1949 602; x_wconf 84' lang='lat' dir='ltr'><strong>Eze-</strong></span> 
     </span>
    </p>
   </div>
   <div class='ocr_carea' id='block_1_4' title="bbox 349 643 1955 715">
    <p class='ocr_par' dir='ltr' id='par_1_4' title="bbox 349 643 1955 715">
     <span class='ocr_line' id='line_1_4' title="bbox 349 643 1955 715; baseline -0.007 -7"><span class='ocrx_word' id='word_1_20' title='bbox 349 654 582 708; x_wconf 76' lang='lat' dir='ltr'><strong>chieletn</strong></span> <span class='ocrx_word' id='word_1_21' title='bbox 626 650 774 703; x_wconf 90' lang='lat' dir='ltr'><strong>item.</strong></span> <span class='ocrx_word' id='word_1_22' title='bbox 824 644 985 715; x_wconf 82' lang='lat' dir='ltr'><strong>Quod</strong></span> <span class='ocrx_word' id='word_1_23' title='bbox 1015 659 1144 701; x_wconf 75' lang='lat' dir='ltr'><strong>vero.</strong></span> <span class='ocrx_word' id='word_1_24' title='bbox 1190 646 1269 698; x_wconf 89' lang='lat' dir='ltr'><strong>sic</strong></span> <span class='ocrx_word' id='word_1_25' title='bbox 1299 643 1557 709; x_wconf 76' lang='lat' dir='ltr'><strong>evenerit,</strong></span> <span class='ocrx_word' id='word_1_26' title='bbox 1604 643 1769 713; x_wconf 89' lang='lat' dir='ltr'><strong>liquet</strong></span> <span class='ocrx_word' id='word_1_27' title='bbox 1796 659 1859 696; x_wconf 75' lang='lat' dir='ltr'><strong>ex</strong></span> <span class='ocrx_word' id='word_1_28' title='bbox 1890 643 1955 697; x_wconf 89' lang='lat' dir='ltr'><strong>iis</strong></span> 
     </span>
    </p>
   </div>
   <div class='ocr_carea' id='block_1_5' title="bbox 349 733 1949 818">
    <p class='ocr_par' dir='ltr' id='par_1_5' title="bbox 349 733 1949 818">
     <span class='ocr_line' id='line_1_5' title="bbox 349 733 1949 818; baseline -0.008 -16"><span class='ocrx_word' id='word_1_29' title='bbox 349 764 471 818; x_wconf 69' lang='lat' dir='ltr'><strong>qua:</strong></span> <span class='ocrx_word' id='word_1_30' title='bbox 522 752 746 815; x_wconf 86' lang='lat' dir='ltr'><strong>sequuta</strong></span> <span class='ocrx_word' id='word_1_31' title='bbox 790 749 920 796; x_wconf 92' lang='lat' dir='ltr'><strong>sunt</strong></span> <span class='ocrx_word' id='word_1_32' title='bbox 953 754 1115 796; x_wconf 87' lang='lat' dir='ltr'><strong>:nam</strong></span> <span class='ocrx_word' id='word_1_33' title='bbox 1148 733 1199 791; x_wconf 80' lang='lat' dir='ltr'><strong>hi</strong></span> <span class='ocrx_word' id='word_1_34' title='bbox 1229 752 1321 791; x_wconf 87' lang='lat' dir='ltr'><strong>sua</strong></span> <span class='ocrx_word' id='word_1_35' title='bbox 1367 738 1545 791; x_wconf 82' lang='lat' dir='ltr'><strong>omnia</strong></span> <span class='ocrx_word' id='word_1_36' title='bbox 1598 739 1949 808; x_wconf 77' lang='lat' dir='ltr'><strong>reliquerunt.</strong></span> 
     </span>
    </p>
   </div>
   <div class='ocr_carea' id='block_1_6' title="bbox 353 829 1949 903">
    <p class='ocr_par' dir='ltr' id='par_1_6' title="bbox 353 829 1949 903">
     <span class='ocr_line' id='line_1_6' title="bbox 353 829 1949 903; baseline -0.008 -10"><span class='ocrx_word' id='word_1_37' title='bbox 353 841 477 894; x_wconf 82' lang='lat' dir='ltr'><strong>Ideo</strong></span> <span class='ocrx_word' id='word_1_38' title='bbox 524 846 655 890; x_wconf 88' lang='lat' dir='ltr'><strong>tunc</strong></span> <span class='ocrx_word' id='word_1_39' title='bbox 692 833 947 903; x_wconf 73' lang='lat' dir='ltr'><strong>Spiritum</strong></span> <span class='ocrx_word' id='word_1_40' title='bbox 985 829 1291 901; x_wconf 87' lang='lat' dir='ltr'><strong>accipiunt.</strong></span> <span class='ocrx_word' id='word_1_41' title='bbox 1344 844 1463 883; x_wconf 90' lang='lat' dir='ltr'><strong>cum</strong></span> <span class='ocrx_word' id='word_1_42' title='bbox 1505 829 1754 884; x_wconf 78' lang='lat' dir='ltr'><strong>virtutem</strong></span> <span class='ocrx_word' id='word_1_43' title='bbox 1798 842 1949 883; x_wconf 89' lang='lat' dir='ltr'><strong>suam</strong></span> 
     </span>
    </p>
   </div>
   <div class='ocr_carea' id='block_1_7' title="bbox 347 919 1952 991">
    <p class='ocr_par' dir='ltr' id='par_1_7' title="bbox 347 919 1952 991">
     <span class='ocr_line' id='line_1_7' title="bbox 347 919 1952 991; baseline -0.007 -5"><span class='ocrx_word' id='word_1_44' title='bbox 347 930 740 986; x_wconf 88' lang='lat' dir='ltr'><strong>ostendissent.</strong></span> <span class='ocrx_word' id='word_1_45' title='bbox 782 923 1087 979; x_wconf 86' lang='lat' dir='ltr'><strong>Didicerant</strong></span> <span class='ocrx_word' id='word_1_46' title='bbox 1135 921 1420 975; x_wconf 89' lang='lat' dir='ltr'><strong>humanam</strong></span> <span class='ocrx_word' id='word_1_47' title='bbox 1446 919 1808 976; x_wconf 83' lang='lat' dir='ltr'><strong>tuiirmitatem</strong></span> <span class='ocrx_word' id='word_1_48' title='bbox 1854 934 1952 991; x_wconf 90' lang='lat' dir='ltr'><strong>per</strong></span> 
     </span>
    </p>
   </div>
   <div class='ocr_carea' id='block_1_8' title="bbox 352 1010 1949 1092">
    <p class='ocr_par' dir='ltr' id='par_1_8' title="bbox 352 1010 1949 1092">
     <span class='ocr_line' id='line_1_8' title="bbox 352 1010 1949 1092; baseline -0.009 -15"><span class='ocrx_word' id='word_1_49' title='bbox 352 1039 433 1085; x_wconf 82' lang='lat' dir='ltr'><strong>ea,</strong></span> <span class='ocrx_word' id='word_1_50' title='bbox 455 1036 582 1092; x_wconf 76' lang='lat' dir='ltr'><strong>qua:</strong></span> <span class='ocrx_word' id='word_1_51' title='bbox 610 1018 751 1089; x_wconf 74' lang='lat' dir='ltr'><strong>ansi</strong></span> <span class='ocrx_word' id='word_1_52' title='bbox 770 1017 977 1072; x_wconf 77' lang='lat' dir='ltr'><strong>fuerant</strong></span> <span class='ocrx_word' id='word_1_53' title='bbox 1001 1014 1326 1069; x_wconf 89' lang='lat' dir='ltr'><strong>:didicerant</strong></span> <span class='ocrx_word' id='word_1_54' title='bbox 1348 1027 1405 1067; x_wconf 88' lang='lat' dir='ltr'><strong>se</strong></span> <span class='ocrx_word' id='word_1_55' title='bbox 1431 1028 1536 1066; x_wconf 88' lang='lat' dir='ltr'><strong>non</strong></span> <span class='ocrx_word' id='word_1_56' title='bbox 1562 1011 1755 1066; x_wconf 79' lang='lat' dir='ltr'><strong>frustra</strong></span> <span class='ocrx_word' id='word_1_57' title='bbox 1782 1010 1949 1080; x_wconf 89' lang='lat' dir='ltr'><strong>probe</strong></span> 
     </span>
    </p>
   </div>
   <div class='ocr_carea' id='block_1_9' title="bbox 354 1105 1949 1183">
    <p class='ocr_par' dir='ltr' id='par_1_9' title="bbox 354 1105 1949 1183">
     <span class='ocr_line' id='line_1_9' title="bbox 354 1105 1949 1183; baseline -0.009 -12"><span class='ocrx_word' id='word_1_58' title='bbox 354 1132 467 1171; x_wconf 89' lang='lat' dir='ltr'><strong>rem</strong></span> <span class='ocrx_word' id='word_1_59' title='bbox 491 1114 748 1183; x_wconf 77' lang='lat' dir='ltr'><strong>gessisse.</strong></span> <span class='ocrx_word' id='word_1_60' title='bbox 768 1113 856 1170; x_wconf 86' lang='lat' dir='ltr'><strong>Sic</strong></span> <span class='ocrx_word' id='word_1_61' title='bbox 882 1122 936 1168; x_wconf 91' lang='lat' dir='ltr'><strong>et</strong></span> <span class='ocrx_word' id='word_1_62' title='bbox 958 1112 1086 1169; x_wconf 72' lang='lat' dir='ltr'><strong>Sani</strong></span> <span class='ocrx_word' id='word_1_63' title='bbox 1112 1124 1233 1165; x_wconf 91' lang='lat' dir='ltr'><strong>cum</strong></span> <span class='ocrx_word' id='word_1_64' title='bbox 1257 1108 1623 1164; x_wconf 88' lang='lat' dir='ltr'><strong>testimonium</strong></span> <span class='ocrx_word' id='word_1_65' title='bbox 1652 1105 1949 1174; x_wconf 87' lang='lat' dir='ltr'><strong>accepisset</strong></span> 
     </span>
    </p>
   </div>
   <div class='ocr_carea' id='block_1_10' title="bbox 352 1196 1948 1274">
    <p class='ocr_par' dir='ltr' id='par_1_10' title="bbox 352 1196 1948 1274">
     <span class='ocr_line' id='line_1_10' title="bbox 352 1196 1948 1274; baseline -0.008 -11"><span class='ocrx_word' id='word_1_66' title='bbox 352 1223 412 1263; x_wconf 88' lang='lat' dir='ltr'><strong>se</strong></span> <span class='ocrx_word' id='word_1_67' title='bbox 449 1207 656 1262; x_wconf 86' lang='lat' dir='ltr'><strong>bonum</strong></span> <span class='ocrx_word' id='word_1_68' title='bbox 690 1221 810 1262; x_wconf 88' lang='lat' dir='ltr'><strong>esse</strong></span> <span class='ocrx_word' id='word_1_69' title='bbox 838 1204 1303 1274; x_wconf 85' lang='lat' dir='ltr'><strong>virum,Spiritum</strong></span> <span class='ocrx_word' id='word_1_70' title='bbox 1327 1202 1561 1269; x_wconf 88' lang='lat' dir='ltr'><strong>accepit;</strong></span> <span class='ocrx_word' id='word_1_71' title='bbox 1591 1199 1684 1254; x_wconf 90' lang='lat' dir='ltr'><strong>scd</strong></span> <span class='ocrx_word' id='word_1_72' title='bbox 1702 1214 1767 1253; x_wconf 87' lang='lat' dir='ltr'><strong>eo</strong></span> <span class='ocrx_word' id='word_1_73' title='bbox 1788 1196 1948 1253; x_wconf 92' lang='lat' dir='ltr'><strong>modo</strong></span> 
     </span>
    </p>
   </div>
   <div class='ocr_carea' id='block_1_11' title="bbox 351 1294 1950 1371">
    <p class='ocr_par' dir='ltr' id='par_1_11' title="bbox 351 1294 1950 1371">
     <span class='ocr_line' id='line_1_11' title="bbox 351 1294 1950 1371; baseline -0.005 -16"><span class='ocrx_word' id='word_1_74' title='bbox 351 1317 459 1371; x_wconf 83' lang='lat' dir='ltr'><strong>quo</strong></span> <span class='ocrx_word' id='word_1_75' title='bbox 486 1316 638 1356; x_wconf 85' lang='lat' dir='ltr'><strong>nunc</strong></span> <span class='ocrx_word' id='word_1_76' title='bbox 678 1298 943 1370; x_wconf 69' lang='lat' dir='ltr'><strong>discipuli,</strong></span> <span class='ocrx_word' id='word_1_77' title='bbox 968 1312 1157 1364; x_wconf 88' lang='lat' dir='ltr'><strong>nemo;</strong></span> <span class='ocrx_word' id='word_1_78' title='bbox 1202 1311 1375 1367; x_wconf 88' lang='lat' dir='ltr'><strong>neque</strong></span> <span class='ocrx_word' id='word_1_79' title='bbox 1404 1294 1614 1366; x_wconf 82' lang='lat' dir='ltr'><strong>Moyses</strong></span> <span class='ocrx_word' id='word_1_80' title='bbox 1654 1294 1745 1365; x_wconf 86' lang='lat' dir='ltr'><strong>qui</strong></span> <span class='ocrx_word' id='word_1_81' title='bbox 1778 1294 1950 1362; x_wconf 81' lang='lat' dir='ltr'><strong>major</strong></span> 
     </span>
    </p>
   </div>
   <div class='ocr_carea' id='block_1_12' title="bbox 353 1386 1948 1465">
    <p class='ocr_par' dir='ltr' id='par_1_12' title="bbox 353 1386 1948 1465">
     <span class='ocr_line' id='line_1_12' title="bbox 353 1386 1948 1465; baseline -0.004 -19"><span class='ocrx_word' id='word_1_82' title='bbox 353 1393 639 1465; x_wconf 82' lang='lat' dir='ltr'><strong>prophetis</strong></span> <span class='ocrx_word' id='word_1_83' title='bbox 676 1401 812 1449; x_wconf 75' lang='lat' dir='ltr'><strong>erat.</strong></span> <span class='ocrx_word' id='word_1_84' title='bbox 839 1390 971 1448; x_wconf 83' lang='lat' dir='ltr'><strong>Nam</strong></span> <span class='ocrx_word' id='word_1_85' title='bbox 1017 1390 1127 1457; x_wconf 90' lang='lat' dir='ltr'><strong>ille,</strong></span> <span class='ocrx_word' id='word_1_86' title='bbox 1160 1404 1280 1445; x_wconf 90' lang='lat' dir='ltr'><strong>cum</strong></span> <span class='ocrx_word' id='word_1_87' title='bbox 1310 1396 1583 1458; x_wconf 81' lang='lat' dir='ltr'><strong>oporteret</strong></span> <span class='ocrx_word' id='word_1_88' title='bbox 1621 1387 1755 1442; x_wconf 90' lang='lat' dir='ltr'><strong>alios</strong></span> <span class='ocrx_word' id='word_1_89' title='bbox 1784 1386 1948 1455; x_wconf 77' lang='lat' dir='ltr'><strong>spiri-</strong></span> 
     </span>
    </p>
   </div>
   <div class='ocr_carea' id='block_1_13' title="bbox 350 1477 1947 1552">
    <p class='ocr_par' dir='ltr' id='par_1_13' title="bbox 350 1477 1947 1552">
     <span class='ocr_line' id='line_1_13' title="bbox 350 1477 1947 1552; baseline -0.006 -12"><span class='ocrx_word' id='word_1_90' title='bbox 350 1486 530 1540; x_wconf 84' lang='lat' dir='ltr'><strong>tuales</strong></span> <span class='ocrx_word' id='word_1_91' title='bbox 578 1484 763 1552; x_wconf 84' lang='lat' dir='ltr'><strong>eflici,</strong></span> <span class='ocrx_word' id='word_1_92' title='bbox 812 1483 1124 1538; x_wconf 86' lang='lat' dir='ltr'><strong>imminutus</strong></span> <span class='ocrx_word' id='word_1_93' title='bbox 1161 1491 1261 1536; x_wconf 88' lang='lat' dir='ltr'><strong>est.</strong></span> <span class='ocrx_word' id='word_1_94' title='bbox 1293 1479 1389 1534; x_wconf 89' lang='lat' dir='ltr'><strong>Hic</strong></span> <span class='ocrx_word' id='word_1_95' title='bbox 1434 1494 1563 1534; x_wconf 83' lang='lat' dir='ltr'><strong>vero</strong></span> <span class='ocrx_word' id='word_1_96' title='bbox 1603 1493 1709 1533; x_wconf 89' lang='lat' dir='ltr'><strong>non</strong></span> <span class='ocrx_word' id='word_1_97' title='bbox 1755 1477 1947 1533; x_wconf 84' lang='lat' dir='ltr'><strong>eodem</strong></span> 
     </span>
    </p>
   </div>
   <div class='ocr_carea' id='block_1_14' title="bbox 352 1569 1946 1647">
    <p class='ocr_par' dir='ltr' id='par_1_14' title="bbox 352 1569 1946 1647">
     <span class='ocr_line' id='line_1_14' title="bbox 352 1569 1946 1647; baseline -0.007 -14"><span class='ocrx_word' id='word_1_98' title='bbox 352 1578 538 1643; x_wconf 88' lang='lat' dir='ltr'><strong>modo,</strong></span> <span class='ocrx_word' id='word_1_99' title='bbox 568 1576 663 1632; x_wconf 89' lang='lat' dir='ltr'><strong>sed</strong></span> <span class='ocrx_word' id='word_1_100' title='bbox 711 1574 1160 1647; x_wconf 82' lang='lat' dir='ltr'><strong>quemadmodum</strong></span> <span class='ocrx_word' id='word_1_101' title='bbox 1188 1571 1254 1627; x_wconf 87' lang='lat' dir='ltr'><strong>ad</strong></span> <span class='ocrx_word' id='word_1_102' title='bbox 1278 1573 1459 1643; x_wconf 83' lang='lat' dir='ltr'><strong>ignem</strong></span> <span class='ocrx_word' id='word_1_103' title='bbox 1488 1579 1620 1642; x_wconf 87' lang='lat' dir='ltr'><strong>quot</strong></span> <span class='ocrx_word' id='word_1_104' title='bbox 1659 1570 1802 1624; x_wconf 84' lang='lat' dir='ltr'><strong>volet</strong></span> <span class='ocrx_word' id='word_1_105' title='bbox 1822 1569 1946 1639; x_wconf 81' lang='lat' dir='ltr'><strong>qui-</strong></span> 
     </span>
    </p>
   </div>
   <div class='ocr_carea' id='block_1_15' title="bbox 348 1664 1949 1736">
    <p class='ocr_par' dir='ltr' id='par_1_15' title="bbox 348 1664 1949 1736">
     <span class='ocr_line' id='line_1_15' title="bbox 348 1664 1949 1736; baseline -0.007 -9"><span class='ocrx_word' id='word_1_106' title='bbox 348 1674 434 1727; x_wconf 86' lang='lat' dir='ltr'><strong>vis</strong></span> <span class='ocrx_word' id='word_1_107' title='bbox 457 1673 709 1735; x_wconf 83' lang='lat' dir='ltr'><strong>lucernas</strong></span> <span class='ocrx_word' id='word_1_108' title='bbox 733 1669 1009 1734; x_wconf 81' lang='lat' dir='ltr'><strong>accendet,</strong></span> <span class='ocrx_word' id='word_1_109' title='bbox 1039 1682 1139 1724; x_wconf 90' lang='lat' dir='ltr'><strong>nec</strong></span> <span class='ocrx_word' id='word_1_110' title='bbox 1160 1668 1363 1721; x_wconf 85' lang='lat' dir='ltr'><strong>minuet</strong></span> <span class='ocrx_word' id='word_1_111' title='bbox 1392 1666 1593 1736; x_wconf 89' lang='lat' dir='ltr'><strong>ignem,</strong></span> <span class='ocrx_word' id='word_1_112' title='bbox 1625 1664 1703 1719; x_wconf 89' lang='lat' dir='ltr'><strong>sic</strong></span> <span class='ocrx_word' id='word_1_113' title='bbox 1731 1674 1784 1720; x_wconf 92' lang='lat' dir='ltr'><strong>et</strong></span> <span class='ocrx_word' id='word_1_114' title='bbox 1812 1677 1949 1733; x_wconf 85' lang='lat' dir='ltr'><strong>apo-</strong></span> 
     </span>
    </p>
   </div>
   <div class='ocr_carea' id='block_1_16' title="bbox 350 1757 1949 1835">
    <p class='ocr_par' dir='ltr' id='par_1_16' title="bbox 350 1757 1949 1835">
     <span class='ocr_line' id='line_1_16' title="bbox 350 1757 1949 1835; baseline -0.006 -14"><span class='ocrx_word' id='word_1_115' title='bbox 350 1766 508 1831; x_wconf 79' lang='lat' dir='ltr'><strong>stolis</strong></span> <span class='ocrx_word' id='word_1_116' title='bbox 557 1773 687 1820; x_wconf 79' lang='lat' dir='ltr'><strong>tunc</strong></span> <span class='ocrx_word' id='word_1_117' title='bbox 714 1763 957 1835; x_wconf 87' lang='lat' dir='ltr'><strong>contigit.</strong></span> <span class='ocrx_word' id='word_1_118' title='bbox 1002 1760 1134 1817; x_wconf 87' lang='lat' dir='ltr'><strong>Nam</strong></span> <span class='ocrx_word' id='word_1_119' title='bbox 1167 1777 1262 1832; x_wconf 90' lang='lat' dir='ltr'><strong>per</strong></span> <span class='ocrx_word' id='word_1_120' title='bbox 1290 1760 1466 1831; x_wconf 83' lang='lat' dir='ltr'><strong>ignem</strong></span> <span class='ocrx_word' id='word_1_121' title='bbox 1504 1774 1610 1815; x_wconf 88' lang='lat' dir='ltr'><strong>non</strong></span> <span class='ocrx_word' id='word_1_122' title='bbox 1640 1757 1799 1813; x_wconf 91' lang='lat' dir='ltr'><strong>modo</strong></span> <span class='ocrx_word' id='word_1_123' title='bbox 1828 1772 1949 1828; x_wconf 84' lang='lat' dir='ltr'><strong>gra-</strong></span> 
     </span>
    </p>
   </div>
   <div class='ocr_carea' id='block_1_17' title="bbox 350 1850 1946 1923">
    <p class='ocr_par' dir='ltr' id='par_1_17' title="bbox 350 1850 1946 1923">
     <span class='ocr_line' id='line_1_17' title="bbox 350 1850 1946 1923; baseline -0.004 -12"><span class='ocrx_word' id='word_1_124' title='bbox 350 1859 441 1912; x_wconf 71' lang='lat' dir='ltr'><strong>tia:</strong></span> <span class='ocrx_word' id='word_1_125' title='bbox 469 1858 696 1912; x_wconf 78' lang='lat' dir='ltr'><strong>ubertas</strong></span> <span class='ocrx_word' id='word_1_126' title='bbox 721 1854 1132 1920; x_wconf 84' lang='lat' dir='ltr'><strong>ostendebatur;</strong></span> <span class='ocrx_word' id='word_1_127' title='bbox 1176 1850 1272 1909; x_wconf 88' lang='lat' dir='ltr'><strong>sed</strong></span> <span class='ocrx_word' id='word_1_128' title='bbox 1296 1853 1518 1923; x_wconf 89' lang='lat' dir='ltr'><strong>quisque</strong></span> <span class='ocrx_word' id='word_1_129' title='bbox 1547 1850 1749 1906; x_wconf 89' lang='lat' dir='ltr'><strong>fontem</strong></span> <span class='ocrx_word' id='word_1_130' title='bbox 1775 1850 1946 1919; x_wconf 86' lang='lat' dir='ltr'><strong>Spiri-</strong></span> 
     </span>
    </p>
   </div>
   <div class='ocr_carea' id='block_1_18' title="bbox 352 1942 1943 2017">
    <p class='ocr_par' dir='ltr' id='par_1_18' title="bbox 352 1942 1943 2017">
     <span class='ocr_line' id='line_1_18' title="bbox 352 1942 1943 2017; baseline -0.002 -16"><span class='ocrx_word' id='word_1_131' title='bbox 352 1961 436 2003; x_wconf 88' lang='lat' dir='ltr'><strong>tus</strong></span> <span class='ocrx_word' id='word_1_132' title='bbox 462 1948 787 2017; x_wconf 81' lang='lat' dir='ltr'><strong>aecipiehat,</strong></span> <span class='ocrx_word' id='word_1_133' title='bbox 817 1955 874 2002; x_wconf 90' lang='lat' dir='ltr'><strong>ut</strong></span> <span class='ocrx_word' id='word_1_134' title='bbox 899 1946 1033 2001; x_wconf 82' lang='lat' dir='ltr'><strong>dixit</strong></span> <span class='ocrx_word' id='word_1_135' title='bbox 1082 1945 1193 2012; x_wconf 88' lang='lat' dir='ltr'><strong>ille,</strong></span> <span class='ocrx_word' id='word_1_136' title='bbox 1224 1960 1318 2002; x_wconf 93' lang='lat' dir='ltr'><strong>eos</strong></span> <span class='ocrx_word' id='word_1_137' title='bbox 1346 1945 1435 2016; x_wconf 85' lang='lat' dir='ltr'><strong>qui</strong></span> <span class='ocrx_word' id='word_1_138' title='bbox 1465 1948 1517 2000; x_wconf 86' lang='lat' dir='ltr'><strong>tn</strong></span> <span class='ocrx_word' id='word_1_139' title='bbox 1539 1960 1601 2001; x_wconf 88' lang='lat' dir='ltr'><strong>se</strong></span> <span class='ocrx_word' id='word_1_140' title='bbox 1637 1942 1943 2012; x_wconf 88' lang='lat' dir='ltr'><strong>crederent,</strong></span> 
     </span>
    </p>
   </div>
   <div class='ocr_carea' id='block_1_19' title="bbox 352 2036 1948 2110">
    <p class='ocr_par' dir='ltr' id='par_1_19' title="bbox 352 2036 1948 2110">
     <span class='ocr_line' id='line_1_19' title="bbox 352 2036 1948 2110; baseline -0.001 -17"><span class='ocrx_word' id='word_1_141' title='bbox 352 2050 675 2110; x_wconf 84' lang='lat' dir='ltr'><strong>accepturos</strong></span> <span class='ocrx_word' id='word_1_142' title='bbox 705 2053 824 2094; x_wconf 88' lang='lat' dir='ltr'><strong>esse</strong></span> <span class='ocrx_word' id='word_1_143' title='bbox 847 2037 1048 2094; x_wconf 88' lang='lat' dir='ltr'><strong>fontem</strong></span> <span class='ocrx_word' id='word_1_144' title='bbox 1078 2052 1231 2108; x_wconf 72' lang='lat' dir='ltr'><strong>aqua:</strong></span> <span class='ocrx_word' id='word_1_145' title='bbox 1256 2037 1496 2093; x_wconf 86' lang='lat' dir='ltr'><strong>salientis</strong></span> <span class='ocrx_word' id='word_1_146' title='bbox 1524 2037 1577 2091; x_wconf 91' lang='lat' dir='ltr'><strong>in</strong></span> <span class='ocrx_word' id='word_1_147' title='bbox 1597 2036 1759 2091; x_wconf 84' lang='lat' dir='ltr'><strong>vitam</strong></span> <span class='ocrx_word' id='word_1_148' title='bbox 1790 2046 1948 2091; x_wconf 72' lang='lat' dir='ltr'><strong>teter—</strong></span> 
     </span>
    </p>
   </div>
   <div class='ocr_carea' id='block_1_20' title="bbox 349 2128 1946 2203">
    <p class='ocr_par' dir='ltr' id='par_1_20' title="bbox 349 2128 1946 2203">
     <span class='ocr_line' id='line_1_20' title="bbox 349 2128 1946 2203; baseline -0.001 -17"><span class='ocrx_word' id='word_1_149' title='bbox 349 2148 473 2186; x_wconf 82' lang='lat' dir='ltr'><strong>nam</strong></span> <span class='ocrx_word' id='word_1_150' title='bbox 506 2132 693 2203; x_wconf 85' lang='lat' dir='ltr'><strong>(Joan.</strong></span> <span class='ocrx_word' id='word_1_151' title='bbox 725 2134 779 2187; x_wconf 67' lang='lat'><strong>4.</strong></span> <span class='ocrx_word' id='word_1_152' title='bbox 809 2130 901 2202; x_wconf 69' lang='grc'><strong>14)</strong></span> <span class='ocrx_word' id='word_1_153' title='bbox 931 2148 943 2183; x_wconf 88' lang='lat'><strong>:</strong></span> <span class='ocrx_word' id='word_1_154' title='bbox 978 2129 1138 2201; x_wconf 90' lang='lat' dir='ltr'><strong>idque</strong></span> <span class='ocrx_word' id='word_1_155' title='bbox 1181 2130 1303 2200; x_wconf 72' lang='lat' dir='ltr'><strong>jure</strong></span> <span class='ocrx_word' id='word_1_156' title='bbox 1350 2130 1564 2185; x_wconf 89' lang='lat' dir='ltr'><strong>merito.</strong></span> <span class='ocrx_word' id='word_1_157' title='bbox 1590 2128 1773 2200; x_wconf 85' lang='lat' dir='ltr'><strong>Neque</strong></span> <span class='ocrx_word' id='word_1_158' title='bbox 1802 2129 1946 2184; x_wconf 90' lang='lat' dir='ltr'><strong>enim</strong></span> 
     </span>
    </p>
   </div>
   <div class='ocr_carea' id='block_1_21' title="bbox 346 2221 1947 2295">
    <p class='ocr_par' dir='ltr' id='par_1_21' title="bbox 346 2221 1947 2295">
     <span class='ocr_line' id='line_1_21' title="bbox 346 2221 1947 2295; baseline -0.001 -16"><span class='ocrx_word' id='word_1_159' title='bbox 346 2240 469 2279; x_wconf 88' lang='lat' dir='ltr'><strong>cum</strong></span> <span class='ocrx_word' id='word_1_160' title='bbox 500 2224 780 2279; x_wconf 81' lang='lat' dir='ltr'><strong>Pharaone</strong></span> <span class='ocrx_word' id='word_1_161' title='bbox 809 2222 1128 2295; x_wconf 85' lang='lat' dir='ltr'><strong>disputaturi</strong></span> <span class='ocrx_word' id='word_1_162' title='bbox 1156 2223 1431 2290; x_wconf 88' lang='lat' dir='ltr'><strong>abierant,</strong></span> <span class='ocrx_word' id='word_1_163' title='bbox 1462 2221 1555 2276; x_wconf 89' lang='lat' dir='ltr'><strong>sed</strong></span> <span class='ocrx_word' id='word_1_164' title='bbox 1584 2238 1703 2277; x_wconf 92' lang='lat' dir='ltr'><strong>cum</strong></span> <span class='ocrx_word' id='word_1_165' title='bbox 1731 2221 1947 2277; x_wconf 87' lang='lat' dir='ltr'><strong>diabolo</strong></span> 
     </span>
    </p>
   </div>
   <div class='ocr_carea' id='block_1_22' title="bbox 350 2314 1948 2387">
    <p class='ocr_par' dir='ltr' id='par_1_22' title="bbox 350 2314 1948 2387">
     <span class='ocr_line' id='line_1_22' title="bbox 350 2314 1948 2387; baseline 0.001 -18"><span class='ocrx_word' id='word_1_166' title='bbox 350 2317 662 2387; x_wconf 76' lang='lat' dir='ltr'><strong>pugnaturi.</strong></span> <span class='ocrx_word' id='word_1_167' title='bbox 700 2314 961 2387; x_wconf 87' lang='lat' dir='ltr'><strong>Quodque</strong></span> <span class='ocrx_word' id='word_1_168' title='bbox 1004 2314 1301 2371; x_wconf 89' lang='lat' dir='ltr'><strong>mirabilius</strong></span> <span class='ocrx_word' id='word_1_169' title='bbox 1342 2323 1447 2381; x_wconf 90' lang='lat' dir='ltr'><strong>est,</strong></span> <span class='ocrx_word' id='word_1_170' title='bbox 1480 2315 1629 2370; x_wconf 90' lang='lat' dir='ltr'><strong>missi</strong></span> <span class='ocrx_word' id='word_1_171' title='bbox 1663 2331 1768 2371; x_wconf 92' lang='lat' dir='ltr'><strong>non</strong></span> <span class='ocrx_word' id='word_1_172' title='bbox 1794 2330 1948 2385; x_wconf 86' lang='lat' dir='ltr'><strong>repu-</strong></span> 
     </span>
    </p>
   </div>
   <div class='ocr_carea' id='block_1_23' title="bbox 347 2409 1946 2481">
    <p class='ocr_par' dir='ltr' id='par_1_23' title="bbox 347 2409 1946 2481">
     <span class='ocr_line' id='line_1_23' title="bbox 347 2409 1946 2481; baseline 0.002 -17"><span class='ocrx_word' id='word_1_173' title='bbox 347 2421 599 2480; x_wconf 81' lang='lat' dir='ltr'><strong>gnarum,</strong></span> <span class='ocrx_word' id='word_1_174' title='bbox 629 2426 728 2465; x_wconf 89' lang='lat' dir='ltr'><strong>nec</strong></span> <span class='ocrx_word' id='word_1_175' title='bbox 753 2409 999 2465; x_wconf 81' lang='lat' dir='ltr'><strong>dixerunt</strong></span> <span class='ocrx_word' id='word_1_176' title='bbox 1029 2424 1088 2466; x_wconf 88' lang='lat' dir='ltr'><strong>se</strong></span> <span class='ocrx_word' id='word_1_177' title='bbox 1108 2409 1293 2481; x_wconf 80' lang='lat' dir='ltr'><strong>gracili</strong></span> <span class='ocrx_word' id='word_1_178' title='bbox 1318 2425 1449 2465; x_wconf 88' lang='lat' dir='ltr'><strong>voce</strong></span> <span class='ocrx_word' id='word_1_179' title='bbox 1477 2418 1531 2466; x_wconf 88' lang='lat' dir='ltr'><strong>et</strong></span> <span class='ocrx_word' id='word_1_180' title='bbox 1555 2410 1729 2481; x_wconf 86' lang='lat' dir='ltr'><strong>lingua</strong></span> <span class='ocrx_word' id='word_1_181' title='bbox 1766 2410 1946 2467; x_wconf 89' lang='lat' dir='ltr'><strong>tardos</strong></span> 
     </span>
    </p>
   </div>
   <div class='ocr_carea' id='block_1_24' title="bbox 346 2503 1943 2577">
    <p class='ocr_par' dir='ltr' id='par_1_24' title="bbox 346 2503 1943 2577">
     <span class='ocr_line' id='line_1_24' title="bbox 346 2503 1943 2577; baseline -0.001 -16"><span class='ocrx_word' id='word_1_182' title='bbox 346 2520 468 2561; x_wconf 82' lang='lat' dir='ltr'><strong>esse</strong></span> <span class='ocrx_word' id='word_1_183' title='bbox 499 2505 697 2577; x_wconf 72' lang='lat' dir='ltr'><strong>(Exod.</strong></span> <span class='ocrx_word' id='word_1_184' title='bbox 724 2505 777 2561; x_wconf 74' lang='grc'><strong>4.</strong></span> <span class='ocrx_word' id='word_1_185' title='bbox 810 2504 931 2577; x_wconf 79' lang='grc'><strong>10);</strong></span> <span class='ocrx_word' id='word_1_186' title='bbox 965 2503 1173 2576; x_wconf 77' lang='lat' dir='ltr'><strong>Moyses</strong></span> <span class='ocrx_word' id='word_1_187' title='bbox 1200 2504 1343 2561; x_wconf 91' lang='lat' dir='ltr'><strong>cnim</strong></span> <span class='ocrx_word' id='word_1_188' title='bbox 1376 2505 1499 2561; x_wconf 90' lang='lat' dir='ltr'><strong>illos</strong></span> <span class='ocrx_word' id='word_1_189' title='bbox 1530 2504 1596 2561; x_wconf 89' lang='lat' dir='ltr'><strong>ad</strong></span> <span class='ocrx_word' id='word_1_190' title='bbox 1627 2505 1731 2561; x_wconf 93' lang='lat' dir='ltr'><strong>hoc</strong></span> <span class='ocrx_word' id='word_1_191' title='bbox 1757 2505 1943 2561; x_wconf 90' lang='lat' dir='ltr'><strong>erudi-</strong></span> 
     </span>
    </p>
   </div>
   <div class='ocr_carea' id='block_1_25' title="bbox 348 2597 1945 2669">
    <p class='ocr_par' dir='ltr' id='par_1_25' title="bbox 348 2597 1945 2669">
     <span class='ocr_line' id='line_1_25' title="bbox 348 2597 1945 2669; baseline 0.001 -16"><span class='ocrx_word' id='word_1_192' title='bbox 348 2597 614 2653; x_wconf 75' lang='lat' dir='ltr'><strong>erat.‘.\’on</strong></span> <span class='ocrx_word' id='word_1_193' title='bbox 633 2598 903 2666; x_wconf 78' lang='lat' dir='ltr'><strong>dixerunt,</strong></span> <span class='ocrx_word' id='word_1_194' title='bbox 921 2597 1229 2669; x_wconf 85' lang='lat' dir='ltr'><strong>sejuniores</strong></span> <span class='ocrx_word' id='word_1_195' title='bbox 1249 2613 1389 2664; x_wconf 87' lang='lat' dir='ltr'><strong>esse;</strong></span> <span class='ocrx_word' id='word_1_196' title='bbox 1411 2614 1532 2653; x_wconf 89' lang='lat' dir='ltr'><strong>nam</strong></span> <span class='ocrx_word' id='word_1_197' title='bbox 1551 2599 1811 2655; x_wconf 86' lang='lat' dir='ltr'><strong>Jeremias</strong></span> <span class='ocrx_word' id='word_1_198' title='bbox 1827 2600 1945 2655; x_wconf 91' lang='lat' dir='ltr'><strong>illos</strong></span> 
     </span>
    </p>
   </div>
   <div class='ocr_carea' id='block_1_26' title="bbox 347 2691 1944 2763">
    <p class='ocr_par' dir='ltr' id='par_1_26' title="bbox 347 2691 1944 2763">
     <span class='ocr_line' id='line_1_26' title="bbox 347 2691 1944 2763; baseline 0.001 -17"><span class='ocrx_word' id='word_1_199' title='bbox 347 2691 659 2747; x_wconf 81' lang='lat' dir='ltr'><strong>instituerat</strong></span> <span class='ocrx_word' id='word_1_200' title='bbox 690 2691 821 2763; x_wconf 81' lang='lat' dir='ltr'><strong>(Jer.</strong></span> <span class='ocrx_word' id='word_1_201' title='bbox 855 2693 905 2748; x_wconf 85' lang='lat' dir='ltr'><strong>t.</strong></span> <span class='ocrx_word' id='word_1_202' title='bbox 936 2693 1015 2762; x_wconf 81' lang='lat'><strong>6).</strong></span> <span class='ocrx_word' id='word_1_203' title='bbox 1044 2691 1205 2763; x_wconf 85' lang='lat' dir='ltr'><strong>Atqui</strong></span> <span class='ocrx_word' id='word_1_204' title='bbox 1250 2692 1415 2747; x_wconf 90' lang='lat' dir='ltr'><strong>multa</strong></span> <span class='ocrx_word' id='word_1_205' title='bbox 1460 2691 1742 2748; x_wconf 87' lang='lat' dir='ltr'><strong>audierant</strong></span> <span class='ocrx_word' id='word_1_206' title='bbox 1784 2693 1944 2748; x_wconf 89' lang='lat' dir='ltr'><strong>terri-</strong></span> 
     </span>
    </p>
   </div>
   <div class='ocr_carea' id='block_1_27' title="bbox 346 2785 1941 2858">
    <p class='ocr_par' dir='ltr' id='par_1_27' title="bbox 346 2785 1941 2858">
     <span class='ocr_line' id='line_1_27' title="bbox 346 2785 1941 2858; baseline 0.001 -18"><span class='ocrx_word' id='word_1_207' title='bbox 346 2785 498 2849; x_wconf 88' lang='lat' dir='ltr'><strong>bilia,</strong></span> <span class='ocrx_word' id='word_1_208' title='bbox 542 2786 839 2857; x_wconf 88' lang='lat' dir='ltr'><strong>multoque,</strong></span> <span class='ocrx_word' id='word_1_209' title='bbox 873 2802 1031 2858; x_wconf 89' lang='lat' dir='ltr'><strong>quam</strong></span> <span class='ocrx_word' id='word_1_210' title='bbox 1078 2787 1174 2851; x_wconf 84' lang='lat' dir='ltr'><strong>illi,</strong></span> <span class='ocrx_word' id='word_1_211' title='bbox 1206 2788 1446 2858; x_wconf 84' lang='lat' dir='ltr'><strong>majora:</strong></span> <span class='ocrx_word' id='word_1_212' title='bbox 1478 2796 1531 2844; x_wconf 91' lang='lat' dir='ltr'><strong>et</strong></span> <span class='ocrx_word' id='word_1_213' title='bbox 1563 2797 1739 2841; x_wconf 88' lang='lat' dir='ltr'><strong>tamen</strong></span> <span class='ocrx_word' id='word_1_214' title='bbox 1785 2787 1941 2842; x_wconf 85' lang='lat' dir='ltr'><strong>veriti</strong></span> 
     </span>
    </p>
   </div>
   <div class='ocr_carea' id='block_1_28' title="bbox 348 2880 1945 2952">
    <p class='ocr_par' dir='ltr' id='par_1_28' title="bbox 348 2880 1945 2952">
     <span class='ocr_line' id='line_1_28' title="bbox 348 2880 1945 2952; baseline 0.001 -18"><span class='ocrx_word' id='word_1_215' title='bbox 348 2890 473 2935; x_wconf 83' lang='lat' dir='ltr'><strong>sunt</strong></span> <span class='ocrx_word' id='word_1_216' title='bbox 498 2880 890 2937; x_wconf 86' lang='lat' dir='ltr'><strong>contradicere.</strong></span> <span class='ocrx_word' id='word_1_217' title='bbox 936 2880 1072 2936; x_wconf 84' lang='lat' dir='ltr'><strong>Hinc</strong></span> <span class='ocrx_word' id='word_1_218' title='bbox 1100 2881 1271 2952; x_wconf 85' lang='lat' dir='ltr'><strong>palam</strong></span> <span class='ocrx_word' id='word_1_219' title='bbox 1302 2890 1383 2937; x_wconf 89' lang='lat' dir='ltr'><strong>est</strong></span> <span class='ocrx_word' id='word_1_220' title='bbox 1408 2897 1502 2937; x_wconf 89' lang='lat' dir='ltr'><strong>eos</strong></span> <span class='ocrx_word' id='word_1_221' title='bbox 1534 2881 1696 2935; x_wconf 83' lang='lat' dir='ltr'><strong>fuisse</strong></span> <span class='ocrx_word' id='word_1_222' title='bbox 1725 2880 1945 2950; x_wconf 85' lang='lat' dir='ltr'><strong>angelos</strong></span> 
     </span>
    </p>
   </div>
   <div class='ocr_carea' id='block_1_29' title="bbox 347 2971 1942 3043">
    <p class='ocr_par' dir='ltr' id='par_1_29' title="bbox 347 2971 1942 3043">
     <span class='ocr_line' id='line_1_29' title="bbox 347 2971 1942 3043; baseline 0.002 -18"><span class='ocrx_word' id='word_1_223' title='bbox 347 2971 502 3037; x_wconf 90' lang='lat' dir='ltr'><strong>lucis,</strong></span> <span class='ocrx_word' id='word_1_224' title='bbox 528 2982 581 3025; x_wconf 83' lang='lat' dir='ltr'><strong>et</strong></span> <span class='ocrx_word' id='word_1_225' title='bbox 606 2987 956 3041; x_wconf 75' lang='lat' dir='ltr'><strong>supernorum</strong></span> <span class='ocrx_word' id='word_1_226' title='bbox 988 2988 1166 3027; x_wconf 89' lang='lat' dir='ltr'><strong>rerum</strong></span> <span class='ocrx_word' id='word_1_227' title='bbox 1202 2973 1495 3029; x_wconf 87' lang='lat' dir='ltr'><strong>ministros.</strong></span> <span class='ocrx_word' id='word_1_228' title='bbox 1514 2973 1580 3027; x_wconf 82' lang='lat' dir='ltr'><strong>Et</strong></span> <span class='ocrx_word' id='word_1_229' title='bbox 1600 2973 1705 3027; x_wconf 88' lang='lat' dir='ltr'><strong>illis</strong></span> <span class='ocrx_word' id='word_1_230' title='bbox 1729 2973 1942 3043; x_wconf 88' lang='lat' dir='ltr'><strong>quidem</strong></span> 
     </span>
    </p>
   </div>
   <div class='ocr_carea' id='block_1_30' title="bbox 348 3064 1944 3137">
    <p class='ocr_par' dir='ltr' id='par_1_30' title="bbox 348 3064 1944 3137">
     <span class='ocr_line' id='line_1_30' title="bbox 348 3064 1944 3137; baseline 0.003 -20"><span class='ocrx_word' id='word_1_231' title='bbox 348 3064 403 3118; x_wconf 87' lang='lat' dir='ltr'><strong>in</strong></span> <span class='ocrx_word' id='word_1_232' title='bbox 434 3074 574 3118; x_wconf 86' lang='lat' dir='ltr'><strong>terra</strong></span> <span class='ocrx_word' id='word_1_233' title='bbox 602 3064 879 3134; x_wconf 81' lang='lat' dir='ltr'><strong>agentibus</strong></span> <span class='ocrx_word' id='word_1_234' title='bbox 902 3064 1076 3119; x_wconf 87' lang='lat' dir='ltr'><strong>nullus</strong></span> <span class='ocrx_word' id='word_1_235' title='bbox 1104 3064 1171 3120; x_wconf 89' lang='lat' dir='ltr'><strong>de</strong></span> <span class='ocrx_word' id='word_1_236' title='bbox 1198 3066 1334 3121; x_wconf 83' lang='lat' dir='ltr'><strong>caelo</strong></span> <span class='ocrx_word' id='word_1_237' title='bbox 1358 3068 1638 3135; x_wconf 83' lang='lat' dir='ltr'><strong>apparuit;</strong></span> <span class='ocrx_word' id='word_1_238' title='bbox 1670 3065 1765 3121; x_wconf 87' lang='lat' dir='ltr'><strong>sed</strong></span> <span class='ocrx_word' id='word_1_239' title='bbox 1798 3074 1944 3137; x_wconf 88' lang='lat' dir='ltr'><strong>post-</strong></span> 
     </span>
    </p>
   </div>
   <div class='ocr_carea' id='block_1_31' title="bbox 346 3156 1945 3230">
    <p class='ocr_par' dir='ltr' id='par_1_31' title="bbox 346 3156 1945 3230">
     <span class='ocr_line' id='line_1_31' title="bbox 346 3156 1945 3230; baseline 0.004 -20"><span class='ocrx_word' id='word_1_240' title='bbox 346 3173 509 3226; x_wconf 86' lang='lat' dir='ltr'><strong>quam</strong></span> <span class='ocrx_word' id='word_1_241' title='bbox 547 3156 788 3212; x_wconf 72' lang='lat' dir='ltr'><strong>ascendit</strong></span> <span class='ocrx_word' id='word_1_242' title='bbox 835 3158 1005 3213; x_wconf 88' lang='lat' dir='ltr'><strong>llomo</strong></span> <span class='ocrx_word' id='word_1_243' title='bbox 1045 3174 1257 3214; x_wconf 91' lang='lat' dir='ltr'><strong>sursum</strong></span> <span class='ocrx_word' id='word_1_244' title='bbox 1285 3201 1299 3223; x_wconf 92' lang='lat'><strong>,</strong></span> <span class='ocrx_word' id='word_1_245' title='bbox 1349 3157 1584 3230; x_wconf 88' lang='lat' dir='ltr'><strong>Spiritus</strong></span> <span class='ocrx_word' id='word_1_246' title='bbox 1619 3176 1649 3215; x_wconf 92' lang='lat' dir='ltr'><strong>e</strong></span> <span class='ocrx_word' id='word_1_247' title='bbox 1696 3160 1945 3230; x_wconf 84' lang='lat' dir='ltr'><strong>supernis</strong></span> 
     </span>
    </p>
   </div>
   <div class='ocr_carea' id='block_1_32' title="bbox 346 3247 1945 3322">
    <p class='ocr_par' dir='ltr' id='par_1_32' title="bbox 346 3247 1945 3322">
     <span class='ocr_line' id='line_1_32' title="bbox 346 3247 1945 3322; baseline 0.003 -21"><span class='ocrx_word' id='word_1_248' title='bbox 346 3248 595 3313; x_wconf 83' lang='lat' dir='ltr'><strong>advenit;</strong></span> <span class='ocrx_word' id='word_1_249' title='bbox 624 3247 899 3319; x_wconf 81' lang='lat' dir='ltr'><strong>Tamquam</strong></span> <span class='ocrx_word' id='word_1_250' title='bbox 920 3251 1331 3319; x_wconf 84' lang='lat' dir='ltr'><strong>supervenientis,</strong></span> <span class='ocrx_word' id='word_1_251' title='bbox 1357 3250 1547 3321; x_wconf 87' lang='lat' dir='ltr'><strong>inquit,</strong></span> <span class='ocrx_word' id='word_1_252' title='bbox 1572 3252 1782 3322; x_wconf 78' lang='lat' dir='ltr'><strong>spiritus</strong></span> <span class='ocrx_word' id='word_1_253' title='bbox 1798 3253 1945 3306; x_wconf 84' lang='lat' dir='ltr'><strong>vehe-</strong></span> 
     </span>
    </p>
   </div>
   <div class='ocr_carea' id='block_1_33' title="bbox 349 3339 1940 3414">
    <p class='ocr_par' dir='ltr' id='par_1_33' title="bbox 349 3339 1940 3414">
     <span class='ocr_line' id='line_1_33' title="bbox 349 3339 1940 3414; baseline 0.005 -23"><span class='ocrx_word' id='word_1_254' title='bbox 349 3340 553 3396; x_wconf 82' lang='lat' dir='ltr'><strong>mentis.</strong></span> <span class='ocrx_word' id='word_1_255' title='bbox 599 3340 734 3394; x_wconf 89' lang='lat' dir='ltr'><strong>lliue</strong></span> <span class='ocrx_word' id='word_1_256' title='bbox 767 3339 1001 3396; x_wconf 89' lang='lat' dir='ltr'><strong>declarat</strong></span> <span class='ocrx_word' id='word_1_257' title='bbox 1029 3342 1161 3407; x_wconf 91' lang='lat' dir='ltr'><strong>fore,</strong></span> <span class='ocrx_word' id='word_1_258' title='bbox 1192 3351 1249 3396; x_wconf 91' lang='lat' dir='ltr'><strong>ut</strong></span> <span class='ocrx_word' id='word_1_259' title='bbox 1273 3342 1405 3399; x_wconf 83' lang='lat' dir='ltr'><strong>nihil</strong></span> <span class='ocrx_word' id='word_1_260' title='bbox 1433 3344 1599 3413; x_wconf 89' lang='lat' dir='ltr'><strong>possit</strong></span> <span class='ocrx_word' id='word_1_261' title='bbox 1626 3344 1755 3414; x_wconf 86' lang='lat' dir='ltr'><strong>ipsis</strong></span> <span class='ocrx_word' id='word_1_262' title='bbox 1794 3345 1940 3399; x_wconf 85' lang='lat' dir='ltr'><strong>obsi-</strong></span> 
     </span>
    </p>
   </div>
   <div class='ocr_carea' id='block_1_34' title="bbox 347 3432 1942 3504">
    <p class='ocr_par' dir='ltr' id='par_1_34' title="bbox 347 3432 1942 3504">
     <span class='ocr_line' id='line_1_34' title="bbox 347 3432 1942 3504; baseline 0.004 -20"><span class='ocrx_word' id='word_1_263' title='bbox 347 3441 516 3497; x_wconf 63' lang='grc' dir='ltr'><strong>δίει-σι,</strong></span> <span class='ocrx_word' id='word_1_264' title='bbox 548 3432 642 3486; x_wconf 86' lang='lat' dir='ltr'><strong>sed</strong></span> <span class='ocrx_word' id='word_1_265' title='bbox 674 3432 914 3487; x_wconf 88' lang='lat' dir='ltr'><strong>inimicos</strong></span> <span class='ocrx_word' id='word_1_266' title='bbox 943 3434 1008 3488; x_wconf 91' lang='lat' dir='ltr'><strong>ab</strong></span> <span class='ocrx_word' id='word_1_267' title='bbox 1034 3434 1164 3504; x_wconf 88' lang='lat' dir='ltr'><strong>ipsis</strong></span> <span class='ocrx_word' id='word_1_268' title='bbox 1210 3434 1445 3504; x_wconf 75' lang='lat' dir='ltr'><strong>pulveris</strong></span> <span class='ocrx_word' id='word_1_269' title='bbox 1482 3436 1649 3490; x_wconf 89' lang='lat' dir='ltr'><strong>instar</strong></span> <span class='ocrx_word' id='word_1_270' title='bbox 1679 3436 1942 3491; x_wconf 86' lang='lat' dir='ltr'><strong>ventilan-</strong></span> 
     </span>
    </p>
   </div>
   <div class='ocr_carea' id='block_1_35' title="bbox 348 3520 1942 3590">
    <p class='ocr_par' dir='ltr' id='par_1_35' title="bbox 348 3520 1942 3590">
     <span class='ocr_line' id='line_1_35' title="bbox 348 3520 1942 3590; baseline 0.006 -16"><span class='ocrx_word' id='word_1_271' title='bbox 348 3520 448 3575; x_wconf 87' lang='lat' dir='ltr'><strong>dos</strong></span> <span class='ocrx_word' id='word_1_272' title='bbox 487 3537 635 3577; x_wconf 85' lang='lat' dir='ltr'><strong>esse.</strong></span> <span class='ocrx_word' id='word_1_273' title='bbox 676 3520 746 3576; x_wconf 85' lang='lat' dir='ltr'><strong>Et</strong></span> <span class='ocrx_word' id='word_1_274' title='bbox 792 3525 999 3590; x_wconf 77' lang='lat' dir='ltr'><strong>replevit</strong></span> <span class='ocrx_word' id='word_1_275' title='bbox 1047 3533 1204 3578; x_wconf 85' lang='lat' dir='ltr'><strong>totum</strong></span> <span class='ocrx_word' id='word_1_276' title='bbox 1258 3525 1482 3579; x_wconf 85' lang='lat' dir='ltr'><strong>domum.</strong></span> <span class='ocrx_word' id='word_1_277' title='bbox 1504 3526 1702 3581; x_wconf 90' lang='lat' dir='ltr'><strong>Domus</strong></span> <span class='ocrx_word' id='word_1_278' title='bbox 1758 3528 1942 3583; x_wconf 90' lang='lat' dir='ltr'><strong>mundi</strong></span> 
     </span>
    </p>
   </div>
   <div class='ocr_carea' id='block_1_36' title="bbox 350 3613 1941 3689">
    <p class='ocr_par' dir='ltr' id='par_1_36' title="bbox 350 3613 1941 3689">
     <span class='ocr_line' id='line_1_36' title="bbox 350 3613 1941 3689; baseline 0.005 -22"><span class='ocrx_word' id='word_1_279' title='bbox 350 3613 655 3685; x_wconf 68' lang='lat' dir='ltr'><strong>symbolum</strong></span> <span class='ocrx_word' id='word_1_280' title='bbox 674 3625 806 3669; x_wconf 87' lang='lat' dir='ltr'><strong>erat.</strong></span> <span class='ocrx_word' id='word_1_281' title='bbox 826 3615 1069 3687; x_wconf 79' lang='lat' dir='ltr'><strong>Seditque</strong></span> <span class='ocrx_word' id='word_1_282' title='bbox 1098 3633 1254 3687; x_wconf 80' lang='lat' dir='ltr'><strong>supra</strong></span> <span class='ocrx_word' id='word_1_283' title='bbox 1274 3618 1500 3689; x_wconf 83' lang='lat' dir='ltr'><strong>singulos</strong></span> <span class='ocrx_word' id='word_1_284' title='bbox 1517 3634 1710 3673; x_wconf 86' lang='lat' dir='ltr'><strong>eorum.</strong></span> <span class='ocrx_word' id='word_1_285' title='bbox 1733 3619 1799 3674; x_wconf 86' lang='lat' dir='ltr'><strong>Et</strong></span> <span class='ocrx_word' id='word_1_286' title='bbox 1821 3636 1941 3675; x_wconf 85' lang='lat' dir='ltr'><strong>con-</strong></span> 
     </span>
    </p>
   </div>
   <div class='ocr_carea' id='block_1_37' title="bbox 349 3707 1957 3787">
    <p class='ocr_par' dir='ltr' id='par_1_37' title="bbox 349 3707 1957 3787">
     <span class='ocr_line' id='line_1_37' title="bbox 349 3707 1957 3787; baseline 0.007 -27"><span class='ocrx_word' id='word_1_287' title='bbox 349 3708 485 3761; x_wconf 62' lang='lat' dir='ltr'><strong>venit</strong></span> <span class='ocrx_word' id='word_1_288' title='bbox 504 3707 791 3773; x_wconf 78' lang='lat' dir='ltr'><strong>multitudo,</strong></span> <span class='ocrx_word' id='word_1_289' title='bbox 809 3717 853 3761; x_wconf 87' lang='lat' dir='ltr'><strong>et</strong></span> <span class='ocrx_word' id='word_1_290' title='bbox 870 3718 1030 3762; x_wconf 83' lang='lat' dir='ltr'><strong>mente</strong></span> <span class='ocrx_word' id='word_1_291' title='bbox 1045 3713 1257 3780; x_wconf 78' lang='lat' dir='ltr'><strong>confusa</strong></span> <span class='ocrx_word' id='word_1_292' title='bbox 1271 3710 1574 3769; x_wconf 77' lang='lat' dir='ltr'><strong>est.Vidcn‘i</strong></span> <span class='ocrx_word' id='word_1_293' title='bbox 1585 3715 1779 3771; x_wconf 90' lang='lat' dir='ltr'><strong>llorum</strong></span> <span class='ocrx_word' id='word_1_294' title='bbox 1790 3718 1957 3787; x_wconf 87' lang='lat' dir='ltr'><strong>pieta-</strong></span> 
     </span>
    </p>
   </div>
   <div class='ocr_carea' id='block_1_38' title="bbox 350 3799 1945 3873">
    <p class='ocr_par' dir='ltr' id='par_1_38' title="bbox 350 3799 1945 3873">
     <span class='ocr_line' id='line_1_38' title="bbox 350 3799 1945 3873; baseline 0.005 -22"><span class='ocrx_word' id='word_1_295' title='bbox 350 3806 485 3862; x_wconf 85' lang='lat' dir='ltr'><strong>tem,</strong></span> <span class='ocrx_word' id='word_1_296' title='bbox 517 3806 572 3852; x_wconf 87' lang='lat' dir='ltr'><strong>et</strong></span> <span class='ocrx_word' id='word_1_297' title='bbox 600 3799 870 3867; x_wconf 90' lang='lat' dir='ltr'><strong>quomodo</strong></span> <span class='ocrx_word' id='word_1_298' title='bbox 891 3800 1024 3855; x_wconf 87' lang='lat' dir='ltr'><strong>nihil</strong></span> <span class='ocrx_word' id='word_1_299' title='bbox 1051 3803 1228 3856; x_wconf 86' lang='lat' dir='ltr'><strong>statim</strong></span> <span class='ocrx_word' id='word_1_300' title='bbox 1253 3806 1615 3873; x_wconf 87' lang='lat' dir='ltr'><strong>pronuntient,</strong></span> <span class='ocrx_word' id='word_1_301' title='bbox 1660 3806 1754 3861; x_wconf 91' lang='lat' dir='ltr'><strong>sed</strong></span> <span class='ocrx_word' id='word_1_302' title='bbox 1786 3805 1945 3860; x_wconf 56' lang='lat' dir='ltr'><strong>bassi-</strong></span> 
     </span>
    </p>
   </div>
   <div class='ocr_carea' id='block_1_39' title="bbox 348 3891 1942 3965">
    <p class='ocr_par' dir='ltr' id='par_1_39' title="bbox 348 3891 1942 3965">
     <span class='ocr_line' id='line_1_39' title="bbox 348 3891 1942 3965; baseline 0.006 -22"><span class='ocrx_word' id='word_1_303' title='bbox 348 3891 504 3944; x_wconf 83' lang='lat' dir='ltr'><strong>tent?</strong></span> <span class='ocrx_word' id='word_1_304' title='bbox 547 3891 625 3946; x_wconf 90' lang='lat' dir='ltr'><strong>Illi</strong></span> <span class='ocrx_word' id='word_1_305' title='bbox 670 3907 796 3947; x_wconf 86' lang='lat' dir='ltr'><strong>vero</strong></span> <span class='ocrx_word' id='word_1_306' title='bbox 823 3893 1049 3963; x_wconf 85' lang='lat' dir='ltr'><strong>improbi</strong></span> <span class='ocrx_word' id='word_1_307' title='bbox 1090 3897 1438 3965; x_wconf 87' lang='lat' dir='ltr'><strong>pronuntiant</strong></span> <span class='ocrx_word' id='word_1_308' title='bbox 1473 3898 1735 3959; x_wconf 86' lang='lat' dir='ltr'><strong>dicentes.</strong></span> <span class='ocrx_word' id='word_1_309' title='bbox 1773 3899 1942 3953; x_wconf 84' lang='lat' dir='ltr'><strong>Musto</strong></span> 
     </span>
    </p>
   </div>
   <div class='ocr_carea' id='block_1_40' title="bbox 350 3982 1942 4059">
    <p class='ocr_par' dir='ltr' id='par_1_40' title="bbox 350 3982 1942 4059">
     <span class='ocr_line' id='line_1_40' title="bbox 350 3982 1942 4059; baseline 0.009 -25"><span class='ocrx_word' id='word_1_310' title='bbox 350 3982 488 4051; x_wconf 80' lang='lat' dir='ltr'><strong>pleni</strong></span> <span class='ocrx_word' id='word_1_311' title='bbox 525 3996 659 4037; x_wconf 86' lang='lat' dir='ltr'><strong>sunt.</strong></span> <span class='ocrx_word' id='word_1_312' title='bbox 682 3984 945 4050; x_wconf 79' lang='lat' dir='ltr'><strong>Quoniam</strong></span> <span class='ocrx_word' id='word_1_313' title='bbox 967 3986 1259 4041; x_wconf 91' lang='lat' dir='ltr'><strong>secundum</strong></span> <span class='ocrx_word' id='word_1_314' title='bbox 1291 3989 1462 4059; x_wconf 80' lang='lat' dir='ltr'><strong>legem</strong></span> <span class='ocrx_word' id='word_1_315' title='bbox 1501 3990 1700 4047; x_wconf 87' lang='lat' dir='ltr'><strong>licebat</strong></span> <span class='ocrx_word' id='word_1_316' title='bbox 1730 3992 1836 4047; x_wconf 89' lang='lat' dir='ltr'><strong>illis</strong></span> <span class='ocrx_word' id='word_1_317' title='bbox 1860 4003 1942 4048; x_wconf 88' lang='lat' dir='ltr'><strong>ter</strong></span> 
     </span>
    </p>
   </div>
   <div class='ocr_carea' id='block_1_41' title="bbox 348 4075 1943 4148">
    <p class='ocr_par' dir='ltr' id='par_1_41' title="bbox 348 4075 1943 4148">
     <span class='ocr_line' id='line_1_41' title="bbox 348 4075 1943 4148; baseline 0.008 -22"><span class='ocrx_word' id='word_1_318' title='bbox 348 4075 642 4141; x_wconf 84' lang='lat' dir='ltr'><strong>quotannis</strong></span> <span class='ocrx_word' id='word_1_319' title='bbox 667 4075 721 4128; x_wconf 92' lang='lat' dir='ltr'><strong>in</strong></span> <span class='ocrx_word' id='word_1_320' title='bbox 765 4076 966 4147; x_wconf 85' lang='lat' dir='ltr'><strong>templo</strong></span> <span class='ocrx_word' id='word_1_321' title='bbox 993 4092 1329 4148; x_wconf 85' lang='lat' dir='ltr'><strong>comparere,</strong></span> <span class='ocrx_word' id='word_1_322' title='bbox 1357 4080 1479 4136; x_wconf 88' lang='lat' dir='ltr'><strong>ideo</strong></span> <span class='ocrx_word' id='word_1_323' title='bbox 1504 4082 1609 4137; x_wconf 91' lang='lat' dir='ltr'><strong>illic</strong></span> <span class='ocrx_word' id='word_1_324' title='bbox 1634 4083 1943 4140; x_wconf 84' lang='lat' dir='ltr'><strong>habitabant</strong></span> 
     </span>
    </p>
   </div>
   <div class='ocr_carea' id='block_1_42' title="bbox 348 4167 1938 4247">
    <p class='ocr_par' dir='ltr' id='par_1_42' title="bbox 348 4167 1938 4247">
     <span class='ocr_line' id='line_1_42' title="bbox 348 4167 1938 4247; baseline 0.009 -28"><span class='ocrx_word' id='word_1_325' title='bbox 348 4181 413 4219; x_wconf 75' lang='lat' dir='ltr'><strong>ex</strong></span> <span class='ocrx_word' id='word_1_326' title='bbox 443 4167 695 4222; x_wconf 87' lang='lat' dir='ltr'><strong>omnibus</strong></span> <span class='ocrx_word' id='word_1_327' title='bbox 721 4170 1023 4224; x_wconf 79' lang='lat' dir='ltr'><strong>nationibus</strong></span> <span class='ocrx_word' id='word_1_328' title='bbox 1049 4171 1148 4225; x_wconf 78' lang='lat' dir='ltr'><strong>viri</strong></span> <span class='ocrx_word' id='word_1_329' title='bbox 1180 4172 1436 4243; x_wconf 80' lang='lat' dir='ltr'><strong>religiosi.</strong></span> <span class='ocrx_word' id='word_1_330' title='bbox 1479 4174 1615 4230; x_wconf 88' lang='lat' dir='ltr'><strong>Hinc</strong></span> <span class='ocrx_word' id='word_1_331' title='bbox 1642 4176 1938 4247; x_wconf 91' lang='lat' dir='ltr'><strong>perpende,</strong></span> 
     </span>
    </p>
   </div>
   <div class='ocr_carea' id='block_1_43' title="bbox 350 4260 1939 4336">
    <p class='ocr_par' dir='ltr' id='par_1_43' title="bbox 350 4260 1939 4336">
     <span class='ocr_line' id='line_1_43' title="bbox 350 4260 1939 4336; baseline 0.009 -25"><span class='ocrx_word' id='word_1_332' title='bbox 350 4273 512 4327; x_wconf 77' lang='lat' dir='ltr'><strong>quam</strong></span> <span class='ocrx_word' id='word_1_333' title='bbox 538 4274 648 4312; x_wconf 85' lang='lat' dir='ltr'><strong>non</strong></span> <span class='ocrx_word' id='word_1_334' title='bbox 686 4260 937 4316; x_wconf 84' lang='lat' dir='ltr'><strong>aduletur</strong></span> <span class='ocrx_word' id='word_1_335' title='bbox 963 4263 1068 4317; x_wconf 81' lang='lat' dir='ltr'><strong>illis</strong></span> <span class='ocrx_word' id='word_1_336' title='bbox 1098 4265 1185 4334; x_wconf 87' lang='lat' dir='ltr'><strong>qui</strong></span> <span class='ocrx_word' id='word_1_337' title='bbox 1226 4264 1340 4320; x_wconf 77' lang='lat' dir='ltr'><strong>tunc</strong></span> <span class='ocrx_word' id='word_1_338' title='bbox 1372 4267 1604 4336; x_wconf 91' lang='lat' dir='ltr'><strong>scripsit.</strong></span> <span class='ocrx_word' id='word_1_339' title='bbox 1630 4270 1744 4323; x_wconf 85' lang='lat' dir='ltr'><strong>Non</strong></span> <span class='ocrx_word' id='word_1_340' title='bbox 1796 4271 1939 4325; x_wconf 92' lang='lat' dir='ltr'><strong>enim</strong></span> 
     </span>
    </p>
   </div>
   <div class='ocr_carea' id='block_1_44' title="bbox 350 4350 1941 4431">
    <p class='ocr_par' dir='ltr' id='par_1_44' title="bbox 350 4350 1941 4431">
     <span class='ocr_line' id='line_1_44' title="bbox 350 4350 1941 4431; baseline 0.009 -27"><span class='ocrx_word' id='word_1_341' title='bbox 350 4350 482 4405; x_wconf 80' lang='lat' dir='ltr'><strong>dicit</strong></span> <span class='ocrx_word' id='word_1_342' title='bbox 511 4351 633 4408; x_wconf 82' lang='lat' dir='ltr'><strong>illos</strong></span> <span class='ocrx_word' id='word_1_343' title='bbox 662 4354 787 4423; x_wconf 90' lang='lat' dir='ltr'><strong>quid</strong></span> <span class='ocrx_word' id='word_1_344' title='bbox 824 4359 1221 4425; x_wconf 83' lang='lat' dir='ltr'><strong>pronuntiasse,</strong></span> <span class='ocrx_word' id='word_1_345' title='bbox 1250 4360 1342 4413; x_wconf 88' lang='lat' dir='ltr'><strong>sed</strong></span> <span class='ocrx_word' id='word_1_346' title='bbox 1374 4362 1533 4431; x_wconf 87' lang='lat' dir='ltr'><strong>quid?</strong></span> <span class='ocrx_word' id='word_1_347' title='bbox 1567 4360 1730 4416; x_wconf 86' lang='lat' dir='ltr'><strong>Facta</strong></span> <span class='ocrx_word' id='word_1_348' title='bbox 1770 4368 1941 4419; x_wconf 83' lang='lat' dir='ltr'><strong>autem</strong></span> 
     </span>
    </p>
   </div>
   <div class='ocr_carea' id='block_1_45' title="bbox 352 4442 1935 4527">
    <p class='ocr_par' dir='ltr' id='par_1_45' title="bbox 352 4442 1935 4527">
     <span class='ocr_line' id='line_1_45' title="bbox 352 4442 1935 4527; baseline 0.012 -32"><span class='ocrx_word' id='word_1_349' title='bbox 352 4442 447 4497; x_wconf 72' lang='lat' dir='ltr'><strong>hac</strong></span> <span class='ocrx_word' id='word_1_350' title='bbox 472 4460 591 4497; x_wconf 76' lang='lat' dir='ltr'><strong>voce</strong></span> <span class='ocrx_word' id='word_1_351' title='bbox 616 4447 838 4501; x_wconf 83' lang='lat' dir='ltr'><strong>convenit</strong></span> <span class='ocrx_word' id='word_1_352' title='bbox 866 4447 1138 4505; x_wconf 82' lang='lat' dir='ltr'><strong>multitudo</strong></span> <span class='ocrx_word' id='word_1_353' title='bbox 1155 4462 1202 4505; x_wconf 89' lang='lat' dir='ltr'><strong>et</strong></span> <span class='ocrx_word' id='word_1_354' title='bbox 1231 4462 1393 4508; x_wconf 81' lang='lat' dir='ltr'><strong>mente</strong></span> <span class='ocrx_word' id='word_1_355' title='bbox 1421 4460 1632 4527; x_wconf 80' lang='lat' dir='ltr'><strong>confusa</strong></span> <span class='ocrx_word' id='word_1_356' title='bbox 1653 4466 1744 4513; x_wconf 78' lang='lat' dir='ltr'><strong>est.</strong></span> <span class='ocrx_word' id='word_1_357' title='bbox 1773 4457 1935 4514; x_wconf 74' lang='lat' dir='ltr'><strong>Jurc:</strong></span> 
     </span>
    </p>
   </div>
   <div class='ocr_carea' id='block_1_46' title="bbox 349 4535 1938 4618">
    <p class='ocr_par' dir='ltr' id='par_1_46' title="bbox 349 4535 1938 4618">
     <span class='ocr_line' id='line_1_46' title="bbox 349 4535 1938 4618; baseline 0.014 -31"><span class='ocrx_word' id='word_1_358' title='bbox 349 4535 615 4604; x_wconf 85' lang='lat' dir='ltr'><strong>putabant</strong></span> <span class='ocrx_word' id='word_1_359' title='bbox 642 4540 781 4594; x_wconf 88' lang='lat' dir='ltr'><strong>enim</strong></span> <span class='ocrx_word' id='word_1_360' title='bbox 809 4556 921 4597; x_wconf 93' lang='lat' dir='ltr'><strong>rem</strong></span> <span class='ocrx_word' id='word_1_361' title='bbox 950 4543 1111 4599; x_wconf 81' lang='lat' dir='ltr'><strong>linem</strong></span> <span class='ocrx_word' id='word_1_362' title='bbox 1137 4546 1409 4617; x_wconf 87' lang='lat' dir='ltr'><strong>accepisse</strong></span> <span class='ocrx_word' id='word_1_363' title='bbox 1439 4566 1533 4618; x_wconf 88' lang='lat' dir='ltr'><strong>per</strong></span> <span class='ocrx_word' id='word_1_364' title='bbox 1557 4566 1711 4605; x_wconf 89' lang='lat' dir='ltr'><strong>suum</strong></span> <span class='ocrx_word' id='word_1_365' title='bbox 1752 4563 1938 4609; x_wconf 88' lang='lat' dir='ltr'><strong>contra</strong></span> 
     </span>
    </p>
   </div>
   <div class='ocr_carea' id='block_1_47' title="bbox 349 4628 1936 4707">
    <p class='ocr_par' dir='ltr' id='par_1_47' title="bbox 349 4628 1936 4707">
     <span class='ocr_line' id='line_1_47' title="bbox 349 4628 1936 4707; baseline 0.012 -25"><span class='ocrx_word' id='word_1_366' title='bbox 349 4628 625 4685; x_wconf 81' lang='lat' dir='ltr'><strong>Christum</strong></span> <span class='ocrx_word' id='word_1_367' title='bbox 653 4632 874 4690; x_wconf 89' lang='lat' dir='ltr'><strong>facinus.</strong></span> <span class='ocrx_word' id='word_1_368' title='bbox 907 4636 1157 4707; x_wconf 90' lang='lat' dir='ltr'><strong>Alioquin</strong></span> <span class='ocrx_word' id='word_1_369' title='bbox 1181 4654 1333 4705; x_wconf 81' lang='lat' dir='ltr'><strong>vero,</strong></span> <span class='ocrx_word' id='word_1_370' title='bbox 1372 4642 1699 4698; x_wconf 81' lang='lat' dir='ltr'><strong>conscientia</strong></span> <span class='ocrx_word' id='word_1_371' title='bbox 1724 4645 1936 4702; x_wconf 78' lang='lat' dir='ltr'><strong>iliorum</strong></span> 
     </span>
    </p>
   </div>
   <div class='ocr_carea' id='block_1_48' title="bbox 350 4720 1937 4805">
    <p class='ocr_par' dir='ltr' id='par_1_48' title="bbox 350 4720 1937 4805">
     <span class='ocr_line' id='line_1_48' title="bbox 350 4720 1937 4805; baseline 0.014 -34"><span class='ocrx_word' id='word_1_372' title='bbox 350 4720 561 4774; x_wconf 86' lang='lat' dir='ltr'><strong>animos</strong></span> <span class='ocrx_word' id='word_1_373' title='bbox 590 4726 927 4795; x_wconf 83' lang='lat' dir='ltr'><strong>exagitabat,</strong></span> <span class='ocrx_word' id='word_1_374' title='bbox 956 4743 1077 4783; x_wconf 92' lang='lat' dir='ltr'><strong>cum</strong></span> <span class='ocrx_word' id='word_1_375' title='bbox 1105 4730 1281 4786; x_wconf 74' lang='lat' dir='ltr'><strong>caedes</strong></span> <span class='ocrx_word' id='word_1_376' title='bbox 1308 4731 1485 4789; x_wconf 89' lang='lat' dir='ltr'><strong>adhuc</strong></span> <span class='ocrx_word' id='word_1_377' title='bbox 1508 4736 1656 4805; x_wconf 79' lang='lat' dir='ltr'><strong>quasi</strong></span> <span class='ocrx_word' id='word_1_378' title='bbox 1688 4736 1738 4791; x_wconf 92' lang='lat' dir='ltr'><strong>in</strong></span> <span class='ocrx_word' id='word_1_379' title='bbox 1766 4740 1937 4793; x_wconf 89' lang='lat' dir='ltr'><strong>mani-</strong></span> 
     </span>
    </p>
   </div>
   <div class='ocr_carea' id='block_1_49' title="bbox 349 4812 1937 4897">
    <p class='ocr_par' dir='ltr' id='par_1_49' title="bbox 349 4812 1937 4897">
     <span class='ocr_line' id='line_1_49' title="bbox 349 4812 1937 4897; baseline 0.014 -32"><span class='ocrx_word' id='word_1_380' title='bbox 349 4812 452 4867; x_wconf 84' lang='lat' dir='ltr'><strong>bus</strong></span> <span class='ocrx_word' id='word_1_381' title='bbox 499 4825 662 4882; x_wconf 88' lang='lat' dir='ltr'><strong>esset,</strong></span> <span class='ocrx_word' id='word_1_382' title='bbox 695 4826 750 4872; x_wconf 92' lang='lat' dir='ltr'><strong>et</strong></span> <span class='ocrx_word' id='word_1_383' title='bbox 775 4820 953 4875; x_wconf 82' lang='lat' dir='ltr'><strong>omnia</strong></span> <span class='ocrx_word' id='word_1_384' title='bbox 986 4822 1109 4879; x_wconf 91' lang='lat' dir='ltr'><strong>illos</strong></span> <span class='ocrx_word' id='word_1_385' title='bbox 1156 4826 1445 4880; x_wconf 87' lang='lat' dir='ltr'><strong>terrebant.</strong></span> <span class='ocrx_word' id='word_1_386' title='bbox 1472 4826 1660 4883; x_wconf 84' lang='lat' dir='ltr'><strong>Nonne</strong></span> <span class='ocrx_word' id='word_1_387' title='bbox 1700 4847 1831 4897; x_wconf 84' lang='lat' dir='ltr'><strong>ecce,</strong></span> <span class='ocrx_word' id='word_1_388' title='bbox 1856 4832 1937 4886; x_wconf 86' lang='lat' dir='ltr'><strong>in-</strong></span> 
     </span>
    </p>
   </div>
   <div class='ocr_carea' id='block_1_50' title="bbox 346 4910 1936 4985">
    <p class='ocr_par' dir='ltr' id='par_1_50' title="bbox 346 4910 1936 4985">
     <span class='ocr_line' id='line_1_50' title="bbox 346 4910 1936 4985; baseline 0.014 -25"><span class='ocrx_word' id='word_1_389' title='bbox 346 4910 487 4977; x_wconf 83' lang='lat' dir='ltr'><strong>quit,</strong></span> <span class='ocrx_word' id='word_1_390' title='bbox 528 4911 583 4963; x_wconf 83' lang='lat' dir='ltr'><strong>Iti</strong></span> <span class='ocrx_word' id='word_1_391' title='bbox 625 4927 815 4982; x_wconf 86' lang='lat' dir='ltr'><strong>omnes,</strong></span> <span class='ocrx_word' id='word_1_392' title='bbox 852 4916 937 4985; x_wconf 86' lang='lat' dir='ltr'><strong>qui</strong></span> <span class='ocrx_word' id='word_1_393' title='bbox 984 4916 1286 4985; x_wconf 83' lang='lat' dir='ltr'><strong>loquuntur,</strong></span> <span class='ocrx_word' id='word_1_394' title='bbox 1328 4920 1534 4976; x_wconf 81' lang='lat' dir='ltr'><strong>Galiltei</strong></span> <span class='ocrx_word' id='word_1_395' title='bbox 1570 4925 1729 4979; x_wconf 83' lang='lat' dir='ltr'><strong>sunt?</strong></span> <span class='ocrx_word' id='word_1_396' title='bbox 1771 4926 1936 4983; x_wconf 80' lang='lat' dir='ltr'><strong>Recte</strong></span> 
     </span>
    </p>
   </div>
   <div class='ocr_carea' id='block_1_51' title="bbox 353 4997 1938 5078">
    <p class='ocr_par' dir='ltr' id='par_1_51' title="bbox 353 4997 1938 5078">
     <span class='ocr_line' id='line_1_51' title="bbox 353 4997 1938 5078; baseline 0.016 -28"><span class='ocrx_word' id='word_1_397' title='bbox 353 4997 485 5051; x_wconf 73' lang='lat' dir='ltr'><strong>dixit</strong></span> <span class='ocrx_word' id='word_1_398' title='bbox 517 5020 530 5053; x_wconf 92' lang='lat'><strong>:</strong></span> <span class='ocrx_word' id='word_1_399' title='bbox 557 5017 678 5056; x_wconf 90' lang='lat' dir='ltr'><strong>nam</strong></span> <span class='ocrx_word' id='word_1_400' title='bbox 703 5019 760 5059; x_wconf 90' lang='lat' dir='ltr'><strong>se</strong></span> <span class='ocrx_word' id='word_1_401' title='bbox 782 5006 917 5062; x_wconf 87' lang='lat' dir='ltr'><strong>tales</strong></span> <span class='ocrx_word' id='word_1_402' title='bbox 948 5008 1354 5078; x_wconf 75' lang='lat' dir='ltr'><strong>proﬁtebantur.</strong></span> <span class='ocrx_word' id='word_1_403' title='bbox 1401 5014 1550 5069; x_wconf 88' lang='lat' dir='ltr'><strong>Adeo</strong></span> <span class='ocrx_word' id='word_1_404' title='bbox 1577 5016 1697 5070; x_wconf 89' lang='lat' dir='ltr'><strong>illos</strong></span> <span class='ocrx_word' id='word_1_405' title='bbox 1728 5020 1938 5076; x_wconf 90' lang='lat' dir='ltr'><strong>sonitus</strong></span> 
     </span>
    </p>
   </div>
   <div class='ocr_carea' id='block_1_52' title="bbox 351 5091 1934 5171">
    <p class='ocr_par' dir='ltr' id='par_1_52' title="bbox 351 5091 1934 5171">
     <span class='ocr_line' id='line_1_52' title="bbox 351 5091 1934 5171; baseline 0.015 -28"><span class='ocrx_word' id='word_1_406' title='bbox 351 5091 590 5147; x_wconf 78' lang='lat' dir='ltr'><strong>terrebat</strong></span> <span class='ocrx_word' id='word_1_407' title='bbox 632 5111 646 5147; x_wconf 89' lang='lat'><strong>:</strong></span> <span class='ocrx_word' id='word_1_408' title='bbox 686 5110 805 5150; x_wconf 89' lang='lat' dir='ltr'><strong>nam</strong></span> <span class='ocrx_word' id='word_1_409' title='bbox 848 5114 1040 5170; x_wconf 86' lang='lat' dir='ltr'><strong>magna</strong></span> <span class='ocrx_word' id='word_1_410' title='bbox 1088 5117 1211 5171; x_wconf 89' lang='lat' dir='ltr'><strong>pars</strong></span> <span class='ocrx_word' id='word_1_411' title='bbox 1250 5104 1394 5159; x_wconf 84' lang='lat' dir='ltr'><strong>orbis</strong></span> <span class='ocrx_word' id='word_1_412' title='bbox 1436 5106 1538 5162; x_wconf 84' lang='lat' dir='ltr'><strong>huc</strong></span> <span class='ocrx_word' id='word_1_413' title='bbox 1582 5108 1934 5166; x_wconf 82' lang='lat' dir='ltr'><strong>confluxerat.</strong></span> 
     </span>
    </p>
   </div>
   <div class='ocr_carea' id='block_1_53' title="bbox 350 5181 1937 5265">
    <p class='ocr_par' dir='ltr' id='par_1_53' title="bbox 350 5181 1937 5265">
     <span class='ocr_line' id='line_1_53' title="bbox 350 5181 1937 5265; baseline 0.014 -29"><span class='ocrx_word' id='word_1_414' title='bbox 350 5181 485 5237; x_wconf 83' lang='lat' dir='ltr'><strong>illud</strong></span> <span class='ocrx_word' id='word_1_415' title='bbox 516 5200 644 5239; x_wconf 82' lang='lat' dir='ltr'><strong>vero</strong></span> <span class='ocrx_word' id='word_1_416' title='bbox 671 5188 940 5254; x_wconf 86' lang='lat' dir='ltr'><strong>apostolos</strong></span> <span class='ocrx_word' id='word_1_417' title='bbox 972 5191 1281 5261; x_wconf 83' lang='lat' dir='ltr'><strong>rohorabat,</strong></span> <span class='ocrx_word' id='word_1_418' title='bbox 1326 5197 1466 5265; x_wconf 91' lang='lat' dir='ltr'><strong>quod</strong></span> <span class='ocrx_word' id='word_1_419' title='bbox 1496 5212 1617 5253; x_wconf 85' lang='lat' dir='ltr'><strong>cum</strong></span> <span class='ocrx_word' id='word_1_420' title='bbox 1661 5202 1937 5258; x_wconf 87' lang='lat' dir='ltr'><strong>nescirent</strong></span> 
     </span>
    </p>
   </div>
   <div class='ocr_carea' id='block_1_54' title="bbox 346 5275 1935 5368">
    <p class='ocr_par' dir='ltr' id='par_1_54' title="bbox 346 5275 1935 5368">
     <span class='ocr_line' id='line_1_54' title="bbox 346 5275 1935 5368; baseline 0.018 -42"><span class='ocrx_word' id='word_1_421' title='bbox 346 5275 476 5342; x_wconf 88' lang='lat' dir='ltr'><strong>quid</strong></span> <span class='ocrx_word' id='word_1_422' title='bbox 518 5287 661 5333; x_wconf 89' lang='lat' dir='ltr'><strong>esset</strong></span> <span class='ocrx_word' id='word_1_423' title='bbox 706 5279 952 5339; x_wconf 78' lang='lat' dir='ltr'><strong>Parthico</strong></span> <span class='ocrx_word' id='word_1_424' title='bbox 992 5284 1155 5355; x_wconf 90' lang='lat' dir='ltr'><strong>loqui,</strong></span> <span class='ocrx_word' id='word_1_425' title='bbox 1188 5288 1257 5341; x_wconf 85' lang='lat' dir='ltr'><strong>ab</strong></span> <span class='ocrx_word' id='word_1_426' title='bbox 1296 5289 1398 5345; x_wconf 89' lang='lat' dir='ltr'><strong>illis</strong></span> <span class='ocrx_word' id='word_1_427' title='bbox 1445 5301 1569 5347; x_wconf 91' lang='lat' dir='ltr'><strong>tunc</strong></span> <span class='ocrx_word' id='word_1_428' title='bbox 1598 5309 1658 5350; x_wconf 88' lang='lat' dir='ltr'><strong>se</strong></span> <span class='ocrx_word' id='word_1_429' title='bbox 1685 5296 1753 5350; x_wconf 92' lang='lat' dir='ltr'><strong>ita</strong></span> <span class='ocrx_word' id='word_1_430' title='bbox 1784 5297 1935 5368; x_wconf 88' lang='lat' dir='ltr'><strong>loqui</strong></span> 
     </span>
    </p>
   </div>
   <div class='ocr_carea' id='block_1_55' title="bbox 348 5364 1939 5453">
    <p class='ocr_par' dir='ltr' id='par_1_55' title="bbox 348 5364 1939 5453">
     <span class='ocr_line' id='line_1_55' title="bbox 348 5364 1939 5453; baseline 0.018 -35"><span class='ocrx_word' id='word_1_431' title='bbox 348 5364 647 5422; x_wconf 79' lang='lat' dir='ltr'><strong>discebant.</strong></span> <span class='ocrx_word' id='word_1_432' title='bbox 683 5370 847 5425; x_wconf 81' lang='lat' dir='ltr'><strong>Porro</strong></span> <span class='ocrx_word' id='word_1_433' title='bbox 874 5384 1062 5442; x_wconf 86' lang='lat' dir='ltr'><strong>gentes</strong></span> <span class='ocrx_word' id='word_1_434' title='bbox 1091 5393 1353 5434; x_wconf 87' lang='lat' dir='ltr'><strong>memorat</strong></span> <span class='ocrx_word' id='word_1_435' title='bbox 1386 5382 1489 5436; x_wconf 82' lang='lat' dir='ltr'><strong>illis</strong></span> <span class='ocrx_word' id='word_1_436' title='bbox 1514 5385 1778 5453; x_wconf 89' lang='lat' dir='ltr'><strong>inimicas,</strong></span> <span class='ocrx_word' id='word_1_437' title='bbox 1806 5364 1939 5445; x_wconf 77' lang='lat' dir='ltr'><strong>Cre-</strong></span> 
     </span>
    </p>
   </div>
   <div class='ocr_carea' id='block_1_56' title="bbox 346 5459 1937 5539">
    <p class='ocr_par' dir='ltr' id='par_1_56' title="bbox 346 5459 1937 5539">
     <span class='ocr_line' id='line_1_56' title="bbox 346 5459 1937 5539; baseline 0.019 -31"><span class='ocrx_word' id='word_1_438' title='bbox 346 5465 452 5524; x_wconf 86' lang='lat' dir='ltr'><strong>tas,</strong></span> <span class='ocrx_word' id='word_1_439' title='bbox 501 5459 721 5526; x_wconf 78' lang='lat' dir='ltr'><strong>Arabes,</strong></span> <span class='ocrx_word' id='word_1_440' title='bbox 758 5462 1055 5537; x_wconf 68' lang='lat' dir='ltr'><strong>.Egyptios,</strong></span> <span class='ocrx_word' id='word_1_441' title='bbox 1082 5469 1279 5527; x_wconf 75' lang='lat' dir='ltr'><strong>Persas</strong></span> <span class='ocrx_word' id='word_1_442' title='bbox 1310 5486 1323 5526; x_wconf 91' lang='lat'>:</span> <span class='ocrx_word' id='word_1_443' title='bbox 1357 5472 1637 5532; x_wconf 87' lang='lat' dir='ltr'><strong>declarans</strong></span> <span class='ocrx_word' id='word_1_444' title='bbox 1673 5480 1796 5537; x_wconf 88' lang='lat' dir='ltr'><strong>illos</strong></span> <span class='ocrx_word' id='word_1_445' title='bbox 1840 5482 1937 5539; x_wconf 89' lang='lat' dir='ltr'><strong>has</strong></span> 
     </span>
    </p>
   </div>
   <div class='ocr_carea' id='block_1_57' title="bbox 340 5552 1034 5616">
    <p class='ocr_par' dir='ltr' id='par_1_57' title="bbox 340 5552 1034 5616">
     <span class='ocr_line' id='line_1_57' title="bbox 340 5552 1034 5616; baseline 0.02 -14"><span class='ocrx_word' id='word_1_446' title='bbox 340 5564 537 5604; x_wconf 84' lang='lat' dir='ltr'><strong>Omnes</strong></span> <span class='ocrx_word' id='word_1_447' title='bbox 560 5552 873 5611; x_wconf 86' lang='lat' dir='ltr'><strong>subacturos</strong></span> <span class='ocrx_word' id='word_1_448' title='bbox 898 5573 1034 5616; x_wconf 86' lang='lat' dir='ltr'><strong>esse.</strong></span> 
     </span>
    </p>
   </div>
   <div class='ocr_carea' id='block_1_58' title="bbox 416 5642 1932 5735">
    <p class='ocr_par' dir='ltr' id='par_1_58' title="bbox 416 5642 1932 5735">
     <span class='ocr_line' id='line_1_58' title="bbox 416 5642 1932 5735; baseline 0.017 -38"><span class='ocrx_word' id='word_1_449' title='bbox 416 5642 472 5697; x_wconf 75' lang='lat'><strong>3.</strong></span> <span class='ocrx_word' id='word_1_450' title='bbox 513 5642 643 5698; x_wconf 90' lang='lat' dir='ltr'><strong>Cum</strong></span> <span class='ocrx_word' id='word_1_451' title='bbox 684 5656 861 5703; x_wconf 88' lang='lat' dir='ltr'><strong>autem</strong></span> <span class='ocrx_word' id='word_1_452' title='bbox 906 5649 1077 5707; x_wconf 65' lang='lat' dir='ltr'><strong>Judaei</strong></span> <span class='ocrx_word' id='word_1_453' title='bbox 1124 5660 1251 5710; x_wconf 92' lang='lat' dir='ltr'><strong>tunc</strong></span> <span class='ocrx_word' id='word_1_454' title='bbox 1299 5656 1353 5712; x_wconf 89' lang='lat' dir='ltr'><strong>in</strong></span> <span class='ocrx_word' id='word_1_455' title='bbox 1383 5660 1690 5728; x_wconf 79' lang='lat' dir='ltr'><strong>captivitate</strong></span> <span class='ocrx_word' id='word_1_456' title='bbox 1730 5676 1932 5735; x_wconf 80' lang='lat' dir='ltr'><strong>essent,</strong></span> 
     </span>
    </p>
   </div>
   <div class='ocr_carea' id='block_1_59' title="bbox 343 5735 1934 5827">
    <p class='ocr_par' dir='ltr' id='par_1_59' title="bbox 343 5735 1934 5827">
     <span class='ocr_line' id='line_1_59' title="bbox 343 5735 1934 5827; baseline 0.018 -42"><span class='ocrx_word' id='word_1_457' title='bbox 343 5735 639 5793; x_wconf 67' lang='lat' dir='ltr'><strong>verisimile</strong></span> <span class='ocrx_word' id='word_1_458' title='bbox 675 5748 793 5796; x_wconf 89' lang='lat' dir='ltr'><strong>erat</strong></span> <span class='ocrx_word' id='word_1_459' title='bbox 840 5740 912 5798; x_wconf 91' lang='lat' dir='ltr'><strong>ibi</strong></span> <span class='ocrx_word' id='word_1_460' title='bbox 954 5744 1152 5801; x_wconf 89' lang='lat' dir='ltr'><strong>multos</strong></span> <span class='ocrx_word' id='word_1_461' title='bbox 1195 5761 1509 5820; x_wconf 86' lang='lat' dir='ltr'><strong>comparere</strong></span> <span class='ocrx_word' id='word_1_462' title='bbox 1552 5769 1615 5809; x_wconf 84' lang='lat' dir='ltr'><strong>ex</strong></span> <span class='ocrx_word' id='word_1_463' title='bbox 1645 5758 1934 5827; x_wconf 87' lang='lat' dir='ltr'><strong>gentibus;</strong></span> 
     </span>
    </p>
   </div>
   <div class='ocr_carea' id='block_1_60' title="bbox 342 5826 1932 5911">
    <p class='ocr_par' dir='ltr' id='par_1_60' title="bbox 342 5826 1932 5911">
     <span class='ocr_line' id='line_1_60' title="bbox 342 5826 1932 5911; baseline 0.017 -32"><span class='ocrx_word' id='word_1_464' title='bbox 342 5826 458 5882; x_wconf 76' lang='lat' dir='ltr'><strong>sive</strong></span> <span class='ocrx_word' id='word_1_465' title='bbox 484 5829 626 5899; x_wconf 88' lang='lat' dir='ltr'><strong>quod</strong></span> <span class='ocrx_word' id='word_1_466' title='bbox 652 5830 764 5900; x_wconf 86' lang='lat' dir='ltr'><strong>jam</strong></span> <span class='ocrx_word' id='word_1_467' title='bbox 788 5833 926 5904; x_wconf 89' lang='lat' dir='ltr'><strong>apud</strong></span> <span class='ocrx_word' id='word_1_468' title='bbox 955 5845 1147 5906; x_wconf 86' lang='lat' dir='ltr'><strong>gentes</strong></span> <span class='ocrx_word' id='word_1_469' title='bbox 1168 5838 1413 5911; x_wconf 87' lang='lat' dir='ltr'><strong>dogmata</strong></span> <span class='ocrx_word' id='word_1_470' title='bbox 1440 5845 1702 5901; x_wconf 89' lang='lat' dir='ltr'><strong>seminata</strong></span> <span class='ocrx_word' id='word_1_471' title='bbox 1728 5826 1932 5906; x_wconf 88' lang='lat' dir='ltr'><strong>essent.</strong></span> 
     </span>
    </p>
   </div>
   <div class='ocr_carea' id='block_1_61' title="bbox 342 5914 1934 6009">
    <p class='ocr_par' dir='ltr' id='par_1_61' title="bbox 342 5914 1934 6009">
     <span class='ocr_line' id='line_1_61' title="bbox 342 5914 1934 6009; baseline 0.014 -35"><span class='ocrx_word' id='word_1_472' title='bbox 342 5914 577 5992; x_wconf 75' lang='lat' dir='ltr'><strong>Ideoque</strong></span> <span class='ocrx_word' id='word_1_473' title='bbox 606 5923 757 5983; x_wconf 82' lang='lat' dir='ltr'><strong>multi</strong></span> <span class='ocrx_word' id='word_1_474' title='bbox 798 5923 908 5995; x_wconf 87' lang='lat' dir='ltr'><strong>jam</strong></span> <span class='ocrx_word' id='word_1_475' title='bbox 956 5926 1065 5991; x_wconf 89' lang='lat' dir='ltr'><strong>illic</strong></span> <span class='ocrx_word' id='word_1_476' title='bbox 1094 5928 1349 6001; x_wconf 79' lang='lat' dir='ltr'><strong>aderant,</strong></span> <span class='ocrx_word' id='word_1_477' title='bbox 1380 5948 1567 5992; x_wconf 80' lang='lat' dir='ltr'><strong>eorum</strong></span> <span class='ocrx_word' id='word_1_478' title='bbox 1598 5955 1716 6009; x_wconf 67' lang='lat' dir='ltr'><strong>qua:</strong></span> <span class='ocrx_word' id='word_1_479' title='bbox 1746 5941 1934 5997; x_wconf 85' lang='lat' dir='ltr'><strong>audio-</strong></span> 
     </span>
    </p>
   </div>
   <div class='ocr_carea' id='block_1_62' title="bbox 2066 555 3659 634">
    <p class='ocr_par' dir='ltr' id='par_1_62' title="bbox 2066 555 3659 634">
     <span class='ocr_line' id='line_1_62' title="bbox 2066 555 3659 634; baseline 0.014 -31"><span class='ocrx_word' id='word_1_480' title='bbox 2066 560 2185 606; x_wconf 86' lang='lat' dir='ltr'><strong>rant</strong></span> <span class='ocrx_word' id='word_1_481' title='bbox 2210 568 2497 611; x_wconf 89' lang='lat' dir='ltr'><strong>memores.</strong></span> <span class='ocrx_word' id='word_1_482' title='bbox 2522 555 2914 613; x_wconf 83' lang='lat' dir='ltr'><strong>Testimonium</strong></span> <span class='ocrx_word' id='word_1_483' title='bbox 2941 573 3069 631; x_wconf 87' lang='lat' dir='ltr'><strong>ergo</strong></span> <span class='ocrx_word' id='word_1_484' title='bbox 3090 562 3325 634; x_wconf 87' lang='lat' dir='ltr'><strong>undique</strong></span> <span class='ocrx_word' id='word_1_485' title='bbox 3351 573 3517 620; x_wconf 89' lang='lat' dir='ltr'><strong>tutum</strong></span> <span class='ocrx_word' id='word_1_486' title='bbox 3541 580 3659 625; x_wconf 78' lang='lat' dir='ltr'><strong>erat</strong></span> 
     </span>
    </p>
   </div>
   <div class='ocr_carea' id='block_1_63' title="bbox 2062 645 3659 728">
    <p class='ocr_par' dir='ltr' id='par_1_63' title="bbox 2062 645 3659 728">
     <span class='ocr_line' id='line_1_63' title="bbox 2062 645 3659 728; baseline 0.013 -32"><span class='ocrx_word' id='word_1_487' title='bbox 2062 651 2114 697; x_wconf 91' lang='lat' dir='ltr'><strong>et</strong></span> <span class='ocrx_word' id='word_1_488' title='bbox 2141 645 2256 700; x_wconf 89' lang='lat' dir='ltr'><strong>sine</strong></span> <span class='ocrx_word' id='word_1_489' title='bbox 2278 648 2667 715; x_wconf 71' lang='lat' dir='ltr'><strong>controversia,</strong></span> <span class='ocrx_word' id='word_1_490' title='bbox 2696 665 2724 703; x_wconf 90' lang='lat' dir='ltr'><strong>a</strong></span> <span class='ocrx_word' id='word_1_491' title='bbox 2752 650 2976 720; x_wconf 77' lang='lat' dir='ltr'><strong>civibus,</strong></span> <span class='ocrx_word' id='word_1_492' title='bbox 3000 654 3067 709; x_wconf 90' lang='lat' dir='ltr'><strong>ab</strong></span> <span class='ocrx_word' id='word_1_493' title='bbox 3096 658 3385 720; x_wconf 80' lang='lat' dir='ltr'><strong>extraneis.</strong></span> <span class='ocrx_word' id='word_1_494' title='bbox 3416 674 3445 712; x_wconf 91' lang='lat' dir='ltr'><strong>a</strong></span> <span class='ocrx_word' id='word_1_495' title='bbox 3472 675 3659 728; x_wconf 77' lang='lat' dir='ltr'><strong>prosc-</strong></span> 
     </span>
    </p>
   </div>
   <div class='ocr_carea' id='block_1_64' title="bbox 2062 734 3657 820">
    <p class='ocr_par' dir='ltr' id='par_1_64' title="bbox 2062 734 3657 820">
     <span class='ocr_line' id='line_1_64' title="bbox 2062 734 3657 820; baseline 0.011 -31"><span class='ocrx_word' id='word_1_496' title='bbox 2062 734 2207 806; x_wconf 76' lang='lat' dir='ltr'><strong>lytis.</strong></span> <span class='ocrx_word' id='word_1_497' title='bbox 2243 737 2541 794; x_wconf 74' lang='lat' dir='ltr'><strong>Audiuimus</strong></span> <span class='ocrx_word' id='word_1_498' title='bbox 2560 756 2647 795; x_wconf 87' lang='lat' dir='ltr'><strong>eos</strong></span> <span class='ocrx_word' id='word_1_499' title='bbox 2675 742 2930 813; x_wconf 80' lang='lat' dir='ltr'><strong>loquentes</strong></span> <span class='ocrx_word' id='word_1_500' title='bbox 2953 746 3140 800; x_wconf 88' lang='lat' dir='ltr'><strong>nostris</strong></span> <span class='ocrx_word' id='word_1_501' title='bbox 3166 748 3355 820; x_wconf 82' lang='lat' dir='ltr'><strong>linguis</strong></span> <span class='ocrx_word' id='word_1_502' title='bbox 3395 752 3657 818; x_wconf 78' lang='lat' dir='ltr'><strong>nmqnalia</strong></span> 
     </span>
    </p>
   </div>
   <div class='ocr_carea' id='block_1_65' title="bbox 2058 825 3655 915">
    <p class='ocr_par' dir='ltr' id='par_1_65' title="bbox 2058 825 3655 915">
     <span class='ocr_line' id='line_1_65' title="bbox 2058 825 3655 915; baseline 0.014 -36"><span class='ocrx_word' id='word_1_503' title='bbox 2058 825 2177 882; x_wconf 83' lang='lat' dir='ltr'><strong>Dei.</strong></span> <span class='ocrx_word' id='word_1_504' title='bbox 2203 828 2318 884; x_wconf 87' lang='lat' dir='ltr'><strong>Non</strong></span> <span class='ocrx_word' id='word_1_505' title='bbox 2347 830 2488 886; x_wconf 91' lang='lat' dir='ltr'><strong>enim</strong></span> <span class='ocrx_word' id='word_1_506' title='bbox 2514 833 2772 905; x_wconf 83' lang='lat' dir='ltr'><strong>vulgaria,</strong></span> <span class='ocrx_word' id='word_1_507' title='bbox 2792 835 2888 890; x_wconf 90' lang='lat' dir='ltr'><strong>sed</strong></span> <span class='ocrx_word' id='word_1_508' title='bbox 2916 836 3176 894; x_wconf 89' lang='lat' dir='ltr'><strong>mirabilia</strong></span> <span class='ocrx_word' id='word_1_509' title='bbox 3200 841 3444 910; x_wconf 80' lang='lat' dir='ltr'><strong>quaedam</strong></span> <span class='ocrx_word' id='word_1_510' title='bbox 3466 842 3655 915; x_wconf 81' lang='lat' dir='ltr'><strong>loque-</strong></span> 
     </span>
    </p>
   </div>
   <div class='ocr_carea' id='block_1_66' title="bbox 2057 919 3644 1007">
    <p class='ocr_par' dir='ltr' id='par_1_66' title="bbox 2057 919 3644 1007">
     <span class='ocr_line' id='line_1_66' title="bbox 2057 919 3644 1007; baseline 0.011 -32"><span class='ocrx_word' id='word_1_511' title='bbox 2057 919 2271 977; x_wconf 87' lang='lat' dir='ltr'><strong>bantur.</strong></span> <span class='ocrx_word' id='word_1_512' title='bbox 2317 923 2446 981; x_wconf 82' lang='lat' dir='ltr'><strong>.lnre</strong></span> <span class='ocrx_word' id='word_1_513' title='bbox 2472 941 2601 997; x_wconf 88' lang='lat' dir='ltr'><strong>ergo</strong></span> <span class='ocrx_word' id='word_1_514' title='bbox 2649 927 2963 985; x_wconf 72' lang='lat' dir='ltr'><strong>bmsitahant</strong></span> <span class='ocrx_word' id='word_1_515' title='bbox 2999 949 3012 984; x_wconf 93' lang='lat'><strong>:</strong></span> <span class='ocrx_word' id='word_1_516' title='bbox 3045 933 3174 987; x_wconf 90' lang='lat' dir='ltr'><strong>nihil</strong></span> <span class='ocrx_word' id='word_1_517' title='bbox 3220 934 3363 989; x_wconf 85' lang='lat' dir='ltr'><strong>enim</strong></span> <span class='ocrx_word' id='word_1_518' title='bbox 3392 952 3644 1007; x_wconf 78' lang='lat' dir='ltr'><strong>umquam</strong></span> 
     </span>
    </p>
   </div>
   <div class='ocr_carea' id='block_1_67' title="bbox 2055 1011 3646 1096">
    <p class='ocr_par' dir='ltr' id='par_1_67' title="bbox 2055 1011 3646 1096">
     <span class='ocr_line' id='line_1_67' title="bbox 2055 1011 3646 1096; baseline 0.01 -29"><span class='ocrx_word' id='word_1_519' title='bbox 2055 1011 2231 1067; x_wconf 90' lang='lat' dir='ltr'><strong>simile</strong></span> <span class='ocrx_word' id='word_1_520' title='bbox 2262 1015 2550 1070; x_wconf 88' lang='lat' dir='ltr'><strong>acciderat.</strong></span> <span class='ocrx_word' id='word_1_521' title='bbox 2584 1016 2716 1073; x_wconf 84' lang='lat' dir='ltr'><strong>Vide</strong></span> <span class='ocrx_word' id='word_1_522' title='bbox 2760 1019 3035 1075; x_wconf 87' lang='lat' dir='ltr'><strong>hominum</strong></span> <span class='ocrx_word' id='word_1_523' title='bbox 3084 1023 3421 1091; x_wconf 88' lang='lat' dir='ltr'><strong>probitatem.</strong></span> <span class='ocrx_word' id='word_1_524' title='bbox 3453 1026 3646 1096; x_wconf 85' lang='lat' dir='ltr'><strong>Stupe-</strong></span> 
     </span>
    </p>
   </div>
   <div class='ocr_carea' id='block_1_68' title="bbox 2056 1104 3650 1181">
    <p class='ocr_par' dir='ltr' id='par_1_68' title="bbox 2056 1104 3650 1181">
     <span class='ocr_line' id='line_1_68' title="bbox 2056 1104 3650 1181; baseline 0.009 -23"><span class='ocrx_word' id='word_1_525' title='bbox 2056 1104 2180 1159; x_wconf 83' lang='lat' dir='ltr'><strong>bant</strong></span> <span class='ocrx_word' id='word_1_526' title='bbox 2210 1116 2265 1161; x_wconf 86' lang='lat' dir='ltr'><strong>et</strong></span> <span class='ocrx_word' id='word_1_527' title='bbox 2291 1107 2627 1171; x_wconf 84' lang='lat' dir='ltr'><strong>dubitabant.</strong></span> <span class='ocrx_word' id='word_1_528' title='bbox 2657 1110 2898 1167; x_wconf 85' lang='lat' dir='ltr'><strong>dicentes</strong></span> <span class='ocrx_word' id='word_1_529' title='bbox 2930 1130 2942 1167; x_wconf 92' lang='lat'>:</span> <span class='ocrx_word' id='word_1_530' title='bbox 2978 1113 3239 1181; x_wconf 72' lang='lat' dir='ltr'><strong>Quidnam</strong></span> <span class='ocrx_word' id='word_1_531' title='bbox 3270 1118 3370 1170; x_wconf 84' lang='lat' dir='ltr'><strong>vult</strong></span> <span class='ocrx_word' id='word_1_532' title='bbox 3398 1117 3494 1171; x_wconf 79' lang='lat' dir='ltr'><strong>hoc</strong></span> <span class='ocrx_word' id='word_1_533' title='bbox 3515 1117 3650 1172; x_wconf 73' lang='lat' dir='ltr'><strong>esse?</strong></span> 
     </span>
    </p>
   </div>
   <div class='ocr_carea' id='block_1_69' title="bbox 2054 1197 3650 1279">
    <p class='ocr_par' dir='ltr' id='par_1_69' title="bbox 2054 1197 3650 1279">
     <span class='ocr_line' id='line_1_69' title="bbox 2054 1197 3650 1279; baseline 0.009 -28"><span class='ocrx_word' id='word_1_534' title='bbox 2054 1197 2160 1252; x_wconf 82' lang='lat' dir='ltr'><strong>Alii</strong></span> <span class='ocrx_word' id='word_1_535' title='bbox 2186 1210 2354 1255; x_wconf 83' lang='lat' dir='ltr'><strong>autem</strong></span> <span class='ocrx_word' id='word_1_536' title='bbox 2380 1202 2647 1258; x_wconf 75' lang='lat' dir='ltr'><strong>irridentes</strong></span> <span class='ocrx_word' id='word_1_537' title='bbox 2675 1205 2926 1274; x_wconf 77' lang='lat' dir='ltr'><strong>dicebant,</strong></span> <span class='ocrx_word' id='word_1_538' title='bbox 2959 1207 3011 1259; x_wconf 81' lang='grc' dir='ltr'><em>Μ</em></span> <span class='ocrx_word' id='word_1_539' title='bbox 3020 1216 3130 1262; x_wconf 81' lang='lat' dir='ltr'><strong>usto</strong></span> <span class='ocrx_word' id='word_1_540' title='bbox 3156 1208 3295 1279; x_wconf 81' lang='lat' dir='ltr'><strong>pleni</strong></span> <span class='ocrx_word' id='word_1_541' title='bbox 3322 1220 3457 1265; x_wconf 78' lang='lat' dir='ltr'><strong>sunt.</strong></span> <span class='ocrx_word' id='word_1_542' title='bbox 3481 1211 3525 1264; x_wconf 89' lang='lat'>0</span> <span class='ocrx_word' id='word_1_543' title='bbox 3548 1211 3650 1264; x_wconf 77' lang='lat' dir='ltr'><strong>im-</strong></span> 
     </span>
    </p>
   </div>
   <div class='ocr_carea' id='block_1_70' title="bbox 2055 1292 3654 1375">
    <p class='ocr_par' dir='ltr' id='par_1_70' title="bbox 2055 1292 3654 1375">
     <span class='ocr_line' id='line_1_70' title="bbox 2055 1292 3654 1375; baseline 0.009 -30"><span class='ocrx_word' id='word_1_544' title='bbox 2055 1292 2401 1362; x_wconf 87' lang='lat' dir='ltr'><strong>pudentiaml</strong></span> <span class='ocrx_word' id='word_1_545' title='bbox 2431 1297 2487 1353; x_wconf 90' lang='lat' dir='ltr'><strong>Si</strong></span> <span class='ocrx_word' id='word_1_546' title='bbox 2516 1312 2580 1353; x_wconf 88' lang='lat' dir='ltr'><strong>ea</strong></span> <span class='ocrx_word' id='word_1_547' title='bbox 2610 1297 2677 1354; x_wconf 91' lang='lat' dir='ltr'><strong>de</strong></span> <span class='ocrx_word' id='word_1_548' title='bbox 2703 1314 2865 1354; x_wconf 90' lang='lat' dir='ltr'><strong>causa</strong></span> <span class='ocrx_word' id='word_1_549' title='bbox 2898 1301 3170 1370; x_wconf 84' lang='lat' dir='ltr'><strong>ridebant,</strong></span> <span class='ocrx_word' id='word_1_550' title='bbox 3202 1305 3396 1375; x_wconf 90' lang='lat' dir='ltr'><strong>ecquid</strong></span> <span class='ocrx_word' id='word_1_551' title='bbox 3429 1305 3654 1361; x_wconf 80' lang='lat' dir='ltr'><strong>mirum?</strong></span> 
     </span>
    </p>
   </div>
   <div class='ocr_carea' id='block_1_71' title="bbox 2055 1387 3649 1467">
    <p class='ocr_par' dir='ltr' id='par_1_71' title="bbox 2055 1387 3649 1467">
     <span class='ocr_line' id='line_1_71' title="bbox 2055 1387 3649 1467; baseline 0.008 -29"><span class='ocrx_word' id='word_1_552' title='bbox 2055 1387 2488 1457; x_wconf 87' lang='lat' dir='ltr'><strong>quandoquidem</strong></span> <span class='ocrx_word' id='word_1_553' title='bbox 2535 1390 2707 1460; x_wconf 89' lang='lat' dir='ltr'><strong>ipsum</strong></span> <span class='ocrx_word' id='word_1_554' title='bbox 2743 1392 3024 1447; x_wconf 89' lang='lat' dir='ltr'><strong>Dominum</strong></span> <span class='ocrx_word' id='word_1_555' title='bbox 3069 1394 3345 1450; x_wconf 73' lang='lat' dir='ltr'><strong>dzrmonas</strong></span> <span class='ocrx_word' id='word_1_556' title='bbox 3373 1397 3649 1467; x_wconf 79' lang='lat' dir='ltr'><strong>expellen-</strong></span> 
     </span>
    </p>
   </div>
   <div class='ocr_carea' id='block_1_72' title="bbox 2054 1479 3649 1560">
    <p class='ocr_par' dir='ltr' id='par_1_72' title="bbox 2054 1479 3649 1560">
     <span class='ocr_line' id='line_1_72' title="bbox 2054 1479 3649 1560; baseline 0.008 -28"><span class='ocrx_word' id='word_1_557' title='bbox 2054 1485 2183 1545; x_wconf 90' lang='lat' dir='ltr'><strong>tem,</strong></span> <span class='ocrx_word' id='word_1_558' title='bbox 2212 1479 2534 1537; x_wconf 70' lang='lat' dir='ltr'><strong>dtemonium</strong></span> <span class='ocrx_word' id='word_1_559' title='bbox 2558 1481 2756 1539; x_wconf 85' lang='lat' dir='ltr'><strong>habere</strong></span> <span class='ocrx_word' id='word_1_560' title='bbox 2778 1482 3025 1540; x_wconf 76' lang='lat' dir='ltr'><strong>dicebant</strong></span> <span class='ocrx_word' id='word_1_561' title='bbox 3069 1486 3246 1560; x_wconf 78' lang='lat' dir='ltr'><strong>(Joan.</strong></span> <span class='ocrx_word' id='word_1_562' title='bbox 3274 1488 3330 1545; x_wconf 87' lang='lat'><strong>8.</strong></span> <span class='ocrx_word' id='word_1_563' title='bbox 3354 1489 3476 1560; x_wconf 71' lang='lat'><strong>48).</strong></span> <span class='ocrx_word' id='word_1_564' title='bbox 3517 1490 3649 1545; x_wconf 75' lang='lat' dir='ltr'><strong>Nam</strong></span> 
     </span>
    </p>
   </div>
   <div class='ocr_carea' id='block_1_73' title="bbox 2053 1573 3650 1651">
    <p class='ocr_par' dir='ltr' id='par_1_73' title="bbox 2053 1573 3650 1651">
     <span class='ocr_line' id='line_1_73' title="bbox 2053 1573 3650 1651; baseline 0.008 -25"><span class='ocrx_word' id='word_1_565' title='bbox 2053 1573 2347 1642; x_wconf 88' lang='lat' dir='ltr'><strong>petulantia</strong></span> <span class='ocrx_word' id='word_1_566' title='bbox 2374 1574 2700 1647; x_wconf 84' lang='lat' dir='ltr'><strong>ubicumque</strong></span> <span class='ocrx_word' id='word_1_567' title='bbox 2725 1577 2913 1643; x_wconf 88' lang='lat' dir='ltr'><strong>adest;</strong></span> <span class='ocrx_word' id='word_1_568' title='bbox 2948 1596 3110 1634; x_wconf 85' lang='lat' dir='ltr'><strong>unum</strong></span> <span class='ocrx_word' id='word_1_569' title='bbox 3137 1582 3331 1651; x_wconf 74' lang='lat' dir='ltr'><strong>qnmrit</strong></span> <span class='ocrx_word' id='word_1_570' title='bbox 3372 1582 3557 1648; x_wconf 89' lang='lat' dir='ltr'><strong>modo,</strong></span> <span class='ocrx_word' id='word_1_571' title='bbox 3587 1593 3650 1638; x_wconf 93' lang='lat' dir='ltr'><strong>ut</strong></span> 
     </span>
    </p>
   </div>
   <div class='ocr_carea' id='block_1_74' title="bbox 2056 1663 3649 1745">
    <p class='ocr_par' dir='ltr' id='par_1_74' title="bbox 2056 1663 3649 1745">
     <span class='ocr_line' id='line_1_74' title="bbox 2056 1663 3649 1745; baseline 0.008 -29"><span class='ocrx_word' id='word_1_572' title='bbox 2056 1663 2328 1734; x_wconf 86' lang='lat' dir='ltr'><strong>loquatur,</strong></span> <span class='ocrx_word' id='word_1_573' title='bbox 2359 1682 2464 1722; x_wconf 89' lang='lat' dir='ltr'><strong>non</strong></span> <span class='ocrx_word' id='word_1_574' title='bbox 2496 1668 2792 1725; x_wconf 88' lang='lat' dir='ltr'><strong>secundum</strong></span> <span class='ocrx_word' id='word_1_575' title='bbox 2819 1671 3084 1726; x_wconf 87' lang='lat' dir='ltr'><strong>rationem</strong></span> <span class='ocrx_word' id='word_1_576' title='bbox 3111 1714 3127 1740; x_wconf 90' lang='lat'><strong>,</strong></span> <span class='ocrx_word' id='word_1_577' title='bbox 3162 1673 3257 1728; x_wconf 81' lang='lat' dir='ltr'><strong>sed</strong></span> <span class='ocrx_word' id='word_1_578' title='bbox 3284 1674 3543 1745; x_wconf 84' lang='lat' dir='ltr'><strong>quidquid</strong></span> <span class='ocrx_word' id='word_1_579' title='bbox 3592 1675 3649 1729; x_wconf 91' lang='lat' dir='ltr'><strong>in</strong></span> 
     </span>
    </p>
   </div>
   <div class='ocr_carea' id='block_1_75' title="bbox 2054 1754 3652 1835">
    <p class='ocr_par' dir='ltr' id='par_1_75' title="bbox 2054 1754 3652 1835">
     <span class='ocr_line' id='line_1_75' title="bbox 2054 1754 3652 1835; baseline 0.007 -26"><span class='ocrx_word' id='word_1_580' title='bbox 2054 1754 2276 1811; x_wconf 90' lang='lat' dir='ltr'><strong>buccam</strong></span> <span class='ocrx_word' id='word_1_581' title='bbox 2306 1759 2536 1814; x_wconf 81' lang='lat' dir='ltr'><strong>venerit.</strong></span> <span class='ocrx_word' id='word_1_582' title='bbox 2581 1759 2753 1815; x_wconf 77' lang='lat' dir='ltr'><strong>Musto</strong></span> <span class='ocrx_word' id='word_1_583' title='bbox 2793 1763 2931 1832; x_wconf 73' lang='lat' dir='ltr'><strong>pleni</strong></span> <span class='ocrx_word' id='word_1_584' title='bbox 2975 1773 3115 1820; x_wconf 88' lang='lat' dir='ltr'><strong>sunt.</strong></span> <span class='ocrx_word' id='word_1_585' title='bbox 3148 1763 3293 1821; x_wconf 88' lang='lat' dir='ltr'><strong>Sane</strong></span> <span class='ocrx_word' id='word_1_586' title='bbox 3319 1781 3449 1820; x_wconf 80' lang='lat' dir='ltr'><strong>vero</strong></span> <span class='ocrx_word' id='word_1_587' title='bbox 3482 1784 3495 1820; x_wconf 92' lang='lat'><strong>:</strong></span> <span class='ocrx_word' id='word_1_588' title='bbox 3527 1766 3652 1835; x_wconf 82' lang='lat' dir='ltr'><strong>quia</strong></span> 
     </span>
    </p>
   </div>
   <div class='ocr_carea' id='block_1_76' title="bbox 2053 1845 3649 1921">
    <p class='ocr_par' dir='ltr' id='par_1_76' title="bbox 2053 1845 3649 1921">
     <span class='ocr_line' id='line_1_76' title="bbox 2053 1845 3649 1921; baseline 0.006 -21"><span class='ocrx_word' id='word_1_589' title='bbox 2053 1845 2299 1903; x_wconf 89' lang='lat' dir='ltr'><strong>homines</strong></span> <span class='ocrx_word' id='word_1_590' title='bbox 2342 1849 2395 1903; x_wconf 92' lang='lat' dir='ltr'><strong>in</strong></span> <span class='ocrx_word' id='word_1_591' title='bbox 2440 1851 2602 1905; x_wconf 88' lang='lat' dir='ltr'><strong>tantis</strong></span> <span class='ocrx_word' id='word_1_592' title='bbox 2628 1852 2909 1921; x_wconf 88' lang='lat' dir='ltr'><strong>periculis,</strong></span> <span class='ocrx_word' id='word_1_593' title='bbox 2956 1865 3196 1911; x_wconf 78' lang='lat' dir='ltr'><strong>extrema</strong></span> <span class='ocrx_word' id='word_1_594' title='bbox 3228 1866 3561 1920; x_wconf 86' lang='lat' dir='ltr'><strong>metuentes,</strong></span> <span class='ocrx_word' id='word_1_595' title='bbox 3596 1858 3649 1911; x_wconf 92' lang='lat' dir='ltr'><strong>in</strong></span> 
     </span>
    </p>
   </div>
   <div class='ocr_carea' id='block_1_77' title="bbox 2054 1945 3643 2018">
    <p class='ocr_par' dir='ltr' id='par_1_77' title="bbox 2054 1945 3643 2018">
     <span class='ocr_line' id='line_1_77' title="bbox 2054 1945 3643 2018; baseline 0.007 -25"><span class='ocrx_word' id='word_1_596' title='bbox 2054 1946 2203 1993; x_wconf 90' lang='lat' dir='ltr'><strong>tanto</strong></span> <span class='ocrx_word' id='word_1_597' title='bbox 2231 1955 2465 1996; x_wconf 75' lang='lat' dir='ltr'><strong>mterore</strong></span> <span class='ocrx_word' id='word_1_598' title='bbox 2491 1952 2787 2009; x_wconf 84' lang='lat' dir='ltr'><strong>versantes,</strong></span> <span class='ocrx_word' id='word_1_599' title='bbox 2818 1945 2941 1999; x_wconf 89' lang='lat' dir='ltr'><strong>talia</strong></span> <span class='ocrx_word' id='word_1_600' title='bbox 2975 1946 3118 2018; x_wconf 88' lang='lat' dir='ltr'><strong>loqui</strong></span> <span class='ocrx_word' id='word_1_601' title='bbox 3148 1947 3367 2003; x_wconf 87' lang='lat' dir='ltr'><strong>audent.</strong></span> <span class='ocrx_word' id='word_1_602' title='bbox 3401 1949 3643 2018; x_wconf 83' lang='lat' dir='ltr'><strong>Perpen-</strong></span> 
     </span>
    </p>
   </div>
   <div class='ocr_carea' id='block_1_78' title="bbox 2052 2030 3648 2107">
    <p class='ocr_par' dir='ltr' id='par_1_78' title="bbox 2052 2030 3648 2107">
     <span class='ocr_line' id='line_1_78' title="bbox 2052 2030 3648 2107; baseline 0.006 -22"><span class='ocrx_word' id='word_1_603' title='bbox 2052 2030 2149 2086; x_wconf 91' lang='lat' dir='ltr'><strong>das</strong></span> <span class='ocrx_word' id='word_1_604' title='bbox 2176 2032 2334 2088; x_wconf 79' lang='lat' dir='ltr'><strong>velim</strong></span> <span class='ocrx_word' id='word_1_605' title='bbox 2364 2033 2636 2103; x_wconf 89' lang='lat' dir='ltr'><strong>quomodo</strong></span> <span class='ocrx_word' id='word_1_606' title='bbox 2659 2075 2676 2102; x_wconf 94' lang='lat'><strong>,</strong></span> <span class='ocrx_word' id='word_1_607' title='bbox 2702 2050 2828 2091; x_wconf 91' lang='lat' dir='ltr'><strong>cum</strong></span> <span class='ocrx_word' id='word_1_608' title='bbox 2867 2037 2971 2093; x_wconf 90' lang='lat' dir='ltr'><strong>hoc</strong></span> <span class='ocrx_word' id='word_1_609' title='bbox 2993 2039 3289 2095; x_wconf 72' lang='lat' dir='ltr'><strong>verisimile</strong></span> <span class='ocrx_word' id='word_1_610' title='bbox 3334 2056 3438 2095; x_wconf 90' lang='lat' dir='ltr'><strong>non</strong></span> <span class='ocrx_word' id='word_1_611' title='bbox 3464 2049 3648 2107; x_wconf 89' lang='lat' dir='ltr'><strong>esset,</strong></span> 
     </span>
    </p>
   </div>
   <div class='ocr_carea' id='block_1_79' title="bbox 2053 2124 3651 2201">
    <p class='ocr_par' dir='ltr' id='par_1_79' title="bbox 2053 2124 3651 2201">
     <span class='ocr_line' id='line_1_79' title="bbox 2053 2124 3651 2201; baseline 0.005 -22"><span class='ocrx_word' id='word_1_612' title='bbox 2053 2134 2112 2179; x_wconf 89' lang='lat' dir='ltr'><strong>ut</strong></span> <span class='ocrx_word' id='word_1_613' title='bbox 2135 2124 2469 2181; x_wconf 86' lang='lat' dir='ltr'><strong>auditoribus</strong></span> <span class='ocrx_word' id='word_1_614' title='bbox 2514 2126 2834 2197; x_wconf 85' lang='lat' dir='ltr'><strong>imponant,</strong></span> <span class='ocrx_word' id='word_1_615' title='bbox 2865 2138 2920 2185; x_wconf 92' lang='lat' dir='ltr'><strong>et</strong></span> <span class='ocrx_word' id='word_1_616' title='bbox 2959 2130 3249 2186; x_wconf 89' lang='lat' dir='ltr'><strong>ostendant</strong></span> <span class='ocrx_word' id='word_1_617' title='bbox 3295 2130 3440 2201; x_wconf 88' lang='lat' dir='ltr'><strong>ipsos</strong></span> <span class='ocrx_word' id='word_1_618' title='bbox 3469 2130 3651 2187; x_wconf 81' lang='lat' dir='ltr'><strong>ebrios</strong></span> 
     </span>
    </p>
   </div>
   <div class='ocr_carea' id='block_1_80' title="bbox 2051 2217 3648 2290">
    <p class='ocr_par' dir='ltr' id='par_1_80' title="bbox 2051 2217 3648 2290">
     <span class='ocr_line' id='line_1_80' title="bbox 2051 2217 3648 2290; baseline 0.004 -19"><span class='ocrx_word' id='word_1_619' title='bbox 2051 2230 2207 2282; x_wconf 84' lang='lat' dir='ltr'><strong>esse,</strong></span> <span class='ocrx_word' id='word_1_620' title='bbox 2236 2217 2427 2289; x_wconf 84' lang='lat' dir='ltr'><strong>agendi</strong></span> <span class='ocrx_word' id='word_1_621' title='bbox 2458 2228 2513 2273; x_wconf 84' lang='lat' dir='ltr'><strong>et</strong></span> <span class='ocrx_word' id='word_1_622' title='bbox 2543 2218 2797 2290; x_wconf 87' lang='lat' dir='ltr'><strong>loquendi</strong></span> <span class='ocrx_word' id='word_1_623' title='bbox 2842 2220 3005 2277; x_wconf 83' lang='lat' dir='ltr'><strong>modo</strong></span> <span class='ocrx_word' id='word_1_624' title='bbox 3035 2230 3205 2277; x_wconf 91' lang='lat' dir='ltr'><strong>totum</strong></span> <span class='ocrx_word' id='word_1_625' title='bbox 3248 2222 3562 2278; x_wconf 82' lang='lat' dir='ltr'><strong>adscribam</strong></span> <span class='ocrx_word' id='word_1_626' title='bbox 3589 2231 3648 2278; x_wconf 80' lang='lat' dir='ltr'><strong>et</strong></span> 
     </span>
    </p>
   </div>
   <div class='ocr_carea' id='block_1_81' title="bbox 1991 2308 3648 2380">
    <p class='ocr_par' dir='ltr' id='par_1_81' title="bbox 1991 2308 3648 2380">
     <span class='ocr_line' id='line_1_81' title="bbox 1991 2308 3648 2380; baseline 0.004 -17"><span class='ocrx_word' id='word_1_627' title='bbox 1991 2310 2001 2315; x_wconf 81' lang='grc'><em>’</em></span> <span class='ocrx_word' id='word_1_628' title='bbox 2052 2308 2253 2377; x_wconf 88' lang='lat' dir='ltr'><strong>dicant,</strong></span> <span class='ocrx_word' id='word_1_629' title='bbox 2286 2309 2459 2365; x_wconf 80' lang='lat' dir='ltr'><strong>Musto</strong></span> <span class='ocrx_word' id='word_1_630' title='bbox 2490 2312 2629 2380; x_wconf 84' lang='lat' dir='ltr'><strong>pleni</strong></span> <span class='ocrx_word' id='word_1_631' title='bbox 2656 2322 2795 2367; x_wconf 89' lang='lat' dir='ltr'><strong>sunt.</strong></span> <span class='ocrx_word' id='word_1_632' title='bbox 2828 2312 2988 2369; x_wconf 88' lang='lat' dir='ltr'><strong>Stans</strong></span> <span class='ocrx_word' id='word_1_633' title='bbox 3009 2324 3178 2369; x_wconf 80' lang='lat' dir='ltr'><strong>autem</strong></span> <span class='ocrx_word' id='word_1_634' title='bbox 3207 2314 3391 2370; x_wconf 83' lang='lat' dir='ltr'><strong>Petrus</strong></span> <span class='ocrx_word' id='word_1_635' title='bbox 3419 2332 3534 2370; x_wconf 83' lang='lat' dir='ltr'><strong>cum</strong></span> <span class='ocrx_word' id='word_1_636' title='bbox 3560 2333 3648 2370; x_wconf 83' lang='lat' dir='ltr'><strong>un-</strong></span> 
     </span>
    </p>
   </div>
   <div class='ocr_carea' id='block_1_82' title="bbox 2052 2401 3651 2478">
    <p class='ocr_par' dir='ltr' id='par_1_82' title="bbox 2052 2401 3651 2478">
     <span class='ocr_line' id='line_1_82' title="bbox 2052 2401 3651 2478; baseline 0.006 -24"><span class='ocrx_word' id='word_1_637' title='bbox 2052 2401 2234 2468; x_wconf 82' lang='lat' dir='ltr'><strong>decim,</strong></span> <span class='ocrx_word' id='word_1_638' title='bbox 2267 2402 2447 2457; x_wconf 76' lang='lat' dir='ltr'><strong>levavit</strong></span> <span class='ocrx_word' id='word_1_639' title='bbox 2474 2420 2644 2459; x_wconf 78' lang='lat' dir='ltr'><strong>vocent</strong></span> <span class='ocrx_word' id='word_1_640' title='bbox 2666 2421 2814 2460; x_wconf 84' lang='lat' dir='ltr'><strong>suam</strong></span> <span class='ocrx_word' id='word_1_641' title='bbox 2831 2447 2846 2472; x_wconf 93' lang='lat'><strong>,</strong></span> <span class='ocrx_word' id='word_1_642' title='bbox 2873 2415 2921 2461; x_wconf 86' lang='lat' dir='ltr'><strong>et</strong></span> <span class='ocrx_word' id='word_1_643' title='bbox 2969 2406 3208 2478; x_wconf 77' lang='lat' dir='ltr'><strong>loquutus</strong></span> <span class='ocrx_word' id='word_1_644' title='bbox 3233 2417 3309 2464; x_wconf 82' lang='lat' dir='ltr'><strong>est</strong></span> <span class='ocrx_word' id='word_1_645' title='bbox 3334 2408 3425 2463; x_wconf 89' lang='lat' dir='ltr'><strong>eis.</strong></span> <span class='ocrx_word' id='word_1_646' title='bbox 3457 2407 3651 2465; x_wconf 79' lang='lat' dir='ltr'><strong>Vidisti</strong></span> 
     </span>
    </p>
   </div>
   <div class='ocr_carea' id='block_1_83' title="bbox 2053 2493 3653 2565">
    <p class='ocr_par' dir='ltr' id='par_1_83' title="bbox 2053 2493 3653 2565">
     <span class='ocr_line' id='line_1_83' title="bbox 2053 2493 3653 2565; baseline 0.003 -17"><span class='ocrx_word' id='word_1_647' title='bbox 2053 2493 2215 2549; x_wconf 89' lang='lat' dir='ltr'><strong>modo</strong></span> <span class='ocrx_word' id='word_1_648' title='bbox 2243 2494 2388 2549; x_wconf 89' lang='lat' dir='ltr'><strong>illius</strong></span> <span class='ocrx_word' id='word_1_649' title='bbox 2421 2495 2814 2565; x_wconf 83' lang='lat' dir='ltr'><strong>providentiam</strong></span> <span class='ocrx_word' id='word_1_650' title='bbox 2839 2538 2855 2564; x_wconf 91' lang='lat'><strong>,</strong></span> <span class='ocrx_word' id='word_1_651' title='bbox 2881 2496 2969 2552; x_wconf 92' lang='lat' dir='ltr'><strong>hic</strong></span> <span class='ocrx_word' id='word_1_652' title='bbox 2990 2497 3111 2554; x_wconf 86' lang='lat' dir='ltr'><strong>vide</strong></span> <span class='ocrx_word' id='word_1_653' title='bbox 3138 2497 3530 2555; x_wconf 84' lang='lat' dir='ltr'><strong>fortitudinem.</strong></span> <span class='ocrx_word' id='word_1_654' title='bbox 3558 2498 3653 2553; x_wconf 84' lang='lat' dir='ltr'><strong>Et-</strong></span> 
     </span>
    </p>
   </div>
   <div class='ocr_carea' id='block_1_84' title="bbox 2052 2574 3649 2663">
    <p class='ocr_par' dir='ltr' id='par_1_84' title="bbox 2052 2574 3649 2663">
     <span class='ocr_line' id='line_1_84' title="bbox 2052 2574 3649 2663; baseline 0.006 -23"><span class='ocrx_word' id='word_1_655' title='bbox 2052 2574 2196 2640; x_wconf 85' lang='lat' dir='ltr'><strong>enim</strong></span> <span class='ocrx_word' id='word_1_656' title='bbox 2228 2586 2272 2641; x_wconf 85' lang='lat' dir='ltr'><strong>si</strong></span> <span class='ocrx_word' id='word_1_657' title='bbox 2302 2586 2707 2644; x_wconf 89' lang='lat' dir='ltr'><strong>admirabantur</strong></span> <span class='ocrx_word' id='word_1_658' title='bbox 2732 2589 2843 2655; x_wconf 85' lang='lat' dir='ltr'><strong>illi,</strong></span> <span class='ocrx_word' id='word_1_659' title='bbox 2875 2590 2919 2644; x_wconf 92' lang='lat' dir='ltr'><strong>si</strong></span> <span class='ocrx_word' id='word_1_660' title='bbox 2952 2591 3259 2662; x_wconf 87' lang='lat' dir='ltr'><strong>stupebant,</strong></span> <span class='ocrx_word' id='word_1_661' title='bbox 3284 2606 3466 2647; x_wconf 88' lang='lat' dir='ltr'><strong>annon</strong></span> <span class='ocrx_word' id='word_1_662' title='bbox 3493 2607 3649 2663; x_wconf 71' lang='lat' dir='ltr'><strong>atque</strong></span> 
     </span>
    </p>
   </div>
   <div class='ocr_carea' id='block_1_85' title="bbox 2049 2677 3646 2745">
    <p class='ocr_par' dir='ltr' id='par_1_85' title="bbox 2049 2677 3646 2745">
     <span class='ocr_line' id='line_1_85' title="bbox 2049 2677 3646 2745; baseline 0.004 -13"><span class='ocrx_word' id='word_1_663' title='bbox 2049 2677 2353 2733; x_wconf 84' lang='lat' dir='ltr'><strong>mirandum</strong></span> <span class='ocrx_word' id='word_1_664' title='bbox 2375 2687 2495 2734; x_wconf 89' lang='lat' dir='ltr'><strong>erat</strong></span> <span class='ocrx_word' id='word_1_665' title='bbox 2517 2720 2533 2745; x_wconf 92' lang='lat'><strong>,</strong></span> <span class='ocrx_word' id='word_1_666' title='bbox 2561 2679 2837 2735; x_wconf 80' lang='lat' dir='ltr'><strong>hominem</strong></span> <span class='ocrx_word' id='word_1_667' title='bbox 2884 2681 3197 2737; x_wconf 87' lang='lat' dir='ltr'><strong>illiteratum</strong></span> <span class='ocrx_word' id='word_1_668' title='bbox 3241 2691 3297 2738; x_wconf 89' lang='lat' dir='ltr'><strong>et</strong></span> <span class='ocrx_word' id='word_1_669' title='bbox 3339 2684 3559 2739; x_wconf 85' lang='lat' dir='ltr'><strong>idiotam</strong></span> <span class='ocrx_word' id='word_1_670' title='bbox 3591 2685 3646 2738; x_wconf 73' lang='lat' dir='ltr'><strong>in</strong></span> 
     </span>
    </p>
   </div>
   <div class='ocr_carea' id='block_1_86' title="bbox 2052 2769 3644 2844">
    <p class='ocr_par' dir='ltr' id='par_1_86' title="bbox 2052 2769 3644 2844">
     <span class='ocr_line' id='line_1_86' title="bbox 2052 2769 3644 2844; baseline 0.006 -23"><span class='ocrx_word' id='word_1_671' title='bbox 2052 2776 2197 2822; x_wconf 89' lang='lat' dir='ltr'><strong>tanta</strong></span> <span class='ocrx_word' id='word_1_672' title='bbox 2227 2769 2571 2824; x_wconf 90' lang='lat' dir='ltr'><strong>multitudine</strong></span> <span class='ocrx_word' id='word_1_673' title='bbox 2622 2785 2782 2840; x_wconf 87' lang='lat' dir='ltr'><strong>posse</strong></span> <span class='ocrx_word' id='word_1_674' title='bbox 2812 2771 2864 2825; x_wconf 91' lang='lat' dir='ltr'><strong>in</strong></span> <span class='ocrx_word' id='word_1_675' title='bbox 2904 2773 3068 2827; x_wconf 86' lang='lat' dir='ltr'><strong>verba</strong></span> <span class='ocrx_word' id='word_1_676' title='bbox 3096 2775 3484 2844; x_wconf 86' lang='lat' dir='ltr'><strong>prorumpere?</strong></span> <span class='ocrx_word' id='word_1_677' title='bbox 3508 2774 3644 2830; x_wconf 86' lang='lat' dir='ltr'><strong>Nam</strong></span> 
     </span>
    </p>
   </div>
   <div class='ocr_carea' id='block_1_87' title="bbox 2051 2861 3647 2938">
    <p class='ocr_par' dir='ltr' id='par_1_87' title="bbox 2051 2861 3647 2938">
     <span class='ocr_line' id='line_1_87' title="bbox 2051 2861 3647 2938; baseline 0.006 -23"><span class='ocrx_word' id='word_1_678' title='bbox 2051 2862 2095 2916; x_wconf 89' lang='lat' dir='ltr'><strong>si</strong></span> <span class='ocrx_word' id='word_1_679' title='bbox 2122 2862 2240 2932; x_wconf 91' lang='lat' dir='ltr'><strong>quis</strong></span> <span class='ocrx_word' id='word_1_680' title='bbox 2260 2863 2404 2918; x_wconf 90' lang='lat' dir='ltr'><strong>inter</strong></span> <span class='ocrx_word' id='word_1_681' title='bbox 2425 2861 2715 2920; x_wconf 89' lang='lat' dir='ltr'><strong>familiares</strong></span> <span class='ocrx_word' id='word_1_682' title='bbox 2741 2865 2966 2936; x_wconf 90' lang='lat' dir='ltr'><strong>loquens</strong></span> <span class='ocrx_word' id='word_1_683' title='bbox 2995 2866 3259 2933; x_wconf 89' lang='lat' dir='ltr'><strong>turbatur,</strong></span> <span class='ocrx_word' id='word_1_684' title='bbox 3284 2869 3452 2923; x_wconf 91' lang='lat' dir='ltr'><strong>multo</strong></span> <span class='ocrx_word' id='word_1_685' title='bbox 3477 2868 3647 2938; x_wconf 87' lang='lat' dir='ltr'><strong>magis</strong></span> 
     </span>
    </p>
   </div>
   <div class='ocr_carea' id='block_1_88' title="bbox 2054 2952 3645 3029">
    <p class='ocr_par' dir='ltr' id='par_1_88' title="bbox 2054 2952 3645 3029">
     <span class='ocr_line' id='line_1_88' title="bbox 2054 2952 3645 3029; baseline 0.004 -22"><span class='ocrx_word' id='word_1_686' title='bbox 2054 2952 2196 3008; x_wconf 88' lang='lat' dir='ltr'><strong>inter</strong></span> <span class='ocrx_word' id='word_1_687' title='bbox 2220 2953 2465 3010; x_wconf 89' lang='lat' dir='ltr'><strong>inimicos</strong></span> <span class='ocrx_word' id='word_1_688' title='bbox 2493 2963 2550 3011; x_wconf 92' lang='lat' dir='ltr'><strong>et</strong></span> <span class='ocrx_word' id='word_1_689' title='bbox 2577 2955 2780 3010; x_wconf 72' lang='lat' dir='ltr'><strong>cmdem</strong></span> <span class='ocrx_word' id='word_1_690' title='bbox 2827 2956 3096 3027; x_wconf 89' lang='lat' dir='ltr'><strong>spirantes</strong></span> <span class='ocrx_word' id='word_1_691' title='bbox 3138 2958 3368 3029; x_wconf 89' lang='lat' dir='ltr'><strong>loquens</strong></span> <span class='ocrx_word' id='word_1_692' title='bbox 3400 2960 3645 3015; x_wconf 81' lang='lat' dir='ltr'><strong>turbabi-</strong></span> 
     </span>
    </p>
   </div>
   <div class='ocr_carea' id='block_1_89' title="bbox 2051 3045 3649 3122">
    <p class='ocr_par' dir='ltr' id='par_1_89' title="bbox 2051 3045 3649 3122">
     <span class='ocr_line' id='line_1_89' title="bbox 2051 3045 3649 3122; baseline 0.005 -24"><span class='ocrx_word' id='word_1_693' title='bbox 2051 3052 2157 3099; x_wconf 87' lang='lat' dir='ltr'><strong>tur.</strong></span> <span class='ocrx_word' id='word_1_694' title='bbox 2185 3045 2340 3114; x_wconf 85' lang='lat' dir='ltr'><strong>Quod</strong></span> <span class='ocrx_word' id='word_1_695' title='bbox 2363 3057 2541 3103; x_wconf 89' lang='lat' dir='ltr'><strong>autem</strong></span> <span class='ocrx_word' id='word_1_696' title='bbox 2568 3047 2706 3104; x_wconf 90' lang='lat' dir='ltr'><strong>ehrii</strong></span> <span class='ocrx_word' id='word_1_697' title='bbox 2733 3065 2838 3103; x_wconf 91' lang='lat' dir='ltr'><strong>non</strong></span> <span class='ocrx_word' id='word_1_698' title='bbox 2862 3058 3063 3116; x_wconf 91' lang='lat' dir='ltr'><strong>essent,</strong></span> <span class='ocrx_word' id='word_1_699' title='bbox 3083 3051 3261 3105; x_wconf 68' lang='lat' dir='ltr'><strong>sutim</strong></span> <span class='ocrx_word' id='word_1_700' title='bbox 3284 3065 3354 3106; x_wconf 83' lang='lat' dir='ltr'><strong>ex</strong></span> <span class='ocrx_word' id='word_1_701' title='bbox 3380 3052 3494 3122; x_wconf 89' lang='lat' dir='ltr'><strong>ipsa</strong></span> <span class='ocrx_word' id='word_1_702' title='bbox 3518 3066 3649 3106; x_wconf 84' lang='lat' dir='ltr'><strong>voce</strong></span> 
     </span>
    </p>
   </div>
   <div class='ocr_carea' id='block_1_90' title="bbox 2049 3139 3646 3215">
    <p class='ocr_par' dir='ltr' id='par_1_90' title="bbox 2049 3139 3646 3215">
     <span class='ocr_line' id='line_1_90' title="bbox 2049 3139 3646 3215; baseline 0.003 -21"><span class='ocrx_word' id='word_1_703' title='bbox 2049 3139 2362 3207; x_wconf 89' lang='lat' dir='ltr'><strong>declaravit,</strong></span> <span class='ocrx_word' id='word_1_704' title='bbox 2387 3141 2638 3214; x_wconf 87' lang='lat' dir='ltr'><strong>quodque</strong></span> <span class='ocrx_word' id='word_1_705' title='bbox 2664 3157 2771 3197; x_wconf 91' lang='lat' dir='ltr'><strong>non</strong></span> <span class='ocrx_word' id='word_1_706' title='bbox 2799 3158 2950 3199; x_wconf 88' lang='lat' dir='ltr'><strong>more</strong></span> <span class='ocrx_word' id='word_1_707' title='bbox 2980 3152 3159 3199; x_wconf 83' lang='lat' dir='ltr'><strong>vatum</strong></span> <span class='ocrx_word' id='word_1_708' title='bbox 3206 3144 3387 3200; x_wconf 86' lang='lat' dir='ltr'><strong>furore</strong></span> <span class='ocrx_word' id='word_1_709' title='bbox 3408 3144 3646 3215; x_wconf 83' lang='lat' dir='ltr'><strong>correpti</strong></span> 
     </span>
    </p>
   </div>
   <div class='ocr_carea' id='block_1_91' title="bbox 2050 3236 3644 3307">
    <p class='ocr_par' dir='ltr' id='par_1_91' title="bbox 2050 3236 3644 3307">
     <span class='ocr_line' id='line_1_91' title="bbox 2050 3236 3644 3307; baseline 0.002 -17"><span class='ocrx_word' id='word_1_710' title='bbox 2050 3244 2254 3300; x_wconf 87' lang='lat' dir='ltr'><strong>essent,</strong></span> <span class='ocrx_word' id='word_1_711' title='bbox 2286 3250 2461 3304; x_wconf 87' lang='lat' dir='ltr'><strong>neque</strong></span> <span class='ocrx_word' id='word_1_712' title='bbox 2483 3236 2537 3291; x_wconf 84' lang='lat' dir='ltr'><strong>.vi</strong></span> <span class='ocrx_word' id='word_1_713' title='bbox 2562 3236 2790 3307; x_wconf 88' lang='lat' dir='ltr'><strong>quadam</strong></span> <span class='ocrx_word' id='word_1_714' title='bbox 2818 3236 3208 3295; x_wconf 87' lang='lat' dir='ltr'><strong>detinerenlur.</strong></span> <span class='ocrx_word' id='word_1_715' title='bbox 3236 3238 3372 3307; x_wconf 86' lang='lat' dir='ltr'><strong>Quid</strong></span> <span class='ocrx_word' id='word_1_716' title='bbox 3401 3238 3503 3293; x_wconf 89' lang='lat' dir='ltr'><strong>sibi</strong></span> <span class='ocrx_word' id='word_1_717' title='bbox 3531 3238 3644 3293; x_wconf 83' lang='lat' dir='ltr'><strong>vult</strong></span> 
     </span>
    </p>
   </div>
   <div class='ocr_carea' id='block_1_92' title="bbox 2047 3325 3640 3393">
    <p class='ocr_par' dir='ltr' id='par_1_92' title="bbox 2047 3325 3640 3393">
     <span class='ocr_line' id='line_1_92' title="bbox 2047 3325 3640 3393; baseline 0.003 -14"><span class='ocrx_word' id='word_1_718' title='bbox 2047 3325 2205 3393; x_wconf 87' lang='lat' dir='ltr'><strong>illud,</strong></span> <span class='ocrx_word' id='word_1_719' title='bbox 2233 3326 2359 3380; x_wconf 82' lang='lat' dir='ltr'><strong>Cum</strong></span> <span class='ocrx_word' id='word_1_720' title='bbox 2390 3326 2667 3383; x_wconf 75' lang='lat' dir='ltr'><strong>undecim?</strong></span> <span class='ocrx_word' id='word_1_721' title='bbox 2692 3326 3046 3391; x_wconf 83' lang='lat' dir='ltr'><strong>Communem</strong></span> <span class='ocrx_word' id='word_1_722' title='bbox 3074 3328 3392 3385; x_wconf 83' lang='lat' dir='ltr'><strong>emittebant</strong></span> <span class='ocrx_word' id='word_1_723' title='bbox 3418 3344 3603 3383; x_wconf 84' lang='lat' dir='ltr'><strong>vocem</strong></span> <span class='ocrx_word' id='word_1_724' title='bbox 3622 3370 3640 3392; x_wconf 89' lang='lat'><strong>.</strong></span> 
     </span>
    </p>
   </div>
   <div class='ocr_carea' id='block_1_93' title="bbox 2050 3416 3641 3486">
    <p class='ocr_par' dir='ltr' id='par_1_93' title="bbox 2050 3416 3641 3486">
     <span class='ocr_line' id='line_1_93' title="bbox 2050 3416 3641 3486; baseline 0.003 -15"><span class='ocrx_word' id='word_1_725' title='bbox 2050 3426 2105 3471; x_wconf 88' lang='lat' dir='ltr'><strong>et</strong></span> <span class='ocrx_word' id='word_1_726' title='bbox 2135 3417 2249 3486; x_wconf 85' lang='lat' dir='ltr'><strong>ipse</strong></span> <span class='ocrx_word' id='word_1_727' title='bbox 2270 3433 2332 3472; x_wconf 87' lang='lat' dir='ltr'><strong>os</strong></span> <span class='ocrx_word' id='word_1_728' title='bbox 2358 3418 2597 3472; x_wconf 84' lang='lat' dir='ltr'><strong>omnium</strong></span> <span class='ocrx_word' id='word_1_729' title='bbox 2624 3428 2762 3473; x_wconf 89' lang='lat' dir='ltr'><strong>erat.</strong></span> <span class='ocrx_word' id='word_1_730' title='bbox 2794 3416 3024 3474; x_wconf 87' lang='lat' dir='ltr'><strong>Adstant</strong></span> <span class='ocrx_word' id='word_1_731' title='bbox 3044 3436 3173 3475; x_wconf 88' lang='lat' dir='ltr'><strong>vero</strong></span> <span class='ocrx_word' id='word_1_732' title='bbox 3198 3419 3467 3486; x_wconf 78' lang='lat' dir='ltr'><strong>undecim,</strong></span> <span class='ocrx_word' id='word_1_733' title='bbox 3493 3419 3641 3475; x_wconf 86' lang='lat' dir='ltr'><strong>dicta</strong></span> 
     </span>
    </p>
   </div>
   <div class='ocr_carea' id='block_1_94' title="bbox 2045 3510 3643 3581">
    <p class='ocr_par' dir='ltr' id='par_1_94' title="bbox 2045 3510 3643 3581">
     <span class='ocr_line' id='line_1_94' title="bbox 2045 3510 3643 3581; baseline 0.003 -17"><span class='ocrx_word' id='word_1_734' title='bbox 2045 3510 2362 3565; x_wconf 87' lang='lat' dir='ltr'><strong>testimonio</strong></span> <span class='ocrx_word' id='word_1_735' title='bbox 2411 3524 2514 3567; x_wconf 90' lang='lat' dir='ltr'><strong>suo</strong></span> <span class='ocrx_word' id='word_1_736' title='bbox 2539 3511 2941 3568; x_wconf 81' lang='lat' dir='ltr'><strong>continuantes.</strong></span> <span class='ocrx_word' id='word_1_737' title='bbox 2990 3512 3197 3567; x_wconf 86' lang='lat' dir='ltr'><strong>Levavit</strong></span> <span class='ocrx_word' id='word_1_738' title='bbox 3247 3529 3419 3567; x_wconf 79' lang='lat' dir='ltr'><strong>vocem</strong></span> <span class='ocrx_word' id='word_1_739' title='bbox 3458 3529 3643 3581; x_wconf 85' lang='lat' dir='ltr'><strong>suam,</strong></span> 
     </span>
    </p>
   </div>
   <div class='ocr_carea' id='block_1_95' title="bbox 2050 3600 3505 3674">
    <p class='ocr_par' dir='ltr' id='par_1_95' title="bbox 2050 3600 3505 3674">
     <span class='ocr_line' id='line_1_95' title="bbox 2050 3600 3505 3674; baseline 0.004 -20"><span class='ocrx_word' id='word_1_740' title='bbox 2050 3600 2257 3671; x_wconf 90' lang='lat' dir='ltr'><strong>inquit,</strong></span> <span class='ocrx_word' id='word_1_741' title='bbox 2290 3600 2394 3656; x_wconf 90' lang='lat' dir='ltr'><strong>hoc</strong></span> <span class='ocrx_word' id='word_1_742' title='bbox 2424 3610 2542 3668; x_wconf 88' lang='lat' dir='ltr'><strong>cst,</strong></span> <span class='ocrx_word' id='word_1_743' title='bbox 2574 3617 2765 3673; x_wconf 86' lang='lat' dir='ltr'><strong>magna</strong></span> <span class='ocrx_word' id='word_1_744' title='bbox 2792 3617 2914 3657; x_wconf 92' lang='lat' dir='ltr'><strong>cum</strong></span> <span class='ocrx_word' id='word_1_745' title='bbox 2941 3602 3133 3659; x_wconf 84' lang='lat' dir='ltr'><strong>fiducia</strong></span> <span class='ocrx_word' id='word_1_746' title='bbox 3160 3605 3505 3674; x_wconf 82' lang='lat' dir='ltr'><strong>laquehatnr.</strong></span> 
     </span>
    </p>
   </div>
   <div class='ocr_carea' id='block_1_96' title="bbox 2122 3689 3636 3767">
    <p class='ocr_par' dir='ltr' id='par_1_96' title="bbox 2122 3689 3636 3767">
     <span class='ocr_line' id='line_1_96' title="bbox 2122 3689 3636 3767; baseline 0.005 -24"><span class='ocrx_word' id='word_1_747' title='bbox 2122 3689 2309 3746; x_wconf 86' lang='lat' dir='ltr'><strong>Petrus</strong></span> <span class='ocrx_word' id='word_1_748' title='bbox 2337 3707 2489 3761; x_wconf 89' lang='lat' dir='ltr'><strong>quam</strong></span> <span class='ocrx_word' id='word_1_749' title='bbox 2515 3703 2758 3748; x_wconf 86' lang='lat' dir='ltr'><strong>mutatus.</strong></span> <span class='ocrx_word' id='word_1_750' title='bbox 2783 3724 2857 3734; x_wconf 99' lang='lat'>—</span> <span class='ocrx_word' id='word_1_751' title='bbox 2885 3694 2997 3750; x_wconf 81' lang='lat' dir='ltr'><strong>Hoc</strong></span> <span class='ocrx_word' id='word_1_752' title='bbox 3026 3704 3205 3751; x_wconf 90' lang='lat' dir='ltr'><strong>autem</strong></span> <span class='ocrx_word' id='word_1_753' title='bbox 3254 3696 3400 3761; x_wconf 84' lang='lat' dir='ltr'><strong>facit,</strong></span> <span class='ocrx_word' id='word_1_754' title='bbox 3434 3706 3491 3751; x_wconf 92' lang='lat' dir='ltr'><strong>ut</strong></span> <span class='ocrx_word' id='word_1_755' title='bbox 3516 3696 3636 3767; x_wconf 81' lang='lat' dir='ltr'><strong>Spi-</strong></span> 
     </span>
    </p>
   </div>
   <div class='ocr_carea' id='block_1_97' title="bbox 2049 3781 3639 3858">
    <p class='ocr_par' dir='ltr' id='par_1_97' title="bbox 2049 3781 3639 3858">
     <span class='ocr_line' id='line_1_97' title="bbox 2049 3781 3639 3858; baseline 0.003 -22"><span class='ocrx_word' id='word_1_756' title='bbox 2049 3781 2184 3837; x_wconf 89' lang='lat' dir='ltr'><strong>ritus</strong></span> <span class='ocrx_word' id='word_1_757' title='bbox 2230 3784 2455 3853; x_wconf 87' lang='lat' dir='ltr'><strong>gratiam</strong></span> <span class='ocrx_word' id='word_1_758' title='bbox 2503 3781 2827 3840; x_wconf 89' lang='lat' dir='ltr'><strong>ediscerent.</strong></span> <span class='ocrx_word' id='word_1_759' title='bbox 2874 3784 2922 3841; x_wconf 90' lang='lat' dir='ltr'><strong>ls</strong></span> <span class='ocrx_word' id='word_1_760' title='bbox 2960 3785 3105 3841; x_wconf 88' lang='lat' dir='ltr'><strong>enim</strong></span> <span class='ocrx_word' id='word_1_761' title='bbox 3149 3786 3241 3857; x_wconf 91' lang='lat' dir='ltr'><strong>qui</strong></span> <span class='ocrx_word' id='word_1_762' title='bbox 3278 3787 3399 3842; x_wconf 85' lang='lat' dir='ltr'><strong>vilis</strong></span> <span class='ocrx_word' id='word_1_763' title='bbox 3445 3787 3639 3858; x_wconf 71' lang='lat' dir='ltr'><strong>puellas</strong></span> 
     </span>
    </p>
   </div>
   <div class='ocr_carea' id='block_1_98' title="bbox 2045 3874 3640 3949">
    <p class='ocr_par' dir='ltr' id='par_1_98' title="bbox 2045 3874 3640 3949">
     <span class='ocr_line' id='line_1_98' title="bbox 2045 3874 3640 3949; baseline 0.003 -21"><span class='ocrx_word' id='word_1_764' title='bbox 2045 3874 2527 3944; x_wconf 83' lang='lat' dir='ltr'><strong>interrogationem</strong></span> <span class='ocrx_word' id='word_1_765' title='bbox 2572 3892 2679 3933; x_wconf 91' lang='lat' dir='ltr'><strong>non</strong></span> <span class='ocrx_word' id='word_1_766' title='bbox 2712 3877 2940 3944; x_wconf 86' lang='lat' dir='ltr'><strong>tulerat,</strong></span> <span class='ocrx_word' id='word_1_767' title='bbox 2963 3876 3075 3948; x_wconf 87' lang='lat' dir='ltr'><strong>jam</strong></span> <span class='ocrx_word' id='word_1_768' title='bbox 3107 3878 3161 3933; x_wconf 92' lang='lat' dir='ltr'><strong>in</strong></span> <span class='ocrx_word' id='word_1_769' title='bbox 3202 3877 3382 3935; x_wconf 89' lang='lat' dir='ltr'><strong>medio</strong></span> <span class='ocrx_word' id='word_1_770' title='bbox 3411 3878 3640 3949; x_wconf 83' lang='lat' dir='ltr'><strong>populo-</strong></span> 
     </span>
    </p>
   </div>
   <div class='ocr_carea' id='block_1_99' title="bbox 2048 3966 3646 4039">
    <p class='ocr_par' dir='ltr' id='par_1_99' title="bbox 2048 3966 3646 4039">
     <span class='ocr_line' id='line_1_99' title="bbox 2048 3966 3646 4039; baseline 0.003 -18"><span class='ocrx_word' id='word_1_771' title='bbox 2048 3980 2190 4031; x_wconf 86' lang='lat' dir='ltr'><strong>rum,</strong></span> <span class='ocrx_word' id='word_1_772' title='bbox 2216 3967 2306 4037; x_wconf 93' lang='lat' dir='ltr'><strong>qui</strong></span> <span class='ocrx_word' id='word_1_773' title='bbox 2331 3982 2521 4022; x_wconf 87' lang='lat' dir='ltr'><strong>omnes</strong></span> <span class='ocrx_word' id='word_1_774' title='bbox 2542 3966 2747 4023; x_wconf 59' lang='lat' dir='ltr'><strong>eadem</strong></span> <span class='ocrx_word' id='word_1_775' title='bbox 2775 3968 3080 4039; x_wconf 74' lang='lat' dir='ltr'><strong>spirabant,</strong></span> <span class='ocrx_word' id='word_1_776' title='bbox 3106 3984 3229 4025; x_wconf 89' lang='lat' dir='ltr'><strong>cum</strong></span> <span class='ocrx_word' id='word_1_777' title='bbox 3259 3978 3402 4026; x_wconf 86' lang='lat' dir='ltr'><strong>tanta</strong></span> <span class='ocrx_word' id='word_1_778' title='bbox 3425 3970 3646 4026; x_wconf 77' lang='lat' dir='ltr'><strong>disserit</strong></span> 
     </span>
    </p>
   </div>
   <div class='ocr_carea' id='block_1_100' title="bbox 2047 4056 3645 4123">
    <p class='ocr_par' dir='ltr' id='par_1_100' title="bbox 2047 4056 3645 4123">
     <span class='ocr_line' id='line_1_100' title="bbox 2047 4056 3645 4123; baseline 0.003 -12"><span class='ocrx_word' id='word_1_779' title='bbox 2047 4056 2263 4123; x_wconf 84' lang='lat' dir='ltr'><strong>ﬁducia,</strong></span> <span class='ocrx_word' id='word_1_780' title='bbox 2299 4065 2357 4111; x_wconf 91' lang='lat' dir='ltr'><strong>ut</strong></span> <span class='ocrx_word' id='word_1_781' title='bbox 2384 4068 2531 4113; x_wconf 86' lang='lat' dir='ltr'><strong>esset</strong></span> <span class='ocrx_word' id='word_1_782' title='bbox 2562 4058 2693 4114; x_wconf 85' lang='lat' dir='ltr'><strong>illud</strong></span> <span class='ocrx_word' id='word_1_783' title='bbox 2739 4058 3097 4116; x_wconf 90' lang='lat' dir='ltr'><strong>indubitatum</strong></span> <span class='ocrx_word' id='word_1_784' title='bbox 3128 4062 3541 4119; x_wconf 83' lang='lat' dir='ltr'><strong>resurrectionis</strong></span> <span class='ocrx_word' id='word_1_785' title='bbox 3570 4062 3645 4116; x_wconf 86' lang='lat' dir='ltr'><strong>si-</strong></span> 
     </span>
    </p>
   </div>
   <div class='ocr_carea' id='block_1_101' title="bbox 2044 4150 3643 4219">
    <p class='ocr_par' dir='ltr' id='par_1_101' title="bbox 2044 4150 3643 4219">
     <span class='ocr_line' id='line_1_101' title="bbox 2044 4150 3643 4219; baseline 0.003 -17"><span class='ocrx_word' id='word_1_786' title='bbox 2044 4164 2256 4219; x_wconf 86' lang='lat' dir='ltr'><strong>gnum:</strong></span> <span class='ocrx_word' id='word_1_787' title='bbox 2292 4164 2413 4203; x_wconf 91' lang='lat' dir='ltr'><strong>nam</strong></span> <span class='ocrx_word' id='word_1_788' title='bbox 2462 4150 2602 4206; x_wconf 90' lang='lat' dir='ltr'><strong>inter</strong></span> <span class='ocrx_word' id='word_1_789' title='bbox 2648 4150 2887 4207; x_wconf 81' lang='lat' dir='ltr'><strong>ridentes</strong></span> <span class='ocrx_word' id='word_1_790' title='bbox 2939 4153 3183 4209; x_wconf 87' lang='lat' dir='ltr'><strong>homines</strong></span> <span class='ocrx_word' id='word_1_791' title='bbox 3227 4164 3283 4209; x_wconf 90' lang='lat' dir='ltr'><strong>et</strong></span> <span class='ocrx_word' id='word_1_792' title='bbox 3335 4154 3427 4209; x_wconf 86' lang='lat' dir='ltr'><strong>tali</strong></span> <span class='ocrx_word' id='word_1_793' title='bbox 3480 4154 3643 4207; x_wconf 86' lang='lat' dir='ltr'><strong>modo</strong></span> 
     </span>
    </p>
   </div>
   <div class='ocr_carea' id='block_1_102' title="bbox 2046 4240 3643 4317">
    <p class='ocr_par' dir='ltr' id='par_1_102' title="bbox 2046 4240 3643 4317">
     <span class='ocr_line' id='line_1_102' title="bbox 2046 4240 3643 4317; baseline 0.004 -23"><span class='ocrx_word' id='word_1_794' title='bbox 2046 4240 2447 4295; x_wconf 79' lang='lat' dir='ltr'><strong>subsannantes</strong></span> <span class='ocrx_word' id='word_1_795' title='bbox 2475 4256 2597 4297; x_wconf 89' lang='lat' dir='ltr'><strong>cum</strong></span> <span class='ocrx_word' id='word_1_796' title='bbox 2650 4242 2899 4299; x_wconf 86' lang='lat' dir='ltr'><strong>libertate</strong></span> <span class='ocrx_word' id='word_1_797' title='bbox 2945 4244 3204 4314; x_wconf 91' lang='lat' dir='ltr'><strong>loquitur.</strong></span> <span class='ocrx_word' id='word_1_798' title='bbox 3234 4245 3459 4312; x_wconf 75' lang='lat' dir='ltr'><strong>Quanta:</strong></span> <span class='ocrx_word' id='word_1_799' title='bbox 3485 4254 3643 4317; x_wconf 88' lang='lat' dir='ltr'><strong>putas</strong></span> 
     </span>
    </p>
   </div>
   <div class='ocr_carea' id='block_1_103' title="bbox 2048 4332 3641 4409">
    <p class='ocr_par' dir='ltr' id='par_1_103' title="bbox 2048 4332 3641 4409">
     <span class='ocr_line' id='line_1_103' title="bbox 2048 4332 3641 4409; baseline 0.004 -22"><span class='ocrx_word' id='word_1_800' title='bbox 2048 4332 2376 4401; x_wconf 60' lang='lat' dir='ltr'><strong>petulantiae,</strong></span> <span class='ocrx_word' id='word_1_801' title='bbox 2411 4344 2627 4403; x_wconf 70' lang='lat' dir='ltr'><strong>quanta:</strong></span> <span class='ocrx_word' id='word_1_802' title='bbox 2657 4334 2949 4406; x_wconf 85' lang='lat' dir='ltr'><strong>impietatis</strong></span> <span class='ocrx_word' id='word_1_803' title='bbox 2972 4379 2987 4403; x_wconf 93' lang='lat'><strong>,</strong></span> <span class='ocrx_word' id='word_1_804' title='bbox 3019 4347 3234 4408; x_wconf 81' lang='lat' dir='ltr'><strong>quanta:</strong></span> <span class='ocrx_word' id='word_1_805' title='bbox 3261 4336 3641 4409; x_wconf 65' lang='lat' dir='ltr'><strong>impudentia},</strong></span> 
     </span>
    </p>
   </div>
   <div class='ocr_carea' id='block_1_104' title="bbox 2048 4423 3642 4498">
    <p class='ocr_par' dir='ltr' id='par_1_104' title="bbox 2048 4423 3642 4498">
     <span class='ocr_line' id='line_1_104' title="bbox 2048 4423 3642 4498; baseline 0.006 -20"><span class='ocrx_word' id='word_1_806' title='bbox 2048 4423 2368 4493; x_wconf 84' lang='lat' dir='ltr'><strong>stupendum</strong></span> <span class='ocrx_word' id='word_1_807' title='bbox 2390 4424 2519 4481; x_wconf 89' lang='lat' dir='ltr'><strong>illud</strong></span> <span class='ocrx_word' id='word_1_808' title='bbox 2549 4427 2847 4498; x_wconf 86' lang='lat' dir='ltr'><strong>linguarum</strong></span> <span class='ocrx_word' id='word_1_809' title='bbox 2872 4428 3070 4484; x_wconf 88' lang='lat' dir='ltr'><strong>donum</strong></span> <span class='ocrx_word' id='word_1_810' title='bbox 3092 4429 3338 4486; x_wconf 89' lang='lat' dir='ltr'><strong>ebrietati</strong></span> <span class='ocrx_word' id='word_1_811' title='bbox 3367 4431 3642 4488; x_wconf 83' lang='lat' dir='ltr'><strong>adscribe-</strong></span> 
     </span>
    </p>
   </div>
   <div class='ocr_carea' id='block_1_105' title="bbox 2045 4516 3645 4594">
    <p class='ocr_par' dir='ltr' id='par_1_105' title="bbox 2045 4516 3645 4594">
     <span class='ocr_line' id='line_1_105' title="bbox 2045 4516 3645 4594; baseline 0.007 -24"><span class='ocrx_word' id='word_1_812' title='bbox 2045 4517 2145 4572; x_wconf 78' lang='lat' dir='ltr'><strong>re?</strong></span> <span class='ocrx_word' id='word_1_813' title='bbox 2173 4516 2282 4573; x_wconf 89' lang='lat' dir='ltr'><strong>Sed</strong></span> <span class='ocrx_word' id='word_1_814' title='bbox 2314 4518 2447 4573; x_wconf 90' lang='lat' dir='ltr'><strong>nihil</strong></span> <span class='ocrx_word' id='word_1_815' title='bbox 2474 4519 2575 4575; x_wconf 91' lang='lat' dir='ltr'><strong>hoc</strong></span> <span class='ocrx_word' id='word_1_816' title='bbox 2605 4522 2881 4592; x_wconf 88' lang='lat' dir='ltr'><strong>apostolos</strong></span> <span class='ocrx_word' id='word_1_817' title='bbox 2912 4522 3177 4590; x_wconf 86' lang='lat' dir='ltr'><strong>turbavit,</strong></span> <span class='ocrx_word' id='word_1_818' title='bbox 3211 4539 3387 4594; x_wconf 87' lang='lat' dir='ltr'><strong>neque</strong></span> <span class='ocrx_word' id='word_1_819' title='bbox 3416 4525 3645 4581; x_wconf 88' lang='lat' dir='ltr'><strong>timidio-</strong></span> 
     </span>
    </p>
   </div>
   <div class='ocr_carea' id='block_1_106' title="bbox 2045 4608 3645 4684">
    <p class='ocr_par' dir='ltr' id='par_1_106' title="bbox 2045 4608 3645 4684">
     <span class='ocr_line' id='line_1_106' title="bbox 2045 4608 3645 4684; baseline 0.005 -22"><span class='ocrx_word' id='word_1_820' title='bbox 2045 4622 2134 4663; x_wconf 89' lang='lat' dir='ltr'><strong>res</strong></span> <span class='ocrx_word' id='word_1_821' title='bbox 2162 4622 2227 4663; x_wconf 73' lang='lat' dir='ltr'><strong>ex</strong></span> <span class='ocrx_word' id='word_1_822' title='bbox 2254 4608 2346 4663; x_wconf 90' lang='lat' dir='ltr'><strong>tali</strong></span> <span class='ocrx_word' id='word_1_823' title='bbox 2375 4610 2488 4665; x_wconf 89' lang='lat' dir='ltr'><strong>risu</strong></span> <span class='ocrx_word' id='word_1_824' title='bbox 2542 4610 2667 4666; x_wconf 85' lang='lat' dir='ltr'><strong>laeti</strong></span> <span class='ocrx_word' id='word_1_825' title='bbox 2692 4621 2838 4667; x_wconf 91' lang='lat' dir='ltr'><strong>sunt.</strong></span> <span class='ocrx_word' id='word_1_826' title='bbox 2868 4611 3001 4668; x_wconf 80' lang='lat' dir='ltr'><strong>Nam</strong></span> <span class='ocrx_word' id='word_1_827' title='bbox 3027 4629 3093 4668; x_wconf 80' lang='lat' dir='ltr'><strong>ex</strong></span> <span class='ocrx_word' id='word_1_828' title='bbox 3136 4613 3366 4669; x_wconf 86' lang='lat' dir='ltr'><strong>adventu</strong></span> <span class='ocrx_word' id='word_1_829' title='bbox 3412 4615 3645 4684; x_wconf 88' lang='lat' dir='ltr'><strong>Spiritus</strong></span> 
     </span>
    </p>
   </div>
   <div class='ocr_carea' id='block_1_107' title="bbox 2045 4699 3666 4776">
    <p class='ocr_par' dir='ltr' id='par_1_107' title="bbox 2045 4699 3666 4776">
     <span class='ocr_line' id='line_1_107' title="bbox 2045 4699 3666 4776; baseline 0.007 -24"><span class='ocrx_word' id='word_1_830' title='bbox 2045 4699 2199 4769; x_wconf 86' lang='lat' dir='ltr'><strong>quasi</strong></span> <span class='ocrx_word' id='word_1_831' title='bbox 2250 4701 2652 4763; x_wconf 85' lang='lat' dir='ltr'><strong>transformati.</strong></span> <span class='ocrx_word' id='word_1_832' title='bbox 2698 4704 2980 4773; x_wconf 88' lang='lat' dir='ltr'><strong>corporeis</strong></span> <span class='ocrx_word' id='word_1_833' title='bbox 3028 4706 3281 4761; x_wconf 89' lang='lat' dir='ltr'><strong>omnibus</strong></span> <span class='ocrx_word' id='word_1_834' title='bbox 3330 4707 3666 4776; x_wconf 88' lang='lat' dir='ltr'><strong>superiores-</strong></span> 
     </span>
    </p>
   </div>
   <div class='ocr_carea' id='block_1_108' title="bbox 2042 4790 3643 4865">
    <p class='ocr_par' dir='ltr' id='par_1_108' title="bbox 2042 4790 3643 4865">
     <span class='ocr_line' id='line_1_108' title="bbox 2042 4790 3643 4865; baseline 0.003 -20"><span class='ocrx_word' id='word_1_835' title='bbox 2042 4799 2219 4846; x_wconf 87' lang='lat' dir='ltr'><strong>crant.</strong></span> <span class='ocrx_word' id='word_1_836' title='bbox 2250 4790 2306 4845; x_wconf 88' lang='lat' dir='ltr'><strong>Si</strong></span> <span class='ocrx_word' id='word_1_837' title='bbox 2335 4805 2470 4861; x_wconf 91' lang='lat' dir='ltr'><strong>quos</strong></span> <span class='ocrx_word' id='word_1_838' title='bbox 2498 4793 2642 4847; x_wconf 90' lang='lat' dir='ltr'><strong>enim</strong></span> <span class='ocrx_word' id='word_1_839' title='bbox 2669 4793 2825 4849; x_wconf 85' lang='lat' dir='ltr'><strong>adeat</strong></span> <span class='ocrx_word' id='word_1_840' title='bbox 2853 4793 3113 4865; x_wconf 89' lang='lat' dir='ltr'><strong>Spiritus,</strong></span> <span class='ocrx_word' id='word_1_841' title='bbox 3162 4811 3357 4851; x_wconf 90' lang='lat' dir='ltr'><strong>aureos</strong></span> <span class='ocrx_word' id='word_1_842' title='bbox 3386 4812 3450 4851; x_wconf 80' lang='lat' dir='ltr'><strong>ex</strong></span> <span class='ocrx_word' id='word_1_843' title='bbox 3482 4797 3643 4851; x_wconf 74' lang='lat' dir='ltr'><strong>luteis</strong></span> 
     </span>
    </p>
   </div>
   <div class='ocr_carea' id='block_1_109' title="bbox 2042 4880 3641 4960">
    <p class='ocr_par' dir='ltr' id='par_1_109' title="bbox 2042 4880 3641 4960">
     <span class='ocr_line' id='line_1_109' title="bbox 2042 4880 3641 4960; baseline 0.005 -24"><span class='ocrx_word' id='word_1_844' title='bbox 2042 4880 2228 4937; x_wconf 82' lang='lat' dir='ltr'><strong>efﬁcit.</strong></span> <span class='ocrx_word' id='word_1_845' title='bbox 2257 4880 2376 4937; x_wconf 70' lang='lat' dir='ltr'><strong>Iam</strong></span> <span class='ocrx_word' id='word_1_846' title='bbox 2406 4882 2536 4938; x_wconf 87' lang='lat' dir='ltr'><strong>mihi</strong></span> <span class='ocrx_word' id='word_1_847' title='bbox 2562 4884 2779 4941; x_wconf 87' lang='lat' dir='ltr'><strong>Petrum</strong></span> <span class='ocrx_word' id='word_1_848' title='bbox 2810 4887 3091 4943; x_wconf 89' lang='lat' dir='ltr'><strong>considera</strong></span> <span class='ocrx_word' id='word_1_849' title='bbox 3114 4929 3129 4956; x_wconf 90' lang='lat'><strong>,</strong></span> <span class='ocrx_word' id='word_1_850' title='bbox 3160 4896 3217 4944; x_wconf 91' lang='lat' dir='ltr'><strong>et</strong></span> <span class='ocrx_word' id='word_1_851' title='bbox 3259 4889 3481 4960; x_wconf 79' lang='lat' dir='ltr'><strong>explora</strong></span> <span class='ocrx_word' id='word_1_852' title='bbox 3510 4890 3641 4944; x_wconf 87' lang='lat' dir='ltr'><strong>mihi</strong></span> 
     </span>
    </p>
   </div>
   <div class='ocr_carea' id='block_1_110' title="bbox 2045 4975 3643 5051">
    <p class='ocr_par' dir='ltr' id='par_1_110' title="bbox 2045 4975 3643 5051">
     <span class='ocr_line' id='line_1_110' title="bbox 2045 4975 3643 5051; baseline 0.005 -22"><span class='ocrx_word' id='word_1_853' title='bbox 2045 4975 2291 5030; x_wconf 91' lang='lat' dir='ltr'><strong>timidum</strong></span> <span class='ocrx_word' id='word_1_854' title='bbox 2324 4976 2471 5031; x_wconf 90' lang='lat' dir='ltr'><strong>illum</strong></span> <span class='ocrx_word' id='word_1_855' title='bbox 2500 5019 2516 5043; x_wconf 92' lang='lat'><strong>,</strong></span> <span class='ocrx_word' id='word_1_856' title='bbox 2548 4988 2602 5033; x_wconf 90' lang='lat' dir='ltr'><strong>et</strong></span> <span class='ocrx_word' id='word_1_857' title='bbox 2630 4979 3003 5051; x_wconf 85' lang='lat' dir='ltr'><strong>insipientem;</strong></span> <span class='ocrx_word' id='word_1_858' title='bbox 3035 4992 3093 5037; x_wconf 85' lang='lat' dir='ltr'><strong>ut</strong></span> <span class='ocrx_word' id='word_1_859' title='bbox 3115 4984 3190 5038; x_wconf 86' lang='lat' dir='ltr'><strong>ait</strong></span> <span class='ocrx_word' id='word_1_860' title='bbox 3218 4982 3467 5040; x_wconf 88' lang='lat' dir='ltr'><strong>Christus</strong></span> <span class='ocrx_word' id='word_1_861' title='bbox 3496 5002 3509 5038; x_wconf 92' lang='lat'><strong>:</strong></span> <span class='ocrx_word' id='word_1_862' title='bbox 3542 4983 3643 5038; x_wconf 79' lang='lat' dir='ltr'><strong>Ad-</strong></span> 
     </span>
    </p>
   </div>
   <div class='ocr_carea' id='block_1_111' title="bbox 2044 5069 3656 5149">
    <p class='ocr_par' dir='ltr' id='par_1_111' title="bbox 2044 5069 3656 5149">
     <span class='ocr_line' id='line_1_111' title="bbox 2044 5069 3656 5149; baseline 0.006 -28"><span class='ocrx_word' id='word_1_863' title='bbox 2044 5069 2145 5122; x_wconf 84' lang='lat' dir='ltr'><strong>huc</strong></span> <span class='ocrx_word' id='word_1_864' title='bbox 2175 5078 2221 5123; x_wconf 89' lang='lat' dir='ltr'><strong>et</strong></span> <span class='ocrx_word' id='word_1_865' title='bbox 2250 5085 2335 5124; x_wconf 83' lang='lat' dir='ltr'><strong>vos</strong></span> <span class='ocrx_word' id='word_1_866' title='bbox 2363 5071 2657 5142; x_wconf 84' lang='lat' dir='ltr'><strong>insipientes</strong></span> <span class='ocrx_word' id='word_1_867' title='bbox 2701 5075 2821 5130; x_wconf 87' lang='lat' dir='ltr'><strong>estis</strong></span> <span class='ocrx_word' id='word_1_868' title='bbox 2861 5074 3095 5143; x_wconf 81' lang='lat' dir='ltr'><strong>(Matth.</strong></span> <span class='ocrx_word' id='word_1_869' title='bbox 3126 5077 3215 5133; x_wconf 81' lang='grc'><strong>15.</strong></span> <span class='ocrx_word' id='word_1_870' title='bbox 3245 5076 3372 5149; x_wconf 72' lang='lat' dir='ltr'><strong>lli);</strong></span> <span class='ocrx_word' id='word_1_871' title='bbox 3400 5077 3491 5149; x_wconf 91' lang='lat' dir='ltr'><strong>qui</strong></span> <span class='ocrx_word' id='word_1_872' title='bbox 3519 5086 3656 5148; x_wconf 87' lang='lat' dir='ltr'><strong>post</strong></span> 
     </span>
    </p>
   </div>
   <div class='ocr_carea' id='block_1_112' title="bbox 2044 5161 3651 5237">
    <p class='ocr_par' dir='ltr' id='par_1_112' title="bbox 2044 5161 3651 5237">
     <span class='ocr_line' id='line_1_112' title="bbox 2044 5161 3651 5237; baseline 0.004 -20"><span class='ocrx_word' id='word_1_873' title='bbox 2044 5161 2438 5219; x_wconf 89' lang='lat' dir='ltr'><strong>confessionem</strong></span> <span class='ocrx_word' id='word_1_874' title='bbox 2492 5166 2634 5220; x_wconf 88' lang='lat' dir='ltr'><strong>illam</strong></span> <span class='ocrx_word' id='word_1_875' title='bbox 2683 5167 3019 5237; x_wconf 88' lang='lat' dir='ltr'><strong>mirabilem,</strong></span> <span class='ocrx_word' id='word_1_876' title='bbox 3070 5179 3221 5225; x_wconf 90' lang='lat' dir='ltr'><strong>satan</strong></span> <span class='ocrx_word' id='word_1_877' title='bbox 3268 5180 3492 5227; x_wconf 83' lang='lat' dir='ltr'><strong>vocatus</strong></span> <span class='ocrx_word' id='word_1_878' title='bbox 3540 5167 3651 5226; x_wconf 76' lang='lat' dir='ltr'><strong>luit</strong></span> 
     </span>
    </p>
   </div>
   <div class='ocr_carea' id='block_1_113' title="bbox 2045 5254 3632 5335">
    <p class='ocr_par' dir='ltr' id='par_1_113' title="bbox 2045 5254 3632 5335">
     <span class='ocr_line' id='line_1_113' title="bbox 2045 5254 3632 5335; baseline 0.008 -28"><span class='ocrx_word' id='word_1_879' title='bbox 2045 5254 2157 5327; x_wconf 78' lang='lat' dir='ltr'><strong>(Id.</strong></span> <span class='ocrx_word' id='word_1_880' title='bbox 2209 5255 2294 5310; x_wconf 79' lang='lat' dir='ltr'><strong>l6.</strong></span> <span class='ocrx_word' id='word_1_881' title='bbox 2317 5254 2432 5329; x_wconf 72' lang='lat'><strong>25).</strong></span> <span class='ocrx_word' id='word_1_882' title='bbox 2464 5257 2745 5330; x_wconf 85' lang='lat' dir='ltr'><strong>Perpende</strong></span> <span class='ocrx_word' id='word_1_883' title='bbox 2785 5261 2913 5318; x_wconf 90' lang='lat' dir='ltr'><strong>item</strong></span> <span class='ocrx_word' id='word_1_884' title='bbox 2942 5265 2959 5294; x_wconf 73' lang='grc'><strong>⁸</strong></span> <span class='ocrx_word' id='word_1_885' title='bbox 2988 5265 3358 5335; x_wconf 86' lang='lat' dir='ltr'><strong>apostolorum</strong></span> <span class='ocrx_word' id='word_1_886' title='bbox 3398 5278 3632 5320; x_wconf 87' lang='lat' dir='ltr'><strong>concor-</strong></span> 
     </span>
    </p>
   </div>
   <div class='ocr_carea' id='block_1_114' title="bbox 2044 5345 3636 5417">
    <p class='ocr_par' dir='ltr' id='par_1_114' title="bbox 2044 5345 3636 5417">
     <span class='ocr_line' id='line_1_114' title="bbox 2044 5345 3636 5417; baseline 0.008 -18"><span class='ocrx_word' id='word_1_887' title='bbox 2044 5345 2209 5411; x_wconf 88' lang='lat' dir='ltr'><strong>diam,</strong></span> <span class='ocrx_word' id='word_1_888' title='bbox 2242 5348 2516 5417; x_wconf 86' lang='lat' dir='ltr'><strong>quomodo</strong></span> <span class='ocrx_word' id='word_1_889' title='bbox 2546 5350 2707 5407; x_wconf 87' lang='lat' dir='ltr'><strong>Petro</strong></span> <span class='ocrx_word' id='word_1_890' title='bbox 2732 5354 3001 5410; x_wconf 86' lang='lat' dir='ltr'><strong>cesserint</strong></span> <span class='ocrx_word' id='word_1_891' title='bbox 3024 5357 3377 5411; x_wconf 79' lang='lat' dir='ltr'><strong>concinnandi</strong></span> <span class='ocrx_word' id='word_1_892' title='bbox 3407 5355 3591 5409; x_wconf 85' lang='lat' dir='ltr'><strong>ofﬁcio</strong></span> <span class='ocrx_word' id='word_1_893' title='bbox 3621 5375 3636 5411; x_wconf 88' lang='lat'><strong>:</strong></span> 
     </span>
    </p>
   </div>
   <div class='ocr_carea' id='block_1_115' title="bbox 2043 5439 3637 5516">
    <p class='ocr_par' dir='ltr' id='par_1_115' title="bbox 2043 5439 3637 5516">
     <span class='ocr_line' id='line_1_115' title="bbox 2043 5439 3637 5516; baseline 0.006 -25"><span class='ocrx_word' id='word_1_894' title='bbox 2043 5452 2219 5508; x_wconf 86' lang='lat' dir='ltr'><strong>neque</strong></span> <span class='ocrx_word' id='word_1_895' title='bbox 2243 5439 2389 5494; x_wconf 80' lang='lat' dir='ltr'><strong>enim</strong></span> <span class='ocrx_word' id='word_1_896' title='bbox 2414 5442 2704 5512; x_wconf 84' lang='lat' dir='ltr'><strong>oportebat</strong></span> <span class='ocrx_word' id='word_1_897' title='bbox 2731 5460 2920 5501; x_wconf 82' lang='lat' dir='ltr'><strong>omnes</strong></span> <span class='ocrx_word' id='word_1_898' title='bbox 2944 5447 3105 5503; x_wconf 89' lang='lat' dir='ltr'><strong>simul</strong></span> <span class='ocrx_word' id='word_1_899' title='bbox 3122 5447 3288 5516; x_wconf 86' lang='lat' dir='ltr'><strong>loqui.</strong></span> <span class='ocrx_word' id='word_1_900' title='bbox 3324 5446 3390 5500; x_wconf 84' lang='lat' dir='ltr'><strong>Et</strong></span> <span class='ocrx_word' id='word_1_901' title='bbox 3422 5446 3637 5516; x_wconf 84' lang='lat' dir='ltr'><strong>levavit,</strong></span> 
     </span>
    </p>
   </div>
   <div class='ocr_carea' id='block_1_116' title="bbox 2043 5530 3641 5611">
    <p class='ocr_par' dir='ltr' id='par_1_116' title="bbox 2043 5530 3641 5611">
     <span class='ocr_line' id='line_1_116' title="bbox 2043 5530 3641 5611; baseline 0.006 -24"><span class='ocrx_word' id='word_1_902' title='bbox 2043 5530 2215 5603; x_wconf 89' lang='lat' dir='ltr'><strong>inquit</strong></span> <span class='ocrx_word' id='word_1_903' title='bbox 2236 5571 2252 5599; x_wconf 90' lang='lat'><strong>,</strong></span> <span class='ocrx_word' id='word_1_904' title='bbox 2285 5547 2456 5588; x_wconf 75' lang='lat' dir='ltr'><strong>vocem</strong></span> <span class='ocrx_word' id='word_1_905' title='bbox 2491 5551 2665 5604; x_wconf 79' lang='lat' dir='ltr'><strong>suam,</strong></span> <span class='ocrx_word' id='word_1_906' title='bbox 2694 5546 2750 5592; x_wconf 87' lang='lat' dir='ltr'><strong>et</strong></span> <span class='ocrx_word' id='word_1_907' title='bbox 2776 5554 2963 5610; x_wconf 83' lang='lat' dir='ltr'><strong>magna</strong></span> <span class='ocrx_word' id='word_1_908' title='bbox 2991 5555 3111 5595; x_wconf 88' lang='lat' dir='ltr'><strong>cum</strong></span> <span class='ocrx_word' id='word_1_909' title='bbox 3157 5539 3344 5593; x_wconf 83' lang='lat' dir='ltr'><strong>ﬁducia</strong></span> <span class='ocrx_word' id='word_1_910' title='bbox 3390 5540 3641 5611; x_wconf 88' lang='lat' dir='ltr'><strong>loquutus</strong></span> 
     </span>
    </p>
   </div>
   <div class='ocr_carea' id='block_1_117' title="bbox 2101 5686 3641 5762">
    <p class='ocr_par' dir='ltr' id='par_1_117' title="bbox 2101 5686 3641 5762">
     <span class='ocr_line' id='line_1_117' title="bbox 2101 5686 3641 5762; baseline 0.007 -26"><span class='ocrx_word' id='word_1_911' title='bbox 2101 5686 2232 5762; x_wconf 42' lang='lat' dir='ltr'><strong>flia</strong></span> <span class='ocrx_word' id='word_1_912' title='bbox 2280 5703 2388 5762; x_wconf 71' lang='lat' dir='ltr'><strong>uno</strong></span> <span class='ocrx_word' id='word_1_913' title='bbox 2427 5694 2536 5762; x_wconf 70' lang='lat' dir='ltr'><strong>cod.</strong></span> <span class='ocrx_word' id='word_1_914' title='bbox 2593 5694 2664 5762; x_wconf 88' lang='lat' dir='ltr'><strong>sic</strong></span> <span class='ocrx_word' id='word_1_915' title='bbox 2712 5694 2923 5762; x_wconf 73' lang='lat' dir='ltr'><strong>etl‘ertur</strong></span> <span class='ocrx_word' id='word_1_916' title='bbox 2950 5693 3039 5762; x_wconf 88' lang='lat' dir='ltr'><strong>_hic</strong></span> <span class='ocrx_word' id='word_1_917' title='bbox 3081 5693 3392 5762; x_wconf 72' lang='lat' dir='ltr'><strong>locus....._et</strong></span> <span class='ocrx_word' id='word_1_918' title='bbox 3434 5696 3641 5762; x_wconf 61' lang='lat' dir='ltr'><strong>capior;</strong></span> 
     </span>
    </p>
   </div>
   <div class='ocr_carea' id='block_1_118' title="bbox 2042 5748 3642 5821">
    <p class='ocr_par' dir='ltr' id='par_1_118' title="bbox 2042 5748 3642 5821">
     <span class='ocr_line' id='line_1_118' title="bbox 2042 5748 3642 5821; baseline 0.008 -24"><span class='ocrx_word' id='word_1_919' title='bbox 2042 5748 2165 5821; x_wconf 76' lang='lat' dir='ltr'><strong>mihi</strong></span> <span class='ocrx_word' id='word_1_920' title='bbox 2186 5748 2408 5821; x_wconf 74' lang='lat' dir='ltr'><strong>timidum</strong></span> <span class='ocrx_word' id='word_1_921' title='bbox 2423 5752 2581 5821; x_wconf 73' lang='lat' dir='ltr'><strong>illum,</strong></span> <span class='ocrx_word' id='word_1_922' title='bbox 2606 5761 2651 5804; x_wconf 90' lang='lat' dir='ltr'><strong>et</strong></span> <span class='ocrx_word' id='word_1_923' title='bbox 2668 5755 2798 5821; x_wconf 72' lang='lat' dir='ltr'><strong>adeo</strong></span> <span class='ocrx_word' id='word_1_924' title='bbox 2820 5753 3043 5821; x_wconf 78' lang='lat' dir='ltr'><strong>timidum</strong></span> <span class='ocrx_word' id='word_1_925' title='bbox 3066 5763 3115 5806; x_wconf 90' lang='lat' dir='ltr'><strong>ut</strong></span> <span class='ocrx_word' id='word_1_926' title='bbox 3131 5748 3514 5821; x_wconf 67' lang='lat' dir='ltr'><strong>aemulierculte&#39;</strong></span> <span class='ocrx_word' id='word_1_927' title='bbox 3535 5760 3642 5821; x_wconf 79' lang='lat' dir='ltr'><strong>qui-</strong></span> 
     </span>
    </p>
   </div>
   <div class='ocr_carea' id='block_1_119' title="bbox 2046 5812 3637 5883">
    <p class='ocr_par' dir='ltr' id='par_1_119' title="bbox 2046 5812 3637 5883">
     <span class='ocr_line' id='line_1_119' title="bbox 2046 5812 3637 5883; baseline 0.006 -23"><span class='ocrx_word' id='word_1_928' title='bbox 2046 5812 2160 5861; x_wconf 85' lang='lat' dir='ltr'><strong>dem</strong></span> <span class='ocrx_word' id='word_1_929' title='bbox 2182 5812 2609 5883; x_wconf 71' lang='lat' dir='ltr'><strong>interroqationem</strong></span> <span class='ocrx_word' id='word_1_930' title='bbox 2649 5817 2781 5883; x_wconf 78' lang='lat' dir='ltr'><strong>ferre</strong></span> <span class='ocrx_word' id='word_1_931' title='bbox 2810 5816 3048 5883; x_wconf 72' lang='lat' dir='ltr'><strong>potuerit,</strong></span> <span class='ocrx_word' id='word_1_932' title='bbox 3075 5818 3234 5883; x_wconf 83' lang='lat' dir='ltr'><strong>qualis</strong></span> <span class='ocrx_word' id='word_1_933' title='bbox 3277 5819 3483 5883; x_wconf 78' lang='lat' dir='ltr'><strong>eraserit</strong></span> <span class='ocrx_word' id='word_1_934' title='bbox 3508 5812 3637 5883; x_wconf 65' lang='lat' dir='ltr'><strong>pltar-</strong></span> 
     </span>
    </p>
   </div>
   <div class='ocr_carea' id='block_1_120' title="bbox 2042 5875 3633 5946">
    <p class='ocr_par' dir='ltr' id='par_1_120' title="bbox 2042 5875 3633 5946">
     <span class='ocr_line' id='line_1_120' title="bbox 2042 5875 3633 5946; baseline 0.01 -27"><span class='ocrx_word' id='word_1_935' title='bbox 2042 5884 2191 5946; x_wconf 67' lang='lat' dir='ltr'><strong>quam</strong></span> <span class='ocrx_word' id='word_1_936' title='bbox 2212 5875 2423 5946; x_wconf 69' lang='lat' dir='ltr'><strong>primum</strong></span> <span class='ocrx_word' id='word_1_937' title='bbox 2444 5882 2489 5924; x_wconf 82' lang='lat' dir='ltr'><strong>et</strong></span> <span class='ocrx_word' id='word_1_938' title='bbox 2512 5875 2777 5946; x_wconf 79' lang='lat' dir='ltr'><strong>abundanti</strong></span> <span class='ocrx_word' id='word_1_939' title='bbox 2801 5875 3053 5942; x_wconf 77' lang='lat' dir='ltr'><strong>largitione</strong></span> <span class='ocrx_word' id='word_1_940' title='bbox 3073 5875 3277 5946; x_wconf 75' lang='lat' dir='ltr'><strong>Spiritus</strong></span> <span class='ocrx_word' id='word_1_941' title='bbox 3310 5875 3517 5934; x_wconf 68' lang='lat' dir='ltr'><strong>donatus</strong></span> <span class='ocrx_word' id='word_1_942' title='bbox 3537 5890 3633 5935; x_wconf 71' lang='lat' dir='ltr'><strong>cat.</strong></span> 
     </span>
    </p>
   </div>
   <div class='ocr_carea' id='block_1_121' title="bbox 2044 5934 2575 5999">
    <p class='ocr_par' dir='ltr' id='par_1_121' title="bbox 2044 5934 2575 5999">
     <span class='ocr_line' id='line_1_121' title="bbox 2044 5934 2575 5999; baseline 0 -12"><span class='ocrx_word' id='word_1_943' title='bbox 2044 5934 2296 5999; x_wconf 78' lang='lat' dir='ltr'><strong>Perpende</strong></span> <span class='ocrx_word' id='word_1_944' title='bbox 2324 5935 2451 5998; x_wconf 78' lang='lat' dir='ltr'><strong>item,</strong></span> <span class='ocrx_word' id='word_1_945' title='bbox 2481 5945 2575 5987; x_wconf 77' lang='lat' dir='ltr'><strong>etc.</strong></span> 
     </span>
    </p>
   </div>
  </div>
