4092 6464
466 425 533 480 47
1005 429 1008 432 ·
1269 405 1322 461 S.
1365 402 1643 461 .IOANNIS
1673 396 2141 457 CHRYSOSTOMI
2169 397 2508 456 ARCIIlEP.‘
2526 395 2659 457 CON
2675 396 3056 457 STANTINOP.
3678 409 3750 467 43
3777 457 3784 464 ,

464 550 550 596 est
576 542 675 597 eis.
721 538 848 593 Tale
875 531 1146 611 quidpiam
1182 535 1265 582 est
1314 539 1436 579 esse
1473 522 1644 574 virum
1693 516 2050 586 spiritualem.

465 636 694 690 Tantum
725 644 823 684 nos
849 609 1079 694 superna
1109 618 1280 691 gratia
1311 615 1503 686 dignos
1545 609 1934 666 constituamus
1957 646 1974 674 ,
2001 612 2058 661 et

465 730 645 785 omnia
666 730 822 781 erunt
852 719 1046 778 facilia.
1065 715 1215 772 Sicut
1234 710 1376 767 enim
1396 708 1557 762 homo
1575 705 1758 776 igneus
1782 702 1832 756 in
1855 697 2058 756 medias

465 823 686 894 stipulas
709 817 947 876 incidens
965 853 983 879 ,
1008 809 1144 868 nihil
1171 805 1383 862 laeditur
1402 843 1416 867 ,
1449 799 1542 855 sed
1576 797 1744 868 magis
1767 800 2055 864 operatur;

468 884 641 984 neque
657 911 799 968 enim
822 909 914 963 ille
929 903 1202 979 quidpiam
1220 896 1436 968 patitur,
1456 891 1548 948 sed
1570 890 1657 961 qui
1679 888 1752 942 illi
1775 884 2055 945 resistunt,

467 975 675 1078 seipsos
715 975 980 1074 perdunt:
1011 997 1082 1052 ita
1131 1007 1274 1048 nunc
1320 1002 1533 1059 quoque
1578 983 1773 1038 factum
1801 986 1902 1034 est.
1947 975 2059 1030 lmo

467 1102 648 1172 potius
687 1107 742 1154 ut
789 1097 832 1150 si
874 1093 994 1164 quis
1035 1090 1208 1160 ignem
1236 1093 1452 1156 gestans
1477 1088 1670 1150 pugnet
1695 1090 1816 1132 cum
1847 1087 1942 1134 eo,
1969 1067 2060 1139 qui

469 1199 616 1251 freno
644 1200 869 1248 onustus
897 1195 1018 1242 est:
1053 1183 1131 1238 sic
1159 1189 1214 1236 et
1255 1174 1484 1248 apostoli
1529 1173 1648 1229 illos
1698 1183 1819 1226 cum
1869 1177 2060 1234 magna

471 1285 782 1343 fortitudine
811 1277 1044 1352 aggressi
1072 1282 1216 1332 sunt.
1245 1269 1382 1338 Quid
1409 1266 1553 1324 enim
1595 1261 1733 1317 kesit
1763 1260 1884 1314 illos
1913 1262 2061 1310 tanta

473 1373 798 1434 multitudo?
843 1372 938 1426 Dic
967 1369 1108 1424 enim
1151 1363 1279 1425 mihi
1309 1379 1322 1414 :
1351 1372 1528 1414 annon
1578 1368 1700 1410 cum
1749 1355 1985 1420 egestate
2011 1352 2067 1399 et

473 1472 616 1526 fante
641 1461 988 1539 pugnabant?
1013 1473 1190 1516 annon
1231 1468 1354 1509 cum
1407 1445 1691 1520 ignominia
1731 1451 1787 1499 et
1815 1435 2065 1496 infamia?

429 1549 440 1574 ³
474 1572 490 1636 (
526 1581 649 1622 nam
685 1563 1001 1630 deeeptores
1045 1569 1167 1612 esse
1207 1541 1602 1613 credebantur)
1632 1553 1807 1596 annon
1853 1534 1982 1591 risui
2013 1540 2067 1588 et

474 1657 706 1714 ludibrio
754 1649 1096 1724 praesentium
1141 1641 1370 1712 expositi
1416 1636 1606 1694 erant?
1653 1631 1708 1687 In
1755 1630 1877 1686 illos
1919 1625 2064 1683 enim

476 1763 699 1820 utraque
739 1718 1088 1805 incidebant,
1116 1751 1238 1795 cum
1267 1732 1355 1788 alii
1397 1729 1714 1788 irriderent,
1747 1722 1835 1777 alii
1879 1718 2065 1775 illude-

477 1853 617 1898 rent.
651 1841 842 1896 Nonne
876 1833 1036 1890 furori
1067 1843 1123 1888 et
1148 1827 1368 1886 insania:
1395 1825 1718 1892 integrarum
1749 1817 2022 1874 civitatum
2045 1852 2060 1878 ,

479 1949 658 1994 nonne
688 1928 1043 1988 seditionibus
1071 1932 1126 1980 et
1170 1919 1376 1976 insidiis
1403 1913 1632 1985 expositi
1658 1909 1851 1967 erant?
1891 1919 2072 1961 nonne

478 2027 623 2097 igni,
657 2023 819 2086 ferro,
853 2019 1015 2074 luris?
1040 2027 1218 2072 nonne
1249 2009 1482 2079 undique
1529 2004 1658 2075 ipsis
1686 2003 1960 2058 innumera
1991 1996 2072 2056 in-

479 2089 690 2176 stabant
727 2113 903 2172 bella?
929 2124 1108 2166 nonne
1137 2107 1249 2163 haec
1273 2102 1500 2166 molesta
1527 2097 1770 2162 videntes
1795 2095 1866 2152 ita
1894 2089 2073 2148 allecti

481 2218 635 2268 erant
653 2249 668 2273 ,
698 2222 762 2262 ac
789 2205 835 2260 si
864 2201 1072 2259 somnia
1100 2206 1194 2252 aut
1229 2197 1490 2265 picturam
1519 2190 1773 2248 vidissent
1801 2183 1915 2258 (a)?
1934 2181 2073 2249 Quid

481 2302 652 2358 vero?
676 2311 854 2355 nonne
877 2295 1091 2352 illorum
1121 2289 1355 2346 furorem
1378 2276 1868 2350 consumpserunt?
1895 2288 2075 2332 nonne

481 2399 537 2452 in
565 2397 711 2465 ipsos
734 2389 898 2444 animi
934 2383 1233 2456 angustiam
1281 2375 1652 2442 retorserunt?
1684 2386 1860 2434 nonne
1892 2369 1966 2428 illi
1991 2367 2076 2422 fu-

483 2459 607 2544 rore
633 2494 689 2543 et
712 2492 858 2539 metu
886 2478 1125 2536 omnium
1147 2473 1378 2534 maxime
1409 2465 1763 2530 tenebantur?
1794 2477 1972 2520 nonne
2001 2459 2076 2518 illi

483 2580 627 2635 anxii
650 2585 823 2641 erant,
845 2571 1110 2628 timebant
1127 2560 1573 2632 tremebantque?
1597 2557 1730 2614 Audi
1755 2556 1872 2614 illos
1893 2552 2076 2612 dicen-

484 2683 568 2727 tes
613 2688 624 2724 :
683 2667 848 2722 Vultis
887 2663 1128 2717 inducere
1173 2672 1328 2727 super
1379 2669 1472 2712 nos
1517 2648 1820 2720 sanguinem
1861 2643 2079 2704 hominis

483 2765 630 2819 istius
661 2760 800 2830 (Act.
827 2758 881 2812 5.
913 2754 1027 2824 98).

557 2851 883 2924 Comparatio
913 2844 1265 2918 apostolorum
1291 2857 1407 2896 cum
1435 2835 1776 2909 philosophis.
1803 2863 1875 2876 -—
1899 2831 2083 2899 Quod-

488 2963 592 3019 que
613 2942 859 3000 mirabile
879 2947 988 3004 est,
1006 2934 1235 3007 apostoli
1255 2931 1572 2988 nudiaciem
1600 2925 1935 2984 instruebant
1953 2938 2085 2979 con-

491 3014 574 3095 tra
595 3044 853 3097 armatos,
876 3039 1063 3086 contra
1087 3024 1355 3098 principes
1376 3021 1431 3078 in
1460 3035 1519 3076 se
1538 3025 1859 3090 potestatem
1884 3014 2085 3069 haben-

493 3146 579 3189 tes
608 3127 837 3199 imperiti
864 3141 881 3190 ;
905 3124 1165 3192 elingues,
1197 3117 1396 3180 idiotas,
1429 3122 1615 3170 contra
1646 3110 2083 3182 praestigiatores,

491 3227 833 3293 deceptores,
855 3213 1126 3286 sopbistas
1158 3210 1379 3275 multos,
1411 3206 1678 3270 rhetoras,
1710 3199 2087 3272 philosophos,

493 3321 586 3390 qui
632 3319 687 3372 in
724 3309 1012 3370 Academia
1057 3316 1112 3362 et
1156 3301 1294 3374 apud
1344 3298 1730 3368 Peripateticos
1782 3293 2086 3364 putrefacti,

496 3388 772 3465 instabant
815 3413 871 3460 et
911 3397 1240 3473 pugnabant.
1275 3393 1340 3448 Et
1372 3392 1439 3459 is,
1470 3389 1559 3460 qui
1586 3388 1730 3443 circa
1756 3394 1942 3456 stagna
1971 3399 2090 3438 vor-

497 3514 648 3559 salus
669 3511 886 3567 semper
916 3492 1110 3553 fuerat,
1140 3489 1211 3542 ita
1243 3485 1365 3546 illos
1389 3480 1700 3552 superavit,
1733 3493 1797 3534 ac
1825 3478 1869 3534 si
1900 3485 2088 3532 contra

500 3604 678 3651 mutes
700 3593 874 3664 pisces
896 3596 1172 3643 certamen
1207 3577 1482 3650 habuisset
1504 3589 1664 3630 :vere
1701 3571 1844 3632 enim
1866 3612 1880 3638 ,
1908 3579 1966 3624 ut
2005 3569 2090 3640 pi-

499 3696 679 3745 scator
703 3660 840 3739 voce
865 3677 1154 3736 destitutos
1194 3671 1401 3742 pisces,
1437 3667 1558 3723 illos
1585 3664 1804 3726 devicit.
1846 3661 1916 3720 Et
1939 3660 2091 3716 Plato

527 3782 611 3845 ile,
642 3777 732 3849 qui
761 3785 869 3829 tam
897 3771 1064 3833 multa
1094 3773 1322 3835 nugatus
1346 3768 1462 3826 est,
1505 3758 1671 3817 tacuit
1691 3769 1709 3814 :
1733 3754 1820 3812 hic
1846 3768 1975 3808 vero
2004 3752 2088 3807 lo-

500 3844 678 3942 quitur
723 3883 831 3924 non
875 3863 1037 3921 modo
1079 3854 1360 3923 suis,sed
1405 3852 1566 3909 etiam
1614 3847 1860 3911 Parthis,
1889 3844 2093 3911 Medis,

485 3936 770 4026 iitamitis,
795 3967 852 4015 et
876 3956 1042 4022 indis,
1076 3951 1274 4020 ubique
1301 3957 1586 4010 terrarum,
1615 3949 1671 3997 et
1696 3954 1866 4009 usque
1885 3936 1953 3993 ad
1981 3945 2091 3994 ter-

503 4060 680 4116 minos
704 4055 873 4112 orbis.
889 4050 994 4108 Ubi
1018 4041 1394 4103 nuneGratcia:
1418 4040 1589 4094 fastus—
1606 4035 1720 4091 ille?
1743 4032 1832 4093 ubi
1857 4031 2097 4092 Athena.

503 4168 623 4209 rum
674 4144 906 4206 nomen?
952 4141 1043 4198 ubi
1085 4132 1528 4210 philosophorum
1567 4123 1963 4184 deliramenta?
2005 4121 2098 4177 Ille

503 4245 774 4306 Galilmus,
812 4239 901 4295 ille
927 4252 994 4293 ex
1023 4229 1333 4295 Bethsaida,
1363 4225 1457 4281 ille
1487 4222 1720 4278 rusticus
1745 4218 1879 4274 istos
1905 4228 2096 4274 omnes

479 4338 797 4410 superavit.
845 4332 965 4388 Non
1014 4323 1333 4383 erubescitis
1355 4361 1370 4383 ,
1399 4331 1585 4389 quatso
1606 4357 1621 4382 ,
1652 4313 1738 4368 vel
1767 4311 1840 4370 de
1877 4308 2097 4368 nomine

508 4434 695 4508 patriae
721 4431 838 4501 ejus
857 4469 870 4492 ,
901 4424 991 4495 qui
1022 4436 1117 4476 vos
1144 4415 1374 4474 devicit?
1399 4412 1457 4468 Si
1485 4423 1614 4466 vero
1639 4420 1833 4463 nomen
1865 4403 1983 4474 ejus
2005 4416 2104 4456 au-

509 4492 1131 4591 dieritis,'quod—nempe
1156 4508 1368 4578 Cephas
1388 4509 1676 4560 vocaretur
1692 4539 1708 4564 ,
1736 4495 1908 4552 multo
1933 4492 2102 4562 magis

513 4635 612 4677 vos
642 4584 890 4687 pudebit.
923 4607 1036 4664 Hoc
1059 4603 1256 4676 quippe
1281 4615 1399 4664 vos,
1426 4597 1550 4663 hoe,
1584 4593 1821 4662 inquam,
1849 4584 2099 4658 perdidit,

514 4678 659 4785 quod
677 4704 1073 4774 simplicitatem
1097 4695 1372 4769 probrum,
1394 4685 1756 4758 eloquentiam
1778 4678 2103 4737 laudabilem

514 4769 636 4864 esse
657 4769 876 4874 putatis.
895 4793 1014 4851 Non
1036 4805 1140 4862 qua
1159 4789 1242 4844 via
1265 4781 1501 4856 oportuit
1517 4776 1770 4840 venistis;
1790 4772 1882 4848 sed
1905 4769 2106 4828 omissa

517 4865 721 4967 regali,
763 4888 907 4946 facili
937 4893 993 4941 et
1032 4883 1190 4952 plana
1216 4877 1298 4932 via
1322 4916 1340 4940 ,
1383 4884 1629 4941 asperam
1648 4909 1664 4934 ,
1683 4871 2024 4935 praeruptam
2053 4865 2109 4914 et

414 5032 422 5037 -
516 4953 788 5048 leﬁcilem
815 4978 1064 5039 tenuistis
1093 4993 1107 5030 :
1135 4973 1363 5042 ideoque
1395 4981 1500 5021 non
1544 4957 1868 5033 pervenistis
1896 4953 1969 5011 ad
2016 4967 2108 5011 rc-

516 5097 680 5160 gnum
711 5079 988 5136 caelorum.

549 5219 624 5289 (α)
645 5211 961 5280 llunclocum
980 5217 1075 5254 non
1103 5201 1170 5289 itla
1189 5195 1456 5258 intelligas,
1482 5191 1638 5253 inquit
1662 5182 1846 5261 atomi,
1863 5180 1971 5231 acsi
1997 5190 2114 5254 arp-

577 5285 604 5289 “
644 5282 656 5289 '
799 5275 850 5289 "‘
871 5273 882 5289 ³
908 5269 1040 5289 -““-·¹“
1061 5275 1135 5289 ’νη-
1160 5275 1182 5289 εε
1209 5274 1305 5289 ἰιι-ι
1331 5257 1490 5289 msalc
1505 5254 1759 5289 congerunt
1777 5280 1792 5289 .
1812 5257 1961 5289 annm
1982 5255 2028 5289 ει
2061 5254 2113 5289 ιη

522 5251 624 5335 iiii’
644 5251 1307 5335 “sivid‘illatauiatannon
1331 5251 1792 5335 maglsjsenserin‘tr,
1812 5257 1961 5335 qua‘m
1982 5255 2028 5291 st
2061 5251 2113 5291 in

1337 5327 1348 5335 .
1373 5333 1378 5335 Α
1419 5331 1467 5335 η
1525 5328 1593 5335 Μ
1619 5319 1723 5335 ,ΜΛ
1767 5320 1899 5335 ,ΜΝ
1919 5318 1999 5335 nm
2026 5317 2113 5335 mh

903 5305 1382 5397 ii'étirﬁiaiéééni;
1405 5305 1504 5370 ξω
1524 5316 1596 5397 sic
1615 5305 2000 5397 [intelli‘gqndphm
2025 5317 2114 5397 po:

1221 5392 1231 5397 -
1263 5382 1331 5397 '“7
1369 5393 1464 5397 -γ--η
1493 5378 1531 5397 -ε
1574 5377 1584 5397 ε
1649 5387 1718 5397 ,..,.
1777 5385 1821 5397 ..ς
1846 5381 1901 5397 Δ..
1971 5379 2028 5397 ,ιη
2055 5379 2084 5397 η

732 5367 1469 5459 igéiiéﬁé'dli'é'diruendae
1492 5377 1588 5459 sibi
1614 5372 1748 5459 _(_sic)
1776 5367 2116 5459 iig‘llenrgb‘apt‘pr

525 5487 764 5580 ῑίἓὲέιῑιΐῗ
778 5487 929 5577 ῗιὲιῖῗδ
1552 5510 1704 5580 ρειεεη
1725 5487 2116 5580 ρρξῖιέιξηξξίπ

1464 5615 2110 5713 Ῑιιιηυείξᾲέιέεοβιὲξκξιξιξ,

1459 5700 1563 5767 esse
1589 5676 2116 5767 τηεηιςηξᾶςέἏωξξο

531 5747 1064 5830 ῖῖἱέῖἐὲῧεὶἵᾶὅοὲὖῐόὲ
1077 5747 1246 5830 auria
1268 5747 2122 5830 testamentis}satietati?

536 5761 623 5834 uti,
635 5770 815 5827 scilicet
833 5761 1064 5830 apostolos
1088 5761 1246 5809 ornata
1268 5762 1480 5820 terrena,
1501 5761 1663 5858 utpote
1687 5761 1984 5814 uariatum,
2008 5761 2116 5808 euu-

536 5837 814 5886 temnwtes,
840 5840 934 5878 non
967 5821 1118 5887 nugis
1143 5820 1204 5887 de
1244 5814 1386 5887 matis
1417 5811 1510 5862 sibi

536 5859 814 5886 ιωηημιωο,
841 5859 934 5878 noun
969 5859 1118 5884 uua-3w
1143 5859 1203 5868 νυ-
1245 5859 1383 5866 nm---
1421 5859 1457 5862 ν-
1500 5859 1504 5860 ν
1535 5859 1543 5861 .
1705 5859 1714 5868 ,
1967 5859 1977 5868 _

532 5911 677 5958 quam
723 5890 766 5944 si
796 5891 923 5942 inter
949 5879 1285 5936 sonmiandum
1320 5876 1407 5928 itta
1443 5871 1601 5935 specie
1638 5874 1822 5920 tantum
1845 5873 1978 5928 passa
1998 5859 2120 5922 {uis-

533 5964 653 6010 sent.

2236 517 2289 571 4.
2333 513 2532 569 Eadem
2553 518 2868 588 comparatio
2892 519 3185 590 peragitur.
3204 551 3274 560 —
3300 520 3438 590 Quid
3481 524 3646 597 ergo?
3663 528 3751 581 in.

2164 609 2348 681 quies;
2379 626 2478 666 cur
2506 625 2614 666 non
2643 611 2694 666 in
2743 611 2963 670 Platone
2989 623 3046 670 et
3074 615 3126 672 in
3160 616 3463 688 Pythagora
3494 632 3754 690 operatus

2165 712 2247 756 est
2273 701 2545 761 Christus?
2575 703 2705 774 Quia
2734 704 2878 760 Petri
2906 722 3063 776 quam
3112 708 3322 764 illorum
3378 728 3529 770 mens
3581 716 3756 768 multo

2163 795 2364 850 eratad
2394 794 2783 871 philosophiam
2809 797 3004 867 aptior.
3030 799 3109 856 Illi
3141 817 3370 872 namque
3393 818 3543 874 pueri
3572 814 3758 873 erant,

2167 887 2364 958 ubique
2413 887 2480 942 ad
2529 888 2740 944 inanem
2768 888 2993 960 gloriam
3023 894 3268 948 conversi
3301 910 3314 947 :
3346 894 3433 948 hic
3461 903 3638 950 autem
3674 897 3757 950 vir

2165 981 2513 1052 philosophus
2539 991 2674 1048 erat,
2698 992 2751 1038 et
2770 985 2955 1054 gratia:
2976 998 3171 1054 capax.
3195 986 3347 1056 Quod
3375 987 3418 1042 si
3449 988 3534 1042 his
3555 988 3760 1044 auditis

2166 1073 2364 1138 rideas,
2389 1073 2519 1130 nihil
2543 1074 2767 1140 mirum;
2795 1076 3228 1148 quandoquidem
3251 1090 3304 1138 et
3338 1079 3412 1136 illi
3438 1058 3575 1136 tunc
3601 1081 3753 1134 ride-

2166 1164 2314 1232 bant,
2338 1181 2539 1240 eosque
2564 1177 2740 1222 musto
2761 1167 2947 1242 plenos
2967 1182 3091 1224 esse
3107 1168 3392 1238 dicebant;
3418 1172 3513 1227 sed
3543 1182 3757 1244 postea,

2165 1269 2286 1316 eum
2316 1256 2429 1314 dira
2461 1258 2546 1312 illa
2582 1267 2639 1314 et
2680 1259 3030 1320 acerbissima
3061 1260 3203 1330 passi
3243 1271 3403 1330 sunt,
3432 1279 3552 1319 cum
3582 1279 3760 1334 expu-

2167 1357 2384 1416 gnatam
2413 1348 2598 1406 urbem
2626 1349 2914 1420 viderunt,
2947 1352 3230 1408 incensum
3261 1354 3478 1426 ignem,
3510 1355 3759 1428 dejeetos

2168 1453 2376 1508 muros,
2407 1440 2632 1512 illasque
2654 1444 3014 1513 calamitates,
3043 1462 3164 1520 quae
3190 1462 3350 1504 nemo
3373 1449 3541 1518 possit
3568 1465 3764 1503 recen-

2169 1546 2326 1600 sere,
2361 1550 2467 1591 non
2511 1535 2650 1595 ultra
2697 1535 2966 1598 ridebant.
3017 1536 3094 1592 Ita
3133 1548 3188 1598 et
3213 1555 3309 1599 vos
3349 1555 3454 1594 non
3488 1540 3757 1603 ridebitis,

2171 1639 2294 1681 cum
2317 1625 2506 1697 judicii
2537 1628 2555 1659 ί
2586 1637 2795 1699 tempus
2822 1629 3136 1698 advenerit,
3183 1647 3304 1688 cum
3331 1631 3591 1702 gebcunze
3620 1632 3766 1701 ignis

2147 1724 2433 1774 'accensus
2457 1717 2633 1776 fuerit.
2658 1720 2764 1776 Sed
2790 1736 2886 1778 cur
2909 1722 2977 1778 de
3001 1721 3196 1777 futuris
3222 1724 3436 1794 loquor?
3459 1724 3548 1779 Vis
3573 1735 3765 1780 osten-

2173 1810 2422 1914 damtihi
2452 1813 2571 1884 quis
2595 1814 2665 1874 sit
2692 1814 2904 1883 Petrus,
2931 1816 3052 1887 quis
3080 1815 3278 1875 Plato?
3307 1817 3521 1872 Illorum
3553 1833 3761 1884 mores,

2174 1903 2220 1958 si
2271 1902 2518 1969 videtur.
2548 1906 2954 1977 expendamus,
3003 1906 3384 1979 videamusque
3430 1909 3554 1976 quid
3603 1911 3770 1964 ambo

2174 1995 2460 2097 gesserint.
2490 1997 2586 2056 llic
2609 2006 2773 2058 totam
2791 2000 3125 2074 consumpsit
3152 2001 3317 2058 vitam
3347 2004 3489 2058 circa
3514 2002 3772 2071 dogmata

2175 2087 2382 2146 inutilia
2413 2097 2468 2142 et
2496 2102 2918 2158 supervacanea.
2960 2090 3097 2158 Quid
3129 2091 3273 2146 enim
3323 2091 3540 2161 prodest
3589 2095 3769 2158 scire,

2176 2178 2320 2281 quod
2349 2180 2526 2239 anima
2557 2180 2861 2252 philosophi
2888 2196 3068 2238 musca
3098 2183 3221 2240 ﬂat?
3250 2183 3388 2238 Vere
3416 2199 3622 2250 innsca,
3657 2203 3774 2239 non

2177 2274 2232 2331 in
2261 2288 2502 2332 muscam
2544 2283 2747 2330 mutata
2795 2274 2928 2346 fuit,
2963 2275 3056 2332 sed
3102 2277 3325 2332 accessit
3357 2278 3424 2334 ad
3451 2279 3684 2338 animam
3718 2283 3782 2334 int

2180 2364 2405 2427 Platone
2450 2368 2802 2426 habitantem.
2837 2368 2968 2438 Quae
3013 2385 3168 2442 nugae
3217 2371 3301 2426 his
3345 2374 3782 2442 comparandm?

2181 2459 2324 2518 unde
2369 2461 2496 2515 talia
2524 2460 2735 2518 ell‘utire
2783 2463 2834 2517 in
2884 2472 3122 2518 mentem
3167 2463 3348 2524 venit?
3379 2465 3550 2523 lronia
3582 2467 3786 2538 plenus

2181 2551 2262 2610 vir
2288 2560 2402 2607 erat
2426 2593 2440 2617 ,
2466 2563 2521 2606 et
2544 2552 2800 2608 adversus
2826 2569 3014 2610 omnes
3045 2555 3306 2627 zelotypia
3338 2555 3632 2612 laborabat.
3661 2557 3779 2613 Ita-

2182 2659 2287 2714 que
2313 2644 2461 2716 quasi
2492 2645 2733 2702 studeret
2765 2646 2816 2705 in
2848 2645 2971 2715 hoc,
2994 2656 3054 2705 ut
3079 2661 3178 2704 nec
3197 2664 3265 2706 ex
3289 2664 3431 2717 sese,
3456 2666 3554 2706 nec
3575 2651 3642 2706 ab
3663 2653 3781 2706 alio

2183 2736 2467 2812 quicquam
2494 2736 2711 2796 all'erret
2734 2739 2901 2794 utile:
2924 2741 3003 2795 sic
3022 2739 3089 2796 ab
3111 2741 3216 2795 alio
3238 2743 3785 2815 metempsychosim,

2185 2844 2212 2881 a
2232 2845 2288 2882 se
2312 2829 2696 2904 rempublicam
2721 2831 2772 2885 in
2805 2831 3039 2887 medium
3056 2833 3257 2898 attulit,
3281 2833 3372 2888 ubi
3396 2836 3576 2890 multa:
3603 2837 3776 2908 ωνρὶο

2187 2922 2388 2977 tudinis
2404 2923 2548 2992 leges
2573 2924 2811 2992 protulit.
2826 2922 3170 2990 Communes,
3189 2926 3380 2997 inquit,
3411 2935 3570 2982 sunto
3587 2929 3783 2984 molle

2189 3031 2276 3070 res
2299 3058 2314 3082 ,
2359 3016 2516 3078 nuda:
2552 3017 2788 3087 virgines
2827 3017 2928 3075 sub
2953 3019 3126 3075 oculis
3152 3021 3444 3077 amantium
3475 3021 3746 3077 luctantor
3765 3064 3790 3094 ,

2187 3122 2503 3165 communes
2531 3117 2690 3166 sunto
2719 3120 2772 3172 et
2815 3121 3066 3183 parentes
3096 3120 3150 3167 et
3199 3112 3314 3167 lilii.
3347 3112 3520 3180 Quam
3550 3113 3665 3168 htcc
3693 3113 3786 3167 in-

2187 3203 2392 3258 saniam
2426 3218 2532 3259 non
2573 3205 2870 3274 superant?
2911 3204 3060 3262 Talia
3091 3214 3215 3263 sunt
3253 3221 3317 3263 ea
3337 3246 3355 3274 ,
3382 3223 3502 3278 quq:
3531 3207 3597 3262 ad
3628 3207 3794 3262 illum

2189 3305 2453 3365 spectant.
2489 3296 2584 3352 Hic
2614 3312 2776 3367 porro
2801 3312 2909 3357 non
2938 3309 3132 3358 natura
3159 3313 3473 3355 communes
3503 3308 3678 3370 patres
3703 3297 3792 3352 ef—

2193 3388 2303 3443 ficit
2324 3432 2338 3455 ,
2367 3391 2460 3452 sed
2489 3390 2634 3448 Petri
2667 3391 3006 3462 philosophia
3039 3407 3052 3444 :
3085 3407 3207 3446 nam
3243 3390 3372 3446 illud
3413 3391 3651 3446 Platonis
3695 3391 3792 3446 hic

2184 3484 2426 3567 sustulit.
2465 3483 2605 3540 Nihil
2634 3483 2778 3540 enim
2821 3485 2966 3541 aliud
3008 3486 3101 3544 ille
3127 3484 3431 3551 efficiebat,
3476 3485 3577 3538 nisi
3609 3494 3666 3540 ut
3692 3485 3786 3554 qui

2193 3589 2348 3649 pater
2372 3587 2488 3634 erat
2518 3578 2873 3648 ignoraretur,
2902 3587 2957 3636 et
2985 3579 3077 3650 qui
3109 3594 3214 3636 non
3247 3589 3363 3634 erat
3395 3578 3746 3638 induceretur
3772 3595 3790 3633 :

2193 3685 2356 3745 atque
2405 3677 2456 3734 in
2500 3675 2815 3732 ebrietatem
2851 3673 3135 3745 quamdam
3185 3682 3241 3730 et
3289 3672 3343 3727 in
3389 3671 3794 3744 sterquilininm

2195 3769 2429 3843 conjecit
2447 3770 2704 3830 animam.
2727 3768 2948 3834 Omnes,
2973 3769 3168 3840 inquit,
3197 3767 3509 3822 mulieribus
3530 3765 3796 3820 audacter

2196 3870 2434 3916 utuntor.
2464 3859 2589 3917 Ideo
2611 3870 2885 3932 poetarum
2906 3859 3156 3931 dogmata
3179 3873 3284 3914 non
3311 3857 3553 3928 exploro,
3581 3871 3649 3911 ne
3670 3855 3796 3926 quis

2199 3953 2346 4012 dicat
2388 3967 2476 4009 me
2523 3952 2730 4010 fabulas
2756 3952 3075 4023 esplorare,
3105 3950 3201 4008 sed.
3228 3951 3360 4006 alias
3388 3948 3551 4006 affero
3584 3946 3797 4008 fabulas

2202 4047 2429 4120 poeticis
2457 4047 2614 4116 longe
2642 4045 2812 4115 magis
2851 4044 3125 4102 ridiculas.
3153 4042 3382 4100 Ubinam
3411 4039 3537 4116 quid
3569 4040 3640 4094 ita
3669 4053 3803 4109 pro-

2202 4113 2469 4213 digiosum
2496 4113 2816 4196 invenerunt
2845 4138 3060 4207 poene?
3087 4136 3192 4193 Sed
3219 4136 3289 4202 is,
3323 4134 3410 4205 qui
3442 4113 3802 4204 philosopho-

2202 4251 2318 4294 rum
2350 4235 2600 4304 princeps
2621 4230 2939 4297 habebatur,
2966 4244 3114 4288 arma
3142 4226 3456 4282 mulieribus
3482 4224 3802 4291 circumpo-
3825 4271 3838 4288 ,
3865 4233 3870 4238 '

2203 4329 2317 4395 nit,
2345 4326 2585 4383 cassides
2609 4365 2625 4390 ,
2655 4338 2842 4380 ocreas
2863 4365 2878 4389 ,
2911 4337 3010 4380 nec
3036 4319 3321 4393 quidquam
3355 4317 3488 4372 dicit
3516 4314 3801 4369 hominum

2205 4437 2374 4496 genus
2403 4436 2434 4476 a
2463 4420 2687 4483 canibus
2719 4417 2966 4473 differre:
3010 4415 3144 4483 Quia
3185 4396 3326 4468 enim
3350 4451 3364 4478 ,
3411 4408 3616 4480 in'quit,
3645 4406 3804 4460 canis

2206 4516 2408 4575 femina
2433 4523 2488 4570 et
2517 4528 2633 4570 mas
2658 4509 3060 4571 cummunicent
3090 4507 3143 4564 in
3173 4505 3325 4564 factis
3353 4546 3367 4568 .
3397 4498 3806 4558 communicent

2208 4619 2265 4670 et
2291 4608 2568 4676 mulieres,
2597 4614 2759 4675 atque
2787 4602 2968 4660 omnia
2995 4614 3090 4662 sus
3115 4598 3291 4667 deque
3320 4602 3614 4652 vertantur.
3642 4589 3808 4645 Sem-

2211 4720 2308 4776 per
2334 4703 2476 4758 enim
2511 4716 2606 4772 per
2643 4699 2766 4753 illas
2807 4696 2910 4750 hoc
2955 4694 3063 4766 egit
3091 4689 3334 4750 diabolus
3355 4728 3373 4756 ,
3406 4695 3464 4742 ut
3489 4683 3811 4742 ostenderet

2211 4811 2380 4868 genus
2409 4801 2651 4848 nostrum
2697 4803 2806 4844 non
2852 4784 3135 4858 pretiosius
3162 4795 3282 4837 esse
3311 4777 3483 4834 brutis
3511 4793 3524 4829 :
3557 4771 3807 4845 quando-

2213 4885 2433 4959 quidem
2459 4881 2702 4938 nonuulli
2727 4881 2779 4934 in
2803 4887 2910 4936 tant
2939 4873 3227 4934 absurdam
3253 4881 3306 4926 et
3329 4885 3517 4924 vanam
3541 4877 3814 4920 venerunt

2215 4979 2564 5051 Opinionem.
2593 4983 2651 5029 ut
2697 4973 2940 5028 dicerent
2970 4969 3124 5025 bruta
3169 4963 3416 5020 animalia
3466 4955 3813 5015 rationabilia

2214 5091 2357 5133 esse.
2392 5074 2457 5130 Et
2485 5071 2612 5126 vide
2635 5111 2649 5133 ,
2681 5082 2841 5138 quam
2881 5064 3027 5120 varie
3060 5061 3117 5120 in
3145 5059 3427 5118 animabus
3472 5053 3684 5110 illorum
3713 5049 3814 5106 de-

2217 5168 2510 5230 bacchatus
2533 5164 2622 5219 sit.
2653 5161 2869 5217 lllorum
2893 5168 3148 5228 proceres
3169 5151 3423 5207 dixerunt
3449 5147 3682 5206 animam
3708 5159 3815 5197 no-

2218 5272 2383 5320 stram
2429 5258 2482 5315 in
2516 5268 2728 5310 muscas
2758 5260 2814 5308 et
2851 5261 3012 5306 canes
3060 5254 3114 5302 et
3144 5243 3298 5298 bruta
3331 5236 3526 5294 mutari
3561 5234 3811 5288 :hornin

2221 5365 2563 5412 successores
2588 5346 2713 5400 hinc
2739 5343 2942 5414 pudore
2973 5337 3149 5394 affecti
3180 5337 3232 5390 in
3264 5333 3424 5390 aliam
3451 5327 3656 5396 delapsi
3686 5333 3818 5378 sunt

2221 5443 2628 5515 turpitudinem,
2660 5432 3034 5492 rationabilem
3083 5440 3298 5484 omnem
3331 5420 3608 5477 scientiam
3643 5414 3817 5469 brutis

2223 5535 2706 5598 communicantes,
2735 5537 2790 5582 et
2820 5527 3019 5593 ubique
3051 5527 3419 5578 monstrantes
3445 5527 3509 5566 ea
3541 5523 3657 5575 qua:
3687 5520 3815 5574 pro—

2226 5644 2346 5707 pter
2378 5646 2478 5687 nos
2507 5631 2641 5684 iacta
2682 5630 2836 5687 sunt,
2869 5619 3025 5678 nobis
3050 5629 3175 5673 esse
3207 5605 3602 5682 prmstautiora.
3633 5599 3819 5664 Neque

2229 5692 2330 5782 hoc
2361 5730 2598 5785 tantum,
2629 5715 2726 5772 sed
2752 5713 2914 5773 etiam
2959 5703 3355 5780 praescicutiam
3398 5706 3450 5754 et
3497 5692 3818 5763 religionem

2353 5909 2460 5958 Duo
2483 5911 2589 5954 Mss.
2617 5901 2807 5959 legunt,
2835 5890 3082 5958 geheunw,
3109 5898 3215 5951 pro,
3245 5875 3445 5948 judicii.
