4092 6460
338 431 420 489 ιτ
1306 423 1375 478 IN
1413 421 1598 480 ACTA
1637 389 2182 476 AposroLonUM.
2225 416 2456 477 nomL.
2493 420 2581 478 ιν.
3540 434 3610 490 ,ε
3655 403 3668 459 τ
3710 433 3724 444 -

334 543 595 601 πυκτεύοι
614 560 630 574 ο
664 542 803 596 οὕτω
828 541 895 613 δὴ
916 543 1014 612 καὶ
1035 536 1181 598 οῦτοι
1207 539 1424 606 τούτους
1458 539 1756 612 προσίεσαν
1785 532 1925 608 μετά

333 634 542 703 πολλῆς
569 633 670 704 τῆς
699 631 972 703 ἀνδρείας.
1009 632 1076 685 Τί
1101 630 1210 704 γὰρ
1229 631 1423 694 αὐτοὺς
1443 629 1644 700 ἔϐλαψε
1664 627 1726 681 τδ
1745 624 1926 682 τοσοῦ·

332 740 429 777 τον
453 721 690 792 πλῆθος
720 721 856 775 Εἰπέ
883 720 994 792 γάρ
1032 737 1145 792 μοι,
1177 719 1298 790 οὐχὶ
1327 719 1498 791 πενίᾳ
1529 719 1796 790 ἐμάχοντο
1827 716 1921 770 καὶ

329 810 516 881 mna;
546 810 675 882 οὐχὶ
709 811 905 880 ἀτιμίᾳ
947 810 1044 864 καὶ
1075 809 1200 883 δόξῃ
1227 809 1476 880 πονηρᾷς
1536 807 1757 879 (πλάνοι
1815 805 1924 876 γὰρ

332 896 472 954 εἰναι
496 899 871 971 ἐνομίζοντοο)
907 899 1029 970 οῦχί
1056 899 1252 968 γέλωτι
1283 900 1377 954 καὶ
1398 899 1564 971 χλεύῃ
1591 897 1698 951 τῶν
1726 896 1926 968 παρόν-

331 1006 441 1043 1των
486 989 821 1054 ὗπέκειντο;
871 988 988 1040 Ἐπ’
1032 989 1211 1043 αὐτῶν
1252 987 1362 1060 γάρ
1401 987 1469 1042 τὰ
1520 987 1756 1058 ἑκάτερα
1799 1002 1926 1040 συν-

333 1078 585 1131 ἔπιπτεν·
607 1079 662 1130 οἰ
688 1078 787 1148 μὲν
811 1076 921 1150 γὰρ
948 1078 1146 1142 αὐτοὺς
1180 1077 1405 1146 ἐγέλων,
1430 1077 1476 1130 οἰ
1505 1076 1562 1130 δὲ
1591 1076 1684 1130 καὶ
1709 1074 1926 1144 ἐχλεύα-

333 1165 447 1229 ζον.
481 1165 622 1234 Οὐχὶ
654 1165 867 1236 θυμοῖς,
897 1165 1016 1236 οὐχὶ
1053 1165 1270 1236 μανίαις
1296 1177 1321 1205 a
1354 1163 1664 1235 ὁλοκλήρων
1693 1163 1923 1242 πόλεων,

332 1254 455 1324 ούχί.
489 1255 718 1308 στάσεσι
761 1256 855 1308 καὶ
897 1255 1207 1320 ἐπιϐουλαῖς
1240 1255 1585 1327 προέκειντο·;
1623 1254 1746 1324 οὐχ).
1788 1253 1926 1324 πυρὶ

334 1342 428 1396 καὶ
454 1343 683 1414 σιδήρῳ,
707 1344 803 1396 καὶ
832 1342 1076 1414 θηρίοις;
1105 1342 1224 1413 οὐχὶ
1255 1341 1516 1396 πάντοθεν
1541 1342 1738 1404 αὐτοὺς
1763 1341 1793 1382 b
1825 1357 1926 1410 μυ-

335 1432 454 1503 ρίος
507 1433 887 1506 περιειστήκει
936 1433 1206 1504 πόλεμος;
1263 1433 1384 1502 οὐχὶ
1431 1432 1508 1496 ὡς
1571 1432 1704 1503 δναρ
1750 1429 1923 1484 ταῦτα

331 1520 572 1591 ὁρῶντες
612 1521 684 1574 τὰ
715 1520 863 1574 δεινά
896 1521 928 1592 ἦ
976 1523 1034 1574 ἐν
1073 1524 1281 1592 γραφῇ,
1327 1520 1468 1574 οὕτω
1507 1519 1800 1584 διέκειντο;
1857 1517 1928 1571 Τί

333 1609 449 1675 δαί;
478 1611 584 1663 οὐκ
617 1610 902 1664 ἀνάλωσαν
928 1611 1105 1665 αὐτῶν
1131 1611 1258 1678 τοὺς
1290 1610 1492 1681 θυμούς
1517 1628 1530 1676 ;
1562 1611 1662 1664 οῦκ
1692 1612 1772 1673 εἰς
1803 1612 1924 1664 ἐαυ-

333 1700 460 1762 τοῦς
493 1700 596 1771 τὴν
619 1700 853 1773 ἀπορίαν
882 1701 1245 1772 περιέτρεψαν
1271 1720 1286 1768 ;
1317 1701 1437 1770 οὐχὶ
1463 1701 1556 1754 καὶ
1599 1699 1777 1772 θυμῷ,
1826 1700 1922 1755 καί¹

331 1786 438 1844 δέει
470 1789 698 1846 πάντων
727 1791 960 1861 μάλιστα
981 1793 1176 1848 ἐκεῖνοι
1207 1791 1544 1861 συνείχοντο;
1573 1787 1696 1860 οὐχὶ
1720 1788 1924 1857 ἐναγώ-

331 1895 435 1934 νιοι
471 1873 638 1949 ἦσαν,
679 1884 770 1936 καί⁵
811 1882 1122 1952 ἐφοϐοῦντο,
1155 1882 1250 1936 καὶ
1276 1881 1545 1953 ἐτρεμον;
1579 1881 1779 1934 Ἀκουε
1815 1879 1922 1959 γὰρ

332 1967 521 2022 αὐτῶν
559 1967 827 2036 λεγόντων
851 1983 866 1999 ⁸
901 1969 1110 2026 Θέλετε
1159 1969 1480 2042 ἐπαγαγεῖν
1521 1967 1614 2038 ἐφ’
1653 1966 1810 2037 ’ἡμᾶς
1853 1966 1920 2022 τὸ

330 2053 478 2125 αἷμα
509 2055 619 2111 τοῦ
655 2057 965 2126 ἀνθρώπου
985 2059 1222 2114 τούτου.

399 2145 521 2198 Καὶ
542 2145 604 2198 τὸ
633 2145 962 2216 θαυμαστὸν,
994 2146 1073 2200 ὅτι
1095 2143 1286 2216 γυμνῷ
1310 2144 1389 2216 τῷ
1423 2144 1634 2215 σώματι
1657 2143 1924 2214 παρετάτ-

329 2249 490 2289 τοντο
524 2233 663 2304 πρὸς
693 2233 1090 2305 ὡπλισμένους,
1121 2233 1258 2304 πρὸς
1285 2232 1554 2304 ἄρχοντας
1580 2231 1722 2286 κατά
1741 2231 1922 2289 αὐτῶν

330 2325 564 2397 ἔχοντας
588 2323 858 2388 ἐξουσίαν,
891 2323 1131 2394 ἄπειροι,
1179 2321 1467 2390 ἀγλωττοι,
1509 2322 1604 2374 καί
1640 2319 1923 2378 ἰδιωτικῶ-

327 2432 492 2486 τερον
528 2409 880 2482 διακείμενοι,
913 2411 1049 2483 πρὸς
1078 2410 1299 2483 γόητας,
1329 2410 1466 2480 πρὸς
1497 2409 1754 2477 πλάνους,
1785 2409 1923 2483 πρὸς

331 2500 629 2571 σοφιστῶν,
665 2501 800 2570 πρὸς
828 2499 1070 2571 ρητόρων
1109 2496 1249 2570 [58],
1295 2498 1433 2569 πρὸς
1456 2497 1759 2568 φιλοσόφων
1788 2497 1924 2569 πλῆ-

331 2591 444 2654 θος,
481 2589 596 2643 τῶν
629 2586 1054 2642 κατασαπέντων
1086 2587 1144 2639 ἐν
1186 2585 1493 2657 Ἀκαδημίᾳ
1538 2587 1633 2641 καὶ
1676 2587 1921 2658 Περιπά-

329 2696 468 2742 τοις,
511 2675 794 2730 ἐνίσταντό
839 2692 899 2729 τε
949 2675 1044 2729 καὶ
1075 2675 1426 2746 ἀπεμάχοντο
1463 2685 1510 2728 α.
1565 2674 1675 2728 Καὶ
1720 2676 1748 2728 6
1792 2673 1922 2745 περὶ

329 2766 536 2836 λίμνας
580 2763 951 2835 ήσχολημένος
1016 2762 1189 2828 οὕτως
1243 2762 1423 2816 αὐτῶν
1476 2762 1801 2834 ἐκράτησεν,
1846 2761 1922 2826 ὡς

330 2853 452 2906 οὐδὲ
481 2853 534 2905 εἰ
560 2853 699 2924 πρὸς
728 2851 877 2924 ἰχθῦς
891 2851 1199 2920 ἀγλώττους
1223 2854 1251 2906 6
1273 2851 1421 2922 ἀγὼν
1443 2847 1511 2924 ἦν
1534 2850 1684 2922 αύτῷ
1705 2867 1719 2882 ·
1756 2851 1924 2905 καθά-

331 2957 440 3013 περ
498 2941 609 3013 γὰρ
653 2940 823 3005 ὅντως
867 2940 1050 3005 ἁλιεὺς
1094 2940 1291 3012 ἰχθύων
1340 2939 1720 3010 ἀφωνοτέρων,
1781 2938 1924 2994 οὕτω

330 3030 544 3084 τούτων
569 3028 940 3101 περιεγένετο.
993 3029 1102 3086 Καὶ
1129 3031 1157 3083 6
1193 3029 1290 3100 μὲν
1311 3028 1480 3085 πολλὰ
1503 3028 1750 3104 ληρήσας
1780 3029 1924 3084 1116-

329 3138 465 3182 των,
527 3116 817 3188 σεσίγηκεν
841 3134 854 3152 ε
911 3109 1064 3182 οὗτος
1115 3117 1173 3172 δὲ
1237 3117 1556 3188 φθέγγεται,
1615 3119 1737 3189 οὐχὶ
1789 3119 1922 3190 παρ’

332 3210 565 3272 οἰκείοις
599 3208 801 3276 μόνοις,
845 3206 982 3260 ἀλλά
1006 3207 1102 3262 καὶ
1133 3208 1281 3279 παρὰ
1315 3207 1576 3280 Πάρθοις,
1617 3209 1768 3282 παρὰ
1801 3210 1923 3280 Μή-

330 3303 469 3365 δοις,
519 3298 672 3369 παρά
709 3296 1045 3373 Ἐλαμίταις,
1077 3298 1172 3356 καὶ
1199 3299 1257 3352 ἐν
1294 3297 1473 3369 Ἰνδίᾳ,
1511 3297 1606 3352 καὶ
1644 3298 1922 3369 πανταχοῦ

330 3390 460 3460 γῆς,
493 3389 588 3443 καί
615 3387 692 3450 εἰς
718 3383 789 3438 τὰ
817 3385 1030 3455 πέρατα
1067 3385 1168 3456 τῆς
1191 3385 1536 3457 οἰκουμένης.
1565 3387 1675 3440 Ποῦ
1698 3385 1794 3442 νῦν
1824 3389 1924 3459 τῆς

344 3475 602 3539 Ἑλλάδος
632 3476 661 3527 6
686 3473 886 3543 τῦφος;
915 3471 1014 3526 ποῦ
1036 3472 1144 3527 τῶν
1189 3473 1428 3546 Ἀθηνῶν
1471 3474 1532 3528 τὸ
1567 3475 1775 3546 ὅνομα;
1819 3475 1920 3530 ποῦ

332 3566 446 3621 τῶν
485 3563 792 3636 φιλοσόφων
832 3564 862 3615 6
901 3561 1095 3632 λῆρος;
1139 3563 1198 3617 Ὀ
1239 3564 1348 3618 ἀπὸ
1390 3564 1702 3633 Γαλιλαίας,
1739 3568 1768 3620 6
1815 3565 1923 3620 ἀπὸ

336 3655 638 3728 Βηθσαῖδᾶ,
666 3655 695 3706 6
725 3655 1000 3725 ἀγροῖκος,
1042 3656 1258 3710 πάντων
1299 3653 1522 3707 ἐκείνων
1554 3653 1918 3727 περιεγένετο.

335 3745 450 3797 ούκ
472 3741 814 3813 αἰσχύνεσθε,
846 3744 966 3797 εἰπέ
998 3761 1108 3814 μοι,
1136 3744 1226 3796 ἐπὶ
1250 3741 1327 3814 τῷ
1346 3742 1572 3814 ὀνόματι
1601 3741 1702 3812 τῆς
1730 3740 1918 3814 πατρί-

336 3833 423 3896 δος
455 3833 554 3887 τοῦ
578 3833 926 3903 νενικηκότος
947 3835 1092 3903 ὑμᾶς
1113 3849 1127 3897 ;
1153 3835 1250 3886 "Av
1280 3831 1337 3885 δέ
1365 3831 1538 3885 καὶτὸ
1561 3830 1732 3901 ὄνομα
1758 3829 1921 3884 αὐτοῦ

335 3920 638 3989 ἀκούσητε,
696 3921 790 3974 καὶ
841 3921 922 3976 ὃτι
973 3922 1170 3991 Κηφᾶς
1207 3920 1444 3990 ἐλέγετο,
1502 3917 1680 3989 πολλῷ
1721 3917 1920 3990 μᾶλλον

336 4007 740 4079 ἐγκαλύψεσθε.
780 4007 952 4064 Τοῦτο
993 4009 1102 4083 γὰρ
1141 4007 1307 4079 ὑμᾶς,
1353 4007 1510 4060 τοῦτο
1556 4005 1919 4070 ἀπολώλεκεν,

334 4101 416 4153 δτι
440 4097 602 4154 τοῦτο
627 4098 825 4160 ὄνειδος
845 4093 981 4152 εἶναι
1007 4096 1278 4169 νομίζετε,
1296 4097 1388 4150 καὶ
1411 4096 1742 4166 εύγλωττίαν
1760 4094 1925 4165 ἐγκώ-

338 4206 486 4260 μιον,
513 4189 610 4240 καὶ
637 4187 895 4259 ἀπειρίαν
926 4187 1278 4256 εὐγλωττίας,
1311 4186 1532 4250 ὄνειδος.
1583 4185 1698 4238 Ούκ
1731 4184 1922 4255 ἤλθετε

335 4278 402 4344 ἣν
430 4274 610 4328 ἐλθεῖν
641 4275 784 4345 ὑμᾶς
827 4273 854 4314 ἀ
899 4273 1031 4338 ἔδει,
1065 4273 1201 4326 ἀλλά
1235 4273 1333 4345 τὴν
1381 4272 1663 4345 βασιλικὴν
1695 4273 1922 4341 ἀφέντες

335 4365 456 4421 ὁδον
476 4363 575 4434 τὴν
614 4362 831 4420 εὔκολον
861 4364 954 4421 καὶ
977 4361 1146 4428 λείαν,
1176 4363 1274 4435 τὴν
1308 4367 1564 4436 τραχεῖαν
1591 4364 1687 4416 καὶ
1718 4361 1919 4433 ἀνάντη

337 4453 436 4508 καὶ
483 4451 726 4522 χαλεπὴν
766 4451 1067 4506 ἐϐαδίσατε.
1126 4450 1227 4504 Διὰ
1257 4450 1418 4506 τοῦτο
1473 4451 1596 4507 οὐδὲ
1648 4449 1920 4521 ἐφθάσατε

339 4539 480 4610 πρὸς
511 4539 614 4610 τὴν
643 4538 915 4609 βασιλείαν
941 4539 1050 4593 τῶν
1076 4533 1340 4610 οὐρανῶν.

410 4628 480 4684 δ’.
505 4629 572 4682 Τί
605 4623 697 4682 οὖν
728 4631 830 4683 ούκ
857 4629 934 4692 εἰς
968 4629 1230 4684 Πλάτωνα
1257 4629 1560 4699 ἐνήργησεν
1603 4629 1632 4683 6
1662 4630 1704 4682 Χ
1713 4633 1918 4700 ριστος,

339 4716 466 4773 οὐδὲ
495 4718 574 4781 εἰς
599 4716 942 4788 Πυθαγόραν,
979 4717 1179 4787 φησίνς
1235 4717 1358 4774 Ὅτι
1393 4716 1577 4788 πολλῷ
1616 4717 1922 4788 φιλοσοφω-

339 4805 481 4875 τὲρει
509 4799 576 4874 ἧν
601 4806 634 4873 ἡ
664 4803 869 4874 Πέτρου
897 4804 1043 4876 ψυχὴ
1064 4804 1174 4858 τῶν
1193 4803 1381 4875 ψυχῶν
1407 4805 1651 4860 ἐκείνων.
1692 4806 1922 4861 Ἐκεῖνοι

346 4893 446 4962 μὲν
487 4892 602 4962 γὰρ
647 4893 831 4954 παῖδες
859 4892 1028 4956 δντως
1053 4889 1212 4964 ἦσαν,
1260 4892 1366 4947 ὑπὸ
1407 4894 1509 4965 τῆς
1557 4895 1725 4966 κενῆς
1764 4896 1923 4967 δόξης

346 4981 800 5054 περι-τρεπόμενοι
834 4981 1132 5052 πανταχοῦ·
1164 4974 1320 5044 οὗτος
1347 4981 1402 5034 δὲ
1432 4983 1572 5054 ἀνὴρ
1610 4984 1920 5056 φιλόσοφος,

347 5074 441 5124 καὶ
472 5071 718 5134 δεκτικὴ
744 5072 844 5140 τῆς
869 5071 1108 5142 χάριτος.
1137 5071 1198 5124 Εἰ
1218 5071 1276 5124 δὲ
1300 5072 1463 5144 γελᾷς
1486 5074 1658 5128 ταῦτα
1686 5076 1920 5143 ἀκούων,

344 5163 405 5213 οὐ
437 5161 750 5231 θαυμαστόν
766 5176 780 5190 ⁸
807 5162 927 5214 ἐπεὶ
951 5161 1045 5214 καὶ
1067 5161 1116 5212 οἱ
1142 5159 1264 5213 τότε
1287 5161 1508 5229 ἐγέλων,
1535 5165 1629 5218 καὶ
1660 5165 1925 5234 γλεύκους

346 5250 547 5312 αὐτοὺς
575 5250 760 5318 ἔλεγον
792 5245 930 5304 εἶναι
962 5249 1222 5321 μεστούς
1251 5250 1366 5304 ἀλλ’
1400 5251 1644 5325 ὕστερον,
1681 5256 1771 5308 ὅτε
1796 5257 1926 5310 ἐπε-

347 5341 615 5394 πόνθεσαν
637 5341 704 5394 τὰ
738 5340 910 5411 πικρὰ
939 5344 1140 5410 ἐκεῖνα,
1179 5345 1273 5396 καὶ
1302 5344 1521 5397 πάντων·
1545 5343 1922 5418 χαλεπώτερα,

343 5429 435 5482 ὅτε
485 5429 584 5500 τὴν
638 5431 792 5484 πόλιν
830 5434 1299 5504 κατερειπομένην
1347 5429 1506 5496 εἶδον,
1553 5433 1648 5488 καὶ
1699 5433 1761 5486 τὸ
1815 5433 1925 5505 πῦρ

314 5496 741 5587 ξαναπτόμενον,
775 5520 869 5572 καὶ
907 5496 978 5574 τά
1014 5496 1166 5593 τείχη
1207 5496 1544 5594 ῥιπτούμενα
1584 5522 1780 5592 χαμαὶ,
1830 5496 1926 5576 καὶ

303 5595 318 5610 ’
347 5606 450 5668 τὰς
474 5607 718 5672 ποικίλας
747 5607 1007 5680 βακχείας
1035 5611 1269 5677 ἐκείνας,
1296 5610 1362 5675 ἃς
1386 5611 1557 5676 οὐδεὶς
1576 5612 1927 5684 παραστῆσαι

2031 531 2254 588 δύναται
2283 535 2447 609 λόγῳ,
2479 541 2579 593 οὐκ
2608 538 2688 595 ἔτι
2722 541 2944 610 ἐγέλων.
2985 544 3142 598 Οὕτω
3165 546 3258 600 καὶ
3304 548 3458 619 ὑμεῖς
3487 551 3610 607 τότε

2029 623 2092 676 οὐ
2115 623 2430 693 γελάσεσθε,
2477 628 2606 683 ὅταν
2634 633 2662 684 6
2690 634 2791 702 τῆς
2820 633 3056 704 κρίσεως
3095 644 3116 672 ε
3159 636 3354 708 ἐπιστῇ
3401 640 3608 710 καιρὸς,

2030 713 2158 768 ὅταν
2183 714 2243 770 τὸ
2271 715 2370 786 τῆς
2395 716 2619 790 γεέννης
2649 721 2864 793 ἀναφθῇ
2895 722 3026 793 πῦρ.
3060 725 3220 779 Ἀλλά
3241 727 3294 780 τί
3321 728 3448 798 περί
3481 730 3613 800 μελ-
3697 723 3706 733 ’

2027 800 2226 857 λόντων
2253 803 2434 873 λέγω;
2465 805 2652 861 Βούλει
2682 808 2838 875 δείξω
2871 810 2951 875 τίς
2999 813 3115 866 ἐστι
3167 815 3393 886 Πέτρος,
3440 818 3524 882 τίς
3554 818 3612 872 δὲ

2028 889 2294 960 Πλάτων;
2332 892 2414 948 Τὰ
2447 894 2556 966 γὰρ
2583 895 2686 967 ἤθη
2719 897 2856 962 τέως
2884 899 3084 966 αὑτῶν,
3133 903 3180 954 εἰ
3223 903 3387 966 δοκεῖ,
3427 905 3613 971 ἐξετά-

2030 997 2232 1066 σωμεν,
2270 983 2363 1035 καὶ
2415 984 2614 1054 ἰδωμεν
2657 985 2797 1040 τίσιν
2839 989 3208 1061 ἐπεχείρησαν
3267 992 3286 1030 ἲ
3335 994 3608 1066 ἑκάτεροι.

2028 1063 2198 1134 Οὗτος
2253 1071 2353 1143 μέν
2406 1069 2499 1128 οῦν
2559 1075 2736 1130 πάντα
2783 1077 2876 1130 τὸν
2933 1079 3124 1150 χρόνον
3176 1081 3422 1134 ἀνάλωσε
3484 1063 3614 1154 περὶ

2025 1157 2271 1228 δόγματα
2299 1163 2666 1234 στρεφόμενος
2697 1165 2929 1236 ἀνόνητα
2975 1169 3067 1221 καὶ
3109 1170 3359 1240 περιττά.
3407 1171 3471 1222 Τί
3503 1172 3615 1244 γὰρ

2026 1245 2218 1315 ὄφελος
2247 1249 2311 1302 ἐκ
2342 1251 2436 1304 τοῦ
2466 1251 2678 1329 μαθεῖν,
2703 1255 2784 1307 ὅτι
2818 1257 2949 1324 μυῖα
2979 1255 3172 1328 ἡψυχὴ
3197 1257 3288 1310 τοῦ
3313 1259 3606 1329 φιλοσόφου

2026 1334 2278 1405 γίνεται;
2318 1339 2525 1406 Ὄντως
2583 1327 2738 1412 μυῖα,
2769 1343 2869 1396 οὐκ
2909 1345 2990 1407 εἰς
3035 1347 3199 1415 μυῖαν
3236 1347 3610 1417 μετέπιπτεν,

2026 1426 2142 1480 ἀλλ’
2173 1428 2427 1484 ἐπέϐαινε
2475 1434 2539 1504 τῇ
2587 1433 2646 1485 ἐν
2688 1421 2935 1488 Πλάτωνι
2988 1436 3212 1510 οἰκούσῃ
3235 1437 3400 1509 ψυχῇ.
3448 1439 3610 1505 Ποίας

2026 1515 2198 1570 ταῦτα
2237 1519 2298 1572 ού
2345 1521 2764 1591 ματαιολογίας;
2827 1524 2994 1578 πόθεν
3037 1525 3101 1596 δὴ
3146 1527 3372 1581 τοιαῦτα
3423 1527 3611 1600 ληρεῖν

2027 1605 2356 1676 ἐπεϐάλετο;
2383 1611 2681 1680 Εἰρωνείας
2707 1613 2904 1682 μεστὸς
2931 1610 3000 1684 ἦν
3024 1616 3051 1667 6
3074 1615 3232 1686 ἀνὴρ,
3265 1618 3360 1670 καὶ
3389 1617 3611 1687 ζηλοτύ-

2026 1711 2138 1758 πως
2166 1695 2300 1766 πρὸς
2334 1695 2580 1764 ἅπαντας
2604 1700 2966 1773 διακείμενος.
3003 1701 3216 1775 Ὥσπερ
3251 1699 3345 1758 οὖν
3377 1705 3611 1774 φιλονει-

2025 1783 2158 1848 κῶν,
2204 1786 2338 1857 μήτε
2363 1787 2593 1854 οἴκοθεν,
2634 1790 2773 1862 μήτε
2819 1789 2947 1862 παρ’
2997 1789 3185 1864 ἐτέρου
3235 1795 3503 1867 χρήσιμόν
3558 1813 3613 1855 τι

2025 1871 2375 1942 εἰσαγαγεῖν
2435 1875 2578 1931 οὕτω
2622 1878 2775 1951 παρὰ
2812 1879 2912 1951 μὲν
2942 1881 3131 1953 ἐτέρου
3174 1883 3274 1950 τὴν
3330 1884 3612 1954 μετεμψύ-

2025 1977 2193 2030 χωσιν
2228 1961 2464 2028 ἐδέξατο,
2515 1964 2668 2037 παρά
2719 1967 2776 2020 δέ
2819 1967 3013 2021 ἐαυτοῦ
3055 1970 3153 2042 τὴν
3195 1972 3467 2026 πολιτείαν
3496 1975 3610 2028 εἰσ-

2025 2051 2254 2121 ήγαγεν,
2283 2050 2414 2106 ἔνθα
2443 2052 2513 2107 τὰ
2539 2054 2742 2126 πολλῆς
2775 2056 3131 2128 αἰσχρότητος
3161 2059 3400 2130 γέμοντα
3425 2061 3612 2132 ἐνομο-

2026 2137 2245 2211 θέτησε.
2297 2141 2513 2208 Κοιναί,
2559 2143 2744 2212 φησὶν,
2789 2145 2844 2200 αἱ
2888 2147 3147 2214 γυναῖκες
3200 2148 3464 2209 ἔστωσαν,
3518 2149 3614 2204 καὶ

2025 2231 2446 2302 γεγυμνωμέναι
2508 2233 2791 2305 παρθένοι,
2844 2224 2933 2290 ἐπ’
2988 2235 3146 2307 ὕψεσι
3193 2237 3306 2293 τῶν
3362 2239 3612 2311 ἐραστῶν

2026 2315 2428 2385 παλαιέτωσαν,
2473 2319 2568 2375 καὶ
2617 2322 2788 2376 κοινοὶ
2838 2324 3076 2396 πατέρες
3119 2325 3382 2393 εστωσαν,
3419 2328 3516 2383 καὶ
3560 2331 3611 2384 οἰ

2023 2403 2334 2476 τικτόμενοι
2364 2405 2481 2479 [59]
2509 2408 2716 2473 παῖδες.
2749 2411 2914 2464 Ποίαν
2954 2411 3051 2482 οὐχ
3086 2414 3410 2485 ὑπερϐάλλει
3438 2416 3612 2472 ταῦτα

2025 2491 2248 2559 ἄνοιανς
2287 2494 2448 2548 Ἀλλά
2479 2496 2550 2551 τά
2582 2497 2682 2568 μὲν
2724 2498 2935 2558 ἐκείνου
2965 2503 3214 2557 τοιαῦτα.
3261 2502 3524 2559 Ἐνταῦθα
3553 2506 3612 2559 δὲ

2024 2582 2126 2653 οὐχ
2157 2584 2190 2654 ἡ
2222 2582 2385 2652 φύσις
2409 2587 2556 2639 ποιεῖ
2600 2589 2816 2653 κοινοὺς
2851 2590 3118 2663 πατέρας.
3166 2592 3280 2647 ἀλλ’
3320 2597 3354 2664 ἡ
3397 2595 3611 2666 Πέτρου

2026 2670 2343 2742 φιλοσοφίαο
2378 2674 2503 2728 ἐπεὶ
2551 2675 2729 2731 ἐκεῖνό
2770 2694 2834 2746 γε
2887 2680 2983 2733 καὶ
3033 2679 3244 2751 ἀνῄρει.
3297 2683 3462 2737 υύδὲν
3502 2684 3613 2755 γὰρ

2024 2759 2211 2830 ἕτερον
2236 2760 2432 2825 ἐποίει,
2461 2762 2578 2815 ἀλλ’
2620 2763 2652 2834 ἢ
2687 2763 2776 2818 τὸν
2805 2764 2937 2819 ὄντα
2961 2766 3274 2834 ἀγνοεῖσθαι
3303 2772 3608 2840 μονονουχὶ,
3675 2765 3683 2773 ’

2024 2851 2120 2904 καὶ
2162 2849 2255 2904 τδν
2296 2851 2396 2905 οὐκ
2443 2852 2572 2907 ὄντα
2621 2854 2953 2923 εἰσάγεσθαι.
3001 2857 3097 2919 Εἰς
3143 2857 3314 2928 μέθην
3348 2858 3471 2912 τινὰ
3517 2861 3610 2912 καί

2026 2939 2294 3008 συρφετὸν
2321 2939 2541 2994 ἐνέϐαλε
2570 2942 2671 3013 τὴν
2710 2941 2910 3013 ψυχήν.
2943 2943 3177 3008 Πάντες,
3215 2947 3404 3017 φησὶν,
3439 2947 3611 3009 ἀδεῶς

2025 3028 2421 3100 κεχρήσθωσαν
2463 3032 2588 3094 ταῖς
2622 3031 2860 3101 γυναιξί.
2898 3032 2998 3086 Διὰ
3034 3032 3192 3087 τοῦτο
3236 3035 3337 3089 οὐκ
3372 3035 3612 3101 ἐξετάζω

2025 3115 2267 3187 ποιητῶν
2288 3115 2558 3188 δόγματα,
2578 3117 2666 3172 ἵνα
2698 3120 2771 3192 μή
2809 3119 2878 3190 μέ
2905 3138 2991 3184 τις
3015 3119 3162 3175 εἴποι
3198 3121 3402 3192 μύθους
3427 3123 3616 3187 ἐξετά..

2025 3203 2142 3269 ζειν
2161 3222 2174 3236 ⁸
2201 3204 2315 3259 ἀλλ’
2339 3207 2561 3279 ἐτέρους
2589 3207 2736 3277 λέγω
2765 3207 2970 3278 μύθους
2995 3211 3220 3266 ἐκείνων
3236 3210 3418 3282 πολλῷ
3445 3228 3612 3265 καταο

2025 3295 2470 3368 γελαστοτέρους.
2495 3297 2607 3350 Ποῦ
2644 3297 2888 3352 τοιοῦτόν
2918 3317 2972 3353 τι
2993 3298 3418 3371 ἐτερατεύσαντο
3451 3317 3611 3370 ποιη-

2025 3384 2152 3450 ταί;
2189 3385 2330 3438 Ἀλλ’
2355 3386 2384 3438 6
2414 3388 2710 3458 κορυφαῖος
2753 3387 2863 3440 τῶν
2914 3387 3240 3458 φιλοσόφων,
3293 3389 3369 3452 ὡς
3415 3389 3618 3456 ἐδόκει,

2025 3473 2122 3527 καὶ
2158 3473 2301 3527 ὅπλα
2338 3475 2461 3537 ταῖς
2505 3474 2723 3543 γυναιξὶ
2759 3475 3093 3547 περιτίθησι,
3134 3478 3228 3530 καὶ
3269 3478 3468 3548 κράνη,
3519 3479 3609 3532 καί

2025 3562 2313 3634 κνημῖδας,
2339 3562 2433 3616 καί
2455 3562 2636 3616 κυνῶν
2666 3563 2819 3617 οὐδὲν
2847 3563 3126 3635 διαφέρειν
3141 3564 3291 3633 λέγει
3311 3565 3371 3619 τὸ
3403 3565 3612 3637 ἀνθρὼ-

2027 3667 2180 3703 πινον
2203 3649 2378 3718 γένος.
2415 3648 2635 3720 Ἐπειδὴ
2661 3648 2770 3720 γάρ
2798 3651 2830 3721 ή
2862 3649 3010 3704 κύων
3033 3653 3064 3724 ἡ
3089 3652 3296 3724 θήλεια,
3333 3653 3488 3724 φησί,
3517 3655 3618 3708 καὶ⁴

2025 3737 2054 3791 6
2090 3737 2267 3810 ἄρρην
2309 3736 2658 3791 κοινωνοῦσιν
2697 3740 2754 3793 ἐν
2788 3741 2902 3804 τοῖς
2941 3739 3144 3812 ἔργοις,
3181 3741 3621 3796 κοινωνείτωσαν-

2027 3827 2120 3880 καὶ
2158 3827 2213 3880 αἰ
2249 3829 2530 3896 γυναῖκες,
2559 3827 2654 3880 καὶ
2679 3827 2857 3880 πάντα
2889 3828 3296 3900 ἀνατρεπέσθω.
3341 3831 3453 3884 Ἀεὶ
3499 3833 3624 3907 γάρο

2025 3917 2092 3970 δι’
2122 3916 2301 3969 αὐτῶν
2337 3915 2667 3971 ἐσπούδασεν
2696 3919 2723 3970 6
2755 3915 3027 3983 διάϐολος,
3061 3918 3224 3990 μηδὲν
3262 3921 3610 3994 ἐντιμότερον

2024 4005 2136 4059 τῶν
2158 4005 2370 4074 ἀλόγων
2408 4005 2467 4058 τὺ
2496 4004 2760 4080 ἡμέτερον
2781 4005 2954 4072 δεῖξαι
2986 4007 3140 4075 γένος
3159 4025 3172 4038 ·
3203 4008 3336 4062 ὅπου
3375 4008 3440 4078 γέ
3465 4028 3618 4075 τινες·

2025 4095 2107 4157 εἰς
2135 4091 2291 4146 τοῦτο
2332 4093 2637 4160 κενοδοξίας
2669 4088 2856 4164 ἦλθον,
2906 4094 2985 4157 ὡς
3025 4097 3220 4159 εἰπεῖν,
3271 4096 3354 4151 ὅτι
3395 4101 3490 4151 καὶ
3539 4100 3608 4152 τά
3661 4121 3667 4136 λ

2025 4179 2198 4248 ἄλογα
2242 4178 2437 4247 λογικά
2484 4179 2766 4249 τυγχάνει.
2829 4181 2942 4236 Καὶ
2992 4183 3117 4251 ὅρα,
3171 4183 3290 4248 πῶς
3346 4186 3610 4252 ποικίλως

2019 4266 2356 4348 ’ἐϐάκχευσεν
2385 4267 2442 4319 ἐν
2463 4268 2581 4330 ταῖς
2611 4267 2834 4322 ἐκείνων
2855 4269 3075 4339 ψυχαῖς.
3105 4271 3168 4323 Οἰ
3205 4270 3428 4342 μὲν-γὰρ
3447 4290 3608 4344 κορυ-

2026 4358 2174 4425 φαῖοι
2197 4353 2377 4409 αὐτῶν
2394 4353 2607 4424 ἔφησαν
2631 4353 2730 4425 τὴν
2759 4355 3036 4428 ἡμετέραν
3079 4356 3259 4428 ψυχήν
3293 4359 3374 4422 εἰς
3415 4361 3603 4430 μυίας,

2025 4444 2118 4498 καὶ
2147 4442 2340 4509 κύνας,
2361 4445 2455 4498 καί
2483 4442 2652 4513 ἄλογα
2677 4441 3033 4514 μεθίστασθαι
3049 4443 3126 4495 ὀί
3142 4447 3196 4502 δὲ
3222 4446 3341 4516 μετ’
3367 4449 3613 4513 ἐκείνους.

2023 4531 2184 4586 τοῦτο
2221 4533 2624 4604 αἰσχυνθέντες,
2663 4535 2744 4597 εἰς
2777 4532 2971 4604 ἑτέραν
2996 4534 3258 4607 αἰσχύνην
3278 4537 3610 4604 κατέπεσον,

2026 4621 2208 4691 πάσης
2222 4622 2446 4694 λογικῆς
2463 4622 2772 4695 ἐπιστήμης
2791 4623 3113 4694 μεταδόντες
3127 4628 3239 4689 τοῖς
3257 4626 3491 4696 ἀλόγοις,
3511 4629 3608 4681 καὶ

2025 4709 2302 4781 πανταχοῦ
2350 4710 2622 4777 δείξαντες
2679 4711 2838 4782 ἡμῶν
2883 4712 2952 4766 τὰ
3015 4713 3086 4767 δι’
3137 4715 3288 4786 ἡμᾶς
3338 4717 3611 4786 γενόμενα

2025 4798 2367 4872 ἐντιμότερα.
2401 4799 2476 4851 Ού
2507 4797 2665 4852 τοῦτο
2685 4799 2742 4852 δὲ
2765 4799 2944 4870 μόνον,
2981 4800 3119 4854 ἀλλὰ
3156 4802 3249 4855 καί
3271 4803 3617 4872 προγνώσεις

2026 4883 2165 4942 εἶναι
2203 4889 2336 4960 παρ’
2383 4887 2590 4954 αὐτοῖς,
2654 4888 2748 4943 καὶ
2794 4889 3082 4944 εὐσέϐειαν
3139 4899 3168 4938 ο
3212 4890 3480 4960 λέγουσιν.
3549 4894 3617 4948 Ὁ

2025 4975 2216 5049 κόραξ,
2265 4977 2449 5047 φησὶν,
2505 4972 2614 5030 οῐδε
2651 4977 2743 5031 τδν
2797 4977 2950 5042 Θεὸν,
3005 4979 3163 5052 καὶὴ
3219 4980 3456 5054 κορώνη,
3511 4982 3613 5036 καὶ

2027 5067 2366 5137 προφητείας
2419 5065 2603 5136 έχουσι
2654 5067 2989 5140 χαρίσματα,
3058 5069 3155 5122 ml
3215 5068 3284 5122 τά
3345 5070 3614 5140 μέλλοντα

2027 5157 2375 5229 προλέγουσι,
2409 5157 2504 5210 καὶ
2531 5155 2850 5228 δικαιοσύνη
2895 5159 3024 5228 παρ’
3064 5160 3270 5223 αὐτοῖς,
3320 5162 3416 5213 καὶ
3450 5161 3607 5212 πολι-

2023 5247 2167 5309 τεία,
2222 5244 2316 5298 καὶ
2364 5244 2543 5316 νόμοι,
2595 5245 2692 5299 καί
2757 5245 2911 5316 ζηλοῖ
2964 5247 3095 5318 παρ’
3149 5248 3334 5313 αὐτοῖς
3372 5249 3400 5302 ό
3459 5246 3608 5303 κύων

2027 5333 2171 5390 κατά
2210 5332 2494 5388 Πλάτωνα.
2565 5333 2719 5404 Τάχα
2765 5335 3044 5389 ἀπιστεῖτε
3091 5337 3201 5397 τοῖς
3256 5335 3608 5406 λεγομένοις;

2027 5423 2288 5486 Εἰκότως,
2323 5421 2417 5475 ἆτε
2450 5423 2562 5486 τοῖς
2597 5419 3290 5492 ύγιέσινδέντεθραμμένοι
3311 5422 3606 5492 δόγμασιν-’

2029 5515 2148 5569 ἐπεὶ
2173 5517 2266 5568 καὶ
2322 5515 2374 5569 εἰ
2419 5533 2504 5579 τις
2547 5518 2782 5584 τραφείη
2826 5511 2998 5582 ταύτῃ
3034 5513 3100 5582 τῇ
3137 5513 3335 5582 τροφῇ,
3381 5512 3611 5582 ἀπιστη-

2030 5621 2174 5658 σειεν
2222 5603 2310 5665 ἂν,
2364 5603 2446 5656 ὅτι
2506 5603 2654 5656 ἐστιν
2708 5600 2994 5669 ἄνθρωπος
3043 5598 3255 5668 κόπρου
3316 5600 3612 5670 γενόμενος

1922 5747 1924 5750 .
2028 5694 2222 5765 ήδέως.
2252 5693 2423 5748 Ὅταν
2461 5687 2554 5748 οὖν
2582 5690 2832 5758 λέγωμεν
2865 5687 3072 5753 αὐτοῖς,
3117 5688 3201 5742 ὃτι
3237 5687 3400 5760 μῦθοι
3439 5689 3612 5746 ταῦτα

359 5880 372 5896 9
497 5821 649 5896 “fug
681 5825 926 5896 ἀθυμίαις..
999 5824 1030 5873 ι
1073 5826 1210 5896 Unus
1252 5827 1442 5896 αὐτοῖς-
1469 5824 1670 5896 Vider
1709 5838 1821 5896 qua:
1861 5828 1928 5878 ad

353 5887 785 5962 ἡιιετρνειαίὶοηριη
823 5887 1038 5962 ιιιιὺιωιι
1064 5895 1221 5962 {multa
1239 5889 1540 5962 διιιιι.ηιίοιτ.
1610 5887 1807 5962 °_Al;iu§
1845 5907 1930 5938 πε-

355 5949 563 6006 ριπάτοις
581 5949 665 6005 τήν
697 5949 916 5998 ἔνστασιν
939 5951 1022 5998 ἐπε
1071 5950 1246 6012 ’χοντο.
1282 5976 1344 5985 -
1379 5951 1528 6002 Paulo
1552 5957 1658 6012 post
1684 5952 1840 5998 αὐτῶν
1864 5965 1924 5998 0.x

355 6018 456 6052 uno
492 6008 844 6059 cod.additum
887 6017 981 6060 est.
1019 5968 1152 6060 ΙΙῖἒαιζιτ.
1258 6009 1283 6050 ἀ
1333 6013 1413 6062 Sic
1457 6025 1584 6060 unus
1605 6013 1742 6062 cod:
1808 6011 1928 6061 editi

360 6044 451 6052 -..ν
494 6044 840 6059 -.ιηηηυυη-η.
887 6044 981 6060 να..
1019 6044 1152 6060 μυ...
1260 6044 1283 6050 -
1333 6044 1412 6062 ων
1459 6044 1584 6060 unua
1605 6044 1710 6062 ..ι-υ.

360 6075 412 6118 cl
457 6071 558 6133 ipse
599 6071 771 6124 Montf.
821 6074 949 6124 ὁδόν.
993 6073 1140 6126 Enn.
1727 6046 1742 6072 ’

2101 5962 2123 5987 e
2153 5949 2259 5996 Duo
2279 5959 2395 5993 mss.
2439 5945 2549 5991 ὅταν
2575 5945 2600 5990 ὁ
2623 5947 2706 5999 τῆς
2737 5941 2940 6002 γεέννης.
3023 5940 3043 5976 τ
3073 5939 3246 5990 Morel.
3291 5939 3610 6002 ἐπεχάρησαν.

2036 6010 2060 6046 ὅ
2090 6010 2187 6059 .Sic
2225 6021 2341 6055 mss.
2391 6006 2538 6068 Εάίιι
2563 6017 2683 6052 τοι-ο
2726 6001 2836 6068 post
2884 6001 3126 6054 εὐσέϐειαν
3183 6001 3610 6065 ιορειυιι-ιεῖναι.

2036 6069 2062 6108 Ι·
2090 6070 2230 6124 Alius
2270 6069 2368 6125 τοῖς
2413 6067 2739 6130 ὑγιαίνουσιν(
2797 6099 2806 6106 -

3303 6292 3332 6322 ι
