4092 6462
500 441 571 502 ιθ
1194 438 1253 494 S.
1294 433 1580 494 JOANNIS
1615 429 2101 491 CllﬂYSOSTOMI
2139 429 2461 490 ARCHIEP.
2500 431 3047 491 CONSTANTINOP.
3693 433 3778 494 εσ

498 560 592 612 καὶ
619 557 805 624 ἀνοίας
839 557 1032 630 μεστά,
1069 555 1170 611 οὑκ
1211 557 1491 628 ἐνοήσατε,
1517 555 1668 624 φασί.
1697 553 1849 624 Μηδὲ
1875 554 2082 624 νοήσω-

504 643 605 710 μέν
639 659 770 695 ποτε
803 643 895 696 τδν
914 641 1169 696 τοσοῦτον
1196 651 1222 680 ι
1254 639 1412 710 ὑμῶν
1442 638 1676 707 γέλωτα.
1727 637 1937 706 Σφόδρα
1980 653 2045 704 γε
2064 650 2078 666 ο

498 725 561 776 ού
593 725 702 798 γὰρ
737 727 932 798 φρενὸς
964 724 1189 796 βαθείας
1219 724 1318 787 δεῖ,
1367 724 1452 776 ἵνα
1488 721 1771 792 μάθωμεν.
1804 722 1856 774 τί
1891 719 2083 789 βούλε-

499 825 590 862 ται
627 811 658 878 ἡ
695 809 930 876 τοσαύτη
977 807 1202 862 ἀσέϐεια
1232 809 1326 861 καὶ
1360 804 1640 878 σύγχυσις.
1677 805 1768 876 Μὴ
1798 804 2084 875 κορακιστὶ

501 892 831 961 φθέγγεσθε,
883 887 928 945 ὦ
978 892 1216 961 ἀνόητοι,
1250 890 1502 960 καθάπερ
1531 889 1598 944 τὰ
1631 889 1853 948 παιδίας
1888 889 2083 953 Παῖδες

504 975 614 1047 γάρ
643 975 811 1038 ὀντως
852 975 996 1038 ἐστὲ,
1033 975 1282 1046 καθάπερ
1326 975 1530 1027 ἐκεῖνα.
1566 972 1726 1026 Ἀλλά
1757 973 1964 1043 Πέτρος
1996 973 2087 1025 οὑ-

501 1060 594 1113 δέν
620 1059 861 1113 τοιοῦτον
893 1059 1114 1128 ἐφησεψ
1159 1058 1276 1112 ἀλλ’
1309 1058 1487 1128 ἀφῆκε
1535 1055 1738 1127 φωνὴν,
1769 1056 1805 1128 ἢ
1834 1056 2085 1129 καθάπερ

503 1145 566 1195 ἐν
597 1141 773 1212 σκότῳ
803 1141 911 1194 τινί¹
937 1141 1053 1210 φῶς
1087 1140 1460 1211 ἀπολάμψασα
1499 1140 1527 1180 ι)
1572 1140 1736 1210 μέγα,
1787 1139 1886 1210 τὴν
1917 1139 2088 1209 ἀχλὺν

503 1225 817 1279 διεσκέδασε
839 1225 936 1295 τῆς
957 1225 1302 1296 οἰκουμένης.
1342 1222 1502 1276 ’Λλλά
1528 1222 1588 1276 τὸ
1616 1217 1749 1294 ἦθος
1778 1221 1942 1276 αὑτοῦ
1970 1223 2087 1286 πῶς

503 1309 713 1378 ἥμερον
736 1303 824 1379 ῆν,
853 1308 971 1371 πῶς
997 1307 1267 1370 ἐπιεικέςο
1299 1307 1416 1372 πῶς
1439 1307 1620 1376 πάσης
1643 1307 1898 1376 ἀνωτέρω
1930 1305 2088 1376 δόξης

506 1391 692 1446 ἵστατο
741 1391 939 1461 κενῆςο
993 1390 1110 1455 πῶς
1164 1392 1244 1455 είς
1276 1390 1366 1444 τὸν
1408 1389 1636 1463 οὐρανὸν
1689 1389 1836 1461 ἐώρα
1885 1389 2087 1460 ἄτυφος

505 1470 602 1540 ὢν,
649 1474 745 1528 καὶ
792 1476 965 1528 ταῦτα
1010 1476 1239 1545 νεκροὺς
1287 1476 1538 1528 ἀνιστῶν.
1595 1476 1657 1528 El
1707 1475 1764 1528 δέ
1814 1473 2089 1544 ἐξεγένετο

506 1557 730 1612 ἐκείνων
759 1557 867 1612 τινὶ
896 1558 1005 1610 τῶν
1036 1557 1154 1631 [40]
1204 1559 1466 1628 ἀνοήτων,
1502 1557 1775 1629 φαντασίᾳ
1802 1557 1933 1626 γοῦν
1977 1575 2089 1611 τοι·

504 1639 663 1692 οῦτόν
691 1659 742 1693 τι
771 1640 1125 1712 ἐργάζεσθαι,
1159 1636 1245 1712 ἆρ’
1277 1641 1379 1694 οὑκ
1423 1640 1489 1693 ἀν
1515 1640 1716 1703 εὐθέως
1744 1639 1927 1710 βωμὸν
1956 1639 2086 1711 ἐζή-

505 1736 640 1792 τησε
671 1724 764 1776 καὶ
791 1725 938 1788 ναὸν,
967 1721 1062 1776 καὶ
1095 1720 1298 1787 ἰσόθεός
1326 1741 1410 1787 τις
1438 1717 1580 1778 εἶναι
1608 1723 1907 1794 miluo-av;
1951 1724 2086 1777 ὅπου

505 1820 570 1874 γε
601 1807 812 1870 οὐδενὸς
841 1806 1044 1861 τούτων
1070 1805 1223 1872 δντος
1250 1805 1478 1862 τοιαῦτα
1513 1807 1871 1876 φαντάζονται
1896 1809 2003 1862 ἀεί.
2022 1808 2088 1862 Τί

505 1889 616 1961 γὰρ
639 1883 887 1957 βούλεται
910 1892 1094 1954 αὑτοῖς
1108 1889 1329 1961 Ἀθηνᾶ,
1355 1887 1448 1944 καί
1480 1890 1770 1954 Ἀπόλλων,
1800 1891 1897 1944 καὶ
1919 1892 2089 1960 Ἥρα;

504 1973 644 2044 Γένη
683 1977 812 2046 παρ’
839 1975 1022 2036 αὑτοῖς
1055 1974 1171 2026 ἐστι
1200 1973 1490 2044 δαιμόνων.
1522 1975 1632 2028 Kal
1677 1973 1930 2045 βασιλεύς
1975 1976 2094 2028 ἐστι

504 2058 637 2129 παρ’
673 2057 856 2120 αὐτοῖς
885 2057 973 2110 διὰ
1003 2056 1162 2110 τοῦτο
1204 2057 1371 2123 ἀξιῶν
1417 2057 1732 2120 ἀποθανεῖν,
1767 2058 1852 2111 ἵνα
1886 2057 2094 2122 ἰσόθεος

503 2142 800 2210 νομίζοιτο.
837 2141 976 2194 Ἀλλ’
1020 2133 1168 2194 οὗτοι
1212 2141 1311 2211 οὑχ
1359 2139 1553 2204 οὕτως,
1583 2141 1720 2194 ἀλλά
1764 2141 2091 2195 τούναντίον.

510 2224 712 2278 Ἄκουε
740 2223 851 2294 γάρ
892 2222 1074 2277 αὑτῶν
1102 2222 1375 2292 λεγόντων
1414 2224 1505 2276 ἐπὶ
1531 2223 1628 2294 τῆς
1661 2223 1959 2294 θεραπείας
1996 2223 2092 2277 τοῦ

503 2305 704 2378 χωλοῦο
753 2306 995 2376 Ἄνδρες
1041 2306 1416 2376 Ἰσραηλῖται,
1467 2307 1526 2360 τί
1566 2306 1710 2378 ἡμῖν
1737 2307 2090 2377 προσέχετε,

570 2503 724 2570 ΡΑΙίΙᾷ
759 2505 1142 2570 τόνλτοιοῦτονζ
1201 2503 1234 2545 δ
1270 2507 1343 2558 Ila
1385 2519 1478 2556 ms.
1511 2519 1664 2566 unus;
1707 2504 1876 2558 Montf.
1919 2507 2099 2570 φωνὴν,

507 2568 607 2615 καὶ.
617 2603 627 2612 .
637 2605 668 2617 ..
704 2567 1082 2631 ἀπολάμψασαν.
1105 2568 1245 2619 Enn.

2188 554 2268 621 ὡς
2297 554 2416 622 ἰδίᾳ
2444 554 2693 624 δυνάμει
2720 555 2757 624 ἢ
2785 555 3060 624 εὐσεϐείᾳ
3089 557 3451 622 πεποιηκόσι
3486 555 3592 610 τοῦ
3620 573 3778 625 περι-

2189 639 2401 694 πατεῖν
2429 640 2651 704 αὐτόν;
2701 640 2808 693 Kal
2841 639 3074 710 ἀλλαχοῦ
3096 655 3109 669 ·
3152 638 3260 693 Kal
3301 641 3317 658 ‘
3363 637 3532 707 ἡμεῖς
3572 643 3774 705 ὁμοιο-

2190 721 2398 788 παθεῖς
2438 722 2582 791 ὑμῖν
2630 723 2819 792 ἐσμεν
2863 721 3178 791 ἅνθρωποι.
3219 721 3368 774 Ἐκεῖ
3419 723 3476 774 δέ
3531 723 3700 784 πολὺς
3745 725 3776 775 ὀ

2189 804 2378 873 τῦφος,
2412 807 2579 877 πολλὴ
2608 807 2980 879 ἠάλαζονεία·
3015 809 3194 862 πάντα
3228 808 3318 862 διὰ
3344 810 3444 872 τὰς
3485 809 3636 879 παρά
3661 807 3774 860 τῶν

2189 889 2493 961 ἀνθρώπων
2538 891 2725 962 τιμάς,
2771 893 2924 946 οὐδὲν
2970 893 3288 963 φιλοσοφίας
3340 893 3546 946 ἕνεκεν.
3601 892 3776 944 Ὅταν

2191 975 2301 1047 γάρ
2354 993 2408 1028 τι
2447 976 2534 1030 διά
2568 976 2725 1041 δόξαν
2763 977 3001 1047 γίνηται,
3043 979 3219 1032 πάντα
3272 978 3526 1049 μένουσιν
3554 975 3774 1044 εὐτελῆ.

2193 1057 2315 1112 Κᾶν
2344 1059 2454 1130 γάρ
2485 1061 2660 1114 πάντα
2692 1078 2776 1125 τις
2799 1061 2919 1134 ἔχῃ,
2951 1063 3141 1115 τούτου
3169 1061 3226 1115 δέ
3264 1061 3339 1132 μὴ
3365 1063 3563 1130 κρατῇ.
3592 1058 3777 1129 πάσης

2194 1143 2511 1232 φιλρσοφίας
2531 1145 2779 1232 ἐξέπεσε,
2799 1147 2878 1232 τῷ
2904 1146 3355 1232 τυραννικωτέρῳ
3382 1144 3777 1232 κατεχόμῆνοςο

2193 1224 2658 1300 καὶ⁷αίσχροτέρῳ
2710 1228 2894 1282 πάθει.
2952 1229 3169 1299 Ταύτης
3215 1231 3248 1299 ἡ
3291 1227 3561 1298 ὑπεροψία
3592 1224 3781 1280 πάντα

2192 1309 2401 1374 διδάξαι
2435 1311 2505 1364 τὰ
2526 1311 2707 1380 ἀγαθά
2737 1311 2913 1384 ἱκανὴ,
2938 1313 3032 1365 καὶ
3057 1313 3156 1382 τῆς
3184 1311 3364 1382 ψυχῆς
3391 1310 3632 1381 ἐξορίσαι
3662 1309 3782 1362 πᾶν

2195 1393 2366 1458 πάθος
2389 1393 2653 1466 ὀλέθριον.
2688 1396 2779 1449 Διδ
2808 1413 2881 1449 πα
2893 1397 3058 1468 ραινῶ
3083 1397 3176 1449 καὶ
3212 1397 3342 1466 ὑμῖν
3375 1394 3575 1465 πολλὴν
3603 1395 3781 1446 ποιεῖ·-

2195 1475 2320 1529 σθαι
2349 1477 2448 1548 τὴν
2478 1477 2736 1549 σπουδὴν,
2765 1478 2906 1532 ὥστε
2954 1479 3112 1534 τοῦτο
3152 1480 3212 1532 τὸ
3261 1477 3433 1541 πάθος
3475 1475 3782 1549 πρόρριζον

2193 1559 2417 1625 ἐξελεῖν·
2445 1562 2505 1616 οὑ
2551 1561 2661 1634 γὰρ
2690 1563 2838 1616 ἐστιν
2879 1563 3055 1626 ἄλλως
3103 1562 3458 1633 εὐδοκιμῆσαι
3502 1561 3653 1632 παρὰ
3692 1559 3783 1631 τῷ

2194 1643 2334 1716 Θεῷ,
2359 1645 2454 1698 καὶ
2482 1645 2582 1716 τὴν
2624 1646 2776 1716 παρά
2804 1645 2897 1698 τοῦ
2927 1647 3228 1717 ἀκοιμήτου
3253 1645 3462 1700 ἐκείνου
3490 1642 3782 1713 ὀφθαλμοῦ

2195 1728 2408 1784 εῦνοιαν
2439 1730 2866 1784 ἐπισπάσασθαι.
2895 1730 3103 1785 Οὑκοῦν
3133 1733 3310 1785 πᾶσαν
3344 1729 3579 1800 σπουδὴν
3608 1725 3784 1780 ποιώ-

2199 1812 2358 1886 μεθα,
2387 1811 2529 1867 ὥστε
2557 1813 2655 1884 τῆς
2691 1813 2903 1868 ἐκεῖθεν
2945 1815 3092 1885 ἡμᾶς
3128 1815 3301 1888 ῥοπῆς
3333 1811 3648 1877 ἀπολαύειν,
3685 1812 3783 1865 ἵνα

2195 1896 2289 1950 καὶ
2312 1894 2422 1949 τῶν
2453 1897 2734 1967 παρόντων
2768 1897 3028 1968 λυπηρῶν
3059 1897 3411 1968 διαφύγωμεν
3435 1898 3534 1972 τὴν
3556 1899 3778 1966 πεῖραν,

2194 1981 2290 2034 καὶ
2321 1980 2431 2033 τῶν
2465 1981 2768 2051 μελλόντων
2800 1982 3024 2051 ἀγαθῶν
3053 1982 3481 2053 καταξιωθῶμεν
3512 1992 3560 2047 ο,
3590 1981 3784 2051 χάριτι

2195 2064 2290 2118 καὶ
2327 2064 2711 2136 φιλανθρωπίᾳ
2743 2064 2837 2118 τοῦ
2871 2065 3077 2137 Κυρίου
3110 2067 3268 2138 ἡμῶν
3299 2064 3476 2136 Ἰησοῦ
3510 2061 3782 2134 Χριστοῦο,

2198 2147 2318 2218 μεθ’
2365 2141 2426 2201 οῦ
2472 2147 2550 2218 τῷ
2600 2149 2776 2220 Πατρὶ
2813 2149 2932 2220 ἃμα
2979 2150 3058 2222 τῷ
3106 2150 3246 2222 ἁγίῳ
3298 2149 3578 2220 Πνεύματι
3625 2146 3786 2212 δόξα,

2195 2230 2420 2302 κράτος,
2463 2232 2620 2304 τιμὴ,
2654 2233 2750 2286 νῦν
2781 2235 2878 2288 καὶ
2910 2234 3022 2303 ἀεὶ,
3050 2235 3144 2289 καὶ
3170 2236 3251 2300 είς
3282 2235 3409 2298 τοὺς
3439 2233 3639 2296 αἰῶνας
3667 2231 3787 2284 τῶν

2198 2315 2430 2370 αἰώνων.
2473 2317 2527 2371 Ἀ
2539 2319 2670 2388 μήν.

2255 2445 2285 2480 ⁸
2307 2443 2488 2504 Verba,
2529 2445 2611 2492 καὶ
2631 2442 2845 2507 ἄλλαχοῦ
2866 2460 2878 2472 ·
2905 2444 3007 2502 καί,
3029 2458 3140 2506 qua
3162 2444 3223 2495 ab
3272 2444 3476 2494 Erasmo
3496 2447 3626 2495 lecta
3667 2445 3790 2495 fue-

2200 2511 2333 2564 ram,
2357 2518 2418 2553 ex
2449 2519 2546 2554 uno
2570 2507 2740 2554 codice
2774 2508 3128 2556 remeavimus.
3182 2509 3322 2557 Εοιτ.

2269 2569 2292 2598 ⁸
2340 2568 2440 2618 ΔΙῘὶ
2494 2568 2785 2630 ἀξιωθῶμεν.

3541 2719 3770 2738 0“

2019 2824 2264 2880 OMIAIA
2304 2825 2379 2880 E'.

508 2935 754 3004 Ἄνδρες
792 2935 1078 3000 Ἰουδαῖοι,
1115 2935 1214 2989 καί
1245 2939 1299 2990 οί
1346 2935 1769 3002 κατοικοῦντες
1802 2935 2092 3003 Ἰερουσαο

577 3008 705 3074 alus
757 3005 1041 3070 ἅπαντες,
1085 3005 1262 3059 τοῦτο
1291 3006 1436 3074 ὑμῖν
1459 3008 1734 3075 γνωστὸν
1763 3007 1944 3072 ἔστω,
1989 3005 2089 3059 καί

578 3077 948 3130 ἐνωτίσασθε
980 3077 1051 3129 τὰ
1073 3075 1316 3144 ῥήματά
1347 3095 1491 3145 μου.

579 3179 651 3233 α’.
663 3177 772 3243 Οὑς
789 3177 972 3243 ξένους
989 3173 1142 3230 εἶπεν
1155 3179 1435 3249 ἀνωτέρω,
1449 3177 1685 3234 ἐνταῦθα
1699 3180 1834 3251 πρὸς
1850 3179 2094 3244 ἐκείνους

505 3261 782 3316 ἀποτείνει
810 3260 901 3312 τὸν
939 3260 1116 3329 λόγον·
1147 3260 1242 3313 καὶ
1279 3259 1428 3314 δοκεῖ
1459 3262 1558 3332 μέν
1587 3261 1816 3326 ἐκείνοις
1848 3261 2094 3331 διαλέγε-

507 3347 653 3409 σθαι,
684 3345 837 3417 ὀρθοῖ
874 3345 931 3398 δέ
961 3347 1086 3408 τοὺς
1118 3344 1590 3415 διαχλευάζοντας.
1621 3347 1730 3399 Kal
1752 3347 1863 3418 γάρ
1891 3346 2093 3418 ᾠκονο-

509 3429 658 3500 μήθη
687 3427 840 3492 τινάς
869 3427 1243 3498 διαχλευάσαι,
1295 3429 1383 3481 ἵνα
1432 3428 1606 3500 ἀρχὴν
1651 3429 1752 3499 τῆς
1797 3429 2092 3498 ἀπολογίας

505 3510 667 3584 λάϐῃ,
709 3511 806 3565 καὶ
844 3510 1282 3580 ἀπολογούμενος
1330 3511 1537 3584 διδάξῃ.
1585 3512 1744 3581 Μέγα
1775 3512 1882 3582 ἄρα
1912 3511 2090 3582 ἐγκώ-

505 3615 632 3669 μιον
660 3596 908 3669 ἡγοῦντο,
941 3597 1036 3649 καὶ
1080 3595 1142 3649 τὸ
1172 3595 1231 3648 ἐν
1264 3595 1654 3668 Ἰεροσολύμοις
1687 3599 1876 3652 οἰκεῖν.
1911 3597 2091 3651 Τοῦτο

503 3681 669 3752 ὑμῖν,
706 3682 861 3752 φησὶ,
903 3679 1179 3750 γνωστὸν
1216 3679 1394 3744 ἔστω,
1444 3680 1543 3734 καὶ
1593 3680 1965 3734 ἐνωτίσασθε
2019 3681 2092 3735 τὰ

494 3763 736 3837 ῥήματὰ
747 3781 885 3833 μου.
914 3764 1465 3835 Προσεκτικωτέρους
1489 3761 1625 3827 τέως
1655 3763 1851 3827 αὑτοὺς
1872 3766 2016 3816 ποιεῖ
2036 3775 2085 3819 ⁸.

503 3844 642 3902 Εἶτα
678 3849 778 3901 καὶ
812 3846 1188 3915 ἀπολογεῖται.
1220 3846 1300 3900 Οὐ
1340 3845 1472 3915 γὰρ,
1503 3845 1577 3912 ὡς
1608 3845 1779 3915 ὑμεῖς
1811 3849 2088 3916 ὑπολαμ-

504 3929 737 3993 ϐάνετε,
787 3924 954 3985 οὗτοι
1000 3929 1356 3998 μεθύουσιν.
1416 3928 1577 3999 Ὁρᾷς
1621 3927 1719 3998 τὴν
1766 3927 2084 3996 ἀπολογίαν,

503 4013 625 4078 πῶς
669 4013 987 4086 προσηνής;
1035 4012 1228 4066 Καίτοι
1270 4011 1333 4064 τὸ
1387 4011 1546 4065 πλέον
1595 4011 1734 4081 ἔχων
1768 4011 1861 4066 τοῦ
1911 4011 2086 4084 δήμου

501 4097 627 4169 μεθ’
661 4095 881 4160 ἐαυτοῦ,
912 4096 1314 4168 ἐπιεικέστερον
1341 4095 1492 4164 ὅμως
1527 4095 1710 4156 αὑτοῖς
1740 4095 2083 4164 διαλέγεται·

500 4183 599 4236 καὶ
631 4181 896 4253 πρότερον
923 4181 1139 4251 ἀναιρεῖ
1162 4179 1260 4251 τὴν
1291 4178 1528 4248 ὑποψίαν
1555 4177 1654 4248 τὴν
1688 4179 1950 4250 πονηρὰν,
1993 4179 2087 4233 καὶ

500 4267 620 4318 τότε
658 4264 874 4336 ἐκείνην
905 4265 1107 4336 ἵστησι.
1152 4264 1243 4318 Διό
1282 4262 1378 4316 καὶ
1413 4263 1514 4316 οὑκ
1542 4258 1716 4326 εἶπεν,
1759 4262 1834 4316 υὺ
1873 4263 1982 4335 γάρ
2014 4263 2090 4328 ὡς

500 4349 660 4416 ὑμεῖς
690 4347 1001 4418 χλευάζετε,
1037 4345 1187 4410 οὔτε,
1245 4346 1336 4409 Ὦς
1368 4346 1526 4416 ὑμεῖς
1549 4345 1765 4414 γελᾶτε,
1807 4345 1946 4412 ἀλλ’,
1987 4346 2083 4412 Ὠς

498 4428 975 4496 ὑπολαμϐάνετε,
1009 4429 1334 4498 βουλόμενος
1363 4429 1468 4481 οὑκ
1511 4427 1764 4499 ἐπίτηδες
1802 4428 1962 4482 τοῦτο
1999 4429 2088 4482 λέ-

500 4528 699 4580 γοντας
720 4510 914 4577 δεῖξαι,
952 4510 1089 4564 ἀλλά
1119 4510 1255 4574 τέως
1280 4510 1468 4574 αὑτοῖς
1511 4511 1817 4580 περιθεῖναι
1863 4513 2087 4580 ἀγνοίας

497 4592 706 4664 ,μᾶλλον
780 4593 814 4664 ἢ
857 4592 1194 4662 κακουργίας
1233 4592 1506 4665 ἔγκλημα.
1552 4587 1665 4666 [41]
1715 4596 1799 4648 ού
1844 4594 1976 4664 γὰρ,
2005 4596 2087 4663 ὠς

496 4675 668 4744 ὑμεῖς
705 4675 1180 4744 ὑπολαμϐάνετε,
1210 4672 1377 4732 οὗτοι
1408 4677 1762 4745 μεθύουσιν·
1809 4676 1944 4732 ἐστι
1973 4680 2084 4750 γὰρ

497 4758 619 4826 ὥρα
668 4760 832 4826 τρίτη
871 4757 982 4827 τῆς
1023 4758 1267 4828 ἡμέρας.
1308 4760 1415 4813 Καὶ
1454 4760 1508 4812 τί
1557 4778 1690 4833 φησι
1739 4761 1939 4829 τοῦτο;
1983 4764 2086 4817 οὑκ

495 4841 578 4895 tv:
620 4843 714 4896 καὶ
764 4844 823 4896 ἐν
869 4845 937 4914 τῇ
976 4843 1137 4916 τρίτῃ
1185 4843 1306 4916 ὥρᾳ
1360 4843 1613 4914 μεθύειν;
1649 4846 1789 4908 Ἔνι,
1837 4845 1951 4900 ἀλλ’
1985 4847 2087 4901 οὑκ

493 4922 520 4974 ἐ
543 4941 630 4993 ῖτη
659 4925 796 4996 πρὸς
826 4925 984 4978 τοῦτο
1032 4927 1125 4978 ἐπὶ
1154 4925 1315 4979 πολύ·
1349 4926 1472 4979 οὐδὲ
1505 4924 1614 4996 γὰρ
1648 4926 1676 4966 b
1711 4927 1885 4992 οὕτως
1912 4925 2082 5000 εἶχον,

497 5007 572 5068 ὡς
627 5005 1075 5077 διαχλευάζοντες
1120 5009 1277 5062 αὑτοί
1315 5008 1524 5077 ἔλεγον.
1578 5009 1787 5064 Οὐκοῦν
1833 5011 2083 5066 ἐντεῦθεν

499 5088 866 5159 μανθάνομεν,
897 5091 978 5144 ὅτι
1009 5092 1144 5162 πρὸς
1174 5091 1242 5146 τά
1292 5093 1365 5164 μὴ
1399 5094 1673 5161 ἀναγκαῖα
1701 5094 1764 5147 οὑ
1801 5095 1883 5148 δεῖ
1917 5097 2084 5150 πολὺν

494 5171 811 5226 ἀναλίσκειν
836 5173 1016 5240 λόγον.
1048 5173 1260 5238 Ἄλλως
1286 5175 1342 5228 δέ
1369 5177 1463 5229 καὶ
1497 5175 1564 5229 τά
1603 5177 1920 5248 ἐπαγόμενα
1959 5177 2084 5232 τοὺ-

495 5271 589 5308 του
623 5257 740 5309 ἐστὶ
768 5257 1089 5310 συστατικά·
1129 5259 1222 5310 καί
1251 5257 1439 5311 λοιπὸν
1464 5263 1620 5331 κοινῇ
1652 5261 1788 5332 πρὸς
1817 5260 2026 5325 πάντας
2054 5265 2084 5317 ὀ

492 5337 651 5409 λόγος
676 5340 907 5409 γίνεται.
941 5340 1129 5395 Ἀλλὰ
1164 5342 1343 5395 τοῦτό
1373 5343 1505 5395 ἐστι
1538 5345 1604 5398 τὸ
1639 5345 1955 5414 εἰρημένον
1983 5347 2083 5403 διὰ

493 5426 602 5480 τοῦ
628 5425 942 5497 προφήτου
975 5425 1160 5493 Ἰωήλ·
1190 5427 1299 5480 Καὶ
1323 5425 1495 5480 ἔσται
1523 5427 1594 5481 ἐν
1619 5430 1752 5494 ταῖς
1787 5429 2080 5500 ἐσχάταις

496 5506 762 5575 ἡμέραις,
797 5511 963 5578 λέγει
1001 5510 1215 5577 Κύριος
1254 5511 1286 5562 ὀ
1324 5511 1485 5575 Θεός.
1519 5510 1770 5580 Οὑδαμσῦ
1800 5512 1938 5576 τέως
1965 5513 2082 5566 ὅνο-

495 5606 577 5658 μα
612 5591 706 5643 τοῦ
743 5593 1006 5661 Χριστοῦ,
1035 5594 1156 5648 οὑδέ
1198 5595 1231 5665 ἡ
1281 5593 1605 5663 ἐπαγγελία,
1647 5595 1812 5650 αὑτοῦ
1843 5598 2082 5667 ἐπαγγε-

489 5673 609 5737 Ma,
647 5675 784 5729 ἀλλά
823 5677 918 5729 τοῦ
955 5679 1195 5751 Πατρός.
1243 5679 1388 5749 Ὅρα
1432 5677 1670 5735 σύνεσιν.
1709 5681 1783 5734 Οὑ
1833 5681 2080 5752 παρῆλθε

489 5758 590 5810 καὶ
622 5753 776 5812 εἶπεν
808 5760 1009 5824 εὑθέως
1038 5762 1108 5815 τά
1139 5763 1281 5816 κατά
1310 5763 1402 5815 τὸν
1447 5761 1703 5834 Χριστὸν,
1749 5763 1832 5816 ὅτι
1872 5765 2080 5830 ἐκεῖνος

489 5839 866 5911 ἐπηγγείλατο
893 5841 1068 5896 ταῦτα
1102 5846 1242 5914 μετά
1270 5845 1330 5896 τὸ
1365 5845 1778 5916 σταυρωθῆναι·
1815 5841 1850 5918 ἦ
1879 5847 1988 5918 γὰρ
2012 5846 2079 5902 ἂν

553 5964 580 5997 ⁸
601 5967 746 6016 Alius
779 5965 950 6022 αὐτοὺς
973 5967 1213 6026 ἐποίησεν.

551 6029 586 6070 ο
612 6026 754 6081 Alius
771 6027 890 6094 πρὸς
908 6026 1055 6078 τοῦτο
1092 6027 1314 6091 ἀκριϐῶς·
1348 6030 1456 6079 οὐδὲ

1355 6123 1387 6130 ..Α

2198 2939 2378 3021 πάντα
2431 2939 2726 3012 ἀνέτρεψεν
2768 2939 2944 3005 οὕτως
2981 2942 3172 2996 είπών.
3220 2943 3332 2996 Kal
3381 2943 3487 3016 μὴν
3521 2946 3680 3001 ἱκανὰ
3708 2943 3794 3021 ἦν

2195 3020 2368 3086 δεῖξαι
2399 3023 2586 3088 αὑτοῦ,
2617 3024 2772 3095 φησὶ,
2802 3023 2900 3096 τὴν
2935 3025 3184 3097 θεότητα.
3221 3027 3384 3081 Ἀλλά
3413 3020 3790 3102 πιστευόμενα

2198 3103 2280 3176 (τὸ
2300 3105 2358 3159 δὲ
2387 3104 2719 3177 ζητούμενον
2741 3108 2879 3173 τέως
2907 3109 3258 3182 πιστευθῆναι
3285 3107 3396 3184 ἦν),
3435 3112 3510 3185 μὴ
3536 3113 3792 3167 πιστευό-

2201 3206 2340 3260 μενα
2388 3191 2468 3255 δὲ,
2514 3193 2607 3247 καὶ
2652 3196 3089 3266 καταλευσθῆναι
3137 3196 3336 3262 αὑτοὺς
3385 3199 3452 3252 ἂν
3498 3198 3781 3270 ἐποίησεν.

2210 3275 2426 3342 Ἐκχεῶ
2480 3277 2600 3332 ἀπὸ
2659 3281 2767 3335 τοῦ
2837 3281 3184 3351 Πνεύματός
3237 3300 3361 3350 μου
3418 3284 3516 3337 ἐπὶ
3571 3283 3788 3340 πᾶσαν

2196 3358 2415 3429 σάρκα.
2461 3363 2656 3417 Δίδωσι
2686 3366 2779 3418 καὶ
2830 3366 3013 3429 αὑτοῖς
3063 3366 3285 3431 ἐλπίδας
3330 3369 3594 3440 χρηστὰς,
3635 3369 3690 3422 εἰ
3711 3386 3783 3438 γε

2198 3450 2422 3506 θέλοιεν.
2451 3453 2564 3506 Kal
2590 3455 2691 3508 οὑκ
2721 3455 2950 3527 ἀφίησιν
2982 3457 3162 3511 αὑτῶν
3187 3455 3324 3513 εἶναι
3356 3459 3416 3513 τὸ
3448 3460 3783 3533 πλεονέκτη-

2199 3552 2296 3607 μα,
2324 3537 2460 3608 δπερ
2488 3537 2584 3591 καὶ
2615 3538 2915 3609 βασκανίαν
2954 3541 3147 3606 ἐποίει,
3174 3543 3269 3596 καὶ
3300 3543 3472 3616 ταύτῃ
3511 3543 3604 3598 τόν
3645 3544 3781 3613 φθό-

2195 3637 2285 3672 νον
2319 3621 2778 3694 ὑποτεμνόμενος.
2813 3625 2920 3680 Καί
2951 3628 3464 3696 προφητεύσουσι,
3498 3628 3683 3699 φησὶν,
3724 3632 3784 3685 οι

2194 3705 2311 3758 υίοὶ
2353 3705 2541 3775 ὑμῶν.
2591 3705 2731 3760 Οῦτε
2780 3708 2956 3779 ὑμῶν,
3011 3711 3166 3780 φησὶ,
3219 3711 3554 3783 κατόρθωμα
3597 3711 3777 3778 τοῦτο,

2190 3787 2325 3875 οὔτε.
2361 3788 2467 3862 μὴν
2489 3789 2784 3862 ἐγκώμιονο
2819 3792 2996 3875 είς¹τά
3026 3793 3215 3848 παιδία
3243 3793 3314 3848 τά
3347 3795 3593 3867 ὑμέτερα
3622 3795 3778 3867 διέϐη

2195 3871 2228 3942 ἡ
2263 3872 2441 3944 χάρις’
2475 3875 2654 3927 αὑτῶν
2684 3877 2832 3941 υίοὺς
2867 3871 3097 3942 ἑαυτοὺς
3123 3879 3303 3932 καλῶν
3335 3889 3385 3942 ο,
3412 3881 3503 3933 καὶ
3533 3880 3781 3950 πατέρας

2195 3955 2461 4021 ἐκείνους.
2495 3959 2605 4012 Kal
2645 3962 2700 4013 οί
2732 3962 3045 4016 νεανίσκοι
3097 3960 3266 4032 ὑμῶν
3308 3962 3553 4028 δράσεις
3599 3963 3781 4030 ὄψον-

2193 4057 2308 4103 ται,
2335 4041 2434 4095 καί
2472 4043 2526 4095 οί
2573 4045 2964 4114 πρεσϐύτεροι
2995 4046 3163 4116 ὑμῶν
3197 4046 3455 4101 ἐνύπνια
3489 4048 3779 4100 ἐνυπνια-

2193 4123 2550 4190 σθήσονταιο
2577 4128 2681 4180 καί
2701 4144 2768 4197 γε
2797 4128 2896 4182 ἐπὶ
2933 4128 3074 4194 τοὺς
3104 4127 3367 4196 δούλους
3387 4147 3506 4200 μου
3545 4131 3642 4183 καί
3673 4132 3775 4185 ἐπὶ

2190 4207 2300 4272 τὰς
2332 4206 2556 4274 δούλας
2585 4226 2706 4277 μου
2736 4211 2807 4264 ἑν
2847 4211 2970 4274 ταῖς
3000 4211 3244 4281 ἡμέραις
3283 4212 3539 4279 ἐκείναις
3583 4213 3775 4281 ἐκχεῶ

2189 4289 2307 4344 ἀπὸ
2359 4291 2465 4345 τοῦ
2509 4293 2856 4363 Πνεύματός
2896 4314 3039 4366 μου,
3097 4297 3195 4350 καί
3251 4299 3770 4367 προφητεύσουσι.

2189 4373 2341 4437 Τέως
2377 4374 2651 4429 δείκνυσιν
2695 4379 2894 4444 αὑτοὺς
2946 4379 3397 4452 εὑδοκιμηκότας.
3455 4381 3778 4452 Πνεύματος

2189 4457 2285 4512 ἆτε
2320 4457 2792 4525 καταξιωθέντας·
2848 4463 3092 4528 ἐκείνους
3124 4464 3180 4518 δὲ
3215 4466 3354 4536 οὑχὶ,
3387 4466 3482 4520 ἀτε
3524 4467 3778 4539 σταυρῶ-

2190 4557 2408 4606 σαντας.
2444 4543 2598 4597 υῦτω
2631 4545 2726 4599 καὶ
2773 4546 2800 4598 ό
2837 4547 3074 4618 Χριστὸς
3109 4547 3433 4620 βουλόμενος
3459 4550 3640 4605 αὑτῶν
3668 4568 3776 4622 μα-

2187 4623 2345 4692 λάξαι
2395 4626 2486 4680 τὸν
2537 4628 2708 4700 θυμὸν
2753 4629 2959 4700 ἔλεγεν·
3005 4635 3071 4686 Ol
3114 4633 3183 4687 δὲ
3212 4634 3325 4688 υίοί
3353 4634 3522 4704 ὑμῶν
3557 4635 3627 4689 ἐν
3655 4637 3775 4690 τίνι

2185 4708 2556 4765 ἐκϐάλλουσι
2595 4712 2668 4765 τὰ
2699 4711 3011 4783 δαιμόνια;
3053 4715 3171 4770 Οὑκ
3205 4712 3379 4783 εἶπεν,
3419 4719 3484 4772 Ol
3533 4719 3775 4790 μαθηταί

2191 4808 2324 4862 μουο
2362 4794 2456 4847 καὶ
2482 4795 2591 4866 γάρ
2619 4795 2795 4850 ἐδόκει
2819 4797 3078 4852 κολακεία
3104 4797 3265 4853 εἶναι.
3298 4799 3454 4855 Οὕτω
3482 4804 3578 4854 καὶ
3609 4803 3775 4868 αὑτὸς

2185 4875 2287 4929 οὑκ
2321 4873 2494 4944 εἶπεν,
2528 4878 2610 4932 ὅτι
2641 4879 2704 4932 οὑ
2746 4879 3058 4950 μεθύουσιν,
3090 4883 3246 4949 ἀλλά,
3294 4884 3574 4957 Πνεύματι
3605 4885 3776 4956 φθέγ-

2186 4976 2375 5027 γονται
2395 4975 2410 4991 ο
2449 4961 2543 5016 καὶ
2573 4963 2674 5033 οὑχ
2699 4963 2910 5030 ἅπλῶς,
2936 4965 3054 5019 ἀλλ’
3081 4967 3177 5020 ἐπὶ
3207 4967 3301 5022 τὸν
3331 4971 3617 5042 προφήτην
3645 4987 3777 5025 κατ-

2187 5043 2378 5112 έφυγε,
2414 5045 2508 5098 καὶ
2534 5046 2697 5099 αὑτὸν
2737 5047 2938 5112 ὑποδὺς
2966 5049 3321 5122 ίσχυρίξεται.
3353 5053 3509 5108 Οῦτω
3538 5053 3640 5124 τῆς
3667 5054 3774 5122 μὲν

2187 5129 2519 5200 κατηγορίας
2549 5129 2577 5169 ἀ
2617 5131 2814 5194 αὐτοὺς
2861 5132 3136 5206 ἀπήλλαξε
3186 5135 3255 5189 δι’
3300 5137 3515 5199 ἐαυτοῦ,
3571 5140 3669 5209 τῆς
3709 5139 3771 5193 δὲ

2181 5213 2406 5281 χάριτος
2436 5214 2643 5268 ἐκεῖνον
2677 5216 2918 5287 παράγει
2949 5219 3224 5291 μάρτυρα.
3266 5220 3482 5291 Ἐκχεῶ
3512 5223 3629 5277 ἀπὸ
3659 5221 3772 5276 τοῦ

2186 5296 2533 5364 Πνεύματός
2564 5317 2685 5367 μου
2724 5300 2824 5354 ἐπὶ
2850 5299 3060 5357 πᾶσαν
3089 5302 3311 5372 σάρκα.
3355 5304 3541 5369 Οῦτως
3591 5300 3768 5370 εἶπεν,

2185 5377 2266 5431 δτι
2291 5381 2399 5442 τοῖς
2429 5381 2529 5450 μὲν
2553 5382 2622 5435 δι’
2650 5383 2894 5454 ὀνείρων,
2919 5388 3030 5449 τοῖς
3059 5387 3116 5440 δὲ
3145 5389 3241 5442 καὶ
3267 5389 3523 5458 ἐμφανῶς
3546 5390 3578 5458 ἡ
3608 5388 3772 5460 χάρις

2187 5461 2445 5532 ἐξεχεῖτο.
2477 5466 2589 5518 Kal
2612 5466 2720 5536 γάρ
2748 5469 2846 5521 καὶ
2871 5468 2939 5522 δι’
2963 5469 3188 5542 ὀνείρων
3216 5467 3358 5526 εἶδον
3385 5473 3433 5525 οί
3469 5474 3770 5544 προφῆται,

2187 5547 2282 5598 καὶ
2313 5549 2685 5619 ἀποκαλύψεις
2710 5552 2982 5618 ἐδέξαντο.
3005 5549 3138 5608 Εἶτα
3157 5554 3514 5627 ἐπεξέρχεται
3544 5559 3610 5627 τῇ
3637 5573 3776 5628 προσ

2188 5630 2388 5702 φητείᾳ
2425 5633 2625 5705 ἐχούσῃ
2674 5651 2726 5688 τι
2774 5636 2871 5690 καὶ
2927 5637 3175 5710 φοϐερόν.
3227 5639 3339 5693 Kal
3385 5639 3577 5704 δώσω,
3611 5638 3773 5710 φησὶέ

2186 5714 2402 5782 τέρατα
2439 5718 2509 5770 ἐν
2543 5717 2624 5784 τῷ
2663 5720 2899 5788 οὐρανῷ
2927 5722 3073 5788 ἄνω,
3114 5723 3214 5776 καί
3255 5724 3475 5793 σημεῖα
3513 5724 3617 5779 ἐπὶ
3658 5723 3776 5792 τῆς

2186 5796 2302 5867 τῆς
2327 5800 2509 5857 κάτω.
2540 5801 2727 5858 Ταῦτα
2757 5806 2852 5860 καὶ
2883 5806 3016 5877 περὶ
3059 5806 3162 5877 τῆς
3194 5805 3499 5876 μελλούσης
3534 5806 3778 5879 κρίσεως

2255 5974 2277 6003 ⁸
2315 5973 2449 6024 L'nus
2492 5974 2598 6025 cod.
2626 5977 2754 6033 υίοὺς
2778 5975 2948 6036 αὐτοὺς
2983 5979 3139 6027 αὑτῶν
3172 5981 3323 6034 καλεῖ.

2191 6037 2317 6084 οὕτω
2360 6038 2501 6098 λέγει.
2542 6041 2637 6094 Τῆς
2679 6041 2760 6100 μὲν
2803 6039 2884 6090 οὖν
2929 6043 3229 6110 κατηγορίας.

3411 5981 3437 6021 ά
3462 5981 3566 6033 Alii
3598 5979 3780 6040 ὑποδὺς
