4092 6440
361 476 428 535 ις
1348 456 1415 516 IN
1455 454 1637 513 acra
1676 442 1994 507 APOS‘I'OU

2102 439 2199 497 illi.
2221 437 2453 498 liOMlL.
2493 435 2560 493 Υ.

2059 558 2365 616 daemonum
2398 563 2524 611 sunt
2553 552 2694 625 apud
2724 553 2865 610 illos.
2917 551 3125 623 Estque
3174 567 3271 608 rex
3319 566 3483 623 penes
3532 553 3656 610 illos

359 595 499 667 apud
528 592 651 648 illos
672 602 792 646 esse
811 587 1018 645 dicunt.
1040 585 1273 647 Corvus,
1298 579 1564 649 inquiunt,
1587 572 1737 629 novit
1756 570 1948 634 Deum,

358 699 415 743 ut
436 696 492 742 et
509 683 720 748 cornix,
743 697 806 736 ac
828 678 1126 751 prophetia:
1142 676 1342 729 donum
1372 672 1591 734 habent,
1617 667 1789 721 ﬁttura
1816 673 1955 732 pra:-

361 777 546 832 dicunt
566 794 582 831 :
602 773 743 845 apud
761 772 884 828 illos
900 769 1129 840 iustitia,
1151 762 1473 834 reSpublica,
1494 760 1660 830 leges,
1682 753 1958 845 invidiam-

360 884 463 939 que
483 866 628 936 apud
646 844 771 919 illos
788 863 937 918 canis
955 861 1118 915 habet
1144 855 1437 911 secundum
1471 852 1769 908 Platonem.
1790 844 1953 939 Dictis

362 932 595 1014 [ortasse
622 956 779 1011 ﬁdem
800 972 905 1010 non
931 950 1171 1008 habetis?
1189 948 1352 1018 quue
1372 943 1585 1004 merito,
1612 948 1796 1010 utpote
1815 932 1962 992 sanis

361 1051 579 1108 educati
606 1046 963 1119 dogmatibus.
997 1042 1181 1112 Quivis
1210 1039 1353 1095 enim
1393 1036 1495 1091 hoc
1522 1033 1644 1089 cibo
1672 1031 1962 1093 educatus,

362 1158 664 1212 numquam
696 1139 882 1195 credet
913 1137 1181 1191 hominem
1213 1147 1334 1187 esse
1356 1170 1371 1195 ,
1400 1128 1487 1199 qui
1517 1136 1756 1181 stercora
1792 1120 1966 1177 liben-

366 1245 448 1289 ter
473 1235 747 1305 degustet.
775 1231 906 1286 Cum
929 1244 1056 1299 ergo
1078 1227 1305 1282 dicimus
1329 1222 1453 1285 illis,
1480 1220 1594 1274 haec
1620 1216 1825 1271 fabulas
1842 1227 1966 1305 esse

367 1336 423 1381 et
448 1302 762 1397 insipientia
791 1323 945 1393 plena
978 1335 994 1386 ;
1038 1333 1147 1373 non
1176 1312 1473 1385 iutelligitis
1503 1353 1519 1378 ,
1548 1308 1815 1379 inquiunt.
1840 1302 1959 1360 Uti-

374 1435 503 1473 nam
533 1433 651 1472 rem
683 1425 789 1470 tam
841 1412 1120 1469 ridiculam
1160 1421 1452 1477 numquam
1490 1397 1969 1471 intelligamustEt

368 1527 505 1567 sane
528 1526 638 1564 non
667 1510 738 1563 ita
761 1506 1023 1579 profundo
1050 1518 1211 1560 sensu
1234 1516 1370 1573 Opus
1403 1508 1486 1555 est
1513 1539 1528 1562 ,
1568 1504 1625 1550 ut
1651 1495 1920 1549 discamus
1950 1532 1965 1557 ,

368 1605 506 1674 quid
549 1603 655 1658 sibi
683 1603 794 1655 vult
821 1601 909 1655 illa
934 1608 1076 1653 tanta
1116 1596 1363 1666 impietas
1402 1601 1452 1648 et
1495 1603 1675 1645 rerum
1704 1584 1967 1642 confusio.

370 1699 515 1755 Num
538 1712 824 1752 corvorum
854 1710 1003 1748 more
1030 1690 1341 1761 loquimini,
1373 1702 1406 1740 ο
1428 1684 1600 1740 insani
1631 1725 1645 1748 ,
1680 1690 1738 1735 ut
1769 1678 1972 1734 faciunt

371 1790 577 1861 pueri?
608 1790 844 1843 Inlantes
883 1786 1079 1856 quippe
1108 1783 1238 1837 estis
1264 1821 1277 1843 ,
1310 1788 1364 1832 ut
1395 1777 1490 1831 illi.
1524 1775 1592 1830 At
1623 1774 1811 1828 l’etrus
1840 1768 1973 1861 nihil

374 1860 489 1939 tale
519 1882 677 1948 dixit,
710 1879 804 1934 scd
836 1894 1016 1933 vocem
1055 1875 1233 1930 emisit
1264 1915 1278 1939 ,
1318 1886 1435 1941 qua:
1461 1868 1612 1939 quasi
1645 1866 1698 1919 in
1735 1860 1973 1917 tenebris

375 1978 557 2031 lucem
577 1988 823 2044 magnam
855 1972 1155 2034 emitteret,
1182 1976 1237 2021 et
1264 1964 1546 2033 caliginem
1572 1960 1623 2013 in
1653 1957 1784 2012 orbe
1810 1953 1974 2010 dissi-

377 2079 558 2141 paret.
594 2066 792 2121 Verum
840 2080 1019 2119 mores
1058 2063 1202 2116 illius
1255 2073 1414 2128 quam
1462 2062 1618 2109 erant
1664 2047 1973 2110 mansueti,

377 2177 544 2234 quam
569 2160 806 2219 humani,
831 2172 988 2228 quam
1020 2154 1083 2207 ab
1109 2153 1253 2207 omni
1286 2164 1416 2204 vana
1447 2147 1615 2219 gloria
1637 2143 1817 2207 alieni,
1845 2154 1979 2211 quo-

377 2254 551 2309 modo
579 2252 648 2305 ad
671 2250 860 2305 ca-lum
896 2246 1216 2317 respiciebat
1246 2243 1363 2298 sine
1393 2241 1529 2294 fastu
1551 2279 1565 2306 ,
1590 2238 1717 2292 licet
1736 2243 1979 2290 mortuos

379 2345 681 2401 sna-itaret
712 2345 727 2396 2
756 2340 907 2409 Quod
926 2340 968 2393 si
995 2338 1078 2393 cui
1102 2334 1464 2405 insipientium
1493 2332 1705 2385 illorum
1749 2324 1979 2380 accidis-

379 2448 488 2503 set,
523 2446 582 2491 nt
608 2451 702 2506 per
724 2433 1056 2505 phantasiam
1086 2439 1140 2483 et
1165 2427 1402 2498 speciem
1432 2423 1536 2477 tale
1558 2420 1829 2493 quidpiam
1851 2431 1976 2487 age-

381 2542 470 2587 ret
508 2571 525 2595 ,
580 2543 759 2583 annon
804 2527 986 2581 statim
1035 2537 1183 2577 aram
1237 2517 1551 2589 expcliissct
1588 2528 1651 2569 ac
1688 2511 1980 2581 templum,

382 2636 453 2678 ac
510 2623 619 2676 Deo
673 2635 767 2689 par
813 2616 999 2672 haberi
1051 2612 1407 2685 pestulasset;
1457 2623 1579 2663 cum
1625 2604 1760 2659 nihil
1802 2602 1984 2672 hujus-

382 2713 538 2769 rnodi
602 2722 822 2783 agentes
852 2753 868 2778 ,
921 2709 1043 2764 talia
1103 2702 1505 2777 imaginentur?
1547 2698 1684 2767 Quid
1734 2697 1835 2752 sibi
1886 2710 1981 2749 vo-

385 2808 514 2862 lunt
547 2806 687 2878 apud
729 2804 850 2859 illos
887 2801 1123 2857 Minerva
1155 2838 1171 2865 ,
1225 2796 1418 2867 Apollo
1461 2802 1517 2848 et
1564 2790 1746 2847 Juno?
1774 2786 1989 2843 Genera

3588 434 3658 492 60

2063 653 2153 724 qtti
2187 652 2323 705 mori
2354 658 2526 719 Optat,
2556 659 2613 703 ut
2640 663 2736 718 par
2762 646 2866 702 diis
2888 647 3169 702 habeatur.
3198 646 3392 701 Verum
3425 645 3653 716 apostoli

2064 759 2172 798 non
2194 743 2293 805 sic,
2324 741 2419 796 sed
2441 749 2625 795 contra
2659 738 2879 793 faciunt.
2908 738 3045 793 Audi
3078 755 3306 808 namque
3335 740 3455 793 illos
3481 741 3639 793 diem

2067 848 2167 902 tes,
2193 846 2473 907 postquam
2494 833 2716 889 claudus
2740 842 2960 887 sanatus
2991 833 3163 887 fuerat
3187 850 3202 885 :
3235 832 3346 886 Viri
3363 831 3619 888 Israelita:
3641 873 3655 893 ,

2066 932 2189 1002 quid
2236 948 2332 985 nos
2371 928 2635 982 intuemini
2670 971 2682 992 ,
2714 926 2859 998 quasi
2918 935 3091 979 nostra
3133 926 3314 979 virtute
3359 936 3446 979 aut
3474 927 3660 995 pietate

2071 1024 2343 1094 fecerimus
2371 1022 2541 1093 ipsum
2562 1019 2822 1073 ambulare
2851 1018 2986 1088 (Act.
3016 1018 3070 1072 5.
3101 1015 3192 1088 12)
3220 1017 3243 1070 ?
3274 1032 3460 1071 rursus
3486 1018 3613 1070 alibi
3638 1057 3655 1081 ,

2073 1114 2187 1169 Nos
2212 1114 2403 1168 similes
2432 1112 2569 1166 vobis
2598 1112 2859 1182 passibilcs
2905 1112 3135 1165 homines
3181 1127 3359 1164 sumus
3399 1109 3534 1181 (Act.
3570 1111 3658 1166 Μ.

2071 1206 2183 1276 14).
2213 1204 2329 1259 Illic
2359 1219 2487 1259 vero
2518 1205 2716 1258 multus
2758 1212 2842 1258 est
2888 1203 3053 1258 fastus
3073 1245 3088 1266 ,
3120 1203 3283 1257 multa
3314 1203 3614 1273 arrogantia
3644 1219 3661 1253 :

2073 1298 2253 1353 omnia
2294 1298 2437 1352 enim
2478 1312 2577 1367 pro
2606 1296 2856 1351 humanis
2880 1295 3177 1351 honoribus
3204 1335 3220 1362 ,
3266 1295 3398 1350 nihil
3429 1295 3667 1366 philoso-

2071 1390 2214 1462 phia:
2245 1389 2415 1460 gratia
2445 1388 2696 1459 agebant.
2736 1387 2835 1443 Ubi
2864 1389 3007 1442 enim
3056 1387 3241 1457 gloria:
3284 1401 3444 1440 causa
3472 1386 3669 1455 agitur,

2075 1481 2257 1536 omnia
2287 1480 2414 1535 vilia
2442 1489 2681 1534 manent.
2726 1479 2877 1534 Licet
2911 1481 3053 1534 enim
3079 1480 3257 1534 omnia
3286 1480 3408 1550 quis
3431 1479 3625 1534 habent
3652 1520 3669 1544 ,

2075 1572 2121 1627 si
2145 1572 2246 1628 hoc
2268 1587 2375 1626 non
2407 1579 2606 1635 teneat,
2638 1571 2707 1623 ah
2726 1570 2872 1625 omni
2907 1570 3246 1641 philosophia
3267 1570 3461 1625 excidit
3500 1613 3515 1637 ,
3550 1571 3668 1624 vio-

2076 1663 2307 1719 lentiore
2349 1678 2414 1717 ac
2446 1664 2685 1733 turpiore
2724 1662 2915 1716 morbo
2949 1661 3221 1716 detentus.
3272 1662 3443 1730 Hujus
3486 1662 3672 1732 glorise

2080 1765 2424 1826 contemptus
2450 1756 2517 1810 ad
2549 1757 2687 1811 bona
2717 1756 2895 1809 omnia
2920 1754 3159 1809 docenda
3179 1763 3262 1809 est
3280 1754 3506 1810 idoneus
3534 1766 3581 1805 et
3607 1754 3673 1808 ad

2079 1848 2458 1918 expellendum
2483 1862 2547 1902 ex
2568 1848 2747 1901 anima
2771 1861 2984 1902 omnem
3019 1846 3377 1915 perniciosum
3402 1846 3674 1900 allectum.

2082 1940 2208 1995 Ideo
2230 1956 2323 1993 vos
2349 1939 2538 1993 hortor
2570 1980 2585 2004 ,
2616 1947 2675 1992 ut
2706 1953 2900 2009 magno
2926 1938 3104 1993 studio
3141 1938 3386 1993 morbum
3418 1938 3677 1992 radicitus

2081 2031 2369 2088 evellatis:
2407 2031 2558 2085 nullo
2601 2029 2799 2099 quippe
2845 2028 2955 2083 alio
2998 2028 3161 2083 modo
3208 2044 3493 2099 possumus
3535 2029 3676 2099 apud
3777 2086 3789 2099 ,

2084 2123 2254 2179 Deum
2281 2138 2401 2177 esse
2426 2122 2638 2194 probati
2668 2164 2683 2187 ,
2735 2131 2789 2177 et
2821 2122 3086 2177 insomnis
3112 2122 3257 2177 illius
3281 2123 3420 2178 oculi
3449 2123 3683 2178 benevo-

2084 2218 2305 2272 lentiam
2336 2216 2496 2271 nobis
2519 2215 2817 2271 attrahere.
2850 2214 3037 2286 Itaque
3061 2230 3247 2270 curam
3276 2230 3493 2270 omnem
3521 2214 3680 2269 adhi-

2084 2308 2308 2364 beamus
2340 2350 2356 2375 ,
2389 2315 2447 2359 ut
2473 2321 2706 2376 superna
2734 2306 2826 2360 illa
2853 2305 3097 2361 fruamur
3126 2307 3295 2377 gratia
3323 2344 3339 2373 ,
3381 2315 3440 2360 ut
3466 2315 3521 2360 et
3547 2322 3682 2376 pra:-

2085 2400 2259 2454 seutia
2309 2399 2449 2452 mala
2494 2396 2759 2468 fugiamus
2792 2438 2809 2465 ,
2837 2406 2895 2453 et
2939 2398 3129 2453 futuris
3173 2398 3459 2468 dignemur
3488 2398 3642 2452 bonis
3667 2438 3682 2461 ,

2085 2491 2255 2561 gratia
2284 2501 2339 2545 ct
2360 2489 2690 2559 benignitate
2718 2490 2928 2545 Domini
2958 2490 3277 2546 nostrilesn
3304 2490 3530 2558 Christi,
3556 2491 3670 2561 qui-

2087 2597 2208 2637 cum
2235 2581 2380 2636 Patri
2408 2590 2460 2635 et
2487 2581 2706 2650 Spiritui
2734 2589 2921 2637 sancto
2938 2582 3127 2653 gloria,
3153 2582 3463 2652 imperium,
3492 2582 3685 2646 honor,

2090 2690 2233 2731 nunc
2248 2686 2301 2730 et
2321 2689 2560 2746 semper,
2589 2683 2643 2730 et
2673 2675 2727 2729 in
2756 2675 2953 2729 saecula
2973 2676 3315 2735 saeculorum.
3340 2677 3534 2731 Amen.

400 2918 3694 2963 ΝΜ

1796 2998 2147 3065 HOMILIA
2188 2996 2268 3060 ν.

387 3167 530 3225 ειν.
557 3165 684 3225 9.,v.
723 3162 810 3217 14.
847 3158 953 3213 Viri
979 3157 1154 3211 Juda'i
1184 3198 1199 3221 ,
1238 3163 1286 3210 et
1320 3154 1405 3224 qui
1434 3149 1672 3205 habitatis
1699 3144 1989 3200 Jerusalem

466 3256 691 3314 universi
717 3298 734 3323 ,
779 3256 874 3308 hoc
900 3252 1037 3306 vobis
1067 3258 1240 3305 notum
1267 3249 1332 3303 sit
1361 3289 1375 3313 ,
1431 3254 1479 3300 et
1504 3243 1710 3297 auribus
1740 3238 1990 3311 percipite

473 3350 624 3406 verba
648 3365 778 3402 utea.

475 3446 529 3498 1.
557 3442 703 3511 Quos
747 3437 996 3509 superius
1045 3433 1361 3506 peregrinos
1402 3429 1574 3492 dixit,
1629 3425 1697 3480 ad
1744 3424 1864 3478 illos
1908 3420 1995 3474 hic

398 3549 713 3592 sermonem
735 3528 1003 3586 convertit
1032 3545 1047 3581 :
1075 3536 1129 3580 et
1153 3524 1365 3579 videtur
1386 3520 1603 3592 quidem
1627 3518 1748 3573 illos
1769 3512 1993 3583 alloqui,

400 3628 501 3685 sed
547 3627 799 3681 irrisores
852 3620 1123 3698 emendat.
1170 3616 1303 3673 Nam
1358 3614 1538 3669 divina
1588 3605 1997 3679 dispensatione

402 3720 612 3777 factum
641 3726 726 3772 est
755 3725 813 3769 ut
836 3714 1052 3784 quidam
1085 3709 1396 3773 irriderent,
1428 3720 1536 3776 quo
1566 3704 1694 3758 h'ne
1720 3698 1998 3755 defensio.

404 3826 534 3867 nem
564 3808 874 3871 ordiretur,
915 3818 978 3858 ac
1026 3817 1121 3872 per
1166 3801 1311 3854 illam
1356 3798 1596 3852 doceret.
1638 3792 1844 3861 Magna:
1897 3786 2001 3843 sibi

405 3902 555 3958 laudi
598 3914 721 3955 esse
769 3896 1028 3967 putabant
1055 3935 1071 3959 ,
1113 3891 1253 3963 quod
1292 3888 1645 3960 Jerosolymis
1673 3885 1997 3940 habitarent.

413 3992 533 4048 Hoc
549 3991 707 4053 vobis,
748 3988 939 4057 inquit,
973 3994 1145 4039 notum
1166 3984 1230 4037 sit
1255 4024 1270 4049 ,
1293 3992 1338 4036 et
1358 3980 1569 4034 auribus
1596 3977 1837 4048 percipite
1857 3971 2006 4028 verba

410 4100 549 4137 utea.
582 4079 911 4135 Attentiores
938 4076 1154 4131 interim
1182 4074 1302 4128 illos
1331 4071 1506 4127 reddit
1541 4111 1557 4134 ,
1597 4077 1652 4124 et
1687 4075 1871 4138 postea
1898 4064 1996 4119 de—

412 4176 717 4231 fensionem
746 4179 915 4243 parat.
951 4170 1040 4224 15.
1077 4166 1195 4220 Non
1224 4166 1386 4229 enim,
1417 4164 1543 4217 sicut
1571 4177 1657 4215 vos
1696 4157 2005 4229 suspicanti—

415 4266 516 4331 ni,
549 4265 603 4317 lii
650 4262 771 4318 ebrii
817 4270 957 4316 sunt.
1011 4258 1201 4313 Viden’
1222 4271 1381 4327 quam
1429 4254 1574 4308 mitis
1616 4252 1687 4306 sit
1716 4246 2011 4305 defensio?

418 4359 576 4415 Licet
602 4356 857 4426 majorem
891 4352 1070 4425 populi
1102 4362 1307 4421 partem
1339 4364 1523 4405 secum
1564 4347 1826 4411 haberet,
1853 4358 2009 4397 man-

420 4450 630 4507 suctius
657 4458 832 4502 tamen
857 4446 982 4500 illos
1018 4444 1313 4514 alloquitur
1347 4459 1361 4498 :
1394 4455 1459 4494 ac
1485 4439 1659 4509 primo
1687 4435 1881 4490 malam
1910 4449 2009 4488 su-

420 4546 723 4615 spicionem
793 4541 977 4603 tollit,
1022 4536 1321 4607 deindeque
1368 4532 1739 4589 defensionem
1806 4526 2011 4583 statuit.

424 4638 661 4706 Ideoque
705 4651 812 4691 non
841 4634 995 4701 dicit,
1022 4632 1137 4687 Non
1158 4631 1301 4686 enim
1332 4629 1472 4685 sicut
1498 4641 1594 4681 vos
1625 4623 1967 4680 subsannatis
1999 4663 2015 4689 ,

425 4729 515 4783 vel
542 4727 750 4793 ridetis,
774 4725 891 4791 sed,
920 4725 1068 4780 Sicut
1100 4721 1432 4793 suspicamini
1462 4736 1482 4775 :
1513 4716 1801 4774 ostendere
1832 4714 2021 4769 volens

426 4820 555 4877 illos
587 4835 691 4874 non
711 4819 850 4874 serio
877 4817 992 4872 bare
1016 4816 1239 4880 dixisse,
1274 4827 1331 4868 ut
1351 4814 1520 4883 magis
1541 4811 1646 4866 illis
1668 4806 2016 4879 ignorantiae,

428 4928 595 4984 quam
623 4912 836 4967 malitiae
863 4912 1069 4966 crimen
1095 4908 1331 4963 offerret.
1359 4904 1481 4959 Non
1509 4903 1807 4969 enim,sicut
1831 4915 1917 4955 vos
1937 4916 2025 4953 su-

431 5005 727 5077 spicamiui,
758 5005 812 5058 hi
843 5004 965 5058 ebrii
985 5011 1103 5058 sunt
1129 5042 1144 5066 ,
1173 5017 1291 5054 cum
1316 5000 1383 5053 sit
1413 4997 1538 5052 ltora
1579 4996 1680 5051 diei
1725 4995 1890 5049 tertia.
1914 4990 2027 5047 Cur

434 5099 541 5156 hoc
571 5097 955 5153 dicit?annon
1013 5101 1268 5165 poterant
1311 5093 1445 5146 hora
1500 5089 1659 5146 tertia
1714 5086 2025 5143 inebriari?

438 5190 696 5245 Poterant
720 5202 850 5243 sane
881 5186 1019 5253 ;sed
1048 5187 1099 5239 in
1132 5184 1234 5239 hoc
1262 5183 1351 5239 ille
1374 5198 1477 5237 non
1509 5181 1740 5235 multum
1770 5177 2027 5233 instabat:

442 5295 619 5350 neque
638 5280 781 5336 enim
804 5279 879 5333 ita
899 5293 957 5334 se
977 5286 1274 5349 gesserant,
1302 5285 1362 5329 ut
1384 5274 1632 5329 irrisores
1656 5272 1729 5326 illi
1754 5269 2028 5326 dicebant.

444 5371 584 5427 Hinc
613 5385 741 5441 ergo
764 5370 1024 5425 discimus
1057 5410 1073 5435 ,
1106 5368 1159 5423 in
1207 5366 1373 5422 rebus
1421 5380 1528 5419 non
1573 5363 1896 5421 necessariis
1923 5375 2031 5417 non

443 5463 610 5532 longo
651 5461 909 5516 utendum
956 5475 1078 5516 esse
1118 5472 1399 5515 sermone.
1445 5456 1696 5525 Alioquin
1742 5467 1874 5509 vero
1916 5452 2035 5507 lucc

448 5554 771 5609 conﬁrmant
814 5568 934 5624 qua:
976 5560 1317 5622 sequuntur:
1349 5564 1412 5603 ac
1450 5547 1667 5603 demum
1728 5544 1796 5600 ad
1845 5558 2036 5599 omnes

448 5660 631 5700 sermo
656 5643 921 5715 dirigitur.
962 5644 1058 5698 16.
1079 5641 1187 5698 Sed
1213 5642 1308 5695 hoc
1340 5649 1416 5695 est
1456 5638 1592 5711 quod
1634 5639 1823 5691 dictant
1846 5646 1920 5692 est
1948 5653 2039 5704 per

448 5738 749 5807 prephetam
772 5737 893 5792 Joel
918 5752 939 5792 :
974 5737 1065 5791 17.
1092 5734 1159 5790 Ει
1183 5736 1276 5790 erit
1302 5735 1354 5788 in
1385 5732 1667 5788 novissimis
1691 5732 1889 5798 diebus,
1912 5731 2039 5784 dicit

448 5826 708 5885 Dominus
731 5828 870 5884 Deus
900 5826 1042 5899 (Joel
1071 5827 1129 5882 2.
1176 5826 1294 5897 28).
1326 5824 1575 5881 Nondum
1603 5823 1819 5877 auditur
1840 5837 2038 5878 nomen

455 5917 650 5977 Christi
678 5961 698 5991 ,
726 5932 830 5976 nec
853 5918 1143 5993 promissio
1173 5917 1318 5974 illius
1361 5926 1442 5973 est
1476 5958 1492 5985 ,
1520 5914 1616 5972 sed
1656 5913 1837 5969 Patris
1905 5914 2041 5971 Vide

2097 3141 2438 3211 sapientiam.
2471 3140 2589 3196 Non
2616 3142 2797 3197 statim
2826 3143 3040 3198 transiit
3060 3143 3126 3198 ad
3157 3158 3241 3208 ea,
3272 3158 3393 3214 qua:
3419 3141 3694 3198 Christum

2098 3234 2452 3304 spectabant;
2485 3249 2678 3304 nempe
2704 3236 2845 3305 quod
2873 3235 2988 3304 ipse
3021 3236 3136 3291 hare
3167 3236 3475 3306 promiserit
3499 3277 3514 3302 ,
3543 3243 3696 3307 post-

2099 3342 2257 3397 quam
2284 3326 2575 3381 cruciﬁxus
2601 3326 2809 3382 fuerat:
2840 3328 3074 3399 alioquin
3117 3329 3295 3384 omnia
3345 3328 3701 3383 subvertisset

2101 3419 2217 3474 lucc
2243 3418 2492 3475 dicendo.
2521 3420 2681 3490 Atqui
2729 3429 3000 3491 poterant,
3035 3421 3243 3492 inquies
3264 3463 3278 3486 ,
3306 3423 3425 3490 ejus
3449 3422 3702 3479 divinita-

2102 3519 2213 3568 tem
2260 3512 2569 3567 ostendere.
2615 3511 2759 3568 Sane
2806 3514 3020 3583 quidem
3047 3556 3059 3578 ,
3093 3515 3136 3568 si
3182 3514 3386 3569 credita
3432 3514 3697 3571 fuissent:

2104 3608 2249 3677 quod
2287 3614 2470 3660 autem
2515 3605 2624 3674 jam
2657 3607 3002 3675 qumrcbatur
3032 3649 3047 3673 ,
3080 3616 3281 3661 eratut
3310 3606 3700 3664 crederentur:

2106 3715 2213 3754 non
2242 3698 2447 3754 credita
2475 3708 2655 3753 autem
2682 3698 2734 3752 id
2762 3698 3087 3764 effecissent,
3114 3708 3170 3752 ut
3195 3699 3272 3753 illi
3307 3698 3700 3766 lapidarentur.

2108 3790 2394 3857 E/fundam
2420 3789 2484 3844 de
2510 3790 2714 3860 Spiritu
2758 3807 2866 3845 meo
2895 3807 3047 3859 super
3093 3807 3295 3845 omnem
3338 3807 3561 3844 carnem.
3610 3790 3708 3844 Dat

2111 3885 2217 3940 illis
2244 3899 2458 3954 quoque
2484 3899 2634 3953 spem
2657 3884 2873 3949 bonam,
2898 3884 2941 3938 si
2975 3883 3189 3953 quidem
3216 3882 3401 3937 velint.
3444 3882 3552 3937 Nec
3578 3881 3708 3935 sinit

2112 3980 2233 4034 illos
2256 3979 2461 4048 majore
2490 3978 2643 4047 capia
2672 3976 2797 4041 frui,
2832 3977 2975 4048 quod
3006 3977 3227 4032 livorem
3258 3978 3589 4047 peperisset,
3619 3983 3704 4029 at-

2111 4086 2218 4140 que
2255 4070 2383 4123 Ιιῑιιε
2406 4069 2660 4123 invidiam
2689 4070 2934 4124 succidit.
2972 4068 3040 4123 Ει
3073 4069 3468 4140 prop/tetcbunt,
3492 4070 3705 4139 inquit,

2116 4163 2212 4231 ﬁlii
2241 4162 2411 4214 vestri.
2448 4160 2566 4215 Non
2607 4173 2780 4215 vestra
2810 4170 2892 4215 est
2926 4163 3040 4217 haec
3085 4174 3170 4214 res
3202 4162 3456 4231 prmclara
3484 4201 3498 4225 ,
3536 4175 3707 4228 neque

2114 4261 2293 4307 vestra
2326 4252 2478 4317 laus;
2505 4251 2599 4305 sed
2630 4251 2698 4306 ad
2742 4252 2880 4304 ﬁlios
2910 4261 3121 4305 vestros
3147 4251 3315 4321 gratia
3346 4251 3575 4305 transiit.
3628 4250 3710 4303 Di-

2117 4344 2356 4414 scipulos
2385 4352 2542 4398 vocat
2568 4345 2704 4397 ﬁlios
2725 4384 2740 4407 ,
2773 4353 2828 4398 et
2857 4344 2975 4397 illos
3007 4352 3206 4412 patres.
3239 4342 3304 4396 Et
3329 4344 3540 4414 juvenes
3566 4338 3714 4395 vestri

2068 4486 2073 4489 _
2119 4436 2336 4490 visiones
2359 4435 2617 4502 videbunt,
2638 4444 2684 4488 et
2710 4436 2930 4489 seniores
2960 4435 3109 4488 vestri
3137 4436 3334 4490 somnia
3363 4436 3717 4496 somniabuut,‘

2123 4527 2212 4582 18.
2230 4535 2277 4580 et
2303 4525 2509 4597 quidem
2536 4542 2689 4595 super
2713 4542 2881 4581 servos
2908 4542 3041 4579 meas
3081 4537 3126 4579 et
3153 4542 3306 4597 super
3333 4526 3549 4579 ancillas
3579 4542 3716 4579 meas
3756 4548 3759 4551 λ

2121 4619 2176 4671 in
2202 4617 2377 4671 diebus
2404 4616 2508 4670 illis
2534 4615 2794 4682 eﬂ‘undum
2812 4616 2876 4670 de
2893 4616 3092 4686 Spiritu
3109 4633 3238 4683 meo,
3254 4626 3299 4670 et
3328 4615 3720 4688 prop/tctabuut.

2127 4710 2343 4764 Interim
2372 4708 2608 4763 ostendit
2636 4723 2695 4763 se
2720 4710 2972 4778 probatos
3002 4723 3121 4763 esse
3139 4750 3156 4777 ,
3185 4717 3372 4779 utpote
3398 4710 3486 4780 qui
3518 4708 3718 4779 Spiritu

2128 4810 2316 4859 essent
2343 4801 2546 4872 dignati
2580 4816 2595 4866 ;
2627 4800 2750 4855 illos
2776 4815 2903 4855 vero
2925 4801 3147 4857 minime
3180 4842 3194 4865 ,
3228 4809 3415 4870 utpote
3447 4800 3539 4870 qui
3564 4800 3722 4854 Chri-

2130 4903 2270 4949 stum
2292 4892 2708 4949 cruciﬁxissent.
2743 4892 2868 4946 ldeo
2894 4901 2950 4947 et
2976 4891 3223 4947 Christus
3246 4901 3302 4946 ut
3332 4892 3546 4947 illorum
3581 4892 3727 4949 furo-

2130 5002 2247 5043 rem
2276 4984 2533 5049 sedaret,
2590 4984 2804 5040 dicebat
2834 5003 2846 5038 :
2882 4984 3008 5037 Filii
3047 4994 3214 5039 autem
3240 4985 3390 5038 vestri
3421 4986 3472 5038 in
3499 4986 3599 5055 quo
3628 4983 3726 5052 eji-

2134 5081 2273 5135 ciunt
2299 5079 2551 5134 daamonia
2596 5077 2811 5149 (Matth.
2841 5078 2927 5133 12.
2955 5078 3048 5147 27)
3072 5080 3096 5134 ?
3125 5078 3240 5134 Non
3266 5079 3399 5135 dixit
3433 5122 3448 5147 ,
3477 5076 3729 5149 Discipuli

2137 5171 2243 5226 mei
2270 5187 2286 5237 ;
2337 5186 2462 5225 nam
2493 5170 2597 5225 sibi
2627 5170 2933 5226 adulantem
2962 5172 3248 5243 sapuissct.
3276 5171 3366 5227 Sic
3397 5173 3485 5226 ille
3517 5185 3621 5224 non
3649 5170 3720 5224 di.
3768 5206 3771 5207 ν

2139 5263 2224 5317 xit
2253 5302 2268 5326 ,
2302 5262 2452 5330 ipsos
2496 5277 2600 5315 non
2629 5262 2812 5317 ebrios
2841 5277 2964 5317 esse
2994 5303 3010 5326 ,
3062 5263 3157 5318 sed
3185 5279 3252 5319 ex
3282 5262 3485 5331 Spiritu
3534 5261 3677 5329 loqui
3716 5277 3728 5313 :

2141 5368 2318 5424 neque
2340 5352 2469 5407 illud
2492 5352 2811 5423 simpliciter
2835 5395 2851 5421 ,
2884 5353 2977 5409 sed
3005 5352 3073 5408 ad
3100 5352 3414 5424 praphetam
3442 5351 3682 5421 confugit
3714 5392 3732 5419 ,

2143 5465 2198 5511 et
2228 5454 2321 5509 illo
2352 5452 2520 5510 fretus
2550 5452 2760 5509 fortiter
2785 5455 2914 5525 agit.
2944 5453 3032 5508 Sic
3063 5468 3157 5522 per
3184 5467 3245 5506 se
3277 5449 3494 5521 quidem
3523 5450 3641 5503 illos
3668 5451 3737 5503 ab

2145 5546 2488 5603 accusatione
2511 5547 2760 5615 purgavit
2785 5587 2799 5612 ,
2829 5544 3144 5614 prophetam
3168 5556 3299 5597 vero
3326 5541 3509 5610 gratia:
3541 5550 3735 5597 testem

2147 5638 2371 5695 inducit.
2405 5636 2689 5704 E/fundam
2715 5636 2779 5690 de
2813 5636 3013 5704 Spiritu
3055 5648 3165 5687 meo
3207 5650 3364 5699 super
3395 5650 3594 5687 omnem
3620 5648 3739 5685 car-

2149 5747 2293 5786 nem.
2311 5729 2401 5786 Sic
2424 5730 2579 5794 dixit,
2609 5728 2733 5799 quia
2756 5727 2877 5781 aliis
2902 5740 2999 5795 per
3021 5726 3232 5781 somnia
3268 5767 3284 5792 ,
3313 5726 3433 5780 aliis
3460 5722 3741 5780 manifeste

2152 5822 2318 5894 gratia
2342 5820 2510 5876 eﬁ'usa
2534 5828 2633 5875 est.
2655 5818 2787 5873 Nam
2810 5826 2864 5872 et
2891 5832 2987 5887 per
3008 5816 3215 5874 somnia
3240 5817 3488 5873 viderunt
3512 5813 3741 5888 prophe-

2157 5926 2230 5973 ta:
2258 5958 2273 5985 ,
2303 5925 2358 5972 et
2398 5913 2764 5972 revelationes
2792 5921 3141 5978 acceperunt.
3172 5911 3375 5969 Deinde
3399 5908 3742 5982 progreditur
