4092 6494
383 455 444 512 si
1118 449 1172 504 S.
1215 446 2001 506 JO.\N.\'lSCllRYSOSTOMI
2039 448 2355 506 ARCHIEP.
2395 444 2925 503 CONSTANTINOP.
3609 451 3686 506 5!

385 570 439 623 in
460 564 740 636 prophetia
777 604 793 625 ,
824 577 944 633 qum
987 562 1256 632 quidpiam
1289 563 1528 616 terribile
1573 561 1752 616 habet.
1786 560 1875 618 l9.
1903 560 1974 616 Et

348 653 357 663 ’
387 661 520 712 dttbo
549 698 564 724 ,
614 657 825 726 inquit,
887 657 1121 726 prodigia
1146 655 1198 708 in
1225 657 1350 708 certo
1393 671 1594 710 sursum
1619 696 1632 718 ,
1675 665 1722 708 et
1749 655 1895 725 signa
1921 654 1974 710 in

387 763 521 806 terra
537 751 792 804 deorsum.
824 749 916 804 His
935 761 983 802 et
1012 749 1242 803 futurum
1265 747 1522 817 judicium
1545 746 1980 816 etJerosolytno-

388 859 508 898 rum
536 841 801 897 excidium
827 841 1146 896 subiudicat.
1179 839 1494 910 Sanguinem
1523 849 1568 894 et
1594 840 1783 910 ignem,
1815 849 1862 892 et
1889 855 1982 892 oa-

391 951 566 1005 porem
592 934 739 1003 fumi.
781 933 915 989 Vide
935 975 950 1000 ,
983 933 1254 1002 quomodo
1283 933 1547 988 excidium
1572 933 1861 988 describat.
1881 933 1974 988 20.

390 1024 487 1082 Sol
507 1032 822 1078 convertatur
850 1026 904 1078 in
937 1023 1163 1078 tenebras
1190 1065 1205 1089 ,
1251 1033 1297 1077 et
1327 1023 1450 1077 luna
1475 1025 1528 1076 in
1555 1025 1872 1095 sanguinem.
1900 1024 1978 1079 Ex

387 1114 582 1170 aﬂ'eclu
609 1115 922 1185 patientium
958 1115 1030 1170 ita
1049 1114 1302 1184 loquitur.
1327 1114 1584 1169 Narratur
1610 1124 1785 1170 tamen
1814 1115 1980 1169 multa

389 1205 582 1261 similia
607 1207 657 1260 in
679 1207 810 1262 caelo
827 1207 938 1260 visa
963 1205 1147 1272 fuisse,
1165 1215 1223 1260 ut
1251 1206 1564 1261 testiﬁcatur
1580 1205 1852 1277 Josepltus
1879 1204 1978 1276 (a).

389 1297 613 1354 Interim
641 1298 762 1353 illos
801 1311 1014 1368 quoque
1054 1297 1383 1367 perstrinxit,
1415 1297 1661 1352 tenebras
1685 1312 1804 1367 qum
1833 1296 1982 1351 acci-

393 1388 526 1444 dere
597 1403 948 1455 memorans,
999 1397 1054 1444 et
1103 1389 1263 1444 futuri
1315 1388 1774 1458 exspectationem
1826 1386 1982 1441 indu-

393 1495 545 1538 cens.
590 1481 870 1552 Antequam
898 1482 1062 1536 ueniat
1091 1482 1198 1536 dies
1226 1481 1432 1535 Domini
1458 1497 1674 1551 magnus
1700 1490 1745 1534 et
1765 1479 1985 1550 nsanife-

395 1583 524 1632 stus.
571 1573 652 1629 Ne
690 1576 813 1643 quia
854 1588 998 1630 nunc
1045 1573 1263 1644 impune
1305 1573 1539 1643 peccatis
1569 1614 1584 1637 ,
1620 1571 1833 1642 inquit,
1863 1569 1985 1625 ideo

394 1664 699 1720 conﬁdatis.
757 1665 884 1723 llrcc
932 1667 1190 1736 procemia
1228 1674 1352 1721 sunt
1398 1665 1573 1736 magni
1609 1664 1885 1735 cujusdam
1930 1671 1986 1720 et

397 1760 700 1829 gravissimi
722 1759 851 1814 diei.
881 1759 1086 1826 \‘iden‘,
1111 1759 1382 1830 quomodo
1401 1760 1614 1814 animos
1639 1773 1824 1814 eorum
1851 1771 1985 1813 exa-

397 1851 604 1921 gitavit,
633 1859 689 1905 et
717 1852 882 1906 risum
915 1850 1182 1906 convertit
1201 1851 1254 1904 in
1277 1850 1725 1906 excusationem?
1758 1848 1813 1903 Si
1840 1848 1986 1904 enim

400 1943 516 1998 lnec
539 1952 665 1998 sunt
691 1944 951 2013 prooemia
981 1943 1086 1998 diei
1120 1945 1260 1999 illius
1285 1986 1300 2010 ,
1334 1959 1556 1999 necesse
1579 1953 1654 1999 est
1689 1942 1985 2014 periculum

282 2103 296 2119 ο
401 2036 469 2091 de
495 2037 751 2091 extremis
774 2037 885 2106 jam
933 2037 1234 2091 imminere.
1265 2037 1402 2103 Quid
1444 2038 1622 2091 vero?
1654 2051 1781 2090 num
1813 2036 1989 2106 pergit

402 2127 660 2182 terribilia
691 2127 915 2184 dicere?
943 2128 1314 2199 Nequaquam.
1347 2129 1452 2184 Sed
1483 2128 1650 2199 quid?
1676 2129 1883 2183 Rursus
1899 2127 1990 2182 dat

403 2219 512 2274 illis
541 2219 841 2290 respirandi
869 2220 1066 2282 locum.
1099 2229 1152 2276 et
1182 2220 1258 2274 ait
1281 2238 1294 2273 :
1317 2219 1408 2273 2|.
1439 2219 1509 2274 Et
1533 2220 1626 2273 erit
1656 2261 1670 2286 ,
1702 2220 1864 2274 omnis
1889 2222 1992 2289 qui-

402 2328 615 2382 cumque
637 2312 940 2368 invocaverit
969 2329 1149 2367 nomen
1179 2311 1407 2380 Domini,
1437 2313 1608 2368 salvus
1636 2313 1749 2367 erit.
1784 2311 1896 2367 Hoc
1925 2311 1994 2367 de

401 2404 626 2460 Christo
648 2403 847 2459 dictum
875 2414 975 2471 est,
1013 2415 1068 2460 ut
1096 2405 1291 2462 Paulus
1318 2405 1393 2459 ait
1421 2401 1595 2475 (Rom.
1625 2405 1712 2461 l0.
1742 2405 1829 2475 l3)
1862 2422 1874 2458 :
1909 2404 1996 2460 hic

404 2511 536 2548 vero
564 2510 670 2550 non
701 2495 864 2552 audet
885 2496 936 2551 id
962 2497 1135 2566 palam
1168 2496 1428 2553 revelare.
1463 2496 1612 2551 Dicta
1632 2510 1761 2551 vero
1791 2511 1819 2550 a
1849 2495 1998 2567 prin-

401 2587 550 2654 cipio
589 2594 916 2655 repetamus.
972 2587 1140 2642 Recte
1178 2586 1330 2651 quasi
1376 2585 1636 2641 adversus
1682 2585 1917 2640 ridentes
1942 2593 1999 2640 et

406 2678 1066 2750 subsannantesinsurgit,
1100 2678 1322 2734 dicens:
1359 2677 1554 2732 Notum
1571 2678 1635 2732 sit
1657 2676 1890 2731 omnibus
1910 2692 1999 2731 uo-

407 2769 503 2833 bis,
528 2779 575 2822 et
603 2768 810 2822 auribus
839 2770 1083 2839 percipite
1107 2770 1254 2823 verba
1293 2785 1424 2822 mea.
1459 2768 1613 2823 Initio
1639 2779 1818 2824 autem
1847 2767 1997 2823 dice-

409 2863 520 2926 bat,
557 2860 664 2915 Viri
689 2861 885 2915 Jndtei.
916 2861 1133 2918 Judaeos
1163 2862 1292 2917 tnihi
1321 2863 1501 2918 dicere
1529 2863 1742 2917 videtur
1772 2875 1887 2928 eos,
1909 2861 2000 2931 qui

410 2953 464 3006 in
492 2951 674 3008 Judaea
709 2952 1045 3007 habitabant.
1082 2954 1187 3020 Et,
1227 2954 1270 3007 si
1299 2955 1474 3024 placet
1506 2995 1522 3019 ,
1570 2954 1857 3007 alferagnus
1909 2953 2002 3007 illa

414 3046 688 3115 Evangelii
722 3046 886 3100 verba
920 3087 936 3110 ,
981 3055 1040 3100 ut
1066 3046 1242 3100 discas
1278 3047 1448 3116 qualis
1484 3057 1705 3116 repente
1739 3047 1906 3100 lactus
1934 3045 2004 3099 sit

413 3138 631 3194 Petrus.
680 3137 824 3192 Eaa'it
843 3181 858 3206 ,
889 3139 1060 3209 inquit
1085 3180 1100 3204 ,
1131 3140 1301 3210 puella
1329 3139 1499 3194 dicens
1528 3156 1546 3194 :
1575 3139 1642 3193 Et
1670 3150 1725 3193 tu
1751 3156 1865 3193 eras
1891 3155 2005 3193 cunt

412 3229 540 3284 Jesu
570 3228 861 3284 Nazareno.
898 3229 998 3284 Ille
1025 3241 1190 3284 autem
1216 3231 1497 3301 respondit,
1525 3229 1577 3283 Ν
1581 3229 1712 3284 cado
1729 3229 2001 3284 hominem.

419 3317 488 3372 Et
514 3337 691 3374 rursus
721 3321 1056 3392 interrogatus
1084 3321 1231 3390 erepit
1254 3321 1487 3375 detestari
1514 3331 1559 3376 et
1580 3322 1765 3392 jurare
1783 3318 2002 3391 (Matth.

417 3412 508 3466 es.
539 3410 750 3480 69-72).

488 3503 544 3557 2.
588 3504 826 3558 Adulatio
855 3505 1078 3561 uitanda.
1107 3535 1176 3547 --
1194 3505 1297 3563 Sed
1329 3506 1416 3564 hic
1438 3506 1561 3563 vide
1587 3507 1728 3561 illius
1759 3505 2004 3561 ﬁduciam

420 3611 776 3666 magnamque
797 3597 1009 3652 dicendi
1032 3598 1353 3654 libertatem.
1377 3599 1494 3655 Non
1521 3599 1757 3655 laudavit
1779 3615 1894 3663 eos,
1918 3600 2009 3671 qui

419 3686 664 3742 dixerant
697 3705 710 3742 :
742 3687 1038 3742 Audiuimus
1065 3706 1148 3745 eos
1176 3691 1434 3760 loquentes
1467 3693 1651 3747 nostris
1680 3692 1868 3764 linguis
1897 3709 2008 3746 ma-

419 3779 594 3850 gnalia
619 3779 748 3844 Dei;
770 3780 864 3836 sed
888 3781 976 3836 illa
997 3797 1100 3851 qua
1126 3797 1248 3853 erga
1277 3783 1408 3838 alios
1435 3798 1561 3840 usus
1584 3793 1700 3839 emt
1727 3785 2008 3854 gravitate,

422 3875 521 3928 hos
564 3873 917 3928 studiosiores
960 3873 1186 3930 reddere
1229 3875 1452 3941 volens,
1504 3886 1560 3931 et
1602 3893 1905 3932 sermonem
1946 3877 2014 3930 ab

424 3965 731 4019 adulatione
772 3965 1008 4020 alienum
1045 3966 1352 4025 ostendere.
1384 3968 1497 4023 lloc
1523 3969 1666 4022 enim
1700 3969 1896 4038 ubique
1919 3967 2017 4023 ob-

426 4056 751 4111 servandum
781 4065 894 4124 est,
922 4058 1194 4128 quomodo
1231 4059 1568 4130 indulgenter
1597 4061 1719 4115 licet
1749 4061 2012 4130 loquatur,

396 4163 606 4203 .sertno
633 4157 809 4203 tamen
834 4149 904 4203 ab
933 4148 1241 4206 adulatione
1273 4151 1430 4206 simul
1457 4159 1512 4206 et
1535 4166 1565 4206 a
1594 4151 1916 4207 contumelia
1948 4153 2018 4206 sit

424 4241 671 4306 alienus;
701 4239 842 4310 quod
877 4249 1051 4296 tamen
1087 4240 1308 4298 difﬁcile
1346 4251 1448 4298 est.
1490 4241 1641 4311 Quod
1679 4253 1860 4298 autem
1902 4243 2018 4299 lure

428 4331 557 4384 hora
583 4331 737 4387 tertia
759 4330 894 4387 facta
918 4332 1045 4397 sint,
1071 4348 1177 4388 non
1201 4334 1320 4390 sine
1340 4349 1501 4390 causa
1522 4335 1890 4403 dispensatum
1910 4345 2015 4392 est.

426 4423 563 4477 Cum
596 4423 738 4478 enim
767 4423 902 4480 lucis
928 4425 1183 4492 splendor
1213 4436 1468 4496 apparet,
1505 4437 1632 4483 tunc
1661 4443 1768 4484 non
1811 4429 2016 4498 prandii

343 4561 346 4564 .
427 4516 572 4570 curis
603 4514 848 4571 homines
877 4524 1244 4586 occupantur,
1275 4527 1402 4574 tunc
1437 4519 1559 4574 laeta
1585 4518 1703 4574 dies
1737 4529 1854 4584 est,
1896 4523 2022 4575 tunc

431 4621 622 4662 onmes
647 4607 700 4661 in
732 4605 848 4662 foro
877 4615 1024 4663 sunt.
1055 4607 1243 4664 Viden’
1271 4623 1575 4667 sermonem
1618 4610 1863 4667 libertate
1901 4612 2019 4682 ple-

429 4700 598 4758 num?
625 4698 691 4753 Et
719 4699 926 4757 auribus
955 4702 1196 4772 percipite
1222 4703 1374 4758 verba
1396 4721 1531 4758 mea.
1568 4704 1664 4759 liis
1685 4703 1843 4760 dictis
1868 4721 1931 4759 ex
1963 4721 2022 4761 se

429 4791 561 4846 nihil
589 4791 812 4856 addidit,
834 4793 926 4848 sed
953 4793 1066 4849 haec
1092 4794 1370 4864 subiunxit
1393 4813 1410 4851 :
1431 4794 1542 4849 Hoc
1562 4806 1658 4863 at,
1678 4797 1813 4868 quod
1833 4797 2023 4851 dictum

426 4895 502 4942 est
542 4902 632 4954 per
667 4887 965 4956 prapltetam
1003 4886 1121 4943 Joel
1147 4904 1169 4942 :
1198 4888 1265 4942 Et
1292 4890 1387 4943 erit
1420 4889 1473 4944 in
1509 4890 1794 4944 novissimis
1823 4890 2018 4946 diebus.

429 4979 680 5034 Ostendit
703 4981 847 5035 enim
871 4989 1058 5052 postea
1081 4983 1597 5040 consummationem
1629 4999 1796 5054 prope
1831 4984 2024 5040 affutu-

429 5088 566 5130 ram.
592 5072 682 5128 Sic
706 5071 833 5128 illud
855 5115 869 5138 ,
895 5072 966 5128 in
1003 5075 1284 5130 novissimis
1310 5075 1485 5131 diebus
1505 5119 1518 5143 ,
1551 5078 1835 5147 quamdam
1864 5078 2025 5134 habet

429 5164 752 5234 emphasim.
801 5165 1005 5221 Deinde
1045 5181 1114 5222 ne
1151 5167 1396 5223 videatur
1435 5169 1550 5224 hmc
1589 5170 1658 5224 ad
1699 5170 1844 5226 solos
1885 5170 2024 5229 ﬁlios

432 5257 729 5336 pertinere,
746 5256 1022 5328 subjungit
1044 5275 1060 5314 :
1087 5256 1156 5312 Et
1172 5260 1393 5315 seniores
1410 5261 1559 5316 uestri
1581 5263 1781 5316 somnia
1801 5265 2026 5320 somnia-

433 5349 574 5403 διατι.
610 5349 744 5405 Vide
769 5349 846 5404 rei
872 5347 1090 5405 seriem.
1119 5349 1299 5405 Primo
1326 5350 1418 5406 ﬁlii
1445 5369 1460 5417 ;
1482 5352 1621 5408 sicut
1641 5363 1692 5408 et
1719 5354 1884 5410 David
1909 5357 2020 5413 ait:

434 5436 545 5495 Pro
569 5440 793 5510 patribus
822 5441 920 5497 tuis
961 5441 1070 5495 nati
1105 5450 1223 5495 sunt
1258 5442 1347 5496 tibi
1370 5444 1467 5512 ﬁlii
1493 5442 1664 5515 (Psal.
1693 5446 1780 5501 44.
1819 5448 1907 5516 l7)
1928 5464 1946 5513 ;-
1970 5458 2026 5504 et

434 5544 622 5584 rursus
648 5530 938 5588 Malacltias
967 5549 980 5587 :
1015 5531 1315 5588 Coneertens
1355 5535 1512 5589 corda
1556 5546 1758 5605 patrum
1784 5539 1839 5592 in
1867 5539 2022 5607 ﬁlios.

435 5617 504 5672 Et
529 5635 680 5688 super
701 5638 862 5677 servos
890 5639 1025 5678 meos
1050 5665 1066 5691 ,
1096 5633 1142 5680 et
1169 5641 1325 5694 super
1360 5626 1577 5681 ancillas
1603 5644 1738 5681 meas
1768 5629 1786 5696 (
1809 5627 1940 5683 Mal.
1968 5630 2020 5684 4.

435 5712 519 5781 6).
560 5712 629 5766 Et
665 5711 767 5766 hoc
804 5716 1012 5772 virtutis
1047 5717 1304 5774 iudicium
1336 5737 1350 5774 :
1377 5719 1521 5776 servi
1559 5720 1705 5775 enim
1743 5720 1863 5790 eius
1902 5720 2024 5776 facti

455 5929 458 5932 Ι
499 5844 577 5932 (q')
597 5849 739 5927 Srgtta
761 5857 873 5955 qm:
891 5844 1308 5922 Jerosolymorum
1334 5854 1585 5906 excidium
1623 5867 1988 5918 princesseruut
2007 5895 2021 5923 ,

455 5919 541 5955 tati
555 5913 604 5954 at
625 5903 757 5955 lose.
889 5907 953 5955 de
977 5909 1112 5955 Bello
1131 5911 1342 5955 Judalcn.

439 5903 604 5955 mm
625 5903 760 5967 lose,
775 5903 868 5955 bus
889 5907 953 5958 de
977 5903 1112 5961 Bello
1131 5911 1342 5970 iudaice.

2086 576 2310 626 sumus,
2343 559 2553 617 liberati
2591 575 2623 614 a
2667 568 2906 630 peccato.
2953 559 3196 631 Magnum
3233 574 3412 618 autem
3451 574 3534 619 est
3575 564 3679 623 hoc

2084 653 2283 710 donum
2305 695 2319 719 ,
2347 653 2564 724 quando
2602 653 2656 708 in
2693 653 2856 708 alium
2883 668 3095 724 quoque
3121 669 3308 711 sexum
3339 658 3528 712 transit
3555 673 3678 727 gra-

2085 747 2186 811 tia;
2216 761 2322 801 non
2351 746 2403 801 in
2432 761 2592 801 unam
2618 746 2916 803 alteramve
2941 747 3082 801 sicut
3108 747 3257 814 olim,
3282 763 3479 819 nempe
3499 749 3553 802 in
3578 750 3688 804 De-

2087 836 2270 891 boram
2295 845 2349 892 et
2373 836 2581 893 Oldam.
2609 837 2794 909 Neque
2814 839 2955 894 dixit
2979 853 3098 894 esse
3120 839 3378 910 Spiritum
3406 852 3679 908 sanctum,

2088 943 2261 998 neque
2290 928 2563 999 prophetae
2591 930 2752 985 verba
2783 931 3106 999 explicavit;
3136 931 3233 988 sed
3267 932 3438 988 solam
3473 933 3688 988 induxit

2087 1019 2423 1090 prophetiam
2449 1036 2542 1091 per
2563 1022 2797 1092 seipsam
2825 1032 3147 1078 certantem.
3179 1022 3428 1094 Nihilque
3451 1025 3518 1080 de
3541 1024 3681 1080 Juda

2083 1112 2193 1181 jam
2217 1111 2474 1182 loquitur,
2492 1114 2612 1181 quia
2635 1114 2884 1168 omnibus
2907 1115 3080 1184 palam
3102 1122 3218 1170 erat
3239 1116 3424 1185 quales
3443 1113 3686 1172 dedisset

2091 1217 2312 1272 prunas;
2345 1202 2441 1258 sed
2471 1204 2627 1269 silet,
2660 1205 2840 1261 sciens
2869 1205 3002 1260 nihil
3029 1205 3254 1261 validius
3283 1219 3403 1260 esse
3426 1221 3584 1275 quam
3613 1221 3683 1262 ex

2091 1294 2369 1364 prephetia
2399 1295 2541 1366 loqui
2571 1297 2676 1352 illis
2707 1314 2721 1352 :
2755 1296 2857 1353 hoc
2883 1298 3026 1354 enim
3068 1299 3199 1368 ipsis
3237 1300 3400 1353 etiam
3429 1299 3688 1368 operibus

2089 1385 2280 1442 fortius
2317 1397 2419 1443 est.
2461 1388 2593 1444 Nam
2635 1404 2758 1444 cum
2797 1390 2952 1460 signa
2992 1390 3196 1446 faceret
3226 1390 3503 1456 Christus,
3539 1405 3688 1459 smpe

2091 1478 2558 1545 Contradicebant;
2583 1495 2703 1536 cum
2725 1489 2902 1536 autem
2933 1481 3250 1553 prophetam
3276 1481 3555 1537 induceret
3579 1482 3690 1538 illis

2092 1567 2363 1628 dicentem
2391 1588 2403 1626 :
2426 1570 2570 1626 Dixit
2599 1571 2848 1628 Dominus
2873 1573 3089 1627 Domino
3115 1589 3246 1639 meo,
3277 1573 3414 1629 Sede
3436 1591 3468 1627 a
3494 1574 3691 1629 dextris

2093 1661 2216 1718 meis
2232 1660 2444 1732 (Matth.
2462 1662 2550 1718 22.
2567 1664 2655 1719 Η.
2679 1662 2825 1718 Psal.
2847 1663 2969 1721 109.
2995 1668 3068 1735 l),
3085 1665 3156 1720 ita
3186 1665 3437 1732 silebant,
3453 1676 3508 1719 ut
3527 1679 3692 1721 nemo

2095 1751 2352 1823 deinceps
2367 1765 2547 1824 posset
2562 1756 2634 1810 illi
2651 1757 2996 1827 respondere.
3019 1757 3096 1813 Ac
3122 1773 3266 1826 saepe
3283 1758 3372 1813 ille
3384 1758 3695 1828 Scriptura

2095 1856 2382 1914 memorat,
2411 1847 2617 1913 dicens,
2645 1848 2834 1904 Siillos
2859 1851 2988 1904 dixit
3018 1851 3160 1918 deos,
3177 1851 3244 1904 ad
3261 1868 3385 1923 quos
3402 1869 3561 1906 sermo
3591 1851 3692 1906 Dei

2098 1942 2268 2009 factus
2289 1947 2362 1993 est
2386 1939 2564 2008 (Joan.
2582 1941 2666 1997 lO.
2686 1942 2798 2012 35).
2817 1941 2926 1996 lmo
2941 1942 3136 2012 ubique
3153 1943 3254 1998 hoc
3269 1944 3389 2014 quis
3403 1944 3690 1999 invenerit.

2099 2030 2224 2088 Ideo
2259 2031 2344 2086 hic
2383 2033 2458 2086 ait
2490 2050 2502 2087 :
2536 2033 2815 2100 Eiundam
2844 2034 2906 2088 de
2936 2033 3135 2105 Spiritu
3169 2053 3278 2090 meo
3314 2052 3467 2106 super
3493 2053 3697 2090 onmem

2097 2139 2302 2175 carnem
2324 2138 2344 2188 ;
2376 2121 2478 2179 hoc
2506 2133 2611 2191 est,
2636 2124 2688 2178 in
2714 2133 2921 2196 gentes.
2950 2125 3056 2180 Sed
3089 2126 3321 2180 nondum
3347 2128 3567 2191 revelat,
3593 2142 3699 2182 nec

2100 2215 2518 2287 interpretatur;
2546 2233 2719 2287 neque
2739 2219 2880 2273 enim
2904 2218 3241 2288 expediebat,
3264 2219 3385 2290 quia
3407 2219 3565 2274 etiam
3591 2218 3701 2276 hoc

2101 2311 2388 2365 obscurum
2417 2319 2551 2366 erat.
2583 2310 2729 2366 Dabo
2760 2313 2992 2382 prodigia
3025 2312 3080 2366 in
3119 2312 3244 2367 ratio
3281 2329 3499 2366 sursum.
3533 2312 3703 2382 Magis

2105 2401 2224 2456 illos
2269 2400 2373 2458 hoc
2413 2403 2687 2469 terrebat,
2719 2403 2859 2473 quod
2902 2413 3048 2459 esset
3089 2404 3397 2459 obscurum.
3430 2404 3484 2459 Si
3515 2414 3698 2459 autem

2105 2495 2210 2552 hoc
2234 2497 2614 2568 interpretatus
2635 2508 2800 2564 esset,
2825 2498 2997 2568 magis
3022 2499 3128 2553 illis
3151 2498 3465 2554 obstitisset.
3494 2497 3704 2554 Deinde

2106 2587 2236 2643 illud
2265 2590 2508 2658 pmterit
2541 2590 2689 2658 quasi
2731 2588 3107 2652 manifestum,
3151 2589 3310 2645 talem
3349 2589 3532 2643 volens
3568 2587 3705 2643 dare

2106 2679 2439 2747 Opinionem.
2487 2679 2726 2749 Denique
2767 2679 2872 2736 hoc
2910 2679 3012 2734 illis
3052 2681 3456 2748 interpretatur,
3483 2693 3604 2733 cum
3632 2677 3707 2734 de

2108 2773 2503 2829 resurrectione
2531 2774 2788 2844 loquitur,
2817 2782 2872 2828 et
2900 2773 2966 2828 ad
2999 2773 3048 2827 id
3079 2787 3334 2828 sermone
3364 2773 3501 2826 riam
3529 2780 3704 2841 parat.

2109 2861 2235 2917 ldco
2265 2873 2455 2932 Sponte
2487 2865 2726 2933 pra~tcrit
2751 2907 2765 2930 ,
2798 2865 3047 2934 quoniam
3083 2864 3217 2917 bona
3246 2863 3311 2917 ad
3343 2863 3464 2917 illos
3501 2872 3711 2933 pertra-

2111 2953 2320 3008 hendos
2361 2971 2465 3008 non
2503 2956 2632 3008 satis
2671 2965 2826 3009 erant
2858 2973 2872 3008 :
2903 2971 3227 3025 quamquam
3269 2954 3370 3008 huc
3411 2969 3707 3023 numquam

2112 3044 2311 3100 factum
2343 3056 2442 3100 est.
2478 3047 2646 3101 Nemo
2672 3049 2814 3101 enim
2844 3057 2969 3101 tunc
2998 3046 3213 3117 eﬁ'ngit;
3244 3063 3385 3100 mute
3415 3060 3544 3100 vero
3571 3044 3708 3098 ﬁde-

2113 3137 2192 3191 les
2217 3136 2518 3206 ellugeruut
2542 3137 2644 3192 sub
2674 3137 3018 3207 Vespasiano.
3046 3137 3114 3191 Et
3141 3140 3241 3192 hoc
3265 3146 3350 3191 cst
3368 3135 3510 3206 quod
3534 3135 3706 3191 dicit:

2118 3229 2236 3284 Nisi
2263 3231 2535 3284 alibi-evicti
2559 3232 2773 3302 fuissent
2799 3232 2906 3284 dies
2934 3231 3031 3297 illi,
3061 3247 3161 3284 non
3183 3233 3378 3284 saluata
3401 3229 3572 3298 fuisset
3598 3244 3714 3282 om-

2117 3323 2195 3376 nis
2225 3340 2345 3376 raro
2373 3323 2586 3394 (Matth.
2619 3325 2706 3378 ‘25.
2739 3323 2854 3394 2:2).
2885 3323 3036 3391 Quod
3067 3323 3343 3378 molestius
3371 3330 3507 3387 erat,
3537 3320 3715 3390 ptimo

2116 3413 2339 3483 contigit
2368 3433 2381 3468 :
2415 3416 2586 3484 printo
2613 3415 2755 3468 enim
2787 3414 2983 3469 accidit
3008 3423 3063 3468 ut
3095 3413 3421 3467 habitatores
3447 3426 3714 3482 caperen-

2121 3515 2228 3570 tur,
2254 3515 2310 3561 et
2339 3506 2466 3561 urbs
2496 3506 2900 3562 subverteretur
2927 3516 2980 3560 et
3006 3506 3445 3561 succenderetur.

2195 3600 2332 3668 Quid
2353 3612 2447 3668 est,
2476 3601 2650 3655 limam
2676 3601 2862 3654 mutari
2888 3601 2941 3654 in
2967 3601 3262 3670 sanguinem
3287 3599 3312 3652 ἒ)
3333 3628 3407 3640 -—
3433 3597 3632 3654 Deinde
3659 3598 3714 3652 in

2120 3693 2434 3765 metaphora
2475 3694 2672 3748 insi~tit
2694 3734 2710 3759 ,
2743 3693 2842 3749 sub
2877 3693 3062 3747 oculos
3101 3691 3406 3746 auditorum
3443 3689 3716 3745 excidium

2123 3788 2414 3843 adducens.
2446 3788 2542 3842 Sol
2567 3796 2881 3841 convertatur
2913 3787 2966 3840 in
2998 3787 3226 3839 tenebras
3247 3826 3263 3850 ,
3293 3795 3340 3840 et
3367 3786 3488 3838 luna
3511 3787 3566 3837 in
3589 3800 3715 3837 san-

2123 3881 2347 3950 guinem.
2377 3877 2492 3950 (a)[
2517 3879 2653 3946 Quid
2677 3885 2761 3933 est
2781 3919 2796 3942 ,
2817 3877 2994 3931 lunam
3026 3877 3214 3931 mutari
3244 3877 3296 3930 in
3328 3874 3678 3946 sanguinem?
3695 3873 3714 3946 J

2126 3971 2350 4027 Videtur
2378 3971 2508 4025 mihi
2541 3971 2627 4025 hic
2653 3970 2940 4024 maximam
2974 3969 3176 4024 easdem
3205 3967 3442 4023 indicare
3463 4009 3477 4030 ,
3504 3980 3716 4021 sermo-

2128 4078 2358 4132 nemque
2400 4061 2472 4116 ita
2517 4062 2894 4116 concinnatum
2945 4075 3094 4125 esse,
3138 4069 3196 4115 ut
3239 4060 3472 4113 maximo
3514 4067 3722 4112 terrore

2128 4154 2367 4226 impleat.
2402 4154 2472 4207 Et
2498 4155 2592 4208 erit
2613 4196 2627 4221 ,
2661 4154 2824 4208 euntis
2859 4154 3157 4223 quicumque
3195 4151 3499 4206 inuocarerit
3536 4165 3721 4203 nomen

2131 4249 2359 4316 Domini,
2388 4249 2557 4303 salvus
2597 4249 2709 4303 erit.
2746 4237 2945 4310 Urania,
2980 4248 3170 4317 inquit,
3203 4255 3257 4299 et
3285 4244 3331 4299 si
3369 4243 3620 4299 sacerdos
3648 4243 3723 4296 sit

2129 4341 2249 4412 (sed
2277 4341 2512 4396 nondum
2538 4341 2786 4408 revelat),
2808 4341 2920 4395 sive
2941 4355 3130 4395 servus
3149 4340 3238 4406 sit,
3267 4339 3381 4392 sive
3401 4337 3534 4392 liber
3557 4353 3572 4388 :
3594 4334 3722 4414 on

2129 4442 2203 4488 est
2227 4434 2360 4488 enim
2387 4449 2497 4487 mas
2522 4449 2685 4504 neque
2709 4435 2898 4505 femina
2926 4433 2980 4486 in
3006 4431 3206 4486 Christo
3230 4430 3374 4497 Jesu,
3397 4447 3498 4484 non
3525 4444 3721 4508 seruus,

2130 4541 2232 4581 non
2257 4525 2380 4581 liber
2408 4527 2550 4599 (Gal.
2577 4529 2632 4582 3.
2657 4525 2773 4598 98).
2799 4526 2927 4582 iure
2951 4525 3163 4596 quidem
3194 4542 3208 4579 :
3237 4524 3338 4579 hoc
3367 4523 3508 4579 enim
3534 4522 3726 4577 diserto

2129 4636 2254 4675 men
2288 4620 2373 4675 hic
2399 4632 2516 4687 est,
2544 4621 2635 4686 ubi
2659 4619 2838 4675 omnia
2864 4619 3051 4674 umbra
3089 4627 3231 4672 sunt.
3263 4617 3398 4671 Nam
3428 4616 3470 4672 si
3501 4617 3552 4670 in
3579 4615 3724 4683 regia

2133 4726 2292 4766 nemo
2320 4712 2535 4779 nobilis,
2566 4728 2722 4768 nemo
2748 4712 3015 4783 ignobilis,
3041 4711 3136 4766 sed
3159 4725 3253 4766 sua
3275 4724 3541 4780 quemque
3559 4723 3726 4780 opera

2133 4811 2338 4870 notant,
2361 4813 2414 4860 et
2435 4806 2478 4860 si
2500 4805 2556 4859 in
2575 4812 2688 4860 arte
2711 4819 2846 4874 opus
2871 4804 3210 4859 commendat
3235 4802 3492 4858 artiﬁcem
3521 4821 3534 4857 :
3559 4801 3729 4855 multo

2133 4896 2301 4966 magis
2326 4896 2381 4950 in
2405 4896 2496 4951 illo
2520 4905 2680 4951 statu.
2707 4895 2885 4952 Omnis
2907 4898 3204 4968 quicumque
3227 4896 3544 4949 irwocauerit.
3573 4893 3732 4946 Invo-

2134 4990 2342 5056 cauerit',
2369 4990 2605 5060 inquam,
2629 5005 2737 5045 non
2757 4991 2940 5060 quavis
2962 4990 3169 5044 ratione
3187 4987 3335 5060 (Non
3355 4989 3506 5049 cuius,
3533 4987 3727 5056 inquit,

2135 5082 2298 5136 annis
2325 5082 2412 5152 qui
2432 5082 2556 5136 dicit
2581 5082 2726 5150 mihi,
2756 5080 2989 5150 Domine,
3015 5079 3231 5136 Domine
3255 5079 3467 5153 [ΜαιιΙι.
3494 5080 3547 5132 7.
3574 5077 3730 5160 '22)),

2134 5174 2229 5231 sed
2251 5174 2482 5245 quicum
2509 5174 2723 5242 aﬂ'ectu,
2745 5190 2866 5229 cum
2890 5175 3090 5244 Optima
3114 5175 3242 5242 vita,
3267 5188 3391 5228 cum
3415 5161 3730 5243 congruenti

2134 5265 2348 5322 ﬁducia.
2381 5265 2597 5320 Interim
2626 5281 2731 5320 non
2762 5265 2988 5320 moleste
3016 5265 3268 5336 loquitur,
3297 5263 3365 5318 de
3397 5263 3499 5317 ﬁde
3528 5277 3692 5333 agens
3711 5303 3730 5330 ,

2135 5373 2312 5429 neque
2338 5360 2580 5430 supplicii
2609 5369 2872 5415 terrorem
2905 5358 3260 5415 abscondens.
3289 5357 3600 5430 Quomodo?
3626 5355 3732 5412 Os-

2137 5451 2310 5507 tendit
2331 5452 2385 5506 in
2416 5453 2753 5509 invocatione
2777 5453 3004 5508 salutem
3035 5466 3174 5508 esse.

2208 5543 2263 5596 3.
2295 5541 2451 5608 Quid,
2481 5557 2682 5611 quasso,
2714 5543 2888 5599 dicis?
2911 5545 3137 5599 salutem
3162 5557 3428 5598 memoras
3459 5551 3579 5611 post
3601 5555 3734 5596 ent-

2137 5633 2300 5689 cem?‘
2333 5633 2599 5705 Exspecta
2641 5635 2853 5690 interim
2883 5653 2897 5690 :
2925 5650 3114 5706 magna
3158 5644 3241 5691 est
3285 5634 3378 5688 Dei
3419 5634 3730 5690 clementia.

2137 5725 2205 5781 Et
2233 5726 2337 5782 hoc
2376 5741 2483 5783 non
2521 5728 2698 5784 minus
2740 5727 2972 5784 ostendit
3002 5727 3151 5782 illum
3187 5742 3308 5783 esse
3339 5727 3503 5782 Deum
3523 5767 3539 5791 ,
3570 5741 3735 5795 quinm

2143 5864 2611 5977 ad(agLtgttg'enn‘ncinis
2634 5864 2942 5929 clauduntur,
2959 5864 3167 5916 deerant
3203 5861 3254 5914 in
3276 5861 3437 5922 editis,
3457 5866 3512 5914 et
3529 5873 3591 5912 ex
3621 5865 3736 5907 uss.

2205 5941 2254 5977 le
2433 5942 2446 5975 ἰ
2476 5961 2489 5976 .

2199 5941 2334 5989 uecta
2357 5941 2489 5977 sunt.
