4092 6446
457 299 531 357 53
1051 302 1110 358 S.
1144 301 1434 360 JOANNIS
1465 293 1960 357 CIIRYSOSTOMI
1995 291 2320 350 ARCIIIEP.
2365 291 2917 353 CONSTANTINOP.
3381 263 3384 266 ί
3658 299 3748 352 58

453 414 616 470 αὐτὸν
639 413 880 469 δείκνυσι
907 416 1060 482 Θεὸν,
1103 421 1200 474 καὶ
1224 420 1333 475 τῶν
1359 419 1623 492 σημείων,
1660 418 1718 471 16
1745 415 1972 476 τούτους
2003 425 2030 452 ι

453 499 901 569 προσκαλεῖσθαι.
937 502 1011 555 T6
1053 503 1164 576 γὰρ
1199 505 1404 574 σφόδρα
1445 502 1670 571 ἀγαθὸν,
1705 499 1863 553 τοῦτο
1893 492 2030 549 Θεοῦ

455 581 693 650 μάλιστα
731 582 879 636 ἴδιον.
905 585 1003 637 Διά
1027 585 1184 640 τοῦτο
1213 587 1309 640 καὶ
1337 587 1506 654 λέγει·
1545 584 1756 648 Οὐδεὶς
1783 580 2026 650 ἀγαθὸς,

449 663 503 714 ει
540 662 627 731 μὴ
667 657 756 728 εἷς
804 668 837 718 ὀ
884 667 1045 732 Θεός.
1089 668 1250 721 Ἀλλά
1298 669 1373 739 μὴ
1432 667 1529 738 τὴν
1584 665 1896 735 ἀγαθότητα
1937 663 2020 725 εἰς

451 746 708 817 ἀφθρμῆν
759 748 1036 820 ῥᾳθυμίας
1090 751 1366 822 λάϐωμεν’
1415 749 1649 821 καὶγὰρ
1681 749 1777 803 καὶ
1813 744 2031 808 κολάζει

452 830 705 902 καθάπερ
740 832 891 896 Θεός.
935 835 1086 889 Λύτά
1117 835 1246 903 γοῦν
1269 836 1444 889 ταῦτα
1477 835 1638 897 αὐτὸς
1671 832 1964 904 εἰργάσατο
2001 830 2032 882 ό

450 913 640 974 εἰπὼν,
695 917 794 982 ’ος
847 916 924 970 ἂν
963 918 1394 987 ἐπικαλέσηται
1437 918 1504 972 τὸ
1553 917 1741 986 ὄνομα
1781 913 2030 983 Κυρίου,

449 996 813 1063 σωθήσεται.
851 1000 929 1052 Ti
982 1000 1127 1054 κατά
1177 1001 1274 1072 τὴν
1308 1000 1666 1072 Ἰερουσαλὴμ
1715 998 1880 1065 λέγω,
1929 994 2031 1066 τὴν

449 1081 720 1152 ἀφόρητον
766 1083 982 1153 ἐκείνην
1015 1084 1258 1138 κόλασινο
1293 1078 1363 1158 ἧς
1401 1083 1661 1154 βούλομαι
1701 1082 1859 1150 ὀλίγα
1893 1078 2032 1151 πρὸς

451 1164 595 1234 ὑμᾶς
635 1167 829 1228 εξπεῖν,
866 1169 1271 1240 χρησιμεύοντα
1297 1171 1428 1240 ἡμῖν
1472 1169 1567 1222 καὶ
1597 1167 1732 1238 πρὸς
1764 1167 2032 1237 Μαρκιω-

449 1249 638 1312 νιστὲις
697 1250 789 1303 καὶ
844 1252 980 1323 πρὸς
1026 1252 1219 1316 ἄλλους
1273 1252 1502 1316 πολλοὺς
1554 1251 1664 1305 τῶν
1713 1247 2027 1320 αίρετικῶν.

462 1331 677 1404 Ἐπειδὴ
706 1333 815 1406 γάρ
843 1334 1091 1406 λέγουσιν
1115 1336 1318 1401 ἀγαθὸν
1345 1335 1476 1389 Θεὸν
1501 1335 1594 1389 τὸν
1617 1334 1870 1406 Χριστὸν,
1896 1333 2032 1386 ἐκεῖ-

448 1433 537 1468 νον
565 1416 621 1470 δὲ
669 1419 924 1490 πονηρὸν,
969 1421 1169 1492 ἴδωμεν
1202 1421 1287 1484 τίς
1322 1419 1492 1474 ταῦτα
1527 1419 1768 1489 ἐποίησε.
1797 1416 1892 1481 Τίς
1922 1415 2031 1469 τοί·-

449 1518 541 1552 νυν
585 1499 760 1557 ταῦτα
809 1504 1138 1576 είργάσατο;
1193 1505 1222 1557 6
1273 1505 1530 1575 πονηρὸς,
1563 1503 1739 1574 τούτῳ
1770 1501 2026 1574 ἀμύνων;

447 1585 736 1654 Οὐδαμῶς.
768 1587 891 1651 Πῶς
916 1583 1008 1642 οῦν
1032 1589 1195 1642 αὐτοῦ
1225 1587 1539 1661 ἀλλότριος;
1576 1587 1716 1640 Ἀλλ’
1743 1589 1770 1640 6
1792 1585 2023 1655 ἀγαθός;

459 1669 622 1722 Ἀλλά
651 1671 928 1725 δείκνυται
960 1673 1054 1726 καὶ
1077 1675 1106 1727 6
1141 1673 1328 1744 Πατὴρ
1355 1674 1448 1726 καὶ
1475 1676 1502 1727 6
1538 1673 1664 1732 Υἱὸς
1686 1669 2024 1742 πεποιηκώς’

445 1753 474 1804 6
509 1753 608 1821 μὲν
634 1754 826 1825 Πατὴρ
855 1756 1146 1827 πολλαχοῦ,
1180 1758 1256 1820 ὡς
1290 1758 1419 1810 ὅταν
1459 1757 1611 1828 λέγῃ,
1653 1757 1710 1808 ἐν
1740 1753 1819 1825 τῷ
1845 1755 2028 1823 ἀμπε-

445 1833 576 1886 λῶνι
623 1836 864 1908 πέμπειν
909 1839 977 1892 τὰ
1024 1839 1410 1911 στρατεύματα
1470 1837 1670 1892 αὐτοῦ·
1712 1839 1742 1891 6
1785 1836 1842 1890 δὲ
1875 1836 2024 1899 Υἱὸς,

444 1916 574 1970 ὅταν
623 1917 801 1991 λέγῃ,
837 1921 983 1986 ΊΌὺς
1024 1921 1094 1974 δὲ
1153 1924 1408 1992 ἐχθρούς
1456 1939 1578 1992 μου
1625 1920 1875 1990 ἀγάγετε
1924 1917 2026 1972 καὶ

445 2003 872 2070 κατασφάξατε
897 2005 1157 2058 ἐνώπιόν
1185 2024 1328 2076 μου,
1364 2006 1505 2072 τοὺς
1529 2003 1615 2075 μὴ
1644 2000 2024 2072 θελήσαντάς

443 2103 515 2147 με
542 2085 742 2141 αὐτῶν
769 2089 1166 2152 βασιλεῦσαι.
1199 2091 1412 2154 ’Ἄλλως
1460 2090 1518 2143 δὲ
1558 2091 1655 2144 xal
1688 2088 1851 2152 αὐτὸς
1878 2087 2027 2155 λέγει

443 2168 541 2232 τὰς
575 2169 782 2240 θλίψεις
807 2171 904 2234 τὰς
937 2174 1225 2244 ἐσομένας,
1252 2167 1326 2227 ὧν
1349 2173 1502 2227 οὐδὲν
1530 2172 1810 2244 ὠμότερον
1833 2171 2026 2239 γέγονε

443 2251 554 2305 τῶν
579 2253 800 2307 πώποτε
836 2257 1266 2327 πεπραγμένων,
1296 2257 1389 2311 καὶ
1415 2257 1578 2320 αὐτὸς
1605 2255 1777 2320 αὐτὰς
1807 2253 2026 2322 ἀπεφή-

444 2353 592 2390 νατο.
631 2337 822 2402 Θέλεις
871 2335 964 2392 οὗν
1017 2340 1248 2394 ἀκοῦσαι
1286 2341 1357 2395 τὰ
1401 2341 1775 2412 γεγενημένα;
1817 2337 2029 2391 Ὀϐελί-

447 2436 596 2482 σκοις
623 2421 821 2486 αὐτοὺς
858 2421 1158 2494 διέπειραν.
1202 2425 1267 2477 Τί
1296 2423 1502 2478 τούτων
1534 2424 1664 2478 ίδεῖν
1693 2423 2025 2495 βαρύτερον;

457 2503 616 2557 Ἀλλά
645 2503 706 2558 16
735 2505 834 2576 τῆς
859 2507 1119 2573 γυναικὸς
1148 2506 1330 2578 βούλει
1363 2508 1533 2572 πάθος
1561 2507 1897 2580 διηγήσομαι
1935 2506 2030 2560 καὶ

442 2587 540 2657 τὴν
563 2588 871 2658 τραγῳδίαν
921 2589 1156 2659 ἐκείνην,
1192 2591 1315 2660 ἡτις
1345 2593 1527 2645 πᾶσαν
1559 2591 1848 2662 ἀπέκρυψε
1889 2607 2030 2661 συμ-

442 2671 649 2741 φοράν;
703 2670 840 2724 άλλά
874 2675 999 2735 τοὺς
1050 2673 1244 2744 λιμοὺς
1291 2675 1385 2728 καὶ
1433 2676 1560 2738 τοὺς
1607 2673 1860 2744 λοιμούς;
1915 2673 2027 2727 Καὶ

441 2751 680 2824 παρίημι
737 2753 805 2807 τὰ
855 2755 1064 2809 τούτων
1120 2755 1501 2828 χαλεπώτερα.
1562 2756 1835 2829 Ἠγνοὴθη
1893 2756 2024 2827 παρ’

437 2835 669 2910 ἐκείνοις
701 2839 734 2908 ἡ
764 2838 945 2906 φύσις,
977 2840 1219 2912 ἡγνοὴθη
1271 2843 1300 2894 6
1343 2841 1529 2910 νόμοςο
1557 2839 1632 2895 τὰ
1654 2840 1821 2912 θηρία
1850 2841 2026 2914 ὕπερ-

436 2918 750 2987 ηκόντισαν.
805 2922 992 2976 Πάντα
1039 2922 1095 2976 δὲ
1146 2922 1322 2977 ταῦτα
1362 2922 1468 2977 ὐπὸ
1510 2924 1608 2994 τῆς
1633 2926 1883 2996 ἀνάγκης
1914 2923 2026 2978 τῶν

438 3001 690 3072 πολέμων
719 3004 934 3072 γέγονε,
965 3005 1058 3058 τοῦ
1099 3007 1234 3060 Θεοῦ
1279 3007 1602 3077 βουλομένου
1633 3009 1728 3062 καὶ
1756 3009 1852 3063 τοῦ
1885 3007 2023 3082 Χρι-

440 3085 588 3140 στοῦ.
623 3085 809 3140 Ταῦτα
839 3089 934 3141 καὶ
987 3089 1125 3160 πρὸς
1164 3091 1590 3163 Μαρκιωνιστάς
1629 3093 1881 3162 ἁρμόσει,
1930 3093 2024 3146 καὶ

438 3167 576 3238 πρὸς
601 3170 728 3232 τοὺς
772 3170 1138 3235 ἀπιστοῦντας
1165 3175 1230 3244 τῇ
1261 3174 1474 3246 γεέννῃ·
1512 3175 1671 3228 ἱκανά
1704 3175 1813 3247 γάρ
1844 3175 2024 3230 αὐτῶν

437 3253 790 3323 ἐπιστομίσαι
815 3253 912 3326 τὴν
943 3257 1346 3327 ἀναισχυντίαν.
1373 3259 1492 3312 Τῶν
1524 3262 1580 3313 ἐν
1613 3259 1892 3314 Βαϐυλῶνι
1921 3277 2023 3314 κα-

435 3332 550 3388 κῶν
581 3336 701 3407 οὐχὶ
731 3339 903 3392 ταῦτα
963 3339 1356 3413 χαλεπῶτερω
1407 3341 1517 3397 τῶν
1578 3343 1752 3414 λιμῶν
1797 3344 2021 3398 ἐκείνων

434 3421 560 3490 οὐχὶ
589 3420 762 3475 ταῦτα
792 3423 971 3495 πολλῷ
1001 3423 1304 3497 βαρύτερα;
1338 3428 1475 3498 Περὶ
1501 3428 1706 3482 τούτων
1735 3430 1830 3482 καὶ
1860 3430 2021 3494 αὐτὸς

435 3504 754 3576 ἀπεφήνατο
781 3510 809 3562 6
831 3509 1086 3580 Χριστὸς,
1112 3509 1307 3579 λέγων’
1337 3513 1541 3566 Ἔσται
1576 3514 1785 3582 θλίψις
1811 3514 1908 3567 οἵα
1947 3517 2020 3569 οὐ

433 3586 702 3658 γέγονεν,
734 3591 878 3646 οὐδὲ
900 3592 988 3662 μὴ
1022 3591 1281 3664 γένηται.
1316 3595 1441 3659 Πῶς
1473 3591 1568 3650 οὗν
1597 3596 1819 3665 λέγουσί
1851 3613 2016 3664 τινες,

433 3670 744 3728 ὅτιοεῐασεν
793 3676 977 3742 αὐτοῖς
1022 3679 1051 3731 6
1084 3677 1315 3750 Χριστὸς
1365 3680 1464 3750 τὴν
1507 3679 1810 3752 ἁμαρτίαν;
1864 3681 2021 3752 Τάχα

429 3752 581 3808 δοκεῖ
607 3757 786 3812 κοινδν
814 3755 954 3814 εἶναι
982 3759 1042 3814 16
1071 3762 1315 3833 ζὴτημα·
1352 3761 1466 3815 ἀλλ’
1500 3764 1658 3833 ὑμεῖς
1686 3763 1819 3818 αὐτὸ
1841 3765 2019 3818 ἱκανοὶ

430 3837 614 3917 λῦσαι.
661 3843 850 3907 Οὐδεὶς
880 3844 1116 3915 οὐδαμοῦ
1148 3847 1377 3917 πλάσμα
1408 3846 1646 3900 τοιοῦτον
1675 3847 1787 3917 ἔχει
1823 3847 2015 3914 δεῖξαι,

429 3915 544 3975 οἷον
570 3924 664 3978 ἐπὶ
692 3926 788 3996 τῆς
815 3927 1076 3997 ἀληθείας
1107 3915 1320 3998 γέγονε..
1357 3930 1466 3983 Καὶ
1488 3930 1536 3982 εἰ
1569 3930 1668 3999 μὲν
1694 3915 2019 4003 Χριστιανὸς

429 4006 461 4057 6
494 4007 664 4061 ταῦτα
694 4009 924 4080 γράφων
963 4007 1052 4083 ἧν,
1085 4013 1187 4066 κᾶν
1218 4012 1458 4078 ὕποπτος
1481 4017 1509 4068 6
1537 4014 1694 4084 λόγος
1724 4011 1792 4088 ἦν
1818 4033 1831 4046 ο
1880 4019 1928 4070 εί
1961 4017 2017 4070 δὲ

445 4089 714 4157 Ἰουδαῖος,
739 4095 833 4148 καὶ
865 4095 1111 4159 Ἰουδαῖος
1135 4097 1401 4170 ζηλωτὴς,
1432 4098 1571 4168 μετά
1601 4100 1662 4152 16
1686 4099 2018 4169 Εὐαγγέλιον

431 4172 622 4240 ἐλθὼν,
659 4177 776 4241 πῶς
809 4178 870 4232 οὐ
905 4181 1040 4232 πᾶσι
1088 4181 1364 4252 κατάδηλα
1408 4181 1475 4236 τὰ
1518 4183 1820 4253 γενόμενα;
1857 4185 2016 4255 Ὅψει

429 4256 540 4330 γάρ
588 4259 753 4316 αὐτὸν
798 4263 1074 4334 πανταχοῦ
1120 4265 1214 4319 καὶ
1277 4266 1574 4337 ἐπαίροντα
1619 4267 1690 4321 τά
1723 4267 2013 4326 Ἰουδαῖκά.

429 4340 641 4420 Οὐκοῦν
697 4345 813 4400 ἐστι
851 4348 946 4401 καὶ
991 4348 1206 4417 γέεννα,
1236 4349 1332 4403 καὶ
1377 4350 1581 4420 ἀγαθός
1622 4355 1770 4405 ἐστιν
1803 4355 1832 4406 6
1860 4353 2012 4418 Θεός.

427 4419 574 4496 *Δρα
611 4427 865 4498 ἐφρίξατε
891 4429 1064 4485 ταῦτα
1104 4419 1467 4501 ἀκούσαντες;
1508 4433 1671 4488 Ἀλλά
1715 4435 1890 4490 ταῦτα
1927 4439 2007 4489 tv-

426 4509 605 4562 ταῦθα
632 4511 892 4582 γινόμενα
920 4513 1075 4566 οὐδέν
1102 4516 1217 4569 ἐστι
1245 4516 1383 4587 πρὸς
1404 4518 1474 4572 τὰ
1493 4518 1626 4571 ἐκεῖ.
1659 4517 1828 4572 Πάλιν
1843 4521 2016 4590 ἀναγ-

429 4590 666 4661 χάζομαι
710 4593 882 4665 ἀηδὴς
909 4596 1193 4664 φαίνεσθαι
1250 4599 1346 4652 καὶ
1402 4600 1654 4672 φορτικὸς
1689 4601 1785 4654 καὶ
1814 4601 2012 4674 βαρύςο

428 4675 569 4730 ἀλλὰ
603 4676 656 4730 τί
697 4677 886 4743 πάθω;
945 4681 1041 4743 El;
1075 4681 1236 4736 τοῦτο
1284 4685 1492 4756 κεῖμαι.
1537 4685 1806 4758 Καθάπερ
1859 4687 2017 4741 παιδ-

428 4758 645 4840 αγωγὸς
695 4760 927 4831 χαλεπός
977 4764 1058 4827 είς
1099 4764 1258 4819 τοῦτο
1291 4769 1492 4834 κεῖται,
1524 4770 1604 4832 είς
1650 4769 1712 4822 16
1742 4771 2014 4840 μισεῖσθαι

428 4839 585 4926 παρὰ
631 4841 740 4926 τῶν
770 4844 1327 4916 παιδαγωγουμένωψ
1381 4849 1524 4904 οῦτω
1569 4851 1634 4923 δὴ
1685 4839 1780 4907 καὶ
1826 4856 2010 4926 ἡμεῖς.

428 4923 556 4988 Πῶς
584 4924 692 4996 γὰρ
723 4927 824 4980 οὐκ
850 4927 1072 4993 ἄτοπον,
1104 4931 1230 4995 τοὺς
1262 4933 1361 5002 μὲν
1392 4935 1542 5006 παρά
1569 4935 1833 5005 βασιλέων
1848 4923 2014 5003 ⁷τάξιν

426 5006 549 5060 τινὰ
571 5007 685 5081 [45]
708 5010 1030 5080 ταχθέντας,
1048 5012 1150 5067 κᾶν
1171 5015 1332 5085 ἀηδὲς
1417 5018 1477 5070 16
1498 5021 1964 5090 προσταττόμενον
1984 5023 2012 5063 δ

427 5093 623 5146 ποιεῖν·
661 5093 809 5163 ἡμᾶς
830 5093 886 5147 δὲ
913 5093 1004 5148 διὰ
1030 5095 1129 5166 τὴν
1165 5099 1296 5170 παρ’
1327 5099 1482 5170 ὐμῶν
1509 5101 1718 5173 μέμψιν
1746 5103 2013 5160 ἐλλείπειν

426 5173 526 5246 τὴν
554 5173 732 5241 τάξιν,
770 5177 836 5248 ἡν
864 5177 1209 5249 ἐτάχθημεν;

497 5258 691 5323 Ἀλλος
721 5259 881 5332 ἔργον
910 5260 1022 5331 ἔχει
1063 5263 1247 5334 ἐτερον
1266 5282 1280 5296 ο
1333 5265 1487 5336 ὐμῶν
1515 5266 1572 5320 δὲ
1620 5267 1805 5322 πολλοὶ
1850 5270 2011 5342 ἔργον

425 5339 627 5411 έχουσι,
658 5341 722 5395 16
751 5343 946 5410 ἐλεεῖν,
991 5344 1052 5398 16
1089 5347 1650 5419 φιλανθρωπεύεσθαι,
1693 5353 1842 5423 ἡδεῖς
1869 5339 2011 5409 εἶναι

425 5423 520 5504 καὶ
547 5427 838 5496 προσηνεῖς
864 5427 975 5490 τοῖς
1017 5428 1514 5500 εὐεργετουμένοις.
1571 5435 1763 5504 Ἡμεῖς
1799 5437 1855 5490 δὲ
1899 5441 2011 5503 τοῖς

424 5503 823 5588 ὠφελουμένοις
877 5510 1066 5581 βαρεῖς
1114 5512 1416 5584 φαινόμεθα
1470 5515 1563 5568 καὶ
1606 5503 1863 5588 χαλεποὶ,
1916 5524 2011 5576 καὶ

427 5587 674 5671 φορτικοὶ
735 5589 829 5642 καὶ
891 5592 1075 5659 ἀηδεῖς
1105 5609 1119 5622 ⁸
1158 5594 1247 5671 *οὐ
1313 5593 1422 5667 γὰρ
1487 5595 1554 5648 δι’
1599 5587 1675 5651 ὧν
1734 5599 2010 5671 τέρπομεν

429 5661 775 5748 ὠφελοῦμεν,
835 5671 974 5726 ἀλλά
1045 5675 1112 5728 δι’
1147 5667 1223 5728 ὧν
1259 5661 1547 5748 δάκνομεν.
1607 5661 1856 5746 Τοιοῦτός
1894 5661 2010 5740 ἐστι

426 5745 522 5797 καὶ
582 5747 612 5796 6
669 5748 872 5816 ἰατρός.
933 5755 1067 5808 Ἀλλ’
1119 5760 1327 5823 ἐκεῖνος
1381 5745 1478 5831 μέν
1537 5761 1598 5813 οὐ
1644 5745 1848 5833 σφόδρα
1905 5768 2008 5837 ἀη-

489 5875 516 5941 at
555 5865 688 5941 ίᾲθιη
710 5867 806 5914 τῶν
832 5873 1039 5930 σημείων
1063 5878 1152 5940 οὐχ
1181 5877 1322 5938 ἧττον
1360 5882 1415 5930 τὸ
1440 5882 1651 5938 τούτους.
1718 5885 1745 5927 δ
1776 5887 1911 5939 Unus
1951 5891 2008 5941 τὸ

423 5923 731 5988 πρόσταγμα.

2138 411 2264 482 δής·
2320 413 2521 477 εὐθέως
2573 413 2680 484 γὰρ
2718 415 2819 484 τῆς
2861 412 3026 468 αὐτοῦ
3082 413 3277 484 τέχνης
3329 411 3428 484 τὴν
3459 412 3754 482 ὠφέλειαν

2138 496 2438 566 παρέχεται
2467 516 2481 530 ο
2533 499 2694 570 ἡμεῖς
2725 499 2780 553 δὲ
2815 503 2873 552 ἐν
2906 499 2985 570 τῷ
3019 499 3287 570 μέλλοντι.
3322 497 3575 560 Τοιοῦτός
3614 502 3753 553 ἐστι

2138 581 2233 632 καὶ
2247 582 2274 633 6
2295 580 2573 653 δικαστὴς,
2591 582 2832 655 λυπηρὸς
2853 586 2964 646 τοῖς
2980 581 3196 637 νοσοῦσι
3224 582 3318 636 xal
3350 582 3744 640 στασιάζουσι.

2134 663 2378 728 τοιοῦτος
2407 667 2435 719 6
2477 666 2791 738 νομοθέτης,
2817 667 2959 738 λυπη
2970 668 3059 738 96;
3080 670 3192 731 τοῖς
3217 666 3745 738 νομοθετουμένοις.

2146 747 2287 801 Ἀλλ’
2307 750 2405 819 οὐχ
2422 752 2451 803 6
2471 749 2650 803 καλῶν
2671 751 2763 803 ἐπὶ
2778 751 3008 822 τρυφὴν,
3027 751 3146 804 οὐδὲ
3167 752 3196 804 6
3214 750 3530 820 δημοτελεῖς
3560 751 3749 804 ποιῶν

2132 829 2328 901 ἑορτὰς
2360 833 2454 885 κα)⁵
2485 834 2842 905 πανηγύρεις,
2872 835 2995 887 οὐδέ
3026 835 3055 886 6
3088 832 3367 902 στεφανῶν
3394 835 3487 887 τὸν
3518 833 3699 904 δῆμον
3720 847 3740 862 ⁸

2132 913 2270 967 ἀλλά
2298 919 2590 985 προσηνεῖς
2607 910 2776 980 οὗτοι,
2801 916 3135 988 εὐωχοῦντες
3157 917 3256 980 τάς
3282 917 3466 980 πόλεις
3487 917 3744 987 θεάμασι

2132 997 2516 1065 παντοδαποῖς,
2561 1001 2908 1072 εἰσφέροντες
2936 1041 2952 1066 ,
2975 1000 3380 1064 ἀναλίσκοντες.
3435 999 3532 1052 Διά
3565 1000 3744 1053 τοῦτο

2132 1079 2228 1133 καὶ
2253 1080 2552 1151 εὐφημίαις
2585 1093 2607 1120 ε
2640 1083 2836 1147 αὐτοὺς
2873 1083 3191 1154 ἀμείϐονται
3233 1084 3285 1136 οί
3329 1083 3592 1147 παθόντες
3635 1078 3731 1149 εὖ,

2131 1163 2227 1218 καὶ
2291 1165 2774 1235 παραπετάσμασι,
2823 1168 2920 1220 καὶ
2975 1166 3275 1237 λαμπάδων
3340 1167 3574 1238 πλήθει,
3628 1169 3737 1222 καὶ

2133 1247 2430 1317 στέμμασι,
2461 1249 2556 1301 καὶ
2585 1249 2822 1312 κλάδοις,
2861 1250 2956 1304 καί¹
2999 1250 3187 1322 ἐσθῆτι
3221 1251 3468 1322 λαμπρᾷ.
3525 1251 3624 1304 Ἂν
3665 1250 3734 1304 δὲ

2129 1331 2221 1384 16v
2248 1332 2427 1402 ἰατρὸν
2449 1333 2629 1386 ἴδωσιν
2657 1334 2706 1385 οί
2741 1334 3062 1404 κάμνοντες,
3087 1335 3308 1403 στυγνοὶ
3332 1337 3426 1388 καὶ
3455 1338 3734 1404 κατηφεῖς

2129 1413 2400 1482 γίνονται·
2438 1414 2504 1469 ἂν
2542 1416 2634 1468 16v
2679 1416 2940 1490 δικαστὴν
2987 1418 3186 1487 ὁμοίως
3215 1418 3264 1470 οἱ
3318 1417 3727 1484 στασιάζοντες,

2131 1498 2550 1568 συνεσταλμένοι
2593 1500 2856 1566 γίνονται,
2909 1501 3032 1571 οὐχὶ
3079 1500 3406 1570 διαχέονται,
3459 1501 3581 1553 οὐδὲ
3636 1502 3734 1572 69-

2129 1580 2371 1650 χοῦνται,
2397 1583 2536 1653 πλὴν
2567 1583 2696 1636 ὅταν
2724 1585 2974 1648 κάκεῖνος
3002 1585 3080 1648 είς
3111 1584 3328 1656 ἐκείνην
3355 1587 3594 1655 μεταστῇ
3621 1586 3728 1655 τὴν

2128 1663 2300 1728 τάξιν.
2347 1665 2576 1736 Ἰδωμεν
2605 1663 2698 1720 οὖν
2731 1667 2877 1730 τίνες
2928 1667 3161 1736 μάλιστα
3208 1666 3306 1730 τὰς
3351 1667 3536 1730 πόλεις
3577 1668 3731 1737 ὡφε-

2128 1747 2331 1815 λοῦσιν,
2357 1750 2407 1802 οί
2441 1749 2538 1813 τὰς
2576 1750 2769 1822 ἑορτὰς
2819 1751 3024 1814 ταύτας
3055 1750 3300 1819 ἀγοντες,
3347 1750 3442 1804 καὶ
3475 1748 3576 1814 τὰς
3622 1750 3728 1804 θα-

2129 1831 2272 1896 λίας,
2307 1834 2400 1900 καὶ
2435 1833 2533 1896 τὰς
2558 1833 2838 1903 τραπέζας
2868 1834 2966 1897 τὰς
2996 1833 3330 1898 πολυτελεῖς,
3354 1833 3449 1886 καὶ
3473 1832 3572 1896 τὰς
3600 1833 3727 1904 τέρ-

2129 1915 2254 1982 ψεις
2279 1915 2376 1980 τὰς
2413 1916 2665 1980 ποικίλας
2686 1934 2699 1947 ·
2736 1917 2769 1988 ἡ
2799 1918 2848 1970 οί
2883 1917 3065 1970 πάντα
3095 1918 3280 1970 ἐκεῖνα
3316 1915 3722 1981 συστείλαντες,

2131 2001 2227 2054 καὶ
2265 2000 2327 2053 τὸ
2370 2000 2525 2066 ξύλον
2560 2001 2967 2072 ἐπιφερόμενοι,
3019 2001 3114 2054 καὶ
3165 2000 3458 2070 μάστιγας,
3493 1999 3588 2054 καὶ
3618 2000 3719 2071 δηο

2133 2083 2311 2154 μίους,
2342 2084 2436 2137 κάὶ
2481 2083 2820 2155 στρατιώτας
2852 2084 3139 2154 φοϐεροὺς,
3173 2085 3268 2137 καὶ
3302 2082 3484 2155 φωνὴν
3533 2087 3723 2155 προϊέ-

2133 2187 2282 2241 μενοι
2313 2169 2507 2223 πολλοῦ
2539 2170 2743 2241 τρόμου
2784 2171 3083 2242 γέμουσαν,
3126 2170 3220 2224 καὶ
3262 2169 3719 2240 ἐπισκὴπτοντες,

2129 2250 2224 2306 καὶ
2280 2257 2544 2325 κατηφεῖν
2599 2253 2898 2318 ποιοῦντες,
2945 2255 3042 2308 καὶ
3095 2253 3277 2326 ῥάϐδῳ
3319 2252 3721 2317 ἀποσοϐοῦντες

2129 2338 2255 2400 τοὺς
2295 2338 2388 2390 ἐπὶ
2412 2340 2510 2407 τῆς
2551 2339 2781 2407 ἀγορᾶς.
2828 2337 3058 2406 Ἴδωμεν
3087 2338 3266 2390 τοίνυν
3295 2335 3398 2390 ποῦ
3428 2337 3490 2390 16
3529 2335 3722 2407 κέρδος

2129 2419 2306 2491 λήγει.
2353 2415 2510 2474 υῦτοι
2547 2421 2645 2490 μὲν
2675 2421 2784 2492 γάρ
2817 2421 2954 2473 εἰσιν
2986 2420 3188 2490 ἀηδεῖς,
3223 2421 3420 2473 ἐκεῖνοι
3449 2420 3506 2472 δὲ
3534 2420 3719 2474 ποθει-

2129 2503 2232 2558 νοί.
2262 2503 2327 2557 Τί
2363 2498 2456 2557 οὖν
2485 2504 2580 2556 ἀπ’
2609 2504 2835 2557 ἐκείνων
2862 2504 3071 2572 γίνεται
3102 2503 3204 2557 τῶν
3229 2503 3566 2574 τερπόντωνς
3623 2503 3719 2556 Ἰἰ-

2127 2589 2250 2658 δονή
2281 2605 2364 2652 τις
2414 2587 2620 2660 ψυχρὰ,
2658 2588 2820 2659 μέχρι
2851 2589 2950 2658 τῆς
2982 2588 3221 2660 ἑσπέρας
3258 2588 3495 2658 μένουσα
3522 2586 3618 2642 καὶ
3643 2589 3716 2659 τῇ

2128 2671 2357 2746 ἐπιούσῃ
2385 2673 2729 2746 διαρρέουσα,
2757 2672 2930 2740 γέλως
2955 2671 3213 2734 ἀτακτος,
3240 2672 3460 2742 ῥήματα
3488 2671 3717 2742 ἀπρεπῆ

2127 2755 2221 2809 καὶ
2247 2755 2636 2826 διακεχυμένα.
2666 2755 2734 2808 Τί
2774 2755 2862 2808 δαὶ
2891 2755 2997 2808 ἀπὸ
3019 2754 3252 2821 τούτωνς
3284 2754 3470 2818 Φόϐος,
3505 2753 3720 2826 σωφρο-

2128 2837 2284 2909 σύνη,
2339 2838 2598 2910 λογισμὸς
2659 2838 3120 2909 συνεσταλμένος,
3181 2838 3360 2908 ψυχῆς
3417 2838 3713 2901 ἐπιείκεια,

2127 2921 2399 2992 ῥᾳθυμίας
2446 2922 2744 2993 ἀναίρεσις,
2790 2921 3004 2993 χαλινὸς
3033 2921 3143 2976 τῶν
3168 2921 3195 2960 ἀ
3228 2921 3375 2975 ένδον
3412 2921 3580 2976 ὄντων
3607 2937 3718 2973 πα-

2126 3002 2255 3070 θῶν,
2307 3006 2484 3076 τεῖχος
2517 3005 2625 3059 τῶν
2667 3005 2864 3071 ἔξωθεν
2899 3006 3179 3060 ἐπιόντων.
3237 3007 3337 3058 Διά
3361 3003 3580 3068 τούτους
3614 3003 3718 3068 τὰς

2124 3086 2312 3151 οὐσίας
2339 3087 2533 3158 ἔχομεν
2561 3088 2810 3152 ἕκαστος,
2841 3088 2908 3142 δι’
2938 3089 3148 3152 ἐκείνας
3177 3088 3234 3142 δὲ
3273 3088 3370 3149 τὰς
3403 3089 3594 3159 ἑορτὰς
3619 3087 3716 3141 καὶ

2123 3169 2433 3235 ἐπιϐλαϐῶς
2474 3171 2738 3243 κενοῦμεν
2770 3171 2960 3236 αὐτάς,
3010 3173 3069 3225 οὐ
3112 3171 3326 3244 λῃστῶν
3370 3170 3715 3224 ἐπεισελθόν-

2123 3271 2253 3320 των,
2302 3255 2440 3311 άλλὰ
2471 3257 2571 3328 τῆς
2601 3258 2720 3328 μεθ’
2753 3257 2948 3329 ἡδονῆς
2983 3255 3354 3328 λῃστευούσης
3382 3254 3711 3319 κενοδοξίας.

2135 3339 2268 3410 Ὁρᾷ
2316 3341 2410 3395 16v
2458 3340 2660 3414 λῃστὴν
2709 3341 2940 3404 ἕκαστος
2987 3338 3322 3411 ἐκφοροῦντα
3371 3339 3568 3401 πάντα,
3615 3339 3716 3392 καὶ

2120 3424 2326 3494 ἥδεται.
2365 3425 2563 3489 Καινὸς
2595 3425 2692 3496 τῆς
2719 3425 2975 3498 λῃστείας
3009 3427 3038 3479 6
3075 3425 3309 3497 τρόπος·
3355 3425 3538 3478 ἔπεισε
3583 3424 3713 3488 τοὺς

2121 3508 2524 3579 ἀποδυομένους
2552 3510 2963 3581 εὐφραίνεσθαι.

2191 3604 2253 3658 δ’.
2273 3605 2414 3658 Ἀλλ’
2432 3607 2533 3660 οὐκ
2553 3609 2670 3660 ἐκεῖ
2695 3606 2935 3661 τοιοῦτον
2954 3607 3125 3662 οὐδέν·
3153 3607 3290 3662 ἀλλά
3307 3609 3471 3662 πᾶσιν
3491 3605 3715 3660 ἀπετεί-

2121 3707 2272 3760 χισεν
2298 3691 2328 3743 ό
2347 3690 2481 3754 Θεὸς
2510 3691 2765 3762 καθάπερ
2794 3693 2970 3757 κοινὸς
3003 3692 3211 3764 Πατὴρ,
3238 3694 3334 3748 καλ⁸
3354 3694 3467 3754 τοῖς
3496 3689 3712 3763 ὁρωμέ-

2119 3789 2254 3840 νοις,
2299 3773 2395 3826 κα“ι
2444 3777 2558 3838 τοῖς
2603 3775 2678 3845 μὴ
2715 3777 3031 3847 ὁρωμένοις.
3090 3775 3355 3830 Βλέπετε
3386 3774 3516 3846 γὰρ,
3549 3773 3707 3845 φησὶ,

2119 3857 2237 3926 τὴν
2293 3858 2717 3928 ἐλεημοσύνην
2766 3859 2934 3929 ὑμῶν
2979 3859 3066 3930 μὴ
3128 3859 3325 3914 ποιεῖν
3367 3859 3712 3929 ἔμπροσθεν

2119 3939 2239 3994 τῶν
2271 3941 2617 4010 ἀνθρώπων.
2671 3941 2950 3996 Μανθάνει
2998 3942 3146 4015 ψυχὴ
3193 3941 3444 3997 ἐντεῦθεν
3493 3941 3710 3994 ἀδικίαν

2119 4024 2363 4094 φεύγειν.
2417 4025 2624 4080 Ἀδικία
2666 4026 2794 4098 γὰρ,
2853 4028 2915 4080 οὐ
2969 4027 3030 4081 16
3082 4028 3339 4100 χρήματα
3367 4027 3709 4081 πλεονεκτεῖν

2121 4107 2302 4179 μόνον,
2333 4107 2468 4163 ἀλλὰ
2509 4109 2604 4164 καὶ
2635 4109 2696 4163 16
2722 4110 2885 4165 πλέον
2911 4111 3009 4180 τῆς
3032 4111 3344 4182 ὡρισμένης
3378 4111 3583 4182 τροφῆς
3625 4110 3708 4164 δι-

2116 4196 2264 4250 δόναι
2294 4199 2361 4269 τῇ
2393 4199 2610 4270 γαστρὶ,
2662 4199 2756 4252 καὶ
2813 4198 2912 4270 τὴν
2954 4198 3294 4270 εὐφροσύνην
3335 4199 3442 4252 τῶν
3491 4197 3707 4250 οἰκείων

2118 4281 2334 4351 ἐξάγειν
2365 4282 2600 4354 μέτρων,
2634 4284 2728 4336 καὶ
2757 4285 2932 4337 ποιεῖν
2960 4282 3416 4354 ὲκϐακχεύεσθαι.
3465 4281 3708 4336 Ἐκεῖθεν

2119 4366 2472 4438 σωφροσύνην
2521 4367 2804 4437 μανθάνει,
2856 4367 3106 4422 ἐντεῦθεν
3135 4366 3449 4420 ἀκολασίαν.
3496 4367 3570 4420 οὐ
3597 4365 3708 4437 γὰρ

2115 4449 2178 4502 16
2225 4450 2449 4520 μιγῆναι
2483 4451 2703 4518 γυναικὶ
2761 4452 2920 4520 μόνον
2975 4450 3262 4514 ἀκολασία,
3316 4449 3452 4504 ἀλλά
3510 4450 3604 4504 καὶ
3643 4449 3708 4502 τὺ

2117 4533 2438 4598 ἀκολάστοις
2497 4533 2623 4587 ίδεῖν
2683 4533 3003 4606 ὀφθαλμοῖς.
3087 4533 3326 4588 Ἐκεῖθεν
3403 4534 3704 4587 ἐπιείκειαν

2120 4616 2401 4689 μανθάνει,
2435 4617 2685 4672 ἐντεῦθεν
2714 4617 2903 4686 τῦφον.
2957 4617 3159 4672 Πάντα
3198 4618 3309 4689 γάρ
3347 4637 3472 4688 μοι,
3515 4619 3701 4688 φησὶν,

2115 4700 2387 4766 ἔξεστιν,
2434 4701 2572 4756 ἀλλ’
2598 4703 2671 4756 οὐ
2709 4702 2910 4756 πάντα
2937 4702 3252 4772 συμφέρει.
3294 4701 3412 4775 με]
3465 4702 3705 4756 Ἐκεῖθεν

2117 4785 2454 4856 κοσμιότητα
2474 4824 2490 4850 ,
2519 4784 2772 4839 ἐντεῦθεν
2817 4785 3229 4857 ἀσχημοσύνην.
3267 4787 3350 4838 Τά
3375 4787 3485 4858 γὰρ
3512 4789 3568 4839 ἐν
3589 4788 3702 4850 τοῖς

2115 4869 2364 4942 θεάτροις
2417 4868 2681 4941 παρίημι.
2735 4871 2857 4924 Ὀτι
2903 4870 2960 4922 δὲ
3016 4870 3138 4924 οὐδὲ
3191 4869 3349 4941 ἡδονὴ
3400 4871 3482 4933 τίς
3532 4872 3700 4935 ἐστιν,

2115 4955 2253 5009 ἀλλὰ
2303 4953 2469 5026 λύπη,
2511 4955 2721 5020 δείξατέ
2753 4972 2844 5025 μοι
2875 4955 3012 5026 μετά
3042 4956 3172 5026 μίαν
3197 4956 3406 5027 ἡμέραν
3437 4955 3536 5025 τῆς
3576 4955 3700 5024 ἐορ-

2113 5041 2211 5110 τῆς
2253 5039 2380 5104 τούς
2404 5056 2464 5092 τε
2517 5036 2926 5104 ἀναλώσαντας,
2955 5038 3081 5102 τούς
3109 5057 3171 5092 τε
3203 5038 3554 5102 έστιαθέντας
3587 5042 3702 5104 τοῖς

2114 5121 2371 5194 θεάμασί,
2403 5122 2496 5176 καὶ
2522 5121 2640 5191 όψει
2665 5121 2860 5186 αὐτοὺς
2897 5124 2994 5193 μὲν
3029 5125 3086 5175 ἐν
3129 5122 3401 5194 κατηφείᾳ.
3432 5123 3699 5188 ἅπαντας,

2112 5205 2170 5258 ἐν
2202 5204 2407 5276 μείζονι
2444 5205 2500 5258 δέ
2537 5207 2743 5258 ἐκεῖνον
2786 5205 2879 5259 τὸν
2914 5206 3254 5260 άναλωκότα.
3291 5208 3400 5259 Καὶ
3433 5207 3659 5269 εἰκότως
3686 5225 3700 5238 ·

2112 5289 2306 5361 ἔτερψε
2342 5287 2452 5361 γὰρ
2493 5291 2560 5360 τῇ
2596 5289 2900 5360 προτεραίᾳ
2925 5289 3016 5342 16v
3064 5289 3280 5360 ἰδιώτην
3305 5306 3322 5322 ο
3379 5289 3474 5352 καὶ
3516 5293 3545 5342 6
3600 5290 3702 5360 μὲν

2115 5371 2330 5443 ἰδιώτης
2354 5373 2414 5426 ἐν
2435 5373 2674 5443 εὐθυμία
2701 5367 2770 5442 ἦν
2794 5373 2886 5426 καὶ
2909 5371 3070 5443 ἡδονῇ
3103 5371 3294 5444 πολλῇ’
3328 5373 3467 5436 τέως
3493 5372 3603 5442 γάρ
3633 5375 3699 5443 τῇ

2111 5469 2298 5539 ἐσθῆτι
2324 5468 2511 5540 ἔχαιρε
2537 5473 2605 5540 τῇ
2633 5469 2860 5540 λαμπρᾷ
2878 5487 2891 5500 ·
2929 5469 3028 5540 τὴν
3070 5469 3269 5540 χρῆσιν
3299 5469 3355 5523 δὲ
3385 5471 3557 5540 αὐτῆς
3600 5472 3703 5525 οὐκ

2110 5551 2268 5621 ἔχων,
2300 5551 2414 5604 ἀλλ’
2441 5552 2584 5622 ὁρῶν
2615 5552 2811 5606 ἐαυτὸν
2848 5553 3236 5624 ἀποδυόμενον,
3269 5554 3425 5626 ἡλγει
3455 5555 3550 5608 καὶ
3581 5555 3703 5609 ἐδα-

2109 5649 2287 5689 κνετο.
2329 5635 2564 5700 Ἐκεῖνος
2615 5636 2674 5689 δὲ
2729 5638 2758 5688 ό
2800 5635 3128 5703 ἀναλίσκων,
3182 5637 3274 5690 καὶ
3341 5637 3442 5708 τὴν
3490 5637 3701 5691 οἰκείαν

2167 5770 2190 5833 ξ
2240 5767 2414 5833 Mqre].
2455 5770 2586 5820 male
2625 5770 2873 5833 εὐφημίας.
2940 5768 2966 5808 δ
2995 5768 3396 5833 Μοτειίηχαλινὸς
3418 5770 3580 5833 ὅντως,
3602 5772 3701 5818 τῶν

2110 5829 2254 5906 εἶδον.
2273 5831 2456 5906 “Cod-(3x
2479 5845 2607 5906 ρους
2626 5829 2817 5906 χαλινός
2853 5832 2956 5906 ἐστι
2993 5833 3097 5906 ξεινὶ
3133 5829 3279 5906 ἐγδον.
3317 5832 3475 5906 βανίῖ.
3508 5832 3699 5906 χαλινὸς

2107 5893 2204 5957 τῶν
2219 5893 2366 5957 ἔνδον.
2386 5893 2536 5957 Paulo
2554 5892 2665 5957 poi!
2681 5907 2820 5957 unus_
2829 5893 2987 5943 codex
3005 5894 3066 5941 δι’
3079 5892 3258 5957 ἐκείνας
3279 5893 3361 5957 μέν
3377 5893 3468 5957 γὰρ
3487 5892 3569 5957 τάς
3589 5895 3668 5956 έορ
3681 5918 3702 5932 ο

2109 5955 2193 6009 τὰς
2215 5953 2482 6012 ἑπιϐλαϐεἶς
2501 5952 2775 6018 στένοῦμιν.
2791 5955 3033 6005 Praelata
3045 5953 3243 6003 videtur
3262 5952 3505 6004 édildrlim
3521 5952 3670 6006 Iceni)
