4092 6492
334 349 413 405 53
1307 342 1373 400 IN
1413 342 1591 399 ACTA
1633 342 1915 401 APOSTOI

2020 343 2161 401 lUM.
2179 344 2407 401 IIOMIL.
2455 344 2514 399 κ’.
3575 342 3640 395 54

2050 460 2442 526 misereantur,
2498 460 2714 515 lnunani
2742 502 2756 526 ,
2803 476 3029 531 suztvcs,
3063 464 3327 536 mitesque
3375 466 3479 520 sint
3527 466 3632 533 Iis,

2040 551 2232 621 quibus
2264 553 2519 607 beneficia
2568 563 2843 620 ltrﬂ‘SlalII.
2868 555 2976 610 Nos
3007 566 3223 616 verout
3252 557 3476 612 subditis
3508 575 3634 628 pro-

2038 645 2242 712 simus,
2286 661 2475 717 graves
2502 646 2780 711 videmur,
2813 647 2931 701 duri
2958 691 2971 711 ,
3023 649 3273 714 onerosi,
3310 649 3583 719 injucundi
3612 666 3629 717 ;

2038 751 2213 807 neque
2238 737 2379 790 enim
2414 752 2700 807 prosumus
2729 755 2825 809 per
2868 756 2930 794 ea
2958 756 3076 810 qum
3118 742 3364 811 placent,
3411 742 3507 796 sed
3536 757 3633 812 per

2034 844 2096 884 ea
2123 846 2241 900 qua:
2286 840 2545 902 pungunt.
2577 832 2722 887 Talis
2747 849 2961 903 quoque
3008 844 3091 888 est
3126 835 3407 890 medicus:
3441 851 3626 890 verum

2036 922 2127 977 ille
2179 939 2283 977 non
2334 934 2439 978 tam
2490 925 2847 994 injucundus;
2896 928 3075 981 statim
3123 930 3321 999 quippe
3366 939 3483 985 arte
3530 945 3627 985 sua

324 468 659 526 ταωνι-θείω
686 474 744 521 et
771 465 921 535 signa
943 505 959 529 ,
988 462 1129 534 quod
1162 477 1353 533 nempe
1379 462 1498 517 illos
1526 461 1770 516 advocet.
1799 460 1933 515 Nam

325 563 480 631 quod
507 561 797 615 admodum
830 558 1030 613 bonum
1050 600 1067 623 ,
1106 556 1215 611 Deo
1255 556 1486 610 maxime
1526 554 1797 624 proprium
1828 560 1932 607 est.

322 654 462 709 Ideo
486 653 628 714 dicit,
663 650 831 705 Nemo
857 649 1038 714 bonus,
1063 648 1164 702 nisi
1199 663 1327 702 unus
1353 645 1491 700 Deus
1516 644 1664 713 (Luc.
1702 644 1788 699 18.
1823 642 1931 713 19).

317 747 437 801 Sed
472 762 538 801 ne
562 744 864 799 bonitatem
893 743 944 797 in
965 740 1184 797 desidia:
1212 738 1547 795 occasionem
1574 737 1891 806 arripiamus
1916 751 1929 787 :

318 855 453 892 nam
480 838 634 906 punit
656 837 821 890 etiam
843 844 901 889 ttt
927 834 1089 890 Deus.
1115 832 1239 887 ch
1261 846 1386 901 ergo
1413 830 1534 885 fecit
1561 830 1624 893 is,
1652 828 1741 900 qui
1763 827 1929 886 dixit:

324 930 509 984 Omnis
554 930 863 998 quicumque
906 927 1205 981 invocaverit
1250 941 1430 979 nomen
1476 921 1724 988 Domini,
1762 923 1931 976 salvus

323 1023 440 1076 erit.
477 1022 552 1075 De
586 1021 751 1075 rebus
779 1020 1127 1091 Jcrosolyma:
1154 1019 1365 1088 loquor,
1394 1016 1463 1071 de
1491 1013 1813 1070 intolerabili
1840 1014 1928 1069 illa

321 1114 527 1166 ultione
556 1130 569 1165 :
602 1112 672 1167 de
703 1127 808 1181 qua
838 1110 984 1166 vobis
1014 1125 1157 1166 nunc
1197 1122 1361 1179 pauca
1393 1108 1580 1179 loquar
1606 1106 1780 1170 utilia,
1815 1112 1925 1159 tum

316 1212 507 1257 contra
538 1202 938 1269 Marcionistas,
972 1211 1082 1255 tum
1109 1210 1291 1256 contra
1320 1199 1455 1253 alios
1484 1197 1679 1252 multos
1710 1196 1925 1251 ha'reti-

316 1310 436 1348 ens.
465 1296 601 1361 Quia
632 1295 779 1349 enim
810 1295 993 1349 dicunt
1021 1294 1217 1349 bonum
1253 1293 1419 1347 Deum
1449 1291 1743 1357 Christum,
1775 1290 1923 1344 illum

317 1402 451 1443 vero
491 1388 697 1441 malum
732 1386 1053 1449 :videamus
1074 1429 1087 1452 ,
1117 1386 1235 1457 quis
1275 1385 1389 1441 hinc
1414 1384 1620 1440 fecerit.
1653 1382 1784 1451 Quis
1810 1383 1925 1437 hmo

312 1497 448 1552 ergo
478 1480 629 1547 fecit,
660 1481 905 1536 malusne
930 1480 1076 1535 illum
1108 1478 1409 1534 ulciscens?
1431 1477 1665 1531 Minime.
1691 1475 1926 1543 Quomo—

313 1573 386 1627 do
431 1573 601 1641 igitur
639 1572 711 1625 ab
750 1572 843 1626 illo
881 1571 1125 1626 alienus?
1155 1571 1238 1623 An
1276 1568 1449 1623 bonus
1492 1568 1593 1622 hoc
1630 1565 1787 1621 fecit?
1817 1565 1921 1620 Sed

310 1666 729 1720 demonstratur
768 1674 823 1720 et
864 1665 1075 1719 Patrem
1103 1673 1155 1718 et
1195 1663 1386 1717 Filium
1417 1662 1520 1717 hoc
1548 1661 1738 1716 fecisse
1772 1678 1785 1714 :
1816 1658 1922 1714 Pa-

312 1766 451 1812 trem
486 1758 680 1812 multis
710 1758 762 1812 in
794 1757 956 1821 locis,
990 1766 1042 1809 ιιι
1070 1770 1191 1810 eum
1217 1754 1412 1810 dicitur
1433 1797 1446 1819 ,
1480 1754 1766 1808 missurum
1797 1767 1918 1807 eum

308 1865 434 1905 esse
461 1851 740 1906 exercitus
760 1865 888 1905 suos
914 1850 967 1903 in
990 1849 1197 1903 vineam
1219 1846 1433 1918 (Matth.
1460 1840 1554 1900 ‘20.
1581 1843 1637 1913 2)
1660 1861 1675 1908 ;
1702 1842 1916 1909 Filium,

308 1954 368 1995 ut
392 1943 620 2012 quando
648 1942 775 1997 dicit
800 1959 814 1995 :
842 1940 1081 1994 Inimicos
1103 1949 1271 1994 autem
1299 1956 1434 1993 meo:
1462 1939 1701 1993 adducite
1721 1948 1766 1992 et
1786 1938 1919 1991 occi-

308 2038 416 2086 dite
443 2051 623 2087 coram
654 2051 765 2097 me,
791 2050 879 2088 eos
898 2035 988 2103 qui
1015 2035 1283 2087 noluerunt
1312 2049 1390 2086 me
1418 2048 1633 2102 regnare
1658 2048 1809 2100 super
1834 2048 1919 2087 eos

309 2126 477 2187 (an.
514 2126 607 2181 19.
636 2126 767 2197 27).
802 2127 1049 2197 Alioquin
1080 2142 1207 2181 vero
1234 2135 1294 2181 et
1335 2126 1447 2196 ipse
1491 2135 1670 2181 narrat
1708 2126 1918 2183 futuras

311 2221 721 2285 tribulationes,
749 2220 939 2289 quibus
971 2220 1109 2273 nulla
1139 2234 1389 2289 umquam
1421 2219 1686 2274 crudelior
1715 2218 1830 2286 fttit,
1863 2229 1918 2274 et

309 2313 429 2383 ipse
460 2314 588 2367 illas
623 2313 978 2367 annuntiavit.
1013 2311 1104 2366 Vis
1131 2312 1338 2381 audire,
1371 2328 1488 2382 qua:
1520 2311 1653 2367 facta
1683 2312 1918 2367 fuerint?

308 2405 565 2460 Yet-tibus
597 2406 717 2460 illos
746 2410 1146 2461 transtixerunt.
1174 2406 1310 2475 Quid
1340 2405 1439 2460 hoc
1465 2405 1771 2475 spectaculo
1798 2420 1917 2491 gra-

306 2501 424 2554 vius
444 2501 469 2552 ?
497 2499 609 2555 Sed
641 2499 720 2553 vis
750 2515 960 2553 narrem
1001 2499 1141 2554 illam
1170 2498 1409 2555 mulieris
1435 2500 1767 2570 tragaadiam,
1796 2514 1915 2570 qua:

310 2608 529 2648 omnem
565 2603 785 2662 superat
819 2592 1217 2649 calamitatem?
1249 2595 1326 2648 vis
1365 2593 1557 2648 famem
1590 2604 1642 2649 et
1668 2593 1914 2663 pestem?

305 2684 400 2739 llis
424 2686 681 2757 graviora
710 2695 996 2757 prmtcreo.
1025 2685 1343 2755 Ignorabant
1369 2684 1443 2739 illi
1472 2694 1736 2752 naturam,
1766 2686 1916 2755 igno-

307 2780 504 2833 rabant
537 2778 735 2848 legem,
767 2777 968 2833 belluas
996 2777 1204 2832 feritate
1228 2778 1573 2847 superabant.
1602 2777 1725 2832 Ila'c
1752 2791 1912 2846 porro

307 2873 488 2925 omnia
518 2886 593 2925 ex
622 2870 748 2925 belli
777 2870 1027 2926 violentia
1058 2869 1330 2940 contigere
1349 2912 1363 2935 ,
1393 2879 1448 2924 et
1477 2870 1582 2924 Deo
1609 2881 1667 2925 et
1695 2869 1913 2923 Christo

308 2966 549 3021 volente.
577 2964 704 3019 Haec
730 2974 781 3019 et
800 2972 985 3019 contra
1006 2962 1368 3018 Mareionistas
1387 2961 1487 3035 (a),
1512 2971 1566 3017 et
1585 2971 1770 3017 contra
1792 2976 1907 3028 eos,

308 3060 395 3128 qui
426 3074 543 3112 non
570 3058 797 3113 credunt
825 3072 946 3114 esse
973 3058 1296 3128 gehennam,
1323 3066 1441 3127 apta
1473 3066 1666 3120 erunt;
1698 3056 1908 3111 illorum

309 3153 452 3206 enim
493 3151 883 3220 impudentiam
925 3150 1282 3221 comprimere
1320 3148 1518 3204 valent.
1559 3150 1751 3203 Annon
1796 3147 1911 3203 ltzec

307 3243 660 3314 Babylonicis
704 3243 858 3298 malis
896 3243 1138 3311 graviora
1178 3242 1335 3297 sunt?
1372 3256 1549 3296 annon
1589 3240 1704 3296 haec
1744 3240 1909 3295 fames

308 3336 394 3389 illa
421 3335 744 3391 crudelior?
776 3336 849 3390 De
880 3334 961 3389 bis
1000 3336 1114 3406 ipse
1150 3349 1362 3405 quoque
1388 3333 1633 3388 Christus
1668 3348 1908 3403 pronun-

312 3429 461 3483 tiatit
494 3446 509 3480 :
547 3426 661 3480 Erit
688 3427 964 3493 tribulatio,
996 3427 1161 3497 qualis
1187 3443 1458 3496 numquam
1490 3427 1604 3498 fuit,
1635 3442 1794 3495 neque
1816 3426 1910 3479 erit

308 3522 528 3587 (Matth.
559 3522 652 3577 24.
690 3521 803 3591 21).
832 3521 1112 3589 Quomodo
1139 3538 1268 3592 ergo
1296 3521 1481 3577 dicunt
1507 3520 1723 3591 quidam
1751 3519 1907 3576 Chri-

307 3626 447 3670 stum
478 3614 758 3671 remisisse
784 3613 885 3668 illis
914 3622 1186 3684 peccatum
1209 3614 1232 3667 ?
1256 3612 1417 3668 Forte
1439 3612 1669 3683 vulgaris
1699 3611 1911 3667 videtur

306 3724 425 3766 esse
466 3708 739 3780 quzcstio;
785 3707 876 3764 sed
918 3722 1016 3763 vos
1060 3706 1280 3776 potestis
1311 3706 1451 3761 illam
1480 3706 1711 3762 solvere.
1741 3704 1911 3760 Nemo

308 3819 567 3873 umquam
596 3802 790 3872 poterit
819 3800 924 3856 tale
955 3800 1263 3869 figmentum
1295 3798 1579 3854 ostendere
1598 3838 1614 3864 ,
1644 3797 1802 3868 quale
1827 3804 1913 3852 est

309 3894 358 3947 id
374 3894 527 3963 quod
553 3908 739 3948 revera
759 3892 969 3948 accidit.
996 3891 1061 3946 Et
1086 3891 1128 3946 si
1150 3890 1365 3962 quidem
1386 3888 1723 3946 Christianus
1741 3897 1907 3958 esset,

309 3989 396 4055 qui
428 3988 547 4042 [an
578 3987 827 4055 scripsit,
856 4000 945 4041 res
970 3993 1115 4041 esset
1144 3984 1280 4040 forte
1306 3992 1553 4055 suSpecta
1589 4002 1602 4038 :
1631 3998 1751 4039 cum
1779 3997 1910 4038 vero

308 4079 532 4134 indutus
556 4077 721 4134 fuerit
738 4086 790 4132 et
808 4076 1150 4133 Judaicorum
1176 4074 1470 4143 studiosus,
1495 4076 1581 4146 qui
1608 4082 1725 4145 post
1747 4087 1918 4129 evan-

309 4174 513 4242 gelium
547 4171 732 4239 venit,
764 4169 1036 4242 quomodo
1066 4185 1171 4225 non
1202 4169 1450 4224 omnibus
1489 4168 1773 4224 manifesta
1801 4167 1910 4223 sint

311 4282 395 4330 ea,
422 4280 547 4335 qua:
573 4273 723 4334 gesta
754 4265 910 4318 sunt?
934 4261 1152 4318 Videbis
1178 4277 1411 4332 namque
1438 4261 1583 4315 illttm
1607 4260 1801 4331 ubique
1823 4274 1909 4315 res

310 4360 566 4414 Judaicas
593 4357 956 4414 extollentem.
987 4357 1081 4413 Est
1120 4356 1297 4426 itaque
1328 4355 1568 4427 gehenna
1593 4396 1608 4421 ,
1641 4363 1695 4410 et
1736 4354 1909 4409 bonus

312 4463 394 4505 est
421 4452 590 4505 Deus.
618 4451 808 4505 Annon
835 4446 1189 4504 exhorruistis
1217 4446 1331 4502 haec
1357 4445 1677 4501 audientes?
1707 4444 1906 4499 Verum

314 4558 431 4609 qua:
478 4541 568 4596 hic
604 4540 771 4600 ﬁunt.
817 4538 947 4593 nihil
990 4545 1116 4595 sunt
1152 4538 1205 4593 in
1241 4536 1641 4608 comparatione
1671 4535 1904 4589 illorum.

316 4632 527 4689 Rursus
566 4644 726 4703 cogor
766 4634 1004 4701 ingratus
1039 4628 1207 4684 videri
1242 4637 1298 4685 et
1338 4628 1631 4694 molestus;
1660 4627 1753 4683 sed
1781 4626 1907 4697 quid

318 4725 548 4782 faciam?
578 4724 635 4779 Itt
675 4725 775 4779 hoc
803 4724 1008 4795 positus
1045 4738 1183 4779 sum.
1223 4723 1372 4778 Sicut
1407 4720 1724 4791 paedagogus
1751 4734 1910 4788 asper

312 4816 699 4887 discipulorum
724 4815 847 4870 odio
872 4815 1145 4885 espositus
1169 4823 1272 4880 est,
1295 4814 1373 4869 sic
1401 4822 1456 4868 et
1483 4826 1600 4867 nos.
1628 4810 1908 4881 Quomodo

314 4912 456 4964 enim
486 4908 774 4963 absurdum
806 4923 909 4965 non
950 4909 1139 4974 fuerit,
1177 4906 1222 4963 si
1261 4906 1386 4962 dum
1415 4906 1487 4974 ii,
1519 4906 1609 4976 qui
1636 4923 1666 4961 a
1694 4905 1908 4976 regibus

318 5014 436 5057 utut
464 5002 764 5065 consﬁtuti.
788 5017 876 5059 res
900 5002 1238 5073 quantumvis
1264 5000 1579 5071 injucundas
1601 5001 1904 5071 perficiunt,

319 5112 431 5162 nos,
465 5114 533 5152 ne
553 5114 584 5151 a
611 5098 760 5153 vobis
792 5096 1267 5168 reprehendamur,
1298 5095 1534 5151 officium
1560 5095 1785 5165 implere
1813 5093 1908 5149 de.

314 5193 551 5245 sinamus
568 5193 594 5245 ?

388 5283 673 5353 Episcopus
717 5299 851 5352 sape
897 5299 997 5336 non
1045 5281 1251 5352 prodest
1295 5298 1385 5352 per
1410 5298 1471 5336 ea
1499 5295 1615 5349 qua:
1658 5279 1858 5350 placent
1885 5321 1901 5347 ,

314 5375 401 5427 sed
429 5390 520 5443 per
547 5389 607 5427 ea
634 5390 747 5443 qua'
788 5382 1039 5444 pungunt.
1080 5403 1153 5413 —
1182 5372 1334 5427 Alius
1362 5371 1505 5426 aliud
1539 5372 1700 5427 habet.
1724 5386 1858 5440 opus
1890 5389 1903 5425 :

320 5467 608 5520 multorum
672 5475 854 5521 autem
896 5483 961 5522 ex
1014 5466 1165 5521 vobis
1227 5465 1329 5521 hoc
1393 5466 1625 5521 officium
1686 5475 1800 5531 est,
1852 5475 1909 5521 ut

384 5600 457 5663 (tt)
480 5601 675 5652 Μαι-οἱοῦ
701 5601 899 5652 dicebat
920 5599 1165 5663 Christum
1207 5613 1302 5649 non
1328 5598 1439 5663 fore
1450 5597 1663 5661 judicem
1684 5602 1909 5663 mortuo-

320 5661 446 5726 rum,
467 5663 617 5726 inquit
638 5663 921 5713 Pbilastrius
944 5665 999 5726 in_
1014 5662 1205 5711 Hieresi
1226 5661 1629 5726 Marcionistarum
1648 5674 1660 5709 :
1680 5661 1793 5711 hinc
1813 5673 1908 5722 ge-

324 5722 546 5774 hennam"
575 5726 924 5776 excludebant.
967 5723 1212 5775 Caeterum
1243 5724 1559 5773 Marcionistte
1597 5735 1693 5771 non
1733 5734 1911 5771 omnes

323 5784 451 5856 inter
473 5800 528 5837 se
550 5787 956 5840 consentiebant:
980 5786 1070 5837 sed
1093 5787 1221 5837 inter
1246 5783 1355 5836 illos
1376 5791 1517 5836 erant
1538 5784 1820 5847 Opinionum
1837 5784 1908 5833 di-

327 5853 489 5899 νυηῑι.

2033 1014 2317 1070 utilitatem
2351 1016 2546 1086 praebet
2580 1035 2593 1071 :
2629 1032 2725 1073 nos
2755 1028 2932 1073 autem
2965 1021 3016 1074 in
3050 1021 3249 1075 futuro.
3283 1020 3427 1077 Talis
3456 1033 3538 1077 est
3565 1038 3623 1078 et

2029 1109 2193 1177 judex
2219 1153 2234 1177 ,
2284 1110 2488 1166 invisus
2537 1113 2797 1167 morbidis
2834 1129 2896 1168 ac
2926 1115 3197 1169 seditiosis
3236 1132 3249 1169 :
3287 1116 3407 1171 talis
3456 1117 3622 1187 legis-

2034 1202 2171 1258 lator
2192 1246 2205 1269 ,
2240 1206 2500 1260 molestus
2523 1208 2623 1261 sub
2648 1206 2763 1277 lege
2794 1207 3000 1277 positis.
3034 1210 3103 1262 At
3142 1224 3247 1262 non
3271 1209 3315 1263 is
3335 1209 3424 1278 qui
3468 1219 3623 1265 vocat

2029 1296 2096 1351 ad
2144 1297 2401 1362 delicias,
2456 1314 2558 1354 nec
2608 1300 2697 1371 qui
2749 1300 2881 1355 festa
2929 1301 3376 1373 cclcbritatesque
3421 1313 3620 1373 parat,

2030 1402 2130 1442 nec
2158 1389 2247 1457 qui
2280 1389 2532 1459 populum
2574 1400 2796 1446 coronat
2825 1408 2839 1445 :
2888 1392 2941 1446 hi
2970 1401 3115 1448 certe
3142 1394 3276 1464 grati
3320 1395 3619 1463 habentur,

2027 1480 2116 1550 qui
2147 1482 2390 1537 civitates
2417 1486 2744 1553 sumptuosis
2770 1487 3089 1556 spectaculis
3115 1488 3424 1557 excipiunt,
3458 1504 3621 1558 pecn-

2027 1577 2129 1633 nia:
2172 1592 2275 1632 non
2325 1590 2629 1649 parcentes.
2686 1580 2919 1652 Ideoque
2967 1581 3305 1637 celebrantur
3347 1598 3376 1637 a
3423 1585 3618 1653 populo

2026 1668 2163 1726 bene
2207 1682 2432 1743 excepto
2456 1717 2471 1740 ,
2523 1690 2643 1728 cum
2696 1676 2961 1745 tapetibus
2991 1718 3005 1742 ,
3055 1676 3288 1731 lucernis
3312 1718 3324 1741 ,
3355 1676 3569 1731 coronis
3599 1718 3616 1739 ,

2024 1764 2189 1818 ramis
2218 1773 2272 1820 et
2314 1765 2591 1835 Splendida
2638 1776 2805 1822 veste.
2855 1765 3054 1822 Infirmi
3098 1784 3226 1823 vero
3263 1768 3308 1822 si
3348 1768 3614 1822 medicmn

2023 1857 2287 1926 viderint,
2320 1859 2496 1915 maesti
2542 1869 2698 1925 sunt;
2758 1868 2815 1915 et
2842 1861 2886 1915 si
2926 1860 3161 1929 judicem
3208 1861 3483 1926 seditiosi,
3516 1861 3614 1915 de-

2020 1950 2146 2020 jecti
2196 1952 2363 2016 fittttt,
2406 1968 2511 2005 non
2543 1952 2733 2016 effusi,
2783 1968 2881 2007 nec
2929 1953 3290 2019 exsultantes,
3338 1952 3477 2020 quod
3524 1952 3616 2008 ille

2022 2043 2088 2097 ad
2119 2043 2221 2098 hoc
2252 2042 2486 2097 officium
2515 2047 2585 2098 sit
2625 2044 2963 2098 constitutus.
3014 2044 3302 2099 Videamus
3331 2058 3461 2111 ergo
3486 2044 3610 2114 qui-

2023 2150 2145 2190 nam
2178 2136 2407 2190 maxime
2444 2135 2746 2190 civitatibus
2777 2139 2983 2204 prosint
3010 2152 3024 2201 ;
3055 2150 3120 2189 an
3148 2136 3217 2199 ii,
3253 2137 3339 2205 qui
3369 2135 3501 2189 tales
3523 2150 3614 2190 ce-

2021 2226 2297 2283 Iebritates
2321 2238 2539 2296 parant,
2584 2226 2997 2293 thalias,lautas
3046 2236 3328 2282 mensaset
3362 2227 3610 2293 delicias;

2020 2334 2087 2373 an
2119 2319 2178 2386 ii,
2209 2319 2332 2388 qui,
2381 2319 2466 2371 his
2508 2318 2732 2374 sublatis
2777 2318 3059 2380 omnibus,
3095 2319 3291 2388 lignum
3340 2318 3610 2385 inferunt,

2020 2411 2251 2481 flagella,
2291 2410 2609 2475 carnifices,
2675 2410 2873 2465 milites
2936 2410 3241 2476 terribiles,
3305 2410 3614 2465 tremendas

2018 2520 2214 2570 voces,
2250 2506 2534 2572 mandata,
2578 2507 2885 2561 maestitiam
2912 2546 2927 2572 ,
2960 2508 3047 2576 qui
3072 2507 3216 2576 virga
3261 2520 3356 2560 eos
3380 2548 3395 2573 ,
3426 2506 3514 2576 qui
3556 2506 3609 2560 in

2019 2598 2138 2651 foro
2177 2606 2336 2664 sunt,
2370 2607 2667 2652 semovcnt.
2715 2595 3036 2663 Videamus,
3085 2598 3331 2666 inquam,
3376 2607 3495 2651 utra
3526 2612 3612 2652 res

2018 2690 2071 2744 in
2118 2690 2325 2744 lucrum
2377 2691 2607 2745 desinat.
2658 2691 2722 2745 lli
2781 2707 3009 2760 namque
3057 2691 3266 2744 molesti
3316 2700 3480 2757 sttnt,
3533 2692 3608 2747 illi

2016 2783 2294 2837 amabiles.
2338 2783 2477 2851 Quid
2521 2784 2680 2853 igitur
2728 2784 2905 2837 evenit
2950 2799 3013 2836 ex
3060 2785 3124 2836 iis
3157 2784 3246 2852 qui
3292 2784 3611 2838 oblectant!

2018 2874 2273 2943 Voluptas
2297 2875 2484 2943 frigida
2499 2916 2512 2939 ,
2537 2891 2655 2943 qua:
2675 2890 2841 2944 usque
2859 2873 2924 2928 ad
2942 2889 3217 2943 vesperam
3243 2884 3441 2941 manet,
3463 2884 3517 2929 et
3536 2876 3612 2930 in-

2015 2966 2260 3035 sequenti
2284 2966 2371 3020 die
2388 2967 2561 3020 effluit
2579 3006 2594 3031 ,
2620 2966 2757 3019 risus
2780 2966 3195 3034 incompositus,
3220 2966 3380 3020 verba
3400 2964 3612 3022 indeco-

2015 3074 2073 3113 ra
2103 3069 2155 3113 et
2182 3059 2463 3113 dissoluta.
2497 3057 2633 3126 Quid
2674 3072 2738 3112 ex
2781 3057 2942 3111 aliis?
2968 3057 3184 3121 Timor,
3215 3060 3568 3127 temperantia
3588 3100 3607 3128 ,

2013 3153 2267 3222 cogitatio
2297 3152 2585 3207 demissior
2608 3192 2623 3217 ,
2663 3151 2825 3205 animi
2857 3150 3117 3205 modestia
3139 3192 3155 3217 ,
3198 3151 3418 3206 desidia:
3449 3152 3603 3224 fuga,

2014 3243 2226 3300 frenum
2270 3242 2587 3298 interiorum
2636 3242 2919 3297 affectuum
2946 3282 2961 3307 ,
3014 3259 3199 3296 murus
3246 3243 3504 3298 adversus
3542 3258 3606 3299 ea

2013 3352 2134 3408 qua:
2177 3336 2305 3390 foris
2336 3335 2606 3405 ingruunt.
2643 3334 2744 3389 Per
2792 3333 2889 3388 hos
2915 3333 3142 3404 quisque
3173 3332 3451 3390 facultates
3480 3349 3605 3392 suas

2014 3427 2283 3500 possidet,
2315 3442 2409 3496 per
2435 3427 2521 3479 illa
2553 3436 2731 3479 autem
2761 3424 2895 3481 festa
2926 3440 3015 3480 eas-
3045 3425 3186 3494 ipsas
3213 3426 3602 3495 dilapidamus,

2015 3534 2122 3573 non
2157 3516 2528 3572 invadentibos
2558 3515 2890 3581 latronibus,
2924 3516 3018 3570 sed
3048 3531 3181 3569 vana
3225 3516 3391 3587 gloria
3423 3526 3479 3571 et
3505 3532 3601 3571 vo-

2012 3608 2215 3678 luptate
2240 3608 2530 3679 praedante.
2562 3607 2799 3676 Quisque
2824 3607 2965 3661 videt
2988 3607 3248 3662 latronem
3273 3607 3606 3663 auferentem

2014 3698 2195 3754 omnia
2223 3739 2238 3763 ,
2285 3706 2339 3753 et
2386 3698 2615 3752 lu'tatur.
2679 3696 2858 3752 Novus
2905 3696 3169 3752 latrocinii
3233 3698 3469 3755 modus:
3513 3700 3605 3770 qui

2013 3791 2189 3848 exutis
2207 3832 2223 3855 ,
2256 3801 2315 3845 ut
2341 3789 2639 3862 gaudeant,
2670 3790 2882 3846 suadet.

2084 3883 2140 3939 4.
2187 3883 2383 3940 Verum
2412 3882 2520 3937 illic
2550 3882 2679 3936 nihil
2704 3881 2837 3948 tale;
2872 3880 2966 3938 scd
2995 3881 3065 3937 ab
3093 3882 3343 3940 omnibus
3378 3884 3608 3940 removit

2013 3977 2178 4045 Deus,
2212 3985 2271 4032 ut
2297 3976 2599 4031 communis
2628 3975 2809 4041 Pater,
2843 3982 2953 4029 tum
3006 3990 3125 4046 qua:
3172 3976 3443 4043 videntur,
3491 3986 3603 4032 tum

2012 4088 2134 4145 quze
2162 4087 2267 4126 non
2299 4071 2566 4127 videntur.
2605 4070 2736 4125 Nam
2779 4068 2886 4124 ait:
2925 4068 3099 4124 Videte
3134 4086 3197 4124 ne
3236 4070 3605 4141 eleemosynam

2012 4176 2228 4223 vestram
2257 4166 2461 4238 faciatis
2499 4180 2672 4219 coram
2720 4163 3009 4218 hominibus
3042 4162 3251 4235 (Matth.
3282 4164 3334 4218 6.
3365 4165 3439 4234 1).
3471 4164 3607 4219 lliuc

2013 4260 2171 4315 discit
2213 4259 2389 4313 anima
2431 4257 2743 4327 injustitiam
2788 4256 2989 4326 fugere.
3025 4256 3281 4325 lnjustitia
3328 4257 3470 4310 enim
3499 4266 3603 4320 est,

2014 4368 2120 4408 non
2166 4350 2328 4405 modo
2356 4348 2609 4420 pecunias
2650 4364 2745 4419 per
2771 4348 3008 4419 rapinam
3050 4363 3258 4419 parare,
3305 4348 3399 4402 sed
3440 4348 3603 4403 etiam

2013 4444 2133 4515 plus
2160 4442 2263 4499 cibi
2291 4441 2419 4497 dare
2445 4440 2640 4503 ventri,
2675 4456 2834 4511 quam
2856 4440 2987 4494 satis
3007 4440 3092 4503 sit,
3122 4449 3175 4494 et
3197 4439 3433 4495 laetitiam
3453 4450 3605 4497 extra

2017 4536 2275 4592 terminos
2317 4534 2531 4598 efferre,
2559 4543 2719 4606 atque
2752 4533 3093 4590 dehacchari.
3121 4534 3271 4589 Illinc
3304 4537 3604 4590 eastltatem

2014 4629 2192 4693 discit,
2228 4612 2352 4683 hinc
2379 4626 2673 4682 libidinem.
2702 4624 2817 4680 Non
2857 4624 3031 4680 solum
3077 4626 3220 4679 enim
3262 4624 3470 4680 mulieri
3500 4625 3604 4679 mi-

2014 4722 2152 4777 sceri
2181 4720 2346 4774 libido
2372 4726 2476 4785 est,
2523 4717 2621 4773 sed
2648 4718 2808 4772 etiam
2854 4716 3067 4771 lascivis
3110 4716 3281 4771 oculis
3310 4716 3603 4785 reSpEcerm

2014 4813 2165 4870 Illinc
2194 4811 2511 4867 modestiam
2537 4811 2713 4877 discit,
2746 4809 2871 4864 hinc
2901 4809 3119 4864 fastum.
3138 4808 3322 4863 Omnia
3346 4811 3608 4876 enim,in-

2014 4908 2150 4979 quit,
2184 4906 2306 4960 mihi
2338 4905 2509 4973 licent,
2536 4904 2626 4958 sed
2647 4921 2747 4959 non
2776 4903 2948 4958 omnia
2988 4904 3263 4972 expediunt
3287 4903 3367 4973 (1.
3400 4904 3516 4957 Cor.
3549 4904 3603 4957 fi.

2016 5001 2128 5071 I2).
2175 4999 2327 5055 Illinc
2375 4998 2735 5062 honestatem,
2766 4995 2891 5051 hinc
2920 4995 3320 5065 turpitudinem.
3364 4995 3513 5049 Mitto
3542 5010 3605 5050 ea

2014 5114 2134 5168 quae
2174 5098 2226 5151 in
2277 5097 2519 5151 theatris.
2564 5094 2717 5161 Quod
2745 5102 2927 5148 autem
2974 5092 3116 5147 nulla
3148 5091 3218 5146 ibi
3247 5092 3491 5160 voluptas
3515 5090 3605 5154 sit,

2016 5190 2110 5245 sed
2143 5190 2319 5259 potius
2342 5187 2630 5244 maestitia:
2660 5185 2927 5241 ostendite
2954 5184 3082 5239 mihi
3111 5184 3197 5239 die
3233 5182 3429 5238 festum
3457 5183 3605 5234 inse-

2014 5293 2213 5357 quente
2240 5298 2334 5338 eos
2353 5285 2441 5353 qui
2465 5291 2711 5353 sumptus
2739 5279 3062 5343 effuderunt,
3085 5291 3285 5348 eosque
3305 5277 3391 5344 qui
3407 5274 3472 5327 ad
3485 5287 3607 5340 spe-

2015 5376 2222 5433 ctacula
2252 5375 2456 5429 invitati
2480 5373 2728 5429 fuerunt:
2754 5370 3162 5439 videbimusque
3190 5378 3378 5421 omnes
3403 5361 3606 5418 maesti-

2020 5474 2090 5526 tia
2117 5478 2416 5539 correptos,
2447 5467 2680 5522 maxime
2709 5480 2839 5520 vero
2864 5464 3037 5527 illum,
3064 5460 3151 5531 qui
3176 5466 3445 5525 sumptum
3469 5470 3603 5523 sup-

2018 5559 2294 5633 peditavit.
2325 5559 2393 5613 Et
2425 5557 2547 5628 jure
2575 5556 2830 5627 quidem:
2856 5551 3148 5609 oblectavit
3175 5549 3319 5603 enim
3340 5546 3427 5602 die
3461 5561 3604 5616 pne-

2015 5650 2229 5708 cedenti
2270 5649 2582 5720 popularem
2628 5646 2938 5708 hominem,
2987 5641 3076 5711 qui
3125 5640 3277 5693 laztus
3315 5638 3605 5695 admodum

2018 5752 2162 5809 erat;
2193 5741 2466 5813 splendida
2492 5752 2722 5807 namque
2737 5743 2886 5790 veste
2912 5732 3216 5797 fruebatur;
3242 5731 3335 5787 sed
3358 5746 3480 5787 cum
3498 5746 3607 5787 non

2021 5832 2089 5889 ad
2116 5848 2268 5889 usum
2317 5847 2472 5887 suum
2519 5838 2683 5895 esset,
2715 5842 2773 5883 se
2795 5826 2885 5881 illa
2911 5834 3129 5881 exutum
3156 5823 3362 5891 videns,
3391 5821 3609 5880 dolebat
