4092 6488
469 331 536 394 55
1249 326 1308 381 S.
1345 323 1622 383 JOANNIS
1655 322 2125 381 CHRYSOSTOMI
2162 323 2484 383 ARCIIIEP.
2523 319 3058 384 CONSTANTINOP.

463 453 523 506 et
549 438 1043 510 cruciabatu'r:qui
1084 452 1215 495 vero
1243 446 1513 508 sumptum
1562 436 1723 501 fecit,
1746 450 1900 492 suam
1949 451 2064 506 prce

472 535 622 592 illius
651 534 905 590 felicitate
931 548 1150 604 parvam
1193 531 1431 602 putabat.
1467 529 1672 585 Idcirco
1701 531 1946 600 sequenti
1975 529 2066 586 die

470 626 770 683 redduntur
795 635 996 689 vestes,
1025 623 1393 694 niajoremque
1435 637 1722 676 mmrorem
1774 621 1863 690 qui
1907 635 2064 675 com-

472 719 788 775 modaveret
811 716 1062 786 concipit.
1091 714 1243 781 Quod
1273 714 1318 768 si
1341 713 1393 768 in
1417 712 1775 768 exterioribus
1806 712 1925 766 beta
1949 721 2068 766 tan-

472 823 580 867 tam
613 811 844 866 inferunt
867 808 1193 875 molestiam,
1224 815 1278 863 et
1305 807 1528 863 molesta
1562 807 1866 872 utilitatem,
1897 805 2068 860 multo

473 902 646 973 magis
675 902 728 957 in
755 899 1141 972 spiritualibus.
1173 899 1297 954 Ideo
1327 913 1485 954 nemo
1513 907 1797 953 succenset
1838 897 2065 967 legibus,

469 995 566 1050 sed
599 1008 693 1050 eas
721 992 1026 1050 communis
1053 1006 1175 1047 esse
1205 990 1452 1046 utilitatis
1477 998 1703 1045 censent
1729 1005 1939 1044 omnes.
1962 988 2066 1043 Ne-

474 1086 578 1156 que
600 1087 743 1142 enim
774 1084 1041 1156 peregrini
1069 1083 1153 1138 vel
1185 1082 1383 1137 inimici
1409 1081 1504 1136 has
1527 1082 1671 1152 leges
1696 1091 1952 1147 statuere,
1973 1079 2068 1135 sed

478 1179 580 1251 ipsi
610 1179 782 1244 cives,
815 1177 1049 1248 patroni,
1080 1184 1393 1230 curatores:
1417 1174 1628 1244 hocque
1655 1173 1845 1228 salutis
1868 1187 1932 1226 ac
1971 1171 2068 1227 be-

479 1271 797 1326 nevolentia:
829 1268 1085 1324 indicium
1134 1276 1341 1338 putant,
1388 1266 1529 1336 quod
1577 1267 1725 1336 leges
1778 1274 2066 1336 ponantur.

477 1366 636 1434 Atqui
669 1365 813 1435 leges
842 1363 1014 1434 poenis
1041 1371 1096 1416 ct
1122 1362 1325 1432 ultione
1352 1361 1522 1431 plena:
1548 1369 1702 1424 sunt;
1730 1373 1831 1414 nec
1857 1358 1962 1413 ulla
1987 1357 2070 1411 lex

478 1458 746 1512 invenitur
771 1457 890 1512 sine
920 1471 1098 1526 ptetta.
1143 1453 1423 1522 Quomodo
1461 1469 1592 1523 ergo
1637 1468 1742 1507 non
1779 1450 2070 1508 absurdum

478 1552 657 1616 fuerit,
689 1565 782 1605 eos
804 1550 1047 1620 quidem,
1074 1549 1164 1619 qui
1193 1548 1341 1618 leges
1363 1547 1482 1601 illas
1500 1556 1797 1616 exponunt,
1829 1554 2069 1600 servato-

477 1659 585 1707 res,
639 1641 932 1708 beneﬁcos,
981 1650 1239 1711 patronos
1280 1653 1508 1702 vocare;
1541 1653 1637 1694 nos
1663 1653 1788 1693 vero
1827 1637 1990 1692 duros
2018 1645 2072 1691 et

479 1748 726 1789 morosos
779 1743 991 1804 putare,
1035 1731 1179 1803 quod
1226 1732 1373 1802 leges
1419 1730 1510 1785 Dei
1555 1731 1908 1784 enarremus‘!
1938 1728 2068 1783 Cum

478 1828 622 1882 enim
650 1828 715 1881 de
742 1828 988 1898 gehenna
1033 1827 1262 1896 agimus,
1317 1825 1464 1894 leges
1511 1823 1628 1878 illas
1667 1821 1960 1878 all‘crimus.
1996 1823 2073 1877 Ac

479 1918 930 1987 quemadmodum
961 1917 1034 1972 illi
1065 1917 1274 1972 externi
1304 1916 1448 1986 leges
1473 1915 1541 1970 de
1572 1914 1873 1980 homicidis,
1897 1914 1967 1969 de
1989 1913 2072 1968 fu-

479 2012 650 2076 ribus,
682 2011 748 2064 de
772 2011 970 2080 nuptiis
996 2018 1049 2064 et
1073 2010 1371 2064 similibus:
1401 2009 1478 2064 sic
1499 2019 1549 2064 ct
1574 2024 1672 2064 nos
1698 2009 1844 2080 leges
1865 2007 1932 2064 de
1948 2022 2076 2078 sup-

480 2103 655 2172 pliciis
675 2101 968 2168 all‘erimus,
995 2117 1127 2173 quas
1150 2117 1256 2156 non
1285 2101 1445 2156 homo
1473 2101 1670 2172 posuit,
1701 2101 1794 2157 sed
1824 2102 1936 2172 ipse
1960 2101 2078 2156 uui-

480 2198 690 2268 geuitus
716 2195 884 2251 Filius
917 2197 1031 2252 Dei.
1079 2196 1181 2262 Qui
1225 2197 1607 2252 immisericors
1652 2205 1756 2261 est,
1803 2195 2073 2266 puniatur,

482 2289 682 2359 inquit;
728 2290 828 2345 hoc
859 2289 1000 2344 enim
1047 2291 1149 2346 sibi
1177 2274 1286 2344 vult
1319 2291 1588 2360 parabola.
1621 2290 1722 2359 Qui
1755 2306 1964 2346 memor
1991 2291 2075 2346 in-

478 2382 742 2450 juriarum
763 2391 862 2446 est,
884 2390 1184 2436 extremum
1214 2382 1322 2436 luat
1346 2382 1664 2451 supplicium
1689 2400 1700 2436 :
1724 2383 1812 2452 qui
1833 2383 2080 2437 irascitur

483 2483 710 2541 temere,
742 2474 793 2528 in
827 2475 1002 2544 ignem
1033 2474 1334 2545 injiciatur:
1362 2474 1452 2544 qui
1494 2476 1844 2545 conviciator,
1893 2491 2079 2548 punias

479 2563 578 2620 det
608 2565 658 2619 in
689 2565 954 2635 gehenna.
1307 2630 1316 2638 _

555 2658 785 2714 Christus
810 2675 964 2712 novas
999 2659 1166 2728 posuit
1209 2659 1359 2730 leges.
1381 2660 1522 2715 —-Si
1563 2662 1760 2730 putatis
1805 2677 1954 2730 vero,
1983 2678 2080 2718 vos

484 2763 657 2806 novas
695 2751 882 2805 audire
923 2751 1085 2820 leges,
1120 2766 1188 2805 ne
1223 2751 1528 2806 ttn'bemini.
1572 2753 1682 2808 Nisi
1724 2755 1866 2810 enim
1914 2771 2080 2812 novas

482 2845 754 2915 positurus
779 2843 1021 2898 Christus
1050 2843 1258 2910 fuisset,
1281 2859 1380 2899 cur
1399 2844 1742 2902 advenisset?
1763 2848 1854 2903 Illa
1881 2850 2082 2918 quippe

484 2937 768 2992 manifesta
812 2936 966 2991 nobis
995 2945 1138 2999 sunt,
1171 2936 1312 3005 quod
1346 2935 1670 2992 homicidam
1701 2947 1754 2993 et
1778 2939 2081 2997 adulterum

484 3031 676 3108 punire
702 3036 968 3098 oporteat.
1001 3027 1058 3083 Si
1092 3043 1220 3098 ergo
1249 3029 1438 3084 eadem
1467 3029 1698 3085 audituri
1727 3045 1960 3097 eramus,
1986 3049 2084 3090 cur

484 3121 688 3192 ca-lesti
727 3123 946 3176 doctore
974 3120 990 3150 ί
1018 3133 1153 3187 opus
1177 3121 1336 3175 erat?
1367 3120 1490 3176 ldeo
1537 3137 1642 3178 non
1673 3122 1824 3189 dicit,
1859 3125 2084 3182 Adulter

487 3213 772 3284 puniatur;
822 3210 939 3277 sed,
984 3211 1086 3278 Qui
1135 3212 1348 3270 lascivis
1384 3215 1554 3271 oculis
1599 3216 1818 3287 respicit
1847 3228 1945 3274 :ct
1971 3219 2082 3288 ubi,

553 3345 572 3378 ⁸
593 3351 721 3395 Unus
745 3344 886 3407 legit,
911 3342 1009 3396 alio
1028 3343 1238 3397 doctore.

2171 447 2228 494 et
2247 435 2464 506 quando
2492 451 2706 507 pinnam
2732 437 2955 494 daturus
2980 440 3071 507 sit,
3103 439 3275 497 addit.
3311 441 3426 498 Non
3474 443 3526 498 in
3575 445 3807 500 tabulis

2171 526 2318 598 leges
2341 527 2646 598 descripsit,
2679 544 2860 600 neque
2895 533 3084 601 cippos
3125 549 3298 589 aereos
3341 537 3543 600 erexit,
3595 549 3650 591 ut
3713 539 3808 592 ibi

2171 617 2352 686 literas
2383 619 2686 689 sculperet;
2719 622 2813 676 sed
2846 623 3040 678 erectis
3079 624 3362 680 duodecim
3409 627 3808 696 ιιι-ομιιιιυτιιιη

2172 710 2470 775 animabus,
2505 711 2576 765 ibi
2611 729 2704 781 per
2731 711 2985 782 Spiritum
3011 725 3258 770 sanctum
3287 719 3381 770 has
3408 720 3623 787 scripsit
3650 721 3802 773 lite-

2175 815 2284 864 ras,
2314 817 2445 870 quas
2476 803 2627 858 vobis
2664 819 2760 858 nos
2802 805 2996 860 merito
3028 807 3384 877 pra'legimus.
3433 809 3564 862 Nam
3598 811 3641 864 si
3674 810 3817 865 ,ιιι--

2172 891 2304 947 datis
2349 892 2453 948 hoc
2493 893 2707 960 licebat,
2734 899 2946 966 nequis
2992 900 3058 951 ad
3103 899 3456 969 ignorantiam
3509 905 3802 972 tonlnge-

2172 994 2293 1048 ret;
2326 985 2497 1041 multo
2528 988 2699 1058 magis
2728 988 2883 1044 nobis
2914 989 2990 1044 fas
3018 1001 3121 1045 est.
3172 991 3228 1047 Si
3276 994 3394 1063 quis
3432 1009 3558 1047 vero
3606 995 3803 1060 dicat,

2175 1076 2294 1132 Non
2322 1077 2558 1146 audiam,
2589 1095 2690 1134 nec
2713 1079 2972 1151 judicnum
3015 1081 3226 1144 subibo,
3262 1084 3382 1138 ideo
3419 1086 3649 1140 maxime
3685 1102 3807 1154 pu-

2176 1170 2341 1226 nitur.
2372 1170 2504 1226 Nam
2536 1172 2582 1227 si
2613 1187 2774 1229 nemo
2799 1173 3039 1239 doceret,
3071 1186 3253 1244 posset
3277 1176 3342 1230 ad
3374 1179 3494 1231 talia
3529 1180 3812 1248 confugi;

2176 1259 2272 1316 sed
2300 1275 2425 1316 cum
2453 1261 2594 1317 adsit
2621 1263 2839 1328 Doctor,
2873 1279 2979 1320 non
3009 1267 3152 1321 licet.
3189 1266 3321 1321 Vide
3349 1283 3478 1338 ergo
3503 1271 3804 1338 quomodo

2174 1350 2392 1408 Judaeos
2416 1369 2448 1408 a
2475 1354 2627 1410 venia
2659 1355 2944 1424 excludat,
2975 1356 3162 1413 dicens
3195 1375 3206 1411 :
3237 1358 3299 1413 Si
3325 1375 3425 1412 non
3456 1361 3704 1414 uenissem
3745 1371 3806 1414 et

2175 1444 2414 1515 loquutus
2440 1447 2647 1518 fuissem
2671 1449 2765 1515 eis,
2791 1459 3053 1520 peccatum
3083 1466 3185 1504 non
3205 1452 3444 1504 haberent
3475 1451 3654 1523 (Jaan.
3694 1455 3721 1508 1
3738 1454 3801 1508 ‘3'.

2173 1537 2312 1609 22);
2344 1539 2644 1611 iterumque
2683 1541 2906 1610 Paulus,
2949 1543 3057 1598 Sed
3085 1544 3221 1609 dico,
3258 1543 3523 1616 Numquid
3548 1563 3649 1600 non
3693 1563 3806 1600 cu-

2176 1631 2428 1686 dierunt?
2478 1634 2544 1686 Et
2585 1635 2789 1705 quidem
2836 1637 2889 1690 iu
2938 1653 3138 1692 onmem
3186 1648 3372 1694 terram
3425 1641 3576 1694 exiuit
3617 1657 3799 1696 sonus

2176 1739 2351 1778 eorum
2394 1723 2572 1798 (Rom.
2603 1727 2689 1782 10.
2722 1728 2810 1784 18.
2843 1727 2989 1786 Psai.
3023 1731 3110 1787 18.
3141 1733 3220 1800 5).
3261 1732 3412 1789 Tunc
3447 1735 3589 1789 enim
3618 1736 3802 1790 venia

2177 1823 2282 1880 est,
2313 1817 2531 1886 quando
2573 1819 2750 1875 nullus
2778 1830 2860 1876 est
2889 1822 2979 1892 qui
3025 1824 3322 1893 prmdicet;
3353 1827 3568 1898 quando
3597 1837 3804 1884 autem

2177 1909 2483 1979 speculator
2509 1911 2687 1980 sedet,
2717 1913 2897 1970 ethoc
2922 1915 3086 1972 habet
3113 1917 3372 1982 officium,
3402 1935 3509 1974 non
3533 1919 3673 1976 ultra
3706 1930 3808 1976 est

2177 2004 2358 2059 venia.
2396 2004 2506 2061 Imo
2534 2021 2664 2063 vero
2689 2021 2799 2063 non
2828 2016 3034 2065 tantum
3077 2012 3246 2067 voluit
3292 2011 3536 2077 Christus
3579 2028 3684 2069 nos
3741 2015 3804 2069 in

2181 2093 2461 2150 columnas
2503 2097 2621 2153 illas
2665 2098 2955 2170 respicere,
3001 2101 3098 2158 sed
3138 2118 3238 2158 nos
3265 2119 3478 2174 quoque
3522 2106 3634 2160 vult
3661 2121 3808 2161 esse

2179 2187 2474 2245 columnas.
2505 2189 2639 2257 Quia
2661 2206 2791 2248 vero
2811 2207 2912 2250 nos
2936 2193 3133 2249 talibus
3151 2195 3366 2266 scriptis
3393 2197 3638 2268 indignos
3661 2199 3806 2253 red-

2183 2279 2455 2347 didimus,
2500 2281 2618 2338 illas
2659 2283 2850 2339 saltem
2889 2285 3166 2343 columnas
3215 2286 3582 2358 respiciamus.
3634 2288 3809 2346 Sicut

2183 2372 2326 2427 enim
2356 2372 2622 2430 columna:
2651 2374 2772 2430 aliis
2806 2375 3100 2445 minantur,
3138 2377 3242 2433 illa:
3272 2395 3398 2434 vero
3437 2397 3542 2435 non
3571 2391 3706 2437 sntit
3747 2383 3806 2437 in

2182 2464 2362 2534 culpa,
2392 2474 2450 2520 ut
2473 2481 2646 2538 neque
2666 2467 2810 2539 leges
2841 2485 2856 2523 :
2887 2469 2964 2526 sic
2983 2478 3039 2526 et
3067 2469 3209 2526 beati
3239 2473 3488 2542 apostoli.
3522 2473 3586 2528 Et
3612 2475 3747 2530 vide
3785 2493 3802 2528 :

2185 2569 2293 2610 non
2332 2571 2440 2611 uno
2469 2557 2520 2612 in
2548 2558 2667 2615 loco
2688 2567 2795 2614 stat
2822 2558 2937 2616 hate
2962 2561 3227 2626 columna,
3264 2563 3359 2618 sed
3391 2564 3585 2634 ubique
3614 2565 3805 2622 litem:

2185 2647 2398 2718 scripta:
2427 2648 2892 2706 circumferuntur.
2917 2651 3051 2708 Nam
3082 2653 3125 2708 si
3149 2653 3216 2708 ad
3238 2653 3396 2710 ludos
3417 2656 3640 2728 migres,
3673 2659 3804 2715 illas

2185 2738 2412 2805 audies;
2445 2741 2489 2796 si
2536 2741 2588 2795 in
2630 2741 2961 2811 Hispaniam,
3004 2754 3061 2800 ct
3107 2745 3385 2802 inomnes
3430 2749 3562 2804 lines
3595 2749 3800 2816 ἱρὴ-ειν,

2187 2846 2348 2887 nemo
2376 2842 2460 2888 cst
2477 2833 2605 2903 qttin
2629 2833 2827 2902 audiat,
2852 2837 2954 2892 nisi
2985 2837 3055 2892 ob
3081 2838 3362 2894 desidiam.
3396 2840 3471 2896 Ne
3495 2857 3624 2912 ergo
3649 2859 3806 2914 mgre

2188 2921 2396 2989 feratis,
2423 2923 2518 2978 sed
2547 2924 2706 2980 dictis
2741 2927 3022 2995 attendite,
3055 2939 3111 2984 ut
3143 2931 3357 3001 possitis
3391 2933 3599 2990 virtutis
3627 2951 3802 3005 opera

2189 3013 2484 3084 suscipere,
2517 3025 2570 3072 et
2598 3026 2797 3074 teterna
2824 3021 3078 3092 consequi
3122 3021 3283 3090 bona,
3318 3025 3372 3080 in
3400 3026 3614 3081 Christo
3656 3027 3799 3083 .lesu

2192 3103 2420 3162 Domino
2447 3118 2652 3175 nostro,
2677 3111 2892 3182 quicum
2918 3113 3063 3170 Patri
3094 3130 3303 3187 imaque
3332 3117 3552 3188 Spiritui
3592 3131 3793 3175 sancto

2192 3197 2382 3268 gloria,
2410 3200 2712 3271 imperium,
2746 3202 2939 3272 honor,
2971 3220 3114 3263 nunc
3149 3216 3205 3263 et
3241 3223 3475 3279 semper,
3506 3218 3560 3266 et
3597 3210 3656 3265 in
3691 3226 3804 3266 sa:-

2193 3290 2314 3345 cula
2340 3293 2684 3352 saeculorum.
2712 3297 2902 3353 Amen.

499 3473 3788 3516 Ἥ

1908 3559 2258 3626 HOMILIA
2308 3566 2418 3628 Vl.

490 3707 622 3762 Car.
661 3706 716 3760 2.
745 3720 798 3760 ν.
832 3703 923 3762 ‘22.
964 3703 1076 3760 Viri
1105 3704 1378 3774 Israelita,
1407 3707 1582 3763 audite
1619 3708 1769 3764 verba
1806 3724 1915 3766 mea
1959 3713 2088 3769 lucc.

568 3802 621 3854 1.
653 3798 767 3854 Non
804 3809 886 3854 est
929 3799 1030 3854 hoc
1061 3815 1157 3869 per
1181 3799 1540 3856 adulationem
1580 3801 1810 3870 dictum;
1852 3806 1948 3861 sed
1974 3805 2102 3877 quia

493 3891 617 3946 illos
646 3893 840 3946 acriter
873 3893 1274 3961 perstrinxerat,
1313 3893 1423 3964 jam
1463 3895 1740 3952 remissi-or
1761 3909 1866 3967 csr,
1909 3910 1962 3955 et
1998 3913 2098 3972 ουτ

499 3996 730 4052 portune
754 3984 1005 4038 Davidcm
1039 3996 1323 4042 memorat.
1361 3985 1428 4041 Et
1455 4003 1641 4044 rursus
1669 4005 1696 4042 a
1727 3995 1987 4060 protentio
2015 3995 2096 4049 in-

497 4073 648 4144 cipit,
681 4090 748 4130 ne
777 4075 1078 4140 turbentur,
1104 4073 1224 4146 quia
1248 4077 1314 4132 de
1339 4076 1469 4133 Jesu
1505 4081 1828 4136 mentionem
1861 4081 2096 4141 facturus

498 4176 603 4222 est.
645 4165 774 4220 Nam
816 4168 1059 4236 superius
1101 4169 1294 4224 turbati
1334 4184 1439 4225 non
1480 4181 1603 4226 sunt
1643 4172 1962 4244 Prophetam
2005 4195 2100 4232 aua

498 4259 750 4326 dieutes;
794 4275 988 4316 nomen
1034 4277 1165 4318 vero
1206 4262 1330 4319 Jesu
1373 4265 1552 4320 statim
1603 4267 1722 4322 illos
1764 4269 2092 4328 ochndissct.

501 4350 612 4408 Nec
637 4351 796 4414 dixit,
825 4351 1222 4423 Obtemperate,
1253 4355 1369 4421 sed,
1404 4358 1620 4425 Audite,
1649 4361 1788 4430 quod
1820 4377 1949 4418 sane
1981 4380 2096 4418 mo-

500 4441 698 4497 Iustum
727 4455 832 4497 non
855 4452 988 4498 erat.
1028 4444 1094 4500 Et
1121 4445 1486 4504 animadverte
1507 4452 1775 4520 quomodo
1810 4455 1939 4508 nihil
1973 4451 2102 4511 sub4

503 4533 634 4587 Iime
680 4532 856 4595 dicat,
907 4533 1003 4588 sed
1054 4529 1130 4588 ab
1189 4533 1563 4593 humilioribus
1613 4539 1849 4610 incipiat.
1898 4541 2097 4610 Jcsmn,

504 4624 699 4694 inquit,
740 4622 1086 4678 Nazarenam.
1135 4626 1367 4682 Patriam
1416 4631 1592 4685 statim
1637 4631 1785 4698 dicit,
1829 4650 1948 4704 qua:
1983 4636 2102 4692 vilis

502 4732 628 4772 esse
667 4716 966 4773 videbatur.
1011 4719 1118 4775 Nec
1166 4721 1434 4792 quidpiam
1482 4726 1693 4780 interim
1739 4741 1990 4798 magnum
2035 4729 2103 4786 de

505 4810 600 4862 ilio
629 4809 776 4871 dicit.
805 4825 871 4865 ne
901 4813 1112 4881 quidem
1146 4814 1287 4883 quod
1317 4815 1384 4870 de
1422 4817 1680 4886 propheta
1705 4820 1840 4874 alius
1877 4820 2096 4878 diceret.

507 4901 705 4967 Iesum,
733 4904 924 4973 inquit,
975 4903 1320 4971 Nazarenam,
1366 4908 1528 4962 virum
1565 4913 1899 4980 approbatum
1937 4932 1970 4968 a
1995 4914 2104 4970 Deo

507 4995 564 5048 in
603 4993 761 5048 vobis.
795 4995 926 5050 Vide
963 5013 1119 5066 quam
1161 5014 1408 5070 magnum
1456 5001 1583 5057 illud
1628 5013 1760 5071 erat,
1789 5006 1932 5076 quod
1964 5007 2108 5063 dicat

507 5086 663 5142 illum
691 5102 720 5140 a
753 5085 862 5142 Deo
892 5087 1109 5142 missum
1139 5089 1322 5146 fuisse.
1351 5091 1462 5147 Hoc
1490 5095 1632 5147 enim
1668 5109 1878 5164 semper
1907 5107 1960 5151 et
1989 5099 2108 5153 ubi.

509 5194 615 5248 que
649 5177 887 5234 Joannes
928 5189 984 5233 et
1033 5183 1258 5250 apostoli
1307 5185 1596 5241 ostendere
1644 5189 1920 5244 curabant.
1969 5191 2106 5245 Audi

507 5285 744 5342 namque
786 5271 1048 5327 Joannem
1085 5274 1354 5332 dieeutem
1388 5295 1401 5332 :
1438 5277 1536 5333 llic
1573 5280 1700 5334 mihi
1739 5283 1886 5348 dixit,
1938 5284 2109 5354 Super

508 5381 658 5434 quem
679 5363 869 5419 uideris
891 5365 1142 5436 Spiritum
1165 5369 1545 5426 descendentem
1573 5382 1618 5426 et
1644 5385 1924 5429 "tenentem
1960 5391 2110 5448 super

510 5470 647 5519 eum,
687 5457 770 5509 hic
805 5466 879 5510 est
917 5455 1098 5527 (Joan.
1135 5459 1186 5513 1.
1229 5457 1341 5528 '53).
1382 5460 1494 5516 Hoc
1534 5467 1799 5535 prtrcipue
1829 5467 1954 5522 facit
1996 5469 2110 5538 ipse

511 5543 776 5610 Christus,
799 5549 1006 5615 dicens,
1045 5550 1088 5603 Α
1120 5553 1410 5622 memetipsa
1438 5571 1539 5609 non
1563 5559 1694 5621 veni,
1727 5559 1836 5628 ipse
1861 5575 1939 5613 nte
1973 5561 2110 5616 misit

517 5634 536 5700 (
570 5632 654 5685 td.
681 5637 734 5688 7.
772 5638 844 5694 28
875 5640 915 5710 ).
941 5641 1008 5694 Et
1034 5643 1229 5714 ubique
1255 5644 1305 5698 in
1332 5643 1620 5716 Scripturis
1636 5647 1744 5704 hoc
1773 5651 2110 5719 potissimum

520 5732 710 5789 Igtltﬂ'.
2089 5754 2096 5758 -

526 5834 533 5842 -
595 5807 739 5865 Petri
760 5815 998 5885 dignitas.
1019 5823 1225 5881 --ldeo
1252 5825 1338 5882 hic
1368 5840 1582 5888 sanctus
1610 5835 1750 5893 beati
1779 5831 1932 5896 chori
1960 5845 2107 5914 prin-

2197 3729 2346 3789 ceps,
2371 3727 2579 3776 amator
2591 3717 2816 3789 Christi,
2835 3719 3031 3778 ardens
3051 3722 3362 3794 discipulus,
3381 3725 3463 3781 cui
3493 3727 3804 3782 commissa:

2198 3820 2323 3865 sunt
2355 3810 2612 3867 ctelorum
2645 3813 2847 3879 claves,
2892 3813 2982 3886 qui
3027 3815 3410 3873 revelationem
3464 3818 3802 3888 spiritualcm

2201 3903 2429 3972 accepit,
2477 3912 2760 3975 postquam
2792 3905 2912 3962 illos
2941 3907 3133 3962 timore
3161 3912 3498 3979 compressit,
3530 3911 3803 3966 ostendit-

2203 4005 2304 4063 que
2337 3996 2540 4064 magnis
2584 3995 2704 4049 illos
2739 3995 2896 4052 donis
2923 4010 3046 4054 esse
3088 3998 3355 4070 dignatos,
3386 4012 3544 4071 atque
3575 4001 3681 4058 fide
3718 4002 3804 4056 tli-

2203 4093 2336 4153 guos
2379 4084 2632 4153 reddidit,
2667 4097 2790 4142 tunc
2819 4087 2886 4143 de
2914 4088 3008 4144 illo
3042 4087 3277 4146 disserit.
3325 4087 3500 4162 νίψω,
3529 4093 3806 4163 qunnmlo

2204 4187 2365 4231 ausus
2385 4187 2467 4232 est
2493 4179 2635 4232 inter
2666 4177 2961 4234 homicidas
2991 4180 3170 4237 dicere
3197 4181 3371 4252 ipsum
3403 4185 3804 4241 resurrcxisse!

2203 4266 2313 4323 Nec
2340 4269 2468 4324 dicit
2503 4270 2701 4337 statim,
2732 4271 2873 4340 quod
2905 4276 3292 4339 resurrexerit;
3323 4273 3414 4328 sed
3446 4275 3586 4345 (μιτά
3624 4291 3652 4330 a
3693 4277 3808 4331 Deo

2205 4360 2270 4415 ad
2300 4361 2444 4432 ipsos
2489 4364 2713 4418 venerit.
2748 4363 2862 4419 lloc
2893 4374 3070 4420 autem
3111 4365 3454 4422 manifestum
3496 4377 3576 4422 est
3615 4385 3680 4423 ex
3717 4369 3805 4432 iis,

2206 4467 2325 4523 qua:
2367 4452 2513 4509 fecit.
2546 4452 2660 4510 Non
2685 4454 2796 4525 jam
2837 4455 2987 4522 dicit,
3016 4456 3157 4526 quod
3190 4457 3326 4527 ipse,
3359 4458 3452 4513 sed
3481 4460 3623 4529 quod
3665 4458 3810 4514 Deus

2208 4559 2304 4614 per
2332 4545 2525 4614 ipsum,
2553 4555 2612 4600 ut
2639 4545 2931 4601 modestius
2976 4546 3244 4617 loquendo
3273 4549 3417 4617 ipsos
3446 4549 3806 4619 pertraheret,

2207 4635 2274 4690 ad
2305 4651 2462 4707 quam
2501 4653 2612 4693 rem
2645 4638 2791 4708 ipsos
2830 4647 2996 4694 testes
3039 4647 3215 4706 vocat,
3259 4638 3536 4711 dicitque:
3576 4639 3810 4694 Vit-mna

2207 4725 2320 4783 Deo
2365 4727 2768 4785 denwnstratum
2809 4729 2863 4785 in
2914 4732 3054 4786 vobis
3107 4732 3410 4801 virtutibus,
3467 4733 3716 4804 prodigiis
3762 4740 3809 4785 et

2208 4821 2385 4892 signis,
2421 4839 2534 4894 qua:
2555 4824 2677 4894 fecit
2712 4838 2804 4894 per
2828 4824 2994 4893 ipsum
3031 4820 3169 4878 Deus
3194 4824 3246 4878 in
3269 4825 3434 4879 medio
3471 4825 3643 4891 vestri,
3674 4826 3809 4878 sicut

2211 4924 2257 4968 et
2288 4915 2388 4985 ipsi
2415 4916 2570 4968 scitis.
2605 4912 2807 4970 Deinde
2838 4916 2890 4970 in
2918 4915 3128 4970 illormn
3160 4915 3366 4971 facinus
3395 4925 3450 4971 et
3477 4915 3652 4971 scelus
3677 4915 3809 4970 incii

2211 5003 2363 5069 deus,
2390 5005 2510 5060 vide
2530 5006 2799 5076 quomodo
2823 5015 3048 5062 conetur
3077 5007 3198 5062 illos
3222 5023 3252 5061 a
3281 5007 3506 5063 crimine
3530 5007 3762 5063 liberare
3791 5021 3807 5059 :

2213 5094 2331 5170 (a)(
2361 5097 2460 5152 etsi
2492 5097 2636 5151 enim
2671 5097 2952 5152 definitum
2983 5106 3149 5163 esset,
3183 5099 3256 5153 illi
3289 5108 3470 5154 tamen
3526 5097 3808 5154 homicida!

2212 5189 2424 5260 erant).
2473 5189 2565 5246 25.
2601 5189 2776 5254 llunc,
2821 5192 3015 5262 inquit,
3057 5192 3268 5262 deﬁnito
3322 5192 3544 5246 consilio
3589 5203 3641 5246 et
3670 5201 3807 5247 ora.“

2213 5285 2423 5339 scientia
2449 5283 2546 5339 Dei
2576 5283 2822 5338 traditum
2847 5285 3170 5356 accipientes,
3199 5301 3290 5356 per
3316 5301 3500 5340 manus
3517 5285 3808 5357 iniquorum

2275 5417 2486 5491 (a)__Qu:e
2509 5418 2704 5491 uncinis
2721 5417 3009 5470 clauduntur
3029 5419 3237 5491 deerant
3275 5420 3323 5469 in
3353 5417 3529 5491 fuitis.
3580 5416 3644 5468 At
3673 5429 3807 5491 vero,

2212 5478 2462 5532 bisetiam
2492 5481 2763 5549 restitutis,
2777 5481 3148 5549 sensus__adhuc
3189 5481 3509 5549 imperfectus
3533 5494 3646 5530 esse
3679 5478 3810 5549 ﬁde-

2214 5550 2312 5607 tur.
2337 5550 2469 5607 Na_m,
2491 5549 2545 5591 ut
2567 5543 2615 5592 in
2638 5542 2924 5607 praefatione
2947 5542 3161 5607 diximus
3177 5581 3192 5605 ,
3210 5542 3352 5607 saepe
3372 5543 3739 5607 Chrysostomus
3762 5542 3808 5587 in

2215 5604 2353 5668 hisce
2385 5603 3095 5668 Commentariis“sententiam
3148 5603 3382 5668 relinquit
3449 5603 3804 5668 imperfectam.

2214 5666 2294 5732 sic
2316 5679 2436 5729 ergo
2459 5673 2612 5732 totum
2639 5664 2895 5732 intelligas
2929 5680 2974 5727 οι
2984 5673 3126 5716 ortet
3153 5681 3166 5716 :
3200 5664 3318 5732 uide
3355 5664 3593 5732 quomodo
3616 5671 3806 5732 conetur

2214 5727 2327 5798 illos
2349 5727 2612 5798 (crimine
2632 5727 2866 5798 liberare,
2893 5727 3332 5798 qttautuntscilicet
3355 5727 3468 5793 ﬁeri
3490 5732 3674 5798 poterat
3675 5739 3710 5798 _,'
3720 5727 3808 5798 etsi

2217 5789 2345 5855 cuiu:
2361 5785 2420 5855 id
2442 5789 2701 5855 definitum
2716 5802 2748 5839 a
2774 5785 2874 5855 Deo
2896 5785 3038 5855 esset,
3073 5788 3227 5855 uiuite
3257 5785 3418 5855 ωηιξη
3451 5785 3609 5840 minus
3631 5788 3704 5840 illi
3727 5787 3802 5837 Ito-

2218 5836 2417 5903 statim
2439 5836 3435 5918 satis;atumat;senescamus,
3451 5836 3605 5904 se."
3765 5836 3770 5837 ί
3805 5836 3820 5893 l
3871 5869 3877 5875 -
