4092 6464
499 340 566 400 59
1216 329 1274 388 s.
1313 325 1594 387 senatus
1625 324 2097 385 CllRYsOS'l‘tmt
2139 326 2451 383 meumr.
2495 328 3027 392 CONSTANTISOP.
3191 348 3205 361 ο
3722 356 3794 415 ω

495 461 565 511 sit
615 453 762 510 illud.
823 449 921 505 llic
960 462 1175 518 quoque
1218 444 1642 514 assumptionem
1688 441 2080 500 Sttbiudicavit,

497 552 777 620 ipmmque
809 544 859 597 in
890 542 1037 597 caelis
1062 556 1216 607 esse;
1266 538 1359 625 sed
1413 537 1516 593 hoc
1562 551 1668 592 non
1714 535 1887 607 palam
1931 536 2086 625 dicit.

504 639 563 694 Et
596 626 1180 709 promissiouefiuqult,
1220 621 1384 687 δακεὶὶ
1429 630 1655 699 Spiritus
1680 638 1909 698 accepta.
1956 621 2089 683 Vide

494 732 766 806 quomodo
794 731 945 786 initio
971 729 1114 784 'llC'll
1142 743 1245 781 non
1267 717 1560 789 Christum,
1585 723 1678 778 sed
1702 723 1913 778 Patrem
1941 721 2086 776 illum

494 827 706 882 misisse
730 843 742 877 :
773 840 840 892 po
855 832 1051 893 atquam
1082 836 1208 877 vero
1235 821 1382 889 signa
1405 820 1521 889 ejus
1544 816 1877 884 memoravit,
1895 823 1949 868 et
1968 830 2088 885 qua:

494 920 662 977 Judtci
695 919 745 974 in
779 919 931 976 illum
974 915 1229 977 fererant,
1261 928 1325 968 ac
1353 912 1420 967 de
1462 910 1859 968 reSurrcction'e
1892 909 2087 979 loquu-

495 1024 577 1066 tus
605 1012 724 1074 fuit,
759 1019 882 1064 tunc
911 1008 1135 1063 fidenter
1156 1007 1221 1060 de
1249 1003 1331 1058 his
1357 1018 1661 1058 sermonem
1697 1000 1877 1064 habet,
1902 1013 2089 1057 rursus

494 1106 612 1158 illos
639 1113 805 1159 testes
849 1117 943 1172 per
982 1110 1266 1167 utrumque
1310 1110 1528 1152 sensum
1580 1093 1865 1165 producit:
1898 1107 1961 1148 ac
2000 1108 2091 1149 re-

494 1193 846 1250 sarrecliouis
906 1191 1122 1261 quidem
1178 1188 1489 1261 frequenter
1534 1186 1819 1251 meminit,
1872 1184 2085 1239 il'orum

493 1303 626 1341 vero
652 1284 873 1342 sceleris
902 1284 1071 1339 semel
1107 1293 1330 1350 tantum,
1360 1298 1426 1336 ne
1454 1281 1585 1352 ipsis
1613 1278 1765 1334 oneri
1795 1278 1991 1333 esset‘.
2021 1275 2088 1330 Et

486 1391 715 1451 uceep'a,
742 1379 936 1450 inquit,
978 1377 1205 1447 Spiritus
1245 1377 1410 1430 sancti
1437 1374 1790 1445 promissione.
1824 1370 1937 1425 lluc
1964 1385 2085 1422 rur-

487 1487 579 1527 sus
608 1486 867 1543 utagnum'
887 1479 989 1527 est.
1024 1470 1160 1525 Puto
1179 1478 1380 1534 autem,
1405 1469 1579 1537 ipsum
1608 1481 1749 1521 ttllttc
1774 1469 2060 1536 promissio

491 1580 613 1617 nem
640 1556 824 1620 dicere
850 1562 1308 1633 antelpassiouem
1337 1558 1539 1614 datam.
1573 1557 1704 1613 Vide
1730 1568 1932 1622 autem,
1953 1571 2081 1623 quu-

486 1655 650 1711 modo
682 1654 851 1711 totum
873 1656 984 1726 jam
1024 1646 1102 1709 illi
1133 1652 1423 1716 adscribat,
1457 1667 1569 1705 rem
1603 1664 1849 1720 magnam
1876 1648 2085 1702 occulte

486 1747 711 1803 faciens.
757 1747 889 1803 Nam
922 1748 964 1802 si
1012 1746 1128 1816 ipse
1174 1737 1381 1809 ell'udit,
1409 1736 1476 1798 de
1519 1741 2083 1833 illosuprappruphcta

485 1842 825 1911 loquebatur,
847 1839 1034 1894 dieeus
1063 1857 1076 1893 :
1108 1836 1173 1892 In
1204 1836 1488 1892 novissimis
1513 1824 1690 1890 diebus
1731 1824 1996 1902 eﬁ'uudum
2021 1837 2084 1888 de

485 1935 689 2004 Spiritu
716 1951 825 1988 meo
850 1951 1000 2005 super
1012 1949 1181 1988 servos
1202 1948 1338 1988 meos
1357 1942 1404 1986 et
1420 1948 1572 2004 super
1595 1930 1811 1985 micillus
1838 1946 2011 2017 meas;
2034 1938 2083 1982 et

483 2024 614 2081 (Iuba
636 2027 870 2098 prodigia
900 2029 953 2080 in
987 2026 1113 2080 ctelo
1149 2023 1549 2090 strrsum.Vidc,
1573 2023 1748 2094 qualia
1767 2022 1976 2078 occulte
2003 2021 2084 2076 in-

484 2127 733 2176 terser’at.
767 2120 872 2176 Sed
895 2121 1018 2191 quia
1041 2135 1231 2191 magna
1258 2134 1343 2173 res
1369 2127 1505 2185 erat,
1527 2133 1711 2172 rursus
1734 2117 1876 2171 illam
1901 2117 2083 2170 ob'un‘t-

482 2214 625 2280 brat,
671 2214 822 2284 quasi
863 2229 892 2268 a
934 2214 1094 2268 Patre
1133 2212 1423 2280 acceperit.
1468 2211 1605 2266 Dicit
1643 2211 1779 2264 bona
1824 2213 2078 2280 prmstila,

482 2308 662 2378 signa;
704 2296 846 2377 quod
869 2306 957 2360 sit
994 2305 1129 2369 Rex,
1171 2304 1313 2374 quod
1353 2304 1418 2358 ad
1462 2305 1607 2373 ipsus
1647 2306 1855 2360 venerit
1887 2322 1900 2359 :
1942 2305 2084 2360 dixit

479 2398 624 2470 quod
656 2399 772 2469 ipse
810 2398 902 2453 det
940 2397 1199 2468 Spiritum
1239 2406 1508 2451 sanctum.
1536 2399 1898 2468 ancumque
1936 2397 2079 2453 enim

480 2488 856 2562 quis‘dixerit,
887 2491 988 2546 nisi
1020 2491 1087 2545 ad
1128 2492 1411 2546 utilitatem
1453 2491 1655 2554 tendat,
1698 2501 1900 2546 temere
1929 2492 2078 2546 dicit.

480 2578 630 2641 Sicut
660 2593 716 2641 et
736 2578 980 2640 ‘Juanncs
1012 2584 1156 2650 facit,
1196 2584 1385 2639 dicens
1418 2603 1432 2639 :
1467 2585 1586 2655 Ipse
1611 2601 1698 2639 vos
1727 2585 2000 2654 baptizabit
2026 2587 2081 2641 iu

479 2670 683 2747 Spiritu
727 2687 904 2733 sancto
949 2666 1166 2746 (Matth.
1206 2668 1265 2732 5.
1308 2672 1419 2743 ll).
1464 2677 1529 2732 Et
1567 2676 1822 2741 ostendit,
1863 2693 2078 2732 erucem

477 2784 584 2825 nou
622 2768 787 2825 modo
827 2770 998 2839 ipsum
1040 2784 1146 2823 non
1188 2768 1467 2832 mitmisse.
1506 2769 1598 2825 sed
1638 2769 1800 2824 etiam
1842 2770 2081 2839 splendi-

475 2862 682 2919 diorem
707 2861 1041 2924 reddidisse;
1072 2861 1333 2931 siquidem
1361 2862 1601 2931 quod-illi
1634 2863 1759 2918 olim
1792 2855 1933 2918 Deus
1956 2876 2081 2932 pro—

476 2956 719 3020 miserat,
752 2966 877 3010 tunc
903 2955 1070 3009 dedit.
1108 2956 1200 3008 \'c|
1235 2956 1890 3031 promissitment,inquit,
1916 2973 2076 3032 quam

476 3046 631 3101 nobis
659 3037 929 3120 promisit.
963 3045 1054 3105 Sic
1099 3048 1327 3104 futuram
1370 3051 1704 3119 pra-sciebat.
1737 3062 1793 3106 et
1819 3053 2075 3121 majorem

475 3141 636 3195 nobis
667 3145 788 3210 puSt
816 3132 1294 3212 crucemlargitus
1334 3150 1436 3198 est.
1473 3143 1562 3210 Et,
1617 3134 1838 3210 Effudit,
1881 3144 2074 3216 inquit.

478 3230 576 3291 Ilic
615 3230 928 3306 dignitatem
978 3228 1238 3302 declarat,
1293 3252 1394 3291 nec
1437 3237 1767 3306 simpliciter,
1818 3240 1913 3295 sed
1953 3255 2074 3295 cum

479 3322 746 3382 ubertate.
789 3320 1045 3383 ldcu'hoe
1086 3329 1256 3398 ipsum
1286 3331 1479 3399 palam
1526 3331 1747 3395 faciens,
1792 3335 2073 3404 sequentia

478 3417 701 3473 inducit.
744 3412 934 3475 Postea
985 3419 1126 3474 enim
1170 3419 1415 3484 ﬁdenter,
1467 3431 1586 3491 post
1633 3421 1865 3490 Spiritus
1903 3425 2072 3479 sancti

478 3526 672 3565 munus
715 3510 920 3576 datum,
966 3511 1035 3567 de
1071 3512 1438 3583 assumptione
1483 3515 1533 3569 in
1580 3517 1742 3571 melus
1789 3516 2068 3587 loquitur:

477 3619 650 3674 neque
681 3604 994 3675 simpliciter
1022 3621 1036 3671 ;
1066 3604 1160 3661 Sed
1192 3613 1378 3661 testem
1410 3622 1624 3662 rursum
1653 3607 1977 3679 produccus,
2017 3619 2074 3666 et

477 3693 626 3751 illum
658 3714 961 3753 memorans
981 3698 1047 3754 de
1066 3714 1173 3768 quo
1192 3698 1439 3755 Christus
1459 3700 1613 3755 dixit.
1648 3703 1736 3758 54.
1770 3701 1889 3757 Non
1910 3704 2067 3768 enim,

475 3791 667 3862 inquit,
714 3792 879 3846 David
907 3793 1135 3847 ascendit
1159 3793 1214 3847 in
1236 3795 1436 3847 cretum.

550 3887 602 3938 3.
638 3885 734 3939 llic
758 3888 868 3955 jam
894 3902 998 3940 non
1039 3886 1275 3941 demisse
1305 3887 1562 3957 loquitur,
1596 3900 1867 3961 assumpta
1900 3907 1965 3947 ex
1989 3892 2070 3946 di-

475 3978 574 4032 ctis
604 3977 793 4031 liduria
828 3995 841 4027 :
879 3994 1050 4046 neque
1076 3977 1224 4042 dicit,
1250 3978 1438 4034 Liceat
1467 3979 1669 4045 dicere,
1700 3983 1786 4038 vel
1833 3983 2068 4052 similia;

473 4068 568 4123 sed
603 4070 773 4138 palam
804 4085 817 4121 :
854 4069 995 4126 Di'vit
1025 4066 1271 4125 Dominus
1304 4069 1528 4126 Domino
1561 4086 1690 4136 meo,
1724 4074 1860 4131 Sede
1883 4096 1914 4130 α
1943 4078 2069 4133 dea:-

474 4165 566 4218 tris
594 4165 736 4229 meis,
776 4164 934 4218 donec
963 4165 1396 4234 pouamiuimicas
1416 4171 1548 4231 tuos,
1578 4162 1854 4224 scobe/ium
1882 4173 2065 4239 pedum

475 4266 672 4311 tuorum
721 4256 903 4328 (Paul.
937 4257 1182 4326 109.1).
1224 4258 1281 4313 Si
1332 4259 1544 4313 Davitlis
1595 4260 1854 4316 Dominus
1904 4275 2016 4317 erat
2047 4306 2062 4329 ,

471 4352 638 4406 multo
670 4351 838 4421 magis
868 4352 1098 4407 illorum.
1133 4351 1271 4408 Sede
1303 4369 1334 4406 α
1365 4352 1556 4408 dextris
1581 4357 1722 4409 meis.
1755 4350 1949 4410 Tutum
1980 4357 2066 4412 hic

470 4443 666 4514 posuit.
693 4443 782 4497 3.3.
825 4441 1002 4498 Donec
1027 4460 1215 4513 ponam
1253 4443 1485 4500 inimicos
1512 4455 1647 4508 tuos,
1679 4448 1951 4502 scebcltum
1979 4466 2067 4516 nr-

470 4534 591 4586 dum
620 4543 842 4587 tuorum.
876 4534 973 4588 llic
1003 4544 1203 4589 metum
1249 4551 1499 4606 maguum
1540 4539 1750 4603 incutit,
1805 4552 1862 4596 ut
1907 4543 2061 4598 initio

471 4625 817 4692 monstravit;
870 4625 1045 4696 qualia
1100 4642 1292 4698 nempe
1347 4630 1556 4699 amicis,
1599 4633 1776 4702 qualia
1829 4634 2062 4689 inimicis

470 4717 646 4772 meiat.
678 4719 756 4774 Ac
782 4732 965 4772 rursus
990 4718 1292 4788 imperium,
1330 4737 1398 4776 ne
1426 4738 1532 4777 non
1584 4724 1863 4791 credatur,
1918 4726 2062 4781 Patri

467 4806 745 4864 adscribit.
769 4808 899 4878 Quia
935 4813 1113 4881 itaque
1140 4827 1328 4883 magna
1355 4814 1604 4884 loquutus
1634 4826 1745 4881 est,
1787 4832 1974 4871 rursus
1996 4819 2062 4873 ad

468 4899 691 4955 humilia
716 4917 1023 4957 sermonem
1075 4902 1312 4960 deducit.
1346 4905 1435 4961 '56.
1489 4906 1642 4962 Certo
1691 4909 1851 4979 igitur
1905 4912 2057 4975 sciat,

468 4991 656 5061 inquit,
688 4993 852 5047 omnis
880 4989 1062 5048 domus
1085 4993 1284 5063 Israel;
1313 4996 1416 5052 huc
1445 5008 1549 5060 est,
1583 5015 1651 5054 ne
1676 5000 1952 5066 dubitetis,
1994 5020 2062 5059 nc

462 5084 766 5152 ambigatis.
809 5084 1001 5147 Postea
1044 5101 1167 5141 cum
1198 5089 1467 5158 imperio:
1505 5092 1639 5157 Quia
1681 5104 1728 5148 et
1784 5094 2061 5150 Dotuiuum

462 5194 575 5231 eum
604 5188 650 5232 et
677 5175 936 5233 Christum
958 5180 1075 5249 fecit
1101 5180 1253 5237 Deus.
1280 5184 1390 5237 lloc
1418 5198 1447 5238 a
1475 5185 1673 5241 Davidc
1704 5196 1758 5243 ct
1788 5204 1817 5244 a
1843 5188 2059 5244 Psalmu

460 5270 932 5324 commemoravit.
952 5270 1080 5325 Nam
1103 5288 1222 5328 cum
1253 5275 1522 5331 videretur
1548 5276 1835 5334 dicendum
1857 5298 1871 5335 :
1897 5280 2060 5339 Certo

463 5358 625 5428 igitur
639 5360 775 5415 sciat
794 5363 973 5417 omnis
993 5363 1186 5418 domus
1205 5366 1387 5434 Israel,
1412 5370 1553 5438 qttod
1572 5384 1601 5423 a
1622 5370 1827 5426 dextris
1848 5373 2053 5439 sedeat;

465 5449 515 5509 id
547 5450 689 5519 quod
717 5468 967 5524 magnum
997 5467 1110 5511 erat
1141 5472 1154 5510 :
1180 5473 1246 5512 eo
1267 5460 1454 5515 relicto
1475 5462 1618 5517 aliud
1643 5463 1848 5520 inducit
1885 5468 2056 5522 multo

464 5537 738 5608 humilius,
766 5560 888 5599 cum
917 5546 1066 5606 dicit.
1117 5548 1278 5616 Fecit,
1311 5552 1361 5607 id
1393 5565 1498 5620 est,
1528 5556 1828 5613 constituit.
1872 5560 2056 5629 itaque

466 5627 602 5695 nihil
630 5630 712 5684 hic
739 5637 804 5691 de
831 5638 1154 5709 substantia,
1201 5643 1297 5699 sed
1337 5654 1506 5703 totum
1539 5648 1640 5704 hac
1686 5649 1756 5707 de
1804 5667 1863 5708 re
1899 5627 2051 5709 dicit.

532 5786 552 5817 ί
575 5790 700 5848 ιίεοο,
724 5801 781 5838 ηε
805 5803 922 5854 ipsis
943 5799 1079 5853 oneri
1100 5810 1242 5865 esset,
1264 5803 1445 5858 desunt
1470 5810 1518 5858 in
1536 5810 1817 5874 quibusdan‘
1849 5820 1958 5863 Mss.

2197 439 2353 509 Ilum:
2379 443 2577 514 Iesum,
2599 463 2747 518 quem
2775 467 2860 531 vos
2882 454 3226 524 cruci/ixistis.
3260 458 3406 518 Bene
3422 462 3536 521 huc
3558 467 3790 537 desunt,

2195 533 2409 591 illorum
2446 539 2685 595 animum
2714 527 3013 613 exagitans.
3058 545 3349 619 POStquam
3375 556 3518 611 enim
3549 546 3793 619 ostendit

2192 634 2448 696 quantum
2475 631 2545 686 sit
2575 630 2798 702 uicinus,
2831 624 3200 696 tunc‘demum
3230 642 3694 715 ipsum'declarat.
3726 667 3784 711 ut

2192 720 2273 776 sic
2300 722 2471 793 majus
2509 727 2860 795 ostendatur,
2890 740 2942 787 et
2971 732 3164 790 timore
3205 735 3323 794 illos
3351 743 3631 816 corripiat.
3662 748 3785 806 Non

2192 813 2337 869 enim
2377 816 2456 871 sic
2509 816 2756 877 homines
2787 822 3059 881 beneliciis
3109 827 3438 899 alliciuntur,
3489 813 3550 894 ut
3594 841 3794 901 timore

2191 906 2538 978 castigantur.
2572 910 2888 969 Admirandi
2914 926 3095 974 autem
3133 921 3258 987 viri,
3292 924 3361 995 pii
3392 941 3457 983 ac
3484 930 3577 985 Dei
3601 934 3789 1001 atuici,

2192 1007 2384 1055 neutro
2405 1016 2539 1070 upus
2568 1002 2799 1072 habent;
2844 1010 3020 1079 qualis
3057 1024 3174 1068 erat
3202 1014 3419 1100 Paulus,
3449 1023 3539 1093 qui
3572 1041 3671 1082 nec
3699 1038 3788 1084 rt:-

2190 1093 2281 1163 gni
2310 1109 2409 1149 nec
2437 1095 2699 1164 gehennae
2725 1102 2985 1158 rationem
3019 1103 3269 1163 habebat.

2247 1186 2384 1254 Quid
2400 1176 2463 1243 sit
2483 1207 2657 1245 ornare
2674 1190 2953 1275 Christum.
2973 1196 3033 1252 lu
3048 1201 3336 1270 spiritantia
3356 1210 3592 1278 segnities
3609 1214 3795 1268 redur-

2189 1279 2457 1346 guitur.——
2476 1282 2697 1341 lloc‘est
2724 1301 2905 1343 ornare
2931 1274 3200 1348 Christum
3220 1336 3235 1360 ,
3272 1295 3373 1353 hoc
3410 1274 3496 1355 est
3531 1318 3635 1357 non
3664 1320 3793 1361 esse

2192 1374 2612 1444 mercenarium,
2647 1393 2819 1449 neque
2861 1392 3126 1452 qnzestum
3166 1388 3246 1441 vel
3278 1392 3691 1460 negotiationem
3732 1398 3791 1452 id

2189 1462 2536 1532 existimare;
2567 1467 2662 1524 sed
2693 1471 2887 1527 virtute
2917 1484 3043 1530 vere
3089 1478 3368 1545 pneditum
3415 1498 3568 1548 esse,
3621 1496 3676 1541 et
3711 1490 3793 1543 ub

2191 1553 2282 1609 Dei
2328 1569 2567 1614 amorem
2617 1561 2797 1617 omnia
2840 1563 3035 1620 facere.
3069 1568 3294 1633 Quantis
3324 1572 3483 1641 igitur
3528 1576 3795 1648 lacrym-is

2187 1644 2335 1715 digni
2363 1663 2570 1719 sumus,
2594 1653 2682 1723 qui
2713 1662 2916 1710 tantam
2934 1657 3194 1714 debentes
3215 1678 3546 1733 nwu~uram,
3575 1685 3640 1725 ne
3656 1672 3791 1740 qui-

2155 1736 2311 1795 .dem
2357 1749 2411 1794 ut
2456 1746 2818 1813 negotiatores
2866 1762 3088 1819 regnum
3134 1752 3391 1809 emtorqu
3446 1736 3793 1827 exp‘etiums?

2187 1833 2358 1889 Tanta
2407 1836 2564 1891 nobis
2610 1838 2923 1907 pollicetur,
2970 1858 3142 1913 neque
3196 1846 3275 1902 sic
3323 1848 3569 1907 audimus
3619 1856 3793 1908 etuu?

2187 1925 2323 1994 Quid
2367 1928 2491 1985 huic
2521 1930 2814 1989 inimicitia:
2843 1951 2938 2005 par
2968 1935 3166 1993 fuerit?
3196 1940 3352 2011 Atqui
3384 1943 3439 2004 ii,
3472 1944 3563 2015 qui
3594 1947 3790 2002 insana

2188 2021 2428 2088 pecunia:
2448 2023 2739 2095 cupiditate
2767 2027 3032 2091 laborant,
3060 2032 3174 2085 sive
3205 2032 3385 2089 hostes
3407 2037 3638 2102 adeant,
3667 2042 3791 2098 sive

2187 2122 2394 2174 servos.
2424 2115 2537 2170 sive
2567 2116 2970 2177 inimicissimos
2997 2123 3119 2190 sibi,
3150 2135 3205 2181 et
3244 2128 3484 2183 omnium
3512 2134 3787 2198 nequissi—

2188 2220 2339 2269 mos;
2386 2206 2429 2260 si
2460 2216 2639 2264 t-uneu
2687 2222 2907 2281 sperent
2954 2230 3013 2270 se
3042 2231 3203 2286 posse
3242 2234 3340 2289 per
3377 2221 3498 2278 illos
3531 2227 3793 2292 pecunias

2185 2295 2434 2367 adipisci,
2466 2293 2595 2353 nihil
2631 2317 2737 2356 non
2777 2313 2962 2373 agunt,
3012 2307 3143 2376 ipsis
3173 2309 3481 2378 adulantur,
3525 2315 3666 2385 ipsos
3723 2327 3789 2375 ut

2187 2389 2326 2443 Servi
2353 2390 2560 2454 colunt,
2588 2402 2642 2448 et
2666 2396 2908 2452 omnium
2934 2397 3344 2458 honestissimos
3375 2405 3594 2473 habent,
3626 2418 3682 2463 ut
3713 2412 3790 2465 ab

2187 2470 2294 2536 illis
2325 2484 2589 2554 accipiant
2623 2491 3021 2558 :‘pecuniarum
3049 2493 3194 2549 enim
3233 2511 3357 2566 spes
3395 2514 3502 2555 non
3531 2501 3657 2556 sinit
3685 2512 3790 2558 eos

2186 2572 2376 2629 horum
2402 2576 2672 2647 quidpiam
2699 2581 2954 2650 cogitare.
2976 2578 3221 2655 Regnum
3244 2598 3422 2646 autem
3447 2608 3552 2646 non
3573 2605 3787 2650 tantum

2186 2668 2404 2736 poterit,
2428 2680 2685 2739 quantum
2714 2674 2986 2743 pecuniae;
3017 2676 3126 2732 imo
3153 2694 3220 2734 ne
3247 2680 3527 2738 mininmm
3558 2686 3780 2755 quidem

2186 2762 2421 2828 poterit:
2450 2764 2694 2832 quamvis
2727 2782 2830 2820 nun
2861 2782 2893 2821 e
2923 2768 3080 2839 vulgo
3107 2771 3371 2842 quispiam
3399 2775 3491 2843 sit,
3524 2778 3611 2846 qui
3648 2778 3779 2833 illud

2183 2855 2465 2922 promitzit,
2498 2858 2591 2911 sed
2635 2859 2752 2927 ipso
2802 2877 3017 2932 quoque
3061 2880 3225 2935 regno
3260 2867 3420 2937 longe
3469 2871 3642 2942 major
3683 2874 3781 2928 sit.

2182 2944 2407 3016 Quando
2430 2958 2611 3009 autem
2642 2951 2691 3011 id
2721 2954 2861 3026 quod
2894 2956 3222 3029 promittitur
3242 2975 3466 3035 regnum
3496 2975 3595 3033 ρει,
3621 2966 3757 3026 illud

2182 3058 2289 3112 quc
2315 3042 2408 3098 dat
2435 3044 2595 3115 Deus,
2630 3064 2880 3119 maguum
2908 3063 3054 3108 certe
3083 3065 3164 3110 est
3197 3066 3252 3112 et
3273 3058 3403 3113 illud
3435 3071 3491 3115 et
3511 3078 3540 3115 a
3572 3063 3784 3119 taliae-

2181 3135 2383 3204 cipere.
2416 3136 2569 3195 Nunc
2588 3149 2768 3196 autem
2789 3144 3011 3213 perinde
3036 3145 3115 3211 ﬁt,
3139 3162 3203 3203 ac
3222 3150 3267 3204 si
3295 3166 3388 3206 rex
3416 3155 3503 3222 qui
3535 3153 3783 3212 llzt'I'CdeS

2181 3236 2234 3285 et
2265 3227 2379 3282 lilio
2404 3229 2717 3288 cohaeredes
2749 3236 2862 3290 vult
2892 3237 3071 3295 facere
3115 3256 3243 3307 eos,
3285 3259 3422 3314 quos
3468 3246 3611 3302 mille
3649 3260 3788 3305 ante

2182 3318 2457 3377 bcncliciis
2480 3322 2675 3390 atiecit,
2698 3336 3110 3398 contemnatur;
3135 3344 3188 3388 et
3203 3334 3472 3392 latronum
3501 3339 3783 3410 princeps,

2179 3415 2269 3483 qui
2283 3415 2589 3473 innumeris
2615 3428 2670 3474 et
2695 3436 2794 3476 nos
2812 3431 2866 3477 et
2887 3433 3552 3495 parentesnostrosmalis
3572 3434 3781 3503 atrocis,

2178 3519 2231 3563 et
2266 3509 2412 3567 mille
2439 3513 2593 3568 malis
2622 3513 2738 3584 ipse
2765 3516 2955 3586 plenus
2985 3529 3089 3586 est,
3121 3521 3165 3576 si
3195 3538 3358 3578 unum
3384 3524 3601 3580 ebulum
3634 3527 3781 3581 ull'e-

2180 3609 2282 3668 rat,
2330 3601 2589 3659 adoretur
2624 3622 2653 3660 a
2707 3608 2884 3664 nobis.
2918 3609 3157 3681 Regnum
3191 3614 3471 3684 pollicetur
3502 3618 3663 3683 Deus,
3719 3632 3783 3677 et

2176 3691 2469 3763 destricitur
2493 3696 2840 3767 :geheunam
2862 3705 3114 3760 conciliat
3141 3705 3386 3763 diabolus
3404 3750 3421 3777 ,
3450 3720 3504 3765 et
3535 3710 3781 3766 honorav-

2178 3791 2284 3839 tur.
2314 3785 2410 3841 llic
2442 3787 2601 3855 Dens,
2635 3790 2723 3845 ille
2751 3790 3016 3851 diabolus.
3049 3795 3154 3853 Sed
3180 3798 3454 3855 videanms
3476 3813 3779 3872 praeceptu-

2177 3891 2295 3931 rum
2315 3877 2627 3936 discrimeu.
2662 3883 2719 3938 Si
2744 3885 3044 3941 enim-nihil
3073 3872 3266 3945 horum
3294 3901 3455 3959 chet,
3492 3908 3663 3964 neque
3686 3894 3778 3953 hic

2177 3968 2337 4034 licus,
2395 3971 2483 4027 ille
2531 3972 2814 4039 diabolus;
2846 3993 3021 4049 neque
3049 3980 3136 4036 hic
3169 3998 3412 4052 regnum,
3446 3985 3536 4041 ille
3565 3988 3775 4057 gehen-

2177 4078 2297 4117 nam
2320 4066 2672 4135 conciliaret;
2704 4085 2882 4126 annon
2905 4073 2988 4129 vel
3016 4074 3130 4143 ipsa
3157 4088 3545 4148 prasreptorum
3578 4095 3772 4138 natura

2174 4154 2399 4211 suadere
2428 4168 2608 4227 posset
2638 4169 2694 4214 ut
2721 4154 3238 4222 huic-hacreremus?
3260 4168 3398 4237 Quid
3427 4170 3584 4241 igitur
3612 4182 3770 4230 uter-

2173 4263 2277 4316 que
2306 4248 2567 4318 imperat?
2592 4252 2683 4309 llle
2702 4269 2823 4324 quae
2851 4265 3057 4327 turpes,
3086 4258 3176 4313 hic
3200 4277 3320 4331 qua:
3346 4262 3610 4332 gloriosos
3636 4267 3769 4321 rods

2173 4340 2334 4408 dunt;
2367 4345 2455 4400 ille
2488 4361 2609 4416 qua:
2639 4349 2788 4405 mille
2814 4352 3206 4409 calamitatibus
3233 4364 3288 4410 et
3337 4355 3551 4412 infamia
3589 4358 3772 4413 ἰιινυιιι

2174 4442 2323 4499 vunt,
2360 4437 2445 4491 hic
2474 4452 2593 4506 quae
2616 4455 2860 4511 magnam
2895 4444 3109 4510 pariunt
3139 4447 3598 4517 tranquillitatem.
3633 4450 3772 4509 Vide

2173 4541 2402 4597 namque
2436 4543 2450 4579 :
2489 4527 2581 4585 ille
2614 4531 2782 4587 dicit:
2811 4533 3003 4590 Discite
3053 4554 3086 4590 a
3125 4555 3204 4592 me
3229 4540 3352 4611 quia
3394 4542 3528 4597 mitis
3558 4559 3671 4597 satu
3715 4556 3770 4598 et

2171 4617 2380 4674 humilis
2432 4622 2604 4683 corde,
2637 4635 2683 4677 et
2713 4625 2975 4682 itwem'etis
3014 4631 3237 4700 requiem
3279 4633 3546 4689 animabus
3587 4639 3771 4693 vestris

2171 4708 2383 4780 (Matth.
2418 4713 2505 4767 11.
2533 4712 2658 4787 29);
2693 4717 2778 4771 ille
2804 4718 2878 4772 ait
2912 4736 2924 4772 :
2954 4719 3130 4776 Ferox
3164 4731 3287 4778 esto
3333 4734 3388 4781 et
3417 4726 3768 4795 inhumanus,

2169 4813 2328 4873 atque
2360 4804 2646 4861 iracundus
2669 4849 2684 4875 ,
2716 4817 2772 4863 et
2803 4811 2910 4865 fera
2940 4814 3109 4882 magis
3134 4829 3293 4884 quam
3341 4815 3523 4874 homo.
3563 4818 3765 4875 Videa-

2170 4911 2290 4949 mus
2320 4892 2447 4965 q'uid
2480 4900 2681 4962 utilius,
2707 4901 2837 4970 quid
2867 4906 3243 4973 opportunius.
3277 4908 3389 4964 lme
3417 4926 3485 4966 ne
3511 4910 3612 4966 huc
3641 4921 3770 4966 [ttth

2170 4994 2316 5053 tum;
2372 4988 2466 5043 sed
2499 4992 2673 5061 cogita
2706 4993 2854 5047 illum
2909 5011 3031 5051 esse
3080 4997 3400 5055 diabolum:
3448 5001 3575 5056 illud
3617 5005 3769 5059 enim

2169 5079 2402 5136 maxime
2430 5081 2474 5135 si
2505 5082 2929 5139 demonsn-atum
2955 5097 3070 5152 est,
3099 5090 3212 5159 jam
3264 5092 3566 5164 triumphos
3594 5093 3770 5166 major

2166 5171 2287 5226 erit.
2321 5170 2437 5226 Non
2467 5173 2610 5228 enim
2636 5177 2725 5246 qui
2759 5178 2936 5234 facilia
2979 5180 3206 5250 imperat
3227 5224 3242 5247 ,
3272 5193 3492 5240 curator
3529 5196 3632 5250 est,
3666 5188 3765 5240 sed

2166 5262 2257 5332 qui
2307 5264 2478 5319 utilia.
2514 5265 2646 5320 Nam
2700 5281 2881 5337 tatros
2923 5287 3152 5326 utterosa
3207 5275 3494 5345 imperant,
3539 5288 3595 5332 et
3648 5277 3767 5333 heri

2165 5368 2379 5424 quoque
2423 5358 2627 5422 servis;
2661 5360 2754 5413 sed
2785 5360 2909 5415 ideo
2940 5362 2993 5417 hi
3020 5365 3238 5433 quidem
3273 5381 3455 5437 patres
3493 5378 3654 5435 sunt,
3687 5371 3764 5424 illi

2168 5462 2293 5500 vero
2321 5448 2456 5513 heri,
2479 5451 2785 5521 subigentes
2809 5462 2862 5508 et
2885 5454 3171 5523 perniciosi
3188 5467 3245 5513 et
3271 5461 3449 5515 tunnia
3468 5464 3763 5521 contraria.

2238 5539 2422 5594 Anima
2446 5546 2593 5614 justi
2621 5561 2772 5612 quam
2826 5546 3036 5614 (ii/ferat,
3075 5551 3138 5604 ob
3166 5553 3338 5607 animo
3387 5556 3763 5624 peccatoris.—

2162 5629 2365 5686 Verum
2393 5634 2532 5702 quod
2587 5636 2912 5707 voluptatem
2949 5640 3214 5707 habeant,
3269 5643 3393 5700 hinc
3447 5647 3619 5716 palam
3654 5660 3756 5705 est.

2162 5723 2276 5788 Qua
2307 5726 2449 5778 enim
2478 5726 2785 5785 conditione
2814 5740 2964 5800 pule
2990 5748 3111 5790 esse
3140 5735 3453 5792 iracundum
3477 5780 3493 5805 ,
3525 5756 3627 5809 qua
3661 5758 3758 5811 pa-

2166 5814 2387 5871 tientem
2432 5827 2480 5873 ct
2532 5820 2757 5877 mitem?
2806 5821 2994 5879 Nonne
3039 5825 3195 5900 hujus
3251 5829 3427 5886 anima
3455 5833 3648 5890 smulis
3675 5844 3759 5901 est
