4092 6486
314 486 373 541 6t
1357 478 1424 535 1N
1463 476 1644 534 ACTA
1683 468 2456 531 Aposromnuutteutt.
2504 474 2588 530 vn.
3553 476 3623 532 οε

311 598 856 670 solitudini-cuipiam
904 599 1138 654 multam
1187 595 1421 668 quietem
1460 592 1720 658 babenti;
1768 590 1915 647 illius

308 711 441 752 vero
464 693 667 755 anima,
702 691 844 755 foro,
877 690 1080 760 turbae,
1120 689 1211 746 ubi
1235 687 1437 745 multus
1457 686 1662 743 clamor
1685 699 1917 756 sequen-

312 788 442 840 tium
471 784 738 846 camelos,
770 783 952 838 mulos
980 790 1040 839 et
1064 782 1265 846 asinos,
1310 778 1399 849 qui
1431 777 1733 834 ocelamant
1763 791 1929 831 accem

313 878 564 933 dentibus
596 892 666 932 ne
685 874 1111 932 conculcentur?
1140 873 1218 946 (α)
1241 887 1419 928 nonne
1440 871 1582 927 illius
1604 871 1782 925 anima
1807 885 1925 924 mea

313 974 413 1029 diis
454 970 770 1026 civitatibus
811 968 1003 1024 similis
1030 976 1132 1033 est,
1162 966 1250 1022 tibi
1294 966 1421 1021 hinc
1446 964 1750 1030 aurificum,
1794 960 1919 1016 inde

317 1066 636 1121 :erariorum
699 1080 927 1134 magnus
978 1061 1186 1133 fragor;
1219 1071 1274 1116 ct
1306 1060 1394 1115 alii
1440 1058 1658 1131 quidem
1692 1056 1915 1115 la‘dunt.

315 1161 399 1215 alii
429 1173 567 1213 vero
592 1156 906 1214 laeduntur?
933 1154 1038 1211 Sed
1066 1153 1224 1224 hujus
1253 1153 1428 1207 anima
1452 1151 1641 1207 similis
1671 1160 1754 1205 est
1797 1163 1921 1203 ver-

316 1254 404 1308 tici
426 1252 655 1315 montis,
688 1248 945 1306 leniaura
977 1246 1171 1302 fruenti
1201 1246 1455 1315 purisque
1481 1242 1665 1309 radiis,
1698 1239 1918 1309 limpida

313 1346 545 1400 fontium
590 1344 793 1397 ﬂuenta
818 1340 1082 1397 emittenti
1114 1358 1128 1394 :
1159 1338 1246 1392 ubi
1278 1337 1460 1392 multa:
1483 1334 1677 1390 ﬂorum
1706 1333 1916 1403 gratia),

314 1437 540 1511 perinde
566 1444 734 1507 atque
761 1435 816 1489 in
849 1434 1029 1489 vernis
1057 1431 1221 1502 pratis
1243 1438 1299 1486 et
1327 1429 1522 1495 hortis,
1555 1442 1675 1499 qua:
1697 1425 1917 1497 plantis,

314 1530 543 1589 ﬂoribus
560 1526 1006 1583 etdelluentibus
1035 1524 1189 1595 aquis
1232 1529 1492 1578 ornantur
1520 1536 1534 1573 :
1568 1520 1612 1575 si
1643 1519 1763 1590 quis
1794 1532 1921 1573 vero

320 1620 796 1685 sonusaudtatur,
849 1618 1028 1673 suavis
1053 1624 1215 1671 estet
1247 1615 1469 1669 multam
1501 1612 1674 1668 fundit
1698 1610 1922 1667 audien-

327 1714 461 1768 tibus
480 1713 842 1782 voluptatem.
875 1709 1010 1765 Nam
1062 1708 1143 1764 vel
1171 1722 1299 1764 aves
1327 1715 1453 1762 sunt
1491 1705 1716 1762 summis
1759 1703 1921 1759 arbo-

320 1824 440 1863 rum
471 1808 527 1861 in
558 1806 731 1861 ramis
759 1804 1131 1870 cantillautes;
1181 1802 1262 1857 vel
1291 1801 1520 1865 cicadas,
1553 1801 1819 1864 lusciniae,
1842 1797 1925 1852 hi.

315 1898 621 1964 rundiues,
688 1895 1013 1952 concordem
1061 1902 1115 1950 et
1158 1909 1319 1949 unam
1358 1892 1643 1963 quamdam
1683 1891 1925 1947 ellleiunt

317 1992 625 2055 musicam;
651 1988 742 2044 vel
757 1987 1025 2059 zephyrus
1046 1985 1238 2041 blande
1260 1999 1440 2045 ramos
1460 1984 1709 2039 arborum
1732 1982 1920 2049 allidit,

317 2078 577 2153 pinorutu
600 2080 860 2137 stridulos
889 2093 1050 2134 sonos
1077 2087 1130 2134 et
1156 2093 1353 2150 cycnos
1396 2077 1711 2148 plerumque
1751 2075 1926 2129 imita-

317 2186 443 2237 tur;
475 2174 567 2228 vel
594 2185 809 2244 pratum
839 2186 990 2227 rosas
1030 2171 1284 2226 cmittens
1312 2179 1368 2225 et
1395 2170 1502 2224 lilia
1524 2211 1537 2236 ,
1570 2186 1690 2238 qua:
1716 2184 1775 2224 se
1807 2184 1925 2222 tnu-

318 2279 415 2322 tuo
440 2266 740 2331 collidunt,
762 2265 912 2335 quasi
942 2264 1162 2334 pelagus
1199 2265 1327 2318 item
1360 2262 1565 2318 lenibus
1597 2262 1750 2317 undis
1772 2277 1924 2317 eom-

318 2371 554 2415 mntum.
586 2359 702 2415 lmo
730 2360 925 2414 multas
951 2359 1072 2429 quis
1114 2358 1388 2413 invenerit
1409 2359 1686 2428 imagines.
1717 2357 1851 2413 Nam
1879 2361 1924 2413 si

318 2455 443 2525 quis
486 2469 646 2510 rosas
699 2454 968 2524 inspiciat,
1022 2451 1210 2507 iridem
1252 2466 1313 2507 se
1361 2451 1546 2507 videre
1588 2452 1823 2523 putabit;
1879 2452 1927 2507 si

321 2549 514 2612 \iulas,
549 2561 702 2601 mare
729 2545 1025 2611 undosum;
1072 2545 1118 2600 si
1169 2544 1300 2611 lilia,
1327 2545 1538 2603 caelum.
1572 2543 1756 2613 Neque
1800 2560 1925 2615 spe-

327 2640 537 2695 ctaculo
563 2648 619 2694 et
644 2638 764 2693 visu
787 2647 988 2693 tantum
1016 2637 1334 2703 delectatur,
1362 2636 1457 2692 sed
1478 2638 1637 2693 etiam
1660 2652 1924 2707 corpore:

336 2732 423 2791 ille
460 2747 698 2801 namque
727 2742 1000 2787 recreatur
1027 2739 1083 2786 et
1127 2731 1352 2801 respirat
1387 2748 1400 2784 :
1435 2731 1504 2784 ita
1531 2738 1590 2786 ut
1618 2745 1678 2786 se
1713 2731 1763 2784 in
1794 2730 1929 2786 caelo

336 2825 505 2894 [potius
524 2838 653 2878 esse
682 2831 851 2893 putet,
877 2839 1035 2894 quam
1063 2822 1117 2877 in
1148 2831 1311 2878 terra.

399 2919 450 2973 4.
501 2918 604 2972 Est
648 2927 706 2973 et
746 2918 882 2973 alius
929 2932 1133 2980 sonus,
1182 2931 1305 2971 cum
1352 2931 1489 2986 aqua
1536 2930 1602 2971 ex
1651 2915 1930 2970 cacumine

328 3011 577 3068 deﬂuens
620 3026 716 3079 per
760 3011 1052 3081 praecipitia
1093 3019 1285 3080 sponte
1335 3008 1535 3073 fertur,
1585 3017 1640 3063 et
1675 3008 1930 3079 subjectis

329 3106 574 3160 silicibus
619 3105 814 3159 leniter
861 3104 1170 3175 obstrepit,
1215 3104 1401 3174 sicque
1453 3103 1692 3159 membra
1749 3113 1929 3158 nostra

331 3199 609 3268 voluptate
637 3198 878 3265 relaxat,
910 3198 981 3255 ita
1012 3207 1069 3252 ut
1095 3211 1342 3251 somnum
1369 3197 1608 3251 membra
1633 3196 1929 3251 solventem

331 3293 602 3347 conciliet.
628 3291 998 3347 Narrationem
1018 3291 1247 3347 libenter
1265 3290 1522 3356 audistis;
1544 3289 1773 3361 hincque
1794 3290 1933 3347 forte

336 3385 571 3459 injectus
604 3384 755 3440 vobis
784 3392 867 3439 est
893 3384 1197 3439 solitudinis
1238 3399 1410 3439 amor.
1460 3382 1567 3439 Sed
1609 3383 1709 3437 hac
1743 3383 1932 3438 solitu-

337 3477 460 3535 dine
489 3478 665 3531 multo
694 3478 909 3532 suavior
933 3484 1019 3533 est
1047 3477 1296 3547 patientis
1324 3478 1524 3531 anima.
1555 3476 1671 3533 Non
1702 3478 1846 3533 enim
1877 3485 1937 3533 ut

337 3580 550 3639 pratum
598 3568 1072 3635 describeremus,
1121 3584 1295 3639 neque
1341 3579 1397 3624 ιιι
1425 3567 1492 3624 ad
1522 3571 1934 3626 ostentationem

336 3663 500 3718 verba
546 3663 890 3719 funderemus
910 3704 925 3725 ,
960 3662 1099 3719 hanc
1127 3664 1363 3734 aggressi
1395 3678 1579 3719 sumus
1609 3664 1892 3734 imaginem
1918 3680 1935 3730 ;

337 3758 431 3813 scd
465 3767 528 3812 ut
558 3774 657 3828 per
685 3758 821 3813 hanc
864 3756 1281 3827 descriptionem
1324 3758 1619 3821 videntes,
1647 3767 1841 3828 quanta
1870 3758 1939 3813 sit

343 3853 661 3923 patientium
685 3852 950 3923 voluptas,
975 3860 1030 3907 et
1051 3851 1193 3923 quod
1221 3853 1390 3907 multo
1411 3853 1626 3908 suavius
1652 3852 1942 3922 utiliusque

342 3946 412 4000 sit
449 3958 575 3999 cum
610 3945 726 3999 viro
762 3945 998 4015 patiente
1025 3952 1080 3999 et
1110 3954 1389 4002 mansueto
1417 3945 1656 4011 versari,
1701 3960 1858 4015 quam
1886 3945 1942 4002 in

346 4037 656 4109 bujnsmodi
690 4037 823 4094 locis
851 4038 1069 4109 degere,
1099 4038 1198 4095 hos
1223 4041 1602 4110 sequeremini.
1638 4039 1769 4096 Cum
1795 4042 1938 4097 enim

348 4149 526 4203 neque
550 4140 743 4189 ventus
766 4132 1059 4189 vehemens
1088 4148 1119 4188 a
1147 4133 1237 4188 tali
1275 4134 1451 4188 anima
1488 4134 1814 4205 egrediatur,
1845 4134 1942 4191 sed

349 4225 567 4296 benigni
613 4224 987 4295 mansuetique
1032 4239 1311 4281 sermones
1350 4225 1585 4299 zephyro
1632 4226 1838 4297 placido
1867 4228 1943 4281 si-

351 4318 531 4379 miles.
558 4325 613 4373 et
641 4317 1031 4374 admonitiones
1059 4318 1191 4372 nihil
1217 4334 1466 4390 asperum
1511 4318 1771 4374 habentes
1790 4361 1805 4385 ,
1850 4319 1944 4375 sed

348 4424 479 4466 aves
523 4410 643 4464 illas
680 4411 999 4466 cantatrices
1048 4410 1650 4483 imitantes:quomodo
1695 4411 1799 4468 hoc
1840 4427 1947 4465 non

353 4504 553 4560 melius
596 4501 798 4558 fuerit?
839 4501 956 4559 Non
996 4504 1137 4558 enim
1179 4505 1393 4574 corpori
1440 4504 1637 4560 accidit
1680 4506 1948 4561 sermonis

355 4610 512 4662 aura,
541 4593 639 4649 sed
663 4595 869 4650 animas
899 4595 1086 4651 reficit.
1119 4595 1235 4651 Non
1271 4605 1378 4651 tam
1409 4596 1517 4652 cito
1549 4597 1786 4652 medicus
1817 4613 1951 4669 qua-

356 4686 488 4740 libet
520 4685 753 4740 adhibita
781 4702 910 4742 cura
939 4702 968 4740 a
1001 4687 1132 4743 febri
1163 4687 1504 4754 liberaverit,
1549 4697 1604 4744 ut
1634 4690 1715 4743 vir
1744 4690 1974 4760 patiens.

356 4778 678 4834 iracundum
702 4787 757 4835 et
785 4781 1263 4837 excandescentem
1288 4781 1479 4852 spiritu
1507 4782 1792 4839 verborum
1820 4797 1950 4837 suo-

356 4892 474 4930 rum
507 4875 858 4948 refrigcrabit.
890 4875 1092 4949 Ecquid
1131 4878 1199 4933 de
1236 4877 1446 4935 medico
1484 4877 1712 4949 loquor?
1740 4877 1820 4934 Ne
1847 4877 1953 4932 fer-

364 4985 479 5023 rum
513 4966 728 5038 quidem
768 4969 991 5041 ignitum
1031 4970 1083 5024 in
1114 4984 1307 5041 aquam
1341 4970 1638 5037 immissum
1660 5011 1676 5038 ,
1709 4979 1815 5024 tam
1843 4971 1951 5025 cito

368 5064 593 5118 calorem
618 5063 831 5126 amittit,
855 5072 916 5119 ut
943 5063 1230 5119 iracundus
1246 5063 1299 5118 in
1322 5073 1656 5119 mansuetum
1686 5062 1948 5118 incidens.

366 5155 515 5211 Sicut
557 5166 738 5215 autem
785 5157 833 5213 si
877 5157 936 5215 in
976 5158 1150 5214 forum
1199 5158 1568 5230 ingrediantur
1613 5157 1952 5213 cantillantes

357 5262 513 5319 aves,
532 5264 686 5323 nugze
704 5264 827 5307 esse
844 5250 1123 5308 videntur:
1143 5251 1221 5308 sic
1241 5267 1454 5323 quoque
1476 5261 1741 5324 praecepta
1769 5260 1953 5313 nostra

423 5419 500 5480 (α)
526 5418 678 5469 Totus
695 5421 779 5481 qui
806 5419 1033 5479 sequitur
1059 5418 1198 5481 locus
1221 5416 1415 5481 ordine,
1436 5419 1582 5481 paulo
1605 5416 1825 5481 diverso.
1852 5423 1944 5474 sed
1965 5468 1967 5471 .

428 5478 494 5529 ne
521 5483 693 5531 iisdem
714 5478 956 5531 constans
980 5480 1147 5529 verbis
1171 5481 1382 5529 effertur
1403 5478 1451 5528 in
1481 5478 1638 5529 tribus
1661 5479 1942 5533 codicibus.

388 5545 439 5605 ιιι
464 5550 624 5592 autem
652 5540 788 5605 libri,
815 5544 865 5589 in
887 5555 1071 5589 summa
1096 5543 1230 5590 inter
1247 5555 1302 5590 se
1325 5540 1688 5605 conspirantes,
1711 5556 1738 5590 a
1761 5547 1945 5605 quarto

359 5604 544 5673 alio,_et
567 5607 660 5654 hoc
681 5604 1063 5673 optimasnotw.
1092 5616 1223 5673 smpe
1249 5600 1553 5673 magnopere
1586 5600 1832 5673 diderunt
1854 5612 1945 5655 aut

361 5666 542 5731 verbis,
567 5674 659 5718 aut
682 5666 934 5731 orationis
961 5669 1237 5731 structura,
1263 5671 1350 5715 aut
1375 5666 1532 5716 etiam
1571 5666 1941 5719 sententiarum

358 5723 541 5793 ordine,
566 5738 617 5780 ct
645 5728 808 5779 modo
831 5723 1078 5775 narrandi.

2031 593 2085 648 in
2114 593 2323 650 animas
2351 593 2633 650 iracundas
2665 593 2923 648 immissa.
2953 591 3093 663 Ergo
3121 595 3335 653 suavior
3355 600 3439 648 est
3459 611 3615 653 man-

2030 684 2259 740 suetudo
2287 686 2362 740 ira
2391 694 2445 741 et
2473 686 2792 742 temeritate.
2817 684 3000 756 Neque
3025 686 3125 741 hoc
3154 694 3382 756 tantum,
3405 691 3499 747 sed
3521 692 3624 749 hoc

2029 774 2276 832 diabolus
2299 820 2313 841 ,
2362 777 2490 833 illud
2523 781 2662 833 Deus
2691 778 2963 848 prmcepit.
2994 778 3185 838 Videte
3209 823 3225 848 ,
3257 798 3345 841 me
3371 798 3481 839 non
3508 788 3626 842 sine

2030 881 2191 921 causa
2219 867 2419 923 dixisse
2440 911 2454 933 ,
2495 869 2703 924 etiamsi
2747 885 2847 927 nec
2873 870 3118 927 diabolus
3147 889 3245 929 nec
3274 874 3412 931 Deus
3439 887 3584 933 esset
3609 920 3625 946 ,

2031 957 2146 1015 hare
2177 970 2353 1016 tamen
2385 975 2648 1033 prmcepta
2678 964 2807 1020 satis
2832 962 2946 1019 fore
2967 966 3032 1019 ad
3066 981 3167 1022 nos
3190 968 3554 1027 abducendus.

2101 1051 2367 1108 Iracuudo
2394 1055 2524 1109 nihil
2547 1057 2817 1128 ingratius.
2839 1088 2911 1097 —
2930 1057 3069 1115 Mitis
3092 1060 3234 1115 enim
3264 1060 3426 1117 homo
3446 1073 3499 1119 et
3525 1066 3627 1120 sibi
3656 1083 3669 1093 ·

2031 1146 2210 1202 suavis
2241 1154 2294 1202 et
2321 1148 2442 1203 aliis
2465 1149 2611 1204 tttilis
2635 1160 2751 1216 est;
2780 1151 3066 1208 iracundus
3089 1168 3217 1208 vero
3243 1164 3297 1211 et
3320 1156 3419 1212 sibi
3450 1158 3631 1214 insua-

2031 1237 2133 1300 vis,
2166 1250 2219 1293 et
2246 1239 2364 1295 aliis
2390 1241 2605 1297 noxius.
2639 1241 2777 1297 Nihil
2808 1245 2950 1299 enim
2981 1245 3241 1317 ingratius
3270 1247 3488 1306 homine
3520 1252 3629 1306 ira-

2032 1331 2229 1398 cundo,
2266 1331 2399 1386 nihil
2425 1335 2731 1402 ouerosius,
2761 1336 3059 1406 molestius,
3091 1341 3326 1411 turpius;
3358 1350 3415 1397 ut
3443 1358 3509 1399 eo
3540 1347 3629 1414 qui

2034 1423 2193 1479 irasci
2241 1425 2453 1492 nescit,
2508 1427 2637 1482 nihil
2680 1428 2991 1499 jucundius.
3037 1432 3172 1489 Cum
3225 1435 3335 1491 fera
3388 1436 3632 1494 habitare

2033 1519 2225 1574 melius
2266 1527 2380 1586 est,
2427 1538 2585 1592 quam
2617 1538 2737 1578 cum
2772 1526 2860 1582 tali
2892 1525 3130 1584 homine.
3180 1529 3317 1586 Fera
3361 1548 3593 1603 namque
3616 1577 3629 1600 ,

2034 1614 2248 1684 quando
2278 1617 2444 1671 semel
2487 1617 2786 1687 eicuratttr,
2834 1634 2985 1677 suam
3033 1632 3212 1678 servat
3241 1624 3445 1696 legem;
3482 1628 3627 1682 illum

2033 1715 2217 1763 autem
2238 1709 2452 1777 quoties
2476 1710 2795 1778 plaeaveris,
2821 1713 2978 1770 toties
3000 1715 3190 1770 iterum
3215 1717 3497 1786 efferatur;
3530 1720 3631 1776 sibi

2034 1803 2179 1858 enim
2206 1804 2442 1859 habitum
2472 1805 2631 1860 talem
2657 1806 2823 1861 semel
2853 1810 3148 1865 constituit.
3174 1810 3323 1867 Sicut
3348 1814 3489 1868 enim
3517 1815 3633 1870 dies

2034 1909 2261 1951 serenus
2280 1904 2336 1952 et
2362 1896 2538 1962 laetus,
2572 1907 2626 1954 et
2650 1897 2822 1954 hiems
2842 1899 3129 1956 admodum
3155 1903 3342 1971 tristis,
3367 1907 3633 1973 contraria

2036 1994 2161 2041 sunt
2188 2003 2201 2040 :
2234 1986 2304 2041 ita
2331 1986 2570 2043 iracundi
2598 1996 2652 2042 et
2672 1991 2938 2044 mansueti
2960 1991 3174 2048 animm.
3197 1995 3263 2048 At
3289 1995 3524 2051 nondum
3545 2011 3632 2063 ea,

2036 2092 2156 2148 que
2188 2079 2241 2133 in
2274 2079 2409 2148 alios
2439 2089 2661 2135 manant
2701 2082 3038 2138 incommoda
3059 2126 3074 2150 ,
3105 2085 3198 2140 sed
3231 2102 3347 2155 qua:
3375 2088 3473 2143 sibi
3506 2089 3635 2158 ipsis

2037 2169 2275 2225 inferunt
2315 2171 2611 2227 videamus.
2649 2174 2807 2244 Atqui
2862 2174 2965 2230 hoc
2998 2191 3103 2230 non
3133 2192 3355 2248 parvum
3406 2188 3506 2235 est-
3536 2181 3637 2236 da-

2037 2279 2242 2327 mnum,
2261 2265 2422 2319 alium
2441 2265 2640 2322 damno
2657 2265 2873 2323 aﬁicere
2894 2286 2908 2321 :
2930 2285 3114 2326 verum
3139 2271 3350 2326 interim
3372 2273 3496 2328 illud
3510 2290 3639 2333 con,

2036 2356 2360 2413 sideremus.
2381 2357 2510 2426 Quis
2532 2359 2770 2415 carnifex
2794 2361 2872 2416 sic
2894 2361 3059 2416 latera
3083 2363 3381 2421 dilacerare
3405 2367 3637 2436 poterit?

2036 2465 2158 2517 qum
2189 2466 2349 2504 verna
2399 2450 2560 2521 ignita
2591 2452 2670 2508 sic
2696 2468 2892 2523 corpus
2934 2457 3284 2527 transfigere?
3327 2460 3447 2530 quis
3493 2462 3642 2517 furor

2040 2540 2112 2593 ita
2138 2555 2168 2595 a
2200 2555 2327 2595 sana
2356 2551 2538 2597 mente
2562 2545 2788 2608 excutit.
2817 2555 2871 2600 ut
2901 2546 2977 2601 ira
3005 2556 3059 2603 et
3081 2547 3268 2604 furor?
3294 2551 3488 2608 Multos
3515 2553 3638 2607 novi

2038 2633 2130 2702 qui
2159 2633 2226 2688 ab
2256 2633 2527 2690 iracundia
2562 2635 2613 2688 in
2647 2636 2866 2692 morbos
2893 2638 3195 2696 inciderunt
3220 2660 3233 2695 :
3259 2641 3343 2697 hae
3368 2653 3485 2698 sunt
3511 2660 3639 2714 gra-

2039 2726 2274 2780 vissima:
2305 2728 2549 2784 omnium
2577 2729 2771 2784 febres.
2808 2730 2960 2797 Quod
3001 2732 3045 2786 si
3084 2748 3280 2803 corpus
3322 2736 3392 2791 ita
3438 2737 3641 2792 labefa-

2039 2826 2207 2882 ctent,
2231 2817 2464 2873 animam
2488 2820 2684 2890 cogita.
2704 2820 2781 2875 Ne
2799 2823 3158 2891 ratiocineris,
3182 2827 3302 2897 quia
3326 2843 3433 2882 non
3454 2828 3639 2897 vides;

2040 2913 2134 2967 sed
2163 2913 2358 2983 cogita,
2389 2913 2532 2984 quod
2565 2915 2609 2968 si
2638 2914 2687 2970 is
2714 2915 2804 2984 qui
2832 2917 3093 2973 malitiam
3122 2920 3359 2990 concipit
3384 2922 3454 2976 ita
3488 2922 3641 2977 hedi-

2045 3015 2150 3065 tur.
2197 3006 2246 3060 id
2291 3006 2432 3076 quod
2478 3008 2570 3062 ille
2612 3008 2797 3078 parieti
2827 3020 3085 3080 quantum
3130 3012 3383 3068 damnum
3421 3014 3643 3071 afferet?

2041 3100 2191 3155 Multi
2223 3102 2411 3156 oculos
2434 3101 2822 3173 perdiderunt,
2859 3104 3014 3160 multi
3045 3106 3095 3159 in
3125 3108 3477 3176 gravissimos
3508 3110 3643 3165 inci-

2043 3192 2175 3248 dere
2205 3193 2440 3248 morbos.
2471 3193 2572 3261 Qui
2601 3210 2731 3250 vero
2756 3195 2965 3252 fortiter
2994 3198 3220 3263 tolerat,
3269 3202 3445 3256 omnia
3490 3203 3646 3259 facile

2044 3282 2197 3339 feret.
2228 3285 2476 3339 Attamen
2506 3286 2631 3340 licet
2658 3295 2764 3341 tam
2792 3302 3019 3343 onerosa
3049 3290 3344 3362 prmeipiat,
3373 3301 3423 3346 et
3453 3292 3637 3348 bonan

2044 3376 2349 3432 mercedem
2393 3379 2693 3447 gehennam
2740 3391 3040 3451 proponat,
3091 3384 3213 3438 licet
3265 3385 3353 3440 ille
3399 3384 3647 3442 diabolus

2045 3470 2135 3531 sit.
2164 3478 2220 3523 et
2249 3470 2440 3524 salutis
2469 3480 2668 3526 nostra:
2700 3472 2970 3539 inimicus,
3001 3480 3170 3545 magis
3199 3477 3272 3531 illi
3301 3477 3647 3547 obtempera—

2048 3577 2167 3620 mus
2192 3602 2208 3629 ,
2240 3579 2399 3633 quam
2431 3565 2650 3620 Christo
2678 3565 2953 3622 Servatori
2977 3610 2990 3631 ,
3027 3568 3349 3623 benefactori
3378 3611 3391 3634 ,
3430 3580 3483 3625 et
3523 3572 3648 3627 talia

2047 3654 2268 3721 dicenti,
2300 3671 2420 3725 qua:
2443 3664 2498 3711 et
2526 3657 2797 3724 suaviora,
2823 3667 2877 3712 et
2903 3659 3113 3713 utiliora
3138 3670 3284 3727 sunt,
3312 3662 3572 3732 uobisque
3595 3673 3650 3718 et

2048 3746 2530 3803 contubernalibus
2579 3764 2771 3820 magna
2826 3751 2962 3804 bona
3015 3752 3317 3808 conferant.
3375 3751 3514 3808 Nihil
3570 3756 3648 3809 ira

2048 3839 2224 3909 pejus,
2244 3839 2458 3903 dilecte,
2478 3849 2533 3895 et
2554 3841 2930 3912 intempestivo
2950 3842 3129 3898 furore
3149 3862 3161 3898 :
3183 3861 3289 3899 non
3314 3845 3413 3900 fert
3437 3846 3647 3915 longam

2051 3947 2290 4000 moram;
2319 3943 2509 3989 acutus
2538 3942 2622 3989 est
2653 3935 2897 3991 morbus.
2917 3935 3071 4006 Smpe
3092 3939 3212 4007 quis
3240 3939 3457 3992 verbum
3484 3955 3547 3994 ex
3566 3941 3651 3995 ira

2054 4026 2281 4096 profert,
2309 4026 2451 4097 quod
2481 4036 2537 4080 ut
2564 4037 2797 4096 reparet,
2829 4036 2933 4082 tuta
2964 4029 3070 4084 vita
3094 4045 3229 4099 opus
3252 4029 3445 4095 habet;
3474 4041 3527 4087 et
3553 4031 3654 4085 ali-

2056 4119 2183 4190 quid
2212 4132 2489 4189 operatur,
2511 4120 2653 4189 quod
2677 4129 2839 4175 totam
2863 4122 2978 4191 ejus
2998 4123 3159 4197 vitam
3181 4123 3474 4181 subvertat.
3500 4126 3652 4194 Quod

2057 4221 2235 4266 autem
2267 4212 2641 4282 gravissimum
2669 4224 2787 4281 est,
2840 4214 2987 4269 brevi
3020 4198 3285 4284 tempore,
3321 4233 3427 4272 uno
3455 4234 3651 4285 opere,

2059 4320 2164 4357 uno
2191 4306 2355 4360 verbo
2380 4288 2524 4379 saepe
2548 4304 2766 4360 internis
2793 4305 3068 4375 privamur
3099 4307 3273 4374 bonis,
3308 4309 3648 4365 innumeros—

2058 4413 2162 4466 que
2192 4399 2351 4453 nobis
2374 4398 2612 4469 parimus
2638 4398 2872 4455 labores.
2903 4401 3446 4473 Quamobrem,rogo,
3477 4406 3656 4461 omnia

2060 4489 2337 4557 faciamus,
2368 4501 2429 4547 ut
2459 4491 2599 4548 hanc
2625 4490 2794 4549 feram
2824 4491 3122 4549 frenomus.
3147 4494 3414 4550 Caatcrum
3443 4496 3561 4552 huic
3590 4498 3657 4552 de

2059 4586 2469 4641 mansuetudine
2495 4597 2548 4642 et
2576 4586 2655 4642 ira
2684 4586 2823 4641 dicta
2856 4589 2984 4643 sint.
3016 4586 3071 4643 Si
3103 4589 3223 4660 quis
3251 4605 3382 4645 vero
3410 4591 3509 4645 alia
3537 4606 3653 4647 ser-

2059 4690 2221 4733 moue
2246 4685 2459 4743 tractet,
2486 4686 2544 4732 ut
2571 4677 2848 4733 avaritiam
2870 4687 2924 4734 et
2946 4678 3255 4750 despectum
3282 4684 3655 4753 pecuniarum,

2062 4769 2335 4825 lasciviam
2366 4780 2420 4826 et
2444 4770 2766 4838 castitatem,
2796 4771 3051 4827 invidiam
3081 4781 3136 4827 et
3166 4773 3656 4841 mansuetudinem,

2062 4861 2261 4932 illaque
2286 4873 2471 4918 mutuo
2495 4863 2757 4929 conferat,
2791 4863 2894 4919 alia
2923 4877 3140 4933 quoque
3169 4865 3477 4921 discrimina
3504 4868 3657 4923 sciet.

2064 4953 2286 5009 Vidistis
2312 4996 2325 5016 ,
2374 4953 2643 5024 quomodo
2674 4970 2738 5009 ex
2773 4956 3056 5026 praeceptis
3084 4965 3287 5014 tantum
3337 4968 3389 5013 et
3433 4959 3575 5015 Deus
3608 4970 3664 5015 et

2062 5044 2309 5101 diabolus
2356 5047 2826 5102 internoscantur?
2871 5047 3318 5119 Obtemperemus
3354 5065 3483 5123 ergo
3514 5052 3623 5107 Deo
3645 5090 3659 5113 ,

2066 5154 2242 5210 neque
2269 5155 2368 5195 nos
2395 5143 2446 5193 in
2476 5138 2728 5195 harathra
2759 5139 3140 5210 conjiciamus:
3171 5141 3267 5197 sed
3293 5141 3416 5198 dum
3450 5151 3665 5209 tempus

2066 5240 2167 5298 est,
2197 5233 2477 5288 abluamus
2504 5234 2682 5288 omnia
2708 5249 2829 5305 qua:
2855 5234 3086 5288 animam
3116 5232 3342 5297 foedant,
3376 5242 3435 5289 ut
3459 5243 3678 5289 aeterna

2065 5340 2458 5396 consequamur
2482 5326 2620 5381 bona
2642 5366 2656 5386 .
2686 5328 2857 5398 gratia
2886 5335 2941 5382 et
2966 5326 3294 5396 benignitate
3323 5324 3532 5380 Domini
3567 5340 3670 5380 no-

2067 5418 2163 5473 stri
2190 5417 2315 5475 Jesu
2346 5419 2562 5485 Christi,
2591 5420 2804 5491 quicum
2827 5419 2973 5476 Patri
2997 5433 3207 5489 unaque
3229 5417 3452 5487 Spiritui
3468 5427 3664 5472 sancto

2067 5510 2256 5583 gloria,
2277 5511 2581 5581 imperium,
2606 5512 2800 5582 honor,
2826 5525 2971 5569 nunc
2992 5518 3049 5568 et
3066 5523 3300 5579 semper,
3322 5508 3447 5564 etin
3469 5509 3671 5569 saecula

2068 5603 2408 5661 smculorum.
2452 5605 2642 5660 Amen.
