4092 6448
280 479 339 540 ιε

305 600 382 658 dei
398 604 595 654 essent.
613 594 761 653 Nam
784 607 992 671 utpote
1015 597 1370 668 ferventiores
1391 597 1537 663 facti,
1562 597 1766 668 majore
1786 611 1913 667 erga

306 696 467 752 locum
488 699 648 748 erant
674 692 1029 747 reverentia.
1058 691 1242 762 Neque
1262 691 1404 747 enim
1427 690 1545 745 illos
1568 688 1744 744 adtmc
1766 688 1915 743 avel-

308 788 475 845 lelram
544 786 814 856 apostoli,
866 803 940 848 ne
985 786 1133 858 ipsos
1174 785 1454 843 lzcdcrent.
1507 783 1578 839 Et
1629 788 1917 855 frangentes

312 881 433 941 rit-es
458 878 644 935 domos
674 893 890 946 panem,
918 876 1181 935 sumebant
1225 876 1387 932 cibum
1429 892 1543 930 cum
1588 874 1918 931 exsultatione

314 981 355 1029 et
395 969 735 1040 simplicitate
798 969 974 1033 cordis
1008 1010 1025 1036 ,
1071 969 1162 1027 47.
1210 967 1567 1029 collaudantes
1619 965 1823 1032 Deum,
1869 973 1916 1020 et

314 1064 541 1117 [tabentes
600 1062 835 1134 gratiam
893 1060 963 1115 ad
1016 1076 1215 1115 omnem
1263 1059 1479 1131 plebem.
1532 1057 1669 1114 Cum
1728 1071 1918 1127 panem

312 1154 456 1220 dicit,
480 1153 761 1224 jejunium
790 1152 925 1215 mihi
946 1161 1001 1208 et
1020 1161 1288 1212 austeram
1315 1150 1479 1207 vitam
1501 1147 1810 1221 significare
1829 1148 1916 1202 vi-

308 1247 499 1304 detur:
525 1246 657 1302 cibo
685 1246 859 1313 enim,
889 1260 995 1303 non
1017 1244 1226 1302 deliciis
1258 1242 1563 1301 utebantur.
1592 1242 1730 1299 Hinc
1748 1240 1916 1308 disce,

306 1338 531 1405 dilecte,
562 1352 676 1391 non
711 1336 949 1404 deliciis,
973 1336 1066 1391 sed
1091 1336 1211 1391 cibo
1229 1350 1326 1390 nos
1346 1334 1579 1390 suaviter
1595 1330 1731 1398 frui;
1758 1341 1814 1386 et
1826 1346 1921 1389 cos

306 1429 398 1499 qui
428 1428 645 1483 deliciis
690 1426 962 1491 fruuntur,
995 1427 1047 1480 in
1092 1425 1306 1480 tristitia
1343 1439 1494 1490 esse;
1541 1424 1627 1494 qui
1658 1438 1786 1478 vero
1811 1436 1918 1476 non

306 1522 599 1585 fruuntur,
654 1521 714 1578 in
759 1520 974 1592 gaudio.
1024 1519 1211 1576 Viden’
1259 1517 1405 1575 Petri
1444 1531 1754 1583 sermones,
1797 1516 1921 1571 vita:

316 1616 740 1683 temperantiam
799 1610 1090 1669 intulisse?
1132 1611 1224 1669 Sic
1271 1626 1378 1665 tton
1424 1617 1599 1681 potest
1636 1608 1921 1668 exsultatio

321 1718 440 1759 esse
475 1703 599 1760 sine
641 1704 1009 1774 simplicitate.
1052 1702 1119 1760 Et
1158 1702 1448 1775 quomodo,
1481 1702 1708 1776 inquies,
1752 1700 1922 1762 Habe-

316 1798 436 1851 ιω
469 1798 703 1869 gratiam
730 1797 800 1851 ad
833 1813 1027 1853 omnem
1056 1796 1290 1867 plebem?
1325 1797 1552 1868 Pr0ptcr
1580 1812 1666 1863 ea,
1695 1812 1815 1868 qua:
1842 1796 1921 1852 fa-

309 1888 530 1947 ciebant
572 1904 673 1959 per
719 1889 1112 1962 eleemosynam
1173 1888 1254 1945 Ne
1295 1889 1437 1945 enim
1476 1888 1739 1956 attendas,
1779 1887 1922 1959 quod

308 1980 594 2051 principes
630 1980 973 2035 sacerdotum
1003 1980 1074 2035 ob
1113 1979 1364 2036 invidiam
1393 1986 1450 2036 et
1485 1980 1709 2036 livorem
1748 1979 1923 2035 insurq

308 2082 506 2151 gerent
536 2073 592 2127 in
621 2071 767 2138 illos,
790 2072 885 2136 sed
909 2071 1051 2153 quod
1073 2072 1297 2145 gratiam
1324 2072 1583 2135 baberent
1597 2072 1665 2138 ad
1689 2072 1918 2142 plebem.

312 2163 579 2219 Dominus
605 2174 777 2218 autem
817 2164 1029 2235 augebat
1067 2164 1290 2236 quotidie
1315 2180 1435 2229 eos,
1473 2166 1561 2235 qui
1588 2164 1717 2219 salvi
1744 2165 1923 2233 ﬁerent

309 2257 365 2317 in
407 2253 674 2309 Ecclesia.
721 2254 908 2311 Omnes
944 2264 1115 2311 autem
1152 2256 1406 2310 credentes
1444 2256 1598 2310 simul
1633 2266 1801 2311 erant.
1830 2255 1922 2311 Sic

311 2346 522 2416 ubique
547 2344 696 2400 bona
720 2355 804 2402 est
829 2345 1134 2403 concordia.
1167 2345 1396 2417 Aliisque
1425 2347 1737 2409 sermonibus
1778 2349 1921 2404 testi—-

310 2439 503 2507 ﬁcum
529 2445 626 2493 at.
669 2437 784 2493 Hoc
803 2438 937 2502 dixit
965 2438 1278 2506 ostendens,
1309 2456 1412 2495 non
1437 2440 1569 2498 satis
1596 2440 1760 2497 fuisse
1789 2442 1877 2497 illa
1899 2484 1917 2511 ,

316 2547 440 2602 quae
466 2531 619 2588 dicta
644 2531 859 2588 fuerant
888 2549 902 2586 :
935 2532 1017 2588 vel
1049 2533 1133 2587 illa
1170 2533 1384 2604 quidem
1412 2533 1654 2601 dixerat,
1688 2544 1746 2589 ut
1768 2534 1835 2593 ad
1860 2534 1923 2591 li-

322 2622 443 2678 dem
474 2622 797 2690 induceret;
826 2622 940 2680 haec
968 2639 1095 2681 vero
1111 2624 1396 2692 docebant,
1417 2626 1629 2696 qualem
1652 2635 1924 2696 oporteret

252 2782 255 2783 ν
332 2730 449 2771 esse
489 2716 732 2772 ﬁdelem.
779 2716 894 2775 Nec
934 2717 1089 2785 dixit,
1143 2718 1197 2772 In
1241 2732 1439 2784 cruce;
1472 2719 1586 2783 sed,
1620 2718 1691 2779 In
1721 2721 1925 2775 nomine

334 2806 457 2860 Iesu
502 2805 699 2863 Christi
744 2807 1024 2880 baptizetur
1069 2810 1408 2880 unusquisque
1450 2819 1688 2866 vestrum.
1741 2809 1926 2883 Neque

327 2900 639 2970 Irequenter
674 2898 780 2955 illis
802 2913 1018 2955 crucem
1047 2908 1469 2966 commemorat,
1505 2915 1573 2955 ne
1597 2901 1924 2971 exprobrare

276 3020 293 3028 -
325 2990 609 3056 videatur;
642 2991 740 3046 sed
766 2991 1081 3061 simpliciter
1106 2991 1234 3047 dicit
1261 3012 1275 3047 :
1311 2989 1670 3046 Paenitentiam
1699 2993 1851 3064 agite,
1876 3002 1923 3049 et

326 3080 607 3150 baptizatur
635 3082 977 3154 unusquisque
1002 3082 1055 3135 in
1079 3083 1281 3136 nontine
1302 3080 1428 3136 Jesu
1455 3080 1640 3138 Christi
1668 3083 1722 3137 in
1742 3086 1923 3139 remis-

323 3173 518 3229 sionem
559 3183 904 3243 peccatorum.
951 3173 1112 3241 Atqui
1153 3173 1313 3236 aliter
1339 3173 1427 3233 hic
1456 3188 1516 3232 se
1543 3173 1744 3237 habent
1775 3174 1922 3246 judi-

324 3268 533 3327 ciorum
583 3268 777 3338 leges:
810 3282 933 3323 nam
983 3267 1035 3322 in
1081 3267 1462 3338 przcdicatione
1505 3282 1628 3323 cum
1670 3276 1925 3338 peccator

325 3358 652 3427 confitetur,
696 3369 823 3414 tunc
862 3368 1126 3414 servatur.
1163 3357 1314 3425 Vide,
1355 3359 1624 3430 quomodo
1652 3359 1842 3414 Petrus
1870 3359 1925 3414 id

326 3453 465 3523 quod
508 3454 692 3522 majus
725 3461 808 3508 est
841 3467 947 3508 non
978 3452 1330 3523 prmterierit;
1368 3453 1463 3508 sed
1503 3469 1625 3508 cum
1656 3452 1723 3508 de
1751 3453 1921 3525 gratia

325 3545 557 3600 dixisset
577 3585 592 3611 ,
625 3544 750 3599 illud
791 3544 1146 3614 subjunxerit,
1175 3544 1360 3600 dicens
1389 3565 1404 3602 :
1434 3545 1703 3616 Accipietis
1732 3545 1925 3600 donum

326 3636 559 3704 Spiritus
583 3637 765 3697 sancti.
800 3632 932 3694 Fide
970 3636 1161 3708 dignus
1208 3652 1391 3694 sermo
1425 3647 1541 3693 erat
1578 3652 1645 3692 ex
1676 3638 1774 3703 iis,
1804 3652 1923 3707 quae

319 3728 428 3805 jam
458 3736 805 3798 acceperant.
831 3728 1048 3784 Interim
1070 3730 1211 3783 enim
1243 3729 1292 3784 id
1325 3729 1466 3800 quod
1489 3730 1645 3784 facile
1669 3738 1753 3785 est
1771 3729 1920 3797 dicit,

326 3831 378 3881 et
403 3819 550 3890 quod
578 3835 833 3889 magnum
861 3820 1021 3877 habet
1056 3820 1276 3888 donum,
1300 3831 1353 3875 et
1382 3829 1508 3875 tunc
1536 3820 1602 3875 ad
1631 3821 1791 3875 vitam
1823 3820 1925 3875 du-

326 3910 431 3974 cit;
468 3925 695 3981 gnarus,
741 3912 1077 3966 occasionem
1122 3912 1249 3982 ipsis
1289 3912 1507 3980 majoris
1541 3911 1716 3978 studii
1763 3911 1879 3967 fore
1903 3951 1920 3979 ,

328 4002 466 4075 quod
500 4009 650 4059 tanta
676 4001 787 4071 jam
821 4002 961 4058 bona
992 4002 1383 4075 degustassent.
1417 4003 1548 4070 Quia
1580 4018 1708 4059 vero
1733 4005 1921 4074 cupie-

329 4092 420 4157 bat
442 4091 666 4148 auditor
691 4094 898 4150 discere
925 4093 976 4150 id
998 4136 1013 4160 ,
1044 4095 1184 4166 quod
1212 4094 1444 4166 plurium
1475 4095 1687 4150 illorum
1718 4110 1925 4151 sermo-

327 4202 454 4245 num
512 4195 681 4256 caput
732 4195 894 4254 esset,
959 4187 1087 4242 illud
1144 4203 1357 4267 quoque
1413 4187 1580 4255 addit,
1635 4187 1925 4250 ostendens

326 4277 533 4335 donum
585 4294 709 4334 esse
759 4278 987 4350 Spiritus
1037 4280 1228 4336 sancti.
1275 4280 1357 4335 llli
1396 4281 1573 4352 itaque
1616 4296 1923 4341 sermonem

325 4369 686 4438 accipientes,
713 4370 854 4433 dicta
878 4371 1267 4439 laudaverunt,
1309 4373 1409 4428 etsi
1437 4382 1637 4428 metum
1672 4388 1922 4444 magnum

327 4460 669 4526 incuterent,
700 4473 753 4518 et
780 4464 844 4520 iis
868 4464 1074 4520 aSScnsi
1094 4506 1110 4532 ,
1141 4473 1267 4522 tunc
1297 4464 1364 4520 ad
1392 4465 1655 4535 baptisma
1682 4466 1922 4525 veniunt.

325 4552 434 4613 Sed
462 4569 588 4624 qua:
615 4554 753 4610 dlCL‘l
780 4566 925 4623 sunt,
955 4566 1279 4628 repetamus.
1307 4556 1493 4625 Erant,
1522 4558 1715 4628 inquit,
1746 4574 1920 4630 perse-

325 4657 563 4706 serantes
585 4650 637 4701 in
667 4648 911 4704 doctrina.
948 4650 1084 4713 Hinc
1114 4651 1287 4723 palam
1314 4662 1398 4707 ost
1427 4666 1523 4707 eos
1548 4667 1653 4707 non
1685 4668 1812 4719 uno,
1838 4654 1924 4715 vel

326 4738 543 4793 duobus
576 4739 662 4799 vel
694 4739 859 4796 tribus
887 4741 1108 4808 diebus,
1141 4742 1236 4798 sed
1263 4742 1442 4798 multis
1468 4743 1685 4798 edoctos
1719 4740 1884 4802 fuisse
1906 4785 1924 4812 ,

329 4838 516 4898 utpote
546 4830 637 4901 qui
670 4831 824 4886 vitam
854 4833 1200 4893 mutaverint.
1233 4831 1415 4889 Fiebat
1444 4848 1613 4893 autem
1639 4835 1780 4889 omni
1808 4836 1926 4891 ani.

336 4936 429 4974 nte
456 4922 632 4977 timor.
675 4921 731 4977 Si
774 4921 957 4992 Omni,
984 4926 1145 4981 etiam
1177 4925 1240 4986 iis
1260 4968 1276 4992 ,
1307 4926 1395 4997 qui
1428 4943 1533 4982 non
1563 4927 1923 4989 crediderant.

344 5008 640 5069 Verisimile
681 5023 857 5076 autem
887 5025 971 5072 est
999 5016 1123 5077 illos
1166 5018 1246 5074 sic
1288 5017 1510 5082 allectos
1539 5019 1739 5087 fuisse,
1782 5021 1928 5092 quod

346 5113 542 5159 tantam
580 5107 824 5171 viderent
860 5112 1207 5166 mutationem
1240 5129 1255 5168 :
1283 5109 1423 5166 forte
1447 5113 1611 5168 etiam
1642 5128 1709 5169 ex
1736 5114 1925 5185 signis.

335 5196 445 5252 Nec
469 5197 631 5265 dixit,
660 5200 859 5268 Simul;
889 5202 1004 5271 sed,
1043 5201 1361 5260 Unanimiter
1388 5219 1409 5258 :
1432 5205 1553 5276 quia
1587 5205 1699 5263 fieri
1728 5217 1926 5278 potest,

334 5299 391 5344 ut
436 5291 655 5362 quidam
694 5294 850 5349 simul
889 5296 1029 5362 sint,
1073 5311 1175 5353 nec
1214 5306 1391 5353 tamen
1436 5300 1791 5368 unanimiter,
1833 5301 1928 5358 sed

336 5384 600 5438 sententia
619 5384 958 5443 dissidentes.
981 5387 1332 5445 Sermonibus
1355 5404 1566 5460 quoque
1592 5390 1927 5448 hortabatur.

333 5471 522 5544 ﬁeque
546 5473 635 5531 hic
662 5475 956 5533 doctrinam
986 5479 1147 5543 dicit,
1182 5480 1502 5550 compendio
1524 5482 1768 5552 loquens.
1793 5482 1930 5539 llinc

336 5561 464 5619 licet
512 5563 738 5635 discere,
790 5570 1062 5639 apostolos
1106 5569 1236 5641 ipsis
1287 5571 1437 5642 quasi
1488 5572 1721 5643 puerulis
1751 5574 1928 5631 cibum

336 5656 664 5729 spiriutslem
686 5662 935 5729 dedisse,
972 5665 1059 5736 qui
1096 5674 1155 5720 ut
1177 5667 1350 5737 angeli
1385 5667 1563 5722 statim
1587 5666 1713 5724 facti
1738 5678 1861 5724 sunt
1887 5669 1927 5723 ⁸.

343 5747 413 5803 ει
441 5752 727 5810 dividebant
753 5756 994 5826 singulis,
1036 5766 1183 5828 prout
1224 5759 1403 5830 cuique
1441 5775 1568 5830 opus
1609 5769 1737 5816 erat.
1772 5759 1937 5831 Vide-

344 5911 537 6035 gﬂéﬁi
567 5912 776 5973 addunt,
796 5908 1004 5965 orationi
1029 5919 1075 5965 et
1116 5910 1389 5977 auduioni(
1414 5913 1553 5968 verbi
1568 5912 1662 5966 Dei
1688 5913 1707 5979 )
1731 5913 1920 5968 incum-

1316 481 1383 539 ΙΝ
1419 482 1600 539 ACTA
1640 478 2412 537 APOSTOLORUMJIUMIL.
2459 479 2566 537 ΠΙ.
2966 492 2967 495 ‘
3548 481 3616 538 (ili

2024 595 2174 661 baut,
2206 595 2500 666 spiritantia
2527 612 2650 653 esse
2669 601 3006 667 communia;
3045 600 3330 671 nullusque
3357 601 3463 657 alio
3494 600 3612 672 plus

2023 685 2272 754 habebat,
2299 698 2352 744 et
2371 688 2437 744 ad
2460 689 2562 747 hoc
2579 690 2757 746 statim
2782 702 3159 761 pervenerunt,
3180 704 3236 750 ut
3256 710 3351 749 sua
3369 695 3614 751 omnibus

2022 777 2424 835 dislribuerent.
2451 778 2639 837 Omnes
2657 793 2846 849 autem,
2868 787 2956 855 qui
2968 785 3252 849 credebant,
3278 787 3432 842 simul
3449 798 3613 842 erant.

2024 868 2181 936 Quod
2206 880 2385 926 autem
2412 886 2519 927 non
2551 872 2670 928 loco
2693 875 2852 929 simul
2875 885 3076 940 essent,
3107 876 3277 946 palam
3306 888 3478 933 estex
3510 880 3575 934 iis
3594 921 3610 946 ,

2022 975 2145 1030 qua:
2168 961 2443 1032 subjunxit
2472 982 2486 1017 :
2515 963 2584 1024 Et
2610 964 2781 1019 omnia
2815 965 3062 1021 habebant
3090 971 3395 1023 communia.
3426 968 3615 1025 Omnes

2023 1051 2153 1108 dicit
2177 1070 2193 1107 :
2221 1069 2324 1109 non
2362 1054 2450 1117 ille
2479 1055 2744 1125 habebat,
2776 1057 2866 1115 ille
2890 1072 3066 1113 secus.
3097 1059 3221 1115 llrec
3237 1061 3474 1131 angelica
3501 1077 3615 1116 res-

2025 1145 2234 1216 publica
2278 1156 2415 1213 erat,
2462 1149 2607 1220 quod
2654 1149 2786 1205 nihil
2831 1150 3073 1206 dicerent
3138 1152 3242 1207 sibi
3314 1153 3613 1225 proprium.

2025 1237 2163 1294 Hinc
2202 1238 2351 1295 radix
2392 1241 2653 1296 malorum
2684 1242 2869 1298 excisa
2907 1253 3009 1311 ρει,
3037 1252 3093 1299 et
3130 1260 3195 1299 ex
3227 1248 3391 1315 gestis
3419 1246 3530 1301 suis
3556 1261 3618 1303 se

2023 1331 2294 1389 audivisse
2319 1334 2774 1391 demonstrarunt.
2795 1336 2907 1391 lloc
2926 1352 3054 1407 ergo
3074 1346 3190 1391 erat
3209 1338 3347 1406 quod
3370 1338 3613 1394 dicebat:

2027 1425 2691 1499 Salvaminiageneratione
2734 1430 2832 1483 ista
2858 1445 3033 1501 prava.
3067 1428 3135 1488 Et
3159 1431 3407 1501 apposita!
3421 1440 3536 1486 sunt
3563 1432 3616 1485 in

2025 1515 2109 1573 die
2134 1517 2227 1571 illa
2253 1518 2434 1579 anima:
2458 1520 2656 1575 circiter
2681 1522 2778 1574 tria
2807 1523 2988 1577 millia.
3009 1522 3142 1589 Quia
3171 1532 3253 1581 ter
3274 1524 3419 1580 mille
3438 1534 3613 1591 erant,

2025 1607 2324 1667 educebant
2351 1610 2471 1666 illos
2495 1611 2669 1680 foras;
2696 1613 2786 1683 qui
2814 1629 2936 1670 cum
2972 1613 3166 1671 fiducia
3194 1615 3357 1673 multa
3381 1616 3618 1686 quotidie

2025 1694 2389 1751 ascendebant
2426 1696 2479 1751 in
2512 1699 2790 1768 templum,
2834 1710 2887 1755 et
2930 1700 3001 1755 ibi
3032 1700 3230 1756 assidui
3265 1710 3420 1756 erant
3450 1719 3462 1755 :
3493 1717 3615 1759 nam

2026 1784 2216 1841 Petrus
2268 1795 2325 1843 et
2364 1786 2597 1844 Joannes
2642 1790 2799 1859 paulo
2839 1800 2961 1861 post
3001 1791 3129 1851 illud
3174 1792 3456 1847 fecerunt:
3487 1792 3618 1847 nihil

2024 1878 2171 1936 enim
2197 1892 2264 1933 ex
2283 1877 2519 1938 Judaicis
2541 1880 2717 1937 adhuc
2742 1881 3048 1939 movebant.
3079 1883 3145 1938 Et
3171 1882 3345 1938 honor
3366 1884 3456 1939 ille
3478 1893 3585 1939 tvm
3601 1913 3618 1924 -

2027 1967 2118 2038 plo
2139 1968 2430 2037 exhibilus,
2455 1972 2717 2028 transibat
2737 1972 2804 2027 ad
2827 1973 3008 2042 templi
3036 1973 3345 2031 Dominum.
3374 1974 3618 2030 Vidistin’

2026 2062 2240 2133 pietatis
2277 2066 2660 2136 augmentum?
2702 2065 2965 2122 Pecunias
3002 2067 3344 2138 abjiciebant,
3388 2079 3443 2123 et
3486 2084 3619 2138 gau-

2025 2153 2258 2222 debant,
2286 2172 2586 2228 magnaque
2611 2169 2730 2214 erat
2756 2158 2939 2214 laetitia
2964 2176 2979 2214 :
3008 2160 3212 2230 majora
3242 2160 3438 2232 quippe
3465 2170 3621 2215 erant

2026 2246 2165 2303 bona
2187 2263 2305 2320 qua:
2331 2249 2688 2319 accipiebant.
2721 2249 2892 2307 Nemo
2927 2251 3317 2322 exprobrabat,
3349 2267 3507 2308 nemo
3538 2253 3620 2307 in—

2026 2337 2259 2404 videbat,
2278 2340 2455 2395 nullus
2481 2351 2603 2397 erat
2623 2341 2813 2412 fastus,
2845 2344 3024 2399 nullus
3052 2352 3393 2416 contemptus
3422 2366 3437 2402 :
3467 2346 3618 2415 quasi

2026 2430 2178 2499 pueri
2207 2446 2267 2486 se
2308 2434 2566 2502 putabant
2602 2434 2946 2501 erudiendos,
2985 2444 3044 2492 ut
3082 2452 3272 2493 recens
3295 2438 3405 2493 nali
3440 2438 3621 2503 allecti

2027 2532 2198 2579 erant.
2242 2524 2310 2579 Et
2355 2539 2450 2579 cur
2489 2527 2642 2596 quasi
2685 2528 2736 2582 in
2778 2527 3007 2584 obscura
3039 2528 3231 2600 loquor
3271 2516 3539 2602 imagine?
3563 2531 3621 2588 Si

2026 2613 2346 2673 meministis
2385 2616 2654 2686 quomodo
2676 2658 2692 2683 ,
2724 2633 2845 2672 cum
2880 2618 3021 2674 Deus
3044 2621 3316 2676 concussit
3352 2621 3621 2678 civitatem

2027 2715 2264 2760 nostram
2294 2707 2398 2777 (α).
2427 2723 2614 2763 otnnes
2644 2711 2853 2765 attoniti
2885 2720 3061 2778 erant,
3089 2713 3167 2768 sic
3193 2723 3318 2770 tunc
3342 2715 3414 2769 illi
3440 2715 3619 2771 allecti

2026 2805 2182 2858 erant
2204 2814 2221 2859 ξ
2245 2797 2422 2855 nullus
2442 2798 2698 2855 subdolus
2725 2810 2863 2867 erat,
2892 2801 3071 2857 nullus
3094 2803 3381 2874 malignus.
3407 2805 3617 2860 Etenim

2029 2890 2149 2947 talis
2174 2890 2334 2945 timor
2357 2900 2457 2958 est,
2485 2892 2604 2946 talis
2630 2894 2896 2963 angustia.
2924 2894 3040 2951 Non
3067 2906 3185 2951 erat
3210 2896 3461 2968 frigidum
3488 2899 3617 2954 illud

2026 2983 2272 3051 verbum,
2324 3001 2488 3038 nteant
2526 2994 2582 3040 et
2625 2997 2789 3041 tuum.
2835 2986 2961 3045 ldeo
3006 2990 3293 3048 exsultatio
3335 2993 3387 3046 in
3434 3009 3619 3049 mensa

2027 3085 2143 3129 crat
2168 3093 2182 3131 :
2206 3091 2365 3131 nemo
2392 3078 2463 3132 ita
2490 3077 2715 3137 allectus
2742 3094 2880 3148 erat,
2910 3093 2970 3137 ac
2990 3081 3033 3135 si
3060 3097 3127 3139 ex
3153 3082 3285 3150 suis,
3310 3099 3467 3139 nemo
3494 3100 3555 3139 ac
3577 3086 3621 3141 si

2026 3181 2093 3222 ex
2117 3167 2306 3223 alienis
2333 3168 2518 3225 ederet
2545 3188 2559 3231 :
2586 3171 2686 3232 etsi
2713 3170 2817 3227 hoc
2840 3172 3066 3244 aenigma
3097 3174 3336 3231 videatur
3355 3190 3494 3232 esse.
3519 3176 3622 3232 Ne-

2027 3273 2131 3329 que
2159 3260 2331 3315 aliena
2360 3262 2614 3329 putabant
2642 3277 2763 3318 esse
2802 3263 2938 3319 bona
2983 3263 3239 3333 fratrum;
3282 3277 3437 3322 erant
3477 3269 3620 3324 enim

2030 3361 2088 3406 ut
2113 3352 2497 3421 dominorum;
2531 3370 2704 3424 neque
2749 3355 2998 3426 propria,
3030 3357 3126 3413 sed
3167 3357 3411 3414 fratrum.
3441 3360 3624 3431 Neque

2028 3461 2230 3516 pauper
2273 3446 2476 3517 pudore
2520 3447 2763 3514 affectus,
2811 3464 2988 3520 neque
3031 3449 3181 3507 dives
3228 3451 3443 3508 inflatus
3485 3464 3601 3508 erat

2029 3539 2141 3597 lloc
2167 3541 2457 3596 exsultatio
2484 3551 2586 3596 est.
2617 3541 2709 3597 Ille
2734 3542 2886 3612 quasi
2913 3543 3174 3598 beneﬁcio
3200 3544 3425 3601 allectus
3443 3590 3459 3614 ,
3490 3558 3543 3601 et
3565 3547 3621 3604 hi

2027 3632 2177 3702 quasi
2215 3631 2339 3687 hinc
2362 3632 2528 3703 gloria
2559 3633 2734 3697 aucti;
2768 3642 2824 3688 ct
2859 3633 3011 3692 valde
3037 3634 3177 3689 inter
3205 3650 3263 3691 se
3286 3645 3443 3692 erant
3471 3639 3623 3698 colli-

2025 3722 2155 3793 gati.
2188 3722 2322 3790 Quia
2352 3724 2496 3779 enim
2539 3725 2589 3777 in
2622 3726 2967 3793 pecuniarum
2998 3723 3461 3781 distributionibus
3485 3743 3621 3782 cou-

2027 3815 2262 3871 tumelia:
2290 3814 2560 3882 accidunt,
2590 3816 2916 3887 arrogantia,
2950 3817 3234 3883 moleslizn,
3265 3817 3385 3874 ideo
3406 3819 3620 3876 dicebat

2019 3905 2339 3978 Apostolus,
2365 3907 2487 3963 Non
2511 3925 2574 3964 ea:
2601 3909 2804 3964 tristitia
2823 3949 2838 3975 ,
2867 3913 2964 3963 'aut
2991 3926 3053 3965 ea:
3079 3911 3367 3965 necessitate
3393 3912 3469 3981 (2.
3499 3911 3619 3968 Cor.

2026 3997 2080 4057 9.
2106 3999 2184 4071 7).
2211 4000 2366 4068 Vide,
2395 4009 2593 4070 quanta
2625 4000 2729 4056 illis
2753 4000 3110 4060 testificetur?
3133 4002 3410 4059 Sinceram
3434 4004 3616 4071 ﬁdem,

2026 4090 2191 4148 vitam
2214 4099 2439 4158 rectam,
2470 4093 2920 4161 perseverantiam
2948 4093 3000 4147 in
3024 4094 3283 4150 concione
3311 4096 3575 4152 audienda
3599 4138 3616 4164 ,

2029 4182 2080 4237 in
2109 4183 2382 4255 precibus,
2416 4182 2469 4237 in
2499 4182 2822 4254 frugalitate,
2855 4185 2909 4239 in
2933 4184 3136 4240 laetitia.

2100 4277 2153 4331 5.
2190 4276 2303 4330 Duo
2332 4283 2579 4346 poterant
2618 4275 2737 4331 illos
2764 4274 2818 4330 in
2846 4290 3133 4331 mmrorem
3162 4276 3451 4347 conjicere,
3474 4277 3621 4349 jeju-

2029 4369 2199 4434 nium,
2227 4376 2282 4428 et
2312 4368 2656 4438 pecuniarum
2700 4368 2960 4439 erogatio.
3010 4367 3088 4423 llli
3120 4383 3249 4425 vero
3276 4383 3342 4425 ex
3390 4380 3622 4442 utroque

2027 4462 2350 4532 gaudebant.
2374 4460 2506 4529 Quis
2530 4461 2610 4515 sic
2628 4461 2849 4516 allectos
2873 4477 2978 4515 non
3007 4470 3064 4517 ut
3090 4477 3403 4522 communes
3443 4473 3623 4535 patres
3710 4486 3717 4491 ‘

2031 4554 2345 4610 dilexisset?
2388 4553 2529 4608 Nihil
2559 4554 2683 4608 mali
2713 4554 2993 4623 pariebant
3031 4554 3119 4609 alii
3159 4554 3416 4611 adversus
3450 4558 3637 4615 aliosz.

2032 4654 2198 4700 totum
2231 4645 2610 4714 permittebant
2651 4647 2835 4716 gratia:
2866 4646 2984 4703 Dei.
3037 4646 3225 4703 Nullus
3252 4648 3437 4704 aderat
3465 4635 3639 4706 timori

2031 4739 2083 4792 in
2110 4738 2282 4793 media
2319 4738 2554 4805 pericula
2584 4738 2866 4808 conjectis.
2897 4738 2998 4794 Per
3045 4740 3443 4811 simplicitatem
3493 4757 3629 4814 ergo

2030 4845 2245 4885 omnem
2294 4829 2508 4886 illorum
2557 4829 2849 4886 declaravit
2890 4832 3161 4900 virtutem,
3211 4840 3268 4889 et
3316 4832 3623 4891 divitiarum

2031 4931 2363 4992 contemptu,
2397 4930 2452 4978 et
2484 4921 2716 4993 jejunio,
2746 4933 2801 4979 et
2846 4924 3250 4993 perseverantia
3297 4924 3350 4979 in
3376 4926 3629 4987 oratione

2032 5015 2193 5086 longe
2230 5014 2509 5083 majorem.
2542 5013 2619 5069 lla
2665 5029 2799 5083 pure
2829 5014 2996 5069 Deum
3047 5014 3355 5082 laudabant,
3385 5016 3492 5072 imo
3521 5016 3623 5075 hoc

2032 5116 2135 5176 est,
2164 5107 2338 5176 ipsum
2367 5121 2496 5176 pure
2527 5105 2768 5161 laudare.
2797 5105 2934 5162 Vide
2971 5115 3150 5163 autem
3179 5108 3266 5162 hic
3300 5109 3417 5164 illos
3443 5109 3629 5166 statim

2033 5200 2277 5270 accipere
2293 5197 2618 5254 mercedem.
2634 5196 2766 5252 Nam
2784 5198 2926 5270 quod
2947 5198 3208 5253 baberent
3232 5200 3460 5270 gratiam
3481 5200 3621 5268 apud

2035 5291 2313 5362 populum,
2337 5289 2440 5346 hoc
2466 5290 2659 5362 probat
2686 5290 2805 5346 illos
2832 5299 2887 5345 et
2926 5290 3184 5347 amabiles
3219 5300 3272 5344 et
3306 5288 3460 5344 valde
3487 5288 3627 5344 dile-

2033 5391 2151 5438 ctos
2176 5380 2364 5438 fuisse.
2386 5380 2517 5448 Quis
2541 5380 2686 5436 enim
2717 5397 2821 5435 non
2849 5380 3216 5451 Obstupescat,
3240 5380 3360 5451 quis
3387 5395 3491 5433 non
3523 5395 3629 5436 ιιιιη

2040 5484 2189 5530 retur
2208 5474 2396 5530 videns
2424 5473 2696 5528 hominem
2741 5472 2983 5528 moribus
3007 5471 3348 5541 simplicem?
3391 5480 3482 5524 aut
3508 5471 3629 5541 quis

2040 5583 2143 5626 non
2187 5567 2521 5623 devinciatur
2547 5564 2751 5621 homini
2778 5566 2912 5621 nihil
2942 5564 3225 5620 subdolum
3255 5561 3514 5618 habenti?
3542 5561 3626 5618 Ad

2100 5727 2176 5793 (tt)
2198 5734 2366 5793 [eme
2398 5734 2583 5793 motum
2605 5733 2864 5793 memorat,
2900 5726 2986 5789 qui
3019 5724 3434 5793 ConstatLtitppoli
3454 5726 3623 5776 stridit

2035 5784 2169 5841 attito
2184 5788 2295 5845 400,
2314 5789 2582 5839 secundum
2602 5787 2725 5837 alios
2744 5784 2909 5837 autem
2918 5784 3062 5836 'anno
3083 5787 3194 5837 401.
3213 5784 3489 5845 Difﬁcultas
3510 5800 3636 5839 vero

2037 5857 2148 5902 aunt
2172 5850 2419 5916 statuendi
2448 5850 2565 5899 hinc
2586 5851 2758 5910 oritur,
2779 5847 2908 5916 quod
2930 5850 3034 5916 ipse
3056 5849 3186 5899 infra
3206 5850 3339 5916 dicat
3353 5857 3500 5916 terra:
3523 5863 3632 5916 gno-

2042 5918 2144 5979 tm_n
2168 5914 2346 5979 factum
2371 5925 2486 5962 esse
2506 5925 2634 5979 anno
2656 5908 3140 5973 superioreNerum
3166 5925 3226 5963 ea
3249 5912 3315 5963 de
3333 5925 3391 5964 re
3407 5908 3637 5979 pluribus

2041 5990 2090 6027 tn
2107 5974 2214 6026 Vita
2232 5973 2557 6037 Chrysostomi
2580 5981 2738 6028 actum
2758 5979 2851 6023 est.
