4092 6494
548 482 616 537 6³7
1260 482 1318 539 S.
1358 478 1639 538 JUANNIS
1675 472 2153 534 CllRYSOSTOill

549 624 688 681 quos
715 605 832 662 nisi.
854 604 1047 661 adhes
1075 599 1241 665 sabts,
1270 597 1497 669 adquos
1538 609 1728 665 magna
1758 593 1893 648 bona
1911 593 1943 629 ιν»
1973 592 2138 664 perti-

552 696 962 757 neant?-Nonne
986 706 1228 766 pastores
1254 691 1407 763 primi
1428 690 1762 761 evangelium
1785 685 2145 757 acceperunt?

554 808 730 848 nonne
777 790 981 860 Ioseph
1033 789 1196 842 homo
1242 786 1467 855 simplex
1512 792 1660 849 erat;
1696 784 1766 837 ita
1807 791 1863 836 ut
1911 796 2012 836 nec
2050 795 2147 851 per

552 886 799 942 adulterii
854 883 1216 953 suspicionem
1261 882 1341 941 sic
1386 886 1795 948 porterrcretur,
1841 885 1897 930 ut
1945 874 2145 944 aliquid

555 981 679 1033 mali
728 976 1004 1049 patraret?
1054 991 1231 1029 nonne
1259 981 1497 1042 agrestes
1527 971 1768 1024 homines
1792 979 1849 1024 et
1877 968 2146 1037 simplices

556 1075 697 1127 licus
724 1071 921 1142 elegit?
952 1071 1135 1122 Anima
1152 1056 1331 1130 enim,
1347 1066 1537 1136 inquit,
1572 1065 1734 1118 omnis
1753 1064 1972 1134 simplex
1995 1064 2145 1117 bene-

555 1166 728 1229 dicta;
759 1179 822 1218 ac
843 1176 1050 1225 rursus,
1070 1161 1171 1228 Qui
1191 1158 1418 1212 ambulat
1436 1157 1756 1226 simpliciter,
1779 1156 2004 1209 ambulat
2025 1172 2149 1209 cou-

556 1258 769 1327 ﬁtlenter
798 1255 978 1323 (Prov.
1012 1254 1096 1308 ll.
1118 1253 1214 1309 25.
1250 1260 1296 1305 et
1326 1252 1413 1306 10.
1439 1250 1516 1321 9).
1551 1250 1748 1314 Etiam,
1779 1248 2018 1319 inquies;
2052 1246 2146 1302 sed

558 1348 839 1418 prudentia
867 1354 949 1400 cst
977 1360 1132 1415 opus.
1162 1342 1269 1399 Sed
1314 1342 1440 1413 quid
1491 1341 1634 1396 aliud
1676 1350 1760 1396 est
1808 1338 2146 1410 simplicitas,

553 1455 713 1511 quam
763 1438 1087 1510 prudetttia?
1130 1437 1265 1491 Cum
1306 1437 1449 1490 enim
1492 1435 1622 1489 nihil
1666 1434 1792 1489 mali
1836 1432 2144 1501 StISpicaris.

555 1531 687 1587 nihil
711 1530 835 1585 mali
866 1544 1058 1600 parere
1088 1539 1241 1598 potes
1266 1545 1281 1584 :
1309 1543 1429 1581 cum
1462 1525 1599 1580 nihil
1627 1524 1736 1580 fers
1768 1526 2011 1600 moleste,
2040 1539 2146 1577 non

556 1623 760 1692 poteris
804 1621 1121 1690 iniuriarum
1160 1619 1451 1675 recordari.
1479 1616 1812 1673 Contumelia
1847 1625 1898 1671 te
1924 1592 2042 1686 quis
2069 1614 2149 1670 all-

557 1712 723 1768 fecit?
749 1712 863 1767 Non
890 1711 1106 1766 doluisti
1127 1727 1141 1767 :
1162 1710 1489 1780 obloquutus
1516 1710 1639 1765 est?
1665 1707 1808 1763 Nihil
1837 1723 2025 1778 passus
2056 1722 2145 1763 es:

556 1805 747 1862 invidit
794 1804 1092 1859 tibi?-Non
1134 1819 1278 1872 a-gre
1326 1802 1513 1857 tulisti.
1544 1801 1640 1857 Via
1685 1788 1929 1873 qumda‘m
1958 1809 2037 1856 est
2082 1799 2148 1854 ad

556 1894 950 1969 philosophiam
992 1893 1325 1964 simplicitas.
1349 1892 1517 1947 Nemo
1556 1903 1661 1946 tam
1709 1890 1932 1963 pulcher
1968 1892 2151 1947 animo

557 1996 642 2044 est
667 2003 826 2056 quam
854 1986 934 2039 vir
958 1986 1209 2054 simplex.
1227 1984 1375 2040 Sicut
1395 1984 1539 2039 enim
1571 1984 1622 2038 in
1650 1998 1877 2053 corpore
1904 1983 1993 2053 qui
2017 1998 2152 2038 mte-

558 2090 675 2135 stus
700 2089 804 2147 est,
845 2079 1112 2134 demissus
1140 2090 1195 2134 ct
1218 2078 1628 2147 eogitabuudns,
1656 2077 1883 2132 multum
1913 2091 1977 2133 ex
2031 2077 2148 2153 pul-

557 2172 866 2229 chritudine
895 2172 1165 2238 detrahit;
1191 2173 1280 2242 qui
1312 2186 1441 2226 vero
1471 2171 1623 2225 la-lus
1669 2179 1752 2226 est
1792 2180 1845 2226 et
1893 2170 2150 2239 subridet,

557 2266 951 2321 formositatem
992 2272 1194 2334 auget:
1225 2264 1302 2319 sic
1333 2264 1386 2317 in
1431 2264 1606 2317 anima
1647 2262 1829 2331 evenit
1860 2279 1873 2316 :
1906 2261 1997 2332 qui
2024 2260 2152 2315 sub-

556 2360 716 2414 dolus
754 2368 856 2419 est,
880 2360 978 2413 etsi
1009 2359 1290 2413 innmnera
1320 2371 1486 2427 penes
1508 2371 1566 2411 se
1588 2356 1783 2412 habeat
1807 2356 1942 2411 bona
1965 2370 2149 2425 opera,

556 2450 825 2521 dispertiit
853 2451 976 2515 illa;
1017 2460 1203 2504 contra
1234 2465 1363 2503 vero
1389 2449 1478 2519 qui
1523 2449 1658 2504 liber
1684 2458 1768 2504 est
1807 2457 1861 2505 et
1898 2448 2148 2518 simplex.

558 2544 746 2599 Talem
772 2542 1044 2599 hominem
1075 2543 1194 2614 quis
1215 2542 1315 2598 sibi
1348 2542 1576 2598 amicum
1605 2541 1832 2598 tldeutcr
1863 2551 2048 2613 paret;
2098 2549 2153 2610 et

561 2636 605 2689 si
654 2634 902 2689 inimicus
942 2634 1031 2697 sit,
1065 2648 1187 2689 cum
1222 2633 1312 2687 illo
1342 2633 1796 2689 recouciliabitttr.
1826 2632 1982 2688 Nulla
2010 2633 2153 2688 enim

558 2725 625 2779 ad
660 2725 761 2781 hoc
786 2741 920 2795 Opus
949 2735 1031 2780 est
1059 2725 1324 2791 custodia,
1350 2725 1511 2781 nullis
1542 2726 1802 2793 vinculis;
1849 2724 1943 2780 sed
1987 2725 2154 2781 multa

558 2825 613 2873 et
643 2816 717 2870 illi
756 2815 1312 2871 etcontuhernalibus
1359 2821 1464 2871 erlt
1504 2816 1787 2871 securitas.
1833 2815 1972 2883 Quid
2002 2831 2154 2887 ergo,

559 2908 792 2979 inquies,
816 2909 861 2962 si
883 2908 973 2978 qui
998 2908 1118 2963 talis
1139 2918 1241 2971 est,
1261 2910 1315 2962 in
1338 2908 1511 2963 malos
1536 2908 1789 2973 inciderit
1807 2907 1988 2963 viros?
2014 2892 2158 2963 Deus

559 3000 650 3070 qui
667 2999 941 3069 simplices
961 3013 1083 3053 esse
1098 2998 1270 3067 jubet,
1290 3014 1503 3061 manum
1528 2999 1780 3069 porriget.
1797 2999 1931 3067 Quid
1956 2998 2159 3053 Davide

560 3090 894 3159 simplicius?
944 3089 1070 3160 quid
1102 3091 1264 3145 Saﬁle
1291 3089 1527 3160 iniquius
1541 3091 1577 3144 ἓν
1617 3090 1745 3145 Uter
1774 3105 1904 3160 ergo
1928 3104 2157 3159 supcra-

561 3182 678 3237 vit-‘t
706 3181 843 3249 Quid
870 3182 922 3235 iu
943 3180 1180 3251 .losepho
1196 3196 1373 3237 acmm
1392 3181 1516 3237 est?
1539 3197 1721 3238 nonne
1740 3182 1827 3239 ille
1844 3182 2159 3262 simpliciter

561 3275 629 3330 ad
677 3276 947 3331 dominam
990 3275 1256 3338 accessit;
1290 3275 1378 3330 illa
1426 3273 1557 3329 vero
1605 3275 1871 3331 subdole?
1926 3275 1980 3330 In
2028 3290 2155 3346 quo,

561 3382 768 3436 quiusa,
789 3367 953 3422 laesus
976 3376 1055 3422 est
1077 3366 1102 3417 ἳ
1144 3366 1282 3435 Quid
1312 3368 1479 3422 Abele
1508 3366 1806 3437 simplicius
1844 3367 2000 3422 erat?
2028 3367 2155 3439 quid

562 3460 731 3514 Gaino
774 3459 1127 3513 sceleratius?
1156 3458 1468 3529 Rursusque
1492 3458 1715 3529 Joseph,
1745 3474 1923 3514 nonne
1949 3460 2159 3530 simpli-

563 3552 698 3606 citer
719 3566 840 3607 cum
870 3551 1121 3606 lintribus
1143 3550 1291 3623 egit?
1316 3566 1498 3607 nonne
1522 3551 1642 3607 ideo
1662 3552 1875 3614 claruit,
1896 3552 2016 3623 quia
2041 3552 2159 3609 sine

562 3644 1067 3716 suspicione-omnia
1093 3644 1342 3714 loquutus
1362 3652 1465 3709 est,
1491 3643 1541 3697 hi
1571 3659 1699 3699 vero
1723 3644 1952 3715 maligne
1983 3644 2156 3714 ipsum

560 3737 929 3808 exceperunt?
968 3737 1144 3793 Semel
1186 3738 1416 3802 somnia,
1465 3738 1658 3793 iterum
1686 3738 1893 3792 somnia
1918 3736 2073 3804 dixit,
2104 3747 2159 3793 et

561 3831 682 3885 sine
713 3829 965 3893 cautione
1008 3828 1130 3883 illos
1179 3827 1309 3883 adiit
1353 3829 1503 3883 cibos
1547 3827 1796 3892 al'l‘ercns,
1829 3830 2010 3898 on‘tnia
2043 3829 2158 3885 Deo

563 3925 939 3991 cmmnittcus;
966 3923 1062 3979 sed
1084 3933 1281 3993 quanto
1303 3923 1471 3993 magis
1498 3922 1572 3977 illi
1601 3932 1656 3976 ut
1684 3924 2156 3993 inimicumipsutn

565 4017 852 4080 habebant,
886 4024 1031 4069 tanto
1065 4012 1233 4086 magis
1262 4015 1352 4070 ille
1377 4024 1437 4070 ut
1465 4012 1659 4069 fratres
1688 4015 1965 4071 tractabat.
2002 3998 2155 4070 [Sote-

563 4116 754 4177 ratque
786 4107 925 4161 Deus
979 4122 1085 4160 non
1142 4106 1472 4175 permittere,
1505 4113 1562 4159 ut
1612 4104 1871 4161 incideret
1901 4105 1952 4159 in
2001 4105 2154 4172 illos;

561 4198 655 4253 sed
685 4197 947 4269 permisit,
976 4205 1036 4258 ut
1060 4197 1382 4252 miraculum
1410 4207 1716 4268 appareret,
1748 4207 1803 4254 et
1842 4196 2156 4253 ostendere-

563 4302 670 4355 tur,
700 4290 1042 4363 quantumvis
1071 4291 1144 4346 illi
1187 4300 1374 4347 contra
1410 4290 1706 4358 tenderent,
1739 4293 1887 4353 illum
1918 4291 2034 4348 fore
2061 4307 2155 4348 su-

561 4385 851 4457 periorem.
880 4385 945 4439 Et
968 4385 1047 4440 sic
1088 4385 1334 4456 quamvis
1363 4387 1571 4456 plagam
1604 4386 1852 4457 accipiat,
1881 4401 1987 4441 non
2016 4402 2044 4441 a
2072 4401 2153 4455 se,

561 4476 657 4531 sed
685 4477 752 4531 ab
781 4477 886 4529 alio
912 4475 1129 4545 accipit.

634 4567 909 4639 Improbus
928 4570 1008 4624 sui
1041 4570 1199 4638 ipsius
1224 4569 1462 4633 inimicus
1501 4579 1593 4624 est.
1626 4602 1697 4612 —
1741 4571 1999 4643 Maligntts
2029 4588 2156 4629 vero

502 4649 505 4651 i
563 4662 796 4733 seipsum
826 4663 997 4733 primo
1028 4663 1276 4732 percutit,
1304 4664 1615 4736 nullumque
1640 4665 1839 4730 alium;
1869 4667 2053 4737 sicque
2072 4677 2159 4729 est

559 4753 644 4808 sui
676 4753 839 4823 ipsius
885 4752 1151 4809 inimicus.
1204 4754 1373 4823 Hujus
1428 4757 1605 4811 anima
1662 4772 1896 4813 moerore
1941 4773 2156 4831 semper

561 4844 717 4916 plena
759 4852 861 4910 est,
900 4843 1029 4900 dum
1076 4846 1430 4916 cogitationes
1475 4859 1738 4918 perpetuo
1779 4850 2044 4920 colligata:
2100 4861 2155 4907 et

558 4934 832 5008 perplexa:
873 4943 1001 4991 sunt
1029 4954 1043 4990 :
1074 4936 1117 4990 si
1151 4936 1359 5000 audire,
1387 4937 1437 4992 sl
1465 4938 1644 4994 dicere
1689 4939 1960 5011 quidpiam
1992 4956 2152 5011 opor-

562 5038 690 5091 teat,
716 5029 896 5083 omnia
928 5028 1092 5084 trahit
1117 5028 1183 5084 ad
1219 5029 1445 5098 crimen,
1479 5031 1663 5099 omnia
1697 5018 1931 5090 accusat.
1960 5034 2155 5092 Procul

561 5120 630 5176 ab
660 5119 764 5176 illis
790 5119 1025 5175 amicitia
1055 5129 1110 5177 et
1138 5120 1459 5186 concordia;
1491 5123 1633 5192 apud
1666 5125 1782 5180 illos
1812 5142 2021 5197 pugnm,
2055 5127 2155 5185 iui-

557 5212 796 5276 micitiae,
831 5212 1131 5279 molestiae;
1178 5212 1388 5283 sibique
1433 5215 1564 5291 ipsis
1603 5226 1728 5273 sunt
1757 5221 2011 5288 suspecti.
2060 5220 2154 5276 His

558 5318 735 5375 neque
758 5319 1005 5368 somnus,
1033 5312 1208 5375 neque
1250 5304 1395 5360 aliud
1442 5306 1714 5377 quidpiam
1759 5327 1922 5366 suave
1950 5321 2052 5373 est.
2095 5312 2152 5369 Si

557 5412 756 5453 uxores
783 5397 1037 5460 habeant,
1077 5397 1263 5468 papm!
1311 5397 1560 5454 omnibus
1589 5410 1714 5456 sunt
1744 5404 1923 5459 hostes
1965 5415 2021 5461 et
2047 5405 2150 5460 ini-

557 5492 717 5556 mici;
765 5492 1051 5565 zelotypite
1101 5491 1349 5556 inﬁnita},
1398 5503 1574 5548 metus
1626 5508 1948 5565 perpetuus:
1983 5500 2154 5557 malus

561 5584 703 5636 enim
728 5599 757 5636 a
781 5585 923 5638 malo
948 5584 1135 5639 labore
1163 5585 1242 5640 sic
1282 5595 1521 5642 vocatur.
1555 5586 1644 5642 Sic
1674 5589 1855 5660 utique
1878 5591 2152 5663 Scriptura

560 5672 797 5727 laborem
829 5690 1042 5744 semper
1067 5684 1223 5731 vocat
1251 5677 1544 5742 malitiam;
1595 5689 1651 5733 ut
1679 5695 1801 5739 cum
1830 5681 1960 5737 dicit
1993 5701 2005 5736 :
2040 5683 2153 5738 Sub

559 5764 740 5834 lingua
765 5779 938 5817 eorum
963 5765 1104 5820 labor
1134 5777 1178 5820 et
1210 5766 1441 5839 fatigatio
1486 5784 1508 5834 ;
1559 5779 1615 5824 et
1656 5772 1779 5828 alibi
1812 5788 2049 5841 rursum,
2087 5775 2156 5828 Et

628 5940 647 5970 ι
681 5934 820 5989 Alius
850 5938 996 6001 legit,
1023 5942 1280 6006 miracula,
1304 5961 1410 6011 pro,
1427 5949 1567 6002 bona.

2196 472 2512 532 .lilClllEP.
2554 474 3090 536 CONSTzerTlNOP.
3783 485 3850 541 63

2256 591 2677 660 ampliusewum
2713 593 2857 646 labor
2881 603 2926 646 ct
2958 594 3106 648 dolor
3140 593 3305 664 (Psal.
3337 597 3409 654 9';
3431 598 3489 653 7.
3533 607 3581 652 et
3619 598 3707 655 89.
3744 602 3842 675 ιθ).

2252 684 2306 736 Si
2333 698 2464 737 vero
2510 684 2735 739 miretur
2761 685 2901 754 quis,
2937 687 3079 741 unde
3107 687 3175 740 ah
3202 686 3357 742 initio
3391 690 3531 745 tales
3574 691 3698 745 facti
3727 697 3845 757 sint,

2250 783 2304 830 et
2335 792 2475 831 tntnc
2503 777 2637 832 tales
2680 793 2784 831 non
2832 780 2980 843 sint;
3012 779 3222 836 discant
3249 797 3472 837 causam
3508 797 3633 840 esse
3658 801 3834 840 a'rum-

2252 883 2397 934 nam,
2414 870 2724 940 magistram
2745 870 3120 941 philosotthia',
3137 886 3358 929 matrem
3376 876 3615 946 pietatis.
3631 876 3847 944 Quando

2255 962 2495 1030 pecunia:
2512 962 2580 1017 de
2604 965 2782 1019 medio
2808 966 3154 1034 tollebantur,
3173 978 3298 1023 tunc
3319 970 3562 1041 nequitia
3590 986 3695 1026 non
3719 984 3846 1027 erat.

2252 1052 2450 1120 Etiam,
2480 1056 2673 1127 inquit,
2707 1058 2801 1115 sed
2836 1060 2963 1115 illud
3007 1062 3178 1131 ipsum
3209 1062 3510 1134 interrogo,
3543 1064 3684 1129 unde
3715 1082 3847 1120 nime

2253 1154 2399 1200 tanta
2450 1149 2692 1204 malitia?
2728 1152 3015 1222 'quomodo
3058 1154 3131 1207 illi
3183 1166 3264 1215 ter
3312 1141 3466 1210 mille
3492 1157 3845 1229 etquinquies

2253 1243 2399 1302 mille
2446 1244 2626 1297 statim
2674 1245 2926 1302 virtutem
2973 1246 3321 1320 delt-gerunt,
3368 1258 3427 1306 et
3475 1234 3617 1305 mos
3660 1230 3845 1321 pariter

2253 1337 2557 1410 philosophi
2582 1337 2702 1392 lacti
2720 1347 2875 1404 sunt,
2896 1348 2949 1393 et
2973 1354 3113 1394 nunc
3141 1340 3225 1394 vix
3256 1356 3394 1394 nitus
3425 1342 3735 1411 reperitur?
3757 1359 3846 1396 cur

2254 1441 2379 1486 ttmc
2403 1431 2473 1485 ita
2505 1430 2800 1486 concordes
2828 1430 3021 1485 erant?
3049 1431 3176 1501 quid
3211 1432 3328 1487 illos
3356 1442 3467 1487 tam
3494 1434 3664 1503 agiles
3684 1443 3737 1488 et
3761 1450 3845 1488 cx-

2252 1525 2444 1581 citatus
2477 1521 2781 1577 reddebat?
2831 1521 2955 1591 quid
2985 1522 3105 1577 illos
3134 1524 3202 1576 ita
3234 1524 3522 1578 incendit?
3563 1525 3696 1592 Quia
3732 1539 3843 1579 cum

2255 1630 2446 1686 magna
2487 1615 2687 1686 pietate
2712 1615 3072 1681 accedebant;
3106 1617 3226 1685 quia
3260 1617 3499 1671 honores
3544 1632 3652 1670 non
3681 1624 3839 1683 erant,

2254 1707 2396 1761 sicut
2422 1705 2618 1772 hodie;
2648 1706 2770 1775 quia
2798 1707 2863 1760 ad
2895 1706 3067 1761 futura
3112 1716 3345 1761 meutt-m
3373 1722 3528 1761 suam
3573 1709 3845 1763 transtule-

2254 1807 2398 1863 runt,
2415 1805 2469 1852 et
2492 1796 2625 1851 nihil
2650 1798 2995 1866 praesentium
3015 1798 3423 1866 exspectabant.
3445 1799 3560 1855 lloc
3582 1810 3665 1855 est
3687 1802 3841 1870 ignea:

2255 1891 2471 1955 animae,
2502 1891 2565 1946 in.
2596 1890 2851 1945 mrumnis
2895 1892 3097 1945 versari
3124 1905 3139 1945 :
3164 1889 3266 1945 hoc
3300 1892 3567 1960 putabant
3596 1894 3669 1947 illi
3699 1893 3845 1947 Chri-

2255 1981 2592 2036 SIianismum
2619 1997 2770 2045 esse;
2816 1980 3043 2037 scd‘non
3077 1998 3174 2036 nos
3218 1999 3231 2036 :
3280 1998 3427 2038 nunc
3455 1986 3601 2053 enim
3629 1985 3841 2039 Sttltttuttl

2262 2072 2419 2125 vitam
2454 2072 2766 2141 quarrimus.
2798 2070 2923 2127 Ideo
2968 2087 3070 2127 nec
3101 2073 3218 2141 illa,
3243 2089 3366 2127 cum
3415 2088 3514 2144 par
3563 2076 3682 2139 erit,
3710 2089 3845 2128 assc-

2256 2150 2507 2234 quemur.
2557 2163 2693 2229 Quid
2739 2164 3045 2235 faciemus?
3081 2165 3487 2236 interrogabant
3533 2167 3609 2221 illi
3652 2168 3842 2236 seipsos

2258 2256 2598 2313 datnnantes.
2629 2255 2737 2311 Nos
2769 2271 2897 2310 vero
2921 2268 3106 2312 contra
3142 2273 3156 2311 :
3188 2257 3325 2326 Quid
3374 2258 3676 2318 faciemus?
3721 2258 3842 2313 dici-

2261 2363 2402 2416 mus,
2434 2364 2532 2405 nos
2562 2349 2917 2420 praesentibus
2947 2350 3307 2418 venditantes,
3332 2360 3386 2407 ct
3414 2354 3582 2416 altum
3614 2351 3680 2407 de
3705 2353 3842 2406 nobis

2261 2441 2554 2510 sapientes.
2588 2440 2665 2495 llli
2710 2439 2977 2496 faciebant
3006 2457 3125 2512 qua:
3178 2442 3355 2498 facere
3405 2443 3716 2513 oportebat;
3756 2456 3842 2496 nos

2261 2518 2393 2589 vero
2432 2548 2609 2588 secus.
2642 2532 2976 2587 Damnabant
3021 2534 3091 2589 illi
3130 2535 3362 2605 seipsos,
3394 2535 3749 2604 desperabant
3782 2533 3843 2589 de

2261 2627 2438 2682 salute
2466 2641 2561 2680 sua
2599 2644 2612 2679 :
2644 2625 2765 2681 ideo
2796 2627 2926 2681 tales
2955 2626 3079 2682 facti
3131 2638 3278 2684 sunt.
3326 2629 3676 2705 Agnoveruut
3701 2629 3842 2698 quale

2262 2728 2578 2794 receperant
2611 2718 2839 2772 donum.

2335 2814 2389 2868 4.
2429 2811 2711 2880 Quomodo
2737 2825 2833 2867 vos
2871 2810 3225 2877 illissintiles
3249 2814 3425 2881 eritis,
3458 2815 3563 2885 qui.
3593 2812 3841 2877 Contraria

2258 2904 2438 2960 omnia
2467 2903 2677 2958 facitis?
2704 2904 2780 2958 Hii
2822 2905 3000 2959 statim
3029 2916 3188 2975 atque
3212 2905 3507 2961 audierunt
3532 2947 3548 2970 ,
3601 2904 3841 2976 baptizati

2261 3006 2383 3051 sunt
2409 3013 2423 3049 :
2463 3011 2568 3064 non
2594 2996 2847 3051 dixerunt
2878 2990 2969 3051 illa
2996 2995 3184 3067 frigida
3212 2997 3398 3067 verbi,
3432 3015 3552 3071 qum
3591 3014 3727 3054 nunc
3755 3014 3843 3052 nos

2261 3086 2526 3151 dicimus,
2570 3103 2742 3158 neque
2776 3103 2955 3143 moras
2996 3098 3293 3145 nexuerunt
3318 3132 3333 3159 ,
3380 3094 3484 3148 etsi
3530 3108 3634 3148 non
3669 3105 3842 3157 ontnes

2261 3180 2538 3236 audissent
2559 3180 3004 3249 justilicationes;
3032 3182 3127 3238 sed
3157 3183 3261 3240 hoc
3308 3193 3540 3252 tantum,
3575 3184 3842 3252 Salsaminj

2261 3288 2294 3325 a
2333 3273 2656 3344 generatione
2685 3274 2803 3327 ista.
2831 3272 2946 3328 Non
2983 3289 3176 3344 segnes
3207 3275 3464 3345 fuerunt,
3488 3276 3581 3332 scd
3612 3277 3704 3339 hos
3732 3290 3838 3339 serg

2261 3379 2450 3420 mones
2487 3375 2813 3436 exceperunt
2846 3383 2860 3433 ;
2904 3376 2955 3421 et
3004 3368 3145 3439 quod
3183 3371 3555 3441 accepissent,
3608 3369 3840 3441 operibus

2265 3469 2630 3515 monstrarunt
2659 3461 2883 3532 ;et'qui
2913 3445 3094 3517 essent
3114 3503 3128 3528 ,
3161 3463 3543 3520 exhibuerunt.
3588 3464 3767 3521 Statim
3793 3464 3838 3516 in

2262 3566 2532 3607 certamen
2580 3553 2804 3623 ingressi
2829 3596 2843 3620 ,
2869 3564 3136 3610 exuerunt
3181 3556 3544 3621 vestimenta:
3590 3573 3685 3612 nos
3725 3571 3840 3610 vero

2263 3643 2521 3716 ingressi,
2550 3661 2671 3698 cum
2700 3640 3035 3701 vestimentis
3071 3656 3281 3703 certare
3310 3650 3576 3705 volmuus.
3626 3648 3840 3716 ideoque
3932 3636 3938 3643 ’

2260 3741 2595 3809 θιιιτιεοηίηιει
2625 3747 2812 3794 noster
2850 3739 3037 3796 labore
3064 3755 3201 3812 opus
3230 3758 3334 3795 non
3375 3742 3575 3808 habet,
3603 3757 3718 3796 emn
3741 3756 3837 3806 ,th-

2263 3829 2345 3884 bis
2372 3831 2500 3900 ipsis
2526 3830 2767 3900 impliciti
2798 3845 2943 3901 saepe
2970 3831 3306 3902 dejiciamur.
3330 3832 3564 3905 ltlipsutn
3605 3834 3738 3900 enim
3767 3832 3837 3887 lit-

2261 3923 2465 3987 cimus,
2498 3938 2562 3977 ac
2585 3923 2631 3977 si
2663 3937 2782 3993 quis
2804 3922 3058 3979 athletam
3089 3924 3308 3994 pulvere
3334 3941 3679 3997 COIlSpCl‘Slllll
3704 3964 3719 3987 ,
3742 3922 3837 3993 ⁴υἱ.-

2259 4031 2444 4086 grum,
2477 4015 2711 4082 nuduut,
2759 4016 2983 4085 videns,
3013 4016 3081 4071 ab
3110 4031 3272 4076 arena
3302 4025 3358 4084 et
3402 4036 3433 4075 a
3480 4020 3594 4075 sole
3634 4016 3835 4071 multum

2264 4110 2550 4164 habentem
2585 4109 2677 4163 luti
2701 4150 2716 4174 ,
2749 4108 2893 4175 oleo,
2920 4108 3121 4165 sudore
3142 4122 3379 4174 eteteuo
3402 4113 3710 4173 delibutum,
3736 4107 3837 4174 ipse

2262 4212 2533 4272 unguento
2571 4200 2849 4272 fragrans.
2890 4203 3076 4258 sericis
3124 4204 3394 4273 chtibus,
3435 4206 3612 4261 aureis
3640 4201 3834 4265 calceis,

2260 4295 2394 4348 stola
2426 4307 2595 4364 usque
2623 4291 2689 4347 ad
2734 4293 3015 4349 malleolos
3040 4293 3341 4364 deﬂuente,
3391 4297 3637 4352 aureolas
3679 4292 3836 4362 capite

2258 4399 2497 4458 geStans.
2525 4403 2649 4442 cum
2673 4387 2765 4442 illo
2794 4388 3213 4465 congrediatur.
3245 4389 3347 4465 Qui
3384 4393 3526 4455 enim
3575 4389 3690 4444 talis
3724 4394 3795 4439 est
3820 4423 3835 4448 ,

2260 4495 2365 4534 non
2408 4479 2729 4549 impedietur
2751 4464 2957 4546 solum,
2988 4482 3081 4536 sed
3110 4464 3525 4548 curam'habens
3570 4496 3636 4537 ne
3674 4487 3840 4533 veSIes

2261 4571 2533 4629 fmdentur
2562 4575 2655 4630 vel
2682 4573 3015 4640 scindantur,
3049 4575 3100 4630 in
3132 4576 3306 4647 primo
3343 4591 3630 4649 congressu
3655 4572 3799 4629 cadet
3823 4606 3837 4631 9

2260 4663 2417 4734 idque
2447 4664 2678 4738 patietur
2701 4665 2843 4736 quod
2875 4667 3053 4722 statim
3087 4669 3292 4736 timuit,
3328 4667 3685 4740 inmprtccipnis
3723 4677 3835 4732 par-

2262 4754 2405 4810 tibus
2434 4756 2614 4811 l:esus.
2649 4755 2884 4826 Tempus
2908 4757 3062 4812 adest
3099 4761 3446 4829 certaminis,
3494 4769 3548 4817 et
3575 4770 3627 4814 tu
3663 4752 3835 4813 sericis

2260 4847 2534 4905 induerls!
2562 4857 2772 4923 tempus
2798 4850 3221 4916 exercitationis,
3248 4860 3458 4923 tempus
3492 4849 3644 4907 stadii
3669 4851 3762 4913 ;,et
3789 4852 3835 4895 tu

2258 4940 2408 5010 quasi
2441 4940 2493 4994 in
2522 4955 2715 5011 pompa
2756 4941 2982 5012 teipsum
3004 4943 3204 5001 ornas?
3237 4943 3301 4999 Et
3337 4944 3605 5016 quomodo
3627 4949 3835 5008 supera-

2258 5031 2383 5087 bls?
2420 5030 2497 5088 Ne
2538 5031 2603 5087 ad
2629 5042 2852 5088 externa
2879 5075 2896 5098 ι
2945 5034 3037 5089 sed
3065 5035 3133 5090 ad
3176 5036 3388 5095 interna
3434 5033 3704 5105 rcSpicias.
3751 5026 3834 5080 llis

2259 5123 2404 5178 enim
2454 5123 2599 5177 curis
2650 5138 2751 5180 ceu
2798 5125 3051 5194 gravibus
3114 5127 3341 5183 vinculis
3392 5127 3622 5197 undique
3668 5119 3829 5175 anima

2259 5214 2663 5286 constringitur,
2698 5231 2915 5272 manum
2948 5233 3054 5275 non
3083 5218 3267 5275 sinens
3297 5220 3564 5283 attollere,
3589 5229 3685 5271 nec
3709 5222 3830 5265 con-

2261 5318 2340 5363 tra
2374 5309 2580 5364 hostem
2616 5310 2858 5380 proferre
2879 5352 2894 5378 ,
2928 5326 3025 5368 nos
3057 5313 3246 5370 molles
3270 5329 3336 5369 ac
3363 5315 3614 5371 delicatos
3650 5300 3829 5363 reddit-

2258 5398 2473 5456 Utinam
2502 5400 2710 5456 liberati
2743 5402 2958 5459 vincere
2987 5405 3252 5473 possimus
3280 5405 3539 5476 impuram
3569 5400 3709 5462 illam
3746 5406 3830 5455 βυ·

2262 5500 2527 5546 tcstatem.
2550 5491 2675 5547 Ideo
2691 5492 2961 5561 Christus,
2987 5510 3051 5554 ac
3067 5497 3112 5551 si
3130 5512 3235 5551 non
3260 5497 3393 5561 satis
3407 5496 3475 5552 sit
3491 5489 3694 5553 divitias
3709 5481 3828 5551 abii-

2257 5597 2404 5648 θῦνε,
2424 5583 2541 5638 Vide
2555 5583 2680 5654 quid
2697 5584 2839 5650 dicat
2863 5605 2876 5640 :
2906 5586 3077 5642 Vende
3090 5591 3263 5653 omnia
3277 5605 3390 5659 quae
3404 5586 3572 5653 habes.
3587 5591 3632 5642 et
3646 5579 3711 5633 da
3720 5586 3828 5646 pau-

2258 5674 2460 5744 poribus
2479 5689 2500 5730 :
2523 5685 2569 5729 et
2591 5676 2703 5729 veni
2718 5717 2734 5743 ,
2753 5686 2802 5732 et
2821 5694 3027 5750 sequere
3055 5698 3137 5736 me
3161 5679 3349 5752 (Marc.
3377 5681 3461 5738 10.
3486 5664 3750 5748 2|).Quod
3765 5661 3827 5727 si.
3912 5750 3915 5751 ν

2256 5769 2516 5840 depositis
2544 5771 2776 5842 opibus,
2826 5774 3066 5830 nondum
3097 5778 3149 5831 in
3197 5786 3312 5834 tuto
3352 5790 3570 5839 sumus,
3611 5766 3698 5825 sed
3734 5760 3823 5815 alia

2259 5873 2373 5919 arte
2400 5872 2454 5918 ct
2483 5865 2826 5921 accuratione
2857 5867 3010 5925 nobis
3037 5876 3118 5924 est
3160 5885 3330 5939 opus:
3378 5868 3547 5925 multo
3574 5857 3760 5926 niagis.

2262 5955 2621 6023 retineamus,
2664 5956 2793 6013 nihil
2835 5975 3089 6033 magnum
3116 5963 3483 6034 operahimur,
3507 5955 3594 6012 sed
3635 5938 3823 6006 ridiculi
