4092 6438
238 355 339 414 ω

227 503 315 549 'ct
364 484 780 563 spectatoribus
815 492 869 544 et
916 483 1020 555 ipsi
1072 481 1306 553 maligno
1365 480 1507 538 hosti
1553 480 1875 561 videbimur.

248 587 421 645 Licet
436 586 588 641 enim
603 580 847 637 diabolus
862 593 968 634 non
983 584 1148 642 esset,
1168 576 1292 632 licet
1310 576 1491 631 nullus
1520 576 1875 647 impugnaret,

247 684 576 737 innumera:
610 678 846 747 undique
870 673 970 729 vite
994 688 1155 744 opum
1186 680 1456 729 amantem
1482 672 1549 728 ad
1576 671 1877 743 gehennam

247 773 488 828 ducunt.
514 770 622 827 Ubi
649 782 792 824 nunc
819 775 945 822 sunt
967 766 1058 836 qui
1096 765 1282 820 dicunt
1308 782 1321 819 :
1352 764 1464 819 Cur
1491 764 1736 820 diabolus
1761 763 1876 821 fac-

255 876 343 922 tus
371 864 499 920 est?
535 865 681 919 Ecce
707 862 795 917 hic
820 859 1068 915 diabolus
1092 856 1259 925 nihil,
1291 856 1386 913 sed
1414 872 1513 912 nos
1545 866 1711 912 totum
1742 872 1874 928 ope-

259 972 459 1011 rantur.
490 956 667 1025 Atqui
699 955 803 1009 hoc
837 951 1017 1007 dicere
1048 949 1330 1021 oportebat
1355 964 1451 1005 eos
1476 951 1567 1020 qui
1597 950 1650 1005 in
1680 950 1877 1006 monti-

260 1047 361 1101 bus
376 1047 608 1117 degunt,
628 1046 722 1116 qui
740 1043 1125 1100 continentiam
1145 1048 1415 1097 sectantes
1443 1050 1497 1095 et
1528 1042 1873 1112 pecuniarum

256 1138 597 1209 aliarumque
616 1153 802 1194 rerum
815 1143 1199 1207 contemptum,
1219 1143 1446 1205 patrem,
1466 1133 1676 1202 domos,
1691 1149 1869 1205 agros,

256 1248 454 1288 uxores
483 1240 542 1287 et
576 1231 721 1284 filios
742 1270 761 1295 ,
792 1227 1149 1284 libentissime
1179 1226 1534 1298 reliquerunt.
1563 1228 1634 1281 At
1654 1226 1728 1281 illi
1757 1226 1873 1283 haec

254 1339 364 1379 non
389 1324 616 1387 dicunt;
645 1322 699 1375 hi
724 1336 857 1377 vero
882 1320 970 1374 illa
997 1317 1286 1391 proferunt,
1319 1334 1444 1389 qua:
1466 1334 1758 1388 numquam
1784 1319 1868 1374 di-

253 1432 383 1473 cere
402 1418 764 1488 oportuisset.
794 1415 885 1470 llla
910 1428 1039 1469 rere
1067 1422 1192 1468 sunt
1221 1412 1422 1468 diaboli
1450 1413 1742 1469 certamina
1766 1430 1779 1467 :
1815 1413 1866 1469 in

253 1511 371 1566 tunc
395 1527 531 1567 vero
557 1525 745 1580 neque
768 1507 1098 1563 descendere
1120 1505 1338 1577 dignum
1369 1515 1471 1561 est.
1515 1506 1602 1571 At,
1633 1507 1864 1576 inquies,

256 1605 564 1660 divitiarum
616 1602 967 1673 cupiditatem
1007 1600 1243 1653 immittit
1271 1597 1536 1653 diabolus.
1580 1597 1765 1668 Fuge,
1813 1608 1867 1654 et

264 1713 337 1754 ne
362 1699 637 1762 admittas,
672 1712 707 1751 ο
734 1695 915 1750 Ιιοηιο.
949 1694 1099 1750 Nunc
1139 1702 1317 1748 autem
1338 1693 1388 1748 si
1419 1707 1579 1762 quem
1608 1690 1805 1746 videris
1833 1705 1865 1748 a

265 1792 494 1846 tabulato
512 1791 694 1846 lutum
721 1788 968 1860 rejicere,
990 1784 1184 1841 deinde
1205 1785 1371 1840 alium
1386 1784 1657 1860 ridentem
1677 1790 1862 1839 contra

252 1885 466 1952 sejaci,
504 1894 660 1940 stare
683 1923 700 1950 ,
753 1891 809 1938 et
838 1890 1006 1937 totum
1035 1879 1209 1950 capite
1239 1879 1488 1949 excipere
1507 1919 1523 1944 ,
1554 1892 1662 1933 non
1703 1878 1864 1934 modo

251 1994 359 2033 non
388 1977 712 2044 misereris,
740 1974 836 2030 sed
866 1975 1028 2028 etiam
1069 1972 1399 2041 indignaris,
1433 1970 1675 2041 dicisque
1706 1970 1857 2024 illum

246 2070 389 2139 jus-te
409 2083 640 2140 passum
664 2082 785 2123 esse
813 2084 827 2120 :
850 2078 1144 2135 omnesque
1168 2064 1241 2127 illi
1263 2063 1530 2164 dicereut,
1557 2061 1635 2117 Ne
1659 2061 1861 2164 stultus

246 2171 397 2228 esto;
450 2177 558 2218 nec
618 2172 731 2214 tam
785 2159 1109 2229 jacientem,
1151 2171 1313 2226 quam
1359 2154 1713 2224 excipientem
1748 2154 1860 2208 eri-

247 2259 611 2311 minarentur.
646 2254 802 2310 Nune
828 2266 990 2324 porro
1018 2252 1122 2307 scis
1155 2249 1464 2304 divitiarum
1510 2246 1856 2317 cupiditatem

249 2364 278 2402 a
318 2349 542 2403 diabolo
579 2346 852 2418 proﬁcisci
890 2363 905 2403 :
951 2344 1058 2399 scis
1108 2342 1258 2398 illum
1293 2343 1695 2395 innumerorum
1738 2353 1859 2395 esse

248 2440 511 2493 malorum
542 2452 799 2504 causam;
827 2435 978 2491 vides
1005 2435 1150 2490 illum
1180 2431 1351 2488 [tedas
1383 2440 1673 2501 turpesque
1701 2429 1853 2501 cogi-

251 2529 477 2584 tationes
518 2529 679 2599 quasi
710 2530 878 2582 lutum
910 2539 1190 2596 apparare,
1210 2538 1322 2580 nec
1347 2521 1600 2592 intelligis
1622 2529 1674 2577 te
1703 2520 1851 2577 nudo

252 2621 420 2690 mpite
463 2619 868 2675 immunditiam
916 2619 1059 2673 illam
1098 2616 1386 2687 excipere,
1414 2630 1536 2670 cum
1580 2622 1859 2683 oporteret

256 2716 507 2784 tantisper
525 2714 858 2770 declinando
887 2713 937 2768 id
961 2711 1165 2768 vitare?
1190 2706 1657 2778 Quemadmodum
1683 2707 1790 2773 ille,
1809 2706 1855 2761 si

262 2819 293 2860 a
315 2806 426 2861 loco
447 2806 785 2873 declinaret,
818 2805 1157 2872 liberaretur,
1183 2803 1262 2858 sic
1291 2811 1346 2857 et
1392 2810 1447 2856 tu
1488 2800 1623 2855 tales
1655 2798 1856 2869 cogita-

255 2899 418 2955 tiones
444 2917 516 2957 ne
543 2900 814 2972 excipias,
837 2909 893 2955 et
916 2915 945 2952 a
980 2907 1197 2968 peccato
1225 2896 1396 2968 fugies
1427 2913 1439 2950 :
1471 2893 1672 2963 repelle
1701 2891 1854 2961 cupi-

242 2993 488 3049 ditatem.
530 2994 604 3048 Et
634 2992 908 3064 quomodo
938 2991 1238 3061 repellant?
1272 2987 1505 3069 inquies.
1547 2986 1602 3040 Si
1638 2983 1855 3056 gentilis

1268 343 1336 403 IN
1375 344 1556 403 ACTA
1597 346 2128 409 APOSTOLORUM.
2171 354 2401 415 HOMIL.
2447 356 2581 417 VIII.
3512 365 3580 422 70

1987 501 2157 556 esses,
2184 498 2239 545 et
2258 495 2542 561 praesentia
2574 504 2778 554 tantum
2809 501 3174 572 admirareris,
3206 507 3347 567 l'orte
3373 526 3460 570 res
3489 531 3581 573 es.

1986 590 2071 635 set
2097 581 2361 652 difﬁcilis,
2395 588 2605 643 etiamsi
2633 593 2864 662 gentiles
2886 594 2989 651 hoc
3018 596 3245 657 fecerint
3275 614 3369 660 :at
3406 615 3460 661 tu
3488 612 3579 680 qui

1985 673 2175 730 caalum
2194 678 2494 735 eticielestia
2509 693 2813 755 exspectas,
2833 687 2987 755 dicis,
3003 691 3282 761 Quomodo
3294 673 3580 770 repellant?

1982 763 2038 821 Si
2059 769 2386 824 contrarium
2405 772 2689 844 dixissem,
2711 786 2837 835 tunc
2852 763 3406 857 dubitare‘oporteret;
3431 795 3473 847 si
3492 795 3577 849 dl-

1981 871 2160 914 cerem
2182 902 2198 930 ,
2245 862 2468 920 Divitias
2490 871 2848 940 concupisce,
2876 877 3266 948 responderes,
3295 881 3579 949 Quomodo

1981 953 2401 1023 concupiscam?
2423 972 2545 1015 cum
2567 961 2687 1015 talia
2717 963 2951 1021 videres.
2976 966 3072 1023 Dic
3100 970 3227 1026 milii
3248 1014 3263 1040 ,
3288 975 3333 1029 si
3360 990 3493 1030 auro
3523 990 3578 1033 et

1980 1041 2244 1114 lapidibus
2273 1050 2525 1118 pretiosis
2571 1058 2857 1125 propositis
2888 1058 3126 1118 dicerem
3181 1083 3196 1120 :
3243 1067 3577 1140 Concupisee

1979 1134 2290 1206 plumbum,
2327 1155 2395 1196 an
2441 1141 2758 1203 luesitares?
2799 1149 3014 1209 Diceres
3044 1164 3191 1212 certe
3232 1176 3247 1213 :
3292 1134 3575 1228 Quomodo

1979 1232 2240 1298 possunt?
2270 1233 2364 1289 Sin
2386 1235 2619 1294 dicerem
2641 1280 2657 1307 ,
2686 1240 2762 1298 Ne
2789 1247 3178 1317 concupiscas:
3210 1251 3314 1309 hoc
3362 1255 3572 1314 facilius

1975 1331 2140 1377 esset.
2170 1323 2288 1380 Non
2314 1326 2554 1384 admiror
2578 1330 2938 1402 despicieutcs
2957 1377 2972 1404 ,
3009 1340 3102 1395 sed
3135 1357 3239 1401 non
3268 1344 3578 1417 despiciens

1977 1420 2056 1468 tes
2088 1432 2100 1466 ς
2132 1414 2234 1471 hoc
2259 1427 2341 1473 est
2361 1421 2555 1476 anima:
2577 1423 2785 1495 ignavia
2820 1427 3008 1497 plena),
3044 1448 3164 1502 qua:
3198 1437 3326 1491 nihil
3357 1414 3573 1497 ditl'erat

1973 1518 2001 1556 a
2030 1508 2226 1560 muscis
2254 1518 2307 1562 et
2334 1510 2612 1579 culicibus,
2644 1513 2790 1571 humi
2821 1521 3055 1588 repentis
3094 1560 3110 1590 ,
3159 1522 3213 1578 in
3252 1522 3370 1580 luto
3405 1529 3531 1585 volu
3552 1562 3571 1574 -

1976 1603 2134 1663 tatre,
2171 1596 2303 1654 hiliil
2347 1616 2601 1673 magnum
2647 1609 2951 1678 cogitantis.
3005 1612 3143 1680 Quid
3184 1614 3360 1673 dicis?
3396 1619 3567 1675 Vitam

1971 1697 2225 1744 aeternam
2259 1691 2572 1751 barreditate
2601 1710 2922 1771 accepturus
2941 1720 2999 1758 es
3019 1746 3035 1771 ,
3066 1716 3119 1761 et
3145 1708 3244 1775 ais,
3289 1710 3569 1778 Quomodo

1972 1793 2290 1849 pra-sentem
2318 1788 2478 1841 vitam
2506 1804 2617 1859 prm
2650 1791 2739 1846 illa
2762 1799 3149 1853 contemnam?
3176 1806 3317 1855 num
3335 1817 3423 1859 res
3443 1814 3568 1861 sunt
3603 1878 3608 1883 ν

1968 1883 2154 1929 mutuo
2182 1879 2618 1948 comparabilcs?
2646 1882 2866 1955 Regiam
2899 1898 3105 1945 vestem
3132 1907 3191 1947 es
3216 1906 3564 1966 accepturus,

1964 1974 2023 2021 et
2065 1965 2221 2034 dicis,
2254 1968 2536 2035 Quomodo
2576 1989 2782 2043 pannos
2835 1984 3222 2039 contemnam?
3262 1986 3313 2041 in
3347 1965 3564 2060 regiam

1966 2059 2301 2130 ingressurus
2328 2063 2463 2119 dicis
2486 2106 2501 2131 ,
2537 2066 2820 2135 Quomodo
2861 2087 3148 2143 pauperem
3204 2076 3343 2134 hanc
3384 2059 3564 2138 casam

1966 2150 2300 2223 despiciam?
2328 2156 2465 2213 Vere
2496 2174 2594 2215 nos
2635 2178 2854 2234 semper
2905 2166 3060 2223 nobis
3089 2185 3248 2226 causa
3300 2175 3564 2232 malorum

1963 2260 2174 2314 sumus,
2201 2249 2295 2319 qui
2317 2249 2567 2308 nolumus
2601 2256 2872 2325 paululum
2900 2261 3144 2318 excitari.
3173 2265 3305 2321 Nam
3340 2269 3430 2339 qui
3468 2286 3565 2323 vo-

1964 2339 2210 2409 luerunt,
2253 2353 2400 2399 recte
2424 2359 2484 2400 se
2530 2360 2849 2418 gesserunt;
2896 2352 3057 2425 idque
3079 2370 3199 2412 cum
3230 2374 3426 2430 magno
3457 2361 3565 2417 fer-

1962 2444 2094 2487 vore
2119 2442 2174 2488 et
2211 2432 2486 2493 facilitate.
2519 2437 2732 2496 Utinam
2762 2452 2817 2498 et
2843 2460 2937 2500 vos
2981 2458 3164 2503 nostra
3193 2451 3564 2512 admonitione

1963 2525 2226 2593 persuasi,
2259 2536 2406 2583 recte
2431 2531 2635 2600 agatis,
2669 2533 3071 2609 imitatoresque
3097 2540 3217 2596 sitis
3253 2558 3438 2599 eorum
3469 2548 3561 2617 qui

1964 2619 2220 2687 praeclare
2242 2635 2302 2676 se
2325 2636 2629 2693 gesserunt,
2661 2629 2831 2696 gratia
2854 2640 2908 2685 et
2932 2631 3262 2705 benignitate
3304 2638 3561 2709 unigeniti

1964 2710 2082 2765 Filii
2108 2752 2122 2774 ,
2149 2715 2363 2782 quicum
2393 2714 2572 2782 Patri,
2608 2734 2817 2790 unaque
2858 2735 3046 2780 sancto
3083 2726 3340 2797 Spiritui,
3369 2733 3560 2801 gloria,

1963 2803 2266 2872 imperium,
2299 2804 2493 2875 honor,
2525 2825 2664 2865 nunc
2687 2818 2742 2866 et
2777 2827 3012 2885 semper,
3043 2825 3099 2872 et
3129 2819 3180 2873 in
3213 2823 3409 2877 Saecula
3456 2838 3563 2880 so:-

1961 2894 2233 2952 culorum.
2264 2898 2461 2954 Arnen.

2816 3120 3561 3153 ἠ--Ἥ

1599 3190 1945 3253 HOMILIA
1989 3191 2157 3256 VIII.

238 3353 369 3408 Car.
404 3353 461 3406 3.
511 3366 566 3404 ν.
597 3351 653 3403 Ι.
678 3348 847 3403 Simul
876 3344 1057 3399 Petrus
1086 3353 1132 3397 et
1169 3340 1397 3396 Joannes
1421 3336 1758 3393 ascendebant
1801 3335 1854 3388 in

526 3438 775 3509 templum
796 3438 871 3489 'ad
900 3437 1076 3489 horam
1111 3432 1355 3487 orationis
1376 3445 1582 3483 nonam.

310 3539 366 3590 I.
392 3534 457 3589 Ili
486 3534 690 3602 ubique
715 3545 961 3600 magnam
1011 3528 1149 3581 inter
1175 3542 1232 3579 se
1254 3523 1600 3579 concordiam
1650 3520 1853 3575 habere

239 3627 674 3698 conspiciuntur.
712 3621 846 3677 Huic
890 3621 1054 3674 innuit
1105 3618 1288 3673 Petrus
1322 3632 1340 3671 :
1373 3617 1527 3671 simul
1559 3614 1624 3668 ad
1668 3613 1850 3684 sepul-

238 3736 391 3774 crum
418 3717 589 3771 ambo
633 3714 853 3770 veniunt
884 3729 897 3767 :
927 3712 995 3767 de
1023 3710 1227 3765 Joanne
1249 3709 1378 3763 dicit
1402 3708 1591 3762 Petrus
1616 3704 1849 3769 Christo,

254 3812 345 3866 Ilii:
378 3822 559 3866 autem
601 3810 729 3881 quid
756 3806 946 3882 (Joan.
983 3805 1068 3860 15.
1100 3804 1191 3858 24.
1230 3801 1387 3857 e120.
1421 3803 1475 3856 5.
1516 3810 1560 3853 et
1594 3799 1684 3853 9|.
1712 3797 1775 3852 2t
1804 3797 1853 3869 )?

256 3910 362 3963 Alia
389 3907 620 3979 quidem
646 3905 793 3974 signa
828 3899 1175 3975 prartermioit
1203 3897 1365 3967 hujus
1412 3895 1529 3949 libri
1577 3894 1847 3964 scriptor;

252 4002 382 4070 quod
413 4016 551 4054 vero
581 3998 636 4052 in
661 4007 932 4065 stuporem
974 4003 1026 4048 et
1061 3992 1470 4046 admirationem
1501 4002 1689 4042 omnes
1718 4002 1849 4041 cou-

246 4095 485 4162 jiciebat,
515 4091 647 4146 illud
672 4090 925 4144 narravit.
955 4087 1021 4141 I‘It
1039 4084 1427 4144 animadverte,
1453 4081 1573 4181 illos
1596 4095 1700 4135 non
1721 4095 1850 4181 con:

249 4189 362 4241 silio
408 4186 522 4240 huc
573 4183 815 4247 venisse;
865 4181 938 4234 ita
967 4180 1034 4232 ab
1083 4176 1229 4231 omni
1288 4172 1647 4229 ostentatione
1699 4172 1847 4225 vacui

247 4284 435 4341 erant,
485 4276 873 4343 ductoremque
914 4285 1066 4324 sumn
1119 4265 1481 4323 imitabantur.
1527 4262 1848 4362 cur-autern

244 4369 615 4425 ascenderunt
645 4366 695 4419 in
747 4364 1041 4434 templum?
1082 4360 1217 4415 Num
1271 4358 1451 4413 adlmc
1498 4354 1722 4410 Juilaice
1767 4354 1848 4406 vi-

245 4466 443 4517 vebant
466 4462 492 4515 ?
519 4459 777 4522 Minime;
809 4455 903 4510 sed
932 4453 1139 4508 utiliter
1171 4451 1275 4505 hoc
1304 4449 1524 4503 faciunt.
1558 4446 1687 4500 Nam
1732 4459 1849 4498 rur-

244 4572 336 4611 Sus
358 4558 579 4624 signum
604 4549 801 4613 editur,
825 4545 967 4618 quod
991 4545 1110 4599 illos
1136 4542 1443 4605 confirmet,
1466 4540 1705 4608 aliosque
1729 4551 1850 4606 pcr-

245 4652 425 4705 traliat
458 4666 474 4702 :
506 4646 743 4715 signum,
767 4642 1003 4711 inquam,
1024 4638 1181 4707 quale
1208 4635 1446 4691 nondum
1469 4632 1727 4687 fecerant.
1747 4629 1849 4684 Na-

248 4745 437 4799 turalis
464 4753 584 4795 erat
620 4736 856 4801 morbus,
885 4734 987 4789 arti
1012 4732 1234 4787 medica:
1262 4746 1367 4784 non
1405 4727 1604 4783 cedens
1633 4742 1648 4779 :
1682 4726 1789 4780 imo
1818 4741 1847 4779 a

250 4835 607 4907 qiudragiiita
630 4829 784 4884 annis
799 4826 1150 4890 claudicabat,
1175 4833 1229 4877 ut
1248 4822 1443 4877 deinde
1459 4820 1670 4883 dicitur,
1692 4834 1849 4873 nemo

263 4930 405 4981 illum
438 4928 493 4980 in
546 4936 655 4977 tam
690 4924 845 4991 longo
887 4930 1130 4988 tempore
1158 4931 1340 4969 curari
1359 4924 1458 4967 rat.
1492 4912 1651 4966 Scitis
1681 4924 1808 4964 vero
1828 4952 1842 4975 ,

264 5020 377 5074 limc
396 5037 426 5073 a
456 5017 726 5073 natalibus
755 5014 891 5068 mala
919 5019 1104 5068 curata
1135 5024 1257 5065 esse
1291 5007 1612 5061 difﬁciliora.
1646 5004 1849 5058 Tantus

259 5124 375 5167 erat
403 5113 618 5164 morbus
637 5118 776 5162 utne
795 5105 1010 5175 quidem
1041 5100 1404 5157 neccssarimn
1432 5098 1530 5153 sibi
1555 5097 1731 5151 cibum
1756 5110 1849 5166 pa:

254 5222 376 5260 rare
404 5212 585 5274 posset
632 5196 853 5269 Insignis
866 5211 992 5249 vero
1016 5202 1154 5258 erat,
1177 5203 1286 5245 tum
1304 5207 1332 5243 a
1352 5192 1494 5254 loco,
1519 5198 1629 5243 tum
1647 5203 1676 5241 a
1704 5202 1848 5240 mor-

245 5300 351 5363 bo;
376 5306 430 5351 ct
446 5290 741 5365 quomodo,
757 5286 968 5342 audi.2.
992 5285 1058 5339 Et
1081 5284 1291 5356 quidam
1306 5283 1402 5348 vir,
1424 5281 1613 5382 inquit,
1637 5278 1848 5382 claudas

247 5408 308 5445 ea:
329 5400 472 5443 utero
494 5385 668 5439 matris
698 5397 806 5436 sate
825 5377 1147 5450 bajulabatar
1167 5390 1343 5442 :quent
1361 5374 1608 5443 ponebant
1629 5370 1851 5440 quotidie

250 5486 315 5538 ad
335 5492 539 5552 portam
563 5476 769 5549 templi,
796 5488 911 5546 qua:
939 5472 1124 5525 dicitur
1150 5469 1413 5538 Speciem,
1444 5475 1498 5518 ut
1519 5474 1702 5536 peteret
1724 5467 1849 5517 etce-

258 5588 518 5645 rnosyuant
544 5570 607 5624 ab
642 5563 1013 5623 introeuntibus
1040 5562 1094 5614 in
1131 5559 1395 5629 templum.
1436 5556 1846 5645 Elecmosytiam

252 5643 378 5735 ergo
406 5664 614 5735 petebat
632 5705 647 5729 ,
678 5670 735 5715 ct
763 5654 1041 5711 nesciebat
1068 5651 1280 5721 quinam
1311 5648 1405 5703 \‘iri
1431 5656 1630 5701 essent.
1653 5647 1704 5699 Ξ.
1748 5643 1848 5748 Qui

254 5776 364 5815 cum
402 5759 599 5812 uidisset
632 5755 845 5808 Petrum
873 5757 918 5802 et
959 5745 1206 5800 Joannem
1234 5743 1523 5811 incipientes
1558 5740 1762 5793 introire
1796 5740 1849 5792 in

257 5864 505 5935 "ruptam,
534 5860 752 5934 rogabat
778 5864 833 5909 ut
856 5850 1222 5918 elecmosynam
1251 5842 1521 5912 acciperet.
1553 5840 1606 5894 4.
1635 5836 1850 5893 Intueris

1959 3345 2129 3389 autem
2165 3339 2215 3390 in
2254 3356 2365 3392 eam
2399 3340 2581 3397 Petrus
2615 3361 2727 3399 cum
2756 3347 2959 3404 Joanne
2979 3393 2993 3415 ,
3039 3352 3168 3407 dixit
3197 3371 3216 3408 :
3250 3356 3460 3428 Resp-ire
3497 3362 3554 3415 in

1959 3444 2068 3482 nos.
2109 3429 2219 3483 lloc
2249 3433 2433 3500 ntulit;
2468 3436 2555 3491 ille
2592 3453 2718 3493 vero
2752 3457 2923 3512 neque
2951 3446 3029 3498 sic
3057 3447 3297 3518 erigitur,
3330 3454 3424 3507 sed
3456 3456 3552 3509 ad-

1960 3518 2064 3574 huc
2090 3532 2265 3576 manet
2314 3524 2541 3582 instans.
2587 3527 2730 3583 Talis
2756 3532 2899 3586 enim
2932 3544 3015 3589 est
3043 3550 3328 3607 paupertas
3352 3582 3367 3609 ,
3421 3545 3553 3601 dare

1958 3614 2275 3682 negantibus
2306 3617 2468 3671 instat
2511 3628 2565 3674 et
2605 3623 2749 3692 eogit
2792 3625 2931 3682 illos.
2985 3628 3377 3687 Erubesi-amns
3411 3652 3548 3703 nos,

1956 3705 2046 3773 qui
2072 3720 2099 3757 a
2136 3707 2382 3775 precibus
2414 3711 2701 3767 resilinins.
2741 3714 2871 3770 Vide
2900 3728 3102 3787 autem,
3133 3739 3291 3791 quam
3319 3729 3427 3781 cito
3457 3728 3554 3783 Pe«

1959 3803 2073 3850 trus
2119 3801 2580 3857 mansuetudinem
2628 3805 2919 3875 exhibeat,
2966 3809 3200 3867 dicens:
3240 3815 3450 3885 Respice
3495 3821 3547 3873 in

1957 3905 2070 3943 nos.
2117 3888 2447 3948 Sic‘illormn
2489 3896 2699 3953 habitus
2738 3916 2838 3977 per
2871 3904 3138 3959 seniores
3169 3907 3454 3964 indiCabat.

1956 3983 2022 4036 At
2042 3982 2132 4038 ille
2156 3985 2445 4041 intendebat
2471 3989 2523 4043 in
2551 4007 2655 4055 eos,
2687 4010 2899 4064 sperans
2926 4010 2981 4050 se
3005 3998 3202 4069 aliquid
3225 4015 3549 4073 accepturum

1955 4074 2019 4126 ab
2047 4074 2136 4128 eis.
2169 4075 2220 4130 6.
2253 4075 2437 4133 Petrus
2463 4091 2632 4135 autem
2657 4082 2786 4137 dixit
2815 4099 2834 4138 :
2860 4086 3140 4156 Argentum
3163 4102 3209 4145 et
3242 4110 3424 4147 aurum
3452 4112 3551 4150 non

1955 4175 2028 4219 est
2057 4167 2183 4219 ini/ti
2203 4209 2217 4231 ,
2260 4170 2396 4238 quod
2439 4181 2609 4226 autent
2640 4173 2818 4241 habeo,
2848 4176 2944 4231 hoc
2970 4181 3059 4233 tibi
3086 4182 3173 4234 (lo.
3224 4183 3339 4238 Non
3373 4186 3500 4240 dixit
3530 4223 3545 4255 ,

1954 4257 2087 4313 Rem
2126 4259 2294 4316 multo
2326 4264 2694 4331 pretiosiorem
2721 4281 2943 4337 argento
2983 4271 3053 4326 do
3086 4274 3178 4328 tibi
3206 4292 3219 4339 ;
3254 4277 3346 4331 sed
3376 4279 3547 4349 quid?

1956 4351 2021 4406 1η
2051 4356 2253 4408 nomine
2276 4356 2400 4410 Jesu
2418 4356 2604 4413 Christi
2628 4358 2893 4415 Nazareni
2912 4381 3062 4435 surge
3078 4376 3123 4420 et
3152 4371 3378 4426 ambula.
3405 4370 3455 4425 7.
3482 4372 3546 4427 Et

1955 4447 2274 4514 apprehensa
2295 4465 2448 4502 manu
2468 4452 2576 4522 ejus
2594 4440 2799 4520 dextra,
2815 4456 3051 4511 allevat-it
3070 4478 3201 4514 eum.
3242 4465 3316 4517 Ita
3348 4463 3471 4519 fecit
3492 4474 3546 4521 ct

1954 4537 2223 4606 Christus,
2244 4557 2386 4612 saepe
2416 4559 2630 4599 manum
2663 4548 2920 4616 porrexit,
2941 4552 3152 4620 quando
3182 4569 3331 4609 erant
3360 4557 3411 4612 in
3444 4560 3546 4614 fide

1956 4630 2300 4698 inﬁrmiores,
2324 4643 2459 4689 utin:
2478 4635 2747 4692 videretur
2768 4655 2855 4694 res
2886 4656 2953 4695 ex
2984 4654 3176 4711 Sponte
3205 4661 3298 4700 sua
3321 4649 3456 4703 ﬁeri.
3482 4650 3548 4705 Et

1955 4726 2275 4796 apprehensa
2314 4745 2468 4781 manu
2494 4732 2602 4802 ejus
2627 4732 2822 4799 dextra,
2856 4735 3091 4790 allevavit
3119 4756 3253 4793 enni.
3289 4743 3401 4798 lloc
3432 4762 3546 4800 mai-

1957 4817 2204 4872 nil‘estam
2256 4818 2381 4873 fecit
2421 4825 2866 4878 resurrectionem
2893 4844 2907 4878 :
2934 4826 3048 4881 lure
3072 4831 3269 4899 quippe
3299 4849 3547 4890 rcsurrc~

1955 4911 2148 4964 ctionis
2179 4912 2352 4980 imago
2377 4921 2511 4969 erat.
2544 4913 2610 4968 Et
2642 4918 2876 4987 protinus
2904 4922 3232 4977 consolidant:
3259 4936 3375 4978 sunt
3406 4928 3548 4983 bases

1954 5003 2066 5073 ejus
2092 5012 2134 5057 et
2162 5002 2370 5079 planae,
2395 5006 2450 5060 8.
2479 5015 2524 5059 et
2552 5009 2787 5063 exsiliens
2812 5011 2945 5064 stetit
2962 5054 2975 5073 ,
3001 5023 3046 5066 ct
3064 5017 3372 5070 ambulabat.
3408 5019 3449 5073 Τ
3452 5036 3547 5074 cn-

1958 5104 2075 5149 tans
2102 5094 2236 5149 forte
2266 5098 2499 5165 scipsuin
2521 5140 2535 5163 ,
2584 5107 2638 5153 et
2666 5100 2922 5169 majorem
2951 5106 3340 5173 experientiaai
3376 5111 3542 5165 facie~

1957 5184 2042 5239 bat
2069 5227 2084 5251 ,
2119 5202 2243 5238 unm
2273 5186 2467 5241 frustra
2497 5188 2546 5241 id
2574 5189 2770 5244 factum
2803 5203 2965 5248 αδδιδι.
3000 5195 3200 5251 lotirmi
3233 5199 3349 5268 ejus
3379 5202 3544 5270 pedes

1956 5289 2145 5343 erant,
2179 5296 2281 5333 non
2334 5281 2580 5337 abscissi.
2616 5284 2840 5350 Quidam
2872 5302 3001 5340 vero
3029 5284 3213 5343 dicunt
3260 5290 3430 5358 ipsinn
3461 5295 3546 5345 iuo-

1955 5371 2151 5427 ccderc
2180 5374 2486 5427 nescivisse.
2519 5373 2581 5428 Et
2606 5375 2810 5430 intravit
2838 5394 2949 5430 cum
2973 5379 3074 5431 illis
3101 5396 3151 5431 tn
3175 5379 3415 5449 templum
3441 5400 3551 5434 mn-

1957 5464 2158 5518 bulans.
2195 5463 2333 5517 Vere
2367 5464 2721 5521 admiratione
2773 5468 2927 5538 digna
2988 5486 3072 5523 res
3123 5481 3261 5523 erat.
3312 5470 3428 5525 Non
3473 5473 3546 5529 illi

1958 5556 2131 5625 ipsum
2156 5555 2380 5620 ducunt,
2410 5557 2502 5612 sed
2531 5562 2793 5629 sequitur,
2815 5570 2867 5614 et
2889 5561 3164 5630 sequendo
3188 5562 3554 5620 lieuefac.orcs

1955 5648 2226 5712 ostendit;
2256 5656 2417 5717 atque
2444 5648 2603 5703 etiam
2635 5651 2775 5719 quod
2803 5651 3058 5704 cxsilicns
3085 5650 3327 5707 laudaret
3355 5655 3545 5726 Deum,

1956 5756 2066 5797 non
2095 5740 2214 5795 illos
2249 5740 2561 5795 admirando
2590 5741 2759 5795 lauda.
2786 5756 2832 5805 s,
2862 5741 2956 5795 sed
2984 5743 3170 5811 Deum,
3200 5747 3288 5816 qui
3319 5763 3411 5818 per
3436 5751 3557 5809 illos

1958 5845 2212 5906 operatus
2240 5843 2375 5889 erat.
2428 5833 2498 5888 Ita
2530 5843 2681 5904 grato
2711 5833 2791 5887 vir
2818 5834 2999 5887 animo
3036 5845 3174 5894 erat.
3225 5838 3330 5897 Sed
3366 5842 3547 5911 priora
