4092 6456
565 347 626 403 τι
1322 336 1381 396 s.
1421 332 1696 393 tosnxts
1731 325 2202 384 CilitYSOSTOiiI
2245 324 2560 379 Attcunar.
2603 324 3133 383 coxsna'rtxoe.
3770 344 3830 402 π

569 471 891 532 repetamus.
926 454 1270 510 Ascemlebant
1293 491 1311 518 ,
1358 451 1550 520 inquit,
1593 448 1660 500 ad
1696 448 1871 500 Irarum
1909 443 2152 530 orationis

564 568 782 606 nonani.
838 547 1104 604 Fortassis
1133 544 1224 598 iilo
1259 551 1498 610 tempore
1527 533 1866 606 deportatum
1907 519 2154 588 claudmn

570 646 929 716 deponebant,
961 639 1175 711 quando
1203 652 1436 692 ntaxune
1467 634 1764 688 inlrabatur
1789 631 1840 684 ιιι
1876 619 2153 695 templum.

569 739 645 794 Ne
666 738 782 806 quis
803 738 933 790 vero
960 732 1188 803 putaret,
1212 730 1280 784 ob
1297 729 1453 782 aliam
1478 741 1589 780 rem
1614 725 1951 794 deportatum
1972 719 2155 784 fuisse,

568 839 624 885 et
651 845 756 882 non
802 839 856 880 ut
894 826 1200 894 acciperet;
1247 821 1367 874 vide
1419 817 1686 888 quomodo
1725 813 1776 868 id
1803 813 1949 868 clare
1991 810 2158 880 signi-

570 924 724 987 licet,
768 917 998 974 dicendo
1031 933 1045 970 :
1078 912 1341 968 Ponebanl
1371 911 1516 964 illunt
1547 920 1600 960 ut
1630 906 1997 974 eleemosynant
2020 899 2160 953 acci-

570 1024 707 1084 peret
733 1010 795 1066 ab
821 995 1190 1064 introeuntibus
1219 1005 1270 1057 in
1308 1003 1569 1072 templum.
1615 993 1738 1053 ideo
1765 1005 1820 1050 et
1851 994 1966 1048 loca
2007 1006 2160 1045 com-

583 1112 846 1159 tuem'orat
885 1101 937 1154 itt
958 1089 1326 1169 argumentum
1351 1099 1534 1148 eorum
1572 1088 1690 1160 qua:
1723 1085 1930 1142 scribit.
1955 1083 2020 1137 Et
2041 1097 2155 1146 cur,

571 1195 800 1266 inquies,
819 1192 968 1248 illum
989 1207 1092 1244 non
1107 1183 1323 1244 Christo
1345 1173 1706 1239 adduxerunt?
1729 1178 1884 1233 Forte
1902 1171 2161 1231 increduli

570 1265 727 1342 erant
765 1286 838 1351 ii,
888 1283 974 1352 qui
1018 1280 1216 1349 templo
1247 1277 1555 1332 assidebant
1581 1315 1596 1340 ,
1629 1265 2062 1343 Quandoquidem
2092 1279 2160 1320 ne

570 1377 826 1446 apostolis
847 1375 1060 1445 quidem
1082 1372 1254 1441 ipsum
1274 1369 1612 1430 obtulerunt,
1635 1380 1754 1418 cum
1781 1360 2023 1415 viderent
2042 1357 2161 1411 illos

569 1469 773 1540 ingredi
797 1508 814 1536 ,
855 1477 974 1537 post
1003 1475 1080 1519 tot
1105 1464 1246 1519 edita
1279 1459 1554 1514 miracula.
1587 1455 1839 1528 Rogabat,
1874 1451 2063 1523 ittquit,
2105 1449 2160 1502 ut

571 1562 940 1630 eleemosynam
969 1556 1238 1624 acciperet.
1281 1551 1320 1606 F
1327 1563 1441 1606 orte
1467 1566 1531 1604 es
1559 1548 1745 1603 habitu
1774 1545 1892 1600 illos
1918 1553 1974 1598 ut
1999 1557 2160 1613 quos-

574 1653 696 1704 dam
731 1654 846 1720 pios
872 1649 1016 1702 viros
1041 1643 1401 1708 existimavit;
1431 1639 1658 1710 ideoque
1688 1638 1912 1692 detinuit
1935 1650 2049 1690 eos.

645 1738 830 1795 Petrus
869 1740 1020 1809 quam
1062 1739 1256 1790 alienus
1293 1740 1324 1787 a
1367 1730 1755 1803 {estw—Vide
1797 1729 1996 1792 autem,
2027 1741 2158 1798 quo-

571 1833 730 1887 modo
755 1830 990 1887 Joannes
1031 1829 1225 1897 ubique
1251 1826 1438 1888 sileat;
1484 1823 1673 1878 Petrus
1700 1835 1826 1876 vero
1855 1821 2016 1876 etiam
2060 1834 2159 1888 pro

572 1927 664 1978 illo
690 1924 948 1976 rationem
976 1919 1164 1973 reddat
1187 1937 1199 1971 :
1226 1918 1500 1987 Argentum
1527 1924 1574 1969 et
1595 1931 1777 1968 aurum
1801 1929 1897 1966 non
1919 1921 1989 1966 est
2011 1911 2155 1977 mihi,

569 2013 753 2081 inquit.
809 2009 926 2065 Non
957 2010 1120 2071 dixit,
1152 2003 1251 2062 llic
1281 2017 1389 2060 non
1420 2004 1622 2071 habeo,
1675 2014 1729 2058 ut
1763 2019 1860 2057 nos
1887 2001 2116 2056 dicimus
2139 2041 2156 2067 ,

567 2105 659 2159 sed
694 2118 941 2173 prorsus,
983 2099 1101 2156 Non
1133 2099 1325 2152 habeo.
1375 2097 1512 2164 Quid
1543 2112 1670 2167 ergo
1700 2093 1962 2149 claudus?
2005 2092 2157 2147 Mene

567 2197 859 2266 supplicem
890 2192 1166 2265 despicis?
1192 2190 1307 2244 Non
1331 2231 1345 2256 ,
1379 2190 1569 2260 inquit;
1603 2188 1696 2243 sed
1734 2188 1801 2242 de
1833 2189 1897 2240 iis
1923 2203 2041 2257 quae
2064 2185 2159 2239 Ita-

571 2288 670 2340 beo
699 2287 900 2355 accipe.
961 2283 1165 2345 Viden‘,
1197 2281 1468 2350 quomodo
1495 2295 1524 2332 a
1552 2281 1688 2332 fastu
1715 2278 1920 2332 alienus
1956 2278 2026 2331 sit
2055 2271 2157 2331 Pe-

570 2384 684 2434 trus
708 2421 722 2445 ,
759 2393 856 2432 nec
885 2383 944 2431 s’e
973 2384 1206 2429 os‘cntct
1235 2375 1394 2427 etimt
1427 2373 1474 2426 ei
1499 2413 1515 2438 ,
1566 2371 1656 2441 qui
1687 2375 1716 2424 a
1752 2385 1810 2425 se
1841 2369 2157 2424 beneﬁcium

567 2481 883 2539 accepturus
910 2461 1034 2522 est?
1075 2464 1148 2521 Os
1177 2465 1350 2533 itaque
1378 2468 1432 2516 et
1463 2469 1653 2515 manus
1684 2469 1851 2514 totum
1886 2459 2153 2514 iecerunt.

568 2561 729 2616 Tales
754 2567 907 2615 erant
945 2557 1112 2613 Judaei
1161 2557 1525 2610 claudicantes
1563 2571 1578 2619 ;
1612 2562 1664 2606 et
1694 2568 1814 2607 cum
1847 2559 1984 2621 opus
2013 2560 2158 2606 esset

565 2660 847 2713 sanitatem
875 2663 1057 2728 petere
1078 2695 1090 2718 ,
1125 2653 1200 2706 illi
1231 2650 1410 2722 potius
1441 2649 1695 2720 pecunias
1726 2648 1979 2716 petebant
2007 2645 2156 2701 humi

563 2749 800 2820 iacentes
830 2764 841 2800 :
875 2747 962 2816 qui
995 2754 1047 2798 et
1081 2743 1198 2796 ideo
1229 2742 1427 2812 templo
1454 2739 1762 2794 asside’bant
1787 2781 1802 2805 ,
1833 2748 1889 2792 ut
1917 2736 2156 2792 ditaren-

567 2852 670 2895 tur.
729 2838 864 2907 Quid
909 2838 1065 2907 igitur
1104 2835 1341 2890 Petrus?
1401 2831 1515 2887 Non
1559 2831 1806 2901 despexit
1845 2844 2004 2894 eum,
2049 2847 2156 2884 non

565 2933 782 2987 divitem
813 2928 1087 3000 qua:sivit,
1118 2940 1219 2980 nec
1245 2925 1416 2988 dixit,
1457 2922 1566 2977 Nisi
1601 2923 1653 2976 in
1681 2923 1772 2976 iiio
1801 2919 1890 2976 liat
1922 2922 2156 2976 miracu-

567 3026 674 3079 lum
701 3065 716 3087 ,
763 3020 894 3074 nihil
927 3032 1176 3088 magnum
1207 3017 1310 3070 erit
1343 3032 1356 3068 :
1389 3031 1492 3067 non
1529 3014 1788 3067 honorem
1819 3012 2156 3082 exspectavit

567 3114 635 3168 ab
662 3113 776 3176 illo,
807 3126 977 3180 neque
1011 3107 1363 3178 pra'sentibus
1393 3103 1712 3174 quibusdam
1737 3105 1942 3158 curavit
1971 3103 2152 3158 illum:

566 3215 683 3260 erat
710 3204 850 3257 enim
882 3201 961 3254 vir
991 3203 1040 3254 in
1073 3201 1314 3268 ingressu
1341 3239 1356 3264 ,
1389 3213 1495 3251 non
1529 3196 1672 3250 intus
1694 3237 1708 3260 ,
1753 3196 1840 3248 ubi
1876 3207 1990 3251 erat
2023 3195 2158 3250 utul-

569 3297 762 3352 titudo.
786 3296 848 3348 At
879 3293 1008 3348 nihil
1032 3293 1224 3346 borum
1252 3291 1496 3361 (pnesivit
1519 3289 1728 3355 Petrus,
1759 3304 1931 3360 neque
1954 3292 2160 3361 ingrcs-

569 3405 662 3444 sus
691 3387 1028 3458 praedicavit,
1073 3385 1166 3438 sed
1207 3399 1274 3438 ex
1303 3383 1418 3436 solo
1446 3379 1628 3436 habitu
1655 3381 1902 3435 claudum
1930 3384 2151 3437 attraxit

571 3482 636 3538 ad
683 3480 990 3552 petendum.
1023 3475 1283 3546 Quodque
1315 3476 1506 3528 mirum
1535 3484 1613 3528 est
1640 3515 1654 3539 ,
1708 3474 1796 3527 ille
1827 3477 2005 3528 statim
2035 3489 2154 3528 cre-

571 3575 722 3630 didit.
771 3573 901 3628 Nam
930 3572 1018 3640 qui
1050 3587 1079 3623 a
1118 3569 1338 3623 diutinis
1380 3568 1579 3621 morbis
1611 3567 1814 3620 liberati
1858 3576 2020 3632 sunt,
2066 3571 2184 3622 vix-

567 3670 790 3725 ercdunt
813 3669 976 3722 etiam
1003 3679 1064 3718 ea
1089 3677 1207 3734 qua?
1241 3661 1437 3716 vident.
1472 3661 1538 3714 Et
1567 3670 1781 3714 sanatus
1810 3659 2004 3715 deinde
2033 3676 2153 3714 cum

569 3758 829 3832 apostolis
855 3768 991 3822 erat,
1018 3756 1219 3826 gratias
1249 3769 1414 3824 agens
1444 3753 1571 3806 Deo.
1604 3750 1668 3804 Et
1696 3751 1926 3818 intravit,
1960 3750 2150 3821 inquit,

573 3869 688 3906 cum
714 3852 816 3905 illis
843 3851 896 3902 in
933 3845 1210 3917 templum,
1241 3845 1506 3898 ambulans
1527 3885 1540 3908 ,
1587 3844 1822 3897 exsiliens
1848 3854 1895 3896 et
1937 3843 2156 3896 laudans

573 3945 756 3997 Deum.
1023 4013 1028 4017 ε

641 4035 697 4089 2.
743 4032 872 4088 Vide
892 4075 907 4096 ,
939 4029 1206 4100 quomodo
1235 4043 1338 4083 non
1369 4029 1610 4098 quiescat
1636 4065 1651 4091 ,
1681 4037 1791 4081 tum
1822 4042 1890 4082 ex
1921 4025 2149 4098 gaudio,

574 4139 685 4183 tum
717 4135 773 4180 ut
810 4119 1010 4180 Judaeis
1035 4137 1128 4176 ora
1158 4122 1420 4175 obstruat.
1453 4112 1522 4176 Ut
1549 4131 1727 4174 autem
1758 4121 1968 4175 videtur
1999 4120 2151 4186 mihi,

572 4230 638 4276 ne
673 4218 945 4274 videretur
981 4214 1234 4271 ementita
1275 4228 1393 4278 res,
1443 4213 1561 4267 ideo
1604 4214 1714 4282 ipse
1752 4213 1965 4267 saltavit
2000 4231 2013 4268 :
2055 4205 2155 4269 hoc

569 4313 711 4367 enim
743 4309 888 4363 nullo
915 4306 1074 4361 modo
1101 4305 1338 4359 simulari
1372 4312 1597 4374 poterat.
1631 4303 1730 4372 Qui
1761 4307 1904 4358 enim
1932 4305 2155 4358 omnino

571 4417 678 4455 non
709 4406 918 4470 poterat
960 4395 1248 4461 incedere,
1300 4396 1438 4448 [ςιιιε
1480 4394 1638 4447 etiam
1672 4403 1933 4464 cogente;
1982 4409 2156 4466 neque

572 4494 717 4548 enim
762 4489 1018 4543 voluisset
1056 4502 1178 4540 cum
1212 4486 1403 4556 baiulis
1441 4487 1813 4556 eleemosynas
1842 4488 2024 4557 partiri
2050 4530 2064 4554 ,
2110 4490 2154 4543 si

572 4585 719 4640 solus
748 4583 826 4637 ire
854 4581 1150 4650 potuisset;
1182 4579 1346 4632 multo
1375 4580 1542 4649 magis
1572 4589 1715 4633 tunc.
1757 4582 2035 4648 Quomodo
2062 4598 2158 4636 au-

573 4685 680 4730 tem
720 4673 1023 4728 sintuiasset
1051 4672 1102 4724 in
1132 4671 1354 4740 gratiam
1385 4686 1568 4725 eorum
1593 4713 1608 4737 ,
1641 4672 1728 4741 qui
1761 4671 2156 4745 elecmosynam

576 4783 682 4820 non
713 4763 1013 4818 dederant?
1042 4762 1146 4817 Sed
1178 4762 1311 4832 grati
1339 4760 1503 4816 animi
1531 4762 1610 4815 vir
1636 4773 1768 4828 erat,
1804 4764 1965 4818 etiam
1994 4767 2156 4836 adep-

577 4869 659 4910 tus
689 4857 990 4909 sanitatem.
1025 4851 1281 4924 Utrinque
1303 4869 1431 4922 ergo
1461 4853 1632 4908 lideiis
1659 4855 1981 4925 ostenditur,
2007 4868 2062 4913 et
2088 4874 2154 4914 ex

575 4948 861 5018 gratiarum
893 4945 1103 4999 actione
1122 4985 1136 5009 ,
1179 4955 1235 5000 et
1261 4960 1326 5000 ex
1354 4960 1420 4999 eo
1449 4945 1590 5014 quod
1621 4947 1832 5000 aecidit.
1880 4948 1996 5003 Non
2025 4965 2156 5005 sane

583 5038 822 5092 imnibus
850 5040 1008 5093 notus
1033 5045 1185 5102 erat;
1239 5035 1378 5092 unde
1405 5046 1459 5092 ct
1487 5038 1852 5107 agnoscebant
1880 5040 2050 5094 illum.
2098 5034 2152 5096 9.

583 5131 640 5190 Et
683 5130 807 5185 uidit
837 5145 953 5183 eum
979 5167 994 5194 ,
1039 5127 1241 5197 inquit,
1288 5129 1449 5182 omnis
1492 5129 1711 5199 populus
1739 5129 2077 5185 ambulantem
2106 5142 2156 5186 et

587 5222 863 5285 uiritantem
895 5221 1077 5275 Deum.
1109 5220 1195 5275 i0.
1227 5218 1702 5292 Cognoscebuntque
1728 5224 1894 5292 ipsum
1921 5239 2046 5286 esse.
2068 5227 2156 5297 qui

587 5317 643 5370 iul
676 5316 1047 5382 clcemosgnam
1079 5311 1277 5363 sedebat
1304 5311 1372 5362 ad
1400 5310 1695 5380 Speciosam
1726 5325 1922 5383 portam
1962 5315 2157 5385 templi.

576 5407 718 5459 item:
745 5406 882 5459 dixit
907 5447 921 5469 ,
961 5402 1336 5474 Cognoscebant
1365 5419 1383 5456 :
1411 5418 1536 5456 nam
1567 5415 1748 5472 postea
1779 5423 1880 5460 non
1909 5408 2160 5477 Cognosci

577 5504 736 5562 impii
767 5513 779 5546 :
815 5499 912 5548 hac
938 5495 1136 5564 quippe
1175 5507 1305 5547 voce
1349 5495 1548 5547 utimur
1587 5497 1728 5549 circa
1767 5512 1896 5564 eos,
1941 5499 2030 5568 qui
2074 5500 2159 5554 vix

572 5592 946 5649 agnoscuntur.
965 5586 1121 5641 Credi
1144 5598 1274 5655 ergo
1293 5587 1592 5654 oportebat,
1615 5589 2016 5644 nontenCitristi
2041 5608 2138 5662 pec

580 5680 696 5722 cata
723 5671 992 5730 dimittere
1015 5717 1032 5744 ,
1061 5678 1202 5747 quod
1233 5685 1377 5730 tanta
1405 5690 1736 5748 operaretur.
1767 5681 1787 5734 i
1810 5683 1854 5734 l.
1879 5680 2006 5736 Cum
2031 5692 2164 5735 tene-

576 5769 651 5811 ret
680 5769 844 5813 autent
869 5763 913 5818 is
935 5804 952 5831 ,
979 5769 1066 5837 qui
1090 5781 1304 5824 sanatus
1330 5774 1517 5840 fuerat,
1547 5771 1760 5826 Petrum
1793 5783 1840 5829 et
1870 5771 2124 5830 Joannem
2145 5817 2160 5845 ,

2265 441 2496 526 convenit
2541 443 2707 496 omnis
2750 445 2975 513 populus
3012 444 3079 496 ad
3129 443 3378 510 porticum
3415 463 3528 517 qua
3567 459 3834 523 appellatur

2263 529 2578 597 Salomonis,
2609 543 2882 601 stupentes.
2915 534 2990 587 lix
3020 533 3390 589 benevdlentia
3416 546 3470 592 et
3491 542 3716 600 amicitia
3737 565 3832 604 non

2261 623 2607 708 separabatur
2644 624 2713 678 ab
2744 624 2872 692 ipsis
2903 619 3124 679 claudus
3145 667 3158 688 ,
3208 622 3435 684 fortasse
3468 633 3662 702 gratias
3688 639 3835 708 agens

2261 703 2315 768 et
2341 714 2561 769 laudans
2585 716 2722 769 illos.
2755 714 2821 768 Et
2845 715 3158 781 occurrebat,
3193 719 3394 788 inquit,
3431 725 3591 778 omnis
3616 703 3834 796 papulas.

2266 804 2352 859 12.
2395 802 2582 859 Videtis
2609 819 2776 860 autem
2805 805 2921 860 illos
2954 807 3166 874 Petrus,
3197 813 3478 880 respondit.
3516 815 3712 873 Rursus
3737 818 3838 889 ipse

2263 906 2319 951 et
2344 910 2595 966 operatur
2621 907 2674 953 et
2702 899 3073 956 concionatur.
3105 899 3242 955 Tmn
3271 903 3486 972 quidem
3529 907 3646 961 illos
3669 911 3732 963 id
3756 929 3838 966 au-

2263 989 2516 1044 diendum
2544 993 2794 1046 excitavit
2822 994 3119 1062 linguarum
3149 995 3485 1060 miraculum,
3518 1013 3654 1054 nunc
3677 1009 3836 1058 autem

2264 1079 2367 1134 hoc
2393 1081 2600 1152 signum
2627 1100 2639 1137 :
2665 1093 2720 1138 et
2746 1095 2870 1138 tunc
2897 1084 3178 1138 exordium
3207 1085 3358 1140 duxit
3383 1103 3412 1139 a
3452 1088 3690 1156 crimine,
3712 1109 3836 1149 nunc
3893 1083 3898 1090 ’

2264 1171 2331 1225 ab
2360 1172 2632 1241 opinione.
2685 1174 2970 1229 Videamus
3015 1187 3194 1230 autem
3216 1217 3232 1243 ,
3273 1176 3400 1246 quid
3427 1178 3493 1234 ab
3524 1179 3612 1235 illa
3647 1180 3836 1239 dill'erat

2265 1263 2380 1318 lucc
2405 1269 2626 1333 concio,
2659 1277 2713 1321 et
2741 1267 2867 1337 quid
2903 1283 3189 1324 conuuunc
3219 1285 3338 1323 cum
3384 1270 3473 1326 illa
3515 1273 3718 1328 habeat.
3749 1275 3832 1330 illa

2264 1355 2408 1410 domi
2441 1358 2599 1415 fiebat
2619 1401 2634 1426 ,
2665 1375 2785 1412 cum
2817 1375 2975 1415 nemo
3006 1361 3180 1415 adhuc
3209 1363 3538 1428 accessisset,
3571 1380 3666 1420 nec
3695 1368 3836 1436 quid.

2263 1449 2404 1518 piam
2434 1450 2504 1503 illi
2531 1453 2734 1520 operati
2768 1451 3030 1517 fuissent;
3067 1450 3181 1508 hzee
3210 1469 3338 1508 vero
3364 1456 3611 1510 omnibus
3652 1458 3834 1513 miran-

2265 1542 2406 1596 tibus
2431 1585 2443 1605 ,
2499 1540 2588 1596 illo
2615 1546 2704 1613 qui
2736 1554 2952 1599 sanatus
2985 1545 3161 1599 fuerat
3193 1561 3359 1616 prape
3388 1546 3629 1602 adstante
3651 1589 3665 1613 ,
3697 1549 3831 1602 nullo

2263 1631 2571 1698 dubitante,
2620 1631 2679 1687 ιιι
2723 1643 2876 1698 tunc,
2926 1638 3045 1689 eum
3090 1634 3304 1705 quidam
3346 1636 3594 1692 dicebant
3637 1638 3834 1692 :Musto

2263 1721 2400 1791 pleni
2423 1733 2536 1777 situt
2587 1723 2739 1795 (Act.
2777 1724 2832 1778 2.
2868 1715 2930 1781 l3
2958 1727 2996 1795 ).
3041 1724 3106 1779 Et
3150 1734 3274 1780 tunc
3315 1724 3407 1782 ille
3446 1735 3565 1782 curii
3605 1727 3834 1797 apostolis

2263 1815 2512 1869 omnibUs
2551 1815 2868 1884 loquebatur
2891 1857 2906 1881 ,
2957 1819 3098 1870 nunc
3134 1820 3255 1872 cum
3305 1819 3422 1872 solo
3463 1813 3664 1873 Joanne
3695 1836 3707 1871 :
3737 1820 3832 1888 jam

2262 1906 2404 1958 enim
2436 1907 2525 1961 iiie
2551 1915 2606 1960 et
2634 1907 2988 1962 conﬁdentius
3018 1908 3253 1977 loquitur
3277 1918 3332 1962 et
3377 1909 3753 1964 vehementius.

2343 1999 2512 2054 Virtus
2529 2018 2724 2070 semper
2740 2004 2940 2072 pro/icit
2960 2045 2975 2068 ,
3009 2021 3281 2074 numquam
3317 2002 3534 2077 gradum
3555 2006 3696 2058 sistit.
3725 2003 3832 2056 Pec-

2263 2104 2376 2148 cata
2405 2106 2520 2148 sunt
2557 2096 2983 2164 spina—Talis
3017 2098 3212 2168 quippe
3244 2115 3330 2154 res
3357 2109 3439 2154 est
3469 2100 3631 2153 virtus
3659 2115 3672 2152 :
3700 2097 3832 2152 initio

2263 2195 2480 2255 sumpto
2510 2185 2868 2256 progreditur,
2899 2197 2952 2241 ct
2979 2204 3266 2260 numquam
3293 2191 3514 2260 gradum
3541 2189 3694 2244 sistit.
3718 2187 3832 2242 Vide

2263 2285 2438 2331 autem
2497 2279 2766 2347 quomodo
2809 2281 3078 2349 provisum
3125 2281 3214 2348 sit,
3249 2292 3305 2337 ut
3337 2283 3394 2338 in
3425 2283 3617 2352 templo
3645 2281 3830 2352 signum

2265 2368 2436 2436 lierct,
2466 2379 2520 2423 ιιι
2538 2381 2589 2424 et
2608 2369 2695 2424 alii
2727 2373 3078 2428 conﬁderent.
3105 2373 3287 2444 Neque
3309 2377 3453 2430 enim
3474 2376 3524 2430 in
3551 2375 3732 2444 angulo
3759 2373 3830 2426 vel

2264 2461 2400 2515 ciam
2426 2459 2552 2516 illud
2583 2473 2909 2533 operantur;
2951 2477 3006 2520 at
3058 2472 3233 2537 neque
3275 2468 3415 2523 intra
3446 2467 3726 2538 templum,
3754 2463 3830 2518 ubi

2265 2559 2456 2622 magna
2491 2554 2606 2608 erat
2635 2556 2940 2610 Imdtitudo.
2979 2557 3259 2624 Quomodo
3298 2571 3502 2624 autem,
3537 2559 3753 2628 inquies,
3781 2551 3826 2607 id

2262 2646 2520 2702 creditum
2544 2645 2677 2702 fuit?
2705 2645 2835 2716 Quia
2870 2651 2913 2703 is
2936 2651 3067 2718 ipse,
3095 2651 3184 2720 qui
3207 2661 3432 2706 sanatus
3467 2651 3652 2713 fuerat,
3684 2649 3829 2702 bene-

2262 2737 2438 2791 ﬁcium
2475 2736 2812 2807 pratdicabat.
2846 2739 3026 2810 Neque
3055 2743 3195 2796 enim
3235 2745 3494 2798 mentitus
3521 2741 3715 2802 fuisset,
3743 2753 3826 2790 nc-

2267 2843 2374 2898 que
2401 2829 2467 2883 ad
2495 2831 2628 2884 alios
2676 2827 2931 2900 quosdam
2960 2833 3210 2887 venisset.
3244 2834 3409 2904 Igitur
3435 2835 3518 2888 ubi
3547 2835 3700 2887 latum
3726 2833 3830 2894 spa-

2263 2916 2393 2972 tium
2417 2930 2554 2985 erat,
2583 2920 2654 2974 ibi
2672 2921 2878 2991 signum
2906 2924 3108 2991 Operati
3135 2935 3257 2978 sunt
3280 2942 3293 2989 ;
3322 2925 3475 2996 quasi
3508 2929 3647 2977 locus
3675 2933 3832 2974 semo-

2264 3019 2348 3066 tus
2390 3023 2552 3067 esset.
2599 3012 2667 3066 Et
2712 3013 2830 3068 vide
2871 3013 2996 3082 quid
3029 3017 3221 3069 factum
3283 3017 3371 3070 sit.
3422 3015 3499 3071 Ad
3539 3015 3686 3067 aliam
3729 3009 3828 3063 rem

2265 3104 2583 3169 ascendunt,
2624 3114 2680 3159 et
2725 3105 2868 3160 aliud
2913 3117 3219 3176 operantur.
3249 3108 3340 3164 Sic
3373 3120 3428 3165 et
3449 3105 3717 3162 Cornelius
3741 3099 3828 3153 alia

2258 3195 2507 3265 jejunans
2536 3197 2873 3266 precabatur,
2924 3206 2977 3251 et
3019 3199 3123 3252 alia
3173 3199 3334 3253 videt.
3371 3201 3633 3256 liactenus
3658 3192 3830 3256 ubique

2261 3284 2531 3352 Christum
2557 3287 2890 3343 NaZarenunt
2919 3290 3203 3359 appellant.
3230 3289 3293 3345 In
3318 3293 3521 3346 nomine
3547 3287 3668 3342 Jesn
3700 3279 3831 3335 Clui-

2258 3379 2324 3433 sti
2365 3377 2648 3446 Nazareni,
2682 3378 2869 3449 inquit,
2901 3396 3052 3453 surge
3089 3393 3134 3436 et
3191 3383 3414 3438 ambula.
3459 3379 3662 3436 interitu
3703 3372 3828 3426 enini

2260 3468 2389 3523 illud
2416 3473 2774 3539 quaerebatur,
2808 3482 2862 3524 ut
2889 3473 2984 3540 ipsi
3016 3475 3346 3529 crederetur.
3383 3473 3486 3532 Sed
3517 3486 3600 3534 ne,
3629 3478 3827 3536 quzt‘a‘o.

2261 3565 2409 3618 initio
2430 3565 2688 3619 orationis
2711 3565 3016 3621 fatiscantus
3036 3585 3050 3632 ;
3071 3568 3160 3621 scd
3181 3571 3388 3623 etiamsi
3415 3569 3533 3640 quis
3555 3573 3666 3634 p051
3688 3571 3830 3612 enar-

2261 3670 2431 3714 ratum
2475 3658 2680 3714 facinus
2727 3660 2957 3726 desinat,
3011 3662 3217 3716 initimn
3268 3675 3590 3732 repetamus.
3623 3654 3675 3710 Si
3711 3649 3830 3703 bene

2259 3751 2434 3806 allecti
2464 3751 2651 3816 simus,
2680 3753 2786 3806 cito
2807 3751 2872 3805 ad
2906 3751 3062 3806 linem
3089 3754 3481 3823 perveniemus,
3515 3750 3618 3804 cito
3638 3741 3828 3799 culmen

2261 3844 2600 3912 attingemus.
2629 3843 2870 3896 Stmiium
2904 3845 3067 3904 enim.
3104 3846 3290 3914 inquit,
3324 3846 3556 3900 studium
3600 3837 3820 3908 generat.

2263 3936 2468 4005 ignavia
2493 3936 2778 4005 ignaviam.
2798 3937 2894 4003 Qui
2924 3933 3187 3992 modiciim
3212 3940 3481 4010 quidpiam
3507 3947 3646 3991 recte
3671 3936 3828 3998 prim-

2263 4027 2355 4084 vit.
2397 4026 2568 4095 majus
2601 4027 2870 4097 quidpiam
2917 4030 3141 4084 lidenter
3178 4033 3505 4101 aggreditur,
3541 4036 3590 4081 et
3631 4018 3826 4075 ullcrtus

2264 4119 2448 4173 tendit.
2499 4119 2576 4172 Ac
2614 4115 3058 4187 quemadmodum
3103 4123 3236 4191 ignis
3278 4132 3480 4194 quanto
3523 4117 3666 4189 plura
3706 4108 3826 4174 "8"“

2263 4211 2505 4281 corripit,
2559 4220 2706 4264 tanto
2747 4211 3111 4266 vehementior
3160 4214 3390 4270 efficitur
3425 4216 3542 4270 :sic
3589 4214 3639 4258 rt
3677 4193 3822 4254 animi

2263 4299 2442 4356 fet‘vor
2472 4311 2671 4373 quanto
2705 4299 2878 4372 plures
2907 4304 3104 4358 excitat
3146 4307 3258 4374 pias
3302 4304 3665 4378 cogitationes,
3699 4297 3826 4342 ¹²¹¹¹⁰

2266 4395 2454 4448 lortius
2479 4404 2713 4448 armatur
2741 4395 2998 4449 adversus
3027 4398 3152 4451 alia.
3197 4375 3442 4469 Exempli
3473 4405 3628 4449 causa
3661 4401 3674 4439 :
3701 4375 3827 4436 statui

2265 4490 2315 4544 in
2342 4489 2494 4544 nobis
2515 4504 2611 4542 ceu
2635 4488 2798 4558 spirae
2817 4488 3132 4558 perjurium,
3159 4491 3494 4546 mendacium
3517 4527 3531 4551 ,
3559 4471 3821 4536 siinuiatiO.

2263 4581 2435 4645 dolus,
2484 4582 2736 4649 nequitia,
2766 4581 3084 4646 convicium,
3138 4593 3456 4646 scomtnata,
3490 4579 3645 4633 risus,
3674 4558 3825 4629 tut’Pi‘

2265 4673 2466 4741 loquia,
2493 4672 2844 4727 scurrilitates
2878 4690 2890 4722 :
2924 4688 3104 4726 rursus
3126 4687 3190 4727 ex
3215 4675 3382 4729 altera
3404 4681 3568 4745 parte,
3601 4652 3824 4717 ιινςιτίίίθν

2266 4764 2470 4834 rapina,
2520 4764 2795 4834 injustitia,
2843 4763 3211 4834 sycophantia,
3255 4766 3498 4826 insidise;
3550 4749 3828 4812 iterumth

2265 4859 2693 4929 concupiscentia
2719 4860 2874 4924 mala,
2906 4861 3258 4923 immunditia,
3285 4861 3519 4921 lascivia,
3549 4837 3824 4906 fornicati".

2265 4953 2613 5016 adulterium;
2638 4967 2701 5006 ac
2727 4968 2960 5018 rursum,
2987 4951 3203 5018 invidia,
3231 4953 3510 5024 zelotypia,
3545 4946 3638 5002 ira,
3669 4935 3821 4987 furor.

2266 5045 2577 5113 injuriarum
2613 5041 2934 5108 recordatio,
2966 5043 3216 5107 vindicta,
3246 5039 3590 5114 blas‘pbcmia,
3618 5041 3668 5083 el
3692 5027 3827 5074 ῖ¹²¹¹²¹⁸

2266 5151 2413 5190 mera
2445 5135 2565 5189 talia
2600 5134 2680 5188 :si
2708 5134 2882 5203 priora
2915 5143 3058 5188 recte
3089 5112 3377 5207 egerimus,
3410 5148 3512 5189 non
3542 5124 3625 5179 illa
3652 5112 3826 5170 solum.

2267 5226 2361 5280 sed
2388 5226 2545 5279 etiam
2570 5227 2864 5294 posteriora
2891 5239 3263 5294 exsequemur.
3313 5226 3521 5281 Fortior
3546 5211 3680 5270 enim
3720 5212 3830 5254 cva-

2267 5315 2343 5370 dit
2370 5317 2579 5369 animus
2596 5315 2658 5369 ad
2682 5326 2874 5370 emtera
2903 5317 3209 5374 evertenda.
3236 5317 3391 5372 Verbi
3421 5309 3584 5386 gratia
3605 5298 3686 5370 qui
3711 5303 3830 5386 inn-

2271 5417 2379 5461 tum
2406 5409 2625 5478 iuravit,
2659 5409 2700 5459 si
2729 5409 2870 5461 hunc
2898 5410 3190 5462 satanicum
3227 5427 3425 5464 morem
3455 5408 3521 5461 de
3552 5393 3718 5452 medio
3741 5380 3827 5434 tol-

2269 5499 2358 5564 lat,
2393 5513 2498 5552 non
2531 5499 2632 5551 hoc
2659 5500 2829 5552 soimn
2878 5511 3022 5554 recte
3049 5503 3272 5569 [ml-egit.
3320 5503 3411 5556 sed
3438 5507 3490 5552 οι
3528 5490 3625 5545 an,
3678 5480 3828 5569 Piri-as

2269 5591 2479 5648 inducta
2511 5591 2634 5644 erit.
2667 5590 2854 5645 Nullus
2895 5592 3034 5646 enim
3074 5608 3178 5645 non
3205 5593 3493 5662 jurantium
3528 5574 3676 5636 facile
3705 5561 3828 5662 volet

2267 5683 2409 5735 aliud
2441 5685 2636 5736 malum
2685 5684 2930 5752 operari;
2965 5684 3058 5738 sed
3093 5701 3250 5754 quam
3281 5689 3594 5754 assequutus
3625 5673 3699 5720 εει
3727 5664 3824 5754 ‘fr:

2271 5787 2435 5831 tum"
2464 5775 2811 5830 mlcrcmml'v
2836 5745 3294 5842 Quetitadtt-ttrduut
3337 5745 3475 5836 enim
3509 5765 3591 5840 (ιιιὶ
3627 5745 3822 5829 Ρυίθίπ³
