4092 6506
279 575 343 631 τε

278 698 414 748 veste
432 680 693 746 induitur,
710 672 996 733 erubescit
1019 682 1078 725 se
1094 669 1145 722 in
1166 665 1279 721 luto
1295 662 1537 717 volutare
1557 676 1570 711 :
1589 656 1668 712 sic
1688 664 1744 709 et
1760 652 1871 708 ille.

284 784 407 841 lﬁnc
426 783 607 833 autem
632 784 703 827 eo
724 766 917 823 veniet
935 772 999 819 ut
1027 774 1133 816 nou
1158 757 1439 819 irascatur,
1486 764 1659 819 neque
1681 757 1878 841 percu:

284 828 393 940 ﬁat,
424 880 601 939 neque
628 856 1025 919 contumeliam
1070 849 1283 906 inferat.
1332 844 1388 901 Si
1438 853 1668 911 namque
1714 828 1882 891 semel

291 930 439 1040 parva
469 930 730 1032 operatus
759 950 947 1017 fuerit,
977 954 1145 1001 totum
1176 939 1471 1040 perfectum
1495 940 1599 989 est.
1624 930 1885 1031 Saepen-

292 1018 399 1116 iiieii
414 1018 758 1111 contrarium
774 1040 995 1107 accidit,
1013 1043 1072 1092 ut
1086 1033 1176 1105 qui
1193 1028 1359 1088 semel
1376 1029 1513 1085 bene
1528 1020 1735 1095 operati
1755 1018 1884 1083 sint,

294 1108 597 1219 emr'igiiavia
625 1142 682 1195 in
702 1136 897 1194 eadem
919 1129 1182 1195 recidant,
1211 1125 1284 1180 ita
1309 1131 1368 1178 ut
1392 1116 1587 1177 deinde
1610 1108 1888 1172 emendari

297 1205 717 1306 fere‘nequeant.
732 1223 979 1298 Exempli
994 1233 1153 1278 causa
1179 1235 1193 1273 :
1217 1218 1390 1286 legem
1425 1210 1581 1268 nobis
1614 1205 1891 1306 posuimus

297 1296 398 1389 non
413 1296 636 1400 iurandi
663 1320 769 1393 (α),
791 1316 861 1373 ad
879 1296 988 1371 tres
1022 1319 1316 1384 quatuorve
1333 1305 1452 1361 dies
1492 1301 1544 1358 id
1575 1296 1891 1400 observavi-

300 1389 446 1487 mus',
474 1424 603 1489 post
641 1389 757 1468 haec
773 1424 836 1465 re
863 1405 1113 1479 quapiam
1140 1405 1382 1471 urgente,
1406 1401 1576 1451 totum
1603 1389 1895 1446 collectum

301 1483 509 1572 lucrum
552 1504 946 1578 dispersimus;
977 1504 1139 1569 atque
1171 1493 1387 1549 demum
1419 1489 1473 1543 in
1518 1483 1802 1556 segnitiem
1843 1487 1899 1535 et

304 1570 743 1680 deSperatioriem
765 1593 1071 1658 incidimus,
1092 1588 1162 1643 ita
1181 1594 1239 1641 ut
1254 1582 1443 1641 eadem
1469 1577 1663 1635 deinde
1683 1570 1900 1673 aggredi

316 1663 570 1760 nolimus;
597 1701 659 1750 et
681 1691 803 1761 jure
831 1684 1069 1757 quidem.
1101 1678 1235 1735 Nam
1264 1674 1355 1747 qui
1389 1668 1591 1743 aliquid
1618 1663 1904 1761 aediﬁcavit

323 1793 437 1861 sibi,
465 1791 512 1846 si
555 1759 863 1856 collapsum
892 1776 1071 1834 videat
1097 1770 1404 1836 aediﬁcium,
1423 1766 1533 1838 jam
1579 1759 1795 1832 segnior
1822 1765 1905 1813 est

318 1886 380 1941 ad
422 1857 619 1938 rursus
658 1871 1056 1933 ardiﬁcandum.
1092 1867 1164 1923 At
1189 1879 1258 1920 ne
1287 1871 1413 1918 tunc
1448 1857 1668 1931 quidem
1693 1859 1906 1925 oportet

313 1976 550 2051 segniter
576 1984 765 2043 agere,
793 1965 890 2023 sed
910 1962 967 2020 id
989 1972 1175 2018 rursus
1191 1953 1437 2013 studiose
1455 1946 1693 2022 aggredi.

388 2132 443 2187 5.
475 2128 755 2183 Ponamus
782 2120 960 2189 itaque
986 2111 1139 2168 nobis
1163 2105 1498 2180 quotidianas
1524 2101 1670 2173 leges
1696 2104 1750 2151 et
1774 2110 1805 2148 a
1834 2091 1914 2147 fa-

318 2224 515 2281 cilibus
551 2187 919 2287 incipiamus:
945 2208 1374 2278 juramentorum
1423 2190 1780 2265 frequentiam
1824 2187 1921 2242 ab-

321 2313 660 2372 seiudamus,
708 2307 914 2360 [renum
954 2300 1289 2368 imponamus
1318 2290 1509 2358 linguae
1553 2301 1567 2337 :
1618 2295 1781 2337 nemo
1826 2291 1924 2350 per

324 2411 494 2466 Deum
516 2406 687 2474 iuret.
716 2395 900 2452 Nullus
923 2392 1011 2446 hic
1032 2396 1275 2459 sumptus
1294 2390 1395 2447 est,
1426 2378 1575 2434 labor
1596 2374 1795 2474 nullus,
1816 2384 1926 2427 non

258 2480 267 2487 ’
324 2464 582 2557 diuturna
609 2488 917 2551 meditatio;
941 2480 1137 2540 sufﬁcit
1158 2476 1320 2542 velle,
1352 2483 1409 2529 et
1428 2478 1601 2526 totum
1629 2464 1925 2538 perfectum

329 2603 411 2650 est
437 2610 452 2646 :
475 2603 604 2644 nam
624 2576 1031 2639 consuetudinis
1052 2587 1139 2630 res
1158 2578 1263 2626 est.
1286 2566 1461 2622 Etiam
1484 2576 1584 2619 oro
1606 2568 1660 2615 et
1677 2557 1927 2622 obsecro,

338 2687 496 2742 talem
528 2692 720 2738 curam
744 2673 1112 2730 adhibeamus.
1141 2664 1259 2729 Die,
1287 2672 1489 2731 qumso,
1518 2653 1670 2719 mihi,
1699 2652 1745 2707 si
1773 2662 1933 2742 pecu-

346 2774 671 2834 niasinferre
694 2769 958 2839 iuberem,
978 2773 1155 2816 annon
1187 2753 1379 2826 singuli
1398 2764 1497 2823 pro
1518 2749 1721 2804 viribus
1736 2740 1934 2799 alacri—

354 2882 433 2927 ter
449 2835 803 2924 conferrctis?
829 2856 887 2915 Si
913 2871 1000 2911 me
1030 2854 1083 2907 in
1104 2848 1357 2907 extremis
1384 2841 1634 2916 periculis
1658 2835 1933 2901 videretis,

347 2976 521 3018 annon
550 2957 621 3014 de
672 2966 835 3009 carne
861 2958 1037 3005 vestra
1066 2943 1299 2999 excisam
1337 2945 1568 3009 partem,
1594 2932 1639 2987 si
1666 2929 1782 2986 ﬁeri
1808 2941 1932 2998 pos-

344 3064 445 3120 set,
472 3046 717 3108 daretis?
742 3045 798 3099 ln
820 3054 1012 3110 magno
1032 3050 1171 3091 nunc
1193 3047 1313 3088 sum
1337 3025 1602 3101 periculo,
1627 3024 1700 3078 ita
1727 3030 1785 3076 ut
1811 3020 1856 3075 si
1885 3017 1939 3072 in

346 3161 567 3206 carcere
595 3154 795 3203 essem,
819 3137 863 3192 si
893 3133 1037 3188 mille
1057 3131 1240 3202 plagas
1268 3122 1623 3192 excepissem,
1668 3116 1713 3172 si
1744 3115 1796 3170 in
1826 3127 1942 3167 ine-

347 3242 488 3298 tallis
518 3248 759 3308 agerem.
788 3244 893 3285 non
922 3226 1089 3295 magis
1115 3221 1379 3276 dolerem.
1408 3213 1623 3269 Manum
1653 3223 1782 3279 ergo
1813 3220 1941 3277 por-

350 3336 532 3408 rigite.
553 3298 800 3398 Eogitate
851 3327 1105 3393 quantum
1135 3315 1203 3369 sit
1251 3307 1568 3381 periculum,
1596 3304 1738 3375 quod
1766 3315 1835 3408 ne
1862 3298 1946 3408 vel

351 3391 456 3484 hoc
483 3391 769 3482 minimum
794 3391 1111 3490 (minimum
1140 3419 1269 3460 vero
1314 3402 1455 3466 dico,
1485 3406 1746 3469 quantum
1771 3391 1838 3446 ad
1870 3391 1947 3445 la-

355 3512 581 3587 borem)
611 3508 827 3583 possitis
861 3502 1140 3575 perlicere.
1170 3493 1309 3561 Quid
1351 3492 1529 3547 dicam
1576 3497 1701 3542 tunc
1730 3496 1949 3539 accusa-

356 3612 481 3667 tus?
505 3576 629 3662 ei;
641 3616 746 3656 non
773 3598 1016 3652 hortatus
1043 3590 1138 3646 es?
1166 3603 1261 3643 cur
1288 3599 1394 3640 non
1435 3576 1833 3651 redarguebas?
1858 3589 1955 3631 cur

351 3719 467 3762 non
487 3693 830 3774 praecepisti?
853 3705 949 3747 cur
974 3701 1079 3742 non
1102 3685 1272 3752 legem
1304 3674 1570 3750 posuisti?
1598 3688 1696 3729 cur
1725 3686 1831 3726 non
1860 3670 1957 3725 ob-

358 3761 735 3866 temperantcs
756 3800 864 3840 non
881 3776 1164 3837 cohibuisti
1179 3775 1202 3829 ?
1219 3772 1337 3829 Non
1362 3770 1493 3824 satis
1514 3767 1619 3824 erit
1642 3763 1773 3819 mihi
1792 3761 1958 3817 dixis-

359 3861 790 3955 se,'Admonui.
816 3878 901 3942 At,
954 3869 1177 3942 inquiet,
1229 3862 1793 3937 vehementiore‘opus
1845 3861 1960 3911 erat

362 3949 742 4050 increpatione
774 3989 787 4024 :
831 3982 954 4025 nam
993 3963 1077 4021 Eli
1115 3974 1329 4034 quoque
1372 3953 1716 4013 admonebat.
1765 3949 1959 4006 Verum

368 4040 593 4129 absitnt
610 4078 709 4121 vos
728 4077 849 4119 cum
871 4058 995 4114 ﬁliis
1019 4055 1136 4127 ejus
1165 4063 1494 4121 comparem.
1522 4046 1618 4101 llle
1640 4040 1964 4098 admonebat

368 4174 429 4223 et
450 4160 669 4220 dicebat
695 4174 710 4211 :
756 4153 855 4220 Ne,
885 4149 1002 4219 ﬁlii,
1026 4165 1088 4204 ne
1135 4146 1207 4201 sic
1227 4143 1465 4216 facitote:
1490 4136 1683 4193 malum
1712 4149 1967 4189 rumorem

372 4273 466 4329 ego
485 4252 645 4308 audio
675 4250 737 4304 de
772 4244 1015 4315 vobis“.
1043 4241 1170 4310 Reg.
1199 4236 1258 4291 2.
1283 4230 1414 4307 24).
1443 4230 1549 4287 Sed
1573 4241 1798 4300 pergens
1816 4224 1965 4329 seri-

373 4319 537 4424 p'tura
566 4347 717 4413 dicit,
754 4343 927 4415 ipsum
956 4351 1064 4394 non
1106 4330 1452 4389 admonuisse
1490 4325 1630 4381 ﬁlios
1670 4335 1818 4377 suos.
1855 4319 1970 4374 lloc

330 4468 337 4475 ε
377 4412 514 4499 vero
551 4412 710 4502 dicit,
756 4412 879 4506 quia
922 4445 1028 4487 non
1057 4424 1275 4490 acriter,
1308 4436 1415 4476 non
1443 4433 1565 4475 cum
1605 4412 1972 4484 increpatione

379 4533 660 4594 monebat.
685 4505 962 4597 Quomodo
990 4520 1133 4577 enim
1153 4513 1446 4573 absurdum
1466 4523 1573 4565 non
1595 4507 1773 4573 fuerit,
1801 4505 1854 4559 in
1884 4517 1974 4574 sy-

383 4625 611 4699 nagogis
637 4595 940 4679 inﬁmorum
964 4615 1036 4669 ita
1057 4622 1273 4667 severas
1300 4606 1446 4675 leges
1463 4617 1602 4667 esse,
1632 4598 1732 4656 etsi
1763 4596 1853 4669 qui
1873 4595 1973 4651 do-

386 4689 487 4778 cet
502 4689 738 4786 imperet
776 4709 953 4764 omnia
1003 4703 1150 4768 ﬁeri;
1179 4698 1268 4755 hic
1295 4709 1423 4752 vero
1462 4707 1563 4749 nos
1592 4692 1665 4747 ita
1693 4689 1978 4758 despectos

389 4822 444 4868 et
470 4779 714 4880 abiectos
758 4798 916 4858 esse?
961 4794 1078 4852 Non
1124 4790 1349 4864 gloriam
1401 4799 1575 4841 meam
1612 4796 1743 4837 curo
1773 4779 1979 4852 :gloria

392 4874 593 4976 quippe
618 4911 737 4953 mea
779 4902 861 4950 est
881 4899 1054 4944 vestra
1090 4883 1311 4957 probata
1338 4879 1445 4935 vita
1469 4893 1485 4944 ;
1514 4874 1607 4931 sed
1635 4874 1863 4930 salutem
1892 4887 1985 4925 vc—

400 4967 564 5051 ἐιτὲιῆ
591 5003 792 5063 quaero.
816 4980 1063 5054 Quotidie
1086 4978 1401 5040 clamamus,
1424 4971 1736 5027 insonamus
1752 4967 1804 5021 in
1828 4979 1986 5021 aures

413 5060 639 5149 vestras;
668 5091 726 5137 et
747 5092 904 5133 nemo
935 5083 1016 5131 est
1038 5071 1129 5143 qui
1153 5068 1358 5135 audiat,
1393 5063 1496 5122 etsi
1535 5060 1671 5119 nihil
1692 5060 1988 5116 vehemen—

418 5181 524 5234 tius
548 5175 891 5246 proferamus.
920 5168 1128 5230 Timeo,
1180 5178 1250 5219 ne
1286 5159 1676 5230 intempestiva
1715 5162 1771 5210 et
1808 5153 1988 5209 nimia:

413 5270 745 5341 indulgentiae
763 5267 819 5321 in
840 5264 1016 5320 futuro
1036 5259 1130 5314 illo
1141 5256 1229 5313 die
1243 5255 1504 5312 rationem
1532 5249 1837 5308 reddamus.
1866 5246 1993 5302 Ideo

406 5383 597 5440 magna
613 5374 667 5422 et
691 5364 836 5420 clara
862 5372 995 5415 voce
1019 5353 1268 5411 omnibus
1283 5348 1518 5422 praedico
1538 5356 1594 5403 et
1621 5343 1910 5409 testiﬁcor;
1940 5348 2017 5395 ut.

406 5437 605 5534 qni‘sic
630 5456 1070 5530 pmvaricantur,
1098 5447 1295 5518 quique
1319 5458 1406 5508 ea,
1435 5455 1555 5511 qua:
1590 5437 1813 5508 maligni
1848 5445 1996 5502 sunt,

409 5528 703 5625 loquuntur
745 5545 887 5623 (hoc
925 5550 1011 5599 est
1042 5541 1184 5595 enim
1224 5530 1627 5606 juramentum)
1656 5572 1673 5599 ,
1720 5544 1790 5585 ne
1816 5528 2001 5583 limina

412 5620 774 5703 ecclesiastica
797 5633 1113 5694 ascendant.
1141 5629 1506 5687 Praestitutum
1534 5640 1664 5680 vero
1694 5632 1908 5694 tempus
1933 5620 2004 5675 sit

413 5738 573 5797 vobis
594 5736 681 5793 hic
718 5733 947 5797 mensis,
995 5737 1054 5783 ut
1100 5723 1461 5797 corrigamini.
1489 5721 1569 5779 Ne
1595 5719 1728 5775 mihi
1757 5716 2001 5774 dixeris:

482 5928 553 5989 (α)
585 5925 754 5989 Contra
766 5919 1347 5989 juramenta'stepissnne
1367 5915 1680 5989 epncionkatus
1705 5913 1782 5989 est
1805 5907 2007 5989 Chryse:

421 5969 878 6051 ξιδιῖἷυεῖῖιῖἶνῖόῖἔέ
907 5980 1049 6032 estin
1065 5969 1283 6028 ilni'niliis
1306 5986 1363 6024 au
1383 5969 1932 6031 Antiochenosﬂomxt,
1960 5975 2006 6017 et

1173 550 1238 606 ΙΝ
1279 545 1455 603 ACTA
1533 531 2062 596 APOSTOLOBUM.
2101 526 2335 586 llOMlL.
2379 523 2511 580 Vill.

3515 509 3583 568 ἠ

1991 647 2073 702 hic
2105 642 2440 713 negotiorum
2470 646 2623 708 urget
2648 633 2960 699 necessitas,
2985 631 3105 703 quia
3134 629 3265 686 ﬁdes
3291 644 3397 686 non
3422 628 3585 687 hahe-

1991 747 2076 793 tur
2104 734 2255 791 mihi.
2281 731 2498 788 Interim
2521 729 2608 784 illa
2634 743 2701 783 ex
2744 724 3133 783 consuetudine
3161 724 3464 795 iuramenta
3488 737 3580 780 re-

1991 842 2166 883 move.
2198 824 2323 882 Seio
2347 821 2607 894 quosdam
2631 834 2770 884 esse,
2800 818 2891 890 qui
2914 833 3010 873 nos
3028 816 3361 883 irridebunt;
3392 826 3448 872 at
3470 830 3583 873 me~

1991 921 2096 977 lius
2150 928 2235 976 est
2283 933 2382 974 nos
2427 930 2570 971 nunc
2618 912 2852 978 irrideri,
2890 926 3050 983 quam
3101 919 3229 966 tunc
3277 911 3366 967 uri
3395 908 3583 967 :ride-

1993 1013 2127 1070 bunt
2154 1023 2334 1067 autem
2360 1009 2556 1066 insani.
2589 1007 2720 1075 Quis
2746 1005 2914 1072 enim,
2943 1018 3150 1076 quaeso,
3199 1002 3346 1058 sanat
3389 1002 3587 1059 mentis

1995 1106 2065 1164 de
2106 1112 2320 1161 servato
2347 1108 2617 1174 praecepto
2649 1096 2886 1155 ridebit?
2911 1094 3066 1165 Quod
3095 1094 3138 1151 si
3166 1093 3445 1163 irrideant,
3479 1108 3585 1149 non

1998 1212 2119 1264 nos,
2158 1195 2256 1252 sed
2282 1194 2557 1251 Christum
2604 1188 2922 1246 irridebunt.
2977 1186 3327 1244 lnhorrnistis
3373 1185 3442 1241 ad
3486 1185 3595 1241 talo

2000 1289 2224 1346 dictum.
2246 1287 2360 1344 Hoc
2380 1286 2519 1343 bene
2535 1284 2679 1341 novi.
2698 1283 2754 1340 Si
2775 1297 2876 1354 ego
2902 1283 3041 1339 hanc
3055 1280 3226 1352 legem
3242 1279 3594 1348 induxissem,

2000 1398 2091 1440 me
2118 1383 2257 1439 risus
2276 1380 2369 1437 ille
2393 1386 2664 1451 spectaret
2690 1394 2704 1444 ;
2731 1378 2777 1432 si
2804 1383 2985 1432 autem
3012 1374 3151 1429 alius
3182 1372 3460 1445 Iegislator
3485 1380 3595 1440 est,

2003 1478 2072 1535 ad
2099 1477 2248 1533 illum
2274 1474 2471 1532 transit
2498 1473 2696 1529 irrisio.
2731 1471 2849 1542 Ipse
2884 1468 3130 1525 Christus
3154 1467 3446 1541 aliquando
3468 1483 3603 1524 con-

2004 1583 2195 1647 sputus
2218 1581 2323 1641 est,
2360 1580 2523 1643 atque
2552 1571 2604 1625 in
2647 1568 2919 1625 maxillam
2964 1579 3277 1639 percussus,
3331 1574 3388 1623 et
3431 1565 3601 1636 alapis

2006 1680 2180 1723 cassus
2207 1663 2434 1738 (Matth.
2454 1664 2546 1719 27.
2573 1662 2644 1719 30
2662 1661 2707 1733 ).
2730 1660 2857 1716 llaec
2877 1660 3037 1715 etiam
3066 1673 3210 1716 nunc
3234 1656 3362 1727 fert,
3387 1666 3442 1714 et
3468 1657 3604 1713 nihil

2008 1755 2290 1813 dissimile.
2315 1755 2443 1811 ldeo
2467 1754 2712 1827 gehenna
2740 1760 2979 1823 paratur,
3008 1749 3132 1808 ideo
3158 1751 3360 1808 vermis
3386 1750 3478 1807 ille
3504 1750 3607 1805 im-

2011 1848 2277 1907 mortalis.

2082 1939 2431 2012 Chrysostomi
2452 1938 2670 2009 ﬁrmitas
2701 1936 2878 1992 animi.
2906 1965 2980 1979 -—
3006 1935 3149 1992 Ecce
3178 1951 3370 1993 rursus
3399 1935 3524 1992 dico
3551 1944 3608 1991 et

2015 2033 2275 2092 testiﬁcor
2304 2049 2319 2089 :
2350 2031 2541 2089 Rideat
2567 2038 2626 2087 et
2652 2032 2950 2088 subsannet
2984 2031 3078 2101 qui
3117 2029 3348 2087 voluerit
3377 2046 3393 2085 :
3421 2031 3476 2086 in
3505 2029 3611 2085 hoc

2017 2125 2179 2199 positi
2202 2139 2390 2182 sumus
2409 2166 2424 2191 ,
2470 2133 2528 2180 ut
2560 2123 2834 2179 rideamur
2856 2164 2874 2191 ,
2905 2122 3300 2179 subsannemur
3327 2122 3616 2194 omniaque

2019 2220 2306 2293 patiamur.
2338 2218 2688 2290 Purgamenta
2712 2216 2895 2271 mundi
2919 2231 3100 2271 sumus
3128 2217 3207 2286 (l.
3236 2215 3357 2272 (ἔον.
3387 2217 3442 2272 ι.
3476 2216 3567 2287 13)
3598 2256 3615 2282 ,

2022 2311 2318 2371 secundum
2344 2311 2560 2368 beatum
2587 2308 2834 2366 Paulum.
2864 2309 2922 2366 Si
2951 2309 3071 2379 quis
3096 2308 3327 2365 noluerit
3359 2300 3619 2380 hocprte-

2022 2414 2237 2476 ceptum
2268 2401 2530 2474 perﬁcere
2552 2444 2569 2470 ,
2601 2401 2744 2457 hunc
2770 2400 2936 2457 verbo
2962 2400 3115 2472 quasi
3156 2401 3284 2457 tuba
3313 2400 3578 2472 prohibeo
3602 2443 3618 2470 ,

2024 2512 2094 2552 ne
2123 2495 2304 2552 limina
2331 2494 2699 2551 ecclesiastica
2729 2502 3085 2564 pertranseat,
3110 2493 3224 2549 sive
3245 2495 3498 2566 princeps
3525 2493 3617 2562 sit,

2027 2590 2142 2645 sive
2169 2589 2258 2644 ille
2293 2588 2410 2659 ipse
2438 2588 2529 2659 qui
2558 2588 2862 2644 diademate
2885 2587 3137 2658 cingitur.
3172 2588 3278 2641 Aut
3308 2603 3395 2642 me
3418 2587 3486 2643 ab
3513 2587 3616 2644 hoc

2030 2683 2333 2755 principatu
2387 2681 2622 2750 dejicitc,
2670 2692 2762 2735 aut
2815 2690 3121 2735 manentem
3165 2695 3235 2736 ne
3282 2681 3335 2735 in
3386 2680 3622 2751 pericula

2031 2776 2298 2845 conjicite.
2330 2774 2389 2830 In
2415 2775 2556 2830 hunc
2584 2773 2831 2827 thronum
2850 2771 3142 2829 ascendere
3165 2789 3270 2827 non
3298 2774 3490 2840 audeo,
3516 2773 3620 2829 nisi

2033 2867 2159 2937 quid
2186 2865 2361 2938 magni
2391 2865 2716 2936 praestitero.
2743 2864 2875 2920 Nam
2910 2865 2952 2919 si
2982 2863 3241 2933 perﬁcere
3267 2880 3374 2918 nan
3398 2866 3622 2934 possim,

2036 2959 2228 3014 melius
2250 2967 2334 3013 est
2372 2957 2510 3013 infra
2547 2969 2711 3013 Stare.
2737 2957 2883 3013 Nihil
2911 2957 3056 3013 enim
3091 2957 3446 3013 miserabilius
3487 2974 3625 3029 pra:—

2037 3050 2173 3116 side,
2199 3048 2426 3106 subditis
2452 3049 2583 3104 nihil
2611 3049 2854 3105 utilitatis
2881 3047 3162 3105 all‘erente.
3192 3048 3301 3104 Vos
3321 3064 3468 3121 ergo,
3495 3066 3628 3105 con-

2040 3145 2251 3210 vertite,
2296 3158 2501 3214 qumso,
2532 3151 2590 3198 et
2613 3142 2910 3210 attendite;
2936 3143 3323 3198 contendamus
3351 3144 3508 3199 simul
3533 3188 3547 3213 ,
3580 3156 3634 3202 et

2039 3236 2284 3307 quaedam
2313 3240 2417 3292 erit
2440 3236 2700 3291 accessio.
2772 3235 3054 3306 Jejunate,
3099 3237 3265 3292 Deum
3299 3239 3589 3308 precamini
3615 3281 3632 3307 ,

2042 3338 2098 3385 et
2126 3344 2224 3385 nos
2251 3329 2526 3384 vobiscum
2552 3369 2566 3394 ,
2601 3335 2659 3382 ut
2703 3327 2843 3383 hanc
2888 3327 3246 3399 perniciosam
3292 3330 3639 3386 consuetudi-

2043 3437 2167 3477 nem
2200 3421 2493 3491 ejiciamus.
2548 3418 2692 3474 Nihil
2728 3418 2904 3490 majus
2932 3427 3018 3475 est
3054 3434 3214 3490 quam
3244 3434 3364 3476 esse
3390 3421 3640 3479 duetores

2047 3513 2214 3569 orbis.
2255 3512 2365 3567 Nec
2402 3526 2590 3583 parum
2632 3510 2825 3577 fuerit,
2868 3511 2915 3566 si
2959 3511 3159 3582 ubique
3185 3512 3432 3568 audiatur
3460 3515 3513 3569 in
3540 3513 3642 3571 hac

2048 3605 2260 3659 civitate
2287 3602 2559 3658 neminem
2579 3615 2700 3656 esse
2719 3600 2808 3671 qui
2833 3601 3001 3670 juret.
3031 3599 3087 3656 Si
3109 3600 3214 3657 hoc
3236 3602 3345 3668 ﬁat,
3377 3616 3483 3658 non
3510 3619 3644 3675 ope-

2050 3710 2170 3749 rum
2199 3702 2499 3753 vestrorum
2522 3691 2684 3747 modo
2704 3691 3008 3747 mercedem
3029 3692 3328 3764 accipietis,
3359 3693 3453 3750 sed
3479 3696 3640 3752 etiam

2050 3800 2218 3855 curae,
2245 3800 2405 3856 quam
2432 3784 2500 3840 de
2522 3784 2777 3841 fratribus
2818 3783 3110 3841 habueritis
3142 3804 3156 3840 :
3185 3800 3309 3842 nam
3336 3788 3478 3858 quod
3501 3805 3645 3847 nunc

2052 3878 2206 3934 vobis
2232 3892 2332 3948 ego
2360 3889 2514 3942 sum,
2546 3875 2600 3932 id
2626 3889 2721 3933 vos
2765 3875 2882 3932 orbi
2927 3876 3098 3931 eritis.
3145 3877 3250 3933 Vos
3292 3880 3513 3936 omnino
3557 3882 3647 3938 alii

2055 3968 2451 4027 aemulabuntur
2477 3986 2493 4024 :
2521 3968 2742 4024 omnino
2780 3968 2932 4024 eritis
2953 3968 3172 4025 lucerna
3210 3986 3371 4042 super
3399 3974 3651 4029 candela-

2058 4063 2212 4120 brum
2250 4064 2423 4134 rosita
2462 4062 2678 4135 (Matth.
2732 4063 2785 4120 5.
2842 4062 2963 4134 15).
3019 4062 3188 4119 Estne
3244 4064 3365 4132 hoc,
3418 4066 3647 4139 inquies.

2061 4157 2273 4213 mlum?
2302 4157 2419 4213 Non
2455 4166 2540 4213 est
2569 4156 2673 4213 hoc
2703 4165 2895 4223 totum,
2921 4154 3016 4211 sed
3044 4156 3365 4227 principium
3396 4159 3647 4215 aliorum.

2060 4252 2160 4319 Qui
2188 4266 2298 4306 non
2330 4251 2497 4321 jurat,
2527 4250 2595 4305 ad
2620 4250 2782 4304 aliam
2815 4248 3027 4320 pietatis
3054 4259 3263 4318 partem
3292 4250 3494 4319 veniet,
3524 4253 3652 4308 velit

2061 4346 2220 4411 nolit,
2249 4358 2345 4399 seu
2376 4342 2599 4413 pudore,
2626 4357 2723 4398 seu
2752 4341 2949 4397 timore
2976 4340 3258 4396 adductus.

2141 4438 2422 4495 Multitudo
2445 4452 2559 4502 quae
2578 4436 2885 4490 voluntatem
2904 4432 3001 4488 Dei
3021 4450 3123 4488 non
3138 4433 3282 4505 facit,
3309 4434 3439 4491 nihil
3458 4448 3551 4492 est.
3578 4469 3649 4480 —

2065 4531 2172 4590 Sed
2194 4531 2367 4597 multi,
2400 4530 2610 4601 inquies
2632 4571 2647 4596 ,
2680 4527 2735 4584 id
2774 4543 2881 4583 non
2909 4527 3144 4584 ferentes
3170 4529 3433 4586 resilient.
3462 4532 3528 4585 At
3551 4549 3660 4589 me-

2070 4625 2168 4679 lior
2194 4632 2266 4678 est
2287 4640 2439 4690 unus,
2469 4622 2558 4693 qui
2582 4621 2707 4690 facit
2740 4620 3051 4676 uoluntatem
3070 4617 3280 4677 Domini
3304 4662 3318 4690 ,
3344 4639 3499 4693 quam
3522 4624 3664 4680 mille

2070 4717 2231 4788 iniqui
2277 4715 2465 4787 (Eccli.
2511 4714 2598 4770 l6.
2640 4712 2733 4784 3).
2782 4712 2918 4768 Hinc
2973 4711 3154 4769 omnia
3199 4713 3458 4771 subversa
3514 4727 3659 4785 sunt,

2075 4809 2255 4864 omnia
2285 4822 2378 4864 sus
2402 4805 2579 4877 deque
2622 4803 2761 4860 facta
2790 4811 2950 4868 sunt;
2975 4803 3100 4875 quia
3122 4846 3138 4871 ,
3161 4804 3300 4860 sicut
3325 4805 3380 4861 in
3403 4805 3626 4863 theatris
3645 4851 3663 4877 ,

2076 4900 2470 4957 multitudinem
2512 4886 2902 4963 desideramus,
2944 4909 3050 4951 non
3099 4895 3495 4955 multitudinem
3537 4916 3666 4972 pro-

2078 4995 2278 5049 betam.
2324 4990 2482 5061 Quid,
2528 5004 2733 5062 quaeso,
2787 4989 2944 5045 turba
2984 4990 3242 5059 prodesse
3288 4993 3519 5062 poterit?
3572 4994 3669 5051 Vis

2081 5088 2290 5144 discere
2303 5084 2446 5157 quod
2461 5085 2629 5140 sancti
2649 5082 2856 5138 turbam
2875 5082 3090 5149 faciant,
3111 5100 3216 5139 non
3235 5100 3362 5142 vero
3384 5087 3670 5145 multitudo

2083 5180 2268 5250 vulgi?
2297 5176 2521 5233 Educite
2556 5174 2626 5231 ad
2654 5175 2852 5231 bellum
2878 5184 3095 5230 centum
3126 5176 3419 5251 myriadas,
3452 5189 3507 5235 et
3540 5195 3669 5234 san-

2084 5282 2230 5330 ctum
2274 5286 2440 5326 unum
2479 5266 2803 5324 :videamus
2846 5267 2965 5338 quis
3010 5267 3160 5337 plura
3205 5281 3478 5339 operetur.
3530 5269 3676 5327 Exiit

2087 5366 2244 5423 Jesus
2270 5363 2416 5419 Nave
2450 5361 2519 5418 ad
2569 5361 2764 5416 bellum
2785 5402 2800 5426 ,
2831 5370 2887 5416 et
2928 5360 3081 5417 solus
3119 5362 3300 5418 omnia
3330 5361 3589 5433 perfecit,
3624 5377 3680 5421 et

2091 5461 2162 5515 ita
2192 5458 2285 5513 alii
2317 5455 2450 5511 nihil
2490 5453 2826 5526 profuerunt.
2854 5452 3139 5509 Multitudo
3164 5496 3178 5520 ,
3206 5454 3434 5523 dilecte,
3465 5457 3679 5525 quando

2093 5554 2428 5611 voluntatem
2490 5550 2581 5605 Dei
2628 5566 2736 5605 non
2776 5548 2943 5618 facit,
2995 5548 3127 5604 nihil
3169 5547 3349 5605 diﬁ'ert
3388 5550 3547 5608 abiis
3590 5553 3682 5623 qui

2093 5662 2201 5705 non
2229 5654 2373 5700 sunt.
2417 5644 2617 5698 Precor
2660 5642 2856 5711 itaque,
2900 5649 2954 5695 et
2994 5650 3144 5710 opto,
3183 5640 3292 5696 imo
3330 5642 3561 5699 libenter
3594 5661 3682 5700 me

2095 5739 2319 5797 discindi
2366 5746 2618 5808 paterer,
2681 5747 2739 5789 ut
2780 5731 3120 5789 multitudine
3163 5744 3447 5791 ornaretur
3490 5736 3683 5800 Eccle-
3718 5750 3725 5757 ‘

2101 5919 2230 5970 alibi.
2255 5919 2381 5970 Hinc
2413 5916 2645 5965 discimus
2662 5914 3220 5975 Constantinopolitanos
3242 5915 3356 5966 huic
3392 5916 3546 5969 fuisse
3571 5920 3689 5970 vitio

2102 5992 2326 6034 assuetos
2342 5979 2416 6043 ;id
2440 5977 2568 6041 quod
2594 5978 2814 6027 etiamin
2838 5979 3166 6038 sequentibus
3190 5977 3356 6030 videre
3382 5991 3479 6032 est.
