4092 6448
501 486 595 542 ’75
1272 480 1329 536 S.
1355 478 1634 536 JOANNIS
1671 479 2133 536 CIIRYSOSTOMI
2173 480 2482 537 AllClllEP.
2523 485 3053 548 CONSTANTINOP.
3729 503 3790 552 7ιῖ

527 599 629 665 sia,
657 596 752 652 sed
807 593 1145 650 multitudine
1195 593 1415 664 probata
1461 610 1475 648 :
1527 593 1572 648 si
1621 605 1801 649 autem
1859 596 1961 648 hoc
2007 592 2122 649 ﬁeri

531 701 782 764 nequeat,
803 699 860 746 ut
887 691 1080 746 saltem
1103 689 1252 759 pauci
1279 688 1485 758 probati
1514 688 1642 742 sint.
1668 690 1860 742 Annon
1886 687 2112 754 videtis,

530 785 725 842 melius
750 798 878 840 esse
904 798 1065 837 unum
1111 781 1338 852 lapidem
1373 780 1666 852 pretiosum
1696 778 1925 846 habere,
1955 793 2116 848 quam

528 880 841 934 innumeros
864 877 1050 931 Obtl|0$
1070 877 1092 930 ’ἰ
1113 890 1290 931 annon
1317 873 1508 930 videtis
1545 872 1737 928 melius
1756 886 1876 926 esse
1896 871 2114 926 oculum

524 987 712 1027 sanum
764 970 982 1032 habere,
1033 983 1234 1039 quam,
1287 966 1390 1022 hoc
1430 975 1740 1031 excaecata,
1795 961 2116 1034 pinguedine

524 1065 702 1120 carnis
753 1063 1010 1119 onerari?
1058 1077 1239 1116 annon
1289 1059 1501 1125 videtis,
1558 1057 1752 1114 melius
1803 1070 1923 1112 esse
1955 1069 2114 1110 ovem

527 1173 684 1212 unam
725 1169 916 1212 sanam
928 1155 1141 1212 habere
1163 1196 1176 1217 ,
1206 1168 1384 1224 quam-
1403 1152 1652 1208 millenas
1676 1149 1856 1206 scabie
1893 1148 2115 1219 plenas?

524 1263 704 1304 annon
757 1246 989 1314 videtis,
1039 1247 1232 1302 melius
1283 1260 1406 1303 esse
1453 1258 1661 1317 paucos
1707 1243 1905 1298 habere
1944 1241 2116 1298 bonos

528 1343 684 1409 tilios,
711 1357 872 1412 quam
895 1341 1090 1396 multos
1130 1339 1446 1411 improbos?
1475 1354 1542 1394 an
1568 1336 1808 1403 nescitis,
1833 1349 2033 1405 paucos
2052 1337 2114 1389 in

527 1449 694 1505 regno
719 1433 854 1500 fore,
882 1434 1081 1488 multos
1129 1432 1183 1487 in
1209 1431 1492 1502 geltenna?
1513 1429 1651 1498 Quid
1682 1429 1957 1484 mihicum
1979 1426 2116 1480 mul-

527 1525 785 1580 titudine?
805 1541 926 1596 qua:
953 1539 1016 1580 ex
1045 1539 1108 1579 ea
1137 1522 1382 1578 utilitas?
1411 1519 1567 1577 Nulla
1603 1541 1615 1576 :
1648 1521 1757 1574 imo
1785 1519 1963 1587 potius
1989 1517 2112 1572 aliis

527 1626 608 1672 est
635 1618 918 1687 pernicies.
951 1616 1095 1672 Idem
1127 1617 1302 1686 ipsum
1328 1624 1414 1670 est
1435 1653 1450 1677 ,
1479 1628 1544 1670 ae
1563 1613 1607 1668 si
1633 1613 1718 1667 cui
1752 1609 2113 1666 liceatdecem

527 1723 687 1764 sanos
719 1708 937 1773 habere,
961 1708 1045 1763 vel
1073 1708 1221 1762 mille
1249 1707 1522 1771 infirmos,
1553 1715 1606 1760 et
1640 1703 1729 1758 ille
1767 1702 1881 1757 istis
1925 1699 2112 1756 decem

529 1808 840 1859 innumeros
881 1803 999 1857 illos
1040 1802 1274 1872 adjiciat.
1324 1800 1400 1855 llli
1445 1815 1575 1855 sane
1613 1796 1767 1854 multi
1811 1793 1942 1850 nihil
1973 1792 2113 1849 bene

525 1907 846 1970 operantes,
878 1897 1010 1952 nihil
1036 1897 1179 1952 aliud
1213 1895 1368 1951 nobis
1393 1893 1690 1957 conferent,
1721 1905 1879 1962 quam
1907 1887 2108 1957 suppli-

524 1989 686 2056 cium,
743 1997 798 2044 et
838 1987 890 2044 in
919 1986 1170 2059 prmscnti
1215 1995 1478 2056 tempore,
1527 1981 1894 2054 ignominiam.
1942 1977 2112 2032 Nemo

535 2125 644 2138 -ι

2190 2107 2400 2119 -——o

653 2111 2163 2137 __________________________

2231 597 2377 653 enim
2397 601 2537 670 quod
2561 603 2711 659 multi
2739 606 2908 662 simus
2929 608 3091 671 dicet.
3120 610 3369 682 sedquod
3401 611 3612 670 inutiles
3637 615 3791 670 simus

2223 690 2528 762 redarguet.
2547 695 2660 751 lloc
2681 697 2858 769 itaque
2881 699 3039 756 nobis
3065 716 3278 772 semper
3294 704 3573 775 objiciunt,
3593 709 3791 776 quando

2222 783 2470 851 dicimus,
2503 786 2648 844 Multi
2671 805 2861 847 sumus
2892 791 3038 848 :Sed
3058 793 3206 861 mali,
3236 796 3502 866 inquiunt.
3536 799 3669 854 Ecce
3696 800 3788 854 ite-

2222 893 2340 933 rum
2371 880 2630 936 denuntio
2650 893 2706 939 et
2731 884 2880 940 clara
2912 900 3046 942 voce
3073 886 3272 954 clamo,
3297 904 3456 946 nemo
3478 889 3655 962 jocum
3681 907 3792 947 esse

2222 979 2372 1039 putet
2415 988 2429 1026 :
2464 973 2756 1031 Escludam
2801 987 2858 1033 et
2881 978 3080 1034 arcebo
3106 995 3211 1034 non
3243 981 3676 1052 obtemperantes
3699 1025 3713 1050 ,
3744 993 3794 1039 et

2220 1061 2395 1120 donec
2423 1063 2476 1118 in
2491 1065 2593 1123 hoc
2610 1068 2802 1124 throno
2812 1066 3030 1134 sedebo,
3043 1066 3175 1122 nihil
3189 1067 3332 1124 illius
3342 1067 3794 1140 justiticationibus

2219 1157 2519 1226 praeferam.
2549 1155 2608 1212 Si
2650 1157 2771 1226 quis
2799 1173 2884 1213 me
2927 1157 3184 1228 dejecerit
3208 1199 3222 1224 ,
3272 1159 3381 1228 jam
3410 1176 3517 1214 non
3547 1159 3794 1215 obnoxius

2223 1263 2358 1314 ero;
2389 1247 2564 1305 donec
2589 1264 2719 1307 vero
2754 1250 3025 1306 obnoxius
3053 1265 3172 1305 sunt
3195 1293 3208 1314 ,
3243 1266 3348 1306 non
3384 1267 3597 1322 possunt
3631 1253 3793 1322 negti-

2221 1357 2370 1413 gere,
2395 1357 2501 1398 non
2525 1353 2632 1398 tam
2663 1352 2806 1398 metu
2834 1344 3080 1412 supplicii
3110 1385 3123 1407 ,
3151 1359 3310 1413 quam
3341 1353 3558 1414 prepter
3577 1355 3792 1399 vostram

2221 1437 2448 1491 salutem
2471 1479 2486 1502 ,
2517 1452 2677 1506 quant
2702 1435 2998 1491 admodum
3031 1438 3188 1506 cupio
3225 1455 3238 1492 :
3267 1452 3364 1506 pro
3394 1439 3483 1491 illa
3522 1437 3726 1492 crucior
3748 1447 3796 1490 ct

2222 1527 2400 1582 doleo.
2439 1527 2545 1583 Sed
2573 1527 2939 1596 obtemperate
2963 1569 2980 1593 ,
3019 1538 3076 1582 ut
3103 1537 3156 1582 et
3185 1527 3272 1582 hic
3299 1536 3353 1581 et
3381 1527 3434 1581 in
3467 1527 3641 1581 futuro
3667 1528 3792 1580 mulo

2225 1632 2332 1674 tam
2374 1619 2646 1690 accipiatis
2694 1618 3020 1686 mercedem,
3061 1630 3116 1675 et
3162 1619 3320 1675 simul
3369 1619 3523 1674 bonis
3571 1618 3795 1673 fruamur

2222 1712 2441 1768 aeternis
2467 1752 2482 1778 ,
2535 1712 2705 1783 gratia
2743 1721 2798 1767 et
2849 1712 3179 1784 benignitate
3211 1712 3470 1782 unigeniti
3517 1711 3655 1776 Filii,
3685 1712 3795 1781 qui-

2221 1821 2341 1860 cum
2373 1805 2517 1860 Patri
2559 1820 2768 1876 unaque
2791 1803 3010 1875 Spiritui
3036 1807 3442 1876 sancto,g|oria
3463 1847 3477 1869 ,
3510 1805 3792 1876 imperium,

2223 1898 2417 1965 honor,
2469 1912 2612 1953 nunc
2664 1907 2718 1952 et
2765 1913 3002 1969 semper,
3043 1907 3097 1952 et
3133 1898 3186 1953 in
3227 1897 3424 1953 saecula
3468 1897 3792 1954 saeculorum.

2221 1994 2414 2048 Amen.

3412 2104 3769 2116 ——_———_

1918 2182 2261 2248 HOMILIA
2306 2181 2422 2246 IX.

523 2351 736 2408 Cara?»
783 2366 835 2404 v.
884 2347 972 2405 l2.
1026 2347 1216 2402 Videas
1255 2357 1423 2402 autem
1471 2344 1692 2408 Petrus,
1741 2335 2001 2410 respondit
2047 2331 2115 2387 ad

597 2443 852 2512 papulum.
871 2457 890 2495 :
920 2439 1028 2494 Viri
1055 2438 1328 2505 Israelitaz,
1359 2438 1482 2506 quid
1513 2433 1768 2490 miramini
1798 2433 1851 2485 in
1880 2429 1997 2494 hoc,
2025 2435 2114 2480 aut

593 2536 716 2605 quid
743 2552 834 2589 nos
863 2531 1126 2588 intuemini
1144 2574 1159 2597 ,
1188 2532 1332 2602 quasi
1360 2539 1534 2585 nostra
1578 2527 1758 2582 uirtute
1801 2531 1892 2577 aut
1920 2520 2115 2590 pietate

596 2629 863 2700 fecerimus
893 2627 1028 2680 hunc
1053 2624 1316 2678 ambulare
1335 2623 1362 2677 1’

593 2723 645 2776 1.
678 2719 908 2773 Orator-is
935 2717 1179 2770 modestia
1202 2716 1413 2768 multum
1434 2712 1637 2784 prodest
1652 2707 1895 2764 auditori.
1913 2734 1982 2744 —
2003 2702 2113 2757 Ma-

515 2816 636 2884 jorc
659 2812 848 2868 fiducia
875 2810 1032 2883 plena
1059 2818 1143 2865 est
1169 2809 1283 2864 haec
1308 2808 1481 2862 oratio
1509 2821 1523 2858 ε
1557 2801 1834 2874 nonquod
1859 2801 1910 2855 in
1933 2797 2114 2869 priore

522 2907 784 2971 timeret,
802 2902 897 2958 Sed
923 2902 1045 2972 quia
1073 2901 1126 2955 id
1157 2900 1404 2955 homines
1431 2898 1503 2953 illi
1526 2897 1776 2952 irrisores
1804 2907 1910 2948 non
1959 2889 2113 2946 tulis—

519 3011 662 3054 sent.
694 2997 872 3064 Quare
914 2994 967 3050 in
1014 2994 1159 3049 illius
1203 2992 1444 3048 exordio.
1480 2990 1660 3046 statim
1708 2987 1827 3042 illos
1874 2992 2113 3039 attentos

520 3089 732 3156 reddit,
765 3088 950 3142 dicens
977 3103 992 3141 :
1027 3085 1137 3140 Hoc
1164 3086 1304 3142 vobis
1324 3094 1511 3139 notum
1533 3083 1596 3137 sit
1618 3123 1633 3147 ,
1665 3090 1710 3135 et
1745 3079 1954 3134 auribus
1999 3093 2113 3146 per-

519 3182 674 3246 cipite
700 3181 847 3236 verba
874 3196 1004 3234 mea.
1033 3179 1132 3234 llic
1161 3189 1341 3233 autem
1373 3193 1478 3232 nou
1507 3175 1670 3231 habet
1709 3173 1798 3227 tali
1853 3179 2114 3243 apparatu

522 3289 678 3344 opus.
709 3272 826 3328 Non
853 3272 995 3328 enim
1023 3284 1218 3342 segnes
1258 3279 1414 3326 erant
1443 3287 1455 3324 :
1488 3269 1698 3340 signum
1729 3266 1948 3338 quippe
1991 3264 2114 3319 illos

523 3375 760 3422 attentos
787 3364 985 3420 fecerat
1007 3380 1021 3430 ;
1055 3361 1195 3418 unde
1215 3371 1270 3418 et
1285 3369 1504 3432 stupore
1524 3369 1578 3416 et
1598 3357 1912 3429 ntetu.pleni
1937 3365 2110 3412 erant.

523 3462 702 3527 Quare
727 3474 839 3514 non
864 3472 1002 3529 opus
1027 3456 1121 3511 fuit
1155 3464 1212 3510 ut
1239 3453 1363 3510 inde
1399 3453 1680 3510 exordium
1713 3451 1978 3510 duceret:
2018 3447 2114 3505 sed

523 3551 738 3607 aliunde
761 3566 912 3622 ,,quo
940 3549 1059 3604 illos
1090 3548 1256 3617 magis
1283 3547 1383 3603 sibi
1415 3547 1762 3613 conciliaret,
1794 3544 2022 3615 gloriam
2047 3542 2115 3598 ab

521 3661 581 3700 se
601 3643 938 3715 depellenda.
961 3643 1105 3698 Nihil
1131 3643 1275 3698 enim
1300 3651 1404 3696 tam
1433 3641 1650 3712 prodest
1675 3639 1926 3704 auditori,
1953 3652 2112 3708 quarti

523 3739 566 3791 si
596 3745 778 3791 orator
807 3735 937 3790 nihil
965 3735 1140 3804 magni
1170 3733 1236 3788 de
1264 3747 1323 3788 se
1352 3733 1492 3788 dicat
1517 3773 1532 3799 ,
1566 3733 1659 3788 sed
1688 3748 1902 3788 omnem
1930 3746 2112 3801 super-

523 3828 629 3882 bia:
651 3828 1010 3897 suspicionem
1032 3827 1203 3880 tollat.
1235 3827 1474 3881 Gloriam
1501 3841 1631 3881 vero
1651 3825 2010 3896 despicientes
2033 3824 2114 3880 sic

526 3921 786 3990 majorem
817 3921 916 3976 sibi
946 3919 1171 3990 gloriam
1204 3915 1497 3988 parabant,
1523 3917 1982 3988 ostendebantque
2007 3931 2113 3971 non

529 4015 819 4068 humanum
843 4053 856 4076 ,
891 4011 984 4066 sed
1011 4010 1251 4064 divinum
1286 4009 1413 4064 illud
1442 4025 1561 4065 esse
1587 4025 1758 4080 opus,
1789 4018 1847 4065 et
1875 4023 1970 4079 par
1995 4021 2116 4063 esse

528 4114 584 4158 ut
615 4103 690 4158 illi
717 4103 879 4158 etiam
905 4117 1024 4159 cum
1054 4101 1174 4156 aliis
1201 4099 1598 4156 admirarentur
1620 4143 1634 4166 ,
1671 4117 1775 4157 non
1803 4100 1856 4155 in
1876 4099 2115 4154 admira-

527 4200 672 4252 tione
702 4195 1052 4253 haberentur.
1089 4195 1251 4250 Vides
1272 4236 1286 4259 ,
1322 4211 1479 4264 quant
1511 4195 1579 4249 ab
1605 4194 1900 4250 ambitione
1930 4210 2113 4264 purus,

526 4290 748 4354 gloriam
773 4290 872 4344 sibi
901 4288 1138 4344 oblatam
1166 4287 1444 4356 depellat?
1470 4287 1558 4341 Sic
1597 4295 1653 4341 et
1700 4295 1912 4342 veteres
1949 4285 2116 4340 facie-

527 4381 690 4447 bant,
724 4390 780 4434 ut
811 4381 994 4434 Daniel
1014 4380 1103 4448 qui
1135 4379 1348 4433 dicebat
1382 4395 1395 4431 :
1430 4377 1537 4448 Ego
1585 4387 1753 4431 autent
1795 4393 1898 4432 non
1941 4377 1994 4430 iu
2035 4393 2119 4432 sa-

529 4475 753 4544 pientia,
793 4473 979 4541 qua:th
1025 4487 1104 4524 me
1149 4472 1213 4524 sit
1262 4469 1441 4541 (Dan.
1488 4470 1543 4522 2.
1586 4468 1729 4540 50);
1780 4480 1836 4526 et
1871 4463 2074 4539 'Joseph
2101 4509 2116 4534 ,

536 4567 721 4622 Nonne
742 4551 1380 4636 pcr'lh’ummanifestatio
1423 4579 1599 4616 eorum
1643 4563 1661 4632 (
1685 4562 1812 4617 Gen.
1859 4563 1948 4617 40.
1999 4561 2121 4631 8)?

531 4672 583 4715 et
617 4656 776 4712 David
798 4699 812 4724 ,
855 4655 1144 4710 Venit-utam
1171 4655 1365 4710 leonem
1390 4665 1436 4708 et
1468 4671 1642 4709 ursum
1668 4656 1722 4709 in
1764 4655 1966 4710 nomine
2009 4653 2120 4709 Do-

534 4745 658 4804 mini
678 4746 1270 4816 mauibusdiscerpebam
1299 4746 1539 4818 (LBeg.
1573 4747 1661 4802 Π.
1689 4747 1804 4816 54).
1823 4746 1885 4801 lli
1907 4761 2122 4817 quoque

535 4857 677 4896 nunc
708 4858 722 4894 :
759 4839 896 4907 Quid
923 4856 1014 4894 nos
1033 4839 1335 4904 intuemini,
1365 4838 1514 4908 quasi
1551 4838 1761 4908 prapria
1811 4837 1996 4892 uirtute
2033 4847 2122 4891 aut

533 4935 718 5004 pietate
746 4933 1014 5004 fecerimus
1043 4933 1174 4984 hunc
1203 4930 1468 4992 ambulare
1493 4931 1517 4984 ?
1557 4929 1673 4984 Non
1726 4929 1832 4985 hoc
1877 4941 2120 4986 nostrum

531 5033 616 5081 est
640 5065 656 5092 ,
687 5025 898 5095 inquit;
932 5039 1104 5092 neque
1132 5024 1272 5079 cnim
1307 5022 1450 5094 quod
1497 5023 1641 5093 digni
1675 5038 1919 5079 essemus
1943 5064 1958 5088 ,
1997 5039 2125 5092 gra-

533 5121 660 5173 tiattt
695 5117 785 5172 Dei
813 5117 1155 5171 attraxintus.
1188 5117 1273 5172 l5.
1299 5113 1437 5169 Deus
1460 5114 1751 5178 Abraham,
1768 5113 1922 5170 .Deus
1949 5113 2119 5182 Isaac,

531 5223 575 5265 et
611 5211 748 5266 Deus
773 5207 953 5275 Iacob,
979 5209 1114 5264 Deus
1140 5219 1338 5279 patrum
1362 5208 1832 5274 itastrOt'utn.Vide,
1857 5207 2126 5278 quomodo

530 5321 587 5360 se
610 5305 917 5376 frequenter
937 5303 1004 5365 ad
1030 5303 1400 5373 progenitores
1425 5310 1740 5366 convertat;
1765 5317 1832 5356 ne
1853 5301 2125 5357 videretur

531 5415 723 5453 novum
747 5396 1015 5468 quoddam
1039 5395 1229 5466 dogma
1253 5393 1504 5450 inducere
1529 5412 1542 5449 :
1567 5403 1621 5449 et
1641 5393 1749 5449 illic
1770 5393 2124 5462 patriarcham

535 5489 786 5544 Dat-idem
821 5489 1172 5554 memoravit,
1211 5497 1264 5541 et
1289 5485 1376 5541 hic
1405 5485 1767 5542 Abrahamum
1797 5495 1853 5542 et
1890 5502 2124 5557 sequen-

532 5589 632 5632 tes.
664 5579 976 5648 Cleri/ienuit
998 5577 1057 5633 JF
1059 5581 1202 5634 ilium
1222 5595 1374 5632 suum
1403 5577 1602 5634 Iesum.
1633 5578 1837 5635 Rursus
1857 5580 2129 5635 humiliter

535 5670 673 5722 sicut
701 5672 752 5722 itt
783 5671 1067 5738 prooemio.
1099 5669 1301 5725 Deinde
1326 5670 1377 5724 itt
1409 5670 1620 5725 illorum
1651 5670 1886 5726 facinore
1909 5673 2125 5740 insistit,

535 5761 773 5830 illudque
800 5762 1007 5816 extollit
1031 5804 1045 5826 ,
1078 5779 1176 5817 ttcc
1207 5763 1307 5816 sub
1335 5764 1522 5818 umbra
1567 5763 1803 5833 loquitur
1852 5772 1907 5816 ut
1959 5763 2126 5832 prius.

537 5849 666 5906 lllttd
695 5857 872 5904 autem
917 5851 1078 5919 facit,
1132 5853 1356 5933 ut-iljos
1408 5854 1578 5924 magis
1628 5855 1865 5909 reducat.
1918 5854 2129 5921 Quanto

534 5943 676 5998 enim
701 5941 874 6011 magis
901 5945 1072 6001 scelus
1102 5943 1409 6000 declarabat
1437 5988 1450 6013 ,
1484 5957 1629 6000 tanto
1661 5948 1978 6003 attentior-cs
2011 5949 2123 6004 red-

2223 2326 2404 2384 debat.
2431 2325 2746 2396 Glori/t'cavit
2765 2370 2778 2392 ,
2812 2325 3016 2398 inquit,
3053 2325 3243 2381 Filium
3272 2343 3419 2382 suum
3445 2326 3641 2394 Iesum,
3663 2343 3795 2398 quem

2223 2437 2310 2478 vos
2337 2421 2640 2486 tradidistis,
2671 2431 2718 2474 et
2743 2421 2966 2492 negastis
2991 2430 3109 2475 ante
3127 2421 3308 2491 faciem
3338 2419 3500 2476 Pilati
3518 2463 3534 2488 ,
3546 2411 3796 2493 judicante

2221 2515 2313 2569 illo
2333 2514 2546 2569 dimitti.
2581 2513 2697 2570 Duo
2728 2523 2854 2570 sunt
2872 2513 3104 2568 crimina
3125 2555 3142 2581 ,
3167 2522 3223 2569 et
3248 2514 3394 2584 quod
3423 2514 3625 2570 Pilatus
3651 2514 3796 2570 vellet

2221 2609 2526 2678 dimittere,
2574 2616 2628 2664 et
2674 2608 2816 2679 quod
2857 2607 2948 2662 illo
2997 2608 3214 2664 volente
3257 2623 3354 2663 vos
3391 2607 3680 2664 nolueritis.
3714 2609 3792 2671 14.

2230 2702 2331 2758 Vos
2350 2711 2518 2759 autem
2543 2713 2775 2757 sanctum
2805 2711 2852 2756 et
2868 2702 3068 2772 justum
3093 2701 3312 2773 negastis
3335 2741 3351 2768 ,
3399 2712 3446 2756 et
3490 2701 3694 2772 petiistis
3733 2701 3790 2752 ri-

2219 2814 2332 2852 rum
2353 2797 2658 2853 homicidam
2681 2796 2862 2852 donari
2881 2797 3019 2851 vobis
3041 2811 3060 2850 :
3091 2795 3178 2851 i5.
3219 2805 3483 2850 auctorem
3532 2811 3646 2851 vero
3695 2795 3798 2848 vita

2218 2893 2556 2962 interfecistis,
2584 2907 2732 2961 quem
2756 2890 2896 2946 Deus
2914 2889 3169 2946 suscitatit
3195 2907 3226 2944 a
3253 2891 3466 2945 mortuis
3489 2932 3504 2954 ,
3543 2891 3687 2959 cujus
3714 2904 3796 2942 nos

2221 2995 2367 3040 testes
2394 3001 2589 3041 sumus.
2617 2985 2695 3039 Ac
2721 2984 2765 3039 si
2787 2983 3011 3046 diceret,
3040 2983 3144 3038 Pro
3171 2983 3260 3038 illo
3281 2983 3543 3040 latronem
3564 2983 3794 3054 petiistis.

2221 3077 2354 3133 Rem
2384 3075 2672 3133 admodum
2695 3092 2912 3147 gravent
2939 3075 3194 3132 declarat.
3219 3075 3354 3145 Quia
3383 3077 3502 3132 iilos
3527 3077 3624 3132 sub
3651 3092 3795 3131 manu

2223 3170 2480 3238 tenebat,
2509 3169 2857 3226 vehementer
2879 3169 3224 3240 praestringit.
3247 3169 3516 3226 Auctorem
3538 3187 3648 3226 vero
3673 3170 3792 3235 vita,

2223 3263 2414 3334 inquit.
2441 3263 2537 3320 Hic
2564 3264 2976 3320 resurrectionis
3010 3263 3166 3319 fidem
3197 3274 3442 3335 apparat.
3477 3265 3634 3334 Quem
3672 3264 3796 3318 Deus

2219 3359 2479 3412 suscitavit
2502 3375 2534 3411 a
2558 3359 2790 3412 mortuis.
2823 3357 2900 3412 Ne
2929 3357 3050 3428 quis
3092 3357 3332 3424 diceret,
3386 3359 3661 3416 Uttdenam
3705 3358 3796 3412 hoc

2221 3450 2429 3520 liquet?
2455 3465 2560 3504 non
2589 3450 2698 3518 jam
2725 3449 2791 3504 ad
2827 3451 3116 3520 prophetas
3140 3449 3418 3522 confugit,
3453 3452 3544 3507 sed
3570 3451 3632 3506 ad
3663 3451 3793 3518 Scip-

2219 3555 2368 3610 sum,
2401 3541 2524 3612 quia
2553 3540 2663 3611 jam
2693 3540 2796 3596 fide
2826 3540 3017 3611 dignus
3066 3541 3383 3597 habebatur.
3430 3543 3579 3599 Tunc
3627 3543 3756 3597 enim
3779 3583 3792 3607 ,

2219 3649 2341 3689 cum
2368 3633 2591 3689 dixisset
2621 3633 2767 3687 illum
2798 3633 3158 3688 resurrexisse
3181 3675 3196 3697 ,
3231 3633 3486 3690 Davidem
3519 3642 3699 3690 tes'em
3723 3634 3795 3687 iu-

2219 3724 2405 3790 duxit;
2447 3739 2588 3779 nunc
2619 3723 2880 3781 rerO‘hoc
2911 3726 3082 3794 ipsunt
3109 3725 3314 3790 dicens,
3345 3725 3571 3782 chorum
3595 3734 3790 3798 aposto-

2221 3819 2402 3872 licum.
2445 3818 2606 3888 Cujus
2653 3835 2744 3872 nos
2787 3828 2934 3873 testes
2961 3820 3392 3890 sumus,-iuquit.
3424 3823 3511 3878 16.
3547 3823 3609 3876 Et
3635 3823 3682 3876 in
3708 3822 3796 3890 ﬁde

2221 3911 2441 3964 nominis
2469 3911 2582 3980 ejus
2602 3954 2614 3973 ,
2649 3910 2782 3964 hunc
2801 3953 2816 3977 ,
2847 3927 2992 3982 quem
3020 3927 3104 3966 vos
3133 3913 3309 3968 videtis
3331 3924 3380 3968 et
3401 3916 3557 3970 nostis
3577 3957 3590 3980 ,
3627 3915 3796 3980 confir-

2221 4005 2375 4058 mavit
2400 4019 2581 4059 nomen
2610 4003 2762 4074 ejus;
2785 4013 2829 4058 et
2851 4005 2998 4074 ﬁdes,
3025 4021 3140 4076 qua:
3154 4024 3250 4076 per
3273 4023 3392 4062 eum
3439 4019 3510 4063 est
3533 4051 3546 4072 ,
3588 4009 3718 4064 dedit
3757 4007 3796 4060 ei

2220 4099 2464 4168 integram
2491 4097 2757 4152 sanitatem
2784 4097 2930 4150 istum
2960 4097 3010 4152 in
3033 4103 3549 4170 conspectuonmium
3572 4113 3794 4157 vestrum.

2220 4190 2480 4256 Qumrens
2507 4203 2722 4244 causam
2754 4189 2960 4252 dicere,
2993 4191 3172 4244 statim
3201 4191 3412 4261 signant
3459 4195 3642 4264 adjicit
3665 4235 3680 4259 ,
3721 4194 3797 4247 di-

2222 4296 2354 4335 cens
2378 4298 2396 4335 :
2427 4279 2492 4333 In
2524 4293 2795 4349 conspectu
2821 4282 3046 4335 omnium
3073 4294 3310 4337 vestrum.
3340 4286 3478 4352 Quia
3508 4287 3660 4342 valde
3691 4287 3797 4340 illos

2226 4373 2643 4442 perstrinxerat,
2675 4385 2728 4428 et
2758 4374 3067 4429 ostenderat
3093 4377 3408 4433 crucifixum
3433 4381 3795 4444 rosuri-exisse,

2223 4480 2407 4519 rursus
2432 4479 2737 4520 sermonem
2769 4467 3008 4536 mitigat,
3041 4467 3176 4522 dans
3201 4469 3304 4524 illis
3350 4472 3676 4540 pmnitentize
3725 4473 3797 4526 fa—

2223 4559 2475 4614 cultatem
2503 4599 2517 4623 ,
2547 4559 2752 4614 dicens.
2789 4561 2874 4614 17.
2915 4559 2977 4612 Et
3009 4577 3143 4613 nunc
3162 4604 3176 4628 ,
3207 4567 3390 4632 fratres
3411 4606 3424 4627 ,
3450 4570 3554 4619 scio
3581 4567 3696 4635 quin
3720 4579 3800 4631 per

2224 4653 2566 4724 ignorantiam
2592 4654 2780 4724 fecistis
2800 4695 2814 4717 ,
2856 4655 2984 4707 sicut
3010 4666 3055 4708 et
3079 4656 3332 4727 principes
3355 4661 3525 4712 vestri.
3549 4660 3649 4714 Par
3669 4660 3800 4728 igno-

2225 4747 2448 4800 rantiam
2471 4747 2681 4817 fecistis.
2713 4745 2836 4800 lltec
2866 4763 2968 4800 una
2997 4751 3272 4803 excusatio
3301 4765 3380 4804 ρει
3408 4767 3422 4814 ;
3453 4754 3638 4813 altera,
3670 4753 3799 4803 Sicut

2225 4851 2272 4895 et
2306 4840 2558 4910 principes
2601 4841 2770 4895 vestri.
2818 4840 3277 4906 Quemadmodum
3307 4843 3521 4914 ’Joscph
3565 4843 3803 4898 fratribus

2225 4932 2436 4986 divellat
2464 4949 2477 4987 :
2507 4930 2648 4986 Deus
2679 4949 2757 4985 me
2781 4933 2914 4986 misit
2945 4943 3059 4986 ante
3084 4951 3168 4988 vos
3203 4932 3372 5003 (Cen.
3413 4937 3504 4992 45.
3559 4939 3658 5006 5);
3705 4936 3805 4989 imo

2225 5025 2364 5092 quod
2394 5024 2618 5094 carptim
2653 5023 2761 5078 illic
2781 5024 3027 5090 dixerat,
3061 5023 3286 5094 Deﬁnito
3322 5028 3578 5094 consilio,
3609 5039 3654 5082 ct
3683 5041 3804 5093 prte-

2225 5115 2435 5169 scientia
2458 5114 2556 5169 Dei
2579 5115 2822 5169 traditum
2847 5117 3150 5187 accipientes
3181 5119 3320 5185 (Act.
3351 5120 3403 5172 2.
3437 5118 3552 5190 23),
3585 5120 3802 5188 idipsutn

2227 5205 2315 5260 ltic
2344 5207 2603 5262 extendit.
2638 5207 2727 5262 18.
2758 5205 2896 5262 Dens
2917 5217 3088 5261 autem
3111 5225 3223 5278 qua:
3249 5211 3606 5278 prwnuntiavit
3644 5224 3728 5276 per
3753 5223 3804 5260 os

2227 5301 2454 5354 omnium
2475 5301 2837 5372 prophetarum
2869 5302 2975 5370 pati
2997 5300 3254 5356 Christum
3275 5318 3446 5368 suum,
3478 5303 3551 5356 sic
3572 5301 3801 5372 implerit.

2230 5394 2401 5450 Simul
2431 5394 2666 5449 ostendit
2691 5408 2796 5449 non
2825 5394 3041 5449 illorum
3068 5409 3190 5450 esse
3209 5436 3223 5458 ,
3253 5395 3300 5449 si
3333 5395 3433 5450 hoc
3483 5394 3804 5449 detttons'tta-

2231 5497 2342 5542 tttut
2364 5487 2474 5551 sit;
2517 5487 2610 5542 sed
2640 5501 2736 5556 per
2763 5487 3092 5542 voluntatem
3127 5487 3220 5542 Dei
3263 5487 3458 5548 factum
3490 5502 3630 5542 esse.
3677 5484 3806 5539 Cum

2230 5594 2359 5634 vero
2379 5579 2544 5645 dicit,
2583 5578 2708 5645 Qua:
2751 5581 3131 5650 prwuuutiavit,
3171 5582 3350 5645 verba,
3382 5581 3536 5649 queis
3565 5577 3806 5634 crucifixi»

2233 5673 2651 5748 exprtibrabant,
2685 5677 2985 5731 suliintlicat
3017 5695 3029 5730 :
3060 5677 3114 5732 Si
3144 5678 3256 5732 vult
3278 5677 3609 5739 eum,sa’lvet
3647 5673 3805 5735 illum,

2231 5769 2510 5825 dicentes:
2540 5769 2680 5824 Dixit
2706 5771 2870 5835 enim,
2905 5769 3070 5826 Filius
3102 5770 3195 5824 Dei
3224 5786 3339 5824 sum
3371 5786 3384 5821 :
3413 5769 3628 5822 confidit
3669 5767 3715 5819 in
3751 5763 3805 5817 il-

2234 5861 2380 5928 lum;
2413 5861 2704 5917 descendat
2734 5877 2875 5916 nunc
2912 5862 2979 5916 de
3021 5879 3181 5917 cruce
3213 5865 3230 5933 (
3258 5863 3445 5917 Matth.
3475 5862 3566 5917 Ἡ.
3595 5861 3661 5917 40
3698 5874 3802 5924 sqq.

2233 5951 2357 6008 Luc.
2389 5953 2478 6010 25.
2507 5953 2575 6009 ὃὸ
2601 5955 2638 6022 ).
2674 5957 2754 6008 An
2791 5969 2941 6022 nnga:
2968 5965 3093 6010 sunt
3125 5957 3234 6010 haec
3261 5997 3272 6020 ,
3319 5972 3350 6009 0
3396 5953 3584 6009 stulti?
3636 5949 3804 6012 .tlsit;
