4092 6460
528 349 597 402 ’ῖῖ
1284 346 1342 398 S.
1379 341 1668 397 JOANNIS
1705 335 2194 397 CHRYSOSTOMI
2237 339 2560 397 ARCHIEP.
2609 336 3163 396 CONSTANTINOP.
3715 339 3784 394 78

498 461 652 534 φησὶ,
691 462 789 516 καὶ
813 461 1216 530 ἐπιστρέψατε
1253 473 1302 514 α.
1345 460 1458 515 Kal
1491 461 1551 514 ού
1599 459 1766 529 λέγει,
1822 453 1957 513 Ἀπὸ
1977 457 2085 511 τῶν

499 545 786 616 ἁμαρτιῶν
817 545 992 616 ὑμῶν,
1022 543 1157 609 ἀλλ’,
1194 546 1300 610 Εἰς
1349 542 1414 597 τὸ
1458 540 1888 613 ἐξαλειφθῆναι
1922 539 2090 611 ὑμῶν

499 629 608 694 τὰς
630 627 940 697 ἁμαρτίας,
964 627 1024 680 16
1047 626 1181 680 αὐτὸ
1202 625 1398 698 δηλῶν.
1426 621 1559 679 Εἶτα
1579 625 1640 679 16
1661 624 1850 696 κέρδος
1870 625 2088 690 ἐπάγειο

503 713 702 778 Ὅπως
717 713 792 766 ἂν
807 711 1025 765 ἔλθωσι
1047 710 1237 780 καιροὶ
1251 709 1611 778 ἀναψύξεως
1626 709 1746 764 ἀπὸ
1766 707 2094 777 προσώπου

499 795 607 850 τοῦ
655 795 900 864 Κυρίου.
951 795 1236 849 Δείκνυσιν
1287 793 1521 848 ἐνταῦθα
1571 791 2096 864 ταλαιπωρηθέντας

501 879 721 942 αὐτοὺς,
748 879 843 932 xal
863 878 1078 942 πολλοῖς
1111 876 1588 948 κατεργασθέντας
1625 877 1838 939 κακοῖς.
1889 875 1980 928 Διὸ
2002 874 2096 927 καὶ

499 962 673 1026 οὕτως
703 957 880 1025 εἶπεν,
920 962 1078 1026 εἰδὼς
1111 963 1194 1016 ὅτι
1231 962 1367 1033 πρὸς
1417 961 1510 1014 τὸν
1549 960 1830 1031 πάσχοντα
1865 960 1961 1013 καὶ
1989 977 2096 1012 πα-

504 1046 780 1121 ραμυθίαν
803 1045 1073 1115 ζητοῦντα
1098 1038 1255 1109 οὗτος
1287 1046 1352 1099 ἂν
1376 1045 1666 1117 ἀρμόσειεν
1689 1046 1718 1098 6
1738 1044 1916 1113 λόγος.

576 1130 645 1200 β’.
666 1130 776 1183 Kal
797 1130 918 1201 δρα,
952 1128 1071 1192 πῶς
1095 1129 1198 1200 ὁδῷ
1222 1128 1526 1200 προϐαίνει.
1556 1129 1644 1182 Ἐν
1679 1128 1778 1199 μὲν
1808 1131 1873 1199 τῇ
1905 1125 2094 1199 πρώτῃ

502 1213 814 1285 δημηγορία
840 1213 1024 1284 ἡρέμα
1055 1213 1154 1284 τὴν
1193 1212 1490 1267 ἀνάστασιν
1521 1213 1616 1266 καὶ
1641 1213 1742 1286 τὴν
1781 1214 1840 1266 ἐν
1881 1212 2096 1283 οὐρανῷ

504 1301 719 1356 κάθισιν
740 1299 992 1370 ᾐνίξατο·
1022 1298 1256 1352 ἐνταῦθα
1293 1298 1348 1351 δὲ
1382 1298 1477 1352 καὶ
1501 1300 1600 1370 τὴν
1635 1298 1856 1370 ἐμφανῆ
1891 1314 2096 1369 παρου-

507 1385 648 1438 σίαν.
681 1383 792 1436 Καὶ
833 1382 1172 1450 ἀποστείλῃ
1214 1382 1324 1435 τὸν
1347 1381 1923 1452 προκεχειρισμένον
1985 1383 2098 1448 Ἰση-

503 1469 660 1523 ιτοῦν
686 1468 968 1538 Χριστὸν,
991 1466 1064 1522 ὃν
1099 1466 1196 1520 δεῖ
1213 1465 1477 1534 οὐρανὸν
1496 1465 1614 1535 μὲν
1633 1465 1951 1531 δέξασθαιο
1977 1465 2097 1518 ἀντὶ

502 1553 620 1620 τοῦ,
655 1553 868 1622 ἀνάγκη
901 1551 1076 1604 ἐστίν·
1105 1551 1244 1620 ἄχρι
1285 1553 1522 1620 χρόνων
1549 1549 2098 1615 ἀποκαταστάσεως

501 1635 767 1691 πάντων.
798 1636 952 1690 Διατί
983 1635 1079 1689 νῦν
1103 1636 1204 1688 οὐκ
1243 1633 1466 1706 ἔρχεται
1489 1673 1504 1697 ,
1545 1636 1580 1706 ή
1612 1634 1762 1687 αίτία
1791 1633 1948 1705 δήλη.
1986 1629 2098 1688 ’Ὧν

501 1721 792 1791 ἐλάλησε,
823 1722 1009 1792 φησὶν,
1044 1723 1078 1775 ό
1109 1719 1254 1787 Θεὸς
1288 1719 1386 1774 διὰ
1429 1720 1726 1790 στόματος
1753 1718 1873 1773 τῶν
1912 1719 2097 1788 ἁγίων

501 1806 691 1862 αὐτοῦ
710 1804 1032 1876 προφητῶν
1055 1804 1172 1858 τῶν
1190 1804 1539 1870 ἀπἀὶῶνος.
1556 1802 1780 1870 Μωσῆς
1791 1802 1908 1872 μὲν
1927 1804 2097 1856 εἶπεν

500 1895 653 1962 πρὸς
683 1893 822 1959 τοὺς
853 1893 1134 1960 πατέρας,
1171 1892 1260 1944 ὅτι
1298 1891 1625 1960 Προφήτην
1649 1891 1792 1961 ὑμῖν
1824 1890 2094 1958 ἀναστή-

503 1993 598 2031 σει
622 1977 843 2044 Κύριος
865 1979 897 2030 ὀ
915 1976 1057 2041 Θεὸς
1085 1975 1256 2044 ὑμῶν
1276 1975 1345 2028 ἐκ
1379 1974 1498 2028 τῶν
1525 1973 1809 2044 ἀδελφῶν
1832 1974 1996 2044 ὑμῶν
2015 1975 2096 2041 ὡς

501 2061 631 2129 ἐμέ·
664 2058 850 2113 αὑτοῦ
890 2060 1232 2112 ἀκούσεσθε
1273 2059 1425 2112 κατά
1454 2057 1652 2112 πάντα
1673 2099 1685 2117 .
1728 2059 1847 2112 ὅσα
1876 2057 1952 2113 ἂν
1988 2061 2096 2113 λα-

501 2143 667 2212 λήσῃ
695 2143 845 2213 πρὸς
868 2141 1045 2212 ὑμᾶς.
1081 2144 1229 2196 Ἐκεῖ
1249 2143 1278 2182 1⁵
1314 2143 1412 2214 μὲν
1441 2141 1536 2195 τοῦ
1566 2141 1728 2195 Δαυῖδ
1759 2143 2097 2213 ἐμνημόνευ-

506 2246 617 2293 σεν,
647 2227 880 2282 ἐνταῦθα
916 2228 973 2280 δὲ
1008 2227 1271 2292 Μωσέως.
1307 2227 1578 2290 Πάντων,
1601 2228 1768 2297 φησὶν
1792 2267 1806 2292 ,
1845 2221 1932 2280 ὧν
1959 2226 2098 2280 ἐλά-

502 2316 699 2381 λησεν
725 2316 756 2367 ό
791 2315 955 2380 Θεός.
995 2313 1069 2366 Οὐ
1092 2311 1263 2381 λέγει,
1293 2306 1394 2365 Ὧν
1426 2308 1578 2365 εἶπεν
1612 2314 1640 2365 ὀ
1679 2311 1934 2384 Χριστὸς,
1958 2313 2094 2377 ἀλλ’,

502 2391 613 2450 Ὧν
633 2396 942 2464 ἐλάλησεν
966 2398 997 2450 ό
1029 2396 1192 2462 Θεὸς,
1221 2395 1302 2448 ἔτι
1326 2395 1404 2466 τῷ
1441 2395 1753 2460 συσκιάζειν
1776 2395 1975 2466 μᾶλλον
2000 2397 2098 2449 αὐ-

502 2481 630 2543 τοὺς
650 2480 991 2550 ἐπαγόμενος
1016 2481 1096 2543 εἰς
1127 2479 1311 2532 πίστιν
1343 2480 1547 2551 ἡρέμα.
1579 2475 1714 2534 Εῐτα
1743 2481 1834 2533 ἐπὶ
1869 2480 1928 2533 τὸ
1953 2481 2096 2545 ἀξιό·

503 2581 693 2617 πιστον
713 2563 1069 2633 καταφεύγει,
1096 2563 1271 2633 λέγων
1293 2578 1305 2592 °
1329 2563 1654 2633 Προφήτην
1671 2563 1814 2634 ὑμῖν
1834 2564 2096 2633 ἀντιστή-

501 2661 598 2701 σει
623 2649 839 2715 Κύριος
861 2650 892 2700 ό
925 2647 1070 2713 Θεὸς
1093 2646 1161 2700 ἐκ
1201 2645 1320 2699 τῶν
1341 2647 1627 2716 ἀδελφῶν
1659 2646 1826 2716 ὑμῶν
1857 2649 1940 2712 ὡς
1958 2648 2094 2716 ἐμέο

501 2730 689 2783 αὐτοῦ
709 2731 1052 2784 ἀκούσεσθε
1074 2731 1227 2783 κατὰ
1247 2729 1465 2783 πάντα.
1497 2725 1630 2784 Εἶτα
1660 2730 1754 2783 καὶ
1787 2730 1820 2800 ή
1854 2731 2096 2802 τιμωρία

503 2814 695 2886 πολλή.
733 2815 940 2868 Ἔσται
967 2813 1054 2878 δὲ,
1084 2815 1237 2884 φησὶ,
1270 2812 1440 2870 πᾶσα
1466 2813 1663 2882 ψυχὴ,
1717 2813 1852 2882 ἣτις
1899 2814 1976 2868 ἂν
2007 2816 2093 2885 μὴ

500 2899 739 2968 ἀκούσῃ
762 2898 868 2952 τοῦ
893 2898 1204 2967 προφήτου
1231 2897 1491 2960 ἐκείνου,
1521 2897 2096 2966 ἐξολοθρευθήσεται

499 2982 569 3036 ἐκ
603 2981 710 3036 τοῦ
747 2982 921 3036 λαοῦ.
951 2981 1059 3035 Καὶ
1084 2979 1306 3045 πάντες
1331 2979 1401 3032 δὲ
1421 2983 1476 3034 οι
1505 2979 1804 3049 προφῆται
1826 2981 1945 3034 ἀπὸ
1981 2985 2096 3034 Σα-

496 3066 704 3136 μουὴλ
725 3064 958 3119 καὶτῶν
980 3063 1241 3132 καθεξῆς
1259 3064 1392 3118 ὅσοι
1413 3063 1731 3131 ἐλάλησαν
1750 3064 1848 3118 καὶ
1879 3065 2096 3134 κατήγ-

501 3154 711 3220 γειλαν
742 3150 850 3216 τὰς
898 3149 1125 3218 ἡμέρας
1163 3149 1404 3214 ταύτας.
1469 3147 1733 3201 Ἐνταῦθα
1778 3148 1960 3212 καλῶς
2006 3150 2097 3202 τὸν

502 3234 723 3306 ὄλεθρον
749 3234 943 3304 έθηκεν
978 3244 1025 3286 ε.
1063 3232 1232 3286 Ὅταν
1260 3233 1368 3303 γάρ
1386 3251 1440 3285 τι
1465 3232 1599 3304 λέγῃ
1635 3232 1799 3304 μέγα,
1851 3235 1944 3286 ἐπὶ
1971 3237 2096 3300 τοὺς

505 3317 756 3390 πρώτους
781 3316 1137 3386 καταφεύγει.
1163 3318 1274 3368 Kal
1300 3315 1604 3387 μαρτυρίαν
1627 3310 1782 3388 εὗρεν
1808 3317 2096 3389 ἀμφότερα

503 3403 755 3472 ἔχουσαν,
772 3400 957 3472 ὥσπερ
976 3401 1095 3453 ἐκεῖ
1111 3396 1261 3452 εἶπεν
1276 3416 1289 3429 ’
1309 3400 1464 3464 ’Έως
1489 3398 1566 3452 ἂν
1584 3398 1658 3468 θῇ
1680 3399 1822 3466 τοὺς
1844 3400 2096 3470 ἐχθροὺς

502 3487 619 3540 ὑπὸ
647 3484 788 3552 τοὺς
817 3485 1007 3550 πόδας
1024 3483 1232 3538 αὐτοῦ.
1264 3484 1336 3536 Τὸ
1357 3484 1464 3555 γὰρ
1489 3483 1827 3555 θαυμαστὸν,
1849 3487 1931 3540 ὅτι
1956 3486 2092 3557 ὁμοῦ

503 3570 572 3622 τὰ
608 3568 724 3633 δύο,
759 3569 854 3622 καὶ
907 3567 1158 3638 ὑποταγὴ
1192 3568 1286 3620 xal
1319 3567 1594 3640 παρακοὴ,
1632 3569 1784 3640 καὶή
1830 3569 2091 3642 τιμωρία.

513 3653 609 3718 Ὠς
629 3652 753 3722 ἐμὲ,
779 3651 935 3723 φησί.
961 3651 1026 3703 Τί
1053 3651 1232 3704 τοίνυν
1261 3651 1514 3706 πτοεῖσθε
1538 3670 1552 3720 ;
1589 3652 1785 3722 Ὑμεῖς
1813 3654 1953 3708 ἐστε
1973 3654 2091 3709 υίοί

504 3738 622 3793 τῶν
637 3736 1153 3808 προφητῶν-,Ὥστε
1172 3739 1300 3808 ὑμῖν
1316 3738 1524 3808 ἔλεγον,
1544 3740 1640 3793 καὶ
1658 3740 1726 3794 δι’
1747 3741 1891 3811 ὑμᾶς
1912 3740 2092 3794 πάντα

503 3822 748 3890 γέγονενς
765 3820 985 3892 Ἐπειδὴ
1006 3820 1116 3892 γάρ
1133 3821 1294 3874 διὰτὸ
1313 3821 1572 3893 τόλμημα
1594 3822 1842 3894 ἐνόμιζον
1864 3824 2092 3886 ἑαυτοὺς

502 3903 897 3977 ἠλλοτριῶσθαι
941 3904 1060 3975 (xal
1101 3903 1211 3975 γὰρ
1242 3904 1344 3958 οὐκ
1383 3903 1495 3976 ἔχει
1533 3905 1691 3974 λόγον
1721 3905 1748 3946 δ
1780 3906 1871 3960 τὸν
1901 3906 2087 3974 αὐτὸν,

502 3988 600 4044 νῦν
623 3989 723 4060 μὲν
741 3986 1126 4060 στανροῦσθαι,
1149 3987 1244 4041 νῦν
1269 3988 1326 4042 δὲ
1347 3989 1422 4054 ὡς
1452 3990 1685 4056 οἰκείους
1713 3991 2085 4064 θεραπεύειν),

504 4073 794 4140 δείκνυσιν,
814 4071 897 4126 ὃτι
925 4071 1018 4126 καὶ
1044 4073 1220 4126 ἐκεῖνο
1237 4074 1376 4127 κατὰ
1392 4075 1727 4146 προφητείαν
1746 4117 1762 4142 ,
1789 4077 1884 4130 καὶ
1909 4076 2088 4133 τοῦτο.

515 4156 714 4227 Ὑμεῖς
739 4157 900 4222 ἐστε,
937 4157 1120 4226 φησιν,
1155 4157 1272 4210 υἱοὶ
1301 4155 1418 4210 τῶν
1447 4157 1798 4228 προφητῶν,
1845 4161 1942 4213 καὶ
1979 4159 2090 4230 τῆς

503 4239 815 4309 διαθήκης,
863 4235 941 4310 ἧς
988 4239 1215 4295 διέθετο
1243 4243 1276 4294 ό
1307 4239 1451 4307 Θεὸς
1485 4242 1636 4310 πρὸς
1657 4243 1798 4309 τοὺς
1830 4245 2090 4313 πατέρας

503 4323 690 4394 ὑμῶν,
723 4323 917 4394 λέγων
951 4324 1101 4392 πρὸς
1134 4323 1407 4394 Ἁϐραάμο
1434 4324 1546 4378 Καὶ
1583 4326 1654 4379 ἐν
1679 4325 1760 4392 τῷ
1795 4328 2090 4398 σπέρματί

502 4422 621 4462 σου
670 4406 1187 4476 εὐλογηθήσονται
1220 4407 1409 4462 πᾶσαι
1435 4411 1495 4463 αἱ
1531 4410 1770 4478 πατριαὶ
1810 4411 1922 4481 τῆς
1952 4413 2086 4482 γῆς.

513 4489 688 4559 ’Υμῖν
711 4489 968 4556 πρῶτον,
993 4490 1180 4561 φησὶν,
1203 4493 1235 4544 ό
1261 4490 1406 4558 Θεὸς
1431 4492 1791 4560 ἀναστήσας
1816 4495 1924 4549 τὸν
1947 4497 2090 4550 Παῖ-

497 4573 579 4626 6a
607 4573 797 4627 αὐτοῦ
834 4573 1221 4630 ἀπέστειλεν.
1252 4575 1396 4648 Ἀρα
1421 4577 1514 4630 καὶ
1542 4576 1750 4649 ἐτέροις
1774 4594 1788 4608 ·
1819 4579 1932 4633 ἀλλ’
1961 4582 2092 4652 ὑμῖν

509 4658 721 4728 πρῶτον
738 4659 853 4721 τοῖς
882 4657 1281 4730 σταυρώσασιν.
1307 4659 1699 4730 Εὐλογοῦντα
1718 4661 1894 4731 ὑμᾶς,
1913 4664 1984 4717 ἐν
2012 4662 2092 4731 τῷ

503 4739 908 4809 ἀποστρέφειν
930 4741 1193 4797 ἕκαστον
1219 4741 1340 4798 ἀπὸ
1370 4743 1489 4798 τῶν
1517 4743 1839 4815 πονηριῶν.
1866 4746 2092 4818 Ἴδωμεν

504 4823 560 4876 δὲ
584 4822 976 4896 ἀκριϐέστερον
1007 4824 1214 4878 ἀνωθεν
1236 4825 1305 4880 τὰ
1342 4827 1782 4896 ἀναγνωσθέντα.
1817 4829 1966 4894 Τέως
1989 4848 2092 4886 κα-

504 4905 867 4973 τασκευάζει,
920 4907 1008 4960 ὅτι
1035 4909 1189 4962 αὐτοὶ
1217 4920 1241 4948 θ
1274 4909 1538 4980 ἐποίησαν
1585 4911 1645 4964 τὸ
1694 4911 1880 4982 θαῦμα
1914 4916 1971 4967 ἐν
2015 4911 2093 4984 τῷ

505 4990 702 5042 εἰπεῖν’
727 4987 848 5062 [7‘2]
874 4990 934 5044 Τί
959 4990 1280 5061 θαυμάζετε
1298 5008 1318 5058 ;
1338 4994 1448 5047 Kal
1474 4993 1574 5047 οὐκ
1589 4994 1815 5066 ἀφίησιν
1841 4998 2092 5050 ἀπιστεῖ-

505 5073 632 5126 σθαι
657 5073 718 5125 τὸ
733 5073 1045 5146 λεγόμενον.
1070 5076 1180 5130 Καὶ
1201 5077 1288 5130 ἵνα
1312 5076 1756 5151 ἀξιοπιστότερον
1780 5081 1911 5134 αὐτὸ
1939 5083 2094 5154 ποιή-

505 5173 593 5228 σῃ,
622 5157 1142 5229 προκαταλαμϐάνει
1160 5159 1342 5214 αὐτῶν
1361 5161 1459 5232 τὴν
1480 5162 1662 5234 κρίσιν
1684 5179 1697 5192 ·
1733 5163 1914 5234 Ἡμῖν,
1937 5167 2091 5237 φησὶ,

503 5243 560 5296 τί
588 5241 904 5308 ἀτενίζετε,
930 5244 1014 5310 ὡς
1043 5243 1163 5312 ἰδία
1192 5243 1444 5315 δυνάμει
1469 5246 1504 5315 ἢ
1537 5249 1812 5315 εὐσεϐείᾳ
1840 5265 2093 5318 πεποιη-

502 5325 708 5391 κόσιν;
741 5327 803 5379 EE
829 5325 988 5380 τοῦτο
1021 5327 1166 5398 ὑμᾶς
1189 5329 1445 5397 ταράττει
1472 5331 1566 5383 καὶ
1595 5330 1831 5401 θορυϐεῖ,
1868 5333 2090 5401 μάθετε,

499 5409 586 5473 τίς
611 5411 638 5464 6
666 5411 922 5482 ποιήσας,
955 5411 1050 5464 καὶ
1083 5412 1161 5482 μὴ
1186 5413 1578 5483 ἐκπλήττεσθε.
1614 5416 1722 5466 Kal
1759 5417 1858 5486 ὅρα
1885 5435 2091 5470 παντα-

502 5493 622 5561 χοῦ,
653 5495 735 5548 ὅτι
765 5497 859 5547 ἐπὶ
885 5496 978 5549 τὸν
999 5495 1132 5548 Θεὸν
1155 5497 1284 5548 ὅταν
1319 5497 1659 5570 καταφεύγῃ.
1687 5504 1782 5553 καὶ
1807 5503 1934 5574 εἴπῃ
1960 5503 2088 5572 παρ’

503 5575 664 5629 αὑτοῦ
693 5578 938 5644 γίνεσθαι
962 5581 1160 5643 πάντα,
1190 5579 1311 5632 τότε
1335 5579 1505 5645 ἀδεῶς
1533 5584 1716 5647 αὐτοῖς
1746 5587 2086 5655 ἐπιπλήττει.

541 5739 595 5798 ,⁸⁸
613 5738 1198 5811 ι’Ληποστρέψατε-Μοηις..
1219 5745 1486 5811 εξίῐεῐοὶίιυο
1515 5745 1673 5811 βάἱῌ.
1699 5747 1924 5811 Alterum
1961 5763 2085 5809 prae-

507 5799 630 5873 pcgt
658 5801 784 5873 Blpl.
809 5799 1041 5873 'el'_m_u_:_u'
1076 5805 1216 5873 codd.
1255 5799 1422 5873 Eum:
1448 5806 1711 5873 _b_Quiqam
1747 5810 1944 5858 codices
1961 5799 2086 5873 ’πρὸς

505 5863 639 5934 ὑμᾶς
682 5863 819 5934 Τότε.
889 5868 910 5894 ο
933 5866 1076 5934 Aliqs
1105 5868 1324 5934 τέθεικεν.
1391 5863 1977 5934 εἰμιιιειηηήλλοτριῶσθαι,
2004 5863 2085 5921 καί

506 5923 592 5968 οὐκ
615 5923 739 5984 ἔχειν
761 5924 914 5985 λόγον.
942 5989 947 5990 γ
989 5939 1011 5964 ο
1034 5927 1319 5985 Legendum
1363 5929 1556 5978 videtur
1590 5923 1661 5978 ὅτι
1697 5923 1785 5979 οῦκ
1811 5923 2084 5990 αὐτοί,ἠε-

506 5992 803 6045 κιωιριηᾳυο
825 5989 1116 6046 particulam
1152 5991 1396 6048 expressit
1430 5990 1674 6042 Erasmus.
1699 5993 1831 6044 Enn.

2198 459 2295 512 Διά
2329 460 2488 514 τοῦτο
2519 461 2614 514 καὶ
2642 458 2902 530 ἀνωτέρω
2932 459 3118 526 ἔλεγεν
3144 497 3158 521 ,
3217 457 3430 526 Ἄνδρα
3477 456 3788 512 ἀποδεδει-

2194 543 2418 614 γμένον
2437 543 2557 600 ἀπὸ
2590 543 2739 598 Θεοῦ
2771 546 2860 610 εὶς
2901 541 3081 612 ὑμᾶς.
3111 543 3223 596 Kal
3263 540 3540 612 πανταχοῦ
3587 542 3787 612 ἀναμι-

2201 629 2431 698 μνήσκει
2459 627 2659 691 αὐτοὺς
2681 627 2777 680 τοῦ
2810 627 3162 699 τολμήματος
3183 667 3198 690 ,
3235 627 3322 680 ἵνα
3347 627 3442 680 καὶ
3485 625 3548 680 τδ
3599 625 3788 696 θαῦμα

2197 711 2408 784 δειχθῇ,
2431 713 2526 767 καὶ
2554 714 2588 785 ή
2616 711 2916 776 ἀνάστασις
2973 711 3216 783 κυρωθῇ.
3265 709 3532 764 Ἐνταῦθα
3578 709 3637 764 δέ
3691 710 3788 762 καὶ

2193 795 2322 848 ἀλλο
2365 795 2742 867 προσέθηκεν
2798 795 2900 849 οὐκ
2952 794 3032 849 ἐτι
3067 794 3176 866 γὰρ
3231 793 3554 865 Ναζωραῖον
3609 791 3784 860 λέγει,

2193 877 2332 932 ἀλλά
2358 880 2446 944 τίς
2489 879 2552 933 ὐ
2583 878 2749 946 Θεὸς,
2788 879 2943 950 φησι,
2972 875 3094 931 τῶν
3140 876 3412 947 πατέρων
3453 876 3624 947 ήμῶν
3651 876 3787 933 ἐδό-

2195 960 2348 1027 ξασε
2380 962 2488 1016 τὸν
2533 961 2721 1018 Παῖδα
2754 961 2942 1018 αὐτοῦ
2977 961 3234 1029 Ἰησοῦν.

2266 1046 2409 1118 Ὀρα
2435 1047 2532 1100 καὶ
2558 1047 2619 1100 16
2648 1046 2873 1116 ἄτυφον.
2927 1047 3042 1100 Οὐκ
3072 1045 3416 1106 ἐνεκάλεσεν,
3461 1043 3583 1098 οὐδὲ
3632 1041 3787 1096 εἶπεν

2194 1130 2398 1194 εὐθέως
2417 1147 2432 1164 ο
2470 1130 2576 1185 Kal
2596 1131 2691 1185 νῦν
2717 1129 3032 1186 πιστεύετεο
3066 1129 3176 1184 ἰδοὺ
3204 1129 3490 1200 ἄνθρωπος
3517 1126 3788 1198 τεσσαράο

2195 1231 2362 1269 κοντα
2395 1215 2489 1285 ἐτη
2524 1216 2695 1288 χωλὸς
2719 1215 2816 1281 ὢν,
2839 1217 2898 1269 ἐν
2930 1215 3008 1286 τῷ
3049 1214 3275 1284 ὀνόματι
3321 1212 3500 1284 Ἰησοῦ
3542 1209 3786 1284 Χριστοῦ

2193 1298 2414 1369 ἀνέστη.
2459 1300 2572 1370 Οὐχ
2627 1299 2798 1362 οὕτως
2832 1296 3021 1353 εἶπεν·
3074 1296 3537 1368 φιλονεικοτέρους
3577 1295 3686 1366 γάρ
3719 1294 3787 1349 ἀν

2194 1381 2452 1452 ἐποίησεν
2473 1400 2486 1413 ·
2520 1381 2657 1437 ἀλλά
2690 1383 2826 1446 τέως
2861 1382 3056 1446 αὐτοὺς
3085 1382 3329 1446 ἐπαινεῖ,
3359 1381 3441 1434 ὅτι
3473 1378 3789 1450 ἐθαύμαζον

2193 1466 2255 1519 τὸ
2276 1467 2664 1538 γεγενημένον.
2697 1468 2808 1520 Kal
2833 1466 2995 1520 πάλιν
3043 1465 3154 1520 ἀπὸ
3180 1464 3274 1518 τοῦ
3309 1463 3576 1535 προγόνου
3605 1463 3785 1516 καλεῖ.

2196 1551 2307 1605 Kal
2337 1552 2399 1604 οὐ
2425 1552 2593 1620 λέγει,
2609 1551 2668 1606 ὐ
2703 1551 2912 1624 Ἰησοῦς
2941 1551 3102 1607 αὑτὸν
3136 1549 3499 1622 ἐθεράπευσεο
3521 1548 3702 1603 καίτοι
3720 1564 3790 1616 γε

2193 1635 2356 1699 αὐτὸς
2379 1635 2541 1690 αὑτὸν
2573 1635 2940 1709 ἐθεράπευσεν
2961 1652 2974 1666 ’
2998 1634 3137 1700 ἀλλ’,
3171 1635 3258 1688 ῐνα
3311 1633 3386 1704 μὴ
3414 1632 3639 1700 λέγωσι,
3677 1631 3792 1684 Kal

2195 1719 2310 1782 πῶς
2337 1719 2450 1790 ἔχει
2473 1719 2649 1774 ταῦτα
2675 1719 2852 1788 λόγον,
2883 1721 2932 1772 εἰ
2959 1718 3050 1773 τὸν
3078 1717 3396 1789 παράνομον
3422 1715 3668 1780 δοξάζεις
3697 1712 3790 1768 διὰ

2193 1803 2353 1856 τοῦτο
2379 1803 2576 1867 αὐτοὺς
2601 1803 3012 1874 ἀναμιμνήσκει
3034 1801 3136 1871 τῆς
3158 1799 3393 1872 κρίσεως
3421 1799 3520 1870 τῆς
3561 1799 3655 1851 ἐπί
3688 1798 3791 1850 Πι-

2193 1887 2379 1950 λάτον,
2406 1887 2644 1952 δεικνὺς,
2680 1889 2764 1941 ὅτι
2821 1890 2868 1940 εἰ
2922 1886 3128 1941 θέλοιεν
3178 1885 3489 1955 προσέχειν,
3517 1885 3618 1938 οὐκ
3668 1882 3790 1936 ἐστι

2195 1973 2513 2044 παράνομος
2533 1990 2546 2004 ο
2579 1973 2640 2026 ού
2662 1972 2772 2044 γὰρ
2789 1969 2852 2024 ἂν
2871 1972 2899 2023 6
2921 1970 3153 2033 Πιλᾶτος
3183 1967 3446 2038 ἠθέλησεν
3467 1966 3628 2021 αὑτὸν
3651 1967 3791 2019 ἀπο-

2193 2056 2373 2111 λῦσαι.
2411 2055 2515 2110 Καὶ
2546 2057 2648 2110 οὐκ
2678 2051 2823 2118 εἷπε,
2863 2054 3223 2125 Θελήσαντος,
3266 2051 3421 2117 ἀλλά,
3457 2051 3792 2121 Κρίναντος

2193 2140 2430 2194 ἐκείνου
2461 2141 2754 2194 ἀπολύειν
2779 2155 2791 2169 ⁵
2826 2138 3024 2208 δηλῶν,
3047 2137 3128 2190 ὅτι
3157 2136 3248 2190 τὸν
3287 2136 3383 2206 μὲν
3410 2136 3631 2206 ἐτέρους
3661 2135 3793 2188 ἀνε-

2194 2222 2352 2276 λόντα
2382 2224 2626 2295 ᾐτήσατε
2665 2223 2958 2294 ἀφεθῆναι,
3017 2222 3110 2275 16v
3159 2221 3217 2274 δὲ
3251 2220 3380 2284 τοὺς
3406 2219 3793 2292 ἀνῃρημένους

2195 2305 2565 2375 ζωογονοῦντα
2583 2307 2684 2360 οὐκ
2716 2306 3038 2377 ἠθελήσατε.
3069 2305 3179 2358 Καὶ
3207 2304 3402 2375 ἵναμὴ
3437 2303 3634 2371 λέγωσι
3675 2302 3792 2356 πά-

2195 2389 2300 2455 λιν,
2319 2390 2444 2452 Πῶς
2467 2389 2562 2443 νῦν
2578 2389 2742 2443 αὐτὸν
2763 2389 2978 2456 δοξάζει
3003 2391 3032 2442 6
3059 2389 3179 2443 τότε
3206 2386 3282 2459 μὴ
3307 2386 3580 2457 βοηθήσας
3602 2403 3618 2452 ;
3643 2403 3793 2455 παρ-

2195 2475 2388 2542 άγουσι
2412 2474 2540 2538 τοὺς
2569 2475 2855 2546 προφήτας
2883 2472 3313 2544 μαρτυροῦντας,
3344 2472 3428 2525 ὅτι
3455 2470 3624 2534 οὕτως
3674 2470 3792 2524 ἔδει

2195 2559 2473 2629 γενέσθαι.
2507 2557 2660 2627 Εἶτα,
2697 2560 2784 2611 ἶνα
2815 2559 2889 2628 μὴ
2919 2558 3184 2629 νομίσωσι
3219 2556 3313 2610 τοῦ
3337 2555 3474 2610 Θεοῦ
3504 2558 3605 2628 τὴν
3639 2556 3793 2608 οἰκο-

2193 2645 2384 2716 νομίαν
2414 2644 2712 2712 ἀπολογίαν
2751 2645 2929 2697 αὐτῶν
2953 2639 3114 2707 εἶναι,
3147 2642 3412 2714 πρότερον
3442 2641 3621 2695 αὐτῶν
3653 2641 3795 2696 καθ-

2198 2733 2449 2784 άπτεται.
2482 2729 2590 2782 Kal
2621 2727 2681 2781 τὸ
2719 2726 2864 2782 κατά
2896 2727 3187 2798 πρόσωπον
3219 2725 3276 2778 δὲ
3325 2724 3559 2779 Πιλάτου
3617 2725 3793 2798 ἀρνήο

2198 2815 2416 2879 σασθαι,
2447 2813 2549 2867 οὐκ
2579 2809 2647 2885 ἦν
2681 2812 2740 2865 τὸ
2773 2810 2952 2882 τυχὸν,
2978 2811 3186 2863 ἐκείνου
3225 2810 3552 2881 βουλομένου
3585 2809 3792 2863 ἀπολῦ-

2198 2915 2318 2951 σαι·
2352 2900 2447 2951 καὶ
2479 2899 2560 2951 ὃτι
2589 2899 2650 2950 ού
2673 2897 2894 2950 δυνατὸν
2935 2896 3064 2966 ὑμῖν
3087 2893 3448 2967 ἀρνήσασθαι,
3489 2895 3794 2965 κατηγορεῖ

2194 2983 2222 3035 6
2249 2983 2494 3053 αἰτηθεὶς
2526 2983 2641 3036 ἀντ’
2677 2981 2863 3034 αὑτοῦ.
2916 2980 3075 3033 Οὕτω
3121 2978 3401 3032 καὶτοῦτο
3434 2978 3453 3016 ί
3503 2978 3792 3048 οἰκονομία

2199 3065 2409 3139 μεγάλη
2432 3061 2519 3138 ἦν.
2571 3064 2838 3118 Ἐνταῦθα
2877 3063 2977 3134 τὴν
3020 3063 3407 3132 ἀναισχυντίαν
3446 3062 3626 3116 αὐτῶν
3672 3061 3789 3114 δεί-

2195 3169 2354 3206 κνυσι
2386 3151 2480 3204 καὶ
2507 3150 2604 3220 τὴν
2637 3149 2967 3220 ἰταμότηταο
2997 3148 3092 3200 καὶ
3123 3150 3206 3202 ὅτι
3233 3149 3261 3201 6
3297 3148 3396 3218 μὲν
3445 3147 3647 3217 Ἕλλην
3687 3147 3792 3200 καὶ

2199 3238 2357 3308 μόνον
2392 3235 2512 3290 τότε
2572 3235 2788 3306 πρῶτον
2822 3233 2984 3288 αὐτὸν
3034 3233 3177 3298 ίδὼν,
3234 3230 3544 3303 ἀπήλλαξεν
3595 3230 3788 3295 αὐτὸν,

2195 3321 2372 3376 καίτοι
2395 3337 2489 3389 »γε
2518 3319 2668 3373 οὐδὲν
2717 3319 2859 3389 μέγα
2906 3317 3144 3380 ἀκούσας
3165 3333 3178 3346 ·
3209 3318 3257 3369 οἱ
3291 3315 3346 3369 δὲ
3373 3317 3482 3378 τοῖς
3534 3313 3791 3386 σημείοις

2197 3405 2640 3477 συντρεφόμενοι,
2673 3403 2736 3456 τὸ
2765 3403 3008 3458 ἐναντίον
3034 3401 3421 3471 πεποιήκασιν.
3457 3400 3579 3454 Ὀτι
3611 3398 3669 3451 δέ
3699 3398 3787 3452 δι-

2193 3491 2365 3554 καίως
2399 3489 2610 3560 ἔκρινεν
2645 3488 2852 3551 ἐκεῖνος
2900 3483 3177 3546 ἀπολύειν,
3237 3485 3330 3537 καὶ
3361 3483 3423 3536 οὐ
3449 3481 3591 3536 κατά
3621 3483 3790 3554 χάριν

2191 3573 2350 3628 τοῦτο
2374 3572 2548 3625 ἐποίει
2572 3614 2588 3638 ,
2635 3570 2799 3624 ἀκουε
2837 3567 3004 3622 αὐτοῦ
3043 3565 3276 3638 ἀλλαχοῦ
3303 3566 3553 3636 λέγοντος
3573 3583 3585 3595 ·
3620 3566 3790 3630 Ἔθος

2194 3667 2320 3737 ὑμῖν
2351 3666 2499 3718 ἐστιν
2537 3661 2796 3716 ἀπολύειν
2836 3661 2934 3714 ἕνα
2967 3660 3120 3714 τινάο
3169 3659 3382 3714 Θέλετε
3420 3653 3535 3714 οὖν
3566 3658 3790 3714 τοῦτον

2189 3749 2480 3803 ἀπολύσω
2507 3745 2682 3816 ὐμῖν;
2721 3743 2920 3814 Ὑμεῖς
2941 3742 3008 3796 δὲ
3049 3741 3158 3796 τὸν
3184 3741 3356 3811 ἅγιον
3412 3741 3509 3796 καὶ
3546 3741 3789 3798 δίκαιονρ

2188 3831 2562 3900 ἠρνήσασθε.
2582 3829 2696 3882 Οὐκ
2724 3824 2899 3890 εἶπεν,
2933 3825 3286 3890 Ἐξεδὼκατε,
3309 3824 3446 3879 ἀλλά
3475 3825 3781 3896 πανταχοῦ,

2202 3915 2601 3984 Ἠρνήσασθε.
2631 3913 2890 3974 Εἰκότως.
2918 3909 3075 3963 υῦτω
3099 3908 3206 3981 γὰρ
3241 3908 3336 3962 καὶ
3368 3908 3550 3977 ἔλεγον
3578 3909 3604 3949 ⁸
3623 3925 3636 3938 ·
3657 3911 3784 3964 Οὐκ

2188 3999 2410 4069 ἔχομεν
2451 3995 2720 4063 βασιλέα
2753 3998 2806 4050 εὶ
2835 3993 2923 4063 μὴ
2983 3993 3278 4060 Καίσαρα.
3319 3995 3430 4047 Kal
3458 3993 3560 4048 οὐκ
3599 3989 3782 4062 εἶπεν,

2187 4084 2302 4138 Οὐκ
2332 4080 2667 4155 ἐξῃτήσασθε
2697 4079 2788 4133 τὸν
2814 4079 3076 4149 ἄληπτον,
3102 4077 3222 4136 ούδέ
3245 4076 3553 4148 ἠρνήσασθε
3597 4077 3784 4148 μόνον,

2187 4167 2324 4222 ἀλλά
2355 4167 2448 4220 καὶ
2476 4163 2859 4222 ἀπεκτείνατε.
2894 4164 3023 4217 Ὅτε
3057 4159 3456 4232 πεπωρωμένοι
3487 4155 3660 4232 ἦσαν,
3698 4162 3788 4216 οὐ.

2187 4251 2276 4305 δὲν
2299 4249 2540 4304 τοιοῦτον
2579 4243 2768 4302 εἶπεν·
2816 4248 2904 4301 ὅτε
2958 4243 3195 4317 μάλιστα
3227 4243 3551 4314 ἐσείσθησαν
3601 4243 3787 4298 αὐτῶν

2187 4335 2245 4388 αἱ
2275 4333 2465 4404 ψυχαὶ,
2497 4331 2620 4385 τότε
2653 4331 2880 4403 πλήττει
2908 4327 3299 4400 σφοδρότερον,
3340 4328 3427 4380 ὅτε
3462 4328 3556 4380 καὶ
3596 4326 3786 4382 αίσθέο

2191 4417 2314 4472 σθαι
2340 4416 2610 4470 δύνανται.
2637 4414 2906 4485 Καθάπερ
2931 4413 3040 4484 γὰρ
3070 4413 3234 4483 ἡμεῖς
3270 4411 3384 4474 τοῖς
3419 4411 3517 4482 μὲν
3552 4410 3786 4481 μεθύου-

2192 4518 2276 4555 σιν
2303 4501 2456 4555 ούδέν
2483 4499 2718 4571 λέγομεν
2736 4537 2752 4566 ,
2797 4498 2926 4551 ὅταν
2955 4495 3013 4548 δὲ
3043 4495 3255 4566 νήψωσι
3294 4496 3389 4548 καὶ
3415 4496 3785 4563 ἀνενέγκωσιν

2193 4585 2307 4659 [75]
2333 4583 2442 4638 ἀπὸ
2465 4584 2566 4655 τῆς
2591 4581 2784 4654 μέθης,
2809 4581 2933 4635 τότε
2959 4579 3363 4650 ἐπιπλήττομεν
3387 4595 3400 4608 ·
3425 4577 3567 4632 οῦτω
3586 4579 3650 4648 δὴ
3685 4580 3785 4634 καὶ

2193 4669 2420 4741 Πέτρος,
2448 4668 2537 4722 ὅτε
2562 4665 2824 4737 ἠδύναντο
2853 4663 3092 4717 συνιέναι
3127 4661 3236 4716 τῶν
3268 4661 3575 4732 λεγομένων
3600 4701 3616 4725 ,
3654 4662 3784 4716 τότε

2193 4754 2287 4808 καὶ
2309 4752 2408 4824 τὴν
2432 4751 2682 4821 γλῶτταν
2705 4749 2941 4820 ήκόνησε
2960 4765 2973 4778 ο
3000 4746 3174 4800 πολλά
3206 4745 3274 4800 τὰ
3304 4745 3624 4816 ἐγκλήματα
3655 4747 3783 4818 ἀρι-

2193 4838 2320 4910 θμεῖ
2338 4855 2351 4868 '
2379 4832 2490 4891 οἷον
2520 4837 2625 4903 ὅτι,
2657 4835 2717 4888 ὃν
2756 4836 2782 4874 ιι
2809 4835 2838 4887 ὁ
2863 4833 2995 4895 Θεὸς
3023 4829 3298 4910 ἐδόξασεν,
3341 4825 3485 4884 οῦτοι
3530 4829 3784 4900 παρέδω-

2193 4909 2296 4977 καν
2316 4937 2330 4951 '
2352 4922 2454 4987 ὅτι,
2473 4921 2534 4974 ὃν
2561 4924 2590 4974 6
2617 4918 2848 4982 Πιλᾶτος
2875 4916 3131 4980 ἀπέλυεν,
3153 4909 3448 4985 οῦτοιήρνή
3459 4930 3617 4966 σαντο
3636 4917 3784 4969 κατά

2194 5005 2483 5080 πρόσωπον
2511 5002 2719 5057 ἐκείνου
2736 5019 2750 5033 ’
2785 5002 2867 5054 ὃτι
2893 4998 3267 5070 προετίμησαν
3297 4997 3388 5049 τὸν
3411 4998 3633 5080 λῃστήν.

2264 5087 2482 5160 γ’.”ορα
2507 5086 2668 5140 πάλιν
2692 5082 3064 5144 λανθανόντως
3087 5080 3203 5145 πῶς
3222 5080 3349 5152 περὶ
3374 5079 3474 5150 τῆς
3494 5079 3782 5151 δυνάμεως

2194 5170 2358 5224 αὐτοῦ
2383 5169 2726 5238 διαλέγεται,
2753 5165 2986 5232 δεικνὺς,
3017 5165 3097 5218 ὅτι
3119 5164 3312 5218 ἐαυτὸν
3338 5165 3526 5236 ἤγειρε
3552 5180 3567 5194 ο
3612 5164 3783 5219 καθά-

2194 5273 2299 5327 περ
2332 5255 2392 5307 ἐν
2420 5256 2487 5326 τῇ
2518 5252 2764 5325 προτέρᾳ
2793 5249 3105 5323 δημηγορίᾳ
3154 5247 3308 5317 ἔλεγε
3331 5267 3344 5279 ο
3401 5249 3617 5303 Καθότι
3663 5250 3780 5304 οὐκ

2191 5337 2272 5410 ἦν
2297 5337 2560 5393 δυνατὸν
2587 5335 2930 5405 κρατεῖσθαι
2955 5333 3144 5388 αὐτὸν
3163 5334 3262 5388 ὑπ’
3293 5333 3480 5388 αὐτοῦ
3505 5350 3518 5363 ·
3551 5333 3644 5387 καὶ
3689 5335 3782 5391 ἐν·

2192 5421 2387 5488 ταῦθα,
2425 5421 2535 5476 Τὸν
2561 5419 2630 5473 δὲ
2661 5419 2950 5490 ἀρχηγὸν,
2982 5416 3139 5487 φησὶ,
3173 5416 3283 5483 τῆς
3319 5414 3468 5484 ζωῆς
3507 5417 3782 5471 ἀπεκτεί-

2191 5521 2356 5558 νατε.
2380 5504 2496 5557 Οὐκ
2529 5504 2638 5571 ἀρα
2669 5506 2800 5575 παρ’
2825 5501 3012 5570 ἐτέρου
3037 5499 3161 5569 ἔσχε
3191 5501 3252 5552 τὸ
3279 5499 3398 5570 ζῇν.
3434 5500 3646 5570 Ὥσπερ
3677 5500 3782 5571 ἀρ-

2191 5587 2360 5658 χηγὸς
2389 5590 2489 5657 τῆς
2519 5587 2719 5648 κακίας
2740 5585 2903 5648 αὐτὸς
2929 5583 2997 5637 ἂν
3032 5585 3114 5653 είη
3151 5585 3177 5636 6
3207 5583 3304 5654 τὴν
3338 5582 3536 5637 κακίαν
3575 5582 3778 5647 τεκὼν,

2191 5673 2286 5724 καὶ
2313 5669 2551 5740 ἀρχηγὸς
2585 5669 2748 5738 φόνου
2776 5670 2804 5720 6
2833 5668 2925 5720 τὸν
2959 5667 3117 5737 φόνον
3172 5666 3386 5735 πρῶτος
3429 5668 3777 5737 εἰσαγαγώνο

2188 5755 2331 5808 οῦτω
2351 5755 2446 5808 καὶ
2469 5753 2713 5824 ἀρχηγὸς
2737 5753 2881 5823 ζωῆς
2898 5754 2926 5804 6
2954 5749 3083 5820 παρ’
3103 5749 3298 5803 ἑαυτοῦ
3325 5749 3422 5820 τήν
3448 5749 3592 5821 ζωὴν
3613 5751 3780 5820 ἔχων.

2256 5869 2275 5907 ι’
2306 5869 2439 5919 Unus
2480 5870 2579 5917 ἀντ’
2620 5868 2783 5919 αὐτοῦ.
2821 5869 2915 5918 Καὶ
2948 5867 3110 5917 τοῦτο.
3178 5868 3204 5906 ε
3238 5867 3374 5916 Unus
3401 5868 3506 5916 cod.
3535 5869 3641 5916 haec
3677 5881 3776 5917 non

2188 5932 2337 5982 hath
2384 5932 2658 5985 εἰκότως...
2718 5934 2892 5992 ἔλεγον.
2995 5929 3019 5966 δ
3059 5932 3156 5982 Alii
3196 5930 3349 5978 πολλὰ
3396 5931 3455 5977 τὰ
3503 5931 3780 5993 ἐγκλήματα

2203 5994 2406 6053 ἐπάγων,
2430 5994 2501 6040 ὅτι
2535 5994 2605 6040 ὃν.
