  <div class='ocr_page' id='page_1' title='image "/cluster/home/n/w/nwhite01/storage/ocr_20150623/60:no.9/coo.31924054869601/082.png"; bbox 0 0 4092 6478; ppageno 0'>
   <div class='ocr_carea' id='block_1_1' title="bbox 271 309 1899 382">
    <p class='ocr_par' dir='ltr' id='par_1_1' title="bbox 271 309 1899 382">
     <span class='ocr_line' id='line_1_1' title="bbox 271 309 1899 382; baseline -0.009 0"><span class='ocrx_word' id='word_1_1' title='bbox 271 328 346 382; x_wconf 80' lang='grc' dir='ltr'><strong><em>ΤΙ</em></strong></span> <span class='ocrx_word' id='word_1_2' title='bbox 1219 316 1284 374; x_wconf 83' lang='grc' dir='ltr'><strong>ΙΝ</strong></span> <span class='ocrx_word' id='word_1_3' title='bbox 1324 315 1507 374; x_wconf 81' lang='lat' dir='ltr'><strong>ACTA</strong></span> <span class='ocrx_word' id='word_1_4' title='bbox 1546 309 1899 370; x_wconf 80' lang='lat' dir='ltr'><strong>APOSTOLO</strong></span> 
     </span>
    </p>
   </div>
   <div class='ocr_carea' id='block_1_2' title="bbox 2006 309 3601 382">
    <p class='ocr_par' dir='ltr' id='par_1_2' title="bbox 2006 309 3601 369">
     <span class='ocr_line' id='line_1_2' title="bbox 2006 309 3601 369; baseline 0.001 -1"><span class='ocrx_word' id='word_1_5' title='bbox 2006 311 2073 369; x_wconf 79' lang='grc' dir='ltr'><strong>Μ.</strong></span> <span class='ocrx_word' id='word_1_6' title='bbox 2113 309 2345 369; x_wconf 60' lang='grc' dir='ltr'><strong>ΠΟΜΙΙι.</strong></span> <span class='ocrx_word' id='word_1_7' title='bbox 2395 312 2487 369; x_wconf 80' lang='lat' dir='ltr'><strong>IX.</strong></span> <span class='ocrx_word' id='word_1_8' title='bbox 3532 313 3601 369; x_wconf 76' lang='lat'><strong>78</strong></span> 
     </span>
    </p>
   </div>
   <div class='ocr_carea' id='block_1_3' title="bbox 270 427 1887 508">
    <p class='ocr_par' dir='ltr' id='par_1_3' title="bbox 270 427 1887 508">
     <span class='ocr_line' id='line_1_3' title="bbox 270 427 1887 508; baseline -0.011 -10"><span class='ocrx_word' id='word_1_9' title='bbox 270 440 378 498; x_wconf 84' lang='lat' dir='ltr'><strong>sed</strong></span> <span class='ocrx_word' id='word_1_10' title='bbox 427 440 517 496; x_wconf 77' lang='lat' dir='ltr'><strong>sic</strong></span> <span class='ocrx_word' id='word_1_11' title='bbox 559 436 847 508; x_wconf 82' lang='lat' dir='ltr'><strong>oportebat</strong></span> <span class='ocrx_word' id='word_1_12' title='bbox 895 433 1012 491; x_wconf 83' lang='lat' dir='ltr'><strong>fieri</strong></span> <span class='ocrx_word' id='word_1_13' title='bbox 1045 449 1057 488; x_wconf 90' lang='lat'><strong>:</strong></span> <span class='ocrx_word' id='word_1_14' title='bbox 1089 439 1144 489; x_wconf 90' lang='lat' dir='ltr'><strong>et</strong></span> <span class='ocrx_word' id='word_1_15' title='bbox 1193 429 1544 489; x_wconf 84' lang='lat' dir='ltr'><strong>testiﬁcantur</strong></span> <span class='ocrx_word' id='word_1_16' title='bbox 1590 427 1887 499; x_wconf 68' lang='lat' dir='ltr'><strong>prephetaa.</strong></span> 
     </span>
    </p>
   </div>
   <div class='ocr_carea' id='block_1_4' title="bbox 271 519 1896 603">
    <p class='ocr_par' dir='ltr' id='par_1_4' title="bbox 271 519 1896 603">
     <span class='ocr_line' id='line_1_4' title="bbox 271 519 1896 603; baseline -0.009 -13"><span class='ocrx_word' id='word_1_17' title='bbox 271 533 482 603; x_wconf 73' lang='lat' dir='ltr'><strong>Itaque</strong></span> <span class='ocrx_word' id='word_1_18' title='bbox 509 547 623 587; x_wconf 87' lang='lat' dir='ltr'><strong>non</strong></span> <span class='ocrx_word' id='word_1_19' title='bbox 650 530 724 588; x_wconf 86' lang='lat' dir='ltr'><strong>ob</strong></span> <span class='ocrx_word' id='word_1_20' title='bbox 763 529 1126 585; x_wconf 81' lang='lat' dir='ltr'><strong>inﬁrmitatem</strong></span> <span class='ocrx_word' id='word_1_21' title='bbox 1175 540 1281 580; x_wconf 91' lang='lat' dir='ltr'><strong>non</strong></span> <span class='ocrx_word' id='word_1_22' title='bbox 1324 521 1643 588; x_wconf 91' lang='lat' dir='ltr'><strong>descendit,</strong></span> <span class='ocrx_word' id='word_1_23' title='bbox 1687 519 1785 577; x_wconf 82' lang='lat' dir='ltr'><strong>sed</strong></span> <span class='ocrx_word' id='word_1_24' title='bbox 1827 520 1896 575; x_wconf 90' lang='lat' dir='ltr'><strong>ob</strong></span> 
     </span>
    </p>
   </div>
   <div class='ocr_carea' id='block_1_5' title="bbox 270 611 1900 690">
    <p class='ocr_par' dir='ltr' id='par_1_5' title="bbox 270 611 1900 690">
     <span class='ocr_line' id='line_1_5' title="bbox 270 611 1900 690; baseline -0.01 -8"><span class='ocrx_word' id='word_1_25' title='bbox 270 641 443 682; x_wconf 86' lang='lat' dir='ltr'><strong>suam</strong></span> <span class='ocrx_word' id='word_1_26' title='bbox 468 624 754 680; x_wconf 86' lang='lat' dir='ltr'><strong>virtutem.</strong></span> <span class='ocrx_word' id='word_1_27' title='bbox 789 622 857 678; x_wconf 87' lang='lat' dir='ltr'><strong>Et</strong></span> <span class='ocrx_word' id='word_1_28' title='bbox 884 620 988 676; x_wconf 88' lang='lat' dir='ltr'><strong>hoc</strong></span> <span class='ocrx_word' id='word_1_29' title='bbox 1009 618 1156 690; x_wconf 88' lang='lat' dir='ltr'><strong>ponit</strong></span> <span class='ocrx_word' id='word_1_30' title='bbox 1181 618 1233 672; x_wconf 91' lang='lat' dir='ltr'><strong>in</strong></span> <span class='ocrx_word' id='word_1_31' title='bbox 1262 616 1664 673; x_wconf 90' lang='lat' dir='ltr'><strong>excusationem</strong></span> <span class='ocrx_word' id='word_1_32' title='bbox 1686 611 1900 669; x_wconf 60' lang='lat' dir='ltr'><strong>Iudaeo-</strong></span> 
     </span>
    </p>
   </div>
   <div class='ocr_carea' id='block_1_6' title="bbox 275 703 1896 783">
    <p class='ocr_par' dir='ltr' id='par_1_6' title="bbox 275 703 1896 783">
     <span class='ocr_line' id='line_1_6' title="bbox 275 703 1896 783; baseline -0.01 -10"><span class='ocrx_word' id='word_1_33' title='bbox 275 733 436 783; x_wconf 86' lang='lat' dir='ltr'><strong>rum,</strong></span> <span class='ocrx_word' id='word_1_34' title='bbox 468 725 532 772; x_wconf 92' lang='lat' dir='ltr'><strong>ut</strong></span> <span class='ocrx_word' id='word_1_35' title='bbox 561 716 732 772; x_wconf 87' lang='lat' dir='ltr'><strong>etiam</strong></span> <span class='ocrx_word' id='word_1_36' title='bbox 763 713 1050 783; x_wconf 85' lang='lat' dir='ltr'><strong>accipiant.</strong></span> <span class='ocrx_word' id='word_1_37' title='bbox 1079 709 1169 766; x_wconf 84' lang='lat' dir='ltr'><strong>Sic</strong></span> <span class='ocrx_word' id='word_1_38' title='bbox 1191 707 1437 781; x_wconf 85' lang='lat' dir='ltr'><strong>implevit,</strong></span> <span class='ocrx_word' id='word_1_39' title='bbox 1469 705 1660 777; x_wconf 87' lang='lat' dir='ltr'><strong>inquit.</strong></span> <span class='ocrx_word' id='word_1_40' title='bbox 1687 703 1896 770; x_wconf 80' lang='lat' dir='ltr'><strong>Vidcn’,</strong></span> 
     </span>
    </p>
   </div>
   <div class='ocr_carea' id='block_1_7' title="bbox 285 797 1896 881">
    <p class='ocr_par' dir='ltr' id='par_1_7' title="bbox 285 797 1896 881">
     <span class='ocr_line' id='line_1_7' title="bbox 285 797 1896 881; baseline -0.01 -16"><span class='ocrx_word' id='word_1_41' title='bbox 285 807 572 881; x_wconf 83' lang='lat' dir='ltr'><strong>quomodo</strong></span> <span class='ocrx_word' id='word_1_42' title='bbox 604 814 784 862; x_wconf 90' lang='lat' dir='ltr'><strong>totum</strong></span> <span class='ocrx_word' id='word_1_43' title='bbox 811 805 938 860; x_wconf 89' lang='lat' dir='ltr'><strong>illuc</strong></span> <span class='ocrx_word' id='word_1_44' title='bbox 966 801 1201 860; x_wconf 85' lang='lat' dir='ltr'><strong>referat?</strong></span> <span class='ocrx_word' id='word_1_45' title='bbox 1229 799 1322 858; x_wconf 84' lang='lat'><strong>9|.</strong></span> <span class='ocrx_word' id='word_1_46' title='bbox 1353 797 1680 854; x_wconf 72' lang='lat' dir='ltr'><strong>Paenitemini</strong></span> <span class='ocrx_word' id='word_1_47' title='bbox 1698 797 1856 866; x_wconf 80' lang='lat' dir='ltr'><strong>igitur</strong></span> <span class='ocrx_word' id='word_1_48' title='bbox 1879 836 1896 862; x_wconf 94' lang='lat'><strong>,</strong></span> 
     </span>
    </p>
   </div>
   <div class='ocr_carea' id='block_1_8' title="bbox 296 889 1897 971">
    <p class='ocr_par' dir='ltr' id='par_1_8' title="bbox 296 889 1897 971">
     <span class='ocr_line' id='line_1_8' title="bbox 296 889 1897 971; baseline -0.011 -13"><span class='ocrx_word' id='word_1_49' title='bbox 296 900 468 971; x_wconf 73' lang='lat' dir='ltr'><strong>Inquit</strong></span> <span class='ocrx_word' id='word_1_50' title='bbox 486 941 504 966; x_wconf 94' lang='lat'><strong>,</strong></span> <span class='ocrx_word' id='word_1_51' title='bbox 532 908 587 955; x_wconf 85' lang='lat' dir='ltr'><strong>et</strong></span> <span class='ocrx_word' id='word_1_52' title='bbox 617 896 990 953; x_wconf 78' lang='lat' dir='ltr'><strong>convertimini.</strong></span> <span class='ocrx_word' id='word_1_53' title='bbox 1018 894 1128 951; x_wconf 85' lang='lat' dir='ltr'><strong>Nec</strong></span> <span class='ocrx_word' id='word_1_54' title='bbox 1153 893 1317 961; x_wconf 91' lang='lat' dir='ltr'><strong>dicit,</strong></span> <span class='ocrx_word' id='word_1_55' title='bbox 1349 891 1394 948; x_wconf 86' lang='lat' dir='ltr'><strong>A</strong></span> <span class='ocrx_word' id='word_1_56' title='bbox 1424 890 1654 962; x_wconf 83' lang='lat' dir='ltr'><strong>peccatis</strong></span> <span class='ocrx_word' id='word_1_57' title='bbox 1675 889 1897 956; x_wconf 76' lang='lat' dir='ltr'><strong>vestris;</strong></span> 
     </span>
    </p>
   </div>
   <div class='ocr_carea' id='block_1_9' title="bbox 299 984 1896 1060">
    <p class='ocr_par' dir='ltr' id='par_1_9' title="bbox 299 984 1896 1060">
     <span class='ocr_line' id='line_1_9' title="bbox 299 984 1896 1060; baseline -0.008 -11"><span class='ocrx_word' id='word_1_58' title='bbox 299 994 389 1050; x_wconf 81' lang='lat' dir='ltr'><strong>sed</strong></span> <span class='ocrx_word' id='word_1_59' title='bbox 408 1035 427 1057; x_wconf 93' lang='lat'><strong>,</strong></span> <span class='ocrx_word' id='word_1_60' title='bbox 455 991 525 1048; x_wconf 85' lang='lat' dir='ltr'><strong>Ut</strong></span> <span class='ocrx_word' id='word_1_61' title='bbox 547 990 830 1047; x_wconf 74' lang='lat' dir='ltr'><strong>deleantur</strong></span> <span class='ocrx_word' id='word_1_62' title='bbox 857 997 1062 1060; x_wconf 83' lang='lat' dir='ltr'><strong>peccata</strong></span> <span class='ocrx_word' id='word_1_63' title='bbox 1091 997 1276 1053; x_wconf 80' lang='lat' dir='ltr'><strong>vestra,</strong></span> <span class='ocrx_word' id='word_1_64' title='bbox 1311 985 1540 1056; x_wconf 70' lang='lat' dir='ltr'><strong>idipsum</strong></span> <span class='ocrx_word' id='word_1_65' title='bbox 1568 984 1896 1054; x_wconf 76' lang='lat' dir='ltr'><strong>signiﬁcans.</strong></span> 
     </span>
    </p>
   </div>
   <div class='ocr_carea' id='block_1_10' title="bbox 299 1077 1899 1152">
    <p class='ocr_par' dir='ltr' id='par_1_10' title="bbox 299 1077 1899 1152">
     <span class='ocr_line' id='line_1_10' title="bbox 299 1077 1899 1152; baseline -0.006 -12"><span class='ocrx_word' id='word_1_66' title='bbox 299 1084 498 1140; x_wconf 84' lang='lat' dir='ltr'><strong>Deinde</strong></span> <span class='ocrx_word' id='word_1_67' title='bbox 524 1084 752 1140; x_wconf 88' lang='lat' dir='ltr'><strong>lucrum</strong></span> <span class='ocrx_word' id='word_1_68' title='bbox 775 1081 994 1152; x_wconf 88' lang='lat' dir='ltr'><strong>apponit</strong></span> <span class='ocrx_word' id='word_1_69' title='bbox 1027 1098 1038 1134; x_wconf 93' lang='lat'><strong>:</strong></span> <span class='ocrx_word' id='word_1_70' title='bbox 1075 1079 1142 1136; x_wconf 84' lang='lat' dir='ltr'><strong>Ut</strong></span> <span class='ocrx_word' id='word_1_71' title='bbox 1168 1095 1283 1133; x_wconf 88' lang='lat' dir='ltr'><strong>cum</strong></span> <span class='ocrx_word' id='word_1_72' title='bbox 1312 1077 1532 1132; x_wconf 80' lang='lat' dir='ltr'><strong>venerint</strong></span> <span class='ocrx_word' id='word_1_73' title='bbox 1556 1087 1781 1145; x_wconf 87' lang='lat' dir='ltr'><strong>tempora</strong></span> <span class='ocrx_word' id='word_1_74' title='bbox 1815 1092 1899 1131; x_wconf 82' lang='lat' dir='ltr'><strong>re-</strong></span> 
     </span>
    </p>
   </div>
   <div class='ocr_carea' id='block_1_11' title="bbox 296 1167 1898 1248">
    <p class='ocr_par' dir='ltr' id='par_1_11' title="bbox 296 1167 1898 1248">
     <span class='ocr_line' id='line_1_11' title="bbox 296 1167 1898 1248; baseline -0.007 -17"><span class='ocrx_word' id='word_1_75' title='bbox 296 1178 492 1248; x_wconf 77' lang='lat' dir='ltr'><strong>frigerii</strong></span> <span class='ocrx_word' id='word_1_76' title='bbox 514 1193 548 1229; x_wconf 88' lang='lat' dir='ltr'><strong>a</strong></span> <span class='ocrx_word' id='word_1_77' title='bbox 571 1183 854 1245; x_wconf 83' lang='lat' dir='ltr'><strong>conspectu</strong></span> <span class='ocrx_word' id='word_1_78' title='bbox 881 1171 1110 1227; x_wconf 84' lang='lat' dir='ltr'><strong>Domini.</strong></span> <span class='ocrx_word' id='word_1_79' title='bbox 1142 1169 1240 1226; x_wconf 87' lang='lat' dir='ltr'><strong>IIic</strong></span> <span class='ocrx_word' id='word_1_80' title='bbox 1267 1168 1483 1225; x_wconf 81' lang='lat' dir='ltr'><strong>exhibet</strong></span> <span class='ocrx_word' id='word_1_81' title='bbox 1505 1168 1625 1222; x_wconf 87' lang='lat' dir='ltr'><strong>illos</strong></span> <span class='ocrx_word' id='word_1_82' title='bbox 1648 1168 1701 1222; x_wconf 91' lang='lat' dir='ltr'><strong>in</strong></span> <span class='ocrx_word' id='word_1_83' title='bbox 1733 1167 1898 1221; x_wconf 87' lang='lat' dir='ltr'><strong>misc-</strong></span> 
     </span>
    </p>
   </div>
   <div class='ocr_carea' id='block_1_12' title="bbox 297 1259 1896 1337">
    <p class='ocr_par' dir='ltr' id='par_1_12' title="bbox 297 1259 1896 1337">
     <span class='ocr_line' id='line_1_12' title="bbox 297 1259 1896 1337; baseline -0.005 -15"><span class='ocrx_word' id='word_1_84' title='bbox 297 1272 434 1323; x_wconf 78' lang='lat' dir='ltr'><strong>riam</strong></span> <span class='ocrx_word' id='word_1_85' title='bbox 479 1267 783 1337; x_wconf 87' lang='lat' dir='ltr'><strong>delapsos,</strong></span> <span class='ocrx_word' id='word_1_86' title='bbox 835 1264 1122 1334; x_wconf 88' lang='lat' dir='ltr'><strong>multisque</strong></span> <span class='ocrx_word' id='word_1_87' title='bbox 1183 1261 1404 1319; x_wconf 76' lang='lat' dir='ltr'><strong>affectos</strong></span> <span class='ocrx_word' id='word_1_88' title='bbox 1459 1259 1896 1315; x_wconf 79' lang='lat' dir='ltr'><strong>calamitatibus:</strong></span> 
     </span>
    </p>
   </div>
   <div class='ocr_carea' id='block_1_13' title="bbox 297 1351 1902 1430">
    <p class='ocr_par' dir='ltr' id='par_1_13' title="bbox 297 1351 1902 1430">
     <span class='ocr_line' id='line_1_13' title="bbox 297 1351 1902 1430; baseline -0.004 -18"><span class='ocrx_word' id='word_1_89' title='bbox 297 1360 525 1430; x_wconf 83' lang='lat' dir='ltr'><strong>ideoque</strong></span> <span class='ocrx_word' id='word_1_90' title='bbox 551 1359 641 1414; x_wconf 89' lang='lat' dir='ltr'><strong>sic</strong></span> <span class='ocrx_word' id='word_1_91' title='bbox 663 1357 905 1428; x_wconf 90' lang='lat' dir='ltr'><strong>loquitur</strong></span> <span class='ocrx_word' id='word_1_92' title='bbox 929 1398 944 1424; x_wconf 95' lang='lat'><strong>,</strong></span> <span class='ocrx_word' id='word_1_93' title='bbox 975 1368 1172 1425; x_wconf 86' lang='lat' dir='ltr'><strong>gnarus</strong></span> <span class='ocrx_word' id='word_1_94' title='bbox 1202 1354 1316 1408; x_wconf 65' lang='lat' dir='ltr'><strong>hate</strong></span> <span class='ocrx_word' id='word_1_95' title='bbox 1365 1352 1526 1408; x_wconf 88' lang='lat' dir='ltr'><strong>verba</strong></span> <span class='ocrx_word' id='word_1_96' title='bbox 1573 1351 1796 1422; x_wconf 83' lang='lat' dir='ltr'><strong>patienti</strong></span> <span class='ocrx_word' id='word_1_97' title='bbox 1846 1360 1902 1406; x_wconf 91' lang='lat' dir='ltr'><strong>ct</strong></span> 
     </span>
    </p>
   </div>
   <div class='ocr_carea' id='block_1_14' title="bbox 299 1447 1374 1519">
    <p class='ocr_par' dir='ltr' id='par_1_14' title="bbox 299 1447 1374 1519">
     <span class='ocr_line' id='line_1_14' title="bbox 299 1447 1374 1519; baseline -0.009 -9"><span class='ocrx_word' id='word_1_98' title='bbox 299 1451 736 1509; x_wconf 72' lang='lat' dir='ltr'><strong>cumulationem</strong></span> <span class='ocrx_word' id='word_1_99' title='bbox 767 1447 1029 1519; x_wconf 64' lang='lat' dir='ltr'><strong>quatrenti</strong></span> <span class='ocrx_word' id='word_1_100' title='bbox 1057 1461 1374 1518; x_wconf 78' lang='lat' dir='ltr'><strong>congruere.</strong></span> 
     </span>
    </p>
   </div>
   <div class='ocr_carea' id='block_1_15' title="bbox 371 1534 1894 1611">
    <p class='ocr_par' dir='ltr' id='par_1_15' title="bbox 371 1534 1894 1611">
     <span class='ocr_line' id='line_1_15' title="bbox 371 1534 1894 1611; baseline -0.005 -13"><span class='ocrx_word' id='word_1_101' title='bbox 371 1544 429 1598; x_wconf 81' lang='lat'><strong>2.</strong></span> <span class='ocrx_word' id='word_1_102' title='bbox 459 1543 522 1598; x_wconf 79' lang='lat' dir='ltr'><strong>Et</strong></span> <span class='ocrx_word' id='word_1_103' title='bbox 549 1541 678 1597; x_wconf 87' lang='lat' dir='ltr'><strong>vide</strong></span> <span class='ocrx_word' id='word_1_104' title='bbox 722 1537 994 1611; x_wconf 86' lang='lat' dir='ltr'><strong>quomodo</strong></span> <span class='ocrx_word' id='word_1_105' title='bbox 1039 1537 1312 1609; x_wconf 88' lang='lat' dir='ltr'><strong>procedat.</strong></span> <span class='ocrx_word' id='word_1_106' title='bbox 1349 1535 1404 1591; x_wconf 90' lang='lat' dir='ltr'><strong>In</strong></span> <span class='ocrx_word' id='word_1_107' title='bbox 1438 1537 1607 1608; x_wconf 92' lang='lat' dir='ltr'><strong>prima</strong></span> <span class='ocrx_word' id='word_1_108' title='bbox 1632 1534 1894 1591; x_wconf 88' lang='lat' dir='ltr'><strong>concione</strong></span> 
     </span>
    </p>
   </div>
   <div class='ocr_carea' id='block_1_16' title="bbox 311 1628 1900 1692">
    <p class='ocr_par' dir='ltr' id='par_1_16' title="bbox 311 1628 1900 1692">
     <span class='ocr_line' id='line_1_16' title="bbox 311 1628 1900 1692; baseline -0.006 0"><span class='ocrx_word' id='word_1_109' title='bbox 311 1636 502 1692; x_wconf 83' lang='lat' dir='ltr'><strong>sensim</strong></span> <span class='ocrx_word' id='word_1_110' title='bbox 530 1631 991 1690; x_wconf 89' lang='lat' dir='ltr'><strong>resurrectionem</strong></span> <span class='ocrx_word' id='word_1_111' title='bbox 1021 1639 1076 1685; x_wconf 90' lang='lat' dir='ltr'><strong>et</strong></span> <span class='ocrx_word' id='word_1_112' title='bbox 1104 1629 1398 1685; x_wconf 80' lang='lat' dir='ltr'><strong>sessionem</strong></span> <span class='ocrx_word' id='word_1_113' title='bbox 1425 1629 1477 1684; x_wconf 94' lang='lat' dir='ltr'><strong>in</strong></span> <span class='ocrx_word' id='word_1_114' title='bbox 1503 1629 1636 1683; x_wconf 47' lang='lat' dir='ltr'><strong>cailo</strong></span> <span class='ocrx_word' id='word_1_115' title='bbox 1661 1628 1900 1683; x_wconf 86' lang='lat' dir='ltr'><strong>subindi-</strong></span> 
     </span>
    </p>
   </div>
   <div class='ocr_carea' id='block_1_17' title="bbox 313 1719 1900 1792">
    <p class='ocr_par' dir='ltr' id='par_1_17' title="bbox 313 1719 1900 1792">
     <span class='ocr_line' id='line_1_17' title="bbox 313 1719 1900 1792; baseline -0.006 -10"><span class='ocrx_word' id='word_1_116' title='bbox 313 1729 467 1792; x_wconf 80' lang='lat' dir='ltr'><strong>cavit;</strong></span> <span class='ocrx_word' id='word_1_117' title='bbox 503 1726 593 1781; x_wconf 89' lang='lat' dir='ltr'><strong>hic</strong></span> <span class='ocrx_word' id='word_1_118' title='bbox 628 1738 764 1780; x_wconf 89' lang='lat' dir='ltr'><strong>vero</strong></span> <span class='ocrx_word' id='word_1_119' title='bbox 792 1723 936 1778; x_wconf 85' lang='lat' dir='ltr'><strong>clare</strong></span> <span class='ocrx_word' id='word_1_120' title='bbox 961 1721 1249 1778; x_wconf 84' lang='lat' dir='ltr'><strong>adventum</strong></span> <span class='ocrx_word' id='word_1_121' title='bbox 1277 1720 1452 1777; x_wconf 70' lang='lat' dir='ltr'><strong>effert.</strong></span> <span class='ocrx_word' id='word_1_122' title='bbox 1493 1719 1583 1776; x_wconf 80' lang='lat'><strong>20.</strong></span> <span class='ocrx_word' id='word_1_123' title='bbox 1619 1720 1683 1772; x_wconf 84' lang='lat' dir='ltr'><strong>Et</strong></span> <span class='ocrx_word' id='word_1_124' title='bbox 1712 1720 1900 1774; x_wconf 81' lang='lat' dir='ltr'><strong>miserit</strong></span> 
     </span>
    </p>
   </div>
   <div class='ocr_carea' id='block_1_18' title="bbox 305 1812 1900 1887">
    <p class='ocr_par' dir='ltr' id='par_1_18' title="bbox 305 1812 1900 1887">
     <span class='ocr_line' id='line_1_18' title="bbox 305 1812 1900 1887; baseline -0.004 -15"><span class='ocrx_word' id='word_1_125' title='bbox 305 1837 428 1884; x_wconf 77' lang='lat' dir='ltr'><strong>mn,</strong></span> <span class='ocrx_word' id='word_1_126' title='bbox 447 1819 534 1884; x_wconf 82' lang='lat' dir='ltr'><strong>qui</strong></span> <span class='ocrx_word' id='word_1_127' title='bbox 564 1828 690 1872; x_wconf 87' lang='lat' dir='ltr'><strong>aute</strong></span> <span class='ocrx_word' id='word_1_128' title='bbox 716 1816 1020 1887; x_wconf 61' lang='lat' dir='ltr'><strong>pradicatus</strong></span> <span class='ocrx_word' id='word_1_129' title='bbox 1040 1823 1130 1880; x_wconf 87' lang='lat' dir='ltr'><strong>est,</strong></span> <span class='ocrx_word' id='word_1_130' title='bbox 1152 1812 1187 1867; x_wconf 79' lang='grc' dir='ltr'><em>Ι</em></span> <span class='ocrx_word' id='word_1_131' title='bbox 1191 1829 1329 1868; x_wconf 90' lang='lat' dir='ltr'><strong>esum</strong></span> <span class='ocrx_word' id='word_1_132' title='bbox 1344 1813 1622 1878; x_wconf 75' lang='lat' dir='ltr'><strong>Christum,</strong></span> <span class='ocrx_word' id='word_1_133' title='bbox 1641 1812 1704 1867; x_wconf 83' lang='lat'><strong>2|</strong></span> <span class='ocrx_word' id='word_1_134' title='bbox 1718 1851 1730 1865; x_wconf 92' lang='lat'><strong>.</strong></span> <span class='ocrx_word' id='word_1_135' title='bbox 1754 1829 1900 1883; x_wconf 86' lang='lat' dir='ltr'><strong>quem</strong></span> 
     </span>
    </p>
   </div>
   <div class='ocr_carea' id='block_1_19' title="bbox 296 1907 1895 1983">
    <p class='ocr_par' dir='ltr' id='par_1_19' title="bbox 296 1907 1895 1983">
     <span class='ocr_line' id='line_1_19' title="bbox 296 1907 1895 1983; baseline -0.004 -17"><span class='ocrx_word' id='word_1_136' title='bbox 296 1922 488 1982; x_wconf 81' lang='lat' dir='ltr'><strong>oportet</strong></span> <span class='ocrx_word' id='word_1_137' title='bbox 514 1911 731 1983; x_wconf 81' lang='lat' dir='ltr'><strong>quidem</strong></span> <span class='ocrx_word' id='word_1_138' title='bbox 755 1909 937 1964; x_wconf 70' lang='lat' dir='ltr'><strong>ca&#39;lum</strong></span> <span class='ocrx_word' id='word_1_139' title='bbox 963 1909 1252 1980; x_wconf 75' lang='lat' dir='ltr'><strong>suscipere;</strong></span> <span class='ocrx_word' id='word_1_140' title='bbox 1285 1907 1335 1962; x_wconf 89' lang='lat' dir='ltr'><strong>id</strong></span> <span class='ocrx_word' id='word_1_141' title='bbox 1363 1917 1475 1974; x_wconf 87' lang='lat' dir='ltr'><strong>est,</strong></span> <span class='ocrx_word' id='word_1_142' title='bbox 1508 1923 1730 1964; x_wconf 82' lang='lat' dir='ltr'><strong>necesse</strong></span> <span class='ocrx_word' id='word_1_143' title='bbox 1766 1920 1850 1963; x_wconf 91' lang='lat' dir='ltr'><strong>est</strong></span> <span class='ocrx_word' id='word_1_144' title='bbox 1882 1925 1895 1960; x_wconf 89' lang='lat'><strong>:</strong></span> 
     </span>
    </p>
   </div>
   <div class='ocr_carea' id='block_1_20' title="bbox 295 2001 1899 2079">
    <p class='ocr_par' dir='ltr' id='par_1_20' title="bbox 295 2001 1899 2079">
     <span class='ocr_line' id='line_1_20' title="bbox 295 2001 1899 2079; baseline -0.004 -17"><span class='ocrx_word' id='word_1_145' title='bbox 295 2025 452 2079; x_wconf 83' lang='lat' dir='ltr'><strong>usque</strong></span> <span class='ocrx_word' id='word_1_146' title='bbox 489 2008 564 2060; x_wconf 86' lang='lat' dir='ltr'><strong>ad</strong></span> <span class='ocrx_word' id='word_1_147' title='bbox 613 2017 846 2077; x_wconf 88' lang='lat' dir='ltr'><strong>tempora</strong></span> <span class='ocrx_word' id='word_1_148' title='bbox 888 2004 1217 2058; x_wconf 84' lang='lat' dir='ltr'><strong>restitutionis</strong></span> <span class='ocrx_word' id='word_1_149' title='bbox 1259 2006 1503 2057; x_wconf 82' lang='lat' dir='ltr'><strong>omnium.</strong></span> <span class='ocrx_word' id='word_1_150' title='bbox 1547 2001 1725 2069; x_wconf 89' lang='lat' dir='ltr'><strong>Quare</strong></span> <span class='ocrx_word' id='word_1_151' title='bbox 1757 2015 1899 2056; x_wconf 80' lang='lat' dir='ltr'><strong>utine</strong></span> 
     </span>
    </p>
   </div>
   <div class='ocr_carea' id='block_1_21' title="bbox 294 2094 1900 2166">
    <p class='ocr_par' dir='ltr' id='par_1_21' title="bbox 294 2094 1900 2166">
     <span class='ocr_line' id='line_1_21' title="bbox 294 2094 1900 2166; baseline -0.005 -12"><span class='ocrx_word' id='word_1_152' title='bbox 294 2117 398 2155; x_wconf 92' lang='lat' dir='ltr'><strong>non</strong></span> <span class='ocrx_word' id='word_1_153' title='bbox 442 2100 657 2166; x_wconf 80' lang='lat' dir='ltr'><strong>veniat,</strong></span> <span class='ocrx_word' id='word_1_154' title='bbox 701 2112 862 2153; x_wconf 87' lang='lat' dir='ltr'><strong>causa</strong></span> <span class='ocrx_word' id='word_1_155' title='bbox 908 2095 1184 2151; x_wconf 85' lang='lat' dir='ltr'><strong>manifesta</strong></span> <span class='ocrx_word' id='word_1_156' title='bbox 1230 2103 1330 2150; x_wconf 86' lang='lat' dir='ltr'><strong>est.</strong></span> <span class='ocrx_word' id='word_1_157' title='bbox 1386 2094 1513 2162; x_wconf 66' lang='lat' dir='ltr'><strong>Quae</strong></span> <span class='ocrx_word' id='word_1_158' title='bbox 1551 2095 1787 2166; x_wconf 80' lang='lat' dir='ltr'><strong>loquutus</strong></span> <span class='ocrx_word' id='word_1_159' title='bbox 1827 2104 1900 2148; x_wconf 83' lang='lat' dir='ltr'><strong>est</strong></span> 
     </span>
    </p>
   </div>
   <div class='ocr_carea' id='block_1_22' title="bbox 296 2187 1894 2263">
    <p class='ocr_par' dir='ltr' id='par_1_22' title="bbox 296 2187 1894 2263">
     <span class='ocr_line' id='line_1_22' title="bbox 296 2187 1894 2263; baseline -0.006 -16"><span class='ocrx_word' id='word_1_160' title='bbox 296 2193 430 2249; x_wconf 82' lang='lat' dir='ltr'><strong>Deus</strong></span> <span class='ocrx_word' id='word_1_161' title='bbox 455 2209 553 2263; x_wconf 83' lang='lat' dir='ltr'><strong>per</strong></span> <span class='ocrx_word' id='word_1_162' title='bbox 585 2209 646 2247; x_wconf 88' lang='lat' dir='ltr'><strong>os</strong></span> <span class='ocrx_word' id='word_1_163' title='bbox 680 2200 968 2246; x_wconf 83' lang='lat' dir='ltr'><strong>sanctorum</strong></span> <span class='ocrx_word' id='word_1_164' title='bbox 999 2205 1203 2244; x_wconf 84' lang='lat' dir='ltr'><strong>suorum</strong></span> <span class='ocrx_word' id='word_1_165' title='bbox 1233 2205 1265 2241; x_wconf 92' lang='lat' dir='ltr'><strong>a</strong></span> <span class='ocrx_word' id='word_1_166' title='bbox 1293 2188 1478 2242; x_wconf 71' lang='lat' dir='ltr'><strong>saeculo</strong></span> <span class='ocrx_word' id='word_1_167' title='bbox 1511 2187 1894 2257; x_wconf 85' lang='lat' dir='ltr'><strong>praphctarum.</strong></span> 
     </span>
    </p>
   </div>
   <div class='ocr_carea' id='block_1_23' title="bbox 293 2278 1896 2355">
    <p class='ocr_par' dir='ltr' id='par_1_23' title="bbox 293 2278 1896 2355">
     <span class='ocr_line' id='line_1_23' title="bbox 293 2278 1896 2355; baseline -0.004 -16"><span class='ocrx_word' id='word_1_168' title='bbox 293 2286 379 2339; x_wconf 80' lang='lat'><strong>22.</strong></span> <span class='ocrx_word' id='word_1_169' title='bbox 404 2284 622 2355; x_wconf 75' lang='lat' dir='ltr'><strong>Moyses</strong></span> <span class='ocrx_word' id='word_1_170' title='bbox 644 2283 848 2353; x_wconf 80' lang='lat' dir='ltr'><strong>quidem</strong></span> <span class='ocrx_word' id='word_1_171' title='bbox 879 2281 1106 2352; x_wconf 81' lang='lat' dir='ltr'><strong>patribus</strong></span> <span class='ocrx_word' id='word_1_172' title='bbox 1136 2281 1263 2334; x_wconf 74' lang='lat' dir='ltr'><strong>dixit</strong></span> <span class='ocrx_word' id='word_1_173' title='bbox 1292 2297 1311 2334; x_wconf 90' lang='lat'><strong><em>:</em></strong></span> <span class='ocrx_word' id='word_1_174' title='bbox 1344 2278 1652 2349; x_wconf 82' lang='lat' dir='ltr'><strong>Prop/telam</strong></span> <span class='ocrx_word' id='word_1_175' title='bbox 1677 2281 1896 2334; x_wconf 81' lang='lat' dir='ltr'><strong>suscita-</strong></span> 
     </span>
    </p>
   </div>
   <div class='ocr_carea' id='block_1_24' title="bbox 295 2372 1899 2441">
    <p class='ocr_par' dir='ltr' id='par_1_24' title="bbox 295 2372 1899 2441">
     <span class='ocr_line' id='line_1_24' title="bbox 295 2372 1899 2441; baseline -0.005 -9"><span class='ocrx_word' id='word_1_176' title='bbox 295 2379 361 2432; x_wconf 82' lang='lat' dir='ltr'><strong>bit</strong></span> <span class='ocrx_word' id='word_1_177' title='bbox 389 2377 528 2431; x_wconf 70' lang='lat' dir='ltr'><strong>vobis</strong></span> <span class='ocrx_word' id='word_1_178' title='bbox 564 2375 823 2429; x_wconf 82' lang='lat' dir='ltr'><strong>Dominus</strong></span> <span class='ocrx_word' id='word_1_179' title='bbox 851 2372 990 2427; x_wconf 82' lang='lat' dir='ltr'><strong>Deus</strong></span> <span class='ocrx_word' id='word_1_180' title='bbox 1016 2383 1172 2427; x_wconf 83' lang='lat' dir='ltr'><strong>vester</strong></span> <span class='ocrx_word' id='word_1_181' title='bbox 1198 2377 1260 2425; x_wconf 88' lang='lat' dir='ltr'><strong>de</strong></span> <span class='ocrx_word' id='word_1_182' title='bbox 1286 2372 1532 2441; x_wconf 76' lang='lat' dir='ltr'><strong>fratribus</strong></span> <span class='ocrx_word' id='word_1_183' title='bbox 1562 2372 1737 2426; x_wconf 80' lang='lat' dir='ltr'><strong>vestris</strong></span> <span class='ocrx_word' id='word_1_184' title='bbox 1767 2381 1899 2425; x_wconf 85' lang='lat' dir='ltr'><strong>tam-</strong></span> 
     </span>
    </p>
   </div>
   <div class='ocr_carea' id='block_1_25' title="bbox 292 2466 1901 2541">
    <p class='ocr_par' dir='ltr' id='par_1_25' title="bbox 292 2466 1901 2541">
     <span class='ocr_line' id='line_1_25' title="bbox 292 2466 1901 2541; baseline -0.004 -17"><span class='ocrx_word' id='word_1_185' title='bbox 292 2489 444 2539; x_wconf 76' lang='lat' dir='ltr'><strong>quam</strong></span> <span class='ocrx_word' id='word_1_186' title='bbox 470 2488 551 2526; x_wconf 79' lang='lat' dir='ltr'><strong>me</strong></span> <span class='ocrx_word' id='word_1_187' title='bbox 580 2489 602 2524; x_wconf 87' lang='lat'><strong><em>:</em></strong></span> <span class='ocrx_word' id='word_1_188' title='bbox 633 2471 801 2541; x_wconf 85' lang='lat' dir='ltr'><strong>ipsum</strong></span> <span class='ocrx_word' id='word_1_189' title='bbox 833 2468 1048 2522; x_wconf 83' lang='lat' dir='ltr'><strong>audietis</strong></span> <span class='ocrx_word' id='word_1_190' title='bbox 1077 2467 1234 2536; x_wconf 71' lang='lat' dir='ltr'><strong>juxta</strong></span> <span class='ocrx_word' id='word_1_191' title='bbox 1266 2466 1437 2519; x_wconf 85' lang='lat' dir='ltr'><strong>omnia</strong></span> <span class='ocrx_word' id='word_1_192' title='bbox 1464 2481 1789 2535; x_wconf 76' lang='lat' dir='ltr'><strong>quwcumque</strong></span> <span class='ocrx_word' id='word_1_193' title='bbox 1825 2466 1901 2519; x_wconf 87' lang='lat' dir='ltr'><strong>Io-</strong></span> 
     </span>
    </p>
   </div>
   <div class='ocr_carea' id='block_1_26' title="bbox 299 2558 1901 2634">
    <p class='ocr_par' dir='ltr' id='par_1_26' title="bbox 299 2558 1901 2634">
     <span class='ocr_line' id='line_1_26' title="bbox 299 2558 1901 2634; baseline -0.001 -19"><span class='ocrx_word' id='word_1_194' title='bbox 299 2574 478 2633; x_wconf 75' lang='lat' dir='ltr'><strong>quutus</strong></span> <span class='ocrx_word' id='word_1_195' title='bbox 505 2563 668 2634; x_wconf 78' lang='lat' dir='ltr'><strong>fuerit</strong></span> <span class='ocrx_word' id='word_1_196' title='bbox 696 2562 835 2616; x_wconf 86' lang='lat' dir='ltr'><strong>vobis</strong></span> <span class='ocrx_word' id='word_1_197' title='bbox 863 2559 1039 2633; x_wconf 85' lang='lat' dir='ltr'><strong>(Deut.</strong></span> <span class='ocrx_word' id='word_1_198' title='bbox 1070 2559 1157 2613; x_wconf 83' lang='grc'><strong>18.</strong></span> <span class='ocrx_word' id='word_1_199' title='bbox 1189 2558 1300 2628; x_wconf 85' lang='grc'><strong>15).</strong></span> <span class='ocrx_word' id='word_1_200' title='bbox 1333 2558 1444 2614; x_wconf 93' lang='lat' dir='ltr'><strong>Illic</strong></span> <span class='ocrx_word' id='word_1_201' title='bbox 1489 2559 1743 2614; x_wconf 86' lang='lat' dir='ltr'><strong>Davidem</strong></span> <span class='ocrx_word' id='word_1_202' title='bbox 1765 2601 1780 2626; x_wconf 96' lang='lat'><strong>,</strong></span> <span class='ocrx_word' id='word_1_203' title='bbox 1814 2560 1901 2614; x_wconf 91' lang='lat' dir='ltr'><strong>hic</strong></span> 
     </span>
    </p>
   </div>
   <div class='ocr_carea' id='block_1_27' title="bbox 307 2651 1902 2725">
    <p class='ocr_par' dir='ltr' id='par_1_27' title="bbox 307 2651 1902 2725">
     <span class='ocr_line' id='line_1_27' title="bbox 307 2651 1902 2725; baseline -0.003 -17"><span class='ocrx_word' id='word_1_204' title='bbox 307 2656 531 2725; x_wconf 65' lang='lat' dir='ltr'><strong>Iloysem</strong></span> <span class='ocrx_word' id='word_1_205' title='bbox 553 2654 898 2710; x_wconf 81' lang='lat' dir='ltr'><strong>memoravit.</strong></span> <span class='ocrx_word' id='word_1_206' title='bbox 929 2651 1186 2718; x_wconf 83' lang='lat' dir='ltr'><strong>Omnium,</strong></span> <span class='ocrx_word' id='word_1_207' title='bbox 1219 2651 1410 2722; x_wconf 85' lang='lat' dir='ltr'><strong>inquit,</strong></span> <span class='ocrx_word' id='word_1_208' title='bbox 1433 2667 1546 2722; x_wconf 78' lang='lat' dir='ltr'><strong>qua:</strong></span> <span class='ocrx_word' id='word_1_209' title='bbox 1571 2652 1806 2722; x_wconf 77' lang='lat' dir='ltr'><strong>loquutus</strong></span> <span class='ocrx_word' id='word_1_210' title='bbox 1829 2660 1902 2705; x_wconf 86' lang='lat' dir='ltr'><strong>est</strong></span> 
     </span>
    </p>
   </div>
   <div class='ocr_carea' id='block_1_28' title="bbox 312 2743 1902 2816">
    <p class='ocr_par' dir='ltr' id='par_1_28' title="bbox 312 2743 1902 2816">
     <span class='ocr_line' id='line_1_28' title="bbox 312 2743 1902 2816; baseline -0.003 -14"><span class='ocrx_word' id='word_1_211' title='bbox 312 2749 468 2804; x_wconf 83' lang='lat' dir='ltr'><strong>Dens.</strong></span> <span class='ocrx_word' id='word_1_212' title='bbox 487 2748 596 2805; x_wconf 55' lang='lat' dir='ltr'><strong>lion</strong></span> <span class='ocrx_word' id='word_1_213' title='bbox 620 2749 773 2812; x_wconf 89' lang='lat' dir='ltr'><strong>dicit,</strong></span> <span class='ocrx_word' id='word_1_214' title='bbox 797 2747 928 2814; x_wconf 78' lang='lat' dir='ltr'><strong>Qua:</strong></span> <span class='ocrx_word' id='word_1_215' title='bbox 955 2747 1202 2816; x_wconf 89' lang='lat' dir='ltr'><strong>loquutus</strong></span> <span class='ocrx_word' id='word_1_216' title='bbox 1221 2754 1304 2800; x_wconf 90' lang='lat' dir='ltr'><strong>est</strong></span> <span class='ocrx_word' id='word_1_217' title='bbox 1329 2744 1608 2808; x_wconf 83' lang='lat' dir='ltr'><strong>Christus;</strong></span> <span class='ocrx_word' id='word_1_218' title='bbox 1633 2743 1748 2808; x_wconf 92' lang='lat' dir='ltr'><strong>sed,</strong></span> <span class='ocrx_word' id='word_1_219' title='bbox 1774 2743 1902 2810; x_wconf 67' lang='lat' dir='ltr'><strong>Quae</strong></span> 
     </span>
    </p>
   </div>
   <div class='ocr_carea' id='block_1_29' title="bbox 305 2835 1898 2910">
    <p class='ocr_par' dir='ltr' id='par_1_29' title="bbox 305 2835 1898 2910">
     <span class='ocr_line' id='line_1_29' title="bbox 305 2835 1898 2910; baseline -0.003 -16"><span class='ocrx_word' id='word_1_220' title='bbox 305 2842 534 2910; x_wconf 71' lang='lat' dir='ltr'><strong>loquutus</strong></span> <span class='ocrx_word' id='word_1_221' title='bbox 579 2853 656 2894; x_wconf 87' lang='lat' dir='ltr'><strong>est</strong></span> <span class='ocrx_word' id='word_1_222' title='bbox 700 2838 874 2904; x_wconf 84' lang='lat' dir='ltr'><strong>Deus;</strong></span> <span class='ocrx_word' id='word_1_223' title='bbox 903 2838 980 2894; x_wconf 92' lang='lat' dir='ltr'><strong>sic</strong></span> <span class='ocrx_word' id='word_1_224' title='bbox 1023 2836 1123 2891; x_wconf 88' lang='lat' dir='ltr'><strong>sub</strong></span> <span class='ocrx_word' id='word_1_225' title='bbox 1159 2835 1344 2891; x_wconf 91' lang='lat' dir='ltr'><strong>umbra</strong></span> <span class='ocrx_word' id='word_1_226' title='bbox 1381 2835 1638 2906; x_wconf 86' lang='lat' dir='ltr'><strong>paulatim</strong></span> <span class='ocrx_word' id='word_1_227' title='bbox 1678 2835 1801 2891; x_wconf 90' lang='lat' dir='ltr'><strong>illos</strong></span> <span class='ocrx_word' id='word_1_228' title='bbox 1832 2835 1898 2890; x_wconf 89' lang='lat' dir='ltr'><strong>ad</strong></span> 
     </span>
    </p>
   </div>
   <div class='ocr_carea' id='block_1_30' title="bbox 299 2927 1897 3000">
    <p class='ocr_par' dir='ltr' id='par_1_30' title="bbox 299 2927 1897 3000">
     <span class='ocr_line' id='line_1_30' title="bbox 299 2927 1897 3000; baseline -0.004 -13"><span class='ocrx_word' id='word_1_229' title='bbox 299 2935 458 2989; x_wconf 80' lang='lat' dir='ltr'><strong>fidem</strong></span> <span class='ocrx_word' id='word_1_230' title='bbox 484 2934 781 2988; x_wconf 86' lang='lat' dir='ltr'><strong>adducens.</strong></span> <span class='ocrx_word' id='word_1_231' title='bbox 814 2931 1007 2988; x_wconf 79' lang='lat' dir='ltr'><strong>Postea</strong></span> <span class='ocrx_word' id='word_1_232' title='bbox 1033 2929 1100 2984; x_wconf 88' lang='lat' dir='ltr'><strong>ad</strong></span> <span class='ocrx_word' id='word_1_233' title='bbox 1129 2944 1243 2984; x_wconf 89' lang='lat' dir='ltr'><strong>rem</strong></span> <span class='ocrx_word' id='word_1_234' title='bbox 1273 2927 1377 2985; x_wconf 88' lang='lat' dir='ltr'><strong>ﬁde</strong></span> <span class='ocrx_word' id='word_1_235' title='bbox 1401 2927 1617 3000; x_wconf 81' lang='lat' dir='ltr'><strong>dignam</strong></span> <span class='ocrx_word' id='word_1_236' title='bbox 1639 2929 1897 2998; x_wconf 79' lang='lat' dir='ltr'><strong>confugit,</strong></span> 
     </span>
    </p>
   </div>
   <div class='ocr_carea' id='block_1_31' title="bbox 296 3021 1903 3098">
    <p class='ocr_par' dir='ltr' id='par_1_31' title="bbox 296 3021 1903 3098">
     <span class='ocr_line' id='line_1_31' title="bbox 296 3021 1903 3098; baseline -0.001 -18"><span class='ocrx_word' id='word_1_237' title='bbox 296 3029 524 3083; x_wconf 84' lang='lat' dir='ltr'><strong>dicens:</strong></span> <span class='ocrx_word' id='word_1_238' title='bbox 560 3027 875 3098; x_wconf 73' lang='lat' dir='ltr'><strong>Prop/ictam</strong></span> <span class='ocrx_word' id='word_1_239' title='bbox 904 3025 1162 3082; x_wconf 83' lang='lat' dir='ltr'><strong>suscitabit</strong></span> <span class='ocrx_word' id='word_1_240' title='bbox 1200 3025 1337 3080; x_wconf 85' lang='lat' dir='ltr'><strong>vobis</strong></span> <span class='ocrx_word' id='word_1_241' title='bbox 1381 3023 1634 3079; x_wconf 85' lang='lat' dir='ltr'><strong>Dominus</strong></span> <span class='ocrx_word' id='word_1_242' title='bbox 1671 3021 1813 3078; x_wconf 88' lang='lat' dir='ltr'><strong>Deus</strong></span> <span class='ocrx_word' id='word_1_243' title='bbox 1837 3041 1903 3079; x_wconf 74' lang='lat' dir='ltr'><strong>ea:</strong></span> 
     </span>
    </p>
   </div>
   <div class='ocr_carea' id='block_1_32' title="bbox 296 3120 1902 3193">
    <p class='ocr_par' dir='ltr' id='par_1_32' title="bbox 296 3120 1902 3193">
     <span class='ocr_line' id='line_1_32' title="bbox 296 3120 1902 3193; baseline -0.001 -19"><span class='ocrx_word' id='word_1_244' title='bbox 296 3124 540 3191; x_wconf 74' lang='lat' dir='ltr'><strong>fratribus</strong></span> <span class='ocrx_word' id='word_1_245' title='bbox 563 3124 741 3177; x_wconf 75' lang='lat' dir='ltr'><strong>vestris</strong></span> <span class='ocrx_word' id='word_1_246' title='bbox 763 3133 1020 3193; x_wconf 86' lang='lat' dir='ltr'><strong>tamquam</strong></span> <span class='ocrx_word' id='word_1_247' title='bbox 1046 3138 1124 3176; x_wconf 90' lang='lat' dir='ltr'><strong>me</strong></span> <span class='ocrx_word' id='word_1_248' title='bbox 1144 3136 1162 3175; x_wconf 93' lang='lat'><strong><em>:</em></strong></span> <span class='ocrx_word' id='word_1_249' title='bbox 1183 3121 1351 3191; x_wconf 87' lang='lat' dir='ltr'><strong>ipsum</strong></span> <span class='ocrx_word' id='word_1_250' title='bbox 1377 3120 1593 3174; x_wconf 83' lang='lat' dir='ltr'><strong>audietis</strong></span> <span class='ocrx_word' id='word_1_251' title='bbox 1613 3121 1768 3192; x_wconf 75' lang='lat' dir='ltr'><strong>juxta</strong></span> <span class='ocrx_word' id='word_1_252' title='bbox 1793 3134 1902 3172; x_wconf 86' lang='lat' dir='ltr'><strong>ont-</strong></span> 
     </span>
    </p>
   </div>
   <div class='ocr_carea' id='block_1_33' title="bbox 298 3211 1897 3284">
    <p class='ocr_par' dir='ltr' id='par_1_33' title="bbox 298 3211 1897 3284">
     <span class='ocr_line' id='line_1_33' title="bbox 298 3211 1897 3284; baseline -0.003 -16"><span class='ocrx_word' id='word_1_253' title='bbox 298 3215 404 3269; x_wconf 75' lang='lat' dir='ltr'><strong>nia.</strong></span> <span class='ocrx_word' id='word_1_254' title='bbox 445 3213 656 3271; x_wconf 84' lang='lat' dir='ltr'><strong>Deinde</strong></span> <span class='ocrx_word' id='word_1_255' title='bbox 695 3214 827 3269; x_wconf 89' lang='lat' dir='ltr'><strong>ultio</strong></span> <span class='ocrx_word' id='word_1_256' title='bbox 864 3227 1054 3284; x_wconf 87' lang='lat' dir='ltr'><strong>magna</strong></span> <span class='ocrx_word' id='word_1_257' title='bbox 1095 3213 1360 3284; x_wconf 89' lang='lat' dir='ltr'><strong>sequitur.</strong></span> <span class='ocrx_word' id='word_1_258' title='bbox 1404 3211 1496 3268; x_wconf 78' lang='lat'><strong>25.</strong></span> <span class='ocrx_word' id='word_1_259' title='bbox 1539 3211 1652 3265; x_wconf 85' lang='lat' dir='ltr'><strong>Erit</strong></span> <span class='ocrx_word' id='word_1_260' title='bbox 1689 3220 1897 3277; x_wconf 88' lang='lat' dir='ltr'><strong>autem,</strong></span> 
     </span>
    </p>
   </div>
   <div class='ocr_carea' id='block_1_34' title="bbox 297 3301 1897 3376">
    <p class='ocr_par' dir='ltr' id='par_1_34' title="bbox 297 3301 1897 3376">
     <span class='ocr_line' id='line_1_34' title="bbox 297 3301 1897 3376; baseline -0.002 -17"><span class='ocrx_word' id='word_1_261' title='bbox 297 3305 490 3376; x_wconf 84' lang='lat' dir='ltr'><strong>inquit,</strong></span> <span class='ocrx_word' id='word_1_262' title='bbox 518 3306 686 3360; x_wconf 86' lang='lat' dir='ltr'><strong>omnis</strong></span> <span class='ocrx_word' id='word_1_263' title='bbox 708 3304 881 3360; x_wconf 88' lang='lat' dir='ltr'><strong>anima</strong></span> <span class='ocrx_word' id='word_1_264' title='bbox 905 3320 1016 3375; x_wconf 75' lang='lat' dir='ltr'><strong>qute</strong></span> <span class='ocrx_word' id='word_1_265' title='bbox 1035 3321 1138 3360; x_wconf 88' lang='lat' dir='ltr'><strong>non</strong></span> <span class='ocrx_word' id='word_1_266' title='bbox 1157 3303 1379 3360; x_wconf 83' lang='lat' dir='ltr'><strong>audierit</strong></span> <span class='ocrx_word' id='word_1_267' title='bbox 1404 3303 1704 3375; x_wconf 84' lang='lat' dir='ltr'><strong>prophetam</strong></span> <span class='ocrx_word' id='word_1_268' title='bbox 1728 3301 1897 3367; x_wconf 87' lang='lat' dir='ltr'><strong>illum,</strong></span> 
     </span>
    </p>
   </div>
   <div class='ocr_carea' id='block_1_35' title="bbox 296 3393 1899 3467">
    <p class='ocr_par' dir='ltr' id='par_1_35' title="bbox 296 3393 1899 3467">
     <span class='ocr_line' id='line_1_35' title="bbox 296 3393 1899 3467; baseline -0.001 -15"><span class='ocrx_word' id='word_1_269' title='bbox 296 3398 718 3452; x_wconf 69' lang='lat' dir='ltr'><strong>exterminabitur</strong></span> <span class='ocrx_word' id='word_1_270' title='bbox 742 3398 805 3451; x_wconf 81' lang='lat' dir='ltr'><strong>de</strong></span> <span class='ocrx_word' id='word_1_271' title='bbox 835 3397 994 3467; x_wconf 84' lang='lat' dir='ltr'><strong>plebe.</strong></span> <span class='ocrx_word' id='word_1_272' title='bbox 1022 3396 1113 3452; x_wconf 65' lang='lat'><strong>24.</strong></span> <span class='ocrx_word' id='word_1_273' title='bbox 1146 3395 1215 3451; x_wconf 85' lang='lat' dir='ltr'><strong>Et</strong></span> <span class='ocrx_word' id='word_1_274' title='bbox 1234 3411 1408 3451; x_wconf 88' lang='lat' dir='ltr'><strong>omnes</strong></span> <span class='ocrx_word' id='word_1_275' title='bbox 1439 3395 1702 3466; x_wconf 72' lang='lat' dir='ltr'><strong>praplteta!</strong></span> <span class='ocrx_word' id='word_1_276' title='bbox 1728 3410 1760 3448; x_wconf 79' lang='grc' dir='ltr'><strong>ιι</strong></span> <span class='ocrx_word' id='word_1_277' title='bbox 1793 3393 1899 3450; x_wconf 59' lang='lat' dir='ltr'><strong>Sac</strong></span> 
     </span>
    </p>
   </div>
   <div class='ocr_carea' id='block_1_36' title="bbox 294 3486 1900 3560">
    <p class='ocr_par' dir='ltr' id='par_1_36' title="bbox 294 3486 1900 3560">
     <span class='ocr_line' id='line_1_36' title="bbox 294 3486 1900 3560; baseline -0.001 -18"><span class='ocrx_word' id='word_1_278' title='bbox 294 3491 434 3545; x_wconf 77' lang='lat' dir='ltr'><strong>muel</strong></span> <span class='ocrx_word' id='word_1_279' title='bbox 465 3498 511 3545; x_wconf 83' lang='lat' dir='ltr'><strong>et</strong></span> <span class='ocrx_word' id='word_1_280' title='bbox 539 3489 809 3560; x_wconf 86' lang='lat' dir='ltr'><strong>deinceps,</strong></span> <span class='ocrx_word' id='word_1_281' title='bbox 830 3488 918 3559; x_wconf 88' lang='lat' dir='ltr'><strong>qui</strong></span> <span class='ocrx_word' id='word_1_282' title='bbox 946 3487 1142 3559; x_wconf 85' lang='lat' dir='ltr'><strong>loquuti</strong></span> <span class='ocrx_word' id='word_1_283' title='bbox 1163 3495 1313 3554; x_wconf 89' lang='lat' dir='ltr'><strong>sunt,</strong></span> <span class='ocrx_word' id='word_1_284' title='bbox 1341 3487 1767 3542; x_wconf 86' lang='lat' dir='ltr'><strong>annuntiaverunt</strong></span> <span class='ocrx_word' id='word_1_285' title='bbox 1793 3486 1900 3541; x_wconf 86' lang='lat' dir='ltr'><strong>dies</strong></span> 
     </span>
    </p>
   </div>
   <div class='ocr_carea' id='block_1_37' title="bbox 294 3577 1899 3651">
    <p class='ocr_par' dir='ltr' id='par_1_37' title="bbox 294 3577 1899 3651">
     <span class='ocr_line' id='line_1_37' title="bbox 294 3577 1899 3651; baseline -0.002 -16"><span class='ocrx_word' id='word_1_286' title='bbox 294 3584 440 3638; x_wconf 83' lang='lat' dir='ltr'><strong>istos.</strong></span> <span class='ocrx_word' id='word_1_287' title='bbox 473 3581 574 3637; x_wconf 82' lang='lat' dir='ltr'><strong>Hie</strong></span> <span class='ocrx_word' id='word_1_288' title='bbox 597 3591 742 3636; x_wconf 86' lang='lat' dir='ltr'><strong>recte</strong></span> <span class='ocrx_word' id='word_1_289' title='bbox 769 3580 988 3637; x_wconf 78' lang='lat' dir='ltr'><strong>exitium</strong></span> <span class='ocrx_word' id='word_1_290' title='bbox 1013 3578 1206 3651; x_wconf 87' lang='lat' dir='ltr'><strong>posuit.</strong></span> <span class='ocrx_word' id='word_1_291' title='bbox 1232 3577 1457 3646; x_wconf 85' lang='lat' dir='ltr'><strong>Quando</strong></span> <span class='ocrx_word' id='word_1_292' title='bbox 1477 3578 1620 3634; x_wconf 89' lang='lat' dir='ltr'><strong>enim</strong></span> <span class='ocrx_word' id='word_1_293' title='bbox 1645 3592 1899 3649; x_wconf 81' lang='lat' dir='ltr'><strong>magnum</strong></span> 
     </span>
    </p>
   </div>
   <div class='ocr_carea' id='block_1_38' title="bbox 298 3671 1897 3746">
    <p class='ocr_par' dir='ltr' id='par_1_38' title="bbox 298 3671 1897 3746">
     <span class='ocr_line' id='line_1_38' title="bbox 298 3671 1897 3746; baseline -0.003 -16"><span class='ocrx_word' id='word_1_294' title='bbox 298 3675 573 3746; x_wconf 86' lang='lat' dir='ltr'><strong>quidpiam</strong></span> <span class='ocrx_word' id='word_1_295' title='bbox 603 3673 768 3743; x_wconf 88' lang='lat' dir='ltr'><strong>dicit,</strong></span> <span class='ocrx_word' id='word_1_296' title='bbox 799 3673 865 3729; x_wconf 91' lang='lat' dir='ltr'><strong>ad</strong></span> <span class='ocrx_word' id='word_1_297' title='bbox 903 3674 1111 3745; x_wconf 88' lang='lat' dir='ltr'><strong>priores</strong></span> <span class='ocrx_word' id='word_1_298' title='bbox 1135 3671 1412 3744; x_wconf 86' lang='lat' dir='ltr'><strong>confugit,</strong></span> <span class='ocrx_word' id='word_1_299' title='bbox 1444 3681 1501 3728; x_wconf 93' lang='lat' dir='ltr'><strong>et</strong></span> <span class='ocrx_word' id='word_1_300' title='bbox 1531 3672 1897 3728; x_wconf 88' lang='lat' dir='ltr'><strong>testimonium</strong></span> 
     </span>
    </p>
   </div>
   <div class='ocr_carea' id='block_1_39' title="bbox 300 3762 1898 3840">
    <p class='ocr_par' dir='ltr' id='par_1_39' title="bbox 300 3762 1898 3840">
     <span class='ocr_line' id='line_1_39' title="bbox 300 3762 1898 3840; baseline -0.003 -17"><span class='ocrx_word' id='word_1_301' title='bbox 300 3767 502 3840; x_wconf 88' lang='lat' dir='ltr'><strong>reperit</strong></span> <span class='ocrx_word' id='word_1_302' title='bbox 547 3775 775 3838; x_wconf 88' lang='lat' dir='ltr'><strong>utraque</strong></span> <span class='ocrx_word' id='word_1_303' title='bbox 813 3766 1222 3836; x_wconf 88' lang='lat' dir='ltr'><strong>complectens;</strong></span> <span class='ocrx_word' id='word_1_304' title='bbox 1262 3773 1322 3821; x_wconf 92' lang='lat' dir='ltr'><strong>ut</strong></span> <span class='ocrx_word' id='word_1_305' title='bbox 1362 3765 1472 3820; x_wconf 91' lang='lat' dir='ltr'><strong>illic</strong></span> <span class='ocrx_word' id='word_1_306' title='bbox 1509 3764 1646 3820; x_wconf 80' lang='lat' dir='ltr'><strong>dixit</strong></span> <span class='ocrx_word' id='word_1_307' title='bbox 1677 3781 1692 3819; x_wconf 88' lang='lat'><strong>:</strong></span> <span class='ocrx_word' id='word_1_308' title='bbox 1724 3762 1898 3818; x_wconf 82' lang='lat' dir='ltr'><strong>Donec</strong></span> 
     </span>
    </p>
   </div>
   <div class='ocr_carea' id='block_1_40' title="bbox 302 3853 1900 3929">
    <p class='ocr_par' dir='ltr' id='par_1_40' title="bbox 302 3853 1900 3929">
     <span class='ocr_line' id='line_1_40' title="bbox 302 3853 1900 3929; baseline -0.001 -16"><span class='ocrx_word' id='word_1_309' title='bbox 302 3869 457 3929; x_wconf 83' lang='lat' dir='ltr'><strong>ponat</strong></span> <span class='ocrx_word' id='word_1_310' title='bbox 481 3859 715 3913; x_wconf 80' lang='lat' dir='ltr'><strong>inimicos</strong></span> <span class='ocrx_word' id='word_1_311' title='bbox 737 3855 830 3911; x_wconf 88' lang='lat' dir='ltr'><strong>sub</strong></span> <span class='ocrx_word' id='word_1_312' title='bbox 859 3856 1011 3927; x_wconf 83' lang='lat' dir='ltr'><strong>pedes</strong></span> <span class='ocrx_word' id='word_1_313' title='bbox 1041 3865 1153 3911; x_wconf 88' lang='lat' dir='ltr'><strong>tuos</strong></span> <span class='ocrx_word' id='word_1_314' title='bbox 1185 3854 1357 3923; x_wconf 88' lang='lat' dir='ltr'><strong>(Psal.</strong></span> <span class='ocrx_word' id='word_1_315' title='bbox 1387 3854 1512 3912; x_wconf 86' lang='grc'><strong>109.</strong></span> <span class='ocrx_word' id='word_1_316' title='bbox 1534 3854 1611 3925; x_wconf 90' lang='lat'><strong>2).</strong></span> <span class='ocrx_word' id='word_1_317' title='bbox 1639 3853 1900 3925; x_wconf 80' lang='lat' dir='ltr'><strong>Quodque</strong></span> 
     </span>
    </p>
   </div>
   <div class='ocr_carea' id='block_1_41' title="bbox 303 3949 1900 4021">
    <p class='ocr_par' dir='ltr' id='par_1_41' title="bbox 303 3949 1900 4021">
     <span class='ocr_line' id='line_1_41' title="bbox 303 3949 1900 4021; baseline -0.004 -11"><span class='ocrx_word' id='word_1_318' title='bbox 303 3955 495 4010; x_wconf 85' lang='lat' dir='ltr'><strong>mirum</strong></span> <span class='ocrx_word' id='word_1_319' title='bbox 523 3962 629 4019; x_wconf 90' lang='lat' dir='ltr'><strong>est,</strong></span> <span class='ocrx_word' id='word_1_320' title='bbox 659 3952 776 4008; x_wconf 60' lang='lat' dir='ltr'><strong>haec</strong></span> <span class='ocrx_word' id='word_1_321' title='bbox 799 3950 906 4007; x_wconf 90' lang='lat' dir='ltr'><strong>duo</strong></span> <span class='ocrx_word' id='word_1_322' title='bbox 932 3951 1115 4019; x_wconf 89' lang='lat' dir='ltr'><strong>simul,</strong></span> <span class='ocrx_word' id='word_1_323' title='bbox 1144 3950 1425 4021; x_wconf 87' lang='lat' dir='ltr'><strong>subjectio,</strong></span> <span class='ocrx_word' id='word_1_324' title='bbox 1458 3949 1824 4021; x_wconf 67' lang='lat' dir='ltr'><strong>praevaricatio</strong></span> <span class='ocrx_word' id='word_1_325' title='bbox 1843 3957 1900 4005; x_wconf 88' lang='lat' dir='ltr'><strong>et</strong></span> 
     </span>
    </p>
   </div>
   <div class='ocr_carea' id='block_1_42' title="bbox 303 4039 1895 4115">
    <p class='ocr_par' dir='ltr' id='par_1_42' title="bbox 303 4039 1895 4115">
     <span class='ocr_line' id='line_1_42' title="bbox 303 4039 1895 4115; baseline -0.006 -12"><span class='ocrx_word' id='word_1_326' title='bbox 303 4061 480 4115; x_wconf 73' lang='lat' dir='ltr'><strong>ptem.</strong></span> <span class='ocrx_word' id='word_1_327' title='bbox 512 4044 794 4114; x_wconf 83' lang='lat' dir='ltr'><strong>Tamquam</strong></span> <span class='ocrx_word' id='word_1_328' title='bbox 817 4059 918 4111; x_wconf 89' lang='lat' dir='ltr'><strong>me,</strong></span> <span class='ocrx_word' id='word_1_329' title='bbox 941 4043 1133 4114; x_wconf 88' lang='lat' dir='ltr'><strong>inquit.</strong></span> <span class='ocrx_word' id='word_1_330' title='bbox 1158 4041 1295 4110; x_wconf 87' lang='lat' dir='ltr'><strong>Quid</strong></span> <span class='ocrx_word' id='word_1_331' title='bbox 1321 4057 1451 4113; x_wconf 80' lang='lat' dir='ltr'><strong>ergo</strong></span> <span class='ocrx_word' id='word_1_332' title='bbox 1477 4041 1783 4098; x_wconf 86' lang='lat' dir='ltr'><strong>miramini?</strong></span> <span class='ocrx_word' id='word_1_333' title='bbox 1802 4039 1895 4097; x_wconf 84' lang='lat'><strong>25.</strong></span> 
     </span>
    </p>
   </div>
   <div class='ocr_carea' id='block_1_43' title="bbox 313 4133 1894 4205">
    <p class='ocr_par' dir='ltr' id='par_1_43' title="bbox 313 4133 1894 4205">
     <span class='ocr_line' id='line_1_43' title="bbox 313 4133 1894 4205; baseline -0.003 -13"><span class='ocrx_word' id='word_1_334' title='bbox 313 4137 411 4192; x_wconf 84' lang='lat' dir='ltr'><strong>Vos</strong></span> <span class='ocrx_word' id='word_1_335' title='bbox 450 4135 572 4192; x_wconf 85' lang='lat' dir='ltr'><strong>estis</strong></span> <span class='ocrx_word' id='word_1_336' title='bbox 611 4136 710 4203; x_wconf 75' lang='lat' dir='ltr'><strong>ﬁlii</strong></span> <span class='ocrx_word' id='word_1_337' title='bbox 751 4135 1139 4205; x_wconf 81' lang='lat' dir='ltr'><strong>prOphetarum.</strong></span> <span class='ocrx_word' id='word_1_338' title='bbox 1182 4133 1367 4205; x_wconf 89' lang='lat' dir='ltr'><strong>Itaque</strong></span> <span class='ocrx_word' id='word_1_339' title='bbox 1408 4133 1562 4190; x_wconf 86' lang='lat' dir='ltr'><strong>vobis</strong></span> <span class='ocrx_word' id='word_1_340' title='bbox 1607 4133 1850 4188; x_wconf 88' lang='lat' dir='ltr'><strong>dicebam</strong></span> <span class='ocrx_word' id='word_1_341' title='bbox 1877 4175 1894 4200; x_wconf 96' lang='lat'><strong>,</strong></span> 
     </span>
    </p>
   </div>
   <div class='ocr_carea' id='block_1_44' title="bbox 303 4228 1899 4303">
    <p class='ocr_par' dir='ltr' id='par_1_44' title="bbox 303 4228 1899 4303">
     <span class='ocr_line' id='line_1_44' title="bbox 303 4228 1899 4303; baseline -0.002 -16"><span class='ocrx_word' id='word_1_342' title='bbox 303 4241 526 4303; x_wconf 88' lang='lat' dir='ltr'><strong>propter</strong></span> <span class='ocrx_word' id='word_1_343' title='bbox 551 4245 648 4286; x_wconf 83' lang='lat' dir='ltr'><strong>vos</strong></span> <span class='ocrx_word' id='word_1_344' title='bbox 671 4230 846 4285; x_wconf 88' lang='lat' dir='ltr'><strong>omnia</strong></span> <span class='ocrx_word' id='word_1_345' title='bbox 871 4228 1010 4284; x_wconf 85' lang='lat' dir='ltr'><strong>facta</strong></span> <span class='ocrx_word' id='word_1_346' title='bbox 1037 4242 1177 4285; x_wconf 90' lang='lat' dir='ltr'><strong>esse.</strong></span> <span class='ocrx_word' id='word_1_347' title='bbox 1205 4228 1339 4297; x_wconf 85' lang='lat' dir='ltr'><strong>Quia</strong></span> <span class='ocrx_word' id='word_1_348' title='bbox 1361 4228 1506 4284; x_wconf 92' lang='lat' dir='ltr'><strong>enim</strong></span> <span class='ocrx_word' id='word_1_349' title='bbox 1533 4235 1754 4299; x_wconf 88' lang='lat' dir='ltr'><strong>propter</strong></span> <span class='ocrx_word' id='word_1_350' title='bbox 1781 4241 1899 4284; x_wconf 88' lang='lat' dir='ltr'><strong>sce-</strong></span> 
     </span>
    </p>
   </div>
   <div class='ocr_carea' id='block_1_45' title="bbox 302 4319 1897 4394">
    <p class='ocr_par' dir='ltr' id='par_1_45' title="bbox 302 4319 1897 4394">
     <span class='ocr_line' id='line_1_45' title="bbox 302 4319 1897 4394; baseline -0.001 -18"><span class='ocrx_word' id='word_1_351' title='bbox 302 4325 386 4378; x_wconf 84' lang='lat' dir='ltr'><strong>lus</strong></span> <span class='ocrx_word' id='word_1_352' title='bbox 413 4322 670 4394; x_wconf 81' lang='lat' dir='ltr'><strong>putabant</strong></span> <span class='ocrx_word' id='word_1_353' title='bbox 701 4335 760 4377; x_wconf 84' lang='lat' dir='ltr'><strong>se</strong></span> <span class='ocrx_word' id='word_1_354' title='bbox 782 4320 1115 4378; x_wconf 87' lang='lat' dir='ltr'><strong>abalienatos</strong></span> <span class='ocrx_word' id='word_1_355' title='bbox 1140 4334 1260 4376; x_wconf 84' lang='lat' dir='ltr'><strong>esse</strong></span> <span class='ocrx_word' id='word_1_356' title='bbox 1288 4320 1517 4377; x_wconf 88' lang='lat' dir='ltr'><strong>:etenim</strong></span> <span class='ocrx_word' id='word_1_357' title='bbox 1542 4319 1734 4376; x_wconf 85' lang='lat' dir='ltr'><strong>rationi</strong></span> <span class='ocrx_word' id='word_1_358' title='bbox 1763 4334 1897 4375; x_wconf 85' lang='lat' dir='ltr'><strong>con-</strong></span> 
     </span>
    </p>
   </div>
   <div class='ocr_carea' id='block_1_46' title="bbox 302 4412 1898 4484">
    <p class='ocr_par' dir='ltr' id='par_1_46' title="bbox 302 4412 1898 4484">
     <span class='ocr_line' id='line_1_46' title="bbox 302 4412 1898 4484; baseline -0.002 -13"><span class='ocrx_word' id='word_1_359' title='bbox 302 4425 622 4471; x_wconf 78' lang='lat' dir='ltr'><strong>sentaneum</strong></span> <span class='ocrx_word' id='word_1_360' title='bbox 653 4428 759 4469; x_wconf 86' lang='lat' dir='ltr'><strong>non</strong></span> <span class='ocrx_word' id='word_1_361' title='bbox 781 4422 862 4469; x_wconf 90' lang='lat' dir='ltr'><strong>est</strong></span> <span class='ocrx_word' id='word_1_362' title='bbox 887 4413 1136 4469; x_wconf 90' lang='lat' dir='ltr'><strong>eumdem</strong></span> <span class='ocrx_word' id='word_1_363' title='bbox 1164 4413 1323 4468; x_wconf 92' lang='lat' dir='ltr'><strong>modo</strong></span> <span class='ocrx_word' id='word_1_364' title='bbox 1341 4412 1600 4484; x_wconf 83' lang='lat' dir='ltr'><strong>crucifigi,</strong></span> <span class='ocrx_word' id='word_1_365' title='bbox 1623 4428 1747 4467; x_wconf 87' lang='lat' dir='ltr'><strong>mox</strong></span> <span class='ocrx_word' id='word_1_366' title='bbox 1769 4426 1898 4468; x_wconf 88' lang='lat' dir='ltr'><strong>suos</strong></span> 
     </span>
    </p>
   </div>
   <div class='ocr_carea' id='block_1_47' title="bbox 302 4503 1898 4576">
    <p class='ocr_par' dir='ltr' id='par_1_47' title="bbox 302 4503 1898 4576">
     <span class='ocr_line' id='line_1_47' title="bbox 302 4503 1898 4576; baseline -0.001 -15"><span class='ocrx_word' id='word_1_367' title='bbox 302 4522 533 4572; x_wconf 88' lang='lat' dir='ltr'><strong>curare;</strong></span> <span class='ocrx_word' id='word_1_368' title='bbox 565 4506 742 4562; x_wconf 89' lang='lat' dir='ltr'><strong>ethoc</strong></span> <span class='ocrx_word' id='word_1_369' title='bbox 767 4515 821 4562; x_wconf 93' lang='lat' dir='ltr'><strong>et</strong></span> <span class='ocrx_word' id='word_1_370' title='bbox 849 4505 979 4561; x_wconf 90' lang='lat' dir='ltr'><strong>illud</strong></span> <span class='ocrx_word' id='word_1_371' title='bbox 1005 4504 1202 4561; x_wconf 88' lang='lat' dir='ltr'><strong>factum</strong></span> <span class='ocrx_word' id='word_1_372' title='bbox 1233 4519 1328 4575; x_wconf 89' lang='lat' dir='ltr'><strong>per</strong></span> <span class='ocrx_word' id='word_1_373' title='bbox 1355 4503 1690 4576; x_wconf 83' lang='lat' dir='ltr'><strong>prophetiam</strong></span> <span class='ocrx_word' id='word_1_374' title='bbox 1715 4514 1898 4560; x_wconf 88' lang='lat' dir='ltr'><strong>osten-</strong></span> 
     </span>
    </p>
   </div>
   <div class='ocr_carea' id='block_1_48' title="bbox 303 4596 1896 4668">
    <p class='ocr_par' dir='ltr' id='par_1_48' title="bbox 303 4596 1896 4668">
     <span class='ocr_line' id='line_1_48' title="bbox 303 4596 1896 4668; baseline -0.001 -17"><span class='ocrx_word' id='word_1_375' title='bbox 303 4600 401 4654; x_wconf 90' lang='lat' dir='ltr'><strong>dit.</strong></span> <span class='ocrx_word' id='word_1_376' title='bbox 443 4598 546 4654; x_wconf 73' lang='lat' dir='ltr'><strong>I’os</strong></span> <span class='ocrx_word' id='word_1_377' title='bbox 573 4598 691 4652; x_wconf 79' lang='lat' dir='ltr'><strong>estis</strong></span> <span class='ocrx_word' id='word_1_378' title='bbox 709 4639 723 4663; x_wconf 92' lang='lat'><strong>,</strong></span> <span class='ocrx_word' id='word_1_379' title='bbox 747 4597 954 4668; x_wconf 86' lang='lat' dir='ltr'><strong>inquit,</strong></span> <span class='ocrx_word' id='word_1_380' title='bbox 986 4596 1084 4666; x_wconf 73' lang='lat' dir='ltr'><strong>ﬁlii</strong></span> <span class='ocrx_word' id='word_1_381' title='bbox 1113 4597 1474 4668; x_wconf 81' lang='lat' dir='ltr'><strong>prapltetarum</strong></span> <span class='ocrx_word' id='word_1_382' title='bbox 1504 4605 1550 4651; x_wconf 88' lang='lat' dir='ltr'><strong>et</strong></span> <span class='ocrx_word' id='word_1_383' title='bbox 1580 4597 1896 4665; x_wconf 82' lang='lat' dir='ltr'><strong>testamenti,</strong></span> 
     </span>
    </p>
   </div>
   <div class='ocr_carea' id='block_1_49' title="bbox 302 4689 1900 4759">
    <p class='ocr_par' dir='ltr' id='par_1_49' title="bbox 302 4689 1900 4759">
     <span class='ocr_line' id='line_1_49' title="bbox 302 4689 1900 4759; baseline 0 -16"><span class='ocrx_word' id='word_1_384' title='bbox 302 4691 440 4758; x_wconf 82' lang='lat' dir='ltr'><strong>quod</strong></span> <span class='ocrx_word' id='word_1_385' title='bbox 464 4690 715 4759; x_wconf 80' lang='lat' dir='ltr'><strong>disposuit</strong></span> <span class='ocrx_word' id='word_1_386' title='bbox 745 4689 878 4745; x_wconf 85' lang='lat' dir='ltr'><strong>Deus</strong></span> <span class='ocrx_word' id='word_1_387' title='bbox 905 4690 972 4743; x_wconf 86' lang='lat' dir='ltr'><strong>ad</strong></span> <span class='ocrx_word' id='word_1_388' title='bbox 1007 4699 1174 4759; x_wconf 79' lang='lat' dir='ltr'><strong>patres</strong></span> <span class='ocrx_word' id='word_1_389' title='bbox 1200 4698 1410 4755; x_wconf 85' lang='lat' dir='ltr'><strong>vestros,</strong></span> <span class='ocrx_word' id='word_1_390' title='bbox 1444 4689 1614 4743; x_wconf 87' lang='lat' dir='ltr'><strong>dicens</strong></span> <span class='ocrx_word' id='word_1_391' title='bbox 1642 4689 1710 4742; x_wconf 87' lang='lat' dir='ltr'><strong>ad</strong></span> <span class='ocrx_word' id='word_1_392' title='bbox 1737 4689 1900 4743; x_wconf 82' lang='lat' dir='ltr'><strong>Abra-</strong></span> 
     </span>
    </p>
   </div>
   <div class='ocr_carea' id='block_1_50' title="bbox 310 4779 1900 4849">
    <p class='ocr_par' dir='ltr' id='par_1_50' title="bbox 310 4779 1900 4849">
     <span class='ocr_line' id='line_1_50' title="bbox 310 4779 1900 4849; baseline 0.001 -15"><span class='ocrx_word' id='word_1_393' title='bbox 310 4783 424 4834; x_wconf 74' lang='lat' dir='ltr'><strong>ham</strong></span> <span class='ocrx_word' id='word_1_394' title='bbox 449 4796 467 4834; x_wconf 92' lang='lat'><em>:</em></span> <span class='ocrx_word' id='word_1_395' title='bbox 497 4779 568 4834; x_wconf 83' lang='lat' dir='ltr'><strong>Et</strong></span> <span class='ocrx_word' id='word_1_396' title='bbox 594 4779 646 4834; x_wconf 88' lang='lat' dir='ltr'><strong>in</strong></span> <span class='ocrx_word' id='word_1_397' title='bbox 667 4781 853 4835; x_wconf 86' lang='lat' dir='ltr'><strong>semine</strong></span> <span class='ocrx_word' id='word_1_398' title='bbox 882 4791 967 4835; x_wconf 89' lang='lat' dir='ltr'><strong>tuo</strong></span> <span class='ocrx_word' id='word_1_399' title='bbox 988 4781 1344 4835; x_wconf 80' lang='lat' dir='ltr'><strong>benedicentur</strong></span> <span class='ocrx_word' id='word_1_400' title='bbox 1369 4796 1540 4834; x_wconf 90' lang='lat' dir='ltr'><strong>omnes</strong></span> <span class='ocrx_word' id='word_1_401' title='bbox 1564 4780 1774 4849; x_wconf 68' lang='lat' dir='ltr'><strong>familia:</strong></span> <span class='ocrx_word' id='word_1_402' title='bbox 1800 4790 1900 4836; x_wconf 86' lang='lat' dir='ltr'><strong>ter-</strong></span> 
     </span>
    </p>
   </div>
   <div class='ocr_carea' id='block_1_51' title="bbox 313 4872 1902 4946">
    <p class='ocr_par' dir='ltr' id='par_1_51' title="bbox 313 4872 1902 4946">
     <span class='ocr_line' id='line_1_51' title="bbox 313 4872 1902 4946; baseline 0.004 -20"><span class='ocrx_word' id='word_1_403' title='bbox 313 4891 381 4928; x_wconf 77' lang='lat' dir='ltr'><strong>ra:</strong></span> <span class='ocrx_word' id='word_1_404' title='bbox 408 4877 426 4929; x_wconf 82' lang='lat' dir='ltr'><strong>l</strong></span> <span class='ocrx_word' id='word_1_405' title='bbox 448 4873 583 4928; x_wconf 80' lang='lat' dir='ltr'><strong>Gen.</strong></span> <span class='ocrx_word' id='word_1_406' title='bbox 615 4873 704 4929; x_wconf 88' lang='lat' dir='ltr'><strong>I2.</strong></span> <span class='ocrx_word' id='word_1_407' title='bbox 739 4875 830 4946; x_wconf 80' lang='grc'><strong>5).</strong></span> <span class='ocrx_word' id='word_1_408' title='bbox 873 4873 964 4930; x_wconf 86' lang='lat'><strong>26.</strong></span> <span class='ocrx_word' id='word_1_409' title='bbox 1018 4872 1169 4929; x_wconf 86' lang='lat' dir='ltr'><strong>Vobis</strong></span> <span class='ocrx_word' id='word_1_410' title='bbox 1211 4875 1466 4945; x_wconf 82' lang='lat' dir='ltr'><strong>primum,</strong></span> <span class='ocrx_word' id='word_1_411' title='bbox 1509 4875 1718 4944; x_wconf 87' lang='lat' dir='ltr'><strong>inquit,</strong></span> <span class='ocrx_word' id='word_1_412' title='bbox 1761 4874 1902 4932; x_wconf 77' lang='lat' dir='ltr'><strong>Deus</strong></span> 
     </span>
    </p>
   </div>
   <div class='ocr_carea' id='block_1_52' title="bbox 323 4965 1900 5038">
    <p class='ocr_par' dir='ltr' id='par_1_52' title="bbox 323 4965 1900 5038">
     <span class='ocr_line' id='line_1_52' title="bbox 323 4965 1900 5038; baseline 0.003 -19"><span class='ocrx_word' id='word_1_413' title='bbox 323 4978 563 5022; x_wconf 76' lang='lat' dir='ltr'><strong>suscitans</strong></span> <span class='ocrx_word' id='word_1_414' title='bbox 587 4965 784 5022; x_wconf 84' lang='lat' dir='ltr'><strong>Filium</strong></span> <span class='ocrx_word' id='word_1_415' title='bbox 807 4982 976 5034; x_wconf 87' lang='lat' dir='ltr'><strong>suum,</strong></span> <span class='ocrx_word' id='word_1_416' title='bbox 1004 4968 1159 5022; x_wconf 85' lang='lat' dir='ltr'><strong>misit.</strong></span> <span class='ocrx_word' id='word_1_417' title='bbox 1192 4967 1384 5038; x_wconf 89' lang='lat' dir='ltr'><strong>Utique</strong></span> <span class='ocrx_word' id='word_1_418' title='bbox 1411 4975 1466 5023; x_wconf 90' lang='lat' dir='ltr'><strong>et</strong></span> <span class='ocrx_word' id='word_1_419' title='bbox 1492 4967 1652 5033; x_wconf 90' lang='lat' dir='ltr'><strong>aliis;</strong></span> <span class='ocrx_word' id='word_1_420' title='bbox 1681 4966 1778 5023; x_wconf 89' lang='lat' dir='ltr'><strong>sed</strong></span> <span class='ocrx_word' id='word_1_421' title='bbox 1801 4983 1900 5024; x_wconf 90' lang='lat' dir='ltr'><strong>vo-</strong></span> 
     </span>
    </p>
   </div>
   <div class='ocr_carea' id='block_1_53' title="bbox 328 5056 1903 5130">
    <p class='ocr_par' dir='ltr' id='par_1_53' title="bbox 328 5056 1903 5130">
     <span class='ocr_line' id='line_1_53' title="bbox 328 5056 1903 5130; baseline 0.003 -19"><span class='ocrx_word' id='word_1_422' title='bbox 328 5056 409 5113; x_wconf 83' lang='lat' dir='ltr'><strong>bis</strong></span> <span class='ocrx_word' id='word_1_423' title='bbox 432 5059 654 5129; x_wconf 85' lang='lat' dir='ltr'><strong>primum</strong></span> <span class='ocrx_word' id='word_1_424' title='bbox 675 5099 690 5125; x_wconf 87' lang='lat'><strong>,</strong></span> <span class='ocrx_word' id='word_1_425' title='bbox 718 5059 806 5130; x_wconf 88' lang='lat' dir='ltr'><strong>qui</strong></span> <span class='ocrx_word' id='word_1_426' title='bbox 837 5059 1196 5116; x_wconf 87' lang='lat' dir='ltr'><strong>cruciﬁxistis.</strong></span> <span class='ocrx_word' id='word_1_427' title='bbox 1239 5059 1623 5115; x_wconf 83' lang='lat' dir='ltr'><strong>Benedicentem</strong></span> <span class='ocrx_word' id='word_1_428' title='bbox 1651 5061 1824 5127; x_wconf 84' lang='lat' dir='ltr'><strong>vobis;</strong></span> <span class='ocrx_word' id='word_1_429' title='bbox 1848 5071 1903 5115; x_wconf 88' lang='lat' dir='ltr'><strong>ut</strong></span> 
     </span>
    </p>
   </div>
   <div class='ocr_carea' id='block_1_54' title="bbox 323 5155 1904 5226">
    <p class='ocr_par' dir='ltr' id='par_1_54' title="bbox 323 5155 1904 5226">
     <span class='ocr_line' id='line_1_54' title="bbox 323 5155 1904 5226; baseline 0.001 -18"><span class='ocrx_word' id='word_1_430' title='bbox 323 5164 568 5209; x_wconf 70' lang='lat' dir='ltr'><strong>convertat</strong></span> <span class='ocrx_word' id='word_1_431' title='bbox 584 5173 638 5212; x_wconf 85' lang='lat' dir='ltr'><strong>se</strong></span> <span class='ocrx_word' id='word_1_432' title='bbox 656 5155 993 5226; x_wconf 80' lang='lat' dir='ltr'><strong>unusquisque</strong></span> <span class='ocrx_word' id='word_1_433' title='bbox 1020 5173 1052 5208; x_wconf 89' lang='lat' dir='ltr'><strong>a</strong></span> <span class='ocrx_word' id='word_1_434' title='bbox 1076 5155 1298 5226; x_wconf 82' lang='lat' dir='ltr'><strong>nequitia</strong></span> <span class='ocrx_word' id='word_1_435' title='bbox 1319 5172 1434 5210; x_wconf 87' lang='lat' dir='ltr'><strong>sua.</strong></span> <span class='ocrx_word' id='word_1_436' title='bbox 1459 5155 1588 5224; x_wconf 77' lang='lat' dir='ltr'><strong>Qua:</strong></span> <span class='ocrx_word' id='word_1_437' title='bbox 1617 5155 1751 5211; x_wconf 88' lang='lat' dir='ltr'><strong>lecta</strong></span> <span class='ocrx_word' id='word_1_438' title='bbox 1777 5163 1904 5212; x_wconf 83' lang='lat' dir='ltr'><strong>sunt</strong></span> 
     </span>
    </p>
   </div>
   <div class='ocr_carea' id='block_1_55' title="bbox 314 5249 1904 5320">
    <p class='ocr_par' dir='ltr' id='par_1_55' title="bbox 314 5249 1904 5320">
     <span class='ocr_line' id='line_1_55' title="bbox 314 5249 1904 5320; baseline 0 -16"><span class='ocrx_word' id='word_1_439' title='bbox 314 5251 614 5306; x_wconf 81' lang='lat' dir='ltr'><strong>accuratius</strong></span> <span class='ocrx_word' id='word_1_440' title='bbox 656 5259 982 5320; x_wconf 86' lang='lat' dir='ltr'><strong>repetamus.</strong></span> <span class='ocrx_word' id='word_1_441' title='bbox 1025 5249 1267 5305; x_wconf 87' lang='lat' dir='ltr'><strong>Suadere</strong></span> <span class='ocrx_word' id='word_1_442' title='bbox 1309 5260 1569 5316; x_wconf 88' lang='lat' dir='ltr'><strong>conatur,</strong></span> <span class='ocrx_word' id='word_1_443' title='bbox 1612 5264 1719 5306; x_wconf 91' lang='lat' dir='ltr'><strong>non</strong></span> <span class='ocrx_word' id='word_1_444' title='bbox 1759 5250 1904 5319; x_wconf 89' lang='lat' dir='ltr'><strong>ipsos</strong></span> 
     </span>
    </p>
   </div>
   <div class='ocr_carea' id='block_1_56' title="bbox 314 5342 1905 5409">
    <p class='ocr_par' dir='ltr' id='par_1_56' title="bbox 314 5342 1905 5409">
     <span class='ocr_line' id='line_1_56' title="bbox 314 5342 1905 5409; baseline 0.001 -13"><span class='ocrx_word' id='word_1_445' title='bbox 314 5343 632 5399; x_wconf 80' lang='lat' dir='ltr'><strong>miraculum</strong></span> <span class='ocrx_word' id='word_1_446' title='bbox 675 5342 903 5408; x_wconf 79' lang='lat' dir='ltr'><strong>fecisse,</strong></span> <span class='ocrx_word' id='word_1_447' title='bbox 934 5359 1057 5399; x_wconf 86' lang='lat' dir='ltr'><strong>cum</strong></span> <span class='ocrx_word' id='word_1_448' title='bbox 1083 5342 1245 5404; x_wconf 84' lang='lat' dir='ltr'><strong>dicit,</strong></span> <span class='ocrx_word' id='word_1_449' title='bbox 1286 5342 1422 5409; x_wconf 83' lang='lat' dir='ltr'><strong>Quid</strong></span> <span class='ocrx_word' id='word_1_450' title='bbox 1464 5342 1758 5396; x_wconf 83' lang='lat' dir='ltr'><strong>miramini?</strong></span> <span class='ocrx_word' id='word_1_451' title='bbox 1795 5342 1905 5398; x_wconf 86' lang='lat' dir='ltr'><strong>Nec</strong></span> 
     </span>
    </p>
   </div>
   <div class='ocr_carea' id='block_1_57' title="bbox 316 5433 1903 5504">
    <p class='ocr_par' dir='ltr' id='par_1_57' title="bbox 316 5433 1903 5504">
     <span class='ocr_line' id='line_1_57' title="bbox 316 5433 1903 5504; baseline 0.001 -16"><span class='ocrx_word' id='word_1_452' title='bbox 316 5435 577 5504; x_wconf 85' lang='lat' dir='ltr'><strong>permittit</strong></span> <span class='ocrx_word' id='word_1_453' title='bbox 605 5443 661 5490; x_wconf 92' lang='lat' dir='ltr'><strong>ut</strong></span> <span class='ocrx_word' id='word_1_454' title='bbox 689 5435 833 5491; x_wconf 90' lang='lat' dir='ltr'><strong>dicto</strong></span> <span class='ocrx_word' id='word_1_455' title='bbox 863 5434 994 5490; x_wconf 89' lang='lat' dir='ltr'><strong>ﬁdes</strong></span> <span class='ocrx_word' id='word_1_456' title='bbox 1025 5449 1128 5490; x_wconf 89' lang='lat' dir='ltr'><strong>non</strong></span> <span class='ocrx_word' id='word_1_457' title='bbox 1169 5433 1448 5490; x_wconf 84' lang='lat' dir='ltr'><strong>habeatur.</strong></span> <span class='ocrx_word' id='word_1_458' title='bbox 1492 5436 1664 5502; x_wconf 82' lang='lat' dir='ltr'><strong>Atque</strong></span> <span class='ocrx_word' id='word_1_459' title='bbox 1691 5442 1745 5489; x_wconf 91' lang='lat' dir='ltr'><strong>ut</strong></span> <span class='ocrx_word' id='word_1_460' title='bbox 1775 5433 1903 5490; x_wconf 87' lang='lat' dir='ltr'><strong>illud</strong></span> 
     </span>
    </p>
   </div>
   <div class='ocr_carea' id='block_1_58' title="bbox 317 5527 1901 5598">
    <p class='ocr_par' dir='ltr' id='par_1_58' title="bbox 317 5527 1901 5598">
     <span class='ocr_line' id='line_1_58' title="bbox 317 5527 1901 5598; baseline 0.001 -18"><span class='ocrx_word' id='word_1_461' title='bbox 317 5527 421 5582; x_wconf 75' lang='lat' dir='ltr'><strong>fide</strong></span> <span class='ocrx_word' id='word_1_462' title='bbox 456 5527 669 5598; x_wconf 80' lang='lat' dir='ltr'><strong>dignius</strong></span> <span class='ocrx_word' id='word_1_463' title='bbox 709 5528 993 5593; x_wconf 85' lang='lat' dir='ltr'><strong>redderet,</strong></span> <span class='ocrx_word' id='word_1_464' title='bbox 1036 5528 1248 5583; x_wconf 88' lang='lat' dir='ltr'><strong>illorum</strong></span> <span class='ocrx_word' id='word_1_465' title='bbox 1291 5527 1551 5597; x_wconf 80' lang='lat' dir='ltr'><strong>judicium</strong></span> <span class='ocrx_word' id='word_1_466' title='bbox 1596 5527 1901 5597; x_wconf 72' lang='lat' dir='ltr'><strong>praevertit,</strong></span> 
     </span>
    </p>
   </div>
   <div class='ocr_carea' id='block_1_59' title="bbox 316 5617 1908 5689">
    <p class='ocr_par' dir='ltr' id='par_1_59' title="bbox 316 5617 1908 5689">
     <span class='ocr_line' id='line_1_59' title="bbox 316 5617 1908 5689; baseline 0 -17"><span class='ocrx_word' id='word_1_467' title='bbox 316 5617 502 5673; x_wconf 85' lang='lat' dir='ltr'><strong>dicens</strong></span> <span class='ocrx_word' id='word_1_468' title='bbox 533 5635 547 5673; x_wconf 94' lang='lat'>:</span> <span class='ocrx_word' id='word_1_469' title='bbox 579 5619 716 5689; x_wconf 83' lang='lat' dir='ltr'><strong>Quid</strong></span> <span class='ocrx_word' id='word_1_470' title='bbox 744 5635 838 5674; x_wconf 89' lang='lat' dir='ltr'><strong>nos</strong></span> <span class='ocrx_word' id='word_1_471' title='bbox 868 5618 1163 5684; x_wconf 82' lang='lat' dir='ltr'><strong>intuemini,</strong></span> <span class='ocrx_word' id='word_1_472' title='bbox 1193 5617 1337 5683; x_wconf 86' lang='lat' dir='ltr'><strong>quasi</strong></span> <span class='ocrx_word' id='word_1_473' title='bbox 1375 5617 1584 5688; x_wconf 84' lang='lat' dir='ltr'><strong>prapria</strong></span> <span class='ocrx_word' id='word_1_474' title='bbox 1617 5617 1799 5672; x_wconf 88' lang='lat' dir='ltr'><strong>virtute</strong></span> <span class='ocrx_word' id='word_1_475' title='bbox 1830 5619 1908 5673; x_wconf 87' lang='lat' dir='ltr'><strong>vel</strong></span> 
     </span>
    </p>
   </div>
   <div class='ocr_carea' id='block_1_60' title="bbox 317 5707 1903 5783">
    <p class='ocr_par' dir='ltr' id='par_1_60' title="bbox 317 5707 1903 5783">
     <span class='ocr_line' id='line_1_60' title="bbox 317 5707 1903 5783; baseline -0.001 -21"><span class='ocrx_word' id='word_1_476' title='bbox 317 5708 502 5779; x_wconf 81' lang='lat' dir='ltr'><strong>pietate</strong></span> <span class='ocrx_word' id='word_1_477' title='bbox 518 5711 822 5783; x_wconf 77' lang='lat' dir='ltr'><strong>fecerimus?</strong></span> <span class='ocrx_word' id='word_1_478' title='bbox 847 5709 902 5764; x_wconf 87' lang='lat' dir='ltr'><strong>Si</strong></span> <span class='ocrx_word' id='word_1_479' title='bbox 935 5707 1037 5764; x_wconf 89' lang='lat' dir='ltr'><strong>hoc</strong></span> <span class='ocrx_word' id='word_1_480' title='bbox 1062 5723 1156 5763; x_wconf 92' lang='lat' dir='ltr'><strong>vos</strong></span> <span class='ocrx_word' id='word_1_481' title='bbox 1187 5716 1353 5764; x_wconf 88' lang='lat' dir='ltr'><strong>terret</strong></span> <span class='ocrx_word' id='word_1_482' title='bbox 1377 5716 1433 5763; x_wconf 89' lang='lat' dir='ltr'><strong>et</strong></span> <span class='ocrx_word' id='word_1_483' title='bbox 1459 5707 1660 5772; x_wconf 87' lang='lat' dir='ltr'><strong>turbat,</strong></span> <span class='ocrx_word' id='word_1_484' title='bbox 1691 5707 1903 5770; x_wconf 88' lang='lat' dir='ltr'><strong>discite,</strong></span> 
     </span>
    </p>
   </div>
   <div class='ocr_carea' id='block_1_61' title="bbox 313 5799 1902 5874">
    <p class='ocr_par' dir='ltr' id='par_1_61' title="bbox 313 5799 1902 5874">
     <span class='ocr_line' id='line_1_61' title="bbox 313 5799 1902 5874; baseline -0.008 -9"><span class='ocrx_word' id='word_1_485' title='bbox 313 5802 432 5865; x_wconf 70' lang='lat' dir='ltr'><strong>Quis</strong></span> <span class='ocrx_word' id='word_1_486' title='bbox 466 5801 647 5862; x_wconf 76' lang='lat' dir='ltr'><strong>iecerit</strong></span> <span class='ocrx_word' id='word_1_487' title='bbox 669 5846 685 5874; x_wconf 94' lang='lat'><strong>,</strong></span> <span class='ocrx_word' id='word_1_488' title='bbox 718 5813 775 5862; x_wconf 89' lang='lat' dir='ltr'><strong>et</strong></span> <span class='ocrx_word' id='word_1_489' title='bbox 818 5817 886 5858; x_wconf 84' lang='lat' dir='ltr'><strong>ne</strong></span> <span class='ocrx_word' id='word_1_490' title='bbox 922 5801 1297 5871; x_wconf 85' lang='lat' dir='ltr'><strong>obstupescite.</strong></span> <span class='ocrx_word' id='word_1_491' title='bbox 1328 5799 1394 5855; x_wconf 82' lang='lat' dir='ltr'><strong>Et</strong></span> <span class='ocrx_word' id='word_1_492' title='bbox 1421 5799 1523 5855; x_wconf 89' lang='lat' dir='ltr'><strong>hoc</strong></span> <span class='ocrx_word' id='word_1_493' title='bbox 1553 5799 1749 5870; x_wconf 87' lang='lat' dir='ltr'><strong>ubique</strong></span> <span class='ocrx_word' id='word_1_494' title='bbox 1779 5814 1902 5870; x_wconf 79' lang='lat' dir='ltr'><strong>pcr~</strong></span> 
     </span>
    </p>
   </div>
   <div class='ocr_carea' id='block_1_62' title="bbox 2009 424 3600 498">
    <p class='ocr_par' dir='ltr' id='par_1_62' title="bbox 2009 424 3600 498">
     <span class='ocr_line' id='line_1_62' title="bbox 2009 424 3600 498; baseline 0.003 -18"><span class='ocrx_word' id='word_1_495' title='bbox 2009 424 2185 497; x_wconf 88' lang='lat' dir='ltr'><strong>pende</strong></span> <span class='ocrx_word' id='word_1_496' title='bbox 2211 426 2340 483; x_wconf 88' lang='lat' dir='ltr'><strong>:ubi</strong></span> <span class='ocrx_word' id='word_1_497' title='bbox 2365 425 2432 482; x_wconf 92' lang='lat' dir='ltr'><strong>ad</strong></span> <span class='ocrx_word' id='word_1_498' title='bbox 2459 426 2627 482; x_wconf 89' lang='lat' dir='ltr'><strong>Deum</strong></span> <span class='ocrx_word' id='word_1_499' title='bbox 2657 425 2914 498; x_wconf 88' lang='lat' dir='ltr'><strong>confugit,</strong></span> <span class='ocrx_word' id='word_1_500' title='bbox 2941 426 3180 497; x_wconf 85' lang='lat' dir='ltr'><strong>dixitque</strong></span> <span class='ocrx_word' id='word_1_501' title='bbox 3203 427 3375 496; x_wconf 84' lang='lat' dir='ltr'><strong>ipsum</strong></span> <span class='ocrx_word' id='word_1_502' title='bbox 3405 427 3600 485; x_wconf 84' lang='lat' dir='ltr'><strong>fecis-e</strong></span> 
     </span>
    </p>
   </div>
   <div class='ocr_carea' id='block_1_63' title="bbox 2007 519 3600 592">
    <p class='ocr_par' dir='ltr' id='par_1_63' title="bbox 2007 519 3600 592">
     <span class='ocr_line' id='line_1_63' title="bbox 2007 519 3600 592; baseline 0.003 -19"><span class='ocrx_word' id='word_1_503' title='bbox 2007 519 2221 585; x_wconf 89' lang='lat' dir='ltr'><strong>omnia;</strong></span> <span class='ocrx_word' id='word_1_504' title='bbox 2244 529 2370 575; x_wconf 90' lang='lat' dir='ltr'><strong>tunc</strong></span> <span class='ocrx_word' id='word_1_505' title='bbox 2395 519 2516 576; x_wconf 90' lang='lat' dir='ltr'><strong>illos</strong></span> <span class='ocrx_word' id='word_1_506' title='bbox 2540 519 2659 576; x_wconf 86' lang='lat' dir='ltr'><strong>sine</strong></span> <span class='ocrx_word' id='word_1_507' title='bbox 2685 529 2828 576; x_wconf 87' lang='lat' dir='ltr'><strong>metu</strong></span> <span class='ocrx_word' id='word_1_508' title='bbox 2856 521 3183 592; x_wconf 83' lang='lat' dir='ltr'><strong>perstringit.</strong></span> <span class='ocrx_word' id='word_1_509' title='bbox 3209 520 3333 577; x_wconf 86' lang='lat' dir='ltr'><strong>Ideo</strong></span> <span class='ocrx_word' id='word_1_510' title='bbox 3355 526 3600 592; x_wconf 87' lang='lat' dir='ltr'><strong>superius</strong></span> 
     </span>
    </p>
   </div>
   <div class='ocr_carea' id='block_1_64' title="bbox 2007 613 3602 686">
    <p class='ocr_par' dir='ltr' id='par_1_64' title="bbox 2007 613 3602 686">
     <span class='ocr_line' id='line_1_64' title="bbox 2007 613 3602 686; baseline 0.003 -18"><span class='ocrx_word' id='word_1_511' title='bbox 2007 613 2238 670; x_wconf 89' lang='lat' dir='ltr'><strong>dicebat.</strong></span> <span class='ocrx_word' id='word_1_512' title='bbox 2270 613 2448 670; x_wconf 84' lang='lat' dir='ltr'><strong>Virum</strong></span> <span class='ocrx_word' id='word_1_513' title='bbox 2476 615 2809 685; x_wconf 85' lang='lat' dir='ltr'><strong>approbatum</strong></span> <span class='ocrx_word' id='word_1_514' title='bbox 2835 633 2869 670; x_wconf 89' lang='lat' dir='ltr'><strong>a</strong></span> <span class='ocrx_word' id='word_1_515' title='bbox 2898 615 3005 670; x_wconf 89' lang='lat' dir='ltr'><strong>Deo</strong></span> <span class='ocrx_word' id='word_1_516' title='bbox 3034 616 3086 670; x_wconf 88' lang='lat' dir='ltr'><strong>in</strong></span> <span class='ocrx_word' id='word_1_517' title='bbox 3123 614 3281 670; x_wconf 88' lang='lat' dir='ltr'><strong>vobis.</strong></span> <span class='ocrx_word' id='word_1_518' title='bbox 3311 616 3377 671; x_wconf 87' lang='lat' dir='ltr'><strong>Et</strong></span> <span class='ocrx_word' id='word_1_519' title='bbox 3405 616 3602 686; x_wconf 89' lang='lat' dir='ltr'><strong>ubique</strong></span> 
     </span>
    </p>
   </div>
   <div class='ocr_carea' id='block_1_65' title="bbox 2007 708 3596 776">
    <p class='ocr_par' dir='ltr' id='par_1_65' title="bbox 2007 708 3596 776">
     <span class='ocr_line' id='line_1_65' title="bbox 2007 708 3596 776; baseline -0.001 -14"><span class='ocrx_word' id='word_1_520' title='bbox 2007 708 2114 764; x_wconf 89' lang='lat' dir='ltr'><strong>illis</strong></span> <span class='ocrx_word' id='word_1_521' title='bbox 2144 708 2244 764; x_wconf 89' lang='lat' dir='ltr'><strong>hoc</strong></span> <span class='ocrx_word' id='word_1_522' title='bbox 2274 709 2481 766; x_wconf 82' lang='lat' dir='ltr'><strong>facinus</strong></span> <span class='ocrx_word' id='word_1_523' title='bbox 2519 719 2941 776; x_wconf 88' lang='lat' dir='ltr'><strong>commemorat,</strong></span> <span class='ocrx_word' id='word_1_524' title='bbox 2972 719 3029 764; x_wconf 93' lang='lat' dir='ltr'><strong>ut</strong></span> <span class='ocrx_word' id='word_1_525' title='bbox 3065 709 3382 764; x_wconf 87' lang='lat' dir='ltr'><strong>miraculum</strong></span> <span class='ocrx_word' id='word_1_526' title='bbox 3413 718 3546 764; x_wconf 68' lang='lat' dir='ltr'><strong>oste:</strong></span> <span class='ocrx_word' id='word_1_527' title='bbox 3566 731 3596 743; x_wconf 90' lang='lat'><strong>-</strong></span> 
     </span>
    </p>
   </div>
   <div class='ocr_carea' id='block_1_66' title="bbox 2007 797 3602 867">
    <p class='ocr_par' dir='ltr' id='par_1_66' title="bbox 2007 797 3602 867">
     <span class='ocr_line' id='line_1_66' title="bbox 2007 797 3602 867; baseline -0.001 -14"><span class='ocrx_word' id='word_1_528' title='bbox 2007 797 2184 867; x_wconf 89' lang='lat' dir='ltr'><strong>datur,</strong></span> <span class='ocrx_word' id='word_1_529' title='bbox 2217 808 2271 856; x_wconf 89' lang='lat' dir='ltr'><strong>et</strong></span> <span class='ocrx_word' id='word_1_530' title='bbox 2297 802 2621 857; x_wconf 88' lang='lat' dir='ltr'><strong>resurrectio</strong></span> <span class='ocrx_word' id='word_1_531' title='bbox 2653 802 2912 862; x_wconf 86' lang='lat' dir='ltr'><strong>ﬁrmetur.</strong></span> <span class='ocrx_word' id='word_1_532' title='bbox 2945 801 3042 856; x_wconf 86' lang='lat' dir='ltr'><strong>Hic</strong></span> <span class='ocrx_word' id='word_1_533' title='bbox 3069 811 3245 856; x_wconf 89' lang='lat' dir='ltr'><strong>autem</strong></span> <span class='ocrx_word' id='word_1_534' title='bbox 3273 800 3417 855; x_wconf 88' lang='lat' dir='ltr'><strong>aliud</strong></span> <span class='ocrx_word' id='word_1_535' title='bbox 3445 800 3602 856; x_wconf 83' lang='lat' dir='ltr'><strong>addi-</strong></span> 
     </span>
    </p>
   </div>
   <div class='ocr_carea' id='block_1_67' title="bbox 2007 891 3598 965">
    <p class='ocr_par' dir='ltr' id='par_1_67' title="bbox 2007 891 3598 965">
     <span class='ocr_line' id='line_1_67' title="bbox 2007 891 3598 965; baseline 0.001 -19"><span class='ocrx_word' id='word_1_536' title='bbox 2007 891 2085 946; x_wconf 91' lang='lat' dir='ltr'><strong>dit</strong></span> <span class='ocrx_word' id='word_1_537' title='bbox 2115 908 2132 948; x_wconf 86' lang='lat'><strong>:</strong></span> <span class='ocrx_word' id='word_1_538' title='bbox 2158 907 2264 948; x_wconf 92' lang='lat' dir='ltr'><strong>non</strong></span> <span class='ocrx_word' id='word_1_539' title='bbox 2287 894 2430 950; x_wconf 90' lang='lat' dir='ltr'><strong>enim</strong></span> <span class='ocrx_word' id='word_1_540' title='bbox 2457 894 2567 965; x_wconf 86' lang='lat' dir='ltr'><strong>jam</strong></span> <span class='ocrx_word' id='word_1_541' title='bbox 2596 894 2745 950; x_wconf 89' lang='lat' dir='ltr'><strong>illum</strong></span> <span class='ocrx_word' id='word_1_542' title='bbox 2770 894 3104 950; x_wconf 81' lang='lat' dir='ltr'><strong>Nazarenam</strong></span> <span class='ocrx_word' id='word_1_543' title='bbox 3130 894 3278 961; x_wconf 86' lang='lat' dir='ltr'><strong>dicit,</strong></span> <span class='ocrx_word' id='word_1_544' title='bbox 3309 893 3403 949; x_wconf 86' lang='lat' dir='ltr'><strong>sed</strong></span> <span class='ocrx_word' id='word_1_545' title='bbox 3428 893 3598 964; x_wconf 84' lang='lat' dir='ltr'><strong>quid?</strong></span> 
     </span>
    </p>
   </div>
   <div class='ocr_carea' id='block_1_68' title="bbox 2008 982 3599 1060">
    <p class='ocr_par' dir='ltr' id='par_1_68' title="bbox 2008 982 3599 1060">
     <span class='ocr_line' id='line_1_68' title="bbox 2008 982 3599 1060; baseline 0.003 -22"><span class='ocrx_word' id='word_1_546' title='bbox 2008 982 2185 1050; x_wconf 87' lang='lat' dir='ltr'><strong>Deus,</strong></span> <span class='ocrx_word' id='word_1_547' title='bbox 2233 986 2438 1057; x_wconf 86' lang='lat' dir='ltr'><strong>inquit,</strong></span> <span class='ocrx_word' id='word_1_548' title='bbox 2484 997 2685 1058; x_wconf 85' lang='lat' dir='ltr'><strong>patrum</strong></span> <span class='ocrx_word' id='word_1_549' title='bbox 2731 997 3020 1042; x_wconf 84' lang='lat' dir='ltr'><strong>nostrorum</strong></span> <span class='ocrx_word' id='word_1_550' title='bbox 3061 987 3364 1060; x_wconf 80' lang='lat' dir='ltr'><strong>gloriﬁcavit</strong></span> <span class='ocrx_word' id='word_1_551' title='bbox 3405 988 3599 1043; x_wconf 85' lang='lat' dir='ltr'><strong>Filium</strong></span> 
     </span>
    </p>
   </div>
   <div class='ocr_carea' id='block_1_69' title="bbox 2006 1077 2382 1134">
    <p class='ocr_par' dir='ltr' id='par_1_69' title="bbox 2006 1077 2382 1134">
     <span class='ocr_line' id='line_1_69' title="bbox 2006 1077 2382 1134; baseline 0.016 -6"><span class='ocrx_word' id='word_1_552' title='bbox 2006 1091 2154 1130; x_wconf 89' lang='lat' dir='ltr'><strong>suum</strong></span> <span class='ocrx_word' id='word_1_553' title='bbox 2182 1077 2218 1132; x_wconf 85' lang='lat' dir='ltr'><strong><em>J</em></strong></span> <span class='ocrx_word' id='word_1_554' title='bbox 2223 1095 2382 1134; x_wconf 85' lang='lat' dir='ltr'><strong>esum.</strong></span> 
     </span>
    </p>
   </div>
   <div class='ocr_carea' id='block_1_70' title="bbox 2081 1168 3596 1243">
    <p class='ocr_par' dir='ltr' id='par_1_70' title="bbox 2081 1168 3596 1243">
     <span class='ocr_line' id='line_1_70' title="bbox 2081 1168 3596 1243; baseline 0.003 -19"><span class='ocrx_word' id='word_1_555' title='bbox 2081 1168 2194 1236; x_wconf 82' lang='lat' dir='ltr'><strong>Quo</strong></span> <span class='ocrx_word' id='word_1_556' title='bbox 2220 1172 2319 1225; x_wconf 84' lang='lat' dir='ltr'><strong>ritu</strong></span> <span class='ocrx_word' id='word_1_557' title='bbox 2347 1170 2529 1227; x_wconf 83' lang='lat' dir='ltr'><strong>Petrus</strong></span> <span class='ocrx_word' id='word_1_558' title='bbox 2549 1173 2891 1227; x_wconf 85' lang='lat' dir='ltr'><strong>concionetur.</strong></span> <span class='ocrx_word' id='word_1_559' title='bbox 2916 1202 2984 1213; x_wconf 88' lang='lat'><strong>--</strong></span> <span class='ocrx_word' id='word_1_560' title='bbox 3020 1173 3169 1237; x_wconf 83' lang='lat' dir='ltr'><strong>Vide,</strong></span> <span class='ocrx_word' id='word_1_561' title='bbox 3197 1188 3355 1243; x_wconf 89' lang='lat' dir='ltr'><strong>quam</strong></span> <span class='ocrx_word' id='word_1_562' title='bbox 3384 1174 3596 1229; x_wconf 82' lang='lat' dir='ltr'><strong>alienus</strong></span> 
     </span>
    </p>
   </div>
   <div class='ocr_carea' id='block_1_71' title="bbox 2007 1265 3599 1339">
    <p class='ocr_par' dir='ltr' id='par_1_71' title="bbox 2007 1265 3599 1339">
     <span class='ocr_line' id='line_1_71' title="bbox 2007 1265 3599 1339; baseline 0.004 -21"><span class='ocrx_word' id='word_1_563' title='bbox 2007 1265 2077 1319; x_wconf 92' lang='lat' dir='ltr'><strong>sit</strong></span> <span class='ocrx_word' id='word_1_564' title='bbox 2105 1281 2134 1320; x_wconf 87' lang='lat' dir='ltr'><strong>a</strong></span> <span class='ocrx_word' id='word_1_565' title='bbox 2164 1266 2318 1320; x_wconf 84' lang='lat' dir='ltr'><strong>fastu.</strong></span> <span class='ocrx_word' id='word_1_566' title='bbox 2350 1265 2465 1322; x_wconf 90' lang='lat' dir='ltr'><strong>Non</strong></span> <span class='ocrx_word' id='word_1_567' title='bbox 2492 1268 2783 1335; x_wconf 83' lang='lat' dir='ltr'><strong>accnsavit,</strong></span> <span class='ocrx_word' id='word_1_568' title='bbox 2818 1284 2991 1339; x_wconf 86' lang='lat' dir='ltr'><strong>neque</strong></span> <span class='ocrx_word' id='word_1_569' title='bbox 3013 1285 3133 1322; x_wconf 81' lang='lat' dir='ltr'><strong>mox</strong></span> <span class='ocrx_word' id='word_1_570' title='bbox 3163 1269 3298 1324; x_wconf 74' lang='lat' dir='ltr'><strong>dixit</strong></span> <span class='ocrx_word' id='word_1_571' title='bbox 3362 1269 3427 1325; x_wconf 87' lang='lat' dir='ltr'><strong>Et</strong></span> <span class='ocrx_word' id='word_1_572' title='bbox 3458 1286 3599 1324; x_wconf 92' lang='lat' dir='ltr'><strong>nunc</strong></span> 
     </span>
    </p>
   </div>
   <div class='ocr_carea' id='block_1_72' title="bbox 2007 1356 3598 1431">
    <p class='ocr_par' dir='ltr' id='par_1_72' title="bbox 2007 1356 3598 1431">
     <span class='ocr_line' id='line_1_72' title="bbox 2007 1356 3598 1431; baseline 0.002 -20"><span class='ocrx_word' id='word_1_573' title='bbox 2007 1356 2210 1413; x_wconf 88' lang='lat' dir='ltr'><strong>credite</strong></span> <span class='ocrx_word' id='word_1_574' title='bbox 2244 1378 2258 1413; x_wconf 88' lang='lat'><strong>:</strong></span> <span class='ocrx_word' id='word_1_575' title='bbox 2289 1373 2416 1413; x_wconf 88' lang='lat' dir='ltr'><strong>ecce</strong></span> <span class='ocrx_word' id='word_1_576' title='bbox 2458 1358 2658 1426; x_wconf 89' lang='lat' dir='ltr'><strong>homo,</strong></span> <span class='ocrx_word' id='word_1_577' title='bbox 2707 1375 2828 1414; x_wconf 93' lang='lat' dir='ltr'><strong>cum</strong></span> <span class='ocrx_word' id='word_1_578' title='bbox 2886 1375 2982 1429; x_wconf 90' lang='lat' dir='ltr'><strong>per</strong></span> <span class='ocrx_word' id='word_1_579' title='bbox 3027 1361 3374 1431; x_wconf 82' lang='lat' dir='ltr'><strong>quadraginta</strong></span> <span class='ocrx_word' id='word_1_580' title='bbox 3426 1377 3598 1415; x_wconf 81' lang='lat' dir='ltr'><strong>annos</strong></span> 
     </span>
    </p>
   </div>
   <div class='ocr_carea' id='block_1_73' title="bbox 2005 1449 3596 1517">
    <p class='ocr_par' dir='ltr' id='par_1_73' title="bbox 2005 1449 3596 1517">
     <span class='ocr_line' id='line_1_73' title="bbox 2005 1449 3596 1517; baseline 0.001 -13"><span class='ocrx_word' id='word_1_581' title='bbox 2005 1449 2227 1506; x_wconf 85' lang='lat' dir='ltr'><strong>claudus</strong></span> <span class='ocrx_word' id='word_1_582' title='bbox 2255 1449 2465 1517; x_wconf 79' lang='lat' dir='ltr'><strong>fuisset,</strong></span> <span class='ocrx_word' id='word_1_583' title='bbox 2498 1451 2552 1506; x_wconf 88' lang='lat' dir='ltr'><strong>in</strong></span> <span class='ocrx_word' id='word_1_584' title='bbox 2579 1451 2796 1507; x_wconf 88' lang='lat' dir='ltr'><strong>nomine</strong></span> <span class='ocrx_word' id='word_1_585' title='bbox 2821 1451 2948 1506; x_wconf 86' lang='lat' dir='ltr'><strong>Jesu</strong></span> <span class='ocrx_word' id='word_1_586' title='bbox 2977 1452 3173 1507; x_wconf 77' lang='lat' dir='ltr'><strong>Christi</strong></span> <span class='ocrx_word' id='word_1_587' title='bbox 3196 1455 3450 1508; x_wconf 78' lang='lat' dir='ltr'><strong>surrexit.</strong></span> <span class='ocrx_word' id='word_1_588' title='bbox 3480 1451 3596 1506; x_wconf 86' lang='lat' dir='ltr'><strong>Non</strong></span> 
     </span>
    </p>
   </div>
   <div class='ocr_carea' id='block_1_74' title="bbox 2006 1540 3597 1610">
    <p class='ocr_par' dir='ltr' id='par_1_74' title="bbox 2006 1540 3597 1610">
     <span class='ocr_line' id='line_1_74' title="bbox 2006 1540 3597 1610; baseline 0.002 -16"><span class='ocrx_word' id='word_1_589' title='bbox 2006 1540 2076 1596; x_wconf 87' lang='lat' dir='ltr'><strong>ita</strong></span> <span class='ocrx_word' id='word_1_590' title='bbox 2106 1542 2278 1608; x_wconf 80' lang='lat' dir='ltr'><strong>dixit;</strong></span> <span class='ocrx_word' id='word_1_591' title='bbox 2312 1558 2433 1597; x_wconf 90' lang='lat' dir='ltr'><strong>nam</strong></span> <span class='ocrx_word' id='word_1_592' title='bbox 2475 1544 2926 1599; x_wconf 84' lang='lat' dir='ltr'><strong>contentiosinres</strong></span> <span class='ocrx_word' id='word_1_593' title='bbox 2963 1544 3086 1598; x_wconf 88' lang='lat' dir='ltr'><strong>illos</strong></span> <span class='ocrx_word' id='word_1_594' title='bbox 3120 1544 3471 1610; x_wconf 71' lang='lat' dir='ltr'><strong>reddidissrt;</strong></span> <span class='ocrx_word' id='word_1_595' title='bbox 3503 1544 3597 1598; x_wconf 88' lang='lat' dir='ltr'><strong>sed</strong></span> 
     </span>
    </p>
   </div>
   <div class='ocr_carea' id='block_1_75' title="bbox 2008 1632 3597 1706">
    <p class='ocr_par' dir='ltr' id='par_1_75' title="bbox 2008 1632 3597 1706">
     <span class='ocr_line' id='line_1_75' title="bbox 2008 1632 3597 1706; baseline 0.002 -20"><span class='ocrx_word' id='word_1_596' title='bbox 2008 1632 2218 1688; x_wconf 91' lang='lat' dir='ltr'><strong>interim</strong></span> <span class='ocrx_word' id='word_1_597' title='bbox 2247 1635 2428 1691; x_wconf 84' lang='lat' dir='ltr'><strong>laudat</strong></span> <span class='ocrx_word' id='word_1_598' title='bbox 2451 1635 2573 1692; x_wconf 91' lang='lat' dir='ltr'><strong>illos</strong></span> <span class='ocrx_word' id='word_1_599' title='bbox 2593 1677 2608 1702; x_wconf 96' lang='lat'><strong>,</strong></span> <span class='ocrx_word' id='word_1_600' title='bbox 2639 1635 2778 1706; x_wconf 88' lang='lat' dir='ltr'><strong>quod</strong></span> <span class='ocrx_word' id='word_1_601' title='bbox 2811 1652 2924 1690; x_wconf 92' lang='lat' dir='ltr'><strong>rem</strong></span> <span class='ocrx_word' id='word_1_602' title='bbox 2952 1635 3368 1691; x_wconf 87' lang='lat' dir='ltr'><strong>admirarentur.</strong></span> <span class='ocrx_word' id='word_1_603' title='bbox 3400 1636 3468 1690; x_wconf 87' lang='lat' dir='ltr'><strong>Et</strong></span> <span class='ocrx_word' id='word_1_604' title='bbox 3494 1638 3597 1689; x_wconf 84' lang='lat' dir='ltr'><strong>itc-</strong></span> 
     </span>
    </p>
   </div>
   <div class='ocr_carea' id='block_1_76' title="bbox 2008 1727 3597 1797">
    <p class='ocr_par' dir='ltr' id='par_1_76' title="bbox 2008 1727 3597 1797">
     <span class='ocr_line' id='line_1_76' title="bbox 2008 1727 3597 1797; baseline 0.002 -18"><span class='ocrx_word' id='word_1_605' title='bbox 2008 1741 2124 1780; x_wconf 82' lang='lat' dir='ltr'><strong>I‘lllll</strong></span> <span class='ocrx_word' id='word_1_606' title='bbox 2153 1742 2180 1780; x_wconf 89' lang='lat' dir='ltr'><strong>a</strong></span> <span class='ocrx_word' id='word_1_607' title='bbox 2211 1727 2548 1797; x_wconf 83' lang='lat' dir='ltr'><strong>progenitore</strong></span> <span class='ocrx_word' id='word_1_608' title='bbox 2575 1737 2748 1784; x_wconf 88' lang='lat' dir='ltr'><strong>vocat.</strong></span> <span class='ocrx_word' id='word_1_609' title='bbox 2792 1728 2899 1784; x_wconf 86' lang='lat' dir='ltr'><strong>Nec</strong></span> <span class='ocrx_word' id='word_1_610' title='bbox 2928 1728 3060 1784; x_wconf 89' lang='lat' dir='ltr'><strong>dicit</strong></span> <span class='ocrx_word' id='word_1_611' title='bbox 3091 1747 3104 1783; x_wconf 92' lang='lat'>:</span> <span class='ocrx_word' id='word_1_612' title='bbox 3137 1727 3293 1786; x_wconf 84' lang='lat' dir='ltr'><strong>Jesns</strong></span> <span class='ocrx_word' id='word_1_613' title='bbox 3322 1729 3472 1783; x_wconf 91' lang='lat' dir='ltr'><strong>illum</strong></span> <span class='ocrx_word' id='word_1_614' title='bbox 3501 1744 3597 1783; x_wconf 89' lang='lat' dir='ltr'><strong>cn-</strong></span> 
     </span>
    </p>
   </div>
   <div class='ocr_carea' id='block_1_77' title="bbox 2006 1819 3598 1889">
    <p class='ocr_par' dir='ltr' id='par_1_77' title="bbox 2006 1819 3598 1889">
     <span class='ocr_line' id='line_1_77' title="bbox 2006 1819 3598 1889; baseline 0.003 -17"><span class='ocrx_word' id='word_1_615' title='bbox 2006 1819 2163 1883; x_wconf 85' lang='lat' dir='ltr'><strong>ravit,</strong></span> <span class='ocrx_word' id='word_1_616' title='bbox 2189 1819 2315 1874; x_wconf 86' lang='lat' dir='ltr'><strong>licet</strong></span> <span class='ocrx_word' id='word_1_617' title='bbox 2340 1821 2511 1889; x_wconf 89' lang='lat' dir='ltr'><strong>ipsum</strong></span> <span class='ocrx_word' id='word_1_618' title='bbox 2538 1835 2663 1876; x_wconf 87' lang='lat' dir='ltr'><strong>vere</strong></span> <span class='ocrx_word' id='word_1_619' title='bbox 2687 1830 2958 1887; x_wconf 87' lang='lat' dir='ltr'><strong>curasset;</strong></span> <span class='ocrx_word' id='word_1_620' title='bbox 2987 1821 3080 1878; x_wconf 90' lang='lat' dir='ltr'><strong>sed</strong></span> <span class='ocrx_word' id='word_1_621' title='bbox 3109 1837 3176 1878; x_wconf 90' lang='lat' dir='ltr'><strong>ne</strong></span> <span class='ocrx_word' id='word_1_622' title='bbox 3201 1822 3462 1887; x_wconf 84' lang='lat' dir='ltr'><strong>dicerent,</strong></span> <span class='ocrx_word' id='word_1_623' title='bbox 3496 1822 3598 1877; x_wconf 78' lang='lat' dir='ltr'><strong>Ec-</strong></span> 
     </span>
    </p>
   </div>
   <div class='ocr_carea' id='block_1_78' title="bbox 2005 1910 3599 1984">
    <p class='ocr_par' dir='ltr' id='par_1_78' title="bbox 2005 1910 3599 1984">
     <span class='ocr_line' id='line_1_78' title="bbox 2005 1910 3599 1984; baseline 0.005 -23"><span class='ocrx_word' id='word_1_624' title='bbox 2005 1924 2107 1979; x_wconf 89' lang='lat' dir='ltr'><strong>qua</strong></span> <span class='ocrx_word' id='word_1_625' title='bbox 2145 1910 2257 1966; x_wconf 77' lang='lat' dir='ltr'><strong>lnec</strong></span> <span class='ocrx_word' id='word_1_626' title='bbox 2291 1913 2496 1968; x_wconf 87' lang='lat' dir='ltr'><strong>ratione</strong></span> <span class='ocrx_word' id='word_1_627' title='bbox 2534 1912 2793 1978; x_wconf 86' lang='lat' dir='ltr'><strong>nituntur,</strong></span> <span class='ocrx_word' id='word_1_628' title='bbox 2827 1913 2872 1968; x_wconf 85' lang='lat' dir='ltr'><strong>si</strong></span> <span class='ocrx_word' id='word_1_629' title='bbox 2899 1913 3365 1983; x_wconf 79' lang='lat' dir='ltr'><strong>praevaricatorem</strong></span> <span class='ocrx_word' id='word_1_630' title='bbox 3391 1914 3599 1984; x_wconf 85' lang='lat' dir='ltr'><strong>gloriﬁ-</strong></span> 
     </span>
    </p>
   </div>
   <div class='ocr_carea' id='block_1_79' title="bbox 2005 2003 3599 2076">
    <p class='ocr_par' dir='ltr' id='par_1_79' title="bbox 2005 2003 3599 2076">
     <span class='ocr_line' id='line_1_79' title="bbox 2005 2003 3599 2076; baseline 0.003 -21"><span class='ocrx_word' id='word_1_631' title='bbox 2005 2003 2124 2057; x_wconf 84' lang='lat' dir='ltr'><strong>cat?</strong></span> <span class='ocrx_word' id='word_1_632' title='bbox 2178 2003 2299 2059; x_wconf 88' lang='lat' dir='ltr'><strong>ideo</strong></span> <span class='ocrx_word' id='word_1_633' title='bbox 2341 2004 2394 2059; x_wconf 92' lang='lat' dir='ltr'><strong>in</strong></span> <span class='ocrx_word' id='word_1_634' title='bbox 2450 2015 2684 2061; x_wconf 89' lang='lat' dir='ltr'><strong>mentem</strong></span> <span class='ocrx_word' id='word_1_635' title='bbox 2733 2005 2840 2060; x_wconf 90' lang='lat' dir='ltr'><strong>illis</strong></span> <span class='ocrx_word' id='word_1_636' title='bbox 2889 2015 3106 2061; x_wconf 80' lang='lat' dir='ltr'><strong>revocat</strong></span> <span class='ocrx_word' id='word_1_637' title='bbox 3152 2006 3410 2076; x_wconf 73' lang='lat' dir='ltr'><strong>judicium</strong></span> <span class='ocrx_word' id='word_1_638' title='bbox 3459 2008 3599 2076; x_wconf 87' lang='lat' dir='ltr'><strong>apud</strong></span> 
     </span>
    </p>
   </div>
   <div class='ocr_carea' id='block_1_80' title="bbox 2007 2096 3599 2166">
    <p class='ocr_par' dir='ltr' id='par_1_80' title="bbox 2007 2096 3599 2166">
     <span class='ocr_line' id='line_1_80' title="bbox 2007 2096 3599 2166; baseline 0.004 -16"><span class='ocrx_word' id='word_1_639' title='bbox 2007 2096 2238 2151; x_wconf 86' lang='lat' dir='ltr'><strong>Pilatum</strong></span> <span class='ocrx_word' id='word_1_640' title='bbox 2274 2115 2286 2151; x_wconf 93' lang='lat'><strong>:</strong></span> <span class='ocrx_word' id='word_1_641' title='bbox 2321 2098 2634 2166; x_wconf 85' lang='lat' dir='ltr'><strong>ostendens,</strong></span> <span class='ocrx_word' id='word_1_642' title='bbox 2674 2099 2718 2152; x_wconf 91' lang='lat' dir='ltr'><strong>si</strong></span> <span class='ocrx_word' id='word_1_643' title='bbox 2759 2099 3039 2154; x_wconf 87' lang='lat' dir='ltr'><strong>attendere</strong></span> <span class='ocrx_word' id='word_1_644' title='bbox 3083 2099 3286 2164; x_wconf 87' lang='lat' dir='ltr'><strong>velint,</strong></span> <span class='ocrx_word' id='word_1_645' title='bbox 3329 2117 3431 2155; x_wconf 90' lang='lat' dir='ltr'><strong>non</strong></span> <span class='ocrx_word' id='word_1_646' title='bbox 3476 2116 3599 2156; x_wconf 73' lang='lat' dir='ltr'><strong>esse</strong></span> 
     </span>
    </p>
   </div>
   <div class='ocr_carea' id='block_1_81' title="bbox 2007 2187 3601 2261">
    <p class='ocr_par' dir='ltr' id='par_1_81' title="bbox 2007 2187 3601 2261">
     <span class='ocr_line' id='line_1_81' title="bbox 2007 2187 3601 2261; baseline 0.004 -20"><span class='ocrx_word' id='word_1_647' title='bbox 2007 2187 2154 2242; x_wconf 90' lang='lat' dir='ltr'><strong>illum</strong></span> <span class='ocrx_word' id='word_1_648' title='bbox 2191 2190 2656 2257; x_wconf 74' lang='lat' dir='ltr'><strong>praevaricatorem</strong></span> <span class='ocrx_word' id='word_1_649' title='bbox 2688 2209 2700 2244; x_wconf 94' lang='lat'>:</span> <span class='ocrx_word' id='word_1_650' title='bbox 2736 2205 2912 2261; x_wconf 90' lang='lat' dir='ltr'><strong>neque</strong></span> <span class='ocrx_word' id='word_1_651' title='bbox 2938 2191 3080 2245; x_wconf 88' lang='lat' dir='ltr'><strong>enim</strong></span> <span class='ocrx_word' id='word_1_652' title='bbox 3111 2191 3312 2246; x_wconf 77' lang='lat' dir='ltr'><strong>Pilatus</strong></span> <span class='ocrx_word' id='word_1_653' title='bbox 3341 2192 3601 2248; x_wconf 80' lang='lat' dir='ltr'><strong>voluisset</strong></span> 
     </span>
    </p>
   </div>
   <div class='ocr_carea' id='block_1_82' title="bbox 2005 2281 3600 2353">
    <p class='ocr_par' dir='ltr' id='par_1_82' title="bbox 2005 2281 3600 2353">
     <span class='ocr_line' id='line_1_82' title="bbox 2005 2281 3600 2353; baseline 0.003 -19"><span class='ocrx_word' id='word_1_654' title='bbox 2005 2294 2127 2334; x_wconf 88' lang='lat' dir='ltr'><strong>cum</strong></span> <span class='ocrx_word' id='word_1_655' title='bbox 2155 2281 2446 2337; x_wconf 89' lang='lat' dir='ltr'><strong>dimittere.</strong></span> <span class='ocrx_word' id='word_1_656' title='bbox 2478 2281 2586 2337; x_wconf 85' lang='lat' dir='ltr'><strong>Nec</strong></span> <span class='ocrx_word' id='word_1_657' title='bbox 2611 2283 2760 2348; x_wconf 89' lang='lat' dir='ltr'><strong>dicit,</strong></span> <span class='ocrx_word' id='word_1_658' title='bbox 2785 2283 3040 2350; x_wconf 75' lang='lat' dir='ltr'><strong>Volcnte;</strong></span> <span class='ocrx_word' id='word_1_659' title='bbox 3074 2282 3489 2353; x_wconf 82' lang='lat' dir='ltr'><strong>sed,_.ludicante</strong></span> <span class='ocrx_word' id='word_1_660' title='bbox 3511 2286 3600 2339; x_wconf 84' lang='lat' dir='ltr'><strong>illo</strong></span> 
     </span>
    </p>
   </div>
   <div class='ocr_carea' id='block_1_83' title="bbox 2006 2375 3597 2446">
    <p class='ocr_par' dir='ltr' id='par_1_83' title="bbox 2006 2375 3597 2446">
     <span class='ocr_line' id='line_1_83' title="bbox 2006 2375 3597 2446; baseline 0.003 -20"><span class='ocrx_word' id='word_1_661' title='bbox 2006 2375 2226 2439; x_wconf 81' lang='lat' dir='ltr'><strong>dimitti;</strong></span> <span class='ocrx_word' id='word_1_662' title='bbox 2264 2375 2547 2430; x_wconf 87' lang='lat' dir='ltr'><strong>declarans</strong></span> <span class='ocrx_word' id='word_1_663' title='bbox 2571 2391 2666 2430; x_wconf 87' lang='lat' dir='ltr'><strong>vos</strong></span> <span class='ocrx_word' id='word_1_664' title='bbox 2700 2391 2822 2430; x_wconf 91' lang='lat' dir='ltr'><strong>eum</strong></span> <span class='ocrx_word' id='word_1_665' title='bbox 2845 2417 2861 2442; x_wconf 94' lang='lat'><strong>,</strong></span> <span class='ocrx_word' id='word_1_666' title='bbox 2891 2377 2980 2446; x_wconf 89' lang='lat' dir='ltr'><strong>qui</strong></span> <span class='ocrx_word' id='word_1_667' title='bbox 3020 2375 3156 2431; x_wconf 89' lang='lat' dir='ltr'><strong>alios</strong></span> <span class='ocrx_word' id='word_1_668' title='bbox 3186 2377 3484 2442; x_wconf 87' lang='lat' dir='ltr'><strong>occidebat,</strong></span> <span class='ocrx_word' id='word_1_669' title='bbox 3513 2376 3597 2431; x_wconf 79' lang='lat' dir='ltr'><strong>di-</strong></span> 
     </span>
    </p>
   </div>
   <div class='ocr_carea' id='block_1_84' title="bbox 2006 2469 3597 2540">
    <p class='ocr_par' dir='ltr' id='par_1_84' title="bbox 2006 2469 3597 2540">
     <span class='ocr_line' id='line_1_84' title="bbox 2006 2469 3597 2540; baseline 0.001 -17"><span class='ocrx_word' id='word_1_670' title='bbox 2006 2469 2142 2524; x_wconf 89' lang='lat' dir='ltr'><strong>mitti</strong></span> <span class='ocrx_word' id='word_1_671' title='bbox 2171 2469 2418 2540; x_wconf 87' lang='lat' dir='ltr'><strong>petiisse;</strong></span> <span class='ocrx_word' id='word_1_672' title='bbox 2449 2485 2571 2524; x_wconf 92' lang='lat' dir='ltr'><strong>eum</strong></span> <span class='ocrx_word' id='word_1_673' title='bbox 2595 2483 2724 2524; x_wconf 84' lang='lat' dir='ltr'><strong>vero</strong></span> <span class='ocrx_word' id='word_1_674' title='bbox 2748 2511 2762 2536; x_wconf 90' lang='lat'><strong>,</strong></span> <span class='ocrx_word' id='word_1_675' title='bbox 2792 2469 2881 2539; x_wconf 91' lang='lat' dir='ltr'><strong>qui</strong></span> <span class='ocrx_word' id='word_1_676' title='bbox 2909 2469 3120 2524; x_wconf 86' lang='lat' dir='ltr'><strong>occisos</strong></span> <span class='ocrx_word' id='word_1_677' title='bbox 3147 2469 3213 2522; x_wconf 90' lang='lat' dir='ltr'><strong>ad</strong></span> <span class='ocrx_word' id='word_1_678' title='bbox 3244 2470 3404 2523; x_wconf 87' lang='lat' dir='ltr'><strong>vitam</strong></span> <span class='ocrx_word' id='word_1_679' title='bbox 3434 2471 3597 2524; x_wconf 89' lang='lat' dir='ltr'><strong>redu-</strong></span> 
     </span>
    </p>
   </div>
   <div class='ocr_carea' id='block_1_85' title="bbox 2006 2559 3600 2630">
    <p class='ocr_par' dir='ltr' id='par_1_85' title="bbox 2006 2559 3600 2630">
     <span class='ocr_line' id='line_1_85' title="bbox 2006 2559 3600 2630; baseline -0.003 -14"><span class='ocrx_word' id='word_1_680' title='bbox 2006 2561 2180 2629; x_wconf 88' lang='lat' dir='ltr'><strong>cebat,</strong></span> <span class='ocrx_word' id='word_1_681' title='bbox 2207 2562 2466 2617; x_wconf 89' lang='lat' dir='ltr'><strong>noluisse.</strong></span> <span class='ocrx_word' id='word_1_682' title='bbox 2509 2559 2589 2616; x_wconf 86' lang='lat' dir='ltr'><strong>Ne</strong></span> <span class='ocrx_word' id='word_1_683' title='bbox 2624 2577 2753 2617; x_wconf 86' lang='lat' dir='ltr'><strong>vero</strong></span> <span class='ocrx_word' id='word_1_684' title='bbox 2780 2561 2977 2616; x_wconf 89' lang='lat' dir='ltr'><strong>iterum</strong></span> <span class='ocrx_word' id='word_1_685' title='bbox 3008 2562 3250 2617; x_wconf 90' lang='lat' dir='ltr'><strong>dicerent</strong></span> <span class='ocrx_word' id='word_1_686' title='bbox 3276 2581 3288 2617; x_wconf 94' lang='lat'>:</span> <span class='ocrx_word' id='word_1_687' title='bbox 3317 2562 3600 2630; x_wconf 75' lang='lat' dir='ltr'><strong>Quomodo</strong></span> 
     </span>
    </p>
   </div>
   <div class='ocr_carea' id='block_1_86' title="bbox 2007 2655 3600 2726">
    <p class='ocr_par' dir='ltr' id='par_1_86' title="bbox 2007 2655 3600 2726">
     <span class='ocr_line' id='line_1_86' title="bbox 2007 2655 3600 2726; baseline 0 -16"><span class='ocrx_word' id='word_1_688' title='bbox 2007 2669 2148 2710; x_wconf 89' lang='lat' dir='ltr'><strong>nunc</strong></span> <span class='ocrx_word' id='word_1_689' title='bbox 2181 2655 2463 2726; x_wconf 84' lang='lat' dir='ltr'><strong>glorilicat,</strong></span> <span class='ocrx_word' id='word_1_690' title='bbox 2496 2656 2586 2725; x_wconf 92' lang='lat' dir='ltr'><strong>qui</strong></span> <span class='ocrx_word' id='word_1_691' title='bbox 2621 2665 2746 2711; x_wconf 89' lang='lat' dir='ltr'><strong>tunc</strong></span> <span class='ocrx_word' id='word_1_692' title='bbox 2773 2671 2878 2711; x_wconf 90' lang='lat' dir='ltr'><strong>non</strong></span> <span class='ocrx_word' id='word_1_693' title='bbox 2908 2655 3146 2726; x_wconf 85' lang='lat' dir='ltr'><strong>adjuvit?</strong></span> <span class='ocrx_word' id='word_1_694' title='bbox 3171 2656 3448 2710; x_wconf 89' lang='lat' dir='ltr'><strong>adducunt</strong></span> <span class='ocrx_word' id='word_1_695' title='bbox 3479 2671 3600 2726; x_wconf 91' lang='lat' dir='ltr'><strong>pro-</strong></span> 
     </span>
    </p>
   </div>
   <div class='ocr_carea' id='block_1_87' title="bbox 2008 2747 3600 2817">
    <p class='ocr_par' dir='ltr' id='par_1_87' title="bbox 2008 2747 3600 2817">
     <span class='ocr_line' id='line_1_87' title="bbox 2008 2747 3600 2817; baseline 0.001 -16"><span class='ocrx_word' id='word_1_696' title='bbox 2008 2747 2196 2817; x_wconf 89' lang='lat' dir='ltr'><strong>phetas</strong></span> <span class='ocrx_word' id='word_1_697' title='bbox 2238 2747 2621 2814; x_wconf 86' lang='lat' dir='ltr'><strong>testificantcs,</strong></span> <span class='ocrx_word' id='word_1_698' title='bbox 2650 2748 2728 2802; x_wconf 91' lang='lat' dir='ltr'><strong>sic</strong></span> <span class='ocrx_word' id='word_1_699' title='bbox 2753 2747 3058 2816; x_wconf 90' lang='lat' dir='ltr'><strong>oportuisse</strong></span> <span class='ocrx_word' id='word_1_700' title='bbox 3091 2747 3228 2803; x_wconf 86' lang='lat' dir='ltr'><strong>ﬁeri.</strong></span> <span class='ocrx_word' id='word_1_701' title='bbox 3283 2748 3502 2815; x_wconf 84' lang='lat' dir='ltr'><strong>Deinde,</strong></span> <span class='ocrx_word' id='word_1_702' title='bbox 3534 2765 3600 2803; x_wconf 88' lang='lat' dir='ltr'><strong>ne</strong></span> 
     </span>
    </p>
   </div>
   <div class='ocr_carea' id='block_1_88' title="bbox 2007 2839 3597 2910">
    <p class='ocr_par' dir='ltr' id='par_1_88' title="bbox 2007 2839 3597 2910">
     <span class='ocr_line' id='line_1_88' title="bbox 2007 2839 3597 2910; baseline -0.001 -15"><span class='ocrx_word' id='word_1_703' title='bbox 2007 2847 2260 2910; x_wconf 87' lang='lat' dir='ltr'><strong>putarent</strong></span> <span class='ocrx_word' id='word_1_704' title='bbox 2283 2839 2376 2894; x_wconf 91' lang='lat' dir='ltr'><strong>Dei</strong></span> <span class='ocrx_word' id='word_1_705' title='bbox 2397 2839 2755 2895; x_wconf 71' lang='lat' dir='ltr'><strong>mcenomiatn</strong></span> <span class='ocrx_word' id='word_1_706' title='bbox 2776 2839 3013 2909; x_wconf 81' lang='lat' dir='ltr'><strong>ipsorum</strong></span> <span class='ocrx_word' id='word_1_707' title='bbox 3030 2841 3432 2895; x_wconf 86' lang='lat' dir='ltr'><strong>excusationem</strong></span> <span class='ocrx_word' id='word_1_708' title='bbox 3455 2855 3597 2906; x_wconf 89' lang='lat' dir='ltr'><strong>esse,</strong></span> 
     </span>
    </p>
   </div>
   <div class='ocr_carea' id='block_1_89' title="bbox 2008 2929 3598 3003">
    <p class='ocr_par' dir='ltr' id='par_1_89' title="bbox 2008 2929 3598 3003">
     <span class='ocr_line' id='line_1_89' title="bbox 2008 2929 3598 3003; baseline 0.001 -19"><span class='ocrx_word' id='word_1_709' title='bbox 2008 2930 2156 3000; x_wconf 89' lang='lat' dir='ltr'><strong>prius</strong></span> <span class='ocrx_word' id='word_1_710' title='bbox 2185 2930 2307 2988; x_wconf 92' lang='lat' dir='ltr'><strong>illos</strong></span> <span class='ocrx_word' id='word_1_711' title='bbox 2337 2930 2667 3003; x_wconf 83' lang='lat' dir='ltr'><strong>perstringit.</strong></span> <span class='ocrx_word' id='word_1_712' title='bbox 2711 2929 2778 2985; x_wconf 88' lang='lat' dir='ltr'><strong>Et</strong></span> <span class='ocrx_word' id='word_1_713' title='bbox 2815 2931 2957 3000; x_wconf 90' lang='lat' dir='ltr'><strong>quod</strong></span> <span class='ocrx_word' id='word_1_714' title='bbox 3009 2931 3062 2987; x_wconf 93' lang='lat' dir='ltr'><strong>in</strong></span> <span class='ocrx_word' id='word_1_715' title='bbox 3106 2941 3396 3002; x_wconf 85' lang='lat' dir='ltr'><strong>conspectu</strong></span> <span class='ocrx_word' id='word_1_716' title='bbox 3445 2932 3598 2988; x_wconf 79' lang='lat' dir='ltr'><strong>Pilati</strong></span> 
     </span>
    </p>
   </div>
   <div class='ocr_carea' id='block_1_90' title="bbox 2010 3023 3597 3095">
    <p class='ocr_par' dir='ltr' id='par_1_90' title="bbox 2010 3023 3597 3095">
     <span class='ocr_line' id='line_1_90' title="bbox 2010 3023 3597 3095; baseline 0.002 -18"><span class='ocrx_word' id='word_1_717' title='bbox 2010 3031 2294 3095; x_wconf 89' lang='lat' dir='ltr'><strong>negassent</strong></span> <span class='ocrx_word' id='word_1_718' title='bbox 2324 3023 2441 3079; x_wconf 87' lang='lat' dir='ltr'><strong>leve</strong></span> <span class='ocrx_word' id='word_1_719' title='bbox 2469 3038 2577 3078; x_wconf 91' lang='lat' dir='ltr'><strong>non</strong></span> <span class='ocrx_word' id='word_1_720' title='bbox 2615 3031 2732 3079; x_wconf 90' lang='lat' dir='ltr'><strong>erat</strong></span> <span class='ocrx_word' id='word_1_721' title='bbox 2754 3065 2769 3090; x_wconf 93' lang='lat'><strong>,</strong></span> <span class='ocrx_word' id='word_1_722' title='bbox 2801 3038 2923 3080; x_wconf 91' lang='lat' dir='ltr'><strong>cum</strong></span> <span class='ocrx_word' id='word_1_723' title='bbox 2953 3023 3066 3094; x_wconf 90' lang='lat' dir='ltr'><strong>ipse</strong></span> <span class='ocrx_word' id='word_1_724' title='bbox 3092 3023 3254 3080; x_wconf 85' lang='lat' dir='ltr'><strong>vellet</strong></span> <span class='ocrx_word' id='word_1_725' title='bbox 3281 3025 3553 3080; x_wconf 87' lang='lat' dir='ltr'><strong>dimittere</strong></span> <span class='ocrx_word' id='word_1_726' title='bbox 3582 3043 3597 3080; x_wconf 87' lang='lat'><strong><em>:</em></strong></span> 
     </span>
    </p>
   </div>
   <div class='ocr_carea' id='block_1_91' title="bbox 2007 3115 3596 3188">
    <p class='ocr_par' dir='ltr' id='par_1_91' title="bbox 2007 3115 3596 3188">
     <span class='ocr_line' id='line_1_91' title="bbox 2007 3115 3596 3188; baseline 0 -16"><span class='ocrx_word' id='word_1_727' title='bbox 2007 3115 2257 3188; x_wconf 88' lang='lat' dir='ltr'><strong>quodque</strong></span> <span class='ocrx_word' id='word_1_728' title='bbox 2300 3115 2353 3172; x_wconf 92' lang='lat' dir='ltr'><strong>id</strong></span> <span class='ocrx_word' id='word_1_729' title='bbox 2397 3131 2594 3188; x_wconf 83' lang='lat' dir='ltr'><strong>negare</strong></span> <span class='ocrx_word' id='word_1_730' title='bbox 2641 3131 2747 3172; x_wconf 91' lang='lat' dir='ltr'><strong>non</strong></span> <span class='ocrx_word' id='word_1_731' title='bbox 2784 3127 3028 3187; x_wconf 90' lang='lat' dir='ltr'><strong>possent,</strong></span> <span class='ocrx_word' id='word_1_732' title='bbox 3065 3118 3321 3188; x_wconf 89' lang='lat' dir='ltr'><strong>arguebat</strong></span> <span class='ocrx_word' id='word_1_733' title='bbox 3351 3119 3414 3183; x_wconf 92' lang='lat' dir='ltr'><strong>is,</strong></span> <span class='ocrx_word' id='word_1_734' title='bbox 3440 3133 3596 3188; x_wconf 89' lang='lat' dir='ltr'><strong>quem</strong></span> 
     </span>
    </p>
   </div>
   <div class='ocr_carea' id='block_1_92' title="bbox 2009 3193 3600 3281">
    <p class='ocr_par' dir='ltr' id='par_1_92' title="bbox 2009 3193 3600 3281">
     <span class='ocr_line' id='line_1_92' title="bbox 2009 3193 3600 3281; baseline -0.001 -17"><span class='ocrx_word' id='word_1_735' title='bbox 2009 3225 2106 3279; x_wconf 90' lang='lat' dir='ltr'><strong>pro</strong></span> <span class='ocrx_word' id='word_1_736' title='bbox 2127 3208 2218 3265; x_wconf 92' lang='lat' dir='ltr'><strong>illo</strong></span> <span class='ocrx_word' id='word_1_737' title='bbox 2243 3208 2526 3280; x_wconf 90' lang='lat' dir='ltr'><strong>petierant.</strong></span> <span class='ocrx_word' id='word_1_738' title='bbox 2558 3209 2632 3264; x_wconf 88' lang='lat' dir='ltr'><strong>Ita</strong></span> <span class='ocrx_word' id='word_1_739' title='bbox 2651 3207 2755 3264; x_wconf 89' lang='lat' dir='ltr'><strong>hoc</strong></span> <span class='ocrx_word' id='word_1_740' title='bbox 2775 3193 2986 3281; x_wconf 74' lang='lat' dir='ltr'><strong>quoque</strong></span> <span class='ocrx_word' id='word_1_741' title='bbox 3012 3223 3081 3264; x_wconf 82' lang='lat' dir='ltr'><strong>ex</strong></span> <span class='ocrx_word' id='word_1_742' title='bbox 3108 3223 3298 3281; x_wconf 85' lang='lat' dir='ltr'><strong>magna</strong></span> <span class='ocrx_word' id='word_1_743' title='bbox 3323 3209 3600 3279; x_wconf 83' lang='lat' dir='ltr'><strong>dispensa-</strong></span> 
     </span>
    </p>
   </div>
   <div class='ocr_carea' id='block_1_93' title="bbox 2008 3301 3597 3374">
    <p class='ocr_par' dir='ltr' id='par_1_93' title="bbox 2008 3301 3597 3374">
     <span class='ocr_line' id='line_1_93' title="bbox 2008 3301 3597 3374; baseline 0.001 -18"><span class='ocrx_word' id='word_1_744' title='bbox 2008 3303 2152 3359; x_wconf 92' lang='lat' dir='ltr'><strong>tione</strong></span> <span class='ocrx_word' id='word_1_745' title='bbox 2169 3301 2391 3358; x_wconf 88' lang='lat' dir='ltr'><strong>factum.</strong></span> <span class='ocrx_word' id='word_1_746' title='bbox 2410 3301 2509 3358; x_wconf 83' lang='lat' dir='ltr'><strong>Hic</strong></span> <span class='ocrx_word' id='word_1_747' title='bbox 2520 3301 2900 3374; x_wconf 87' lang='lat' dir='ltr'><strong>impudentiam</strong></span> <span class='ocrx_word' id='word_1_748' title='bbox 2920 3303 3376 3374; x_wconf 88' lang='lat' dir='ltr'><strong>petulantiamque</strong></span> <span class='ocrx_word' id='word_1_749' title='bbox 3390 3304 3597 3358; x_wconf 87' lang='lat' dir='ltr'><strong>illorum</strong></span> 
     </span>
    </p>
   </div>
   <div class='ocr_carea' id='block_1_94' title="bbox 1988 3393 3600 3466">
    <p class='ocr_par' dir='ltr' id='par_1_94' title="bbox 1988 3393 3600 3466">
     <span class='ocr_line' id='line_1_94' title="bbox 1988 3393 3600 3466; baseline -0.001 -16"><span class='ocrx_word' id='word_1_750' title='bbox 1988 3393 2278 3462; x_wconf 85' lang='lat' dir='ltr'><strong>ostendit;</strong></span> <span class='ocrx_word' id='word_1_751' title='bbox 2304 3408 2372 3450; x_wconf 89' lang='lat' dir='ltr'><strong>eo</strong></span> <span class='ocrx_word' id='word_1_752' title='bbox 2401 3394 2546 3466; x_wconf 90' lang='lat' dir='ltr'><strong>quod</strong></span> <span class='ocrx_word' id='word_1_753' title='bbox 2573 3395 2787 3466; x_wconf 89' lang='lat' dir='ltr'><strong>gentilis</strong></span> <span class='ocrx_word' id='word_1_754' title='bbox 2815 3396 2906 3466; x_wconf 91' lang='lat' dir='ltr'><strong>qui</strong></span> <span class='ocrx_word' id='word_1_755' title='bbox 2939 3405 3064 3451; x_wconf 91' lang='lat' dir='ltr'><strong>tunc</strong></span> <span class='ocrx_word' id='word_1_756' title='bbox 3093 3395 3324 3465; x_wconf 92' lang='lat' dir='ltr'><strong>primum</strong></span> <span class='ocrx_word' id='word_1_757' title='bbox 3349 3395 3495 3451; x_wconf 89' lang='lat' dir='ltr'><strong>illum</strong></span> <span class='ocrx_word' id='word_1_758' title='bbox 3525 3396 3600 3449; x_wconf 81' lang='lat' dir='ltr'><strong>vi-</strong></span> 
     </span>
    </p>
   </div>
   <div class='ocr_carea' id='block_1_95' title="bbox 2004 3487 3600 3559">
    <p class='ocr_par' dir='ltr' id='par_1_95' title="bbox 2004 3487 3600 3559">
     <span class='ocr_line' id='line_1_95' title="bbox 2004 3487 3600 3559; baseline 0 -17"><span class='ocrx_word' id='word_1_759' title='bbox 2004 3487 2101 3555; x_wconf 90' lang='lat' dir='ltr'><strong>dit,</strong></span> <span class='ocrx_word' id='word_1_760' title='bbox 2132 3487 2307 3559; x_wconf 88' lang='lat' dir='ltr'><strong>ipsum</strong></span> <span class='ocrx_word' id='word_1_761' title='bbox 2331 3487 2562 3544; x_wconf 90' lang='lat' dir='ltr'><strong>liberare</strong></span> <span class='ocrx_word' id='word_1_762' title='bbox 2587 3488 2835 3555; x_wconf 88' lang='lat' dir='ltr'><strong>voluerit,</strong></span> <span class='ocrx_word' id='word_1_763' title='bbox 2858 3488 2983 3545; x_wconf 89' lang='lat' dir='ltr'><strong>licet</strong></span> <span class='ocrx_word' id='word_1_764' title='bbox 3013 3487 3145 3543; x_wconf 88' lang='lat' dir='ltr'><strong>nihil</strong></span> <span class='ocrx_word' id='word_1_765' title='bbox 3175 3490 3350 3558; x_wconf 85' lang='lat' dir='ltr'><strong>magni</strong></span> <span class='ocrx_word' id='word_1_766' title='bbox 3371 3489 3600 3544; x_wconf 87' lang='lat' dir='ltr'><strong>audivis-</strong></span> 
     </span>
    </p>
   </div>
   <div class='ocr_carea' id='block_1_96' title="bbox 2002 3581 3598 3652">
    <p class='ocr_par' dir='ltr' id='par_1_96' title="bbox 2002 3581 3598 3652">
     <span class='ocr_line' id='line_1_96' title="bbox 2002 3581 3598 3652; baseline -0.001 -14"><span class='ocrx_word' id='word_1_767' title='bbox 2002 3589 2118 3648; x_wconf 86' lang='lat' dir='ltr'><strong>set;</strong></span> <span class='ocrx_word' id='word_1_768' title='bbox 2149 3582 2224 3638; x_wconf 91' lang='lat' dir='ltr'><strong>illi</strong></span> <span class='ocrx_word' id='word_1_769' title='bbox 2241 3597 2366 3637; x_wconf 89' lang='lat' dir='ltr'><strong>vero</strong></span> <span class='ocrx_word' id='word_1_770' title='bbox 2394 3582 2531 3637; x_wconf 87' lang='lat' dir='ltr'><strong>inter</strong></span> <span class='ocrx_word' id='word_1_771' title='bbox 2551 3582 2701 3652; x_wconf 85' lang='lat' dir='ltr'><strong>signa</strong></span> <span class='ocrx_word' id='word_1_772' title='bbox 2723 3581 2943 3638; x_wconf 90' lang='lat' dir='ltr'><strong>enutriti</strong></span> <span class='ocrx_word' id='word_1_773' title='bbox 2965 3589 3152 3637; x_wconf 87' lang='lat' dir='ltr'><strong>contra</strong></span> <span class='ocrx_word' id='word_1_774' title='bbox 3173 3581 3418 3638; x_wconf 84' lang='lat' dir='ltr'><strong>fecerint.</strong></span> <span class='ocrx_word' id='word_1_775' title='bbox 3446 3582 3598 3650; x_wconf 83' lang='lat' dir='ltr'><strong>Quod</strong></span> 
     </span>
    </p>
   </div>
   <div class='ocr_carea' id='block_1_97' title="bbox 2003 3671 3601 3743">
    <p class='ocr_par' dir='ltr' id='par_1_97' title="bbox 2003 3671 3601 3743">
     <span class='ocr_line' id='line_1_97' title="bbox 2003 3671 3601 3743; baseline -0.002 -17"><span class='ocrx_word' id='word_1_776' title='bbox 2003 3687 2133 3730; x_wconf 85' lang='lat' dir='ltr'><strong>vero</strong></span> <span class='ocrx_word' id='word_1_777' title='bbox 2155 3672 2246 3728; x_wconf 84' lang='lat' dir='ltr'><strong>ille</strong></span> <span class='ocrx_word' id='word_1_778' title='bbox 2263 3671 2409 3743; x_wconf 87' lang='lat' dir='ltr'><strong>juste</strong></span> <span class='ocrx_word' id='word_1_779' title='bbox 2429 3672 2696 3743; x_wconf 86' lang='lat' dir='ltr'><strong>judicaret</strong></span> <span class='ocrx_word' id='word_1_780' title='bbox 2718 3672 3090 3727; x_wconf 91' lang='lat' dir='ltr'><strong>dimittendum</strong></span> <span class='ocrx_word' id='word_1_781' title='bbox 3116 3687 3256 3736; x_wconf 89' lang='lat' dir='ltr'><strong>esse,</strong></span> <span class='ocrx_word' id='word_1_782' title='bbox 3273 3687 3372 3727; x_wconf 91' lang='lat' dir='ltr'><strong>nec</strong></span> <span class='ocrx_word' id='word_1_783' title='bbox 3393 3674 3459 3727; x_wconf 90' lang='lat' dir='ltr'><strong>ad</strong></span> <span class='ocrx_word' id='word_1_784' title='bbox 3481 3689 3601 3743; x_wconf 74' lang='lat' dir='ltr'><strong>gra-</strong></span> 
     </span>
    </p>
   </div>
   <div class='ocr_carea' id='block_1_98' title="bbox 2007 3762 3597 3836">
    <p class='ocr_par' dir='ltr' id='par_1_98' title="bbox 2007 3762 3597 3836">
     <span class='ocr_line' id='line_1_98' title="bbox 2007 3762 3597 3836; baseline -0.002 -16"><span class='ocrx_word' id='word_1_785' title='bbox 2007 3765 2132 3820; x_wconf 87' lang='lat' dir='ltr'><strong>tiam</strong></span> <span class='ocrx_word' id='word_1_786' title='bbox 2154 3764 2207 3820; x_wconf 90' lang='lat' dir='ltr'><strong>id</strong></span> <span class='ocrx_word' id='word_1_787' title='bbox 2224 3763 2446 3831; x_wconf 86' lang='lat' dir='ltr'><strong>faceret,</strong></span> <span class='ocrx_word' id='word_1_788' title='bbox 2464 3763 2584 3820; x_wconf 91' lang='lat' dir='ltr'><strong>audi</strong></span> <span class='ocrx_word' id='word_1_789' title='bbox 2609 3764 2781 3833; x_wconf 91' lang='lat' dir='ltr'><strong>ipsum</strong></span> <span class='ocrx_word' id='word_1_790' title='bbox 2803 3763 2928 3819; x_wconf 88' lang='lat' dir='ltr'><strong>alibi</strong></span> <span class='ocrx_word' id='word_1_791' title='bbox 2961 3763 3280 3836; x_wconf 78' lang='lat' dir='ltr'><strong>(Matth.27.</strong></span> <span class='ocrx_word' id='word_1_792' title='bbox 3303 3764 3390 3819; x_wconf 83' lang='grc'><strong>15.</strong></span> <span class='ocrx_word' id='word_1_793' title='bbox 3428 3762 3597 3817; x_wconf 82' lang='lat' dir='ltr'><strong>Marc.</strong></span> 
     </span>
    </p>
   </div>
   <div class='ocr_carea' id='block_1_99' title="bbox 2005 3853 3600 3928">
    <p class='ocr_par' dir='ltr' id='par_1_99' title="bbox 2005 3853 3600 3928">
     <span class='ocr_line' id='line_1_99' title="bbox 2005 3853 3600 3928; baseline -0.002 -16"><span class='ocrx_word' id='word_1_794' title='bbox 2005 3858 2091 3912; x_wconf 85' lang='grc'><strong>15.</strong></span> <span class='ocrx_word' id='word_1_795' title='bbox 2121 3853 2188 3928; x_wconf 88' lang='grc'><strong>6)</strong></span> <span class='ocrx_word' id='word_1_796' title='bbox 2244 3855 2516 3911; x_wconf 89' lang='lat' dir='ltr'><strong>dicentem</strong></span> <span class='ocrx_word' id='word_1_797' title='bbox 2564 3871 2578 3908; x_wconf 92' lang='lat'><strong>:</strong></span> <span class='ocrx_word' id='word_1_798' title='bbox 2622 3855 2716 3910; x_wconf 88' lang='lat' dir='ltr'><strong>Est</strong></span> <span class='ocrx_word' id='word_1_799' title='bbox 2754 3854 3089 3911; x_wconf 90' lang='lat' dir='ltr'><strong>consuetudo</strong></span> <span class='ocrx_word' id='word_1_800' title='bbox 3137 3854 3290 3910; x_wconf 87' lang='lat' dir='ltr'><strong>vobis</strong></span> <span class='ocrx_word' id='word_1_801' title='bbox 3323 3854 3600 3910; x_wconf 85' lang='lat' dir='ltr'><strong>dimittere</strong></span> 
     </span>
    </p>
   </div>
   <div class='ocr_carea' id='block_1_100' title="bbox 2005 3945 3598 4020">
    <p class='ocr_par' dir='ltr' id='par_1_100' title="bbox 2005 3945 3598 4020">
     <span class='ocr_line' id='line_1_100' title="bbox 2005 3945 3598 4020; baseline -0.003 -16"><span class='ocrx_word' id='word_1_802' title='bbox 2005 3963 2169 4004; x_wconf 87' lang='lat' dir='ltr'><strong>unum</strong></span> <span class='ocrx_word' id='word_1_803' title='bbox 2180 3947 2499 4020; x_wconf 88' lang='lat' dir='ltr'><strong>quemdam:</strong></span> <span class='ocrx_word' id='word_1_804' title='bbox 2526 3945 2690 4001; x_wconf 82' lang='lat' dir='ltr'><strong>Vultis</strong></span> <span class='ocrx_word' id='word_1_805' title='bbox 2707 3963 2827 4017; x_wconf 83' lang='lat' dir='ltr'><strong>ergo</strong></span> <span class='ocrx_word' id='word_1_806' title='bbox 2854 3948 2986 4001; x_wconf 81' lang='lat' dir='ltr'><strong>hunc</strong></span> <span class='ocrx_word' id='word_1_807' title='bbox 3011 3948 3262 4001; x_wconf 84' lang='lat' dir='ltr'><strong>dimittam</strong></span> <span class='ocrx_word' id='word_1_808' title='bbox 3280 3946 3461 4001; x_wconf 83' lang='lat' dir='ltr'><strong>vobis?</strong></span> <span class='ocrx_word' id='word_1_809' title='bbox 3500 3945 3598 4001; x_wconf 84' lang='lat' dir='ltr'><strong>Vos</strong></span> 
     </span>
    </p>
   </div>
   <div class='ocr_carea' id='block_1_101' title="bbox 2002 4039 3598 4112">
    <p class='ocr_par' dir='ltr' id='par_1_101' title="bbox 2002 4039 3598 4112">
     <span class='ocr_line' id='line_1_101' title="bbox 2002 4039 3598 4112; baseline -0.003 -15"><span class='ocrx_word' id='word_1_810' title='bbox 2002 4053 2174 4100; x_wconf 85' lang='lat' dir='ltr'><strong>autem</strong></span> <span class='ocrx_word' id='word_1_811' title='bbox 2209 4051 2444 4099; x_wconf 88' lang='lat' dir='ltr'><strong>sanctum</strong></span> <span class='ocrx_word' id='word_1_812' title='bbox 2481 4049 2530 4095; x_wconf 86' lang='lat' dir='ltr'><strong>et</strong></span> <span class='ocrx_word' id='word_1_813' title='bbox 2547 4042 2745 4112; x_wconf 85' lang='lat' dir='ltr'><strong>justum</strong></span> <span class='ocrx_word' id='word_1_814' title='bbox 2789 4041 3037 4111; x_wconf 88' lang='lat' dir='ltr'><strong>negastis.</strong></span> <span class='ocrx_word' id='word_1_815' title='bbox 3097 4039 3214 4095; x_wconf 91' lang='lat' dir='ltr'><strong>Non</strong></span> <span class='ocrx_word' id='word_1_816' title='bbox 3257 4039 3422 4106; x_wconf 78' lang='lat' dir='ltr'><strong>dixit,</strong></span> <span class='ocrx_word' id='word_1_817' title='bbox 3465 4039 3598 4094; x_wconf 88' lang='lat' dir='ltr'><strong>Tra-</strong></span> 
     </span>
    </p>
   </div>
   <div class='ocr_carea' id='block_1_102' title="bbox 2002 4131 3594 4205">
    <p class='ocr_par' dir='ltr' id='par_1_102' title="bbox 2002 4131 3594 4205">
     <span class='ocr_line' id='line_1_102' title="bbox 2002 4131 3594 4205; baseline -0.003 -13"><span class='ocrx_word' id='word_1_818' title='bbox 2002 4136 2238 4202; x_wconf 90' lang='lat' dir='ltr'><strong>didistis;</strong></span> <span class='ocrx_word' id='word_1_819' title='bbox 2266 4134 2361 4192; x_wconf 89' lang='lat' dir='ltr'><strong>sed</strong></span> <span class='ocrx_word' id='word_1_820' title='bbox 2389 4133 2607 4203; x_wconf 87' lang='lat' dir='ltr'><strong>ubique,</strong></span> <span class='ocrx_word' id='word_1_821' title='bbox 2635 4131 2894 4203; x_wconf 88' lang='lat' dir='ltr'><strong>Negastis.</strong></span> <span class='ocrx_word' id='word_1_822' title='bbox 2919 4131 2996 4202; x_wconf 91' lang='lat' dir='ltr'><strong>(a)</strong></span> <span class='ocrx_word' id='word_1_823' title='bbox 3027 4131 3197 4205; x_wconf 83' lang='lat' dir='ltr'><strong>[Jure.</strong></span> <span class='ocrx_word' id='word_1_824' title='bbox 3226 4131 3316 4188; x_wconf 90' lang='lat' dir='ltr'><strong>Sic</strong></span> <span class='ocrx_word' id='word_1_825' title='bbox 3343 4134 3486 4187; x_wconf 88' lang='lat' dir='ltr'><strong>enim</strong></span> <span class='ocrx_word' id='word_1_826' title='bbox 3514 4134 3594 4187; x_wconf 78' lang='lat' dir='ltr'><strong>di-</strong></span> 
     </span>
    </p>
   </div>
   <div class='ocr_carea' id='block_1_103' title="bbox 2001 4223 3594 4299">
    <p class='ocr_par' dir='ltr' id='par_1_103' title="bbox 2001 4223 3594 4299">
     <span class='ocr_line' id='line_1_103' title="bbox 2001 4223 3594 4299; baseline -0.003 -15"><span class='ocrx_word' id='word_1_827' title='bbox 2001 4228 2196 4285; x_wconf 86' lang='lat' dir='ltr'><strong>cebant</strong></span> <span class='ocrx_word' id='word_1_828' title='bbox 2225 4225 2278 4299; x_wconf 78' lang='grc' dir='ltr'><strong>ε]</strong></span> <span class='ocrx_word' id='word_1_829' title='bbox 2310 4225 2362 4280; x_wconf 85' lang='grc' dir='ltr'><strong><em>Ν</em></strong></span> <span class='ocrx_word' id='word_1_830' title='bbox 2366 4243 2432 4280; x_wconf 88' lang='grc' dir='ltr'><strong>οη</strong></span> <span class='ocrx_word' id='word_1_831' title='bbox 2462 4225 2700 4278; x_wconf 86' lang='lat' dir='ltr'><strong>habemus</strong></span> <span class='ocrx_word' id='word_1_832' title='bbox 2725 4240 2892 4296; x_wconf 85' lang='lat' dir='ltr'><strong>regem</strong></span> <span class='ocrx_word' id='word_1_833' title='bbox 2905 4225 3004 4278; x_wconf 88' lang='lat' dir='ltr'><strong>nisi</strong></span> <span class='ocrx_word' id='word_1_834' title='bbox 3027 4223 3276 4279; x_wconf 61' lang='lat' dir='ltr'><strong>Cursarem</strong></span> <span class='ocrx_word' id='word_1_835' title='bbox 3295 4223 3477 4297; x_wconf 82' lang='lat' dir='ltr'><strong>(Joan.</strong></span> <span class='ocrx_word' id='word_1_836' title='bbox 3503 4226 3594 4280; x_wconf 87' lang='grc'><strong>19.</strong></span> 
     </span>
    </p>
   </div>
   <div class='ocr_carea' id='block_1_104' title="bbox 2003 4315 3600 4391">
    <p class='ocr_par' dir='ltr' id='par_1_104' title="bbox 2003 4315 3600 4391">
     <span class='ocr_line' id='line_1_104' title="bbox 2003 4315 3600 4391; baseline -0.004 -14"><span class='ocrx_word' id='word_1_837' title='bbox 2003 4320 2134 4391; x_wconf 87' lang='grc'><strong>15).</strong></span> <span class='ocrx_word' id='word_1_838' title='bbox 2178 4318 2290 4374; x_wconf 87' lang='lat' dir='ltr'><strong>Nec</strong></span> <span class='ocrx_word' id='word_1_839' title='bbox 2331 4317 2486 4384; x_wconf 85' lang='lat' dir='ltr'><strong>dixit,</strong></span> <span class='ocrx_word' id='word_1_840' title='bbox 2516 4316 2632 4372; x_wconf 86' lang='lat' dir='ltr'><strong>Non</strong></span> <span class='ocrx_word' id='word_1_841' title='bbox 2657 4315 2886 4386; x_wconf 88' lang='lat' dir='ltr'><strong>petiistis</strong></span> <span class='ocrx_word' id='word_1_842' title='bbox 2914 4316 3275 4386; x_wconf 87' lang='lat' dir='ltr'><strong>inculpatum;</strong></span> <span class='ocrx_word' id='word_1_843' title='bbox 3307 4331 3482 4383; x_wconf 88' lang='lat' dir='ltr'><strong>neque</strong></span> <span class='ocrx_word' id='word_1_844' title='bbox 3506 4333 3600 4372; x_wconf 81' lang='lat' dir='ltr'><strong>ne-</strong></span> 
     </span>
    </p>
   </div>
   <div class='ocr_carea' id='block_1_105' title="bbox 2001 4407 3594 4484">
    <p class='ocr_par' dir='ltr' id='par_1_105' title="bbox 2001 4407 3594 4484">
     <span class='ocr_line' id='line_1_105' title="bbox 2001 4407 3594 4484; baseline -0.003 -16"><span class='ocrx_word' id='word_1_845' title='bbox 2001 4413 2168 4484; x_wconf 84' lang='lat' dir='ltr'><strong>gastis</strong></span> <span class='ocrx_word' id='word_1_846' title='bbox 2193 4411 2366 4468; x_wconf 89' lang='lat' dir='ltr'><strong>solum</strong></span> <span class='ocrx_word' id='word_1_847' title='bbox 2387 4452 2402 4478; x_wconf 92' lang='lat'><strong>,</strong></span> <span class='ocrx_word' id='word_1_848' title='bbox 2435 4409 2528 4465; x_wconf 88' lang='lat' dir='ltr'><strong>sed</strong></span> <span class='ocrx_word' id='word_1_849' title='bbox 2559 4410 2719 4464; x_wconf 86' lang='lat' dir='ltr'><strong>etiam</strong></span> <span class='ocrx_word' id='word_1_850' title='bbox 2747 4407 3037 4464; x_wconf 90' lang='lat' dir='ltr'><strong>occidistis.</strong></span> <span class='ocrx_word' id='word_1_851' title='bbox 3084 4407 3309 4476; x_wconf 89' lang='lat' dir='ltr'><strong>Quando</strong></span> <span class='ocrx_word' id='word_1_852' title='bbox 3334 4411 3594 4464; x_wconf 78' lang='lat' dir='ltr'><strong>exetecati</strong></span> 
     </span>
    </p>
   </div>
   <div class='ocr_carea' id='block_1_106' title="bbox 2003 4501 3599 4571">
    <p class='ocr_par' dir='ltr' id='par_1_106' title="bbox 2003 4501 3599 4571">
     <span class='ocr_line' id='line_1_106' title="bbox 2003 4501 3599 4571; baseline -0.004 -10"><span class='ocrx_word' id='word_1_853' title='bbox 2003 4514 2158 4561; x_wconf 89' lang='lat' dir='ltr'><strong>erant</strong></span> <span class='ocrx_word' id='word_1_854' title='bbox 2177 4544 2192 4571; x_wconf 97' lang='lat'><strong>,</strong></span> <span class='ocrx_word' id='word_1_855' title='bbox 2225 4503 2358 4558; x_wconf 87' lang='lat' dir='ltr'><strong>nihil</strong></span> <span class='ocrx_word' id='word_1_856' title='bbox 2384 4503 2490 4558; x_wconf 89' lang='lat' dir='ltr'><strong>tale</strong></span> <span class='ocrx_word' id='word_1_857' title='bbox 2513 4501 2686 4556; x_wconf 82' lang='lat' dir='ltr'><strong>dixit:</strong></span> <span class='ocrx_word' id='word_1_858' title='bbox 2716 4516 2836 4556; x_wconf 88' lang='lat' dir='ltr'><strong>cum</strong></span> <span class='ocrx_word' id='word_1_859' title='bbox 2865 4513 3044 4555; x_wconf 90' lang='lat' dir='ltr'><strong>autem</strong></span> <span class='ocrx_word' id='word_1_860' title='bbox 3073 4515 3264 4555; x_wconf 88' lang='lat' dir='ltr'><strong>eorum</strong></span> <span class='ocrx_word' id='word_1_861' title='bbox 3291 4501 3456 4555; x_wconf 91' lang='lat' dir='ltr'><strong>animi</strong></span> <span class='ocrx_word' id='word_1_862' title='bbox 3483 4517 3599 4556; x_wconf 84' lang='lat' dir='ltr'><strong>ma-</strong></span> 
     </span>
    </p>
   </div>
   <div class='ocr_carea' id='block_1_107' title="bbox 2002 4594 3608 4671">
    <p class='ocr_par' dir='ltr' id='par_1_107' title="bbox 2002 4594 3608 4671">
     <span class='ocr_line' id='line_1_107' title="bbox 2002 4594 3608 4671; baseline -0.002 -18"><span class='ocrx_word' id='word_1_863' title='bbox 2002 4601 2086 4671; x_wconf 83' lang='lat' dir='ltr'><strong>gis</strong></span> <span class='ocrx_word' id='word_1_864' title='bbox 2111 4607 2264 4655; x_wconf 90' lang='lat' dir='ltr'><strong>erant</strong></span> <span class='ocrx_word' id='word_1_865' title='bbox 2283 4596 2535 4667; x_wconf 87' lang='lat' dir='ltr'><strong>exagitati</strong></span> <span class='ocrx_word' id='word_1_866' title='bbox 2557 4637 2571 4659; x_wconf 95' lang='lat'><strong>,</strong></span> <span class='ocrx_word' id='word_1_867' title='bbox 2596 4603 2724 4650; x_wconf 90' lang='lat' dir='ltr'><strong>tunc</strong></span> <span class='ocrx_word' id='word_1_868' title='bbox 2747 4595 2924 4650; x_wconf 89' lang='lat' dir='ltr'><strong>acrius</strong></span> <span class='ocrx_word' id='word_1_869' title='bbox 2954 4594 3300 4665; x_wconf 89' lang='lat' dir='ltr'><strong>perstringit,</strong></span> <span class='ocrx_word' id='word_1_870' title='bbox 3326 4611 3445 4650; x_wconf 90' lang='lat' dir='ltr'><strong>cum</strong></span> <span class='ocrx_word' id='word_1_871' title='bbox 3473 4610 3608 4652; x_wconf 89' lang='lat' dir='ltr'><strong>seu-</strong></span> 
     </span>
    </p>
   </div>
   <div class='ocr_carea' id='block_1_108' title="bbox 2006 4686 3596 4762">
    <p class='ocr_par' dir='ltr' id='par_1_108' title="bbox 2006 4686 3596 4762">
     <span class='ocr_line' id='line_1_108' title="bbox 2006 4686 3596 4762; baseline -0.003 -14"><span class='ocrx_word' id='word_1_872' title='bbox 2006 4695 2106 4749; x_wconf 90' lang='lat' dir='ltr'><strong>tire</strong></span> <span class='ocrx_word' id='word_1_873' title='bbox 2130 4699 2399 4762; x_wconf 87' lang='lat' dir='ltr'><strong>poterant.</strong></span> <span class='ocrx_word' id='word_1_874' title='bbox 2429 4686 2891 4755; x_wconf 86' lang='lat' dir='ltr'><strong>Quemadmodum</strong></span> <span class='ocrx_word' id='word_1_875' title='bbox 2919 4696 2974 4742; x_wconf 91' lang='lat' dir='ltr'><strong>et</strong></span> <span class='ocrx_word' id='word_1_876' title='bbox 2995 4702 3094 4742; x_wconf 90' lang='lat' dir='ltr'><strong>nos</strong></span> <span class='ocrx_word' id='word_1_877' title='bbox 3116 4687 3280 4744; x_wconf 89' lang='lat' dir='ltr'><strong>ebriis</strong></span> <span class='ocrx_word' id='word_1_878' title='bbox 3306 4687 3440 4742; x_wconf 89' lang='lat' dir='ltr'><strong>nihil</strong></span> <span class='ocrx_word' id='word_1_879' title='bbox 3466 4689 3596 4744; x_wconf 89' lang='lat' dir='ltr'><strong>dici-</strong></span> 
     </span>
    </p>
   </div>
   <div class='ocr_carea' id='block_1_109' title="bbox 2006 4781 3599 4852">
    <p class='ocr_par' dir='ltr' id='par_1_109' title="bbox 2006 4781 3599 4852">
     <span class='ocr_line' id='line_1_109' title="bbox 2006 4781 3599 4852; baseline -0.003 -10"><span class='ocrx_word' id='word_1_880' title='bbox 2006 4802 2156 4852; x_wconf 92' lang='lat' dir='ltr'><strong>mus;</strong></span> <span class='ocrx_word' id='word_1_881' title='bbox 2189 4799 2308 4841; x_wconf 91' lang='lat' dir='ltr'><strong>cum</strong></span> <span class='ocrx_word' id='word_1_882' title='bbox 2336 4791 2518 4840; x_wconf 87' lang='lat' dir='ltr'><strong>autem</strong></span> <span class='ocrx_word' id='word_1_883' title='bbox 2542 4782 2804 4838; x_wconf 87' lang='lat' dir='ltr'><strong>ebrietate</strong></span> <span class='ocrx_word' id='word_1_884' title='bbox 2831 4781 3039 4835; x_wconf 88' lang='lat' dir='ltr'><strong>sublata</strong></span> <span class='ocrx_word' id='word_1_885' title='bbox 3063 4781 3251 4851; x_wconf 87' lang='lat' dir='ltr'><strong>vigiles</strong></span> <span class='ocrx_word' id='word_1_886' title='bbox 3281 4791 3407 4836; x_wconf 89' lang='lat' dir='ltr'><strong>sunt</strong></span> <span class='ocrx_word' id='word_1_887' title='bbox 3428 4822 3442 4846; x_wconf 94' lang='lat'><strong>,</strong></span> <span class='ocrx_word' id='word_1_888' title='bbox 3474 4793 3599 4837; x_wconf 86' lang='lat' dir='ltr'><strong>tunc</strong></span> 
     </span>
    </p>
   </div>
   <div class='ocr_carea' id='block_1_110' title="bbox 2006 4872 3598 4950">
    <p class='ocr_par' dir='ltr' id='par_1_110' title="bbox 2006 4872 3598 4950">
     <span class='ocr_line' id='line_1_110' title="bbox 2006 4872 3598 4950; baseline -0.005 -15"><span class='ocrx_word' id='word_1_889' title='bbox 2006 4877 2411 4950; x_wconf 79' lang='lat' dir='ltr'><strong>carpimuszita</strong></span> <span class='ocrx_word' id='word_1_890' title='bbox 2456 4883 2512 4931; x_wconf 90' lang='lat' dir='ltr'><strong>et</strong></span> <span class='ocrx_word' id='word_1_891' title='bbox 2559 4873 2781 4940; x_wconf 89' lang='lat' dir='ltr'><strong>Petrus,</strong></span> <span class='ocrx_word' id='word_1_892' title='bbox 2823 4888 2944 4928; x_wconf 91' lang='lat' dir='ltr'><strong>cum</strong></span> <span class='ocrx_word' id='word_1_893' title='bbox 2986 4872 3284 4942; x_wconf 80' lang='lat' dir='ltr'><strong>intelligere</strong></span> <span class='ocrx_word' id='word_1_894' title='bbox 3330 4882 3598 4944; x_wconf 78' lang='lat' dir='ltr'><strong>pateram,</strong></span> 
     </span>
    </p>
   </div>
   <div class='ocr_carea' id='block_1_111' title="bbox 2008 4967 3599 5042">
    <p class='ocr_par' dir='ltr' id='par_1_111' title="bbox 2008 4967 3599 5042">
     <span class='ocr_line' id='line_1_111' title="bbox 2008 4967 3599 5042; baseline -0.004 -14"><span class='ocrx_word' id='word_1_895' title='bbox 2008 4983 2137 5028; x_wconf 90' lang='lat' dir='ltr'><strong>tunc</strong></span> <span class='ocrx_word' id='word_1_896' title='bbox 2192 4972 2428 5042; x_wconf 87' lang='lat' dir='ltr'><strong>linguam</strong></span> <span class='ocrx_word' id='word_1_897' title='bbox 2478 4968 2656 5035; x_wconf 87' lang='lat' dir='ltr'><strong>acuit,</strong></span> <span class='ocrx_word' id='word_1_898' title='bbox 2705 4968 3016 5039; x_wconf 87' lang='lat' dir='ltr'><strong>sceleraque</strong></span> <span class='ocrx_word' id='word_1_899' title='bbox 3067 4967 3231 5022; x_wconf 86' lang='lat' dir='ltr'><strong>multa</strong></span> <span class='ocrx_word' id='word_1_900' title='bbox 3278 4977 3599 5033; x_wconf 85' lang='lat' dir='ltr'><strong>enumerat;</strong></span> 
     </span>
    </p>
   </div>
   <div class='ocr_carea' id='block_1_112' title="bbox 2009 5058 3603 5134">
    <p class='ocr_par' dir='ltr' id='par_1_112' title="bbox 2009 5058 3603 5134">
     <span class='ocr_line' id='line_1_112' title="bbox 2009 5058 3603 5134; baseline -0.005 -15"><span class='ocrx_word' id='word_1_901' title='bbox 2009 5077 2226 5134; x_wconf 88' lang='lat' dir='ltr'><strong>nempe,</strong></span> <span class='ocrx_word' id='word_1_902' title='bbox 2249 5061 2392 5134; x_wconf 92' lang='lat' dir='ltr'><strong>quod</strong></span> <span class='ocrx_word' id='word_1_903' title='bbox 2421 5076 2567 5127; x_wconf 91' lang='lat' dir='ltr'><strong>eum,</strong></span> <span class='ocrx_word' id='word_1_904' title='bbox 2591 5074 2749 5131; x_wconf 90' lang='lat' dir='ltr'><strong>quem</strong></span> <span class='ocrx_word' id='word_1_905' title='bbox 2777 5059 2919 5114; x_wconf 90' lang='lat' dir='ltr'><strong>Deus</strong></span> <span class='ocrx_word' id='word_1_906' title='bbox 2943 5058 3283 5132; x_wconf 85' lang='lat' dir='ltr'><strong>glorificavit,</strong></span> <span class='ocrx_word' id='word_1_907' title='bbox 3310 5059 3408 5128; x_wconf 82' lang='lat' dir='ltr'><strong>ipsi</strong></span> <span class='ocrx_word' id='word_1_908' title='bbox 3440 5059 3603 5113; x_wconf 82' lang='lat' dir='ltr'><strong>tradi-</strong></span> 
     </span>
    </p>
   </div>
   <div class='ocr_carea' id='block_1_113' title="bbox 2009 5149 3600 5225">
    <p class='ocr_par' dir='ltr' id='par_1_113' title="bbox 2009 5149 3600 5225">
     <span class='ocr_line' id='line_1_113' title="bbox 2009 5149 3600 5225; baseline -0.006 -13"><span class='ocrx_word' id='word_1_909' title='bbox 2009 5155 2220 5222; x_wconf 87' lang='lat' dir='ltr'><strong>derint;</strong></span> <span class='ocrx_word' id='word_1_910' title='bbox 2265 5152 2409 5225; x_wconf 90' lang='lat' dir='ltr'><strong>quod</strong></span> <span class='ocrx_word' id='word_1_911' title='bbox 2451 5164 2621 5224; x_wconf 83' lang='lat' dir='ltr'><strong>quem</strong></span> <span class='ocrx_word' id='word_1_912' title='bbox 2658 5151 2861 5208; x_wconf 89' lang='lat' dir='ltr'><strong>Pilatus</strong></span> <span class='ocrx_word' id='word_1_913' title='bbox 2905 5149 3173 5214; x_wconf 89' lang='lat' dir='ltr'><strong>absolvit,</strong></span> <span class='ocrx_word' id='word_1_914' title='bbox 3215 5149 3268 5204; x_wconf 93' lang='lat' dir='ltr'><strong>in</strong></span> <span class='ocrx_word' id='word_1_915' title='bbox 3309 5157 3600 5218; x_wconf 79' lang='lat' dir='ltr'><strong>conspectu</strong></span> 
     </span>
    </p>
   </div>
   <div class='ocr_carea' id='block_1_114' title="bbox 2011 5243 3386 5320">
    <p class='ocr_par' dir='ltr' id='par_1_114' title="bbox 2011 5243 3386 5320">
     <span class='ocr_line' id='line_1_114' title="bbox 2011 5243 3386 5320; baseline -0.007 -16"><span class='ocrx_word' id='word_1_916' title='bbox 2011 5248 2178 5320; x_wconf 86' lang='lat' dir='ltr'><strong>ipsius</strong></span> <span class='ocrx_word' id='word_1_917' title='bbox 2203 5245 2552 5318; x_wconf 86' lang='lat' dir='ltr'><strong>negaverint;</strong></span> <span class='ocrx_word' id='word_1_918' title='bbox 2579 5244 2722 5317; x_wconf 88' lang='lat' dir='ltr'><strong>quod</strong></span> <span class='ocrx_word' id='word_1_919' title='bbox 2751 5244 3011 5298; x_wconf 90' lang='lat' dir='ltr'><strong>latronem</strong></span> <span class='ocrx_word' id='word_1_920' title='bbox 3037 5243 3386 5313; x_wconf 72' lang='lat' dir='ltr'><strong>pra-tulerint.</strong></span> 
     </span>
    </p>
   </div>
   <div class='ocr_carea' id='block_1_115' title="bbox 2082 5331 3605 5408">
    <p class='ocr_par' dir='ltr' id='par_1_115' title="bbox 2082 5331 3605 5408">
     <span class='ocr_line' id='line_1_115' title="bbox 2082 5331 3605 5408; baseline -0.007 -10"><span class='ocrx_word' id='word_1_921' title='bbox 2082 5343 2138 5398; x_wconf 80' lang='lat'><strong>&#39;5.</strong></span> <span class='ocrx_word' id='word_1_922' title='bbox 2165 5339 2301 5396; x_wconf 83' lang='lat' dir='ltr'><strong>Vide</strong></span> <span class='ocrx_word' id='word_1_923' title='bbox 2322 5352 2556 5405; x_wconf 87' lang='lat' dir='ltr'><strong>rursum,</strong></span> <span class='ocrx_word' id='word_1_924' title='bbox 2579 5336 2850 5408; x_wconf 90' lang='lat' dir='ltr'><strong>quomodo</strong></span> <span class='ocrx_word' id='word_1_925' title='bbox 2875 5334 3081 5389; x_wconf 90' lang='lat' dir='ltr'><strong>occulte</strong></span> <span class='ocrx_word' id='word_1_926' title='bbox 3107 5334 3178 5388; x_wconf 91' lang='lat' dir='ltr'><strong>de</strong></span> <span class='ocrx_word' id='word_1_927' title='bbox 3199 5333 3432 5404; x_wconf 88' lang='lat' dir='ltr'><strong>potentia</strong></span> <span class='ocrx_word' id='word_1_928' title='bbox 3463 5331 3605 5388; x_wconf 85' lang='lat' dir='ltr'><strong>illius</strong></span> 
     </span>
    </p>
   </div>
   <div class='ocr_carea' id='block_1_116' title="bbox 2013 5425 3601 5507">
    <p class='ocr_par' dir='ltr' id='par_1_116' title="bbox 2013 5425 3601 5507">
     <span class='ocr_line' id='line_1_116' title="bbox 2013 5425 3601 5507; baseline -0.008 -16"><span class='ocrx_word' id='word_1_929' title='bbox 2013 5437 2278 5507; x_wconf 89' lang='lat' dir='ltr'><strong>loquatur,</strong></span> <span class='ocrx_word' id='word_1_930' title='bbox 2304 5432 2446 5503; x_wconf 91' lang='lat' dir='ltr'><strong>quod</strong></span> <span class='ocrx_word' id='word_1_931' title='bbox 2467 5432 2704 5502; x_wconf 90' lang='lat' dir='ltr'><strong>seipsum</strong></span> <span class='ocrx_word' id='word_1_932' title='bbox 2729 5429 3084 5492; x_wconf 87' lang='lat' dir='ltr'><strong>suscitaverit,</strong></span> <span class='ocrx_word' id='word_1_933' title='bbox 3110 5435 3168 5480; x_wconf 91' lang='lat' dir='ltr'><strong>ut</strong></span> <span class='ocrx_word' id='word_1_934' title='bbox 3198 5427 3248 5481; x_wconf 93' lang='lat' dir='ltr'><strong>in</strong></span> <span class='ocrx_word' id='word_1_935' title='bbox 3279 5425 3442 5495; x_wconf 87' lang='lat' dir='ltr'><strong>priori</strong></span> <span class='ocrx_word' id='word_1_936' title='bbox 3470 5439 3601 5479; x_wconf 56' lang='lat' dir='ltr'><strong>con-</strong></span> 
     </span>
    </p>
   </div>
   <div class='ocr_carea' id='block_1_117' title="bbox 2012 5517 3602 5592">
    <p class='ocr_par' dir='ltr' id='par_1_117' title="bbox 2012 5517 3602 5592">
     <span class='ocr_line' id='line_1_117' title="bbox 2012 5517 3602 5592; baseline -0.008 -8"><span class='ocrx_word' id='word_1_937' title='bbox 2012 5531 2168 5584; x_wconf 88' lang='lat' dir='ltr'><strong>cione</strong></span> <span class='ocrx_word' id='word_1_938' title='bbox 2186 5526 2399 5582; x_wconf 90' lang='lat' dir='ltr'><strong>diccbat</strong></span> <span class='ocrx_word' id='word_1_939' title='bbox 2426 5541 2440 5578; x_wconf 90' lang='lat'><strong>:</strong></span> <span class='ocrx_word' id='word_1_940' title='bbox 2463 5524 2626 5579; x_wconf 74' lang='lat' dir='ltr'><strong>Juxta</strong></span> <span class='ocrx_word' id='word_1_941' title='bbox 2650 5523 2785 5592; x_wconf 84' lang='lat' dir='ltr'><strong>quod</strong></span> <span class='ocrx_word' id='word_1_942' title='bbox 2808 5520 3116 5591; x_wconf 80' lang='lat' dir='ltr'><strong>impossibile</strong></span> <span class='ocrx_word' id='word_1_943' title='bbox 3143 5527 3251 5572; x_wconf 88' lang='lat' dir='ltr'><strong>erat</strong></span> <span class='ocrx_word' id='word_1_944' title='bbox 3277 5519 3433 5571; x_wconf 83' lang='lat' dir='ltr'><strong>teneri</strong></span> <span class='ocrx_word' id='word_1_945' title='bbox 3459 5517 3602 5571; x_wconf 76' lang='lat' dir='ltr'><strong>illuni</strong></span> 
     </span>
    </p>
   </div>
   <div class='ocr_carea' id='block_1_118' title="bbox 2014 5608 3599 5692">
    <p class='ocr_par' dir='ltr' id='par_1_118' title="bbox 2014 5608 3599 5692">
     <span class='ocr_line' id='line_1_118' title="bbox 2014 5608 3599 5692; baseline -0.009 -15"><span class='ocrx_word' id='word_1_946' title='bbox 2014 5625 2076 5677; x_wconf 91' lang='lat' dir='ltr'><strong>ab</strong></span> <span class='ocrx_word' id='word_1_947' title='bbox 2101 5638 2159 5677; x_wconf 90' lang='lat' dir='ltr'><strong>eo</strong></span> <span class='ocrx_word' id='word_1_948' title='bbox 2188 5619 2328 5692; x_wconf 86' lang='lat' dir='ltr'><strong>(Act.</strong></span> <span class='ocrx_word' id='word_1_949' title='bbox 2347 5617 2402 5673; x_wconf 91' lang='lat'><strong>2.</strong></span> <span class='ocrx_word' id='word_1_950' title='bbox 2429 5617 2524 5689; x_wconf 67' lang='lat'><strong>24)</strong></span> <span class='ocrx_word' id='word_1_951' title='bbox 2543 5633 2558 5684; x_wconf 92' lang='lat'><strong>;</strong></span> <span class='ocrx_word' id='word_1_952' title='bbox 2580 5624 2636 5674; x_wconf 87' lang='lat' dir='ltr'><strong>et</strong></span> <span class='ocrx_word' id='word_1_953' title='bbox 2661 5616 2764 5680; x_wconf 90' lang='lat' dir='ltr'><strong>hic,</strong></span> <span class='ocrx_word' id='word_1_954' title='bbox 2787 5615 3070 5676; x_wconf 81' lang='lat' dir='ltr'><strong>Auctorem,</strong></span> <span class='ocrx_word' id='word_1_955' title='bbox 3099 5610 3287 5680; x_wconf 89' lang='lat' dir='ltr'><strong>inquit,</strong></span> <span class='ocrx_word' id='word_1_956' title='bbox 3307 5609 3421 5665; x_wconf 69' lang='lat' dir='ltr'><strong>vita:</strong></span> <span class='ocrx_word' id='word_1_957' title='bbox 3442 5608 3599 5664; x_wconf 85' lang='lat' dir='ltr'><strong>inter.-</strong></span> 
     </span>
    </p>
   </div>
   <div class='ocr_carea' id='block_1_119' title="bbox 2082 5787 3421 5867">
    <p class='ocr_par' dir='ltr' id='par_1_119' title="bbox 2082 5787 3421 5867">
     <span class='ocr_line' id='line_1_119' title="bbox 2082 5787 3421 5867; baseline -0.011 -14"><span class='ocrx_word' id='word_1_958' title='bbox 2082 5804 2156 5867; x_wconf 82' lang='lat' dir='ltr'><strong>(a)</strong></span> <span class='ocrx_word' id='word_1_959' title='bbox 2187 5809 2299 5863; x_wconf 64' lang='lat' dir='ltr'><strong>Qua</strong></span> <span class='ocrx_word' id='word_1_960' title='bbox 2319 5797 2512 5851; x_wconf 87' lang='lat' dir='ltr'><strong>uncinis</strong></span> <span class='ocrx_word' id='word_1_961' title='bbox 2534 5791 2820 5847; x_wconf 83' lang='lat' dir='ltr'><strong>clauduntur</strong></span> <span class='ocrx_word' id='word_1_962' title='bbox 2841 5790 3018 5841; x_wconf 86' lang='lat' dir='ltr'><strong>desunt</strong></span> <span class='ocrx_word' id='word_1_963' title='bbox 3038 5790 3089 5840; x_wconf 87' lang='lat' dir='ltr'><strong>in</strong></span> <span class='ocrx_word' id='word_1_964' title='bbox 3108 5801 3204 5841; x_wconf 89' lang='lat' dir='ltr'><strong>uno</strong></span> <span class='ocrx_word' id='word_1_965' title='bbox 3228 5787 3421 5841; x_wconf 80' lang='lat' dir='ltr'><strong>Codice.</strong></span> 
     </span>
    </p>
   </div>
  </div>
