4092 6512
483 346 549 401 79
1298 336 1337 393 S
1383 336 1664 399 JOANNIS
1691 332 2166 392 CllllYSOSTOMl
2209 333 2523 391 ARCIIIEP.
2564 334 3100 393 CONSTANTiNilP.
3750 342 3822 399 89

484 461 697 518 emistis.
742 457 856 514 Non
900 471 1029 527 ergo
1059 455 1126 511 ab
1154 454 1325 510 altero
1352 454 1517 508 vitam
1552 454 1776 524 accepit.
1829 450 1980 507 Sicut
2020 459 2074 506 et

484 558 573 627 qui
614 552 835 609 malitiae
864 559 1051 604 auctor
1073 555 1159 604 est
1178 589 1192 614 ,
1226 545 1343 617 ipse
1370 546 1628 601 malitiam
1655 546 1861 617 gignat;
1894 552 1949 600 et
1974 560 2074 599 au-

483 657 600 701 ctor
637 644 937 708 homicidii,
971 641 1063 711 qui
1100 638 1445 695 homicidium
1487 639 1690 708 primus
1728 636 1934 693 induxit
1959 638 2075 693 :sic

484 747 673 794 unctor
692 737 815 792 vitae
835 745 941 800 est,
964 733 1054 805 qui
1085 746 1115 787 a
1141 731 1323 802 seipso
1345 730 1507 785 vitam
1539 730 1718 785 habet.
1753 730 1914 796 Quem
1940 728 2075 784 Deus

484 831 761 898 suscitavit,
793 827 983 899 inquit.
1007 826 1298 896 Postquam
1331 824 1445 879 haec
1475 821 1718 889 dixerat,
1749 822 1926 877 subdit
1960 840 1972 874 :
2006 822 2074 876 Et

483 925 534 977 in
578 924 679 992 ﬁde
711 921 931 976 nominis
975 919 1087 990 ejus
1126 917 1290 981 hunc,
1319 931 1465 986 quem
1491 931 1576 969 vos
1600 914 1778 969 videtis
1802 924 1847 969 et
1875 916 2031 969 nostis
2054 956 2069 979 ,

482 1013 802 1082 conﬁrmavit
826 1028 1007 1066 nomen
1029 1011 1141 1079 ejus
1161 1024 1182 1065 :
1201 1017 1249 1063 et
1271 1008 1416 1078 ﬁdes,
1442 1024 1556 1076 qua:
1578 1025 1668 1075 per
1686 1024 1800 1063 eum
1820 1020 1911 1073 est,
1938 1008 2075 1062 dedit

485 1108 527 1158 ei
554 1107 803 1176 integram
824 1103 1089 1158 sanitatem
1114 1102 1283 1154 istam.
1315 1100 1471 1170 Atqui
1500 1100 1545 1154 si
1573 1099 1707 1155 ﬁdes
1736 1100 1791 1154 in
1817 1113 1964 1163 eum,
1990 1108 2073 1154 to-

487 1208 598 1252 tum
618 1205 959 1268 operataest,
979 1194 1101 1266 quia
1127 1193 1179 1248 in
1211 1192 1358 1248 illum
1383 1193 1650 1262 speravit;
1674 1207 1771 1249 cur
1790 1208 1896 1248 non
1918 1192 2071 1258 dixit,

487 1290 588 1344 Per
613 1303 834 1354 nomen,
860 1287 953 1344 sed
976 1328 990 1354 ,
1024 1285 1093 1340 In
1119 1285 1321 1340 nomine
1337 1286 1363 1339 ?
1387 1284 1521 1351 Quia
1548 1284 1782 1340 nondum
1806 1283 2076 1340 audebant

486 1381 688 1447 dicere,
718 1379 776 1434 In
805 1379 953 1433 illum
988 1376 1141 1433 fides.
1171 1377 1248 1433 Ne
1276 1391 1406 1433 vero
1430 1376 1579 1443 illud,
1609 1376 1713 1431 Per
1749 1377 1938 1445 ipsum,
1972 1375 2071 1429 lut-

489 1471 664 1525 milius
691 1478 853 1537 esset,
882 1468 1161 1540 subjunxit
1187 1485 1203 1523 :
1235 1467 1303 1522 Et
1330 1485 1515 1523 nomen
1536 1470 1648 1538 ejus
1673 1468 1991 1538 con/irritavit
2011 1470 2074 1523 il-

485 1566 610 1618 lum.
640 1562 709 1617 Et
727 1577 848 1618 cum
875 1562 977 1617 hoc
998 1563 1144 1631 prius
1159 1561 1405 1629 dixisset,
1432 1570 1557 1617 tunc
1573 1562 1681 1615 ait:
1702 1560 1767 1615 Et
1792 1562 1940 1631 ﬁdes,
1964 1578 2076 1632 qua:

489 1670 575 1722 per
600 1670 716 1711 eum
745 1663 839 1720 est,
863 1653 1002 1708 dedit
1023 1652 1102 1708 illi
1125 1654 1373 1724 integram
1402 1653 1669 1707 sanitatem
1696 1654 1866 1707 istam.
1899 1653 2031 1708 Vide
2056 1695 2070 1719 ,

486 1746 755 1813 quomodo
779 1745 1019 1802 declaret
1042 1759 1102 1800 se
1123 1754 1477 1816 attemperate
1497 1745 1625 1801 illud
1649 1745 1870 1802 dixisse.
1891 1746 2076 1817 Neque

487 1838 631 1892 enim
672 1838 778 1892 alio
811 1852 948 1907 opus
976 1838 1159 1893 habuit
1184 1838 1250 1892 ad
1276 1839 1722 1895 resurrectionem
1748 1880 1765 1905 ,
1800 1839 1956 1909 cujus
1981 1855 2075 1895 no-

492 1945 612 1984 men
644 1927 894 1984 claudum
918 1969 931 1994 ,
961 1929 1052 1999 qui
1081 1945 1112 1987 a
1142 1940 1356 1984 mortuo
1384 1929 1518 1983 nihil
1546 1930 1842 1999 differebat,
1873 1931 2071 1986 erexit.

488 2021 784 2091 Perpende.
816 2022 1085 2092 quomodo
1113 2022 1308 2092 ubique
1337 2022 1638 2078 testimonia
1662 2023 1874 2079 illorum
1906 2032 2075 2079 attra-

488 2112 598 2164 hat.
625 2111 886 2181 Superius
910 2111 1054 2167 enim
1084 2110 1257 2168 dixit:
1288 2112 1437 2169 Sicut
1472 2123 1517 2167 et
1552 2114 1648 2183 ipsi
1685 2114 1860 2179 scitis;
1898 2123 1981 2181 et,
2012 2114 2078 2169 In

488 2204 652 2258 medio
690 2204 870 2269 vestri;
899 2218 962 2259 ac
1004 2218 1219 2259 rursum
1245 2246 1260 2271 ,
1295 2204 1453 2270 Quem
1492 2204 1673 2260 videtis
1711 2215 1757 2261 et
1800 2208 1994 2272 nostis,
2025 2209 2079 2262 in

487 2308 757 2370 conspectu
778 2300 1005 2353 omnium
1024 2308 1240 2354 vestrum
1268 2298 1403 2370 (Act.
1425 2298 1479 2353 2.
1502 2299 1594 2355 '22.
1630 2312 1675 2354 et
1694 2302 1746 2356 5.
1774 2300 1883 2372 l6).
1919 2302 2077 2371 Atqui

491 2391 825 2459 nesciebant,
867 2391 1040 2460 ipsum
1088 2391 1142 2446 in
1183 2392 1400 2447 nomine
1446 2393 1612 2462 ipsius
1649 2408 1837 2449 sanum
1880 2394 2077 2450 factum

489 2496 643 2548 esse;
675 2482 769 2537 sed
805 2481 1077 2549 sciebant,
1119 2484 1292 2553 ipsum
1333 2484 1579 2539 claudum
1632 2482 1818 2541 fuisse.
1866 2486 1932 2541 Et
1980 2488 2081 2556 ipsi

490 2592 705 2646 quoque
728 2577 818 2646 qui
841 2576 1079 2632 iecerant
1098 2577 1511 2645 confitebantur,
1537 2592 1642 2634 non
1665 2593 1781 2646 sua,
1808 2579 1900 2635 sed
1926 2579 2083 2635 Chri-

490 2669 558 2719 sti
591 2668 787 2722 virtute
828 2668 1004 2737 ipsum
1047 2668 1439 2723 consolidatum
1476 2684 1617 2725 esse.
1662 2669 1719 2724 Si
1758 2684 1845 2725 res
1872 2687 1977 2725 non
2009 2671 2082 2727 ita

494 2759 700 2824 fuisset,
733 2768 785 2812 et
818 2770 947 2813 vere
975 2757 1331 2813 credidissent
1357 2759 1530 2830 ipsum
1561 2761 1920 2816 resurrexisse
1943 2804 1957 2827 ,
1989 2778 2086 2827 no,-

493 2851 719 2906 luissent
747 2849 942 2905 mortui
969 2849 1192 2920 gloriam
1224 2851 1393 2922 magis
1419 2867 1578 2922 quam
1608 2866 1761 2908 suam
1802 2862 2041 2911 statuere
2066 2897 2082 2925 ,

493 2959 612 2997 cinn
642 2943 873 2998 maxime
903 2942 980 2997 illi
1001 2942 1069 2998 ad
1090 2958 1150 2999 se
1170 2945 1520 3014 respicerent.
1547 2945 1749 3001 Deinde
1768 2949 2086 3017 perterritos

496 3038 709 3091 mutuos
748 3036 974 3092 fratrum
1013 3037 1231 3093 nomine
1270 3038 1450 3093 statim
1490 3040 1832 3106 consolatur,
1864 3040 2085 3111 dicens,

509 3129 614 3182 Viri
641 3133 843 3197 fratres.
888 3127 1001 3183 illic
1031 3128 1245 3199 quidem
1290 3128 1422 3183 nihil
1459 3129 1528 3186 de
1565 3130 1757 3201 seipsis
1786 3131 1951 3201 dixit,
1991 3133 2089 3189 sed

499 3234 702 3279 tantum
730 3222 798 3278 de
824 3222 1059 3288 Christo,
1088 3222 1233 3278 Certo
1254 3224 1410 3292 igitur
1435 3234 1729 3295 cognoscat,
1753 3225 1958 3295 dicens,
1981 3244 2091 3283 om-

500 3317 579 3369 nis
623 3315 803 3370 domus
841 3312 1011 3369 Israel
1042 3314 1169 3370 :hic
1213 3324 1390 3370 autem
1427 3314 1849 3373 admonitionem
1888 3318 2087 3389 adjicit.

502 3408 613 3463 Illic
641 3406 992 3477 exspectavit,
1021 3415 1078 3460 ut
1108 3406 1184 3462 illi
1212 3407 1487 3475 dicereut;
1537 3408 1622 3463 hic
1660 3409 1882 3476 sciebat,
1917 3426 2089 3482 quan-

505 3511 616 3556 tum
645 3501 851 3571 operati
879 3509 1061 3556 essent
1091 3542 1104 3565 ,
1148 3508 1204 3556 et
1240 3501 1382 3571 quod
1424 3502 1535 3572 jam
1576 3502 1653 3558 illi
1703 3505 2093 3564 tractabiliores

502 3602 703 3649 essent.
749 3590 891 3649 Sane
938 3600 993 3648 et
1030 3607 1151 3663 qua:
1192 3607 1352 3663 supra
1396 3593 1539 3649 dicta
1583 3595 1827 3664 fuerant,
1876 3612 1983 3653 non
2026 3614 2092 3655 ex

506 3684 801 3754 ignorantia
833 3694 1228 3754 processerant.
1276 3684 1407 3740 Nam
1446 3685 1587 3755 quod
1627 3686 1888 3744 latronem
1922 3690 2093 3759 petie—

511 3780 614 3834 rint
634 3819 650 3844 ,
686 3776 827 3847 quod
860 3791 981 3831 cum
1012 3776 1372 3832 absolvendus
1396 3777 1749 3847 judicaretur,
1774 3779 1827 3835 id
1856 3780 1955 3850 ipsi
1986 3797 2094 3837 non

505 3869 819 3925 admiserint
842 3908 857 3937 ,
890 3867 1029 3938 quod
1051 3866 1301 3923 occidere
1330 3868 1629 3937 voluerint,
1659 3870 1812 3941 cujus
1842 3872 2096 3942 ignoran-

509 3961 593 4014 tim
633 3973 753 4014 esse
800 3959 1038 4027 poterat?
1076 3960 1327 4013 Attamen
1369 3957 1460 4013 dat
1503 3959 1609 4015 illis
1648 3969 1967 4031 potestatem
1998 3979 2097 4019 ne-

506 4052 665 4123 gandi
693 4061 746 4108 et
775 4050 1068 4123 pteuiteudi
1103 4051 1170 4107 de
1197 4050 1383 4118 factis;
1430 4052 1541 4107 imo
1574 4053 1735 4109 etiam
1764 4054 2097 4125 probabilem

509 4159 607 4216 pro
637 4144 764 4214 ipsis
786 4142 1153 4199 defensionem
1185 4151 1357 4213 parat,
1383 4152 1438 4200 et
1466 4143 1596 4199 dicit
1623 4163 1636 4199 :
1664 4144 1819 4213 Quod
1850 4147 2101 4203 innocen-

511 4253 616 4295 tem
639 4237 978 4300 occideretis,
1002 4236 1289 4303 seicbatis;
1314 4236 1456 4308 quod
1479 4238 1771 4309 principem
1794 4239 1939 4306 vitae,
1965 4241 2101 4297 forte

510 4331 857 4401 iguorabatis.
890 4328 957 4384 Et
985 4328 1112 4384 hinc
1139 4344 1246 4384 non
1270 4328 1392 4385 illos
1413 4330 1558 4385 solos
1580 4344 1610 4385 a
1631 4331 1856 4387 crimine
1885 4333 2097 4401 liberat,

513 4425 609 4480 sed
638 4425 798 4479 etiam
826 4420 1050 4477 sceleris
1078 4430 1344 4476 auctores.
1375 4421 1626 4491 Alioquin
1653 4425 2103 4481 contentiosiores

512 4516 635 4570 illos
660 4513 1016 4580 reddidisset,
1056 4512 1102 4566 si
1135 4525 1440 4566 sermonem
1469 4513 1521 4565 in
1548 4514 1942 4569 accusationem
1973 4530 2104 4571 con-

516 4606 783 4661 vertisset.
833 4602 966 4657 Nam
1013 4602 1101 4673 qui
1149 4617 1311 4673 grave
1350 4603 1622 4673 quidpiam
1661 4607 1951 4675 commisit,
1984 4622 2105 4664 cum

514 4705 814 4762 accusatur,
837 4709 957 4751 sese
973 4709 1201 4765 purgare
1220 4702 1450 4763 tentans,
1474 4695 1843 4754 vehementior
1856 4697 2105 4754 efficitur.

520 4790 702 4860 Neque
724 4788 859 4843 ultra
889 4786 1034 4853 dicit,
1068 4785 1440 4856 Cruciiixistis,
1471 4789 1776 4857 occidistis;
1806 4790 1921 4857 sed,
1957 4790 2109 4846 Feci-

522 4886 636 4949 stis,
662 4881 730 4937 ad
754 4881 963 4937 veniam
990 4880 1111 4936 illos
1131 4880 1424 4936 deducens.
1448 4879 1504 4935 Si
1532 4880 1609 4936 illi
1633 4896 1728 4951 per
1754 4881 2109 4953 ignorantiam

525 4973 791 5041 fecerunt,
823 4972 994 5028 multo
1019 4971 1189 5042 magis
1221 4970 1312 5036 hi;
1360 4972 1405 5026 si
1450 4971 1557 5027 illis
1597 4972 1906 5042 remittitur,
1939 4976 2112 5030 multo

530 5066 697 5137 magis
724 5064 829 5120 his.
856 5062 1010 5132 Quod
1035 5072 1215 5119 autem
1243 5063 1489 5120 mirabile
1515 5073 1598 5120 est
1621 5105 1637 5133 ,
1670 5072 1724 5120 et
1753 5079 1914 5136 supra
1941 5075 1997 5122 et
2026 5066 2114 5123 hic

526 5177 651 5216 cum
686 5159 929 5223 dixisset,
967 5157 1080 5212 illic
1118 5156 1356 5229 quidem,
1385 5157 1608 5225 Deﬁnito
1648 5159 1859 5213 consilio
1894 5169 1940 5213 et
1974 5175 2112 5231 prte-

527 5251 771 5317 scientia;
818 5248 907 5303 hic
934 5262 1064 5303 vero
1088 5289 1103 5316 ,
1152 5247 1516 5302 Prtenuutiavit
1543 5248 1792 5304 omnibus
1817 5248 2113 5317 Christum,

533 5344 737 5400 nullum
767 5340 985 5397 adducit
1023 5340 1391 5394 testimonium
1423 5358 1435 5393 :
1466 5341 1670 5410 singula
1701 5342 1842 5395 enim
1874 5342 2117 5397 testimo-

529 5438 637 5503 nia,
669 5451 792 5493 eum
817 5431 1457 5509 criminibus,rultioncm
1488 5432 1824 5488 annuutiant.
1864 5431 1932 5487 Et
1962 5433 2115 5502 dabo,

528 5527 701 5599 inquit
720 5572 736 5596 ,
763 5529 947 5599 impios
974 5542 1066 5596 pro
1089 5524 1353 5597 sepultura
1382 5527 1491 5596 ejus
1512 5567 1528 5593 ,
1557 5537 1604 5581 et
1630 5526 1809 5580 divites
1838 5544 1930 5597 pro
1957 5536 2118 5583 morte

531 5620 670 5675 illius
699 5619 849 5691 (Isai.
881 5620 970 5677 53.
996 5619 1086 5688 9);
1115 5626 1168 5673 et
1199 5618 1416 5685 iterum,
1446 5617 1571 5684 Qute
1596 5619 1996 5690 praenuntiavit,
2036 5619 2121 5674 in-

535 5713 667 5781 quit,
701 5727 790 5779 per
820 5725 874 5762 os
900 5711 1125 5763 omnium
1148 5709 1529 5780 prophetarum,
1557 5711 1663 5780 pati
1684 5710 1870 5780 ipsum,
1898 5710 2122 5781 implevit

535 5808 628 5860 sic.
660 5803 910 5872 Magnum
937 5801 1268 5856 demonstrat
1290 5802 1601 5858 consilium:
1638 5802 1903 5873 siquidem
1930 5820 2119 5861 omnes

2184 451 2285 508 hoc
2310 452 2579 517 dicebant,
2611 470 2716 508 non
2746 471 2882 508 unus
2911 465 3136 511 tantum.
3164 456 3359 525 Neque
3381 464 3545 512 certe
3568 453 3699 527 quia
3724 472 3819 531 per

2182 546 2533 615 ignorantiam
2565 546 2702 602 facta
2734 559 2853 602 sunt
2880 591 2894 612 ,
2928 558 3120 617 praeter
3157 550 3248 604 Dei
3282 551 3647 605 voluntatem
3677 551 3818 606 facta

2179 647 2324 691 sunt.

2259 731 2396 785 Deus
2418 733 2635 786 aliorunt
2660 734 2977 805 malignitate
2999 735 3157 791 utitur
3190 736 3258 790 ad
3274 736 3508 790 bonum.
3541 766 3619 777 —
3640 736 3781 792 Vide
3800 781 3815 806 ,

2181 833 2376 894 quanta
2418 825 2485 878 sit
2532 825 2623 879 Dei
2669 827 2926 894 sapientia
2953 867 2968 891 ,
3007 842 3127 898 quae
3179 828 3425 882 aliorum
3472 828 3818 900 malignitate

2181 914 2349 969 utitur
2376 916 2443 969 ad
2474 915 2549 980 id,
2576 916 2717 987 quod
2744 917 2857 971 ﬁeri
2889 931 3024 986 opus
3054 927 3155 973 est.
3190 917 3473 989 Implevit,
3512 919 3717 988 inquit.
3742 920 3820 974 Ne

2179 1017 2429 1079 putarent
2458 1008 2656 1078 aliquid
2685 1009 2897 1076 deesse,
2929 1010 3029 1065 hoc
3050 1010 3264 1080 adjecit,
3286 1011 3605 1067 declarans
3633 1013 3816 1067 omnia

2180 1115 2299 1170 qua:
2330 1099 2436 1170 pati
2467 1100 2639 1170 ipsum
2668 1102 2950 1171 Oportebat
2973 1102 3190 1172 impleta
3217 1102 3420 1158 fuisse.
3460 1103 3577 1159 Sed
3613 1120 3686 1160 ne
3715 1121 3817 1175 pu-

2182 1192 2339 1260 tetis,
2372 1193 2496 1263 quia
2541 1192 2655 1248 haec
2696 1193 2974 1264 prophetae
3018 1194 3308 1263 dixerunt,
3344 1204 3407 1251 et
3439 1197 3577 1266 quia
3617 1195 3673 1251 id
3723 1214 3819 1269 per

2181 1283 2533 1353 ignorantiam
2563 1283 2797 1350 fecistis,
2832 1286 2933 1341 hoc
2957 1286 3022 1341 ad
3045 1285 3433 1343 defensionem
3463 1288 3631 1343 vobis
3660 1291 3814 1345 suffi-

2180 1390 2325 1430 cere.
2349 1376 2416 1429 At
2444 1391 2547 1430 non
2579 1376 2648 1431 ita
2674 1376 2836 1444 dicit,
2866 1376 2960 1431 sed
2988 1377 3169 1433 mitius
3198 1394 3211 1431 τ
3242 1377 3603 1433 Paenitemini
3627 1381 3813 1451 igitur.

2180 1466 2397 1534 Quare?
2422 1468 2489 1523 Ut
2509 1469 2771 1525 deleantur
2790 1480 2993 1539 peccata
3012 1480 3212 1535 vestra;
3232 1486 3344 1525 non
3366 1470 3465 1525 illa
3488 1472 3677 1526 solum
3697 1489 3817 1543 quae

2182 1562 2233 1616 in
2261 1562 2621 1634 eruciiigendo
2650 1563 2883 1619 admissa
2910 1572 3034 1619 sunt
3064 1581 3076 1617 :
3106 1564 3194 1619 illa
3225 1563 3467 1620 forsitan
3526 1580 3633 1636 per
3659 1566 3813 1635 igno-

2183 1653 2408 1707 rantiam
2438 1654 2573 1709 facta
2600 1665 2757 1720 sunt;
2787 1655 2884 1710 sed
2908 1666 2965 1711 ut
2988 1655 3091 1711 alia
3119 1671 3336 1727 quoque
3362 1666 3602 1727 peccata
3630 1668 3813 1714 vestra

2181 1744 2481 1801 deleantur.
2520 1746 2719 1802 Deinde
2743 1747 2921 1817 adjicit
2943 1765 2956 1800 :
2981 1746 3049 1803 Ut
3075 1748 3121 1801 si
3140 1749 3371 1803 venerint
3398 1748 3552 1802 vobis
3582 1759 3815 1820 tempora

2181 1836 2450 1906 refrigerii.
2474 1835 2570 1893 Hic
2588 1836 2656 1892 de
2676 1839 3069 1893 resurrectione
3093 1839 3322 1895 obscure
3351 1839 3610 1909 loquitur
3639 1856 3654 1894 :
3688 1857 3810 1893 nam

2184 1927 2272 1979 illa
2306 1942 2433 1982 vere
2455 1938 2577 1983 sunt
2610 1928 2869 1999 refrigerii
2901 1939 3160 2001 tempora,
3193 1946 3315 2000 qua:
3346 1931 3567 1987 Paulus
3594 1948 3809 2002 quaere-

2182 2019 2293 2085 bat,
2321 2019 2507 2075 dicens
2532 2038 2546 2074 :
2577 2020 2642 2075 Et
2662 2038 2754 2075 nos
2777 2022 2862 2089 qui
2889 2038 3065 2077 sumus
3091 2022 3142 2076 in
3169 2022 3541 2088 tabernaculo,
3569 2024 3809 2095 ingemis-

2183 2111 2345 2167 cimus
2366 2114 2560 2183 gravati
2593 2114 2667 2185 (2.
2701 2112 2820 2168 Cor.
2852 2114 2904 2168 5.
2929 2116 3008 2185 4).
3034 2114 3234 2169 Deinde
3258 2115 3603 2182 ostendens,
3635 2117 3806 2185 ipsum

2184 2219 2304 2260 esse
2323 2214 2620 2276 temporum
2651 2206 2912 2277 refrigerii
2938 2213 3231 2273 auctorem,
3258 2204 3328 2258 Et
3357 2208 3586 2271 miserit,
3613 2206 3804 2277 inquit,

2185 2315 2297 2351 eum
2319 2340 2333 2366 ,
2364 2300 2449 2369 qui
2478 2300 2614 2353 vobis
2653 2310 2771 2354 ante
2814 2298 3115 2369 prtcdicatus
3144 2309 3249 2366 est,
3286 2298 3486 2354 Iesum
3522 2300 3801 2356 Christum.

2185 2390 2300 2445 Non
2331 2390 2487 2458 dixit,
2521 2391 2772 2446 Deleatur
2794 2400 3066 2459 peccatum
3097 2399 3367 2457 vestrum;
3400 2392 3526 2458 sed,
3564 2391 3801 2457 Pcecata,

2168 2493 2261 2551 et,
2292 2483 2422 2538 illud
2449 2484 2813 2549 subiudicans,
2841 2483 3058 2538 Miserit.
3083 2484 3196 2539 Hoc
3220 2485 3305 2538 ubi
3328 2485 3499 2552 dixit,
3522 2502 3633 2539 non
3662 2485 3807 2539 addit

2189 2576 2355 2642 unde;
2373 2576 2468 2632 sed
2485 2576 2656 2630 solum
2682 2575 2863 2645 adjicit
2882 2593 2893 2627 :
2918 2575 3078 2643 Quem
3098 2585 3292 2646 Oportet
3307 2576 3506 2631 ca’lum
3527 2577 3800 2647 suscipere.

2190 2667 2383 2738 Utique
2406 2667 2700 2738 suscipere.
2724 2667 2793 2722 Et
2818 2682 2915 2723 cur
2938 2682 3043 2722 non
3071 2667 3225 2733 dixit,
3251 2668 3434 2735 Quem
3462 2671 3664 2725 emtum
3692 2683 3805 2724 sus-

2188 2760 2363 2830 cepit?
2403 2760 2516 2816 Hoc
2556 2760 2710 2830 quasi
2748 2759 2817 2815 de
2859 2759 3053 2831 priscis
3091 2761 3435 2830 temporibus
3478 2761 3614 2816 dicit
3658 2779 3673 2816 :
3718 2758 3806 2815 Sic

2190 2853 2559 2925 dESpensatum
2599 2862 2721 2922 est,
2764 2854 2844 2910 sic
2885 2855 3229 2909 constitutum
3279 2871 3291 2908 :
3329 2854 3407 2909 de
3430 2864 3640 2912 aeterna
3679 2870 3804 2910 vero

2190 2948 2308 3017 ejus
2329 2946 2609 3002 existentia
2633 2946 2870 3001 nondum
2896 2945 3048 3017 dixit;
3073 2945 3168 3002 sed
3194 2945 3380 3005 adhuc
3407 2947 3480 3002 de
3502 2949 3805 3004 oeconomia

2192 3038 2307 3094 sive
2323 3036 2693 3095 incarnatione
2722 3039 2891 3110 pergit
2916 3038 3116 3094 dicere.
3137 3038 3343 3110 Moyses
3377 3041 3593 3113 quidem
3628 3040 3800 3112 loquu-

2193 3141 2275 3186 tus
2302 3143 2373 3188 est
2404 3132 2631 3203 patribus
2658 3147 2679 3188 :
2712 3131 3024 3204 Prop/ictam
3060 3132 3199 3188 vobis
3236 3134 3488 3188 excitabit
3527 3133 3797 3189 Dominus.

2196 3222 2403 3280 Deinde
2449 3238 2571 3278 cum
2617 3224 2865 3293 superius
2913 3224 3135 3279 dixisset
3184 3242 3198 3279 :
3248 3223 3431 3293 Usque
3464 3224 3537 3278 ad
3580 3234 3804 3294 tempora

2196 3315 2526 3372 restitutionis
2549 3316 2797 3384 omnium,
2820 3331 2933 3387 quas
2961 3316 3197 3386 loquutus
3219 3324 3293 3370 est
3321 3314 3475 3371 Deus
3496 3332 3592 3387 per
3616 3332 3675 3370 os
3698 3331 3802 3369 om-

2198 3409 2338 3462 nium
2362 3416 2652 3463 sanctorum
2676 3423 2884 3463 suorum
2914 3408 3275 3479 prapltetarum
3299 3423 3332 3460 a
3363 3408 3565 3463 sa’eula
3585 3450 3600 3475 ,
3631 3407 3803 3477 ipsum

2200 3501 2415 3557 tandem
2458 3501 2663 3556 inducit
2708 3499 3001 3556 Christum.
3026 3499 3161 3556 Nam
3200 3501 3245 3555 si
3289 3503 3467 3557 multa
3518 3498 3799 3572 prtedixit,

2200 3593 2479 3663 ipsumque
2500 3591 2688 3647 audire
2724 3599 2939 3661 oportet
2985 3611 3000 3648 :
3042 3605 3150 3646 non
3193 3591 3539 3649 aberraverit
3580 3590 3730 3663 quis,
3759 3587 3808 3642 si

2198 3682 2342 3740 dicat
2368 3683 2484 3738 haec
2518 3682 2806 3753 prophetas
2834 3682 3056 3739 dixisse.

2271 3775 2326 3831 4.
2372 3775 2622 3845 Alioquin
2657 3788 2787 3830 vero
2816 3774 2930 3830 vult
2954 3773 3239 3837 ostendere
3261 3817 3275 3841 ,
3308 3775 3509 3833 eadem
3542 3776 3657 3846 ipsa
3687 3789 3803 3844 pro-

2200 3868 2391 3939 phetas
2416 3865 2747 3936 praedixisse.
2780 3867 2847 3921 Et
2878 3865 2924 3920 si
2953 3866 3073 3937 quis
3111 3876 3360 3921 accurate
3393 3864 3799 3937 exploraverit,

2203 3961 2293 4016 illa
2322 3959 2577 4027 inveniet,
2610 3958 2737 4015 licet
2784 3958 3012 4014 obscure
3037 3958 3179 4014 dicta
3210 3976 3223 4012 :
3258 3966 3316 4013 ut
3346 3958 3490 4014 nihil
3521 3960 3593 4015 sit
3621 3970 3801 4013 recens

2203 4052 2425 4109 dictum.
2455 4050 2801 4106 Prwdicatum
2824 4091 2840 4117 ,
2877 4049 3067 4121 inquit.
3098 4049 3195 4106 Hic
3238 4051 3355 4107 illos
3403 4052 3574 4107 etiam
3606 4055 3800 4109 terret,

2204 4146 2354 4217 quasi
2400 4144 2566 4200 multa
2610 4143 2785 4200 adhuc
2814 4143 3025 4200 residua
3064 4152 3266 4200 essent.
3299 4142 3593 4211 Quomodo
3632 4149 3802 4196 autem

2206 4237 2417 4293 dicebat
2444 4254 2458 4290 :
2488 4234 2726 4307 Implevit
2750 4252 2829 4298 ea,
2857 4250 2970 4305 qua:
2995 4236 3219 4305 oportuit
3250 4235 3399 4290 illum
3434 4235 3589 4307 pati?
3618 4231 3806 4301 Imple-

2207 4331 2293 4394 vit,
2324 4330 2514 4400 inquit,
2542 4342 2671 4394 non,
2704 4327 2984 4399 impletum
3014 4337 3131 4395 est;
3161 4327 3470 4396 declarans,
3502 4329 3677 4398 ipsum
3708 4338 3800 4386 ea.

2207 4437 2327 4493 quas
2372 4420 2479 4491 pati
2535 4420 2853 4491 oportebat,
2907 4419 3247 4489 implevisse;
3290 4436 3413 4491 quae
3468 4434 3601 4474 vero
3630 4416 3801 4471 futura

2210 4513 2403 4569 deinde
2430 4521 2576 4580 sunt,
2604 4512 2821 4583 impleta
2849 4511 3087 4567 nondum
3114 4526 3261 4567 esse.
3308 4510 3631 4582 Prophetam
3672 4507 3804 4562 vobis

2209 4607 2471 4663 suscitabit
2523 4604 2774 4659 Dominus
2813 4605 2951 4659 Deus
2995 4619 3058 4658 ea:
3113 4603 3355 4676 fratribus
3405 4604 3586 4660 vestris
3610 4644 3626 4670 ,
3677 4610 3805 4654 tant-

2211 4716 2365 4771 quam
2383 4714 2488 4753 me.
2509 4695 2665 4765 Quod
2689 4696 2810 4752 illos
2831 4696 3064 4752 maxime
3083 4696 3422 4765 conciliabat,
3445 4696 3598 4751 dicit.
3624 4690 3800 4751 Vides.

2214 4790 2484 4863 quomodo
2513 4788 2734 4844 humilia
2760 4788 2919 4843 simul
2951 4798 3007 4844 et
3029 4789 3276 4845 sublimia
3305 4789 3569 4861 spargat?
3599 4783 3805 4842 iiumile

2215 4885 2358 4939 enim
2388 4892 2443 4939 et
2472 4881 2701 4939 sublime
2725 4889 2840 4949 est,
2866 4882 2913 4941 si
2946 4882 2992 4937 is
3011 4924 3026 4949 ,
3056 4883 3144 4952 qui
3172 4882 3225 4937 in
3265 4882 3457 4938 caelum
3485 4888 3804 4937 ascensurus

2216 4987 2320 5042 eSt,
2345 4973 2537 5030 similis
2556 4974 2625 5029 sit
2644 4972 2812 5045 Moysi
2837 4982 3237 5030 :verumtamen
3256 4983 3382 5029 tunc
3396 4987 3649 5044 magnum
3670 4974 3801 5025 erat.

2217 5066 2333 5122 Non
2359 5074 2540 5121 autem
2567 5065 2861 5123 secundum
2891 5066 3129 5138 Moysem
3156 5074 3239 5120 est
3264 5065 3393 5121 illud
3427 5084 3441 5121 :
3470 5064 3541 5118 Et
3565 5063 3661 5118 erit
3701 5073 3803 5113 om—

2219 5162 2300 5215 nis
2343 5160 2430 5231 qui
2473 5174 2577 5213 non
2617 5158 2873 5226 audierit,
2912 5159 3343 5214 exterminabitur.
3388 5159 3677 5214 Innumera
3708 5150 3803 5206 alia

2220 5251 2393 5318 dixit,
2432 5266 2553 5322 quae
2581 5249 2813 5321 probant
2837 5250 2986 5305 illum
3026 5265 3132 5306 non
3173 5265 3295 5305 esse
3327 5250 3494 5322 Moysi
3536 5246 3799 5303 similem:

2224 5345 2402 5414 itaque
2426 5359 2677 5415 magnum
2709 5344 3072 5398 testimonium
3101 5343 3294 5414 attigit.
3316 5342 3451 5398 Deus
3478 5342 3623 5396 illum
3648 5335 3796 5392 suscio

2225 5439 2347 5493 tabit
2368 5480 2385 5506 ,
2416 5438 2625 5509 inquit,
2656 5438 2720 5493 de
2747 5438 2987 5509 fratribus
3015 5439 3210 5493 vestris.
3249 5438 3461 5510 Moyses
3501 5435 3657 5504 igitur
3696 5431 3801 5499 ipsc

2227 5530 2604 5586 interminatus
2626 5541 2707 5585 est
2737 5546 2844 5586 non
2870 5530 3230 5586 audientibus.
3262 5531 3387 5586 Haec
3405 5529 3581 5584 omnia
3606 5521 3801 5592 adjecta

2228 5630 2372 5680 Sunt.
2423 5620 2489 5675 Et
2512 5638 2684 5677 onmes
2729 5623 2989 5693 praphette
3009 5663 3024 5687 ,
3055 5620 3261 5692 inquit,
3290 5638 3324 5675 a
3354 5617 3607 5675 Samuele.
3634 5606 3798 5667 Noluit

2230 5712 2468 5783 singulos
2495 5727 2775 5768 recensere
2798 5753 2813 5779 ,
2848 5728 2914 5768 ne
2940 5713 3147 5783 longior
3176 5727 3354 5768 sermo
3391 5716 3564 5773 esset;
3592 5700 3683 5760 sed
3706 5713 3797 5766 οβ’

2236 5813 2463 5875 portuno
2492 5819 2619 5860 usus
2648 5804 2841 5878 Mnysis
2867 5808 3194 5876 testimonio,
3226 5809 3367 5865 ultra
3393 5803 3534 5863 misit
3561 5810 3670 5855 eos.
3710 5788 3801 5846 νος
