4092 6476
308 429 383 488 79
1299 420 1366 476 IN
1410 418 1593 475 ACTA
1632 414 2175 473 APOSTOLORUXI.
2213 413 2449 469 IIOMIL.
2494 412 2583 469 lx.
3528 407 3598 462 80

306 553 424 602 Ὃν
444 551 482 602 δ
505 545 654 613 Θεὸς
677 545 895 616 ἤγειρε,
921 544 1110 617 φησίν.
1146 544 1364 616 Ἐπειδὴ
1393 543 1552 599 τοῦτο
1579 541 1901 614 ἐφθέγξατο,

300 634 561 701 ἐπήγαγε
583 646 597 660 ·
639 630 746 684 Kal
783 629 881 683 ἐπὶ
926 627 1003 698 τῇ
1032 629 1230 683 πίστει
1256 628 1363 682 τοῦ
1388 628 1682 697 ὀνόματος
1712 625 1901 681 αὐτοῦ

300 715 545 778 τοῦτον,
596 712 673 767 ὃν
724 712 991 781 θεωρεῖτε
1047 712 1145 767 καί
1180 711 1401 775 οἴδατε,
1463 710 1791 781 ἐστερέωσε
1836 711 1902 764 τὸ

302 799 499 867 ὄνομα
553 794 783 851 αὐτοῦ’
820 799 919 850 zeal
947 795 988 862 ἡ
1027 795 1232 859 πίστις
1258 793 1297 861 ἠ
1341 792 1415 847 δι’
1445 794 1635 848 αὐτοῦ
1677 793 1904 848 ἔδωκεν

306 880 466 946 αὐτῷ
490 881 614 949 τὴν
638 879 1014 947 ὁλοκληρίαν
1038 878 1285 947 ταύτην.
1338 875 1444 931 Kal
1478 877 1585 951 μὴν
1610 877 1704 931 ὲάν
1737 878 1771 949 ή
1826 877 1908 943 εἰς

313 964 464 1020 αὐτόν
488 966 614 1017 ἐστι
653 963 890 1034 πίστιςή
919 962 982 1016 τὸ
1009 964 1119 1016 πᾶν
1153 962 1505 1034 ἐργασαμένη
1526 1000 1543 1028 ,
1582 960 1680 1016 zeal
1712 962 1794 1016 ὅτι
1826 963 1906 1026 εἰς

315 1049 467 1103 αὐτὸν
491 1046 819 1107 ἐπίστευσε,
838 1044 983 1109 τίνος
1014 1045 1200 1098 ἕνεκεν
1220 1045 1321 1099 οὐκ
1345 1040 1519 1108 εἶπεν,
1556 1044 1655 1099 Διά
1678 1043 1772 1099 τοῦ
1797 1043 1909 1098 ὀνό-

318 1149 504 1202 ματος,
529 1130 682 1194 ἀλλ’,
724 1130 828 1184 Ἐν
853 1127 934 1194 τῷ
959 1129 1242 1203 ὀνόματι;
1292 1130 1417 1183 Ὅτι
1445 1126 1598 1183 οὐπω
1641 1128 1908 1200 ἐθάρρουν

314 1219 506 1279 εἰπεῖν,
548 1215 620 1267 Ἦ
645 1214 730 1275 εἰς
758 1212 920 1266 αὐτὸν
949 1211 1151 1275 πίστις.
1180 1212 1302 1266 Ἵνα
1321 1212 1379 1265 δὲ
1411 1211 1486 1283 μὴ
1516 1224 1543 1252 ⁸
1570 1210 1652 1278 τὸ,
1695 1211 1775 1265 Δι’
1800 1211 1908 1266 αὐ-

313 1300 437 1366 τοῦ,
486 1297 756 1353 ταπεινὸν
799 1293 859 1371 ᾖ,
913 1296 1159 1367 ἐπήγαγε
1184 1310 1200 1326 ·
1257 1294 1369 1351 Kal
1398 1296 1466 1349 τὸ
1505 1295 1695 1366 ὄνομα
1720 1294 1908 1350 αὐτοῦ

313 1381 694 1448 ἐστερέωσεν
720 1381 930 1436 αὐτόν.
951 1379 1062 1453 Kal
1082 1377 1239 1431 τοῦτο
1272 1378 1538 1450 πρότερον
1564 1376 1754 1443 εἰπὼν,
1788 1377 1909 1431 τότε

316 1465 480 1534 φησί’
506 1463 617 1518 Καὶ
646 1462 688 1527 ἡ
724 1462 932 1526 πίστις
957 1460 993 1528 ἡ
1023 1459 1097 1513 δι’
1124 1460 1311 1514 αὑτοῦ
1334 1459 1558 1515 ἔδωκεν
1587 1459 1748 1526 αὐτῷ
1794 1459 1911 1527 τὴν

316 1550 694 1617 ὁλοκληρίαν
723 1546 968 1611 ταύτην.
997 1545 1157 1616 Ὅρα,
1190 1544 1305 1608 πῶς
1343 1544 1650 1607 δείκνυσιν,
1688 1544 1771 1598 ὅτι
1814 1544 1909 1597 καὶ

323 1636 496 1687 ’έκεῖνο
523 1628 979 1701 συγκαταϐαίνων
1009 1625 1180 1681 εἶπεν.
1201 1630 1275 1682 υύ
1306 1627 1416 1699 γάρ
1448 1628 1514 1683 ἂν
1541 1628 1727 1701 ἐτέρου
1754 1627 1908 1699 ἐδεή-

330 1717 400 1788 θη
424 1715 551 1786 πρὸς
576 1713 905 1774 ἀνάστασιν,
937 1705 999 1765 οὗ
1021 1711 1081 1765 τὸ
1114 1710 1283 1782 ὄνομα
1314 1710 1488 1781 χωλὸν
1522 1711 1674 1764 οὐδὲν
1712 1709 1907 1780 νεκροῦ

331 1797 641 1869 ἆαφέροντα
664 1798 875 1868 ῆγειρε.
900 1794 1121 1859 Σκόπει,
1146 1794 1262 1856 πῶς
1287 1792 1563 1863 πανταχοῦ
1581 1792 1679 1858 τὰς
1704 1810 1911 1863 μαρτυ-

324 1884 440 1952 ρίας
484 1882 675 1934 αὐτῶν
715 1879 1037 1935 ἐπισπᾶται,
1097 1877 1379 1948 Ἀνωτέρω
1435 1877 1534 1947 μὲν
1561 1876 1670 1947 γάρ
1722 1875 1908 1945 ἔλεγεο

316 1965 521 2031 Καθὼς
541 1965 645 2018 zeal
675 1961 846 2018 αὐτοὶ
872 1960 1072 2016 οἴδατε
1091 1973 1106 1987 ·
1141 1959 1256 2022 καὶ,
1295 1961 1393 2012 Ἐν
1411 1958 1579 2029 μέσῳ
1604 1957 1797 2028 ὑμῶν·
1816 1958 1911 2011 zeal

313 2049 499 2111 πάλιν,
540 2050 658 2101 Ὅν
694 2044 960 2115 θεωρεῖτε
985 2044 1083 2099 καί
1114 2044 1334 2107 οἴδατε,
1357 2043 1646 2099 ἀπέναντι
1671 2043 1913 2097 πάντων

311 2130 503 2201 ὑμῶν.
546 2130 750 2184 Καίτοι
783 2132 840 2181 ἐν
865 2127 943 2200 τῷ
964 2127 1189 2197 ὀνόματι
1226 2126 1393 2181 αὐτοῦ
1433 2129 1531 2180 οὐκ
1565 2127 1761 2197 ᾔδεσαν
1782 2165 1797 2191 ,
1828 2128 1910 2180 ὅτι

310 2217 470 2286 ὑγιὴς
495 2214 758 2286 ἕστηκεν,
779 2212 914 2268 ἀλλὰ
937 2212 1096 2267 τοῦτο
1113 2211 1332 2283 ᾔδεσαν,
1368 2212 1450 2265 ὃτι
1474 2210 1648 2282 χωλὸς
1679 2206 1767 2281 ἦν.
1806 2212 1911 2265 Kal

312 2301 465 2354 αὐτοὶ
492 2299 557 2352 δὲ
588 2300 644 2352 οἰ
676 2297 1040 2369 πεποιηκότες
1067 2295 1406 2366 ὡμολόγουν,
1440 2295 1523 2349 ὅτι
1563 2296 1664 2349 οὐκ
1692 2295 1795 2365 ἰδία
1822 2295 1913 2349 δυο

311 2385 475 2452 νάμει
502 2422 521 2446 ,
558 2380 703 2437 ἀλλά
749 2382 816 2450 τῇ
859 2379 953 2433 τοῦ
984 2377 1225 2449 Χριστοῦ
1281 2377 1597 2448 ὲστερέωτο.
1656 2379 1720 2432 Εἰ
1747 2379 1805 2431 δὲ
1837 2376 1913 2449 μὴ

312 2468 471 2521 τοῦτο
496 2461 595 2537 ἦν,
648 2464 746 2518 zeal
792 2462 961 2526 ὅντως
988 2459 1348 2533 πεπεισμένοι
1385 2456 1549 2533 ἦσαν,
1575 2462 1658 2516 ὅτι
1687 2461 1910 2530 ἀνέστη,

313 2554 411 2605 οὐκ
440 2550 511 2605 ἂν
544 2547 828 2618 ἠθέλησαν
857 2543 954 2598 τοῦ
976 2543 1172 2616 νεκροῦ
1187 2543 1286 2617 τὴν
1304 2542 1464 2609 δόξαν
1491 2544 1685 2616 στῆσαι
1713 2543 1914 2614 μᾶλλον

317 2634 468 2706 ἦτὴν
499 2629 737 2695 ἑαυτῶν,
765 2628 862 2683 zeal
890 2626 1063 2682 ταῦτα
1092 2627 1317 2682 ἐκείνων
1346 2626 1485 2699 πρὸς
1522 2627 1718 2690 αὐτοὺς
1742 2625 1914 2698 ὁρών-

325 2736 451 2773 των.
477 2710 614 2770 Εἶτα
653 2712 1046 2785 πεφοϐημένας
1071 2711 1251 2767 αὐτῶν
1273 2710 1374 2777 τὰς
1414 2710 1593 2782 ψυχάς
1618 2710 1823 2774 εὐθέως
1846 2713 1911 2783 τῇ

329 2800 439 2855 τῶν
489 2797 736 2867 ἀδελφῶν
798 2794 1141 2868 προσηγορίᾳ
1193 2793 1646 2867 παρεμυθήσατο,
1698 2791 1868 2847 εἰπών
1894 2809 1910 2825 ο

335 2884 566 2954 Ἄνδρες
588 2880 874 2950 ἀδελφοί.
931 2880 1081 2933 Ἐκεῖ
1105 2878 1208 2950 μὲν
1226 2878 1335 2950 γὰρ
1362 2877 1517 2932 οὐδὲν
1546 2876 1675 2948 περὶ
1704 2875 1916 2930 ἑαυτῶν

318 2963 490 3034 εἶπεν,
538 2964 683 3020 ἀλλά
738 2963 899 3036 μόνον
929 2962 958 3005 ιι
1000 2962 1253 3035 περὶτοῦ
1286 2959 1547 3033 Χριστοῦ,
1613 2958 1919 3030 Ἅσφαλῶς

311 3047 427 3107 οὖν
463 3047 841 3122 γινωσκέτω,
880 3044 1073 3115 λέγων,
1118 3043 1239 3113 πᾶς
1292 3040 1457 3113 οἶκος
1502 3043 1781 3112 ἰσραήλ’
1831 3044 1918 3097 ιν-

311 3134 490 3189 ταῦθα
529 3132 594 3186 δὲ
631 3131 732 3185 zeal
778 3130 1102 3201 παραίνεσιν
1140 3128 1428 3200 προσάγει.
1474 3128 1627 3181 Ἐκεῖ
1652 3127 1919 3199 ἀνέμενεν

290 3219 520 3282 ἀὐτοὺς
572 3216 780 3270 εἰπεῖν’
822 3212 1060 3269 ἐνταῦθα
1086 3212 1201 3285 ᾔδει
1235 3212 1397 3266 πόσον
1431 3210 1779 3283 εἰργάσαντο,
1824 3212 1922 3268 zeal

308 3302 384 3366 ὡς
405 3295 574 3356 οὗτοι
596 3296 803 3370 μᾶλλον
832 3292 974 3367 ἦσαν
1002 3295 1359 3366 ᾠκειωμένοι.
1406 3296 1517 3350 Kal
1559 3293 1665 3367 μὴν
1692 3294 1762 3349 τά
1808 3295 1921 3351 ἀνω

304 3382 601 3456 εἰρημένα
629 3381 734 3434 οὐκ
760 3374 830 3451 ἦν
860 3378 1100 3448 ἀγνοίας.
1124 3379 1198 3432 Τὸ
1216 3377 1326 3451 γὰρ
1344 3377 1436 3432 τὸν
1458 3376 1660 3451 λῃστὴν
1678 3378 1918 3448 αἰτῆσαι,

305 3471 368 3525 τὺ
390 3469 493 3524 τὸν
524 3477 557 3508 ﬁ
585 3464 847 3539 κριθέντα
867 3461 1202 3532 ἀπολυθῆναι
1232 3463 1308 3535 μὴ
1334 3462 1537 3530 λαϐεῖν,
1556 3462 1619 3516 τὸ
1643 3463 1739 3517 zeal
1766 3461 1923 3533 θελῆ-

304 3572 401 3609 σαι
435 3550 693 3617 ἀνελεῖν,
724 3547 883 3611 ποίας
915 3545 1175 3616 ἀγνοίας;
1222 3545 1364 3600 Ἀλλ’
1403 3546 1554 3618 ὅμως
1585 3545 1800 3601 δίδωσιν
1827 3544 1924 3598 αὐ-

301 3641 420 3703 τοῖς
451 3634 724 3702 ἐξουσίαν
758 3629 1120 3702 ἀρνήσασθαι,
1172 3630 1267 3684 καὶ
1294 3628 1636 3702 μεταγνῶναι
1667 3628 1761 3681 ἑατί
1810 3629 1924 3691 τοῖς

304 3716 754 3791 γεγενημένοις·
793 3712 993 3784 μᾶλλον
1018 3711 1075 3766 δὲ
1103 3711 1200 3767 zeal
1230 3713 1529 3781 ἀπολογίαν
1561 3712 1705 3782 ὑπὲρ
1741 3709 1923 3791 αὐτῶν

308 3788 647 3874 συντίθησιν
702 3796 1058 3868 εὐπρόσωπον
1081 3834 1098 3860 ,
1159 3796 1255 3850 zeal
1305 3795 1492 3864 λέγει’
1519 3795 1646 3849 Ὅτι
1702 3794 1801 3865 μὲν
1829 3788 1924 3848 οὖν

309 3886 497 3958 ἀθῷον
521 3884 808 3955 ἀνῃρεῖτε,
835 3880 1013 3953 ᾔδειτε
1031 3896 1046 3912 ·
1072 3880 1154 3934 ὅτι
1179 3878 1236 3932 δὲ
1254 3878 1346 3933 τὸν
1369 3876 1613 3950 ἀρχηγὸν
1631 3876 1731 3948 τῆς
1753 3876 1919 3946 ζωῆς,

313 3969 445 4034 ἴσως
479 3968 767 4037 ὴγνοεῖτε.
795 3964 905 4018 Καὶ
924 3961 1175 4018 ἐντεῦθεν
1201 3962 1303 4016 οὐκ
1326 3961 1525 4025 αὐτοὺς
1551 3960 1743 4032 μόνους
1760 3959 1925 4031 ἀφίη-

312 4073 397 4109 σιν
432 4050 839 4124 ἐγκλημάτων,
870 4046 1005 4102 ἀλλὰ
1036 4047 1130 4101 zeal
1154 4045 1281 4109 τοὺς
1308 4045 1416 4101 τῶν
1452 4044 1635 4099 κακῶν
1670 4041 1787 4117 [74]
1821 4044 1923 4114 ἀρι-

310 4139 675 4211 χιτέκτονας.
707 4129 785 4185 Ἦ
807 4131 915 4203 γάρ
936 4129 1001 4185 ἂν
1026 4128 1490 4201 φιλονεικοτέρους
1516 4128 1713 4211 αὐτοὺς
1739 4126 1925 4211 ἐποίη-

312 4209 431 4287 σεν,
467 4219 535 4274 et
564 4235 631 4287 γε
679 4217 759 4279 εἰς
791 4212 1124 4286 κατηγορίαν
1172 4211 1265 4266 τὸν
1294 4211 1453 4280 λόγον
1505 4210 1796 4283 ἐξήγαγεν.
1864 4209 1924 4265 '0

312 4305 429 4376 γάρ
452 4320 515 4356 τι
546 4299 726 4354 δεινὸν
754 4298 1125 4370 ἐργασάμενος
1140 4295 1193 4358 ἀ,
1220 4295 1350 4350 ὅταν
1373 4312 1457 4362 τις
1482 4297 1785 4367 κατηγορῇ,
1805 4310 1923 4346 πει·

314 4391 583 4458 ρώμενος
615 4379 1020 4448 ἀπολογεῖσθαι,
1070 4379 1423 4451 σφοδρότερος
1460 4378 1690 4447 γίνεται.
1726 4380 1834 4432 Καὶ
1861 4376 1922 4430 οὐ

311 4470 474 4538 λέγει
510 4466 708 4520 λοιπὸν
728 4504 745 4531 ,
778 4464 861 4517 ὅτι
907 4461 1342 4535 Ἐσταυρώσατε,
1382 4462 1710 4533 ἔφονεύσατε
1735 4476 1751 4491 ·
1785 4460 1922 4524 ἀλλ’,

330 4550 706 4620 ἐπράξατε,
736 4548 828 4601 ἐπὶ
861 4544 1189 4617 συγγνώμην
1213 4545 1410 4608 αὐτοὺς
1439 4544 1607 4614 ἄγων.
1638 4545 1702 4599 Εἰ
1726 4544 1926 4598 ἐκεῖνοι

320 4638 471 4692 κατά
506 4634 759 4701 ἄγνοιαν,
783 4628 961 4701 πολλῷ
992 4628 1191 4699 μᾶλλον
1221 4622 1368 4684 οὗτοι
1389 4646 1403 4660 ·
1435 4630 1485 4682 εἰ
1515 4629 1712 4683 ἐκεῖνοι
1737 4627 1926 4697 ἀφίεν-

321 4740 441 4786 ται,
481 4716 674 4787 πολλῷ
706 4714 901 4786 μᾶλλον
941 4706 1107 4767 οῦτοι.
1137 4711 1209 4767 Τὸ
1241 4712 1297 4767 δὲ
1326 4712 1672 4784 θαυμαστὸν,
1713 4713 1797 4766 ὅτι
1832 4712 1927 4766 καὶ

327 4810 445 4859 άνω
502 4803 603 4857 καὶ
646 4797 881 4853 ἐνταῦθα
921 4794 1092 4852 εἰπὼν
1118 4837 1133 4866 ,
1175 4797 1293 4849 ἐκεῖ
1347 4795 1469 4867 μὲν,
1511 4794 1593 4866 Τῇ
1624 4795 1923 4867 ὡρισμένῃ

331 4885 540 4955 βουλῇ
568 4883 670 4939 zeal
709 4880 1037 4952 προγνώσει
1054 4920 1071 4948 ,
1105 4877 1341 4933 ἐνταῦθα
1363 4879 1439 4941 δὲ,
1468 4880 1551 4934 ὅτι
1582 4879 1926 4950 Προκατιξτιο

343 4975 501 5039 Tala
523 4971 661 5023 πᾶσι
688 4966 779 5020 τὸν
803 4964 1055 5038 Χριστὸν,
1078 4961 1312 5035 οὐδαμοῦ
1339 4964 1576 5036 παράγει
1599 4963 1923 5036 μαρτυρίαν,

349 5052 483 5105 διότι
503 5053 706 5121 ἑκάστη
732 5050 909 5103 αὐτῶν
940 5059 965 5087 θ
990 5046 1126 5119 μετά
1158 5044 1370 5099 πολλῶν
1407 5046 1791 5119 ἐγκλημάτων,
1832 5046 1927 5101 καὶ

349 5135 457 5204 τῆς
499 5134 761 5198 κολάσεως
793 5133 892 5203 τῆς
918 5134 1035 5186 κατ’
1083 5130 1263 5186 αὐτῶν
1300 5130 1537 5203 εἴρηται.
1592 5131 1703 5187 Kal
1733 5129 1925 5197 δώσω,

345 5219 512 5289 φησί,
537 5218 663 5285 τοὺς
714 5215 1018 5285 πονηροὺς
1049 5215 1182 5270 ἀντὶ
1220 5213 1330 5282 τῆς
1354 5213 1547 5285 ταφῆς
1582 5214 1791 5281 αὑτοῦ,
1826 5216 1926 5269 καί

335 5302 494 5369 τοὺς
518 5302 852 5365 πλουσίους
876 5299 1009 5353 ἀντί
1039 5299 1143 5354 τοῦ
1165 5298 1425 5354 θανάτου
1456 5296 1643 5354 αὐτοῦ
1667 5314 1682 5330 ·
1709 5298 1802 5351 zeal
1838 5297 1929 5352 τά·

330 5389 445 5452 λιν,
478 5389 538 5440 Ἃ
561 5383 1052 5455 προκατήγγειλε,
1079 5383 1232 5455 φησί,
1253 5380 1352 5436 διὰ
1370 5382 1665 5452 στόματος
1685 5380 1930 5434 πάντων

328 5469 462 5526 τῶν
503 5467 829 5538 προφητῶν
857 5466 1069 5521 παθεῖν
1105 5467 1316 5532 αὐτὸν,
1365 5466 1722 5536 ἐπλήρωσεν
1751 5465 1926 5519 οὕτω.

329 5553 603 5624 Μεγάλην
626 5551 869 5605 δείκνυσι
892 5550 989 5623 τὴν
1017 5548 1234 5621 βουλήν,
1248 5550 1306 5611 εἰ
1321 5565 1388 5617 γε
1418 5550 1616 5613 πάντες
1638 5547 1796 5602 τοῦτο
1814 5546 1932 5602 ἐλε-

328 5655 461 5708 γον,
494 5637 591 5689 zeal
621 5634 725 5706 οὐχ
749 5629 831 5698 είς
862 5633 1041 5706 μόνος.
1075 5633 1152 5687 Οὐ
1183 5633 1288 5703 μὴν
1319 5631 1507 5703 ἐπειδὴ
1534 5632 1675 5685 κατά
1705 5631 1930 5700 ἄγνοιαν

330 5723 561 5791 γέγονε,
582 5720 735 5790 παρὰ
755 5718 817 5773 τὸ
840 5716 920 5789 τῷ
951 5716 1072 5789 Θεῷ
1106 5716 1296 5771 δοκοῦν
1318 5715 1560 5787 γέγονεν.

400 5903 706 5978 ξὲὶὶιξεξνα
728 5904 824 5978 γὰρ.
1049 5903 1342 5978 Αἰὶιξςιούδὲν
1358 5902 1610 5978 ,σιιροεῖικεν2⁴
1624 5901 1929 5978 ἀλλάμόνῃ.

338 5971 359 5997 τ
389 5967 502 6017 Alii
533 5962 756 6020 alcidae"
779 5962 948 6027 τὸγὰρ
972 5965 1071 6013 τόν.
1134 5963 1160 6001 ⁸1
1184 5962 1326 6013 Alius
1350 5967 1375 6012 6
1395 5962 1484 6027 γὰρ
1502 5964 1561 6011 τά
1584 5963 1713 6027 δεινὰ
1739 5962 1935 6027 ἐργαζό-

587 6028 839 6099 {lim-el"
874 6026 990 6077 vitio
1046 6027 1418 6091 lypOgraphico,
1451 6026 1719 6087 μαρτυρίαν.
1768 6026 1931 6075 Δώσει

346 6105 536 6147 tam
573 6104 746 6137 αντων.

2084 540 2246 611 Ὅρα,
2280 538 2425 609 πόση
2452 537 2549 593 τοῦ
2581 536 2719 592 Θεοῦ
2772 537 2806 607 ή
2842 538 3025 606 σοφία,
3055 533 3185 588 ὅταν
3231 532 3353 595 ταῖς
3400 529 3603 601 ἑτέρων

2010 623 2296 695 πονηρίαις
2330 623 2409 686 εἰς
2434 621 2496 676 τὸ
2513 618 2687 693 δέον
2712 616 3197 689 κατακεχρημένη.
3228 613 3579 682 Ἐπλήρωσε

2014 707 2198 777 φησίν.
2252 707 2370 760 Ἵνα
2409 704 2485 777 μὴ
2520 705 2787 775 νομίσωσι
2834 701 3021 755 λοιπὸν
3071 698 3462 754 ὑπολείπεσθαί
3505 715 3558 751 τι
3586 737 3600 759 ,

2013 790 2174 844 τοῦτο
2205 791 2473 861 ἐπήγαγε,
2502 786 2676 861 δηλῶν
2698 788 2780 842 ὃτι
2804 786 2903 840 ὅσα
2930 785 3123 839 παθεῖν
3152 783 3284 850 ἔδει,
3316 782 3603 852 πεπλήρωο

2007 890 2121 928 ται.
2188 873 2347 928 Ἀλλά
2379 873 2453 946 μὴ
2503 871 2786 943 νομίσητε,
2830 869 3018 941 ἐπειδὴ
3045 871 3093 923 οἱ
3122 867 3399 940 προφῆται
3426 866 3603 921 ταῦτα

2011 952 2183 1020 εἷπον,
2207 958 2302 1012 καὶ
2336 956 2524 1029 ἐπειδὴ
2557 956 2701 1010 κατά
2732 955 2955 1024 ἄγνοιαν
2987 952 3285 1025 ἐπράξατε.
3332 952 3413 1006 ὅτι
3442 951 3602 1022 ἀρκεῖ

2008 1042 2089 1105 εἰς
2118 1041 2411 1111 ἀπολογίαν
2444 1041 2575 1112 ὑμῖν
2604 1039 2784 1095 τοῦτο.
2828 1038 2969 1092 Ἀλλ’
2989 1039 3051 1092 οὐ
3080 1037 3226 1107 λέγει
3247 1036 3442 1100 οὕτως,
3465 1033 3602 1089 ἀλλά

2010 1124 2311 1197 πραότερον
2331 1143 2347 1158 ο
2380 1122 2807 1191 Μετανοήσατε
2861 1118 2973 1177 οὐν.
3012 1122 3111 1175 Διά
3142 1120 3193 1175 τί
3219 1136 3234 1187 ;
3271 1122 3377 1186 Εἰς
3408 1119 3475 1173 τὸ
3506 1118 3606 1183 ἐξ·

2022 1206 2386 1278 αλειςςθῆναι
2410 1207 2579 1277 ὑμῶν
2607 1206 2715 1273 τὰς
2740 1205 3050 1277 ἁμαρτίας.
3073 1205 3150 1260 Οὐ
3184 1202 3412 1272 λέγωτά
3435 1203 3494 1258 ὲν
3524 1200 3604 1272 τῷ

2012 1291 2233 1362 σταυρῷ
2284 1290 2666 1362 τετολμημένα
2689 1307 2704 1323 ·
2753 1292 2885 1354 ίσως
2918 1290 3103 1343 ἐκεῖνα
3148 1286 3291 1342 κατά
3335 1288 3598 1355 ἀγνοιαν·

2009 1373 2127 1427 ἀλλ’
2157 1374 2298 1428 ὥστε
2326 1373 2426 1439 τὰς
2463 1373 2659 1446 ἑτέρας
2680 1372 2835 1445 ὐμῶν
2882 1373 3160 1445 ἀμαρτίας
3197 1368 3601 1440 ἐξαλειφθῆναι.

2009 1451 2145 1510 Εἶτα
2181 1456 2379 1525 ἐπάγει
2397 1471 2411 1485 ·
2438 1457 2633 1524 Ὅπως
2666 1456 2745 1513 ἂν
2774 1456 3035 1511 ἔλθωσιν
3064 1454 3208 1522 ὑμῖν
3237 1453 3429 1526 καιροί
3458 1453 3604 1508 ἀνα-

2010 1540 2273 1609 ψύξεως.
2318 1539 2586 1596 Ἐνταῦθα
2614 1542 2872 1612 περὶτῆς
2913 1539 3261 1603 ἀναστάσεως
3297 1537 3603 1606 διαλέγεται

2010 1623 2288 1696 ἀμυδρῶς.
2317 1626 2528 1689 Ὄντως
2560 1624 2669 1695 γὰρ
2698 1625 2896 1678 ἐκεῖνοι
2921 1622 3239 1693 ἀναψύξεως
3273 1622 3475 1691 καιροὶ,
3507 1619 3602 1685 οὓς

2011 1706 2265 1779 ἐπεζήτει
2288 1707 2381 1762 zeal
2408 1707 2639 1773 Παῦλος,
2672 1706 2847 1777 λέγων
2870 1723 2885 1739 ⁶
2924 1707 3035 1762 Kal
3066 1705 3239 1776 ἡμεῖς
3259 1708 3313 1760 οἰ
3335 1706 3506 1772 ὄντες
3532 1705 3605 1758 ἐν

2012 1788 2092 1855 τῷ
2118 1788 2333 1856 σκήνει
2379 1789 2743 1861 στενάζομεν
2771 1791 3160 1861 βαρούμενοι.
3206 1783 3340 1843 Εἶτα
3366 1788 3602 1852 δεικνὺς.

2011 1874 2095 1928 ὅτι
2147 1873 2311 1936 αὐτὸς
2363 1873 2471 1928 τῶν
2499 1873 2712 1946 καιρῶν
2744 1875 2845 1945 τῆς
2887 1873 3207 1945 ἀναψύξεως
3252 1872 3447 1938 αἴτιος,
3492 1873 3602 1927 Kal

2011 1958 2369 2025 ἀποστείλῃ,
2398 1957 2553 2028 φησὶ,
2585 1957 2696 2011 τὸν
2724 1957 3299 2028 προκεχειρισμένον
3324 1957 3467 2026 ὑμῖν
3488 1960 3604 2025 ’1η-

2012 2039 2169 2096 σοῦν
2186 2041 2464 2108 Χριστόν.
2492 2042 2607 2096 Οὐκ
2631 2038 2804 2108 εἶπεν,
2848 2041 3171 2113 Ἐξαλειφθῇ
3195 2040 3349 2112 ὑμῶν
3373 2043 3406 2111 ή
3435 2043 3606 2114 ἀμαρ-

2012 2124 2125 2188 τία,
2164 2125 2301 2189 ἀλλ’,
2362 2127 2432 2180 Al
2471 2126 2769 2195 ἁμαρτίαι,
2822 2127 2918 2180 zeal
2959 2126 3175 2198 ἐκείνην
3214 2125 3603 2196 αἰνιττόμενος,

2027 2209 2398 2278 Ἆποστείλῃ.
2437 2209 2611 2264 Τοῦτο
2649 2207 2819 2264 εἰπὼν
2842 2250 2857 2271 ,
2903 2211 2962 2263 οὐ
3005 2209 3157 2279 λέγει
3203 2210 3367 2264 πόθεν
3395 2209 3603 2272 λοιπὸν,

2012 2291 2150 2345 ἀλλά
2186 2292 2347 2363 μόνον
2375 2292 2594 2363 ἐπάγει,
2630 2296 2742 2347 Ὃν
2762 2292 2853 2346 δεῖ
2877 2292 3138 2362 οὐρανόν
3152 2292 3270 2365 μὲν
3294 2292 3602 2358 δέξασθαι.

2026 2375 2235 2448 Ἀνμὴν
2279 2376 2552 2443 δέξασθαι.
2596 2377 2707 2432 Kal
2742 2377 2861 2442 πῶς
2901 2378 3003 2432 οὐκ
3044 2375 3220 2445 εἶπεν,
3253 2380 3348 2433 Ὃν
3381 2379 3607 2450 οὐρανὸς

2014 2459 2231 2525 ἐδέξατο
2254 2476 2270 2526 ;
2299 2458 2469 2514 Τοῦτο
2493 2460 2566 2525 ὡς
2597 2462 2725 2533 περὶ
2748 2460 2858 2514 τῶν
2886 2460 3000 2516 ἀνω
3040 2460 3250 2533 χρόνων
3290 2461 3608 2533 διαλεγόμε-

1967 2563 1971 2566 ν
2012 2560 2101 2607 νος
2128 2540 2302 2608 εἶπεν,
2331 2544 2519 2608 Οὕτως
2552 2544 2920 2617 ᾠκονόμηται,
2942 2546 3127 2617 φησὶν,
3169 2546 3315 2602 οὕτω
3337 2548 3608 2601 συντέθει-

2013 2642 2105 2679 ται
2138 2624 2158 2663 τ
2181 2642 2195 2654 ·
2228 2627 2355 2697 περὶ
2382 2626 2442 2681 δὲ
2472 2630 2571 2699 τῆς
2618 2629 2837 2684 αἰωνίου
2877 2629 3167 2701 ὑπάρξεως
3201 2629 3368 2684 αὐτοῦ
3397 2631 3609 2685 οὐδέπω

2016 2709 2205 2780 φησὶν,
2226 2709 2339 2763 ἀλλ’
2368 2709 2449 2763 ἔτι
2471 2713 2582 2775 τοῖς
2615 2715 2714 2782 τῆς
2741 2712 3052 2782 οἰκονομίας
3077 2712 3254 2783 λόγοις
3284 2714 3607 2786 ἐνδιατρίϐει

2017 2793 2115 2847 καὶ
2136 2792 2314 2862 λέγει’
2355 2791 2581 2859 Μωσῆς
2604 2794 2723 2862 μὲν
2759 2794 2869 2863 γὰρ
2902 2791 3033 2848 εἷπε
3089 2795 3240 2863 πρὸς
3262 2796 3405 2864 τοὺς
3429 2798 3609 2853 πατέ-

2019 2892 2156 2946 ρας,
2196 2875 2287 2929 ὅτι
2317 2876 2645 2945 Προφήτην
2674 2876 2817 2946 ὑμῖν
2846 2876 3177 2942 ἀναστήσει
3211 2879 3445 2947 Κύριος.
3473 2877 3609 2953 Εἶτα.

2017 2959 2279 3029 ἀνωτέρω
2329 2957 2519 3025 εἰπὼν,
2563 2960 2727 3028 Ἄχρι
2781 2959 3017 3029 χρόνων
3056 2960 3607 3030 ἀποκαταστάσεως

2018 3042 2281 3109 πάντων,
2306 3035 2396 3096 ὦν
2420 3041 2730 3110 ἐλάλησεν
2759 3046 2792 3097 ὀ
2823 3043 2967 3110 Θεὸς
2994 3042 3092 3097 διὰ
3124 3047 3423 3114 στόματος
3454 3048 3609 3101 πάνε-

2017 3143 2137 3181 των
2169 3125 2286 3181 τῶν
2304 3126 2490 3195 ἀγίων
2508 3125 2697 3181 αὑτοῦ
2719 3125 3041 3196 προφητῶν
3065 3127 3167 3181 ἀπ’
3192 3125 3428 3195 αἰῶνος,
3447 3130 3610 3184 αὐτὸν

2019 3210 2230 3279 εἰσάγει
2259 3207 2447 3264 λοιπὸν
2474 3209 2564 3263 τὸν
2586 3209 2841 3281 Χριστόν.
2877 3211 2941 3264 Εἰ
2969 3208 3079 3280 γὰρ
3123 3210 3295 3266 πολλὰ
3324 3216 3606 3284 προεῖπεν,

2020 3295 2185 3351 αὐτοῦ
2213 3294 2271 3349 δὲ
2297 3293 2516 3348 ἀκούειν
2537 3294 2663 3365 χρὴ,
2695 3294 2796 3348 οὐκ
2817 3293 2883 3348 ἀν
2913 3311 2998 3359 τις
3032 3294 3270 3367 ἀμάρτοι
3293 3296 3467 3352 ταῦτα
3481 3300 3610 3364 τοὺς

2022 3379 2309 3450 προφήτας
2343 3377 2621 3449 εἰρηκέναι
2650 3377 2844 3447 λέγων.

2092 3461 2154 3515 δ’.
2342 3461 2549 3525 Ἀλλως
2570 3461 2627 3515 δὲ
2656 3458 2798 3517 θέλει
2846 3459 3037 3529 δεῖξαι,
3062 3462 3144 3516 ὄτι
3169 3462 3239 3516 τά
3281 3464 3422 3520 αὐτά
3446 3466 3538 3519 καὶ
3561 3469 3612 3521 οἰ

2023 3545 2300 3616 προφῆται
2320 3547 2600 3615 προεῖπον.
2621 3545 2736 3599 Κάν
2758 3562 2841 3610 τις
2859 3545 3103 3619 ἀκριϐῶς
3124 3546 3373 3622 ἐξετάζῃ,
3389 3549 3614 3621 εὑρήσει

2022 3628 2117 3682 zeal
2146 3630 2204 3682 ὲν
2225 3631 2291 3700 τῇ
2329 3629 2541 3700 Παλαιᾷ
2565 3628 2821 3700 ἀμυδρῶς
2857 3629 2977 3701 μὲν,
3026 3629 3293 3702 εἰρημένα
3323 3631 3381 3685 δέ
3404 3645 3419 3662 ⁸
3470 3632 3613 3688 ὥστε

2021 3710 2171 3765 οὐδὲν
2195 3711 2357 3764 νεώτε
2368 3727 2478 3783 ρον.
2507 3711 2617 3765 Τὸν
2642 3711 3233 3782 προκεχειρισμένον,
3254 3714 3439 3786 φησίν.
3490 3714 3611 3770 Ἐν-

2020 3794 2194 3848 ταῦθα
2219 3794 2418 3860 αὐτοὺς
2444 3795 2540 3849 zeal
2577 3795 2755 3865 φοϐεῖ,
2789 3795 2866 3860 ὡς
2891 3795 3105 3850 πολλῶν
3144 3795 3610 3869 ὑπολειπομένων.

2025 3878 2151 3942 Πῶς
2170 3872 2262 3933 οὗν
2282 3877 2489 3948 ἔλεγεν,
2514 3878 2907 3947 Ἐ’πλήρωσεν
2925 3877 2964 3933 ἀ
2982 3879 3104 3936 ἔδει
3122 3879 3373 3947 παθεῒν;
3400 3882 3614 3953 Ἔπλή-

2016 3979 2239 4039 ρωσεν,
2267 3958 2442 4026 εἶπεν,
2468 3963 2590 4027 οὐκ,
2632 3962 2959 4036 Ἐπληρώθη
2981 3980 2995 3997 ο
3030 3963 3246 4028 δεικνὺς
3269 4005 3285 4031 ,
3330 3967 3413 4021 ὅτι
3439 3966 3475 4021 ἃ
3511 3968 3615 4039 μὲν

2026 4034 2192 4118 ἐχρῆν
2240 4046 2455 4107 παθεῖν.
2503 4046 2858 4119 ἐπλήρωσενο
2892 4034 3018 4101 at:
3056 4047 3307 4116 γενέσθαι
3366 4034 3612 4106 λείπεται

2025 4129 2127 4191 ἔτι,
2157 4128 2390 4184 οὐδέπω.
2429 4130 2752 4199 Προφήτην
2768 4130 2918 4197 ὑμῖν
2945 4128 3285 4196 ἀναστήσει
3317 4134 3535 4202 Κύριος
3579 4137 3614 4189 ὁ

2029 4213 2173 4278 Θεός
2202 4212 2272 4267 ἐκ
2304 4211 2424 4266 τῶν
2476 4213 2759 4281 ἀδελφῶν
2782 4212 2950 4282 ὑμῶν
2971 4215 3054 4280 ὡς
3096 4215 3220 4282 ἐμέ.
3278 4215 3346 4270 ’0
3381 4217 3614 4286 μάλιστα

2026 4294 2285 4366 ᾠκειοῦτο
2305 4296 2523 4360 αὐτοὺς,
2548 4295 2717 4365 λέγει.
2760 4297 2944 4367 Ὁρᾷς,
2964 4298 3083 4362 πῶς
3103 4298 3334 4352 ταπεινά
3354 4299 3448 4352 zeal
3475 4301 3613 4374 ὐψη-

2025 4379 2093 4433 λὰ.
2142 4379 2508 4451 παρασπείρει
2540 4389 2565 4429 8
2593 4397 2608 4446 ;
2641 4380 2909 4434 Ταπεινὺν
2968 4379 3080 4452 γὰρ
3111 4381 3203 4434 zeal
3233 4382 3456 4454 ὑψηλὸν,
3507 4386 3558 4438 εἰ
3582 4387 3613 4439 ό

2029 4461 2236 4533 μέλλων
2268 4464 2351 4527 εἰς
2373 4463 2637 4534 οὐρανοὺς
2660 4462 2871 4517 ἀνιέναι
2901 4462 3043 4517 κατά
3062 4463 3269 4519 Μωσέα
3291 4466 3438 4520 ἐστί’
3472 4468 3614 4540 πλὴν

2026 4545 2161 4599 ἀλλά
2183 4545 2319 4608 τέως
2361 4545 2504 4615 μέγα
2528 4540 2617 4618 ἦν.
2649 4546 2723 4600 Οὐ
2752 4545 2859 4617 γὰρ
2883 4545 2947 4617 δὴ
2984 4547 3123 4600 κατά
3156 4547 3357 4602 Μωσέα
3388 4550 3471 4613 τὸ,
3500 4553 3612 4606 Kal

2027 4630 2199 4685 ἐσται
2227 4628 2347 4696 πᾶς
2376 4633 2408 4684 ό
2422 4630 2508 4699 μὴ
2543 4631 2779 4685 ἀκούων
2806 4630 3394 4699 ἑξολοθρευθήσεται.
3428 4635 3612 4707 Μυρία

2028 4714 2084 4767 δὲ
2110 4714 2205 4767 zeal
2236 4713 2369 4767 ἄλλα
2388 4708 2508 4766 εἰπε
2532 4714 2600 4766 τὰ
2629 4714 2932 4780 δεικνύντα,
2958 4714 3040 4767 ὃτι
3064 4715 3164 4768 οὐκ
3185 4714 3301 4770 ἔστι
3320 4718 3458 4771 κατά
3483 4719 3611 4772 Μω-

2031 4796 2148 4863 σέα,
2174 4795 2315 4850 ὥστε
2339 4796 2580 4867 μεγάλης
2602 4797 2776 4869 ἥψατο
2795 4798 3119 4870 μαρτυρίας.
3164 4798 3226 4853 Ὀ
3266 4801 3410 4868 Θεὸς
3426 4802 3612 4857 αὑτὸν

2027 4878 2383 4947 ἀναστήσει,
2435 4880 2617 4949 φησὶν,
2651 4881 2718 4934 ἐκ
2752 4881 2871 4934 τῶν
2921 4880 3193 4951 ἀδελφῶν
3226 4883 3413 4953 ὑμῶν.
3446 4884 3611 4939 Ὥστε

2026 4964 2232 5035 Μωσῆς
2261 4963 2424 5026 αὐτὸς
2456 4963 2719 5035 ἠπείλησε
2745 4966 2857 5027 τοῖς
2892 4964 2965 5035 μὴ
2996 4966 3272 5022 ἀκούουσι.
3308 4967 3489 5022 Ταῦτα
3516 4969 3613 5024 ὂλα

2029 5046 2315 5115 ἐπαγωγά.
2347 5046 2459 5101 Kal
2489 5046 2711 5114 πάντες
2738 5046 2824 5111 δὲ,
2857 5049 3042 5117 φησὶν,
3068 5051 3123 5103 al
3163 5048 3459 5119 προφῆται
3493 5053 3614 5109 ἀπὸ

2027 5128 2331 5199 Σαμουὴλ.
2353 5131 2467 5183 Οὐκ
2487 5130 2720 5202 ἠθέλησε
2745 5129 2865 5183 καθ’
2902 5132 3130 5185 ἕκαστον
3150 5132 3442 5199 ἐπεξιέναι,
3472 5134 3615 5189 ὥστε

2031 5213 2107 5284 μὴ
2136 5212 2346 5283 μακρὸν
2392 5213 2619 5283 ποιῆσαι
2646 5214 2741 5266 τὸν
2794 5213 2988 5282 λόγον’
3040 5215 3177 5270 ἀλλά
3209 5218 3431 5289 καιρίας
3479 5235 3614 5289 μνη·-

2032 5293 2181 5358 σθεὶς
2209 5294 2513 5368 μαρτυρίας
2542 5296 2643 5367 τῆς
2663 5294 2983 5368 Μωσαῖκῆς,
3009 5296 3371 5371 παρέπεμψεν
3397 5300 3610 5364 αὐτούς.

2041 5377 2239 5447 Ὑμεῖς
2274 5378 2647 5451 ἐστε,φησίν,
2680 5379 2797 5434 υἱοί
2830 5379 2951 5434 τῶν
2986 5380 3327 5450 προφητῶν,
3369 5382 3467 5435 καὶ
3504 5380 3617 5450 τῆς

2029 5462 2319 5531 διαθήκης
2346 5458 2424 5532 ἧς
2449 5462 2673 5517 διέθετο
2694 5464 2727 5518 ὁ
2753 5465 2915 5529 Θεός.
2953 5463 3067 5531 Τῆς
3086 5464 3395 5531 διαθήκης,
3426 5464 3613 5536 φησὶν,

2027 5545 2168 5612 υἱοὶ,
2198 5546 2468 5611 τουτέστι,
2514 5546 2861 5618 κληρονόμοι.
2891 5547 3012 5601 Ἵνα
3038 5547 3148 5617 γὰρ
3178 5547 3252 5618 μὴ
3291 5545 3513 5611 δόξωσιν
3540 5547 3618 5614 ὡς

2031 5629 2141 5685 ἀπὸ
2173 5629 2397 5701 χάριτος
2426 5629 2637 5701 Πέτρου
2667 5628 2844 5683 ταῦτα
2873 5628 3193 5698 λαμϐάνειν,
3217 5628 3505 5696 δείκνυσιν,
3535 5631 3618 5685 ὅτι

2031 5712 2239 5769 ἄνωθεν
2283 5712 2484 5775 αὐτοῖς
2514 5711 2800 5780 ὠφείλετο,
2844 5711 2935 5765 ἵνα
2973 5711 3174 5782 μᾶλλον
3230 5711 3615 5777 πιστεύσωσιν,

1950 5827 1965 5839 ~
2031 5798 2114 5851 ὅτι
2147 5795 2243 5850 καὶ
2265 5793 2346 5865 τῷ
2375 5793 2495 5865 Θεῷ
2512 5793 2672 5848 τοῦτο
2697 5793 2865 5847 δοκεῖ.
2900 5793 3062 5862 Ὑμῖν
3097 5792 3334 5864 πρῶτον
3353 5795 3617 5865 ἀναστή⁴

2034 5893 2170 5946 σας.
2206 5878 2392 5949 φησὶν,
2429 5880 2461 5932 o’
2498 5877 2643 5943 Θεὸς
2669 5876 2774 5931 τὸν
2805 5875 2997 5931 Παῖδιι
3027 5876 3217 5933 αὐτοῦ
3237 5877 3618 5935 ἀπέστειλεν.

2100 6028 2119 6065 ἲ
2162 6029 2258 6078 Alii
2299 6026 2576 6075 συντίθεται.

2104 6092 2128 6130 6
2154 6090 2252 6140 Alii
2279 6088 2605 6151 κατασπείρει.
