  <div class='ocr_page' id='page_1' title='image "/cluster/home/n/w/nwhite01/storage/ocr_20150623/60:no.9/coo.31924054869601/085.png"; bbox 0 0 4092 6456; ppageno 0'>
   <div class='ocr_carea' id='block_1_1' title="bbox 581 345 2172 412">
    <p class='ocr_par' dir='ltr' id='par_1_1' title="bbox 581 345 2171 410">
     <span class='ocr_line' id='line_1_1' title="bbox 581 345 2171 410; baseline -0.006 0"><span class='ocrx_word' id='word_1_1' title='bbox 581 357 640 410; x_wconf 76' lang='grc'>81</span> <span class='ocrx_word' id='word_1_2' title='bbox 1282 349 1339 406; x_wconf 92' lang='lat' dir='ltr'><em>S.</em></span> <span class='ocrx_word' id='word_1_3' title='bbox 1381 347 1671 405; x_wconf 73' lang='lat' dir='ltr'>JOANNIS</span> <span class='ocrx_word' id='word_1_4' title='bbox 1707 345 2171 404; x_wconf 74' lang='lat' dir='ltr'>CIIRYSOSTOM</span> 
     </span>
    </p>
   </div>
   <div class='ocr_carea' id='block_1_2' title="bbox 2276 345 3882 412">
    <p class='ocr_par' dir='ltr' id='par_1_2' title="bbox 2276 347 3882 412">
     <span class='ocr_line' id='line_1_2' title="bbox 2276 347 3882 412; baseline 0.007 -11"><span class='ocrx_word' id='word_1_5' title='bbox 2276 347 2569 409; x_wconf 43' lang='lat' dir='ltr'>:REHIEP.</span> <span class='ocrx_word' id='word_1_6' title='bbox 2610 348 2745 407; x_wconf 71' lang='grc' dir='ltr'>(ΖοΝ</span> <span class='ocrx_word' id='word_1_7' title='bbox 2754 348 3165 407; x_wconf 80' lang='lat' dir='ltr'>STANTINOP.</span> <span class='ocrx_word' id='word_1_8' title='bbox 3814 355 3882 412; x_wconf 73' lang='lat'>8?.</span> 
     </span>
    </p>
   </div>
   <div class='ocr_carea' id='block_1_3' title="bbox 563 461 2160 538">
    <p class='ocr_par' dir='ltr' id='par_1_3' title="bbox 563 461 2160 538">
     <span class='ocr_line' id='line_1_3' title="bbox 563 461 2160 538; baseline -0.007 -13"><span class='ocrx_word' id='word_1_9' title='bbox 563 465 688 526; x_wconf 79' lang='grc' dir='ltr'>Ὀὐκ</span> <span class='ocrx_word' id='word_1_10' title='bbox 717 465 892 534; x_wconf 73' lang='grc' dir='ltr'>εἶπεν,</span> <span class='ocrx_word' id='word_1_11' title='bbox 932 466 1116 538; x_wconf 81' lang='grc' dir='ltr'>Ὑμῖν,</span> <span class='ocrx_word' id='word_1_12' title='bbox 1151 463 1364 530; x_wconf 82' lang='grc' dir='ltr'>ἁπλῶς,</span> <span class='ocrx_word' id='word_1_13' title='bbox 1391 461 1686 517; x_wconf 85' lang='grc' dir='ltr'>ἀπέστειλε</span> <span class='ocrx_word' id='word_1_14' title='bbox 1721 461 1815 516; x_wconf 78' lang='grc' dir='ltr'>τὸν</span> <span class='ocrx_word' id='word_1_15' title='bbox 1859 461 2033 515; x_wconf 83' lang='grc' dir='ltr'>Παϊδα</span> <span class='ocrx_word' id='word_1_16' title='bbox 2070 463 2160 515; x_wconf 62' lang='grc' dir='ltr'>αὐί</span> 
     </span>
    </p>
   </div>
   <div class='ocr_carea' id='block_1_4' title="bbox 572 549 2167 625">
    <p class='ocr_par' dir='ltr' id='par_1_4' title="bbox 572 549 2167 625">
     <span class='ocr_line' id='line_1_4' title="bbox 572 549 2167 625; baseline -0.008 -12"><span class='ocrx_word' id='word_1_17' title='bbox 572 558 688 622; x_wconf 87' lang='grc' dir='ltr'>τοῦ,</span> <span class='ocrx_word' id='word_1_18' title='bbox 725 556 862 611; x_wconf 89' lang='grc' dir='ltr'>ἀλλά</span> <span class='ocrx_word' id='word_1_19' title='bbox 896 556 1009 619; x_wconf 72' lang='grc' dir='ltr'>καὶ,</span> <span class='ocrx_word' id='word_1_20' title='bbox 1038 553 1177 625; x_wconf 90' lang='grc' dir='ltr'>μετά</span> <span class='ocrx_word' id='word_1_21' title='bbox 1215 553 1316 624; x_wconf 82' lang='grc' dir='ltr'>τὴν</span> <span class='ocrx_word' id='word_1_22' title='bbox 1350 551 1670 616; x_wconf 81' lang='grc' dir='ltr'>ἀνάστασιν,</span> <span class='ocrx_word' id='word_1_23' title='bbox 1704 550 1799 605; x_wconf 77' lang='grc' dir='ltr'>καὶ</span> <span class='ocrx_word' id='word_1_24' title='bbox 1832 549 1922 603; x_wconf 82' lang='grc' dir='ltr'>ὅτε</span> <span class='ocrx_word' id='word_1_25' title='bbox 1967 550 2167 602; x_wconf 81' lang='grc' dir='ltr'>ἐσταυο</span> 
     </span>
    </p>
   </div>
   <div class='ocr_carea' id='block_1_5' title="bbox 577 637 2167 722">
    <p class='ocr_par' dir='ltr' id='par_1_5' title="bbox 577 637 2167 722">
     <span class='ocr_line' id='line_1_5' title="bbox 577 637 2167 722; baseline -0.006 -20"><span class='ocrx_word' id='word_1_26' title='bbox 577 649 748 722; x_wconf 85' lang='grc' dir='ltr'>ρώθη.</span> <span class='ocrx_word' id='word_1_27' title='bbox 783 647 902 700; x_wconf 83' lang='grc' dir='ltr'>Ἵνα</span> <span class='ocrx_word' id='word_1_28' title='bbox 932 644 1041 716; x_wconf 82' lang='grc' dir='ltr'>γὰρ</span> <span class='ocrx_word' id='word_1_29' title='bbox 1076 642 1153 716; x_wconf 79' lang='grc' dir='ltr'>μὴ</span> <span class='ocrx_word' id='word_1_30' title='bbox 1190 642 1506 714; x_wconf 83' lang='grc' dir='ltr'>νομίσωσιν,</span> <span class='ocrx_word' id='word_1_31' title='bbox 1543 642 1626 695; x_wconf 83' lang='grc' dir='ltr'>ὅτι</span> <span class='ocrx_word' id='word_1_32' title='bbox 1670 639 1834 702; x_wconf 72' lang='grc' dir='ltr'>αὐτὸς</span> <span class='ocrx_word' id='word_1_33' title='bbox 1864 639 1962 711; x_wconf 84' lang='grc' dir='ltr'>μὲν</span> <span class='ocrx_word' id='word_1_34' title='bbox 1993 637 2167 692; x_wconf 88' lang='grc' dir='ltr'>ταῦτα</span> 
     </span>
    </p>
   </div>
   <div class='ocr_carea' id='block_1_6' title="bbox 575 727 2168 810">
    <p class='ocr_par' dir='ltr' id='par_1_6' title="bbox 575 727 2168 810">
     <span class='ocr_line' id='line_1_6' title="bbox 575 727 2168 810; baseline -0.007 -18"><span class='ocrx_word' id='word_1_35' title='bbox 575 737 881 810; x_wconf 75' lang='grc' dir='ltr'>ἐχαρίζετο,</span> <span class='ocrx_word' id='word_1_36' title='bbox 913 739 942 790; x_wconf 87' lang='lat'>6</span> <span class='ocrx_word' id='word_1_37' title='bbox 969 737 1023 790; x_wconf 79' lang='grc' dir='ltr'>δὲ</span> <span class='ocrx_word' id='word_1_38' title='bbox 1051 735 1244 807; x_wconf 83' lang='grc' dir='ltr'>Πατὴρ</span> <span class='ocrx_word' id='word_1_39' title='bbox 1275 733 1417 806; x_wconf 73' lang='grc' dir='ltr'>οὐχὶ,</span> <span class='ocrx_word' id='word_1_40' title='bbox 1444 731 1533 786; x_wconf 88' lang='grc' dir='ltr'>διά</span> <span class='ocrx_word' id='word_1_41' title='bbox 1555 729 1716 786; x_wconf 88' lang='grc' dir='ltr'>τοῦτο</span> <span class='ocrx_word' id='word_1_42' title='bbox 1747 728 2056 802; x_wconf 86' lang='grc' dir='ltr'>προσέθηκε</span> <span class='ocrx_word' id='word_1_43' title='bbox 2085 727 2168 792; x_wconf 86' lang='grc' dir='ltr'>τὺ,</span> 
     </span>
    </p>
   </div>
   <div class='ocr_carea' id='block_1_7' title="bbox 573 817 2172 896">
    <p class='ocr_par' dir='ltr' id='par_1_7' title="bbox 573 817 2172 896">
     <span class='ocr_line' id='line_1_7' title="bbox 573 817 2172 896; baseline -0.007 -14"><span class='ocrx_word' id='word_1_44' title='bbox 573 827 968 896; x_wconf 69' lang='grc' dir='ltr'>Εὐλογοῦντα</span> <span class='ocrx_word' id='word_1_45' title='bbox 988 825 1164 895; x_wconf 81' lang='grc' dir='ltr'>ὑμᾶς.</span> <span class='ocrx_word' id='word_1_46' title='bbox 1199 823 1263 877; x_wconf 66' lang='lat' dir='ltr'>Et</span> <span class='ocrx_word' id='word_1_47' title='bbox 1296 823 1404 894; x_wconf 84' lang='grc' dir='ltr'>γὰρ</span> <span class='ocrx_word' id='word_1_48' title='bbox 1439 819 1671 892; x_wconf 79' lang='grc' dir='ltr'>ἀδελφὸς</span> <span class='ocrx_word' id='word_1_49' title='bbox 1700 819 1856 890; x_wconf 85' lang='grc' dir='ltr'>ὑμῶν</span> <span class='ocrx_word' id='word_1_50' title='bbox 1884 817 2046 882; x_wconf 76' lang='grc' dir='ltr'>αὐτὸς</span> <span class='ocrx_word' id='word_1_51' title='bbox 2076 818 2172 871; x_wconf 75' lang='grc' dir='ltr'>καὶ</span> 
     </span>
    </p>
   </div>
   <div class='ocr_carea' id='block_1_8' title="bbox 574 907 2168 987">
    <p class='ocr_par' dir='ltr' id='par_1_8' title="bbox 574 907 2168 987">
     <span class='ocr_line' id='line_1_8' title="bbox 574 907 2168 987; baseline -0.007 -17"><span class='ocrx_word' id='word_1_52' title='bbox 574 916 787 986; x_wconf 80' lang='grc' dir='ltr'>εὐλογεῐ</span> <span class='ocrx_word' id='word_1_53' title='bbox 813 916 978 987; x_wconf 77' lang='grc' dir='ltr'>ὑμᾶς,</span> <span class='ocrx_word' id='word_1_54' title='bbox 1013 913 1309 984; x_wconf 82' lang='grc' dir='ltr'>ὑπόσχεσις</span> <span class='ocrx_word' id='word_1_55' title='bbox 1333 911 1395 966; x_wconf 83' lang='grc' dir='ltr'>τὸ</span> <span class='ocrx_word' id='word_1_56' title='bbox 1427 909 1663 984; x_wconf 79' lang='grc' dir='ltr'>πρᾶγμά</span> <span class='ocrx_word' id='word_1_57' title='bbox 1705 911 1856 963; x_wconf 78' lang='grc' dir='ltr'>ἐστι’</span> <span class='ocrx_word' id='word_1_58' title='bbox 1898 907 2168 970; x_wconf 87' lang='grc' dir='ltr'>τουτέστι,</span> 
     </span>
    </p>
   </div>
   <div class='ocr_carea' id='block_1_9' title="bbox 575 995 2170 1076">
    <p class='ocr_par' dir='ltr' id='par_1_9' title="bbox 575 995 2170 1076">
     <span class='ocr_line' id='line_1_9' title="bbox 575 995 2170 1076; baseline -0.006 -18"><span class='ocrx_word' id='word_1_59' title='bbox 575 1005 840 1060; x_wconf 78' lang='grc' dir='ltr'>Τοσοῦτον</span> <span class='ocrx_word' id='word_1_60' title='bbox 863 1005 1098 1076; x_wconf 81' lang='grc' dir='ltr'><strong>ἀπέχετε</strong></span> <span class='ocrx_word' id='word_1_61' title='bbox 1123 1002 1218 1056; x_wconf 90' lang='grc' dir='ltr'>τοῦ</span> <span class='ocrx_word' id='word_1_62' title='bbox 1260 1001 1335 1074; x_wconf 80' lang='grc' dir='ltr'>μὴ</span> <span class='ocrx_word' id='word_1_63' title='bbox 1368 999 1648 1054; x_wconf 77' lang='grc' dir='ltr'>κοινωνεῖν</span> <span class='ocrx_word' id='word_1_64' title='bbox 1683 997 1914 1060; x_wconf 81' lang='grc' dir='ltr'>τούτοις,</span> <span class='ocrx_word' id='word_1_65' title='bbox 1959 997 2043 1050; x_wconf 82' lang='grc' dir='ltr'>ὅτι</span> <span class='ocrx_word' id='word_1_66' title='bbox 2075 995 2170 1049; x_wconf 78' lang='grc' dir='ltr'>καὶ</span> 
     </span>
    </p>
   </div>
   <div class='ocr_carea' id='block_1_10' title="bbox 571 1084 2170 1164">
    <p class='ocr_par' dir='ltr' id='par_1_10' title="bbox 571 1084 2170 1164">
     <span class='ocr_line' id='line_1_10' title="bbox 571 1084 2170 1164; baseline -0.006 -17"><span class='ocrx_word' id='word_1_67' title='bbox 571 1097 686 1158; x_wconf 87' lang='grc' dir='ltr'>τοῖς</span> <span class='ocrx_word' id='word_1_68' title='bbox 713 1092 895 1157; x_wconf 78' lang='grc' dir='ltr'>ἄλλοις</span> <span class='ocrx_word' id='word_1_69' title='bbox 923 1093 1068 1164; x_wconf 79' lang='grc' dir='ltr'>ὑμᾶς</span> <span class='ocrx_word' id='word_1_70' title='bbox 1087 1090 1292 1155; x_wconf 75' lang='grc' dir='ltr'>αἰτίους</span> <span class='ocrx_word' id='word_1_71' title='bbox 1312 1090 1405 1143; x_wconf 75' lang='grc' dir='ltr'>καὶ</span> <span class='ocrx_word' id='word_1_72' title='bbox 1425 1088 1706 1161; x_wconf 79' lang='grc' dir='ltr'>ἀρχηγοὺς</span> <span class='ocrx_word' id='word_1_73' title='bbox 1736 1087 1981 1158; x_wconf 88' lang='grc' dir='ltr'>βούλεται</span> <span class='ocrx_word' id='word_1_74' title='bbox 2013 1084 2170 1154; x_wconf 86' lang='grc' dir='ltr'>γενέ-</span> 
     </span>
    </p>
   </div>
   <div class='ocr_carea' id='block_1_11' title="bbox 577 1173 2172 1251">
    <p class='ocr_par' dir='ltr' id='par_1_11' title="bbox 577 1173 2172 1251">
     <span class='ocr_line' id='line_1_11' title="bbox 577 1173 2172 1251; baseline -0.006 -15"><span class='ocrx_word' id='word_1_75' title='bbox 577 1184 723 1238; x_wconf 87' lang='grc' dir='ltr'>σθαι.</span> <span class='ocrx_word' id='word_1_76' title='bbox 749 1180 959 1237; x_wconf 88' lang='grc' dir='ltr'>Οὐκοῦν</span> <span class='ocrx_word' id='word_1_77' title='bbox 983 1180 1057 1251; x_wconf 84' lang='grc' dir='ltr'>μὴ</span> <span class='ocrx_word' id='word_1_78' title='bbox 1080 1181 1153 1245; x_wconf 81' lang='grc' dir='ltr'>ὡς</span> <span class='ocrx_word' id='word_1_79' title='bbox 1181 1193 1206 1220; x_wconf 72' lang='grc' dir='ltr'>α</span> <span class='ocrx_word' id='word_1_80' title='bbox 1228 1178 1634 1251; x_wconf 65' lang='grc' dir='ltr'>ἀπερριμμένοι</span> <span class='ocrx_word' id='word_1_81' title='bbox 1674 1175 1948 1232; x_wconf 84' lang='grc' dir='ltr'>διάκεισθε</span> <span class='ocrx_word' id='word_1_82' title='bbox 1980 1173 2014 1246; x_wconf 82' lang='grc' dir='ltr'>ἢ</span> <span class='ocrx_word' id='word_1_83' title='bbox 2037 1173 2172 1227; x_wconf 89' lang='grc' dir='ltr'>ἀπο-</span> 
     </span>
    </p>
   </div>
   <div class='ocr_carea' id='block_1_12' title="bbox 575 1263 2172 1342">
    <p class='ocr_par' dir='ltr' id='par_1_12' title="bbox 575 1263 2172 1342">
     <span class='ocr_line' id='line_1_12' title="bbox 575 1263 2172 1342; baseline -0.006 -18"><span class='ocrx_word' id='word_1_84' title='bbox 575 1269 920 1342; x_wconf 87' lang='grc' dir='ltr'>ϐεϐλημένοι.</span> <span class='ocrx_word' id='word_1_85' title='bbox 963 1270 1066 1322; x_wconf 85' lang='grc' dir='ltr'>Ἐν</span> <span class='ocrx_word' id='word_1_86' title='bbox 1102 1265 1181 1332; x_wconf 82' lang='grc' dir='ltr'>τῷ</span> <span class='ocrx_word' id='word_1_87' title='bbox 1215 1266 1637 1335; x_wconf 67' lang='grc' dir='ltr'>ἀποστρέφειν,</span> <span class='ocrx_word' id='word_1_88' title='bbox 1682 1264 1869 1336; x_wconf 66' lang='grc' dir='ltr'>φησὶν,</span> <span class='ocrx_word' id='word_1_89' title='bbox 1908 1263 2172 1318; x_wconf 70' lang='grc' dir='ltr'>ἕκαστον</span> 
     </span>
    </p>
   </div>
   <div class='ocr_carea' id='block_1_13' title="bbox 574 1353 2170 1428">
    <p class='ocr_par' dir='ltr' id='par_1_13' title="bbox 574 1353 2170 1428">
     <span class='ocr_line' id='line_1_13' title="bbox 574 1353 2170 1428; baseline -0.006 -12"><span class='ocrx_word' id='word_1_90' title='bbox 574 1363 694 1417; x_wconf 79' lang='grc' dir='ltr'>ἀπὸ</span> <span class='ocrx_word' id='word_1_91' title='bbox 728 1359 848 1416; x_wconf 86' lang='grc' dir='ltr'>τῶν</span> <span class='ocrx_word' id='word_1_92' title='bbox 899 1358 1222 1428; x_wconf 87' lang='grc' dir='ltr'>πονηριῶν.</span> <span class='ocrx_word' id='word_1_93' title='bbox 1259 1356 1448 1421; x_wconf 84' lang='grc' dir='ltr'>Οῦτως</span> <span class='ocrx_word' id='word_1_94' title='bbox 1481 1357 1626 1428; x_wconf 80' lang='grc' dir='ltr'>ὑμᾶς</span> <span class='ocrx_word' id='word_1_95' title='bbox 1660 1355 1893 1424; x_wconf 88' lang='grc' dir='ltr'>εὐλογεῖ,</span> <span class='ocrx_word' id='word_1_96' title='bbox 1947 1353 2044 1409; x_wconf 78' lang='grc' dir='ltr'>καὶ</span> <span class='ocrx_word' id='word_1_97' title='bbox 2072 1354 2170 1424; x_wconf 90' lang='grc' dir='ltr'>οὐχ</span> 
     </span>
    </p>
   </div>
   <div class='ocr_carea' id='block_1_14' title="bbox 577 1443 2170 1521">
    <p class='ocr_par' dir='ltr' id='par_1_14' title="bbox 577 1443 2170 1521">
     <span class='ocr_line' id='line_1_14' title="bbox 577 1443 2170 1521; baseline -0.006 -15"><span class='ocrx_word' id='word_1_98' title='bbox 577 1451 780 1516; x_wconf 84' lang='grc' dir='ltr'>ἀπλῶς.</span> <span class='ocrx_word' id='word_1_99' title='bbox 817 1451 928 1504; x_wconf 70' lang='grc' dir='ltr'>Καὶ</span> <span class='ocrx_word' id='word_1_100' title='bbox 956 1449 1084 1504; x_wconf 88' lang='grc' dir='ltr'>ποία</span> <span class='ocrx_word' id='word_1_101' title='bbox 1109 1447 1248 1521; x_wconf 79' lang='grc' dir='ltr'>αὕτη</span> <span class='ocrx_word' id='word_1_102' title='bbox 1281 1446 1536 1516; x_wconf 88' lang='grc' dir='ltr'>εὐλογία;</span> <span class='ocrx_word' id='word_1_103' title='bbox 1580 1446 1830 1516; x_wconf 85' lang='grc' dir='ltr'>Μεγάλη.</span> <span class='ocrx_word' id='word_1_104' title='bbox 1862 1445 1937 1498; x_wconf 85' lang='grc' dir='ltr'>Οὐ</span> <span class='ocrx_word' id='word_1_105' title='bbox 1967 1445 2075 1515; x_wconf 77' lang='grc' dir='ltr'>γὰρ</span> <span class='ocrx_word' id='word_1_106' title='bbox 2105 1443 2170 1513; x_wconf 84' lang='grc' dir='ltr'>δὴ</span> 
     </span>
    </p>
   </div>
   <div class='ocr_carea' id='block_1_15' title="bbox 575 1529 2169 1610">
    <p class='ocr_par' dir='ltr' id='par_1_15' title="bbox 575 1529 2169 1610">
     <span class='ocr_line' id='line_1_15' title="bbox 575 1529 2169 1610; baseline -0.006 -17"><span class='ocrx_word' id='word_1_107' title='bbox 575 1541 635 1594; x_wconf 74' lang='grc' dir='ltr'>τὸ</span> <span class='ocrx_word' id='word_1_108' title='bbox 661 1538 1001 1610; x_wconf 68' lang='grc' dir='ltr'>ἀποστρέψαι</span> <span class='ocrx_word' id='word_1_109' title='bbox 1030 1537 1138 1592; x_wconf 78' lang='grc' dir='ltr'>ἀπὸ</span> <span class='ocrx_word' id='word_1_110' title='bbox 1169 1535 1467 1606; x_wconf 84' lang='grc' dir='ltr'>πονηριῶν,</span> <span class='ocrx_word' id='word_1_111' title='bbox 1499 1533 1658 1588; x_wconf 89' lang='grc' dir='ltr'>τοῦτο</span> <span class='ocrx_word' id='word_1_112' title='bbox 1686 1535 1868 1588; x_wconf 79' lang='grc' dir='ltr'>ίκανδν</span> <span class='ocrx_word' id='word_1_113' title='bbox 1891 1533 1984 1586; x_wconf 76' lang='grc' dir='ltr'>καὶ</span> <span class='ocrx_word' id='word_1_114' title='bbox 2008 1529 2169 1584; x_wconf 81' lang='grc' dir='ltr'>λῦσαι</span> 
     </span>
    </p>
   </div>
   <div class='ocr_carea' id='block_1_16' title="bbox 576 1617 2170 1695">
    <p class='ocr_par' dir='ltr' id='par_1_16' title="bbox 576 1617 2170 1695">
     <span class='ocr_line' id='line_1_16' title="bbox 576 1617 2170 1695; baseline -0.008 -11"><span class='ocrx_word' id='word_1_115' title='bbox 576 1630 763 1692; x_wconf 83' lang='grc' dir='ltr'>αὐτάς.</span> <span class='ocrx_word' id='word_1_116' title='bbox 794 1629 854 1681; x_wconf 78' lang='grc' dir='ltr'><strong>Εἰ</strong></span> <span class='ocrx_word' id='word_1_117' title='bbox 883 1627 939 1681; x_wconf 81' lang='grc' dir='ltr'>δὲ</span> <span class='ocrx_word' id='word_1_118' title='bbox 966 1627 1058 1681; x_wconf 81' lang='grc' dir='ltr'>καὶ</span> <span class='ocrx_word' id='word_1_119' title='bbox 1086 1626 1246 1680; x_wconf 89' lang='grc' dir='ltr'>λῦσαι</span> <span class='ocrx_word' id='word_1_120' title='bbox 1290 1626 1388 1695; x_wconf 85' lang='grc' dir='ltr'>οὐχ</span> <span class='ocrx_word' id='word_1_121' title='bbox 1421 1622 1604 1678; x_wconf 82' lang='grc' dir='ltr'>ἱκανδν</span> <span class='ocrx_word' id='word_1_122' title='bbox 1633 1617 1722 1693; x_wconf 77' lang='grc' dir='ltr'>ἦν,</span> <span class='ocrx_word' id='word_1_123' title='bbox 1774 1622 1892 1685; x_wconf 85' lang='grc' dir='ltr'>πῶς</span> <span class='ocrx_word' id='word_1_124' title='bbox 1922 1619 2170 1688; x_wconf 76' lang='grc' dir='ltr'>εὐλογίαν</span> 
     </span>
    </p>
   </div>
   <div class='ocr_carea' id='block_1_17' title="bbox 579 1709 2170 1789">
    <p class='ocr_par' dir='ltr' id='par_1_17' title="bbox 579 1709 2170 1789">
     <span class='ocr_line' id='line_1_17' title="bbox 579 1709 2170 1789; baseline -0.007 -18"><span class='ocrx_word' id='word_1_125' title='bbox 579 1717 921 1789; x_wconf 88' lang='grc' dir='ltr'>παρασχεῖν;</span> <span class='ocrx_word' id='word_1_126' title='bbox 951 1715 1025 1768; x_wconf 88' lang='grc' dir='ltr'>Οὐ</span> <span class='ocrx_word' id='word_1_127' title='bbox 1059 1715 1168 1786; x_wconf 83' lang='grc' dir='ltr'>γὰρ</span> <span class='ocrx_word' id='word_1_128' title='bbox 1198 1715 1260 1786; x_wconf 80' lang='grc' dir='ltr'>δὴ</span> <span class='ocrx_word' id='word_1_129' title='bbox 1287 1715 1316 1765; x_wconf 98' lang='lat'>6</span> <span class='ocrx_word' id='word_1_130' title='bbox 1337 1710 1636 1784; x_wconf 81' lang='grc' dir='ltr'>ἠδικηκὼς,</span> <span class='ocrx_word' id='word_1_131' title='bbox 1668 1711 1770 1781; x_wconf 71' lang='grc' dir='ltr'>ἤδη</span> <span class='ocrx_word' id='word_1_132' title='bbox 1807 1711 1899 1762; x_wconf 75' lang='grc' dir='ltr'>καὶ</span> <span class='ocrx_word' id='word_1_133' title='bbox 1929 1709 2170 1777; x_wconf 81' lang='grc' dir='ltr'>εὐλογεῖ-</span> 
     </span>
    </p>
   </div>
   <div class='ocr_carea' id='block_1_18' title="bbox 577 1796 2170 1874">
    <p class='ocr_par' dir='ltr' id='par_1_18' title="bbox 577 1796 2170 1874">
     <span class='ocr_line' id='line_1_18' title="bbox 577 1796 2170 1874; baseline -0.006 -16"><span class='ocrx_word' id='word_1_134' title='bbox 577 1822 688 1871; x_wconf 89' lang='grc' dir='ltr'>ται,</span> <span class='ocrx_word' id='word_1_135' title='bbox 724 1803 840 1856; x_wconf 83' lang='grc' dir='ltr'>ἀλλ’</span> <span class='ocrx_word' id='word_1_136' title='bbox 875 1802 1293 1874; x_wconf 80' lang='grc' dir='ltr'>ἁμαρτημάτων</span> <span class='ocrx_word' id='word_1_137' title='bbox 1317 1800 1555 1869; x_wconf 85' lang='grc' dir='ltr'>ἀφίεται.</span> <span class='ocrx_word' id='word_1_138' title='bbox 1603 1799 1678 1851; x_wconf 87' lang='lat' dir='ltr'><em>T6</em></span> <span class='ocrx_word' id='word_1_139' title='bbox 1716 1797 1794 1861; x_wconf 85' lang='grc' dir='ltr'>δὲ,</span> <span class='ocrx_word' id='word_1_140' title='bbox 1839 1796 1935 1864; x_wconf 86' lang='grc' dir='ltr'>Ὦς</span> <span class='ocrx_word' id='word_1_141' title='bbox 1960 1796 2086 1866; x_wconf 77' lang='grc' dir='ltr'>ἐμὲ,</span> <span class='ocrx_word' id='word_1_142' title='bbox 2121 1796 2170 1848; x_wconf 86' lang='grc' dir='ltr'>εί</span> 
     </span>
    </p>
   </div>
   <div class='ocr_carea' id='block_1_19' title="bbox 583 1883 2168 1964">
    <p class='ocr_par' dir='ltr' id='par_1_19' title="bbox 583 1883 2168 1964">
     <span class='ocr_line' id='line_1_19' title="bbox 583 1883 2168 1964; baseline -0.004 -19"><span class='ocrx_word' id='word_1_143' title='bbox 583 1892 658 1964; x_wconf 79' lang='grc' dir='ltr'>μὴ</span> <span class='ocrx_word' id='word_1_144' title='bbox 711 1891 852 1944; x_wconf 85' lang='grc' dir='ltr'>κατά</span> <span class='ocrx_word' id='word_1_145' title='bbox 885 1891 973 1943; x_wconf 84' lang='grc' dir='ltr'>τὸν</span> <span class='ocrx_word' id='word_1_146' title='bbox 1023 1887 1124 1960; x_wconf 81' lang='grc' dir='ltr'>τῆς</span> <span class='ocrx_word' id='word_1_147' title='bbox 1155 1886 1477 1958; x_wconf 82' lang='grc' dir='ltr'>νομοθεσίας</span> <span class='ocrx_word' id='word_1_148' title='bbox 1519 1904 1601 1950; x_wconf 90' lang='grc' dir='ltr'>τις</span> <span class='ocrx_word' id='word_1_149' title='bbox 1639 1886 1839 1957; x_wconf 83' lang='grc' dir='ltr'>τρόπον</span> <span class='ocrx_word' id='word_1_150' title='bbox 1869 1883 2168 1948; x_wconf 83' lang='grc' dir='ltr'>ἐκδέξαιτο,</span> 
     </span>
    </p>
   </div>
   <div class='ocr_carea' id='block_1_20' title="bbox 578 1973 2168 2050">
    <p class='ocr_par' dir='ltr' id='par_1_20' title="bbox 578 1973 2168 2050">
     <span class='ocr_line' id='line_1_20' title="bbox 578 1973 2168 2050; baseline -0.004 -18"><span class='ocrx_word' id='word_1_151' title='bbox 578 1978 818 2050; x_wconf 80' lang='grc' dir='ltr'>οὐδαμοῦ</span> <span class='ocrx_word' id='word_1_152' title='bbox 855 1977 1010 2046; x_wconf 85' lang='grc' dir='ltr'>λόγον</span> <span class='ocrx_word' id='word_1_153' title='bbox 1038 1976 1104 2030; x_wconf 82' lang='grc' dir='ltr'>ἃν</span> <span class='ocrx_word' id='word_1_154' title='bbox 1135 1974 1371 2046; x_wconf 79' lang='grc' dir='ltr'>ἀλλαχοῦ</span> <span class='ocrx_word' id='word_1_155' title='bbox 1405 1974 1536 2041; x_wconf 78' lang='grc' dir='ltr'>ἕξοι.</span> <span class='ocrx_word' id='word_1_156' title='bbox 1573 1973 1771 2028; x_wconf 86' lang='grc' dir='ltr'>Αὑτοῦ</span> <span class='ocrx_word' id='word_1_157' title='bbox 1805 1973 2168 2036; x_wconf 73' lang='grc' dir='ltr'>ἀκουσεσθε,</span> 
     </span>
    </p>
   </div>
   <div class='ocr_carea' id='block_1_21' title="bbox 579 2059 2170 2138">
    <p class='ocr_par' dir='ltr' id='par_1_21' title="bbox 579 2059 2170 2138">
     <span class='ocr_line' id='line_1_21' title="bbox 579 2059 2170 2138; baseline -0.003 -20"><span class='ocrx_word' id='word_1_158' title='bbox 579 2066 739 2138; x_wconf 85' lang='grc' dir='ltr'>φησί·</span> <span class='ocrx_word' id='word_1_159' title='bbox 796 2067 890 2120; x_wconf 73' lang='grc' dir='ltr'>καὶ</span> <span class='ocrx_word' id='word_1_160' title='bbox 919 2067 1018 2135; x_wconf 83' lang='grc' dir='ltr'>οὐχ</span> <span class='ocrx_word' id='word_1_161' title='bbox 1067 2062 1274 2128; x_wconf 86' lang='grc' dir='ltr'>ἁπλῶς,</span> <span class='ocrx_word' id='word_1_162' title='bbox 1319 2061 1457 2126; x_wconf 88' lang='grc' dir='ltr'>ἀλλ’,</span> <span class='ocrx_word' id='word_1_163' title='bbox 1491 2064 1705 2116; x_wconf 84' lang='grc' dir='ltr'>Ἔσται</span> <span class='ocrx_word' id='word_1_164' title='bbox 1767 2060 1936 2115; x_wconf 85' lang='grc' dir='ltr'>πιῐσα</span> <span class='ocrx_word' id='word_1_165' title='bbox 1973 2059 2170 2130; x_wconf 68' lang='grc' dir='ltr'>ψυχὴ,</span> 
     </span>
    </p>
   </div>
   <div class='ocr_carea' id='block_1_22' title="bbox 578 2148 2173 2223">
    <p class='ocr_par' dir='ltr' id='par_1_22' title="bbox 578 2148 2173 2223">
     <span class='ocr_line' id='line_1_22' title="bbox 578 2148 2173 2223; baseline -0.004 -16"><span class='ocrx_word' id='word_1_166' title='bbox 578 2153 710 2223; x_wconf 81' lang='grc' dir='ltr'>ἣτις</span> <span class='ocrx_word' id='word_1_167' title='bbox 737 2153 814 2206; x_wconf 79' lang='grc' dir='ltr'>ἂν</span> <span class='ocrx_word' id='word_1_168' title='bbox 841 2152 928 2222; x_wconf 76' lang='grc' dir='ltr'>μὴ</span> <span class='ocrx_word' id='word_1_169' title='bbox 967 2152 1206 2219; x_wconf 73' lang='grc' dir='ltr'>ἀκούσῃ</span> <span class='ocrx_word' id='word_1_170' title='bbox 1241 2150 1350 2204; x_wconf 86' lang='grc' dir='ltr'>τοῦ</span> <span class='ocrx_word' id='word_1_171' title='bbox 1412 2149 1726 2219; x_wconf 67' lang='grc' dir='ltr'>προφήτου</span> <span class='ocrx_word' id='word_1_172' title='bbox 1768 2149 2032 2212; x_wconf 80' lang='grc' dir='ltr'>ἐκείνου,</span> <span class='ocrx_word' id='word_1_173' title='bbox 2073 2148 2173 2214; x_wconf 76' lang='grc' dir='ltr'>ἐξ·</span> 
     </span>
    </p>
   </div>
   <div class='ocr_carea' id='block_1_23' title="bbox 580 2235 2173 2310">
    <p class='ocr_par' dir='ltr' id='par_1_23' title="bbox 580 2235 2173 2310">
     <span class='ocr_line' id='line_1_23' title="bbox 580 2235 2173 2310; baseline -0.004 -14"><span class='ocrx_word' id='word_1_174' title='bbox 580 2240 1090 2310; x_wconf 70' lang='grc' dir='ltr'>ολοθρευθήσεται</span> <span class='ocrx_word' id='word_1_175' title='bbox 1124 2238 1192 2291; x_wconf 83' lang='grc' dir='ltr'>ἐκ</span> <span class='ocrx_word' id='word_1_176' title='bbox 1224 2237 1331 2292; x_wconf 86' lang='grc' dir='ltr'>τοῦ</span> <span class='ocrx_word' id='word_1_177' title='bbox 1357 2237 1532 2294; x_wconf 77' lang='grc' dir='ltr'>λαοῦ.</span> <span class='ocrx_word' id='word_1_178' title='bbox 1561 2237 1693 2290; x_wconf 85' lang='grc' dir='ltr'>Ὅτε</span> <span class='ocrx_word' id='word_1_179' title='bbox 1727 2236 1926 2300; x_wconf 76' lang='grc' dir='ltr'>αὐτοὺς</span> <span class='ocrx_word' id='word_1_180' title='bbox 1973 2235 2173 2300; x_wconf 78' lang='grc' dir='ltr'>ἔδειξεν</span> 
     </span>
    </p>
   </div>
   <div class='ocr_carea' id='block_1_24' title="bbox 580 2322 2170 2400">
    <p class='ocr_par' dir='ltr' id='par_1_24' title="bbox 580 2322 2170 2400">
     <span class='ocr_line' id='line_1_24' title="bbox 580 2322 2170 2400; baseline 0.011 -37"><span class='ocrx_word' id='word_1_181' title='bbox 580 2327 996 2400; x_wconf 66' lang='grc' dir='ltr'>ἡμαρτηκότας,</span> <span class='ocrx_word' id='word_1_182' title='bbox 1023 2325 1118 2379; x_wconf 79' lang='grc' dir='ltr'>καὶ</span> <span class='ocrx_word' id='word_1_183' title='bbox 1152 2322 1487 2396; x_wconf 83' lang='grc' dir='ltr'>συγγνώμης</span> <span class='ocrx_word' id='word_1_184' title='bbox 1520 2323 1814 2394; x_wconf 81' lang='grc' dir='ltr'>μετέδωκε,</span> <span class='ocrx_word' id='word_1_185' title='bbox 1855 2325 1950 2378; x_wconf 73' lang='grc' dir='ltr'>καὶ</span> <span class='ocrx_word' id='word_1_186' title='bbox 1995 2325 2170 2394; x_wconf 85' lang='grc' dir='ltr'>ἐπηγ-</span> 
     </span>
    </p>
   </div>
   <div class='ocr_carea' id='block_1_25' title="bbox 580 2412 2174 2486">
    <p class='ocr_par' dir='ltr' id='par_1_25' title="bbox 580 2412 2174 2486">
     <span class='ocr_line' id='line_1_25' title="bbox 580 2412 2174 2486; baseline -0.003 -18"><span class='ocrx_word' id='word_1_187' title='bbox 580 2417 798 2485; x_wconf 84' lang='grc' dir='ltr'>γείλατο</span> <span class='ocrx_word' id='word_1_188' title='bbox 843 2415 1058 2486; x_wconf 87' lang='grc' dir='ltr'>χρηστά</span> <span class='ocrx_word' id='word_1_189' title='bbox 1083 2430 1095 2444; x_wconf 74' lang='grc' dir='ltr'><strong>ο</strong></span> <span class='ocrx_word' id='word_1_190' title='bbox 1129 2415 1252 2466; x_wconf 86' lang='grc' dir='ltr'>τότε</span> <span class='ocrx_word' id='word_1_191' title='bbox 1280 2414 1346 2484; x_wconf 82' lang='grc' dir='ltr'>δὴ</span> <span class='ocrx_word' id='word_1_192' title='bbox 1374 2412 1666 2476; x_wconf 83' lang='grc' dir='ltr'>δείκνυσιν,</span> <span class='ocrx_word' id='word_1_193' title='bbox 1706 2413 1788 2465; x_wconf 86' lang='grc' dir='ltr'>ὅτι</span> <span class='ocrx_word' id='word_1_194' title='bbox 1843 2413 1937 2465; x_wconf 77' lang='grc' dir='ltr'>καὶ</span> <span class='ocrx_word' id='word_1_195' title='bbox 1969 2413 2174 2483; x_wconf 79' lang='grc' dir='ltr'>Μωσῆς</span> 
     </span>
    </p>
   </div>
   <div class='ocr_carea' id='block_1_26' title="bbox 577 2490 2174 2572">
    <p class='ocr_par' dir='ltr' id='par_1_26' title="bbox 577 2490 2174 2572">
     <span class='ocr_line' id='line_1_26' title="bbox 577 2490 2174 2572; baseline -0.003 -15"><span class='ocrx_word' id='word_1_196' title='bbox 577 2505 639 2557; x_wconf 80' lang='grc' dir='ltr'>τὸ</span> <span class='ocrx_word' id='word_1_197' title='bbox 673 2503 806 2558; x_wconf 84' lang='grc' dir='ltr'>αὐτό</span> <span class='ocrx_word' id='word_1_198' title='bbox 825 2504 992 2572; x_wconf 80' lang='grc' dir='ltr'>λέγει.</span> <span class='ocrx_word' id='word_1_199' title='bbox 1020 2503 1132 2556; x_wconf 74' lang='grc' dir='ltr'>Καὶ</span> <span class='ocrx_word' id='word_1_200' title='bbox 1155 2501 1285 2555; x_wconf 90' lang='grc' dir='ltr'>ποία</span> <span class='ocrx_word' id='word_1_201' title='bbox 1303 2500 1440 2571; x_wconf 80' lang='grc' dir='ltr'>αὕτη</span> <span class='ocrx_word' id='word_1_202' title='bbox 1466 2499 1758 2554; x_wconf 81' lang='grc' dir='ltr'>ἀκολουθία</span> <span class='ocrx_word' id='word_1_203' title='bbox 1780 2502 1974 2565; x_wconf 76' lang='grc' dir='ltr'>εἰπεῖν,</span> <span class='ocrx_word' id='word_1_204' title='bbox 2009 2490 2174 2568; x_wconf 73' lang='grc' dir='ltr'>Ἄχρι</span> 
     </span>
    </p>
   </div>
   <div class='ocr_carea' id='block_1_27' title="bbox 580 2587 2176 2666">
    <p class='ocr_par' dir='ltr' id='par_1_27' title="bbox 580 2587 2176 2666">
     <span class='ocr_line' id='line_1_27' title="bbox 580 2587 2176 2666; baseline -0.003 -20"><span class='ocrx_word' id='word_1_205' title='bbox 580 2591 694 2666; x_wconf 78' lang='grc'>[76]</span> <span class='ocrx_word' id='word_1_206' title='bbox 721 2593 957 2661; x_wconf 78' lang='grc' dir='ltr'>χρόνων</span> <span class='ocrx_word' id='word_1_207' title='bbox 988 2588 1562 2655; x_wconf 79' lang='grc' dir='ltr'>ἀποκαταστάσεως,</span> <span class='ocrx_word' id='word_1_208' title='bbox 1599 2587 1696 2642; x_wconf 79' lang='grc' dir='ltr'>καὶ</span> <span class='ocrx_word' id='word_1_209' title='bbox 1721 2591 2020 2658; x_wconf 80' lang='grc' dir='ltr'>ἐπαγαγεῖν</span> <span class='ocrx_word' id='word_1_210' title='bbox 2043 2590 2176 2643; x_wconf 86' lang='grc' dir='ltr'>Μω-</span> 
     </span>
    </p>
   </div>
   <div class='ocr_carea' id='block_1_28' title="bbox 580 2676 2170 2749">
    <p class='ocr_par' dir='ltr' id='par_1_28' title="bbox 580 2676 2170 2749">
     <span class='ocr_line' id='line_1_28' title="bbox 580 2676 2170 2749; baseline -0.003 -15"><span class='ocrx_word' id='word_1_211' title='bbox 580 2681 678 2734; x_wconf 84' lang='grc' dir='ltr'>σέα</span> <span class='ocrx_word' id='word_1_212' title='bbox 700 2681 946 2749; x_wconf 85' lang='grc' dir='ltr'>λέγοντα,</span> <span class='ocrx_word' id='word_1_213' title='bbox 973 2680 1056 2733; x_wconf 85' lang='grc' dir='ltr'>ὅτι</span> <span class='ocrx_word' id='word_1_214' title='bbox 1085 2677 1262 2732; x_wconf 90' lang='grc' dir='ltr'>πάντα</span> <span class='ocrx_word' id='word_1_215' title='bbox 1291 2676 1638 2741; x_wconf 83' lang='grc' dir='ltr'>ἀκούσουσιν,</span> <span class='ocrx_word' id='word_1_216' title='bbox 1666 2676 1702 2731; x_wconf 78' lang='grc' dir='ltr'>ἀ</span> <span class='ocrx_word' id='word_1_217' title='bbox 1721 2677 1836 2748; x_wconf 88' lang='grc' dir='ltr'>ἐρεῖ</span> <span class='ocrx_word' id='word_1_218' title='bbox 1863 2679 1891 2730; x_wconf 92' lang='lat'>6</span> <span class='ocrx_word' id='word_1_219' title='bbox 1917 2676 2170 2748; x_wconf 85' lang='grc' dir='ltr'>Χριστός·</span> 
     </span>
    </p>
   </div>
   <div class='ocr_carea' id='block_1_29' title="bbox 579 2765 2170 2841">
    <p class='ocr_par' dir='ltr' id='par_1_29' title="bbox 579 2765 2170 2841">
     <span class='ocr_line' id='line_1_29' title="bbox 579 2765 2170 2841; baseline -0.003 -16"><span class='ocrx_word' id='word_1_220' title='bbox 579 2772 671 2826; x_wconf 70' lang='grc' dir='ltr'>καὶ</span> <span class='ocrx_word' id='word_1_221' title='bbox 689 2771 786 2841; x_wconf 81' lang='grc' dir='ltr'>οὐχ</span> <span class='ocrx_word' id='word_1_222' title='bbox 806 2769 1012 2832; x_wconf 83' lang='grc' dir='ltr'>ἁπλῶς.</span> <span class='ocrx_word' id='word_1_223' title='bbox 1043 2767 1180 2822; x_wconf 89' lang='grc' dir='ltr'>ἀλλά</span> <span class='ocrx_word' id='word_1_224' title='bbox 1211 2766 1349 2838; x_wconf 84' lang='grc' dir='ltr'>μετά</span> <span class='ocrx_word' id='word_1_225' title='bbox 1372 2766 1599 2836; x_wconf 85' lang='grc' dir='ltr'>ἀπειλῆς</span> <span class='ocrx_word' id='word_1_226' title='bbox 1623 2765 1860 2837; x_wconf 78' lang='grc' dir='ltr'>φοϐερᾶς</span> <span class='ocrx_word' id='word_1_227' title='bbox 1881 2784 1894 2833; x_wconf 90' lang='grc'>;</span> <span class='ocrx_word' id='word_1_228' title='bbox 1921 2766 2170 2837; x_wconf 83' lang='grc' dir='ltr'>Μεγάλη⁶</span> 
     </span>
    </p>
   </div>
   <div class='ocr_carea' id='block_1_30' title="bbox 575 2855 2174 2929">
    <p class='ocr_par' dir='ltr' id='par_1_30' title="bbox 575 2855 2174 2929">
     <span class='ocr_line' id='line_1_30' title="bbox 575 2855 2174 2929; baseline -0.003 -15"><span class='ocrx_word' id='word_1_229' title='bbox 575 2861 814 2914; x_wconf 82' lang='grc' dir='ltr'>δείκνυσι</span> <span class='ocrx_word' id='word_1_230' title='bbox 847 2858 976 2929; x_wconf 81' lang='grc' dir='ltr'>γὰρ,</span> <span class='ocrx_word' id='word_1_231' title='bbox 1012 2859 1094 2911; x_wconf 82' lang='grc' dir='ltr'>ὅτι</span> <span class='ocrx_word' id='word_1_232' title='bbox 1129 2857 1224 2911; x_wconf 77' lang='grc' dir='ltr'>καὶ</span> <span class='ocrx_word' id='word_1_233' title='bbox 1245 2856 1333 2910; x_wconf 81' lang='grc' dir='ltr'>διὰ</span> <span class='ocrx_word' id='word_1_234' title='bbox 1359 2855 1518 2910; x_wconf 81' lang='grc' dir='ltr'>τοῦτο</span> <span class='ocrx_word' id='word_1_235' title='bbox 1552 2855 1839 2910; x_wconf 81' lang='grc' dir='ltr'>πείθεσθαι</span> <span class='ocrx_word' id='word_1_236' title='bbox 1868 2857 2174 2926; x_wconf 75' lang='grc' dir='ltr'>ὀφείλουσιν</span> 
     </span>
    </p>
   </div>
   <div class='ocr_carea' id='block_1_31' title="bbox 577 2944 2175 3021">
    <p class='ocr_par' dir='ltr' id='par_1_31' title="bbox 577 2944 2175 3021">
     <span class='ocr_line' id='line_1_31' title="bbox 577 2944 2175 3021; baseline -0.004 -15"><span class='ocrx_word' id='word_1_237' title='bbox 577 2949 748 3021; x_wconf 78' lang='grc' dir='ltr'>αὐτῷ.</span> <span class='ocrx_word' id='word_1_238' title='bbox 786 2948 1040 3010; x_wconf 85' lang='grc' dir='ltr'>Τίέστιν,</span> <span class='ocrx_word' id='word_1_239' title='bbox 1089 2947 1210 3001; x_wconf 73' lang='grc' dir='ltr'>Υἱοὶ</span> <span class='ocrx_word' id='word_1_240' title='bbox 1237 2945 1358 2999; x_wconf 86' lang='grc' dir='ltr'>τῶν</span> <span class='ocrx_word' id='word_1_241' title='bbox 1389 2944 1732 3016; x_wconf 63' lang='grc' dir='ltr'>προφητῶν,</span> <span class='ocrx_word' id='word_1_242' title='bbox 1769 2945 1870 3000; x_wconf 82' lang='grc' dir='ltr'>καὶ</span> <span class='ocrx_word' id='word_1_243' title='bbox 1899 2945 2010 3015; x_wconf 86' lang='grc' dir='ltr'>τῆς</span> <span class='ocrx_word' id='word_1_244' title='bbox 2047 2945 2175 3001; x_wconf 80' lang='grc' dir='ltr'>δια-</span> 
     </span>
    </p>
   </div>
   <div class='ocr_carea' id='block_1_32' title="bbox 579 3031 2176 3107">
    <p class='ocr_par' dir='ltr' id='par_1_32' title="bbox 579 3031 2176 3107">
     <span class='ocr_line' id='line_1_32' title="bbox 579 3031 2176 3107; baseline -0.002 -15"><span class='ocrx_word' id='word_1_245' title='bbox 579 3038 800 3107; x_wconf 73' lang='grc' dir='ltr'>θήκηςς</span> <span class='ocrx_word' id='word_1_246' title='bbox 826 3037 1185 3107; x_wconf 70' lang='grc' dir='ltr'>κληρονόμοι,</span> <span class='ocrx_word' id='word_1_247' title='bbox 1226 3035 1478 3107; x_wconf 84' lang='grc' dir='ltr'>διάδοχοι.</span> <span class='ocrx_word' id='word_1_248' title='bbox 1503 3037 1567 3088; x_wconf 78' lang='grc' dir='ltr'>Εἰ</span> <span class='ocrx_word' id='word_1_249' title='bbox 1591 3031 1684 3089; x_wconf 78' lang='grc' dir='ltr'>οῦν</span> <span class='ocrx_word' id='word_1_250' title='bbox 1710 3036 1835 3098; x_wconf 70' lang='grc' dir='ltr'>υἱοὶ,</span> <span class='ocrx_word' id='word_1_251' title='bbox 1870 3036 1922 3089; x_wconf 85' lang='grc' dir='ltr'>τί</span> <span class='ocrx_word' id='word_1_252' title='bbox 1951 3035 2027 3100; x_wconf 88' lang='grc' dir='ltr'>ὡς</span> <span class='ocrx_word' id='word_1_253' title='bbox 2047 3034 2176 3106; x_wconf 75' lang='grc' dir='ltr'>περὶ</span> 
     </span>
    </p>
   </div>
   <div class='ocr_carea' id='block_1_33' title="bbox 578 3122 2175 3196">
    <p class='ocr_par' dir='ltr' id='par_1_33' title="bbox 578 3122 2175 3196">
     <span class='ocr_line' id='line_1_33' title="bbox 578 3122 2175 3196; baseline -0.002 -16"><span class='ocrx_word' id='word_1_254' title='bbox 578 3126 835 3196; x_wconf 82' lang='grc' dir='ltr'>ἀλλότρια</span> <span class='ocrx_word' id='word_1_255' title='bbox 863 3123 1140 3177; x_wconf 77' lang='grc' dir='ltr'>διάκεισθε</span> <span class='ocrx_word' id='word_1_256' title='bbox 1174 3122 1308 3194; x_wconf 73' lang='grc' dir='ltr'>πρὸς</span> <span class='ocrx_word' id='word_1_257' title='bbox 1333 3123 1402 3176; x_wconf 78' lang='grc' dir='ltr'>τὰ</span> <span class='ocrx_word' id='word_1_258' title='bbox 1431 3122 1710 3195; x_wconf 82' lang='grc' dir='ltr'>ὐμέτερα;</span> <span class='ocrx_word' id='word_1_259' title='bbox 1755 3123 1900 3194; x_wconf 84' lang='grc' dir='ltr'>Ἀρα</span> <span class='ocrx_word' id='word_1_260' title='bbox 1935 3140 2175 3194; x_wconf 82' lang='grc' dir='ltr'>κατηγο-</span> 
     </span>
    </p>
   </div>
   <div class='ocr_carea' id='block_1_34' title="bbox 584 3209 2177 3286">
    <p class='ocr_par' dir='ltr' id='par_1_34' title="bbox 584 3209 2177 3286">
     <span class='ocr_line' id='line_1_34' title="bbox 584 3209 2177 3286; baseline -0.001 -20"><span class='ocrx_word' id='word_1_261' title='bbox 584 3213 704 3286; x_wconf 84' lang='grc' dir='ltr'>ρίας</span> <span class='ocrx_word' id='word_1_262' title='bbox 729 3212 826 3284; x_wconf 78' lang='grc' dir='ltr'>μὲν</span> <span class='ocrx_word' id='word_1_263' title='bbox 849 3210 1124 3282; x_wconf 78' lang='grc' dir='ltr'>ἐπράξατε</span> <span class='ocrx_word' id='word_1_264' title='bbox 1149 3209 1276 3274; x_wconf 79' lang='grc' dir='ltr'>ἀξια</span> <span class='ocrx_word' id='word_1_265' title='bbox 1296 3226 1310 3241; x_wconf 78' lang='grc' dir='ltr'><strong><em>ο</em></strong></span> <span class='ocrx_word' id='word_1_266' title='bbox 1339 3211 1636 3282; x_wconf 88' lang='grc' dir='ltr'>δυνήσεσθε</span> <span class='ocrx_word' id='word_1_267' title='bbox 1664 3210 1719 3264; x_wconf 79' lang='grc' dir='ltr'>δὲ</span> <span class='ocrx_word' id='word_1_268' title='bbox 1748 3210 1899 3283; x_wconf 83' lang='grc' dir='ltr'>ὅμως</span> <span class='ocrx_word' id='word_1_269' title='bbox 1931 3210 2177 3280; x_wconf 83' lang='grc' dir='ltr'>συγγνώ-</span> 
     </span>
    </p>
   </div>
   <div class='ocr_carea' id='block_1_35' title="bbox 583 3295 2177 3375">
    <p class='ocr_par' dir='ltr' id='par_1_35' title="bbox 583 3295 2177 3375">
     <span class='ocr_line' id='line_1_35' title="bbox 583 3295 2177 3375; baseline 0.001 -20"><span class='ocrx_word' id='word_1_270' title='bbox 583 3320 692 3375; x_wconf 82' lang='grc' dir='ltr'>μης</span> <span class='ocrx_word' id='word_1_271' title='bbox 718 3304 923 3373; x_wconf 87' lang='grc' dir='ltr'>τυχεῖν.</span> <span class='ocrx_word' id='word_1_272' title='bbox 947 3295 1080 3354; x_wconf 80' lang='grc' dir='ltr'>Εἶτα</span> <span class='ocrx_word' id='word_1_273' title='bbox 1109 3299 1297 3371; x_wconf 84' lang='grc' dir='ltr'>ἐπειδὴ</span> <span class='ocrx_word' id='word_1_274' title='bbox 1334 3295 1456 3353; x_wconf 72' lang='grc' dir='ltr'>εἷπε</span> <span class='ocrx_word' id='word_1_275' title='bbox 1486 3299 1678 3365; x_wconf 87' lang='grc' dir='ltr'>ταῦτα,</span> <span class='ocrx_word' id='word_1_276' title='bbox 1729 3299 1956 3364; x_wconf 75' lang='grc' dir='ltr'>εἰκότως</span> <span class='ocrx_word' id='word_1_277' title='bbox 1989 3301 2177 3356; x_wconf 82' lang='grc' dir='ltr'>λοιπὸν</span> 
     </span>
    </p>
   </div>
   <div class='ocr_carea' id='block_1_36' title="bbox 577 3386 2176 3460">
    <p class='ocr_par' dir='ltr' id='par_1_36' title="bbox 577 3386 2176 3460">
     <span class='ocr_line' id='line_1_36' title="bbox 577 3386 2176 3460; baseline 0.001 -15"><span class='ocrx_word' id='word_1_278' title='bbox 577 3390 765 3460; x_wconf 85' lang='grc' dir='ltr'>λέγει·</span> <span class='ocrx_word' id='word_1_279' title='bbox 808 3387 980 3460; x_wconf 82' lang='grc' dir='ltr'>Ὑμῖν</span> <span class='ocrx_word' id='word_1_280' title='bbox 1000 3389 1362 3443; x_wconf 80' lang='grc' dir='ltr'>ἀπέστειλεν</span> <span class='ocrx_word' id='word_1_281' title='bbox 1395 3389 1430 3442; x_wconf 81' lang='grc' dir='ltr'><em>ὁ</em></span> <span class='ocrx_word' id='word_1_282' title='bbox 1463 3386 1608 3455; x_wconf 84' lang='grc' dir='ltr'>Θεὸς</span> <span class='ocrx_word' id='word_1_283' title='bbox 1639 3387 1745 3442; x_wconf 86' lang='grc' dir='ltr'>τόν</span> <span class='ocrx_word' id='word_1_284' title='bbox 1767 3388 1960 3443; x_wconf 85' lang='grc' dir='ltr'>Παῖδα</span> <span class='ocrx_word' id='word_1_285' title='bbox 1985 3390 2176 3446; x_wconf 85' lang='grc' dir='ltr'>αὑτοῦ</span> 
     </span>
    </p>
   </div>
   <div class='ocr_carea' id='block_1_37' title="bbox 578 3473 2177 3550">
    <p class='ocr_par' dir='ltr' id='par_1_37' title="bbox 578 3473 2177 3550">
     <span class='ocr_line' id='line_1_37' title="bbox 578 3473 2177 3550; baseline -0.001 -15"><span class='ocrx_word' id='word_1_286' title='bbox 578 3478 953 3550; x_wconf 75' lang='grc' dir='ltr'>εὐλογοῦντα</span> <span class='ocrx_word' id='word_1_287' title='bbox 973 3475 1148 3548; x_wconf 84' lang='grc' dir='ltr'>ὑμᾶς.</span> <span class='ocrx_word' id='word_1_288' title='bbox 1185 3475 1299 3530; x_wconf 85' lang='grc' dir='ltr'>Οὐκ</span> <span class='ocrx_word' id='word_1_289' title='bbox 1321 3473 1462 3542; x_wconf 83' lang='grc' dir='ltr'>εἷπε,</span> <span class='ocrx_word' id='word_1_290' title='bbox 1490 3473 1762 3544; x_wconf 81' lang='grc' dir='ltr'>Σώζοντα,</span> <span class='ocrx_word' id='word_1_291' title='bbox 1797 3475 1915 3530; x_wconf 84' lang='grc' dir='ltr'>ἀλλ’</span> <span class='ocrx_word' id='word_1_292' title='bbox 1937 3476 1966 3530; x_wconf 81' lang='grc' dir='ltr'>ὃ</span> <span class='ocrx_word' id='word_1_293' title='bbox 1991 3477 2177 3549; x_wconf 81' lang='grc' dir='ltr'>μεῖζόν</span> 
     </span>
    </p>
   </div>
   <div class='ocr_carea' id='block_1_38' title="bbox 579 3563 2170 3638">
    <p class='ocr_par' dir='ltr' id='par_1_38' title="bbox 579 3563 2170 3638">
     <span class='ocr_line' id='line_1_38' title="bbox 579 3563 2170 3638; baseline -0.001 -15"><span class='ocrx_word' id='word_1_294' title='bbox 579 3571 749 3634; x_wconf 85' lang='grc' dir='ltr'>ἐστιν,</span> <span class='ocrx_word' id='word_1_295' title='bbox 778 3564 1168 3638; x_wconf 75' lang='grc' dir='ltr'>Εὐλογοῦντα</span> <span class='ocrx_word' id='word_1_296' title='bbox 1186 3579 1200 3592; x_wconf 91' lang='grc'><strong>·</strong></span> <span class='ocrx_word' id='word_1_297' title='bbox 1225 3563 1463 3628; x_wconf 78' lang='grc' dir='ltr'>δεικνὺς,</span> <span class='ocrx_word' id='word_1_298' title='bbox 1496 3565 1578 3619; x_wconf 84' lang='grc' dir='ltr'>ὅτι</span> <span class='ocrx_word' id='word_1_299' title='bbox 1598 3565 1627 3618; x_wconf 90' lang='lat'>6</span> <span class='ocrx_word' id='word_1_300' title='bbox 1662 3563 1999 3638; x_wconf 76' lang='grc' dir='ltr'>σταυρωθεὶς</span> <span class='ocrx_word' id='word_1_301' title='bbox 2022 3565 2170 3621; x_wconf 77' lang='grc' dir='ltr'>εὐλο-</span> 
     </span>
    </p>
   </div>
   <div class='ocr_carea' id='block_1_39' title="bbox 578 3651 2176 3727">
    <p class='ocr_par' dir='ltr' id='par_1_39' title="bbox 578 3651 2176 3727">
     <span class='ocr_line' id='line_1_39' title="bbox 578 3651 2176 3727; baseline -0.001 -17"><span class='ocrx_word' id='word_1_302' title='bbox 578 3657 670 3727; x_wconf 75' lang='grc' dir='ltr'>γεῖ</span> <span class='ocrx_word' id='word_1_303' title='bbox 689 3654 818 3720; x_wconf 74' lang='grc' dir='ltr'>τοὺς</span> <span class='ocrx_word' id='word_1_304' title='bbox 867 3651 1312 3726; x_wconf 86' lang='grc' dir='ltr'>σταυρώσαντας.</span> <span class='ocrx_word' id='word_1_305' title='bbox 1347 3651 1736 3724; x_wconf 86' lang='grc' dir='ltr'>Μιμησὼμεθα</span> <span class='ocrx_word' id='word_1_306' title='bbox 1782 3651 1961 3707; x_wconf 89' lang='grc' dir='ltr'>τοίνυν</span> <span class='ocrx_word' id='word_1_307' title='bbox 1987 3653 2176 3709; x_wconf 88' lang='grc' dir='ltr'>τοῦτον</span> 
     </span>
    </p>
   </div>
   <div class='ocr_carea' id='block_1_40' title="bbox 578 3739 2174 3815">
    <p class='ocr_par' dir='ltr' id='par_1_40' title="bbox 578 3739 2174 3815">
     <span class='ocr_line' id='line_1_40' title="bbox 578 3739 2174 3815; baseline -0.001 -15"><span class='ocrx_word' id='word_1_308' title='bbox 578 3744 675 3800; x_wconf 72' lang='grc' dir='ltr'>καὶ</span> <span class='ocrx_word' id='word_1_309' title='bbox 696 3745 876 3815; x_wconf 80' lang='grc' dir='ltr'>ἡμεῖς.</span> <span class='ocrx_word' id='word_1_310' title='bbox 914 3741 1268 3812; x_wconf 78' lang='grc' dir='ltr'>Ἐκϐἀλωμεν</span> <span class='ocrx_word' id='word_1_311' title='bbox 1291 3739 1472 3812; x_wconf 79' lang='grc' dir='ltr'>ψυχὴν</span> <span class='ocrx_word' id='word_1_312' title='bbox 1500 3739 1727 3813; x_wconf 80' lang='grc' dir='ltr'>φονικὴν</span> <span class='ocrx_word' id='word_1_313' title='bbox 1760 3741 1856 3797; x_wconf 74' lang='grc' dir='ltr'>καὶ</span> <span class='ocrx_word' id='word_1_314' title='bbox 1885 3742 2174 3814; x_wconf 85' lang='grc' dir='ltr'>πολεμίαν.</span> 
     </span>
    </p>
   </div>
   <div class='ocr_carea' id='block_1_41' title="bbox 579 3827 2178 3905">
    <p class='ocr_par' dir='ltr' id='par_1_41' title="bbox 579 3827 2178 3905">
     <span class='ocr_line' id='line_1_41' title="bbox 579 3827 2178 3905; baseline 0 -20"><span class='ocrx_word' id='word_1_315' title='bbox 579 3833 696 3904; x_wconf 85' lang='grc' dir='ltr'>Οὐχ</span> <span class='ocrx_word' id='word_1_316' title='bbox 719 3831 882 3905; x_wconf 85' lang='grc' dir='ltr'>ἀρκεῖ</span> <span class='ocrx_word' id='word_1_317' title='bbox 911 3829 973 3882; x_wconf 74' lang='grc' dir='ltr'>τὸ</span> <span class='ocrx_word' id='word_1_318' title='bbox 1008 3828 1082 3901; x_wconf 77' lang='grc' dir='ltr'>μή</span> <span class='ocrx_word' id='word_1_319' title='bbox 1113 3827 1425 3900; x_wconf 87' lang='grc' dir='ltr'>ἀμύνασθαι</span> <span class='ocrx_word' id='word_1_320' title='bbox 1451 3827 1645 3899; x_wconf 85' lang='grc' dir='ltr'>(τοῦτο</span> <span class='ocrx_word' id='word_1_321' title='bbox 1667 3830 1764 3883; x_wconf 78' lang='grc' dir='ltr'>καὶ</span> <span class='ocrx_word' id='word_1_322' title='bbox 1783 3831 1842 3884; x_wconf 85' lang='grc' dir='ltr'>ἐν</span> <span class='ocrx_word' id='word_1_323' title='bbox 1869 3832 1933 3902; x_wconf 76' lang='grc' dir='ltr'>τῇ</span> <span class='ocrx_word' id='word_1_324' title='bbox 1963 3829 2178 3902; x_wconf 77' lang='grc' dir='ltr'>Παλαιᾷ</span> 
     </span>
    </p>
   </div>
   <div class='ocr_carea' id='block_1_42' title="bbox 579 3916 2179 3991">
    <p class='ocr_par' dir='ltr' id='par_1_42' title="bbox 579 3916 2179 3991">
     <span class='ocr_line' id='line_1_42' title="bbox 579 3916 2179 3991; baseline 0 -17"><span class='ocrx_word' id='word_1_325' title='bbox 579 3919 847 3991; x_wconf 84' lang='grc' dir='ltr'>γέγονεν),</span> <span class='ocrx_word' id='word_1_326' title='bbox 868 3918 1006 3973; x_wconf 84' lang='grc' dir='ltr'>ἀλλὰ</span> <span class='ocrx_word' id='word_1_327' title='bbox 1040 3917 1221 3972; x_wconf 86' lang='grc' dir='ltr'>πάντα</span> <span class='ocrx_word' id='word_1_328' title='bbox 1245 3916 1576 3988; x_wconf 84' lang='grc' dir='ltr'>πράττωμεν</span> <span class='ocrx_word' id='word_1_329' title='bbox 1604 3918 1746 3990; x_wconf 70' lang='grc' dir='ltr'>ὑπὲρ</span> <span class='ocrx_word' id='word_1_330' title='bbox 1775 3918 1886 3973; x_wconf 83' lang='grc' dir='ltr'>τῶν</span> <span class='ocrx_word' id='word_1_331' title='bbox 1921 3918 2179 3991; x_wconf 76' lang='grc' dir='ltr'>ἠδικηκό-</span> 
     </span>
    </p>
   </div>
   <div class='ocr_carea' id='block_1_43' title="bbox 581 4005 2172 4081">
    <p class='ocr_par' dir='ltr' id='par_1_43' title="bbox 581 4005 2172 4081">
     <span class='ocr_line' id='line_1_43' title="bbox 581 4005 2172 4081; baseline 0.001 -18"><span class='ocrx_word' id='word_1_332' title='bbox 581 4026 711 4074; x_wconf 90' lang='grc' dir='ltr'>των,</span> <span class='ocrx_word' id='word_1_333' title='bbox 740 4009 817 4074; x_wconf 84' lang='grc' dir='ltr'>ὡς</span> <span class='ocrx_word' id='word_1_334' title='bbox 849 4006 992 4080; x_wconf 77' lang='grc' dir='ltr'>ὑπὲρ</span> <span class='ocrx_word' id='word_1_335' title='bbox 1019 4007 1188 4077; x_wconf 86' lang='grc' dir='ltr'>φίλων</span> <span class='ocrx_word' id='word_1_336' title='bbox 1215 4005 1478 4078; x_wconf 84' lang='grc' dir='ltr'>γνησίων,</span> <span class='ocrx_word' id='word_1_337' title='bbox 1510 4006 1586 4071; x_wconf 86' lang='grc' dir='ltr'>ὡς</span> <span class='ocrx_word' id='word_1_338' title='bbox 1618 4007 1760 4079; x_wconf 80' lang='grc' dir='ltr'>ὑπὲρ</span> <span class='ocrx_word' id='word_1_339' title='bbox 1787 4008 1951 4081; x_wconf 85' lang='grc' dir='ltr'>ήμῶν</span> <span class='ocrx_word' id='word_1_340' title='bbox 1969 4008 2172 4065; x_wconf 83' lang='grc' dir='ltr'>αὐτῶν.</span> 
     </span>
    </p>
   </div>
   <div class='ocr_carea' id='block_1_44' title="bbox 595 4093 2178 4168">
    <p class='ocr_par' dir='ltr' id='par_1_44' title="bbox 595 4093 2178 4168">
     <span class='ocr_line' id='line_1_44' title="bbox 595 4093 2178 4168; baseline -0.001 -16"><span class='ocrx_word' id='word_1_341' title='bbox 595 4096 838 4152; x_wconf 87' lang='grc' dir='ltr'>Ἐκείνου</span> <span class='ocrx_word' id='word_1_342' title='bbox 868 4094 1106 4168; x_wconf 86' lang='grc' dir='ltr'>μιμηταί</span> <span class='ocrx_word' id='word_1_343' title='bbox 1147 4095 1337 4165; x_wconf 88' lang='grc' dir='ltr'>ἐσμεν,</span> <span class='ocrx_word' id='word_1_344' title='bbox 1373 4093 1585 4148; x_wconf 84' lang='grc' dir='ltr'>ἐκείνου</span> <span class='ocrx_word' id='word_1_345' title='bbox 1618 4094 1860 4166; x_wconf 71' lang='grc' dir='ltr'>μαθηταὶ</span> <span class='ocrx_word' id='word_1_346' title='bbox 1899 4095 1996 4150; x_wconf 87' lang='grc' dir='ltr'>τοῦ</span> <span class='ocrx_word' id='word_1_347' title='bbox 2037 4097 2178 4168; x_wconf 83' lang='grc' dir='ltr'>μετά</span> 
     </span>
    </p>
   </div>
   <div class='ocr_carea' id='block_1_45' title="bbox 580 4171 2180 4258">
    <p class='ocr_par' dir='ltr' id='par_1_45' title="bbox 580 4171 2180 4258">
     <span class='ocr_line' id='line_1_45' title="bbox 580 4171 2180 4258; baseline -0.001 -18"><span class='ocrx_word' id='word_1_348' title='bbox 580 4185 644 4240; x_wconf 82' lang='grc' dir='ltr'>τὸ</span> <span class='ocrx_word' id='word_1_349' title='bbox 669 4171 1049 4257; x_wconf 74' lang='grc' dir='ltr'>σταυρωθῆναι</span> <span class='ocrx_word' id='word_1_350' title='bbox 1078 4183 1260 4238; x_wconf 89' lang='grc' dir='ltr'>πάντα</span> <span class='ocrx_word' id='word_1_351' title='bbox 1298 4182 1576 4249; x_wconf 90' lang='grc' dir='ltr'>κινοῦντος</span> <span class='ocrx_word' id='word_1_352' title='bbox 1619 4183 1760 4256; x_wconf 81' lang='grc' dir='ltr'>ὑπὲρ</span> <span class='ocrx_word' id='word_1_353' title='bbox 1789 4182 1900 4239; x_wconf 84' lang='grc' dir='ltr'>τῶν</span> <span class='ocrx_word' id='word_1_354' title='bbox 1930 4201 2180 4258; x_wconf 88' lang='grc' dir='ltr'>σταυρω-</span> 
     </span>
    </p>
   </div>
   <div class='ocr_carea' id='block_1_46' title="bbox 583 4271 2175 4344">
    <p class='ocr_par' dir='ltr' id='par_1_46' title="bbox 583 4271 2175 4344">
     <span class='ocr_line' id='line_1_46' title="bbox 583 4271 2175 4344; baseline -0.002 -15"><span class='ocrx_word' id='word_1_355' title='bbox 583 4273 812 4340; x_wconf 87' lang='grc' dir='ltr'>σάντων,</span> <span class='ocrx_word' id='word_1_356' title='bbox 845 4273 938 4327; x_wconf 76' lang='grc' dir='ltr'>καὶ</span> <span class='ocrx_word' id='word_1_357' title='bbox 968 4271 1095 4336; x_wconf 79' lang='grc' dir='ltr'>τούς</span> <span class='ocrx_word' id='word_1_358' title='bbox 1123 4271 1456 4336; x_wconf 80' lang='grc' dir='ltr'>ἀποστόλους</span> <span class='ocrx_word' id='word_1_359' title='bbox 1475 4272 1870 4344; x_wconf 77' lang='grc' dir='ltr'>ἐκπέμποντος.</span> <span class='ocrx_word' id='word_1_360' title='bbox 1891 4272 2084 4328; x_wconf 82' lang='grc' dir='ltr'>Καίτοι</span> <span class='ocrx_word' id='word_1_361' title='bbox 2109 4289 2175 4342; x_wconf 84' lang='grc' dir='ltr'>γε</span> 
     </span>
    </p>
   </div>
   <div class='ocr_carea' id='block_1_47' title="bbox 579 4359 2174 4435">
    <p class='ocr_par' dir='ltr' id='par_1_47' title="bbox 579 4359 2174 4435">
     <span class='ocr_line' id='line_1_47' title="bbox 579 4359 2174 4435; baseline 0.001 -20"><span class='ocrx_word' id='word_1_362' title='bbox 579 4364 744 4435; x_wconf 76' lang='grc' dir='ltr'>ἡμεῖς</span> <span class='ocrx_word' id='word_1_363' title='bbox 779 4359 1048 4431; x_wconf 87' lang='grc' dir='ltr'>πολλαχοῦ</span> <span class='ocrx_word' id='word_1_364' title='bbox 1074 4360 1169 4414; x_wconf 78' lang='grc' dir='ltr'>καὶ</span> <span class='ocrx_word' id='word_1_365' title='bbox 1194 4360 1422 4424; x_wconf 86' lang='grc' dir='ltr'>δικαίως</span> <span class='ocrx_word' id='word_1_366' title='bbox 1449 4359 1735 4432; x_wconf 80' lang='grc' dir='ltr'>πάσχομεν</span> <span class='ocrx_word' id='word_1_367' title='bbox 1757 4377 1773 4394; x_wconf 76' lang='grc' dir='ltr'><strong>ο</strong></span> <span class='ocrx_word' id='word_1_368' title='bbox 1798 4361 2007 4426; x_wconf 87' lang='grc' dir='ltr'>ἐκεῖνος</span> <span class='ocrx_word' id='word_1_369' title='bbox 2033 4361 2092 4416; x_wconf 80' lang='grc' dir='ltr'>δὲ</span> <span class='ocrx_word' id='word_1_370' title='bbox 2112 4360 2174 4415; x_wconf 90' lang='grc' dir='ltr'>οὐ</span> 
     </span>
    </p>
   </div>
   <div class='ocr_carea' id='block_1_48' title="bbox 585 4444 2174 4521">
    <p class='ocr_par' dir='ltr' id='par_1_48' title="bbox 585 4444 2174 4521">
     <span class='ocr_line' id='line_1_48' title="bbox 585 4444 2174 4521; baseline -0.003 -17"><span class='ocrx_word' id='word_1_371' title='bbox 585 4451 746 4520; x_wconf 90' lang='grc' dir='ltr'>μόνον</span> <span class='ocrx_word' id='word_1_372' title='bbox 776 4448 995 4512; x_wconf 85' lang='grc' dir='ltr'>ἀδίκως,</span> <span class='ocrx_word' id='word_1_373' title='bbox 1028 4447 1166 4500; x_wconf 87' lang='grc' dir='ltr'>ἀλλά</span> <span class='ocrx_word' id='word_1_374' title='bbox 1194 4446 1290 4501; x_wconf 76' lang='grc' dir='ltr'>καὶ</span> <span class='ocrx_word' id='word_1_375' title='bbox 1323 4444 1538 4512; x_wconf 81' lang='grc' dir='ltr'>ἀσεϐῶς</span> <span class='ocrx_word' id='word_1_376' title='bbox 1558 4464 1573 4479; x_wconf 89' lang='grc'><strong>·</strong></span> <span class='ocrx_word' id='word_1_377' title='bbox 1598 4448 1688 4503; x_wconf 83' lang='grc' dir='ltr'>τὸν</span> <span class='ocrx_word' id='word_1_378' title='bbox 1717 4448 2015 4521; x_wconf 82' lang='grc' dir='ltr'>εὐεργέτην</span> <span class='ocrx_word' id='word_1_379' title='bbox 2041 4448 2174 4520; x_wconf 77' lang='grc' dir='ltr'>γὰρ,</span> 
     </span>
    </p>
   </div>
   <div class='ocr_carea' id='block_1_49' title="bbox 581 4533 2172 4605">
    <p class='ocr_par' dir='ltr' id='par_1_49' title="bbox 581 4533 2172 4605">
     <span class='ocr_line' id='line_1_49' title="bbox 581 4533 2172 4605; baseline 0.001 -16"><span class='ocrx_word' id='word_1_380' title='bbox 581 4535 674 4590; x_wconf 83' lang='grc' dir='ltr'>τὸν</span> <span class='ocrx_word' id='word_1_381' title='bbox 704 4536 856 4589; x_wconf 73' lang='grc' dir='ltr'>οὐδὲν</span> <span class='ocrx_word' id='word_1_382' title='bbox 903 4533 1223 4604; x_wconf 79' lang='grc' dir='ltr'>ἠδικηκότα,</span> <span class='ocrx_word' id='word_1_383' title='bbox 1281 4533 1470 4590; x_wconf 88' lang='grc' dir='ltr'>τοῦτον</span> <span class='ocrx_word' id='word_1_384' title='bbox 1509 4535 1884 4604; x_wconf 87' lang='grc' dir='ltr'>ἐσταύρωσαν.</span> <span class='ocrx_word' id='word_1_385' title='bbox 1933 4536 2033 4590; x_wconf 89' lang='grc' dir='ltr'>Διά</span> <span class='ocrx_word' id='word_1_386' title='bbox 2080 4537 2172 4605; x_wconf 77' lang='grc' dir='ltr'>τίς</span> 
     </span>
    </p>
   </div>
   <div class='ocr_carea' id='block_1_50' title="bbox 581 4623 2176 4695">
    <p class='ocr_par' dir='ltr' id='par_1_50' title="bbox 581 4623 2176 4695">
     <span class='ocr_line' id='line_1_50' title="bbox 581 4623 2176 4695; baseline 0.001 -17"><span class='ocrx_word' id='word_1_387' title='bbox 581 4624 705 4678; x_wconf 75' lang='grc' dir='ltr'>εἰπέ</span> <span class='ocrx_word' id='word_1_388' title='bbox 735 4641 845 4695; x_wconf 90' lang='grc' dir='ltr'>μοι,</span> <span class='ocrx_word' id='word_1_389' title='bbox 877 4623 1036 4694; x_wconf 81' lang='grc' dir='ltr'>δόξης</span> <span class='ocrx_word' id='word_1_390' title='bbox 1070 4623 1292 4689; x_wconf 80' lang='grc' dir='ltr'>ἓνεκεν;</span> <span class='ocrx_word' id='word_1_391' title='bbox 1338 4624 1451 4677; x_wconf 71' lang='grc' dir='ltr'>Καὶ</span> <span class='ocrx_word' id='word_1_392' title='bbox 1493 4623 1602 4695; x_wconf 78' lang='grc' dir='ltr'>μὴν</span> <span class='ocrx_word' id='word_1_393' title='bbox 1635 4625 1797 4689; x_wconf 86' lang='grc' dir='ltr'>αὐτὸς</span> <span class='ocrx_word' id='word_1_394' title='bbox 1825 4625 2025 4689; x_wconf 79' lang='grc' dir='ltr'>αὐτοὺς</span> <span class='ocrx_word' id='word_1_395' title='bbox 2057 4625 2176 4680; x_wconf 87' lang='grc' dir='ltr'>ἐσέ-</span> 
     </span>
    </p>
   </div>
   <div class='ocr_carea' id='block_1_51' title="bbox 585 4711 2173 4786">
    <p class='ocr_par' dir='ltr' id='par_1_51' title="bbox 585 4711 2173 4786">
     <span class='ocr_line' id='line_1_51' title="bbox 585 4711 2173 4786; baseline 0.001 -19"><span class='ocrx_word' id='word_1_396' title='bbox 585 4730 772 4784; x_wconf 89' lang='grc' dir='ltr'>μνυνε.</span> <span class='ocrx_word' id='word_1_397' title='bbox 805 4712 961 4780; x_wconf 85' lang='grc' dir='ltr'>Πῶς;</span> <span class='ocrx_word' id='word_1_398' title='bbox 1006 4712 1141 4767; x_wconf 80' lang='grc' dir='ltr'>Ἐπί</span> <span class='ocrx_word' id='word_1_399' title='bbox 1170 4711 1284 4784; x_wconf 84' lang='grc' dir='ltr'>τῆς</span> <span class='ocrx_word' id='word_1_400' title='bbox 1331 4712 1594 4778; x_wconf 85' lang='grc' dir='ltr'>Μωσέως</span> <span class='ocrx_word' id='word_1_401' title='bbox 1624 4714 1937 4784; x_wconf 79' lang='grc' dir='ltr'>καθέδρας,</span> <span class='ocrx_word' id='word_1_402' title='bbox 1986 4715 2173 4786; x_wconf 77' lang='grc' dir='ltr'>φησὶν,</span> 
     </span>
    </p>
   </div>
   <div class='ocr_carea' id='block_1_52' title="bbox 579 4799 2178 4871">
    <p class='ocr_par' dir='ltr' id='par_1_52' title="bbox 579 4799 2178 4871">
     <span class='ocr_line' id='line_1_52' title="bbox 579 4799 2178 4871; baseline 0.002 -16"><span class='ocrx_word' id='word_1_403' title='bbox 579 4803 869 4856; x_wconf 79' lang='grc' dir='ltr'>ἐκάθισαν</span> <span class='ocrx_word' id='word_1_404' title='bbox 896 4802 951 4855; x_wconf 77' lang='grc' dir='ltr'>οι</span> <span class='ocrx_word' id='word_1_405' title='bbox 994 4799 1353 4871; x_wconf 78' lang='grc' dir='ltr'>γραμματεῖς</span> <span class='ocrx_word' id='word_1_406' title='bbox 1387 4801 1486 4855; x_wconf 77' lang='grc' dir='ltr'>καὶ</span> <span class='ocrx_word' id='word_1_407' title='bbox 1511 4803 1565 4856; x_wconf 80' lang='grc' dir='ltr'>οι</span> <span class='ocrx_word' id='word_1_408' title='bbox 1611 4803 1940 4871; x_wconf 82' lang='grc' dir='ltr'>Φαρισαῖοι.</span> <span class='ocrx_word' id='word_1_409' title='bbox 1972 4804 2178 4860; x_wconf 84' lang='grc' dir='ltr'>Πάντα</span> 
     </span>
    </p>
   </div>
   <div class='ocr_carea' id='block_1_53' title="bbox 581 4884 2178 4958">
    <p class='ocr_par' dir='ltr' id='par_1_53' title="bbox 581 4884 2178 4958">
     <span class='ocr_line' id='line_1_53' title="bbox 581 4884 2178 4958; baseline 0.002 -14"><span class='ocrx_word' id='word_1_410' title='bbox 581 4884 698 4946; x_wconf 83' lang='grc' dir='ltr'>οὖν</span> <span class='ocrx_word' id='word_1_411' title='bbox 723 4887 762 4944; x_wconf 79' lang='grc' dir='ltr'>ἁ</span> <span class='ocrx_word' id='word_1_412' title='bbox 780 4887 1070 4958; x_wconf 72' lang='grc' dir='ltr'>λέγουσιν</span> <span class='ocrx_word' id='word_1_413' title='bbox 1113 4887 1255 4958; x_wconf 81' lang='grc' dir='ltr'>ὑμῖν</span> <span class='ocrx_word' id='word_1_414' title='bbox 1282 4887 1497 4954; x_wconf 82' lang='grc' dir='ltr'>ποιεῖν,</span> <span class='ocrx_word' id='word_1_415' title='bbox 1543 4889 1793 4944; x_wconf 81' lang='grc' dir='ltr'>ποιεῖτε·</span> <span class='ocrx_word' id='word_1_416' title='bbox 1825 4891 1976 4947; x_wconf 83' lang='grc' dir='ltr'>κατὰ</span> <span class='ocrx_word' id='word_1_417' title='bbox 2006 4891 2074 4946; x_wconf 80' lang='grc' dir='ltr'>δὲ</span> <span class='ocrx_word' id='word_1_418' title='bbox 2105 4891 2178 4948; x_wconf 84' lang='grc' dir='ltr'>τὰ</span> 
     </span>
    </p>
   </div>
   <div class='ocr_carea' id='block_1_54' title="bbox 583 4975 2173 5052">
    <p class='ocr_par' dir='ltr' id='par_1_54' title="bbox 583 4975 2173 5052">
     <span class='ocr_line' id='line_1_54' title="bbox 583 4975 2173 5052; baseline 0.002 -20"><span class='ocrx_word' id='word_1_419' title='bbox 583 4978 726 5047; x_wconf 73' lang='grc' dir='ltr'>ἔργα</span> <span class='ocrx_word' id='word_1_420' title='bbox 747 4976 945 5031; x_wconf 85' lang='grc' dir='ltr'>αὐτῶν</span> <span class='ocrx_word' id='word_1_421' title='bbox 965 4977 1052 5047; x_wconf 79' lang='grc' dir='ltr'>μὴ</span> <span class='ocrx_word' id='word_1_422' title='bbox 1074 4975 1315 5031; x_wconf 84' lang='grc' dir='ltr'>ποιεῖτε.</span> <span class='ocrx_word' id='word_1_423' title='bbox 1335 4976 1448 5031; x_wconf 77' lang='grc' dir='ltr'>Καὶ</span> <span class='ocrx_word' id='word_1_424' title='bbox 1470 4976 1632 5032; x_wconf 87' lang='grc' dir='ltr'>πάλιν</span> <span class='ocrx_word' id='word_1_425' title='bbox 1650 4977 1880 5052; x_wconf 82' lang='grc' dir='ltr'>ἀλλαχοῦ</span> <span class='ocrx_word' id='word_1_426' title='bbox 1901 4995 1916 5011; x_wconf 90' lang='grc'><strong>·</strong></span> <span class='ocrx_word' id='word_1_427' title='bbox 1933 4981 2173 5052; x_wconf 75' lang='grc' dir='ltr'>Ὕπαγε,</span> 
     </span>
    </p>
   </div>
   <div class='ocr_carea' id='block_1_55' title="bbox 583 5065 2177 5138">
    <p class='ocr_par' dir='ltr' id='par_1_55' title="bbox 583 5065 2177 5138">
     <span class='ocr_line' id='line_1_55' title="bbox 583 5065 2177 5138; baseline 0.004 -18"><span class='ocrx_word' id='word_1_428' title='bbox 583 5066 786 5132; x_wconf 76' lang='grc' dir='ltr'>δεῖξον</span> <span class='ocrx_word' id='word_1_429' title='bbox 806 5065 1069 5120; x_wconf 82' lang='grc' dir='ltr'>σεαυτὸν</span> <span class='ocrx_word' id='word_1_430' title='bbox 1083 5065 1164 5132; x_wconf 87' lang='grc' dir='ltr'>τῷ</span> <span class='ocrx_word' id='word_1_431' title='bbox 1191 5065 1350 5135; x_wconf 77' lang='grc' dir='ltr'>ἱερεῖ.</span> <span class='ocrx_word' id='word_1_432' title='bbox 1375 5066 1486 5121; x_wconf 77' lang='grc' dir='ltr'>Καὶ</span> <span class='ocrx_word' id='word_1_433' title='bbox 1505 5065 1802 5138; x_wconf 87' lang='grc' dir='ltr'>δυνάμενος</span> <span class='ocrx_word' id='word_1_434' title='bbox 1851 5070 2047 5135; x_wconf 83' lang='grc' dir='ltr'>αὐτοὺς</span> <span class='ocrx_word' id='word_1_435' title='bbox 2067 5073 2177 5127; x_wconf 87' lang='grc' dir='ltr'>ἀπ-</span> 
     </span>
    </p>
   </div>
   <div class='ocr_carea' id='block_1_56' title="bbox 581 5149 2175 5230">
    <p class='ocr_par' dir='ltr' id='par_1_56' title="bbox 581 5149 2175 5230">
     <span class='ocr_line' id='line_1_56' title="bbox 581 5149 2175 5230; baseline 0.003 -21"><span class='ocrx_word' id='word_1_436' title='bbox 581 5154 788 5219; x_wconf 84' lang='grc' dir='ltr'>ολέσαι,</span> <span class='ocrx_word' id='word_1_437' title='bbox 831 5150 1017 5218; x_wconf 81' lang='grc' dir='ltr'>σώζει.</span> <span class='ocrx_word' id='word_1_438' title='bbox 1058 5151 1259 5208; x_wconf 88' lang='grc' dir='ltr'>Τοῦτον</span> <span class='ocrx_word' id='word_1_439' title='bbox 1290 5149 1384 5210; x_wconf 77' lang='grc' dir='ltr'>οῦν</span> <span class='ocrx_word' id='word_1_440' title='bbox 1425 5154 1818 5227; x_wconf 84' lang='grc' dir='ltr'>μιμησὼμεθα,</span> <span class='ocrx_word' id='word_1_441' title='bbox 1849 5158 1946 5211; x_wconf 72' lang='grc' dir='ltr'>καὶ</span> <span class='ocrx_word' id='word_1_442' title='bbox 1982 5159 2175 5230; x_wconf 78' lang='grc' dir='ltr'>μηδεὶς</span> 
     </span>
    </p>
   </div>
   <div class='ocr_carea' id='block_1_57' title="bbox 581 5241 2174 5318">
    <p class='ocr_par' dir='ltr' id='par_1_57' title="bbox 581 5241 2174 5318">
     <span class='ocr_line' id='line_1_57' title="bbox 581 5241 2174 5318; baseline 0.004 -21"><span class='ocrx_word' id='word_1_443' title='bbox 581 5243 777 5316; x_wconf 85' lang='grc' dir='ltr'>ἐχθρός</span> <span class='ocrx_word' id='word_1_444' title='bbox 806 5259 954 5306; x_wconf 85' lang='grc' dir='ltr'>τινος</span> <span class='ocrx_word' id='word_1_445' title='bbox 988 5241 1150 5309; x_wconf 77' lang='grc' dir='ltr'>ἔστω,</span> <span class='ocrx_word' id='word_1_446' title='bbox 1187 5243 1375 5314; x_wconf 69' lang='grc' dir='ltr'>μηδεὶς</span> <span class='ocrx_word' id='word_1_447' title='bbox 1408 5242 1686 5316; x_wconf 88' lang='grc' dir='ltr'>πολέμιος,</span> <span class='ocrx_word' id='word_1_448' title='bbox 1717 5244 1831 5298; x_wconf 89' lang='grc' dir='ltr'>ἀλλ’</span> <span class='ocrx_word' id='word_1_449' title='bbox 1857 5246 1890 5318; x_wconf 78' lang='grc' dir='ltr'>ἢ</span> <span class='ocrx_word' id='word_1_450' title='bbox 1921 5245 2016 5302; x_wconf 87' lang='grc' dir='ltr'>τοῦ</span> <span class='ocrx_word' id='word_1_451' title='bbox 2052 5248 2174 5303; x_wconf 86' lang='grc' dir='ltr'>δια-</span> 
     </span>
    </p>
   </div>
   <div class='ocr_carea' id='block_1_58' title="bbox 582 5331 958 5404">
    <p class='ocr_par' dir='ltr' id='par_1_58' title="bbox 582 5331 958 5404">
     <span class='ocr_line' id='line_1_58' title="bbox 582 5331 958 5404; baseline 0.003 -20"><span class='ocrx_word' id='word_1_452' title='bbox 582 5331 740 5386; x_wconf 69' lang='grc' dir='ltr'>ϐόλου</span> <span class='ocrx_word' id='word_1_453' title='bbox 776 5331 958 5404; x_wconf 91' lang='grc' dir='ltr'>μόνον.</span> 
     </span>
    </p>
   </div>
   <div class='ocr_carea' id='block_1_59' title="bbox 661 5417 2174 5493">
    <p class='ocr_par' dir='ltr' id='par_1_59' title="bbox 661 5417 2174 5493">
     <span class='ocr_line' id='line_1_59' title="bbox 661 5417 2174 5493; baseline 0.003 -19"><span class='ocrx_word' id='word_1_454' title='bbox 661 5418 720 5476; x_wconf 88' lang='grc' dir='ltr'>ε’.</span> <span class='ocrx_word' id='word_1_455' title='bbox 739 5423 812 5475; x_wconf 87' lang='grc' dir='ltr'>Οὐ</span> <span class='ocrx_word' id='word_1_456' title='bbox 843 5419 1040 5492; x_wconf 91' lang='grc' dir='ltr'>μικρόν</span> <span class='ocrx_word' id='word_1_457' title='bbox 1063 5436 1115 5472; x_wconf 92' lang='grc' dir='ltr'>τι</span> <span class='ocrx_word' id='word_1_458' title='bbox 1133 5417 1271 5490; x_wconf 77' lang='grc' dir='ltr'>πρὸς</span> <span class='ocrx_word' id='word_1_459' title='bbox 1288 5420 1449 5475; x_wconf 89' lang='grc' dir='ltr'>τοῦτο</span> <span class='ocrx_word' id='word_1_460' title='bbox 1461 5421 1556 5474; x_wconf 76' lang='grc' dir='ltr'>καὶ</span> <span class='ocrx_word' id='word_1_461' title='bbox 1577 5420 1638 5474; x_wconf 81' lang='grc' dir='ltr'>τὸ</span> <span class='ocrx_word' id='word_1_462' title='bbox 1655 5419 1730 5493; x_wconf 82' lang='grc' dir='ltr'>μὴ</span> <span class='ocrx_word' id='word_1_463' title='bbox 1745 5421 1972 5493; x_wconf 84' lang='grc' dir='ltr'>ὀμνύναι</span> <span class='ocrx_word' id='word_1_464' title='bbox 1993 5441 2174 5479; x_wconf 85' lang='grc' dir='ltr'>συντε-</span> 
     </span>
    </p>
   </div>
   <div class='ocr_carea' id='block_1_60' title="bbox 582 5508 2173 5584">
    <p class='ocr_par' dir='ltr' id='par_1_60' title="bbox 582 5508 2173 5584">
     <span class='ocr_line' id='line_1_60' title="bbox 582 5508 2173 5584; baseline 0.005 -23"><span class='ocrx_word' id='word_1_465' title='bbox 582 5508 682 5573; x_wconf 87' lang='grc' dir='ltr'>λεῖ,</span> <span class='ocrx_word' id='word_1_466' title='bbox 723 5511 816 5564; x_wconf 76' lang='grc' dir='ltr'>καὶ</span> <span class='ocrx_word' id='word_1_467' title='bbox 846 5509 908 5563; x_wconf 84' lang='grc' dir='ltr'>τὸ</span> <span class='ocrx_word' id='word_1_468' title='bbox 941 5508 1018 5580; x_wconf 82' lang='grc' dir='ltr'>μὴ</span> <span class='ocrx_word' id='word_1_469' title='bbox 1047 5508 1383 5580; x_wconf 79' lang='grc' dir='ltr'>ὀργίζεσθαι.</span> <span class='ocrx_word' id='word_1_470' title='bbox 1435 5510 1567 5564; x_wconf 81' lang='grc' dir='ltr'>Ἀπὸ</span> <span class='ocrx_word' id='word_1_471' title='bbox 1595 5510 1692 5564; x_wconf 85' lang='grc' dir='ltr'>τοῦ</span> <span class='ocrx_word' id='word_1_472' title='bbox 1747 5512 1822 5584; x_wconf 85' lang='grc' dir='ltr'>μὴ</span> <span class='ocrx_word' id='word_1_473' title='bbox 1854 5514 2173 5583; x_wconf 81' lang='grc' dir='ltr'>ὀργίζεσθαι</span> 
     </span>
    </p>
   </div>
   <div class='ocr_carea' id='block_1_61' title="bbox 582 5597 2170 5673">
    <p class='ocr_par' dir='ltr' id='par_1_61' title="bbox 582 5597 2170 5673">
     <span class='ocr_line' id='line_1_61' title="bbox 582 5597 2170 5673; baseline 0.003 -24"><span class='ocrx_word' id='word_1_474' title='bbox 582 5597 703 5650; x_wconf 83' lang='grc' dir='ltr'>οὐδὲ</span> <span class='ocrx_word' id='word_1_475' title='bbox 732 5598 922 5668; x_wconf 74' lang='grc' dir='ltr'>ἐχθρὸν</span> <span class='ocrx_word' id='word_1_476' title='bbox 951 5597 1165 5669; x_wconf 75' lang='grc' dir='ltr'>ἕξομεν.</span> <span class='ocrx_word' id='word_1_477' title='bbox 1205 5597 1480 5667; x_wconf 69' lang='grc' dir='ltr'>Ἐκκοψον</span> <span class='ocrx_word' id='word_1_478' title='bbox 1528 5597 1816 5670; x_wconf 86' lang='grc' dir='ltr'>ἀνθρώπου</span> <span class='ocrx_word' id='word_1_479' title='bbox 1862 5600 1955 5653; x_wconf 85' lang='grc' dir='ltr'>τὸν</span> <span class='ocrx_word' id='word_1_480' title='bbox 1983 5601 2170 5673; x_wconf 87' lang='grc' dir='ltr'>ὅρκον,</span> 
     </span>
    </p>
   </div>
   <div class='ocr_carea' id='block_1_62' title="bbox 583 5683 2174 5757">
    <p class='ocr_par' dir='ltr' id='par_1_62' title="bbox 583 5683 2174 5757">
     <span class='ocr_line' id='line_1_62' title="bbox 583 5683 2174 5757; baseline 0.004 -21"><span class='ocrx_word' id='word_1_481' title='bbox 583 5684 677 5737; x_wconf 72' lang='grc' dir='ltr'>καὶ</span> <span class='ocrx_word' id='word_1_482' title='bbox 702 5683 771 5736; x_wconf 86' lang='grc' dir='ltr'>τὰ</span> <span class='ocrx_word' id='word_1_483' title='bbox 811 5683 987 5754; x_wconf 88' lang='grc' dir='ltr'>πτερά</span> <span class='ocrx_word' id='word_1_484' title='bbox 1015 5683 1344 5755; x_wconf 72' lang='grc' dir='ltr'>περιέκοψας</span> <span class='ocrx_word' id='word_1_485' title='bbox 1373 5686 1474 5756; x_wconf 82' lang='grc' dir='ltr'>τῆς</span> <span class='ocrx_word' id='word_1_486' title='bbox 1499 5686 1692 5757; x_wconf 81' lang='grc' dir='ltr'>ὀργῆς,</span> <span class='ocrx_word' id='word_1_487' title='bbox 1709 5687 1803 5740; x_wconf 84' lang='grc' dir='ltr'>τόν</span> <span class='ocrx_word' id='word_1_488' title='bbox 1825 5685 1994 5757; x_wconf 80' lang='grc' dir='ltr'>θυμὸν</span> <span class='ocrx_word' id='word_1_489' title='bbox 2023 5688 2174 5742; x_wconf 65' lang='lat'><em>€065-</em></span> 
     </span>
    </p>
   </div>
   <div class='ocr_carea' id='block_1_63' title="bbox 585 5771 2176 5846">
    <p class='ocr_par' dir='ltr' id='par_1_63' title="bbox 585 5771 2176 5846">
     <span class='ocr_line' id='line_1_63' title="bbox 585 5771 2176 5846; baseline 0.005 -22"><span class='ocrx_word' id='word_1_490' title='bbox 585 5775 683 5835; x_wconf 85' lang='grc' dir='ltr'>σας</span> <span class='ocrx_word' id='word_1_491' title='bbox 737 5771 972 5825; x_wconf 79' lang='grc' dir='ltr'>ἅπαντα.</span> <span class='ocrx_word' id='word_1_492' title='bbox 1023 5771 1233 5841; x_wconf 82' lang='grc' dir='ltr'>Ὠσπερ</span> <span class='ocrx_word' id='word_1_493' title='bbox 1285 5772 1394 5843; x_wconf 88' lang='grc' dir='ltr'>γὰρ</span> <span class='ocrx_word' id='word_1_494' title='bbox 1452 5773 1670 5844; x_wconf 84' lang='grc' dir='ltr'>πνεῦμα</span> <span class='ocrx_word' id='word_1_495' title='bbox 1713 5775 1747 5845; x_wconf 85' lang='grc' dir='ltr'>ή</span> <span class='ocrx_word' id='word_1_496' title='bbox 1795 5773 1954 5846; x_wconf 82' lang='grc' dir='ltr'>ὀργὴ,</span> <span class='ocrx_word' id='word_1_497' title='bbox 2008 5777 2101 5830; x_wconf 72' lang='grc' dir='ltr'>καὶ</span> <span class='ocrx_word' id='word_1_498' title='bbox 2147 5780 2176 5832; x_wconf 91' lang='lat'>6</span> 
     </span>
    </p>
   </div>
   <div class='ocr_carea' id='block_1_64' title="bbox 583 5852 2171 5929">
    <p class='ocr_par' dir='ltr' id='par_1_64' title="bbox 583 5852 2171 5929">
     <span class='ocr_line' id='line_1_64' title="bbox 583 5852 2171 5929; baseline 0.006 -22"><span class='ocrx_word' id='word_1_499' title='bbox 583 5855 743 5926; x_wconf 79' lang='grc' dir='ltr'>ὅρκος</span> <span class='ocrx_word' id='word_1_500' title='bbox 764 5853 948 5906; x_wconf 76' lang='grc' dir='ltr'>ἐστίδ.</span> <span class='ocrx_word' id='word_1_501' title='bbox 975 5852 1222 5906; x_wconf 86' lang='grc' dir='ltr'>Χάλασον</span> <span class='ocrx_word' id='word_1_502' title='bbox 1261 5854 1326 5906; x_wconf 77' lang='grc' dir='ltr'>τὰ</span> <span class='ocrx_word' id='word_1_503' title='bbox 1357 5858 1519 5910; x_wconf 80' lang='grc' dir='ltr'>ἱστία·</span> <span class='ocrx_word' id='word_1_504' title='bbox 1553 5856 1705 5910; x_wconf 80' lang='grc' dir='ltr'>οὐδὲν</span> <span class='ocrx_word' id='word_1_505' title='bbox 1746 5857 1938 5929; x_wconf 77' lang='grc' dir='ltr'>ὄφελος</span> <span class='ocrx_word' id='word_1_506' title='bbox 1980 5858 2171 5929; x_wconf 70' lang='grc' dir='ltr'>ίστίοδ,</span> 
     </span>
    </p>
   </div>
   <div class='ocr_carea' id='block_1_65' title="bbox 645 5978 1457 6041">
    <p class='ocr_par' dir='ltr' id='par_1_65' title="bbox 645 5978 1457 6041">
     <span class='ocr_line' id='line_1_65' title="bbox 645 5978 1457 6041; baseline 0 -13"><span class='ocrx_word' id='word_1_507' title='bbox 645 5986 670 6014; x_wconf 79' lang='grc'><strong><em>⁸</em></strong></span> <span class='ocrx_word' id='word_1_508' title='bbox 708 5983 851 6033; x_wconf 85' lang='lat' dir='ltr'>Unus</span> <span class='ocrx_word' id='word_1_509' title='bbox 879 5981 1110 6041; x_wconf 87' lang='grc' dir='ltr'>γενέσθαι.</span> <span class='ocrx_word' id='word_1_510' title='bbox 1157 5978 1241 6031; x_wconf 77' lang='grc' dir='ltr'><strong>Μὴ</strong></span> <span class='ocrx_word' id='word_1_511' title='bbox 1269 5978 1356 6041; x_wconf 78' lang='grc' dir='ltr'>γὰρ</span> <span class='ocrx_word' id='word_1_512' title='bbox 1379 5985 1457 6039; x_wconf 78' lang='grc' dir='ltr'>ὡς.</span> 
     </span>
    </p>
   </div>
   <div class='ocr_carea' id='block_1_66' title="bbox 637 6041 1627 6103">
    <p class='ocr_par' dir='ltr' id='par_1_66' title="bbox 637 6041 1627 6103">
     <span class='ocr_line' id='line_1_66' title="bbox 637 6041 1627 6103; baseline 0.008 -16"><span class='ocrx_word' id='word_1_513' title='bbox 637 6043 668 6087; x_wconf 83' lang='lat' dir='ltr'><strong>b</strong></span> <span class='ocrx_word' id='word_1_514' title='bbox 692 6041 852 6098; x_wconf 73' lang='lat' dir='ltr'>Savil.</span> <span class='ocrx_word' id='word_1_515' title='bbox 899 6041 1080 6102; x_wconf 81' lang='grc' dir='ltr'>πνεῦμα</span> <span class='ocrx_word' id='word_1_516' title='bbox 1110 6041 1256 6102; x_wconf 78' lang='grc' dir='ltr'>ὀργῆς</span> <span class='ocrx_word' id='word_1_517' title='bbox 1285 6041 1310 6085; x_wconf 77' lang='grc' dir='ltr'>ὁ</span> <span class='ocrx_word' id='word_1_518' title='bbox 1343 6043 1480 6103; x_wconf 80' lang='grc' dir='ltr'>ὅρκος</span> <span class='ocrx_word' id='word_1_519' title='bbox 1502 6046 1627 6096; x_wconf 82' lang='grc' dir='ltr'>ἐστί.</span> 
     </span>
    </p>
   </div>
   <div class='ocr_carea' id='block_1_67' title="bbox 2274 463 3883 541">
    <p class='ocr_par' dir='ltr' id='par_1_67' title="bbox 2274 463 3883 541">
     <span class='ocr_line' id='line_1_67' title="bbox 2274 463 3883 541; baseline 0.002 -23"><span class='ocrx_word' id='word_1_520' title='bbox 2274 463 2587 536; x_wconf 84' lang='grc' dir='ltr'>πνεύματος</span> <span class='ocrx_word' id='word_1_521' title='bbox 2622 465 2724 520; x_wconf 90' lang='grc' dir='ltr'>οὐκ</span> <span class='ocrx_word' id='word_1_522' title='bbox 2750 465 2923 532; x_wconf 74' lang='grc' dir='ltr'>ὄντος.</span> <span class='ocrx_word' id='word_1_523' title='bbox 2945 466 3042 520; x_wconf 76' lang='grc' dir='ltr'>Ἂν</span> <span class='ocrx_word' id='word_1_524' title='bbox 3064 466 3244 521; x_wconf 87' lang='grc' dir='ltr'>τοίνυν</span> <span class='ocrx_word' id='word_1_525' title='bbox 3270 466 3346 540; x_wconf 80' lang='grc' dir='ltr'>μὴ</span> <span class='ocrx_word' id='word_1_526' title='bbox 3383 463 3716 540; x_wconf 76' lang='grc' dir='ltr'>κράζωμεν,</span> <span class='ocrx_word' id='word_1_527' title='bbox 3755 470 3883 541; x_wconf 76' lang='grc' dir='ltr'>μηδὲ</span> 
     </span>
    </p>
   </div>
   <div class='ocr_carea' id='block_1_68' title="bbox 2271 549 3885 624">
    <p class='ocr_par' dir='ltr' id='par_1_68' title="bbox 2271 549 3885 624">
     <span class='ocr_line' id='line_1_68' title="bbox 2271 549 3885 624; baseline 0.005 -22"><span class='ocrx_word' id='word_1_528' title='bbox 2271 550 2586 622; x_wconf 84' lang='grc' dir='ltr'>ὀμνύωμεν,</span> <span class='ocrx_word' id='word_1_529' title='bbox 2633 550 2702 605; x_wconf 88' lang='grc' dir='ltr'>τά</span> <span class='ocrx_word' id='word_1_530' title='bbox 2733 549 2903 622; x_wconf 85' lang='grc' dir='ltr'>νεῦρα</span> <span class='ocrx_word' id='word_1_531' title='bbox 2953 551 3290 622; x_wconf 75' lang='grc' dir='ltr'>ἐξεκόψαμεν</span> <span class='ocrx_word' id='word_1_532' title='bbox 3335 551 3440 606; x_wconf 85' lang='grc' dir='ltr'>τοῦ</span> <span class='ocrx_word' id='word_1_533' title='bbox 3501 552 3707 624; x_wconf 85' lang='grc' dir='ltr'>θυμοῦ.</span> <span class='ocrx_word' id='word_1_534' title='bbox 3738 555 3799 608; x_wconf 82' lang='grc' dir='ltr'><strong>Εἰ</strong></span> <span class='ocrx_word' id='word_1_535' title='bbox 3831 557 3885 610; x_wconf 79' lang='grc' dir='ltr'>δὲ</span> 
     </span>
    </p>
   </div>
   <div class='ocr_carea' id='block_1_69' title="bbox 2272 633 3885 708">
    <p class='ocr_par' dir='ltr' id='par_1_69' title="bbox 2272 633 3885 708">
     <span class='ocr_line' id='line_1_69' title="bbox 2272 633 3885 708; baseline 0.004 -22"><span class='ocrx_word' id='word_1_536' title='bbox 2272 633 2574 699; x_wconf 86' lang='grc' dir='ltr'>ἀπιστεῖτε,</span> <span class='ocrx_word' id='word_1_537' title='bbox 2633 637 2830 706; x_wconf 84' lang='grc' dir='ltr'>πεῖραν</span> <span class='ocrx_word' id='word_1_538' title='bbox 2859 635 3049 690; x_wconf 85' lang='grc' dir='ltr'>λάϐετε</span> <span class='ocrx_word' id='word_1_539' title='bbox 3105 635 3199 689; x_wconf 87' lang='grc' dir='ltr'>τοῦ</span> <span class='ocrx_word' id='word_1_540' title='bbox 3232 637 3595 708; x_wconf 83' lang='grc' dir='ltr'>πράγματος.</span> <span class='ocrx_word' id='word_1_541' title='bbox 3661 637 3755 691; x_wconf 80' lang='grc' dir='ltr'>καὶ</span> <span class='ocrx_word' id='word_1_542' title='bbox 3808 639 3885 693; x_wconf 85' lang='grc' dir='ltr'>ὅτι</span> 
     </span>
    </p>
   </div>
   <div class='ocr_carea' id='block_1_70' title="bbox 2272 715 3885 792">
    <p class='ocr_par' dir='ltr' id='par_1_70' title="bbox 2272 715 3885 792">
     <span class='ocr_line' id='line_1_70' title="bbox 2272 715 3885 792; baseline 0.002 -22"><span class='ocrx_word' id='word_1_543' title='bbox 2272 715 2446 781; x_wconf 75' lang='grc' dir='ltr'>οὕτως</span> <span class='ocrx_word' id='word_1_544' title='bbox 2471 716 2604 789; x_wconf 77' lang='grc' dir='ltr'>ἔχει,</span> <span class='ocrx_word' id='word_1_545' title='bbox 2625 718 2746 772; x_wconf 89' lang='grc' dir='ltr'>τότε</span> <span class='ocrx_word' id='word_1_546' title='bbox 2761 717 3053 788; x_wconf 85' lang='grc' dir='ltr'>γνώσεσθε.</span> <span class='ocrx_word' id='word_1_547' title='bbox 3078 719 3183 783; x_wconf 82' lang='grc' dir='ltr'>Θές</span> <span class='ocrx_word' id='word_1_548' title='bbox 3214 719 3293 791; x_wconf 82' lang='grc' dir='ltr'>τῷ</span> <span class='ocrx_word' id='word_1_549' title='bbox 3339 719 3692 790; x_wconf 80' lang='grc' dir='ltr'>θυμουμένῳ</span> <span class='ocrx_word' id='word_1_550' title='bbox 3728 721 3885 792; x_wconf 84' lang='grc' dir='ltr'>νόμον</span> 
     </span>
    </p>
   </div>
   <div class='ocr_carea' id='block_1_71' title="bbox 2275 801 3886 876">
    <p class='ocr_par' dir='ltr' id='par_1_71' title="bbox 2275 801 3886 876">
     <span class='ocr_line' id='line_1_71' title="bbox 2275 801 3886 876; baseline 0.002 -22"><span class='ocrx_word' id='word_1_551' title='bbox 2275 801 2548 873; x_wconf 89' lang='grc' dir='ltr'>μηδέποτε</span> <span class='ocrx_word' id='word_1_552' title='bbox 2576 801 2827 874; x_wconf 82' lang='grc' dir='ltr'>ὀμνύναι,</span> <span class='ocrx_word' id='word_1_553' title='bbox 2883 803 2977 858; x_wconf 78' lang='grc' dir='ltr'>καὶ</span> <span class='ocrx_word' id='word_1_554' title='bbox 3000 803 3104 858; x_wconf 90' lang='grc' dir='ltr'>οὐκ</span> <span class='ocrx_word' id='word_1_555' title='bbox 3133 803 3543 876; x_wconf 81' lang='grc' dir='ltr'>ἀναγκασθήσῃ</span> <span class='ocrx_word' id='word_1_556' title='bbox 3565 805 3700 873; x_wconf 74' lang='grc' dir='ltr'>περὶ</span> <span class='ocrx_word' id='word_1_557' title='bbox 3718 807 3886 858; x_wconf 79' lang='grc' dir='ltr'>ἐπιει-</span> 
     </span>
    </p>
   </div>
   <div class='ocr_carea' id='block_1_72' title="bbox 2272 885 3886 960">
    <p class='ocr_par' dir='ltr' id='par_1_72' title="bbox 2272 885 3886 960">
     <span class='ocr_line' id='line_1_72' title="bbox 2272 885 3886 960; baseline 0.001 -19"><span class='ocrx_word' id='word_1_558' title='bbox 2272 885 2426 950; x_wconf 86' lang='grc' dir='ltr'>κείας</span> <span class='ocrx_word' id='word_1_559' title='bbox 2475 885 2625 958; x_wconf 82' lang='grc' dir='ltr'>αὐτῷ</span> <span class='ocrx_word' id='word_1_560' title='bbox 2655 886 3023 959; x_wconf 82' lang='grc' dir='ltr'>διαλεχθῆναι.</span> <span class='ocrx_word' id='word_1_561' title='bbox 3083 886 3242 942; x_wconf 86' lang='grc' dir='ltr'>Οῦτω</span> <span class='ocrx_word' id='word_1_562' title='bbox 3271 889 3333 944; x_wconf 82' lang='grc' dir='ltr'>τὸ</span> <span class='ocrx_word' id='word_1_563' title='bbox 3363 889 3483 942; x_wconf 83' lang='grc' dir='ltr'>πᾶν</span> <span class='ocrx_word' id='word_1_564' title='bbox 3506 890 3762 960; x_wconf 75' lang='grc' dir='ltr'>ἧνυσται·</span> <span class='ocrx_word' id='word_1_565' title='bbox 3798 892 3886 942; x_wconf 75' lang='grc' dir='ltr'>καὶ</span> 
     </span>
    </p>
   </div>
   <div class='ocr_carea' id='block_1_73' title="bbox 2263 960 3886 1042">
    <p class='ocr_par' dir='ltr' id='par_1_73' title="bbox 2263 960 3886 1042">
     <span class='ocr_line' id='line_1_73' title="bbox 2263 960 3886 1042; baseline 0.001 -19"><span class='ocrx_word' id='word_1_566' title='bbox 2263 962 2397 1023; x_wconf 48' lang='lat' dir='ltr'>“Me</span> <span class='ocrx_word' id='word_1_567' title='bbox 2421 971 2804 1042; x_wconf 83' lang='grc' dir='ltr'>ἐπιορκήσετε,</span> <span class='ocrx_word' id='word_1_568' title='bbox 2831 969 2952 1024; x_wconf 79' lang='grc' dir='ltr'>οὐτε</span> <span class='ocrx_word' id='word_1_569' title='bbox 2973 960 3236 1041; x_wconf 81' lang='grc' dir='ltr'>ὀμόσεσθε</span> <span class='ocrx_word' id='word_1_570' title='bbox 3253 970 3418 1036; x_wconf 78' lang='grc' dir='ltr'>ὅλως.</span> <span class='ocrx_word' id='word_1_571' title='bbox 3451 971 3576 1042; x_wconf 84' lang='grc' dir='ltr'>Οὐκ</span> <span class='ocrx_word' id='word_1_572' title='bbox 3618 971 3758 1036; x_wconf 84' lang='grc' dir='ltr'>ίστε,</span> <span class='ocrx_word' id='word_1_573' title='bbox 3810 974 3886 1036; x_wconf 85' lang='grc' dir='ltr'>εἰς</span> 
     </span>
    </p>
   </div>
   <div class='ocr_carea' id='block_1_74' title="bbox 2272 1053 3880 1128">
    <p class='ocr_par' dir='ltr' id='par_1_74' title="bbox 2272 1053 3880 1128">
     <span class='ocr_line' id='line_1_74' title="bbox 2272 1053 3880 1128; baseline 0.001 -20"><span class='ocrx_word' id='word_1_574' title='bbox 2272 1053 2404 1116; x_wconf 84' lang='grc' dir='ltr'>όσας</span> <span class='ocrx_word' id='word_1_575' title='bbox 2435 1054 2664 1118; x_wconf 89' lang='grc' dir='ltr'>ἀτοπίας</span> <span class='ocrx_word' id='word_1_576' title='bbox 2693 1054 2919 1116; x_wconf 80' lang='grc' dir='ltr'>ἑαυτοὺς</span> <span class='ocrx_word' id='word_1_577' title='bbox 2948 1054 3197 1109; x_wconf 88' lang='grc' dir='ltr'>ἐντεῦθεν</span> <span class='ocrx_word' id='word_1_578' title='bbox 3231 1055 3582 1125; x_wconf 84' lang='grc' dir='ltr'>ἐμϐάλλετε;</span> <span class='ocrx_word' id='word_1_579' title='bbox 3643 1056 3880 1128; x_wconf 78' lang='grc' dir='ltr'>Ἀνάγκη</span> 
     </span>
    </p>
   </div>
   <div class='ocr_carea' id='block_1_75' title="bbox 2274 1137 3880 1214">
    <p class='ocr_par' dir='ltr' id='par_1_75' title="bbox 2274 1137 3880 1214">
     <span class='ocr_line' id='line_1_75' title="bbox 2274 1137 3880 1214; baseline 0.001 -23"><span class='ocrx_word' id='word_1_580' title='bbox 2274 1137 2383 1210; x_wconf 83' lang='grc' dir='ltr'>γὰρ</span> <span class='ocrx_word' id='word_1_581' title='bbox 2418 1137 2602 1210; x_wconf 87' lang='grc' dir='ltr'>δεσμῷ</span> <span class='ocrx_word' id='word_1_582' title='bbox 2628 1139 2856 1203; x_wconf 73' lang='grc' dir='ltr'>ἑαυτοὺς</span> <span class='ocrx_word' id='word_1_583' title='bbox 2887 1138 3322 1210; x_wconf 81' lang='grc' dir='ltr'>περιϐάλλοντες,</span> <span class='ocrx_word' id='word_1_584' title='bbox 3347 1139 3450 1192; x_wconf 69' lang='grc' dir='ltr'>καὶ</span> <span class='ocrx_word' id='word_1_585' title='bbox 3484 1141 3644 1214; x_wconf 79' lang='grc' dir='ltr'>πάσῃ</span> <span class='ocrx_word' id='word_1_586' title='bbox 3674 1145 3880 1213; x_wconf 80' lang='grc' dir='ltr'>μηχανῇ</span> 
     </span>
    </p>
   </div>
   <div class='ocr_carea' id='block_1_76' title="bbox 2275 1223 3882 1295">
    <p class='ocr_par' dir='ltr' id='par_1_76' title="bbox 2275 1223 3882 1295">
     <span class='ocr_line' id='line_1_76' title="bbox 2275 1223 3882 1295; baseline -0.001 -17"><span class='ocrx_word' id='word_1_587' title='bbox 2275 1223 2668 1289; x_wconf 75' lang='grc' dir='ltr'>σπουδάζοντες</span> <span class='ocrx_word' id='word_1_588' title='bbox 2704 1223 2846 1278; x_wconf 83' lang='grc' dir='ltr'>ὥστε</span> <span class='ocrx_word' id='word_1_589' title='bbox 2873 1225 3124 1295; x_wconf 88' lang='grc' dir='ltr'>καθάπερ</span> <span class='ocrx_word' id='word_1_590' title='bbox 3159 1223 3218 1291; x_wconf 79' lang='grc' dir='ltr'>ἐξ</span> <span class='ocrx_word' id='word_1_591' title='bbox 3252 1224 3510 1294; x_wconf 85' lang='grc' dir='ltr'>ἀφύκτου</span> <span class='ocrx_word' id='word_1_592' title='bbox 3539 1225 3691 1289; x_wconf 86' lang='grc' dir='ltr'>τινὸς</span> <span class='ocrx_word' id='word_1_593' title='bbox 3720 1225 3882 1279; x_wconf 86' lang='grc' dir='ltr'>κακοῦ</span> 
     </span>
    </p>
   </div>
   <div class='ocr_carea' id='block_1_77' title="bbox 2272 1305 3882 1380">
    <p class='ocr_par' dir='ltr' id='par_1_77' title="bbox 2272 1305 3882 1380">
     <span class='ocr_line' id='line_1_77' title="bbox 2272 1305 3882 1380; baseline 0.001 -19"><span class='ocrx_word' id='word_1_594' title='bbox 2272 1307 2372 1378; x_wconf 80' lang='grc' dir='ltr'>τὴν</span> <span class='ocrx_word' id='word_1_595' title='bbox 2391 1308 2568 1379; x_wconf 75' lang='grc' dir='ltr'>ψυχὴν</span> <span class='ocrx_word' id='word_1_596' title='bbox 2593 1309 2900 1376; x_wconf 81' lang='grc' dir='ltr'>ἐξελκύσαι,</span> <span class='ocrx_word' id='word_1_597' title='bbox 2942 1305 3061 1363; x_wconf 72' lang='grc' dir='ltr'>εἶτα</span> <span class='ocrx_word' id='word_1_598' title='bbox 3080 1310 3154 1380; x_wconf 85' lang='grc' dir='ltr'>μὴ</span> <span class='ocrx_word' id='word_1_599' title='bbox 3183 1309 3517 1379; x_wconf 77' lang='grc' dir='ltr'>δυνηθέντες</span> <span class='ocrx_word' id='word_1_600' title='bbox 3537 1321 3587 1376; x_wconf 79' lang='grc' dir='ltr'>ο,</span> <span class='ocrx_word' id='word_1_601' title='bbox 3607 1308 3794 1362; x_wconf 79' lang='grc' dir='ltr'>λοιπὸν</span> <span class='ocrx_word' id='word_1_602' title='bbox 3829 1312 3882 1362; x_wconf 83' lang='grc' dir='ltr'>ἐν</span> 
     </span>
    </p>
   </div>
   <div class='ocr_carea' id='block_1_78' title="bbox 2274 1391 3882 1464">
    <p class='ocr_par' dir='ltr' id='par_1_78' title="bbox 2274 1391 3882 1464">
     <span class='ocr_line' id='line_1_78' title="bbox 2274 1391 3882 1464; baseline 0.021 -19"><span class='ocrx_word' id='word_1_603' title='bbox 2274 1391 2434 1464; x_wconf 77' lang='grc' dir='ltr'>ὀδύνῃ</span> <span class='ocrx_word' id='word_1_604' title='bbox 2472 1392 2682 1460; x_wconf 84' lang='grc' dir='ltr'>διάγειν</span> <span class='ocrx_word' id='word_1_605' title='bbox 2743 1393 2838 1446; x_wconf 70' lang='grc' dir='ltr'>καὶ</span> <span class='ocrx_word' id='word_1_606' title='bbox 2869 1394 3090 1464; x_wconf 74' lang='grc' dir='ltr'>μάχαις,</span> <span class='ocrx_word' id='word_1_607' title='bbox 3117 1393 3211 1445; x_wconf 61' lang='grc' dir='ltr'>καὶ</span> <span class='ocrx_word' id='word_1_608' title='bbox 3255 1391 3504 1464; x_wconf 58' lang='grc' dir='ltr'>ἀρᾶσθαι</span> <span class='ocrx_word' id='word_1_609' title='bbox 3557 1392 3639 1462; x_wconf 75' lang='grc' dir='ltr'>τῷ</span> <span class='ocrx_word' id='word_1_610' title='bbox 3705 1391 3882 1462; x_wconf 56' lang='grc' dir='ltr'>θυμῷ.</span> 
     </span>
    </p>
   </div>
   <div class='ocr_carea' id='block_1_79' title="bbox 2274 1475 3883 1548">
    <p class='ocr_par' dir='ltr' id='par_1_79' title="bbox 2274 1475 3883 1548">
     <span class='ocr_line' id='line_1_79' title="bbox 2274 1475 3883 1548; baseline -0.001 -18"><span class='ocrx_word' id='word_1_611' title='bbox 2274 1475 2414 1530; x_wconf 89' lang='grc' dir='ltr'>ἀλλά</span> <span class='ocrx_word' id='word_1_612' title='bbox 2446 1478 2625 1531; x_wconf 88' lang='grc' dir='ltr'>πάντα</span> <span class='ocrx_word' id='word_1_613' title='bbox 2650 1477 2774 1547; x_wconf 82' lang='grc' dir='ltr'>είκῆ</span> <span class='ocrx_word' id='word_1_614' title='bbox 2828 1477 2924 1530; x_wconf 80' lang='grc' dir='ltr'>καὶ</span> <span class='ocrx_word' id='word_1_615' title='bbox 2979 1477 3155 1548; x_wconf 88' lang='grc' dir='ltr'>μάτην</span> <span class='ocrx_word' id='word_1_616' title='bbox 3184 1477 3421 1546; x_wconf 91' lang='grc' dir='ltr'>γίνεται.</span> <span class='ocrx_word' id='word_1_617' title='bbox 3472 1475 3694 1529; x_wconf 82' lang='grc' dir='ltr'>Οὐκοῦν</span> <span class='ocrx_word' id='word_1_618' title='bbox 3739 1476 3883 1529; x_wconf 90' lang='grc' dir='ltr'>ἀπεί-</span> 
     </span>
    </p>
   </div>
   <div class='ocr_carea' id='block_1_80' title="bbox 2274 1559 3879 1632">
    <p class='ocr_par' dir='ltr' id='par_1_80' title="bbox 2274 1559 3879 1632">
     <span class='ocr_line' id='line_1_80' title="bbox 2274 1559 3879 1632; baseline 0.001 -19"><span class='ocrx_word' id='word_1_619' title='bbox 2274 1561 2458 1631; x_wconf 88' lang='grc' dir='ltr'>λησον,</span> <span class='ocrx_word' id='word_1_620' title='bbox 2509 1561 2775 1631; x_wconf 87' lang='grc' dir='ltr'>διόρισαι,</span> <span class='ocrx_word' id='word_1_621' title='bbox 2815 1563 2991 1616; x_wconf 86' lang='grc' dir='ltr'>πάντα</span> <span class='ocrx_word' id='word_1_622' title='bbox 3036 1562 3264 1632; x_wconf 89' lang='grc' dir='ltr'>ποίησον</span> <span class='ocrx_word' id='word_1_623' title='bbox 3299 1560 3478 1630; x_wconf 76' lang='grc' dir='ltr'>χωρὶς</span> <span class='ocrx_word' id='word_1_624' title='bbox 3530 1560 3727 1630; x_wconf 85' lang='grc' dir='ltr'>ὅρκου.</span> <span class='ocrx_word' id='word_1_625' title='bbox 3765 1559 3879 1624; x_wconf 78' lang='grc' dir='ltr'>Ἕξ-</span> 
     </span>
    </p>
   </div>
   <div class='ocr_carea' id='block_1_81' title="bbox 2275 1643 3880 1714">
    <p class='ocr_par' dir='ltr' id='par_1_81' title="bbox 2275 1643 3880 1714">
     <span class='ocr_line' id='line_1_81' title="bbox 2275 1643 3880 1714; baseline -0.001 -16"><span class='ocrx_word' id='word_1_626' title='bbox 2275 1661 2423 1698; x_wconf 87' lang='grc' dir='ltr'>εστιν</span> <span class='ocrx_word' id='word_1_627' title='bbox 2456 1643 2719 1698; x_wconf 86' lang='grc' dir='ltr'>ἀναλῦσαι</span> <span class='ocrx_word' id='word_1_628' title='bbox 2750 1645 2847 1698; x_wconf 76' lang='grc' dir='ltr'>καὶ</span> <span class='ocrx_word' id='word_1_629' title='bbox 2873 1644 2940 1698; x_wconf 82' lang='grc' dir='ltr'>τά</span> <span class='ocrx_word' id='word_1_630' title='bbox 2965 1643 3242 1714; x_wconf 77' lang='grc' dir='ltr'>λεχθέντα,</span> <span class='ocrx_word' id='word_1_631' title='bbox 3272 1646 3370 1697; x_wconf 73' lang='grc' dir='ltr'>καὶ</span> <span class='ocrx_word' id='word_1_632' title='bbox 3395 1645 3471 1698; x_wconf 73' lang='grc' dir='ltr'>τὰ</span> <span class='ocrx_word' id='word_1_633' title='bbox 3506 1644 3798 1713; x_wconf 79' lang='grc' dir='ltr'>γενόμενα,</span> <span class='ocrx_word' id='word_1_634' title='bbox 3822 1644 3880 1697; x_wconf 79' lang='grc' dir='ltr'>ἀν</span> 
     </span>
    </p>
   </div>
   <div class='ocr_carea' id='block_1_82' title="bbox 2275 1727 3879 1802">
    <p class='ocr_par' dir='ltr' id='par_1_82' title="bbox 2275 1727 3879 1802">
     <span class='ocr_line' id='line_1_82' title="bbox 2275 1727 3879 1802; baseline -0.002 -20"><span class='ocrx_word' id='word_1_635' title='bbox 2275 1727 2456 1802; x_wconf 76' lang='grc' dir='ltr'>θέλῃς.</span> <span class='ocrx_word' id='word_1_636' title='bbox 2482 1727 2638 1782; x_wconf 74' lang='grc' dir='ltr'>Οὕτω</span> <span class='ocrx_word' id='word_1_637' title='bbox 2674 1732 2913 1800; x_wconf 74' lang='grc' dir='ltr'>τήμερον</span> <span class='ocrx_word' id='word_1_638' title='bbox 2957 1729 3168 1799; x_wconf 83' lang='grc' dir='ltr'>ἀνάγκη</span> <span class='ocrx_word' id='word_1_639' title='bbox 3205 1729 3520 1797; x_wconf 84' lang='grc' dir='ltr'>πραότερον</span> <span class='ocrx_word' id='word_1_640' title='bbox 3562 1729 3694 1795; x_wconf 85' lang='grc' dir='ltr'>ὑμῖν</span> <span class='ocrx_word' id='word_1_641' title='bbox 3717 1727 3879 1780; x_wconf 85' lang='grc' dir='ltr'>διαλε-</span> 
     </span>
    </p>
   </div>
   <div class='ocr_carea' id='block_1_83' title="bbox 2275 1811 3880 1884">
    <p class='ocr_par' dir='ltr' id='par_1_83' title="bbox 2275 1811 3880 1884">
     <span class='ocr_line' id='line_1_83' title="bbox 2275 1811 3880 1884; baseline -0.002 -19"><span class='ocrx_word' id='word_1_642' title='bbox 2275 1812 2491 1883; x_wconf 79' lang='grc' dir='ltr'>χθῆναι.</span> <span class='ocrx_word' id='word_1_643' title='bbox 2510 1811 2729 1884; x_wconf 76' lang='grc' dir='ltr'>Ἐπειδὴ</span> <span class='ocrx_word' id='word_1_644' title='bbox 2754 1811 2861 1884; x_wconf 90' lang='grc' dir='ltr'>γάρ</span> <span class='ocrx_word' id='word_1_645' title='bbox 2877 1811 3275 1882; x_wconf 72' lang='grc' dir='ltr'>ήκούσατε,καὶ</span> <span class='ocrx_word' id='word_1_646' title='bbox 3304 1811 3368 1864; x_wconf 85' lang='grc' dir='ltr'>τὸ</span> <span class='ocrx_word' id='word_1_647' title='bbox 3403 1811 3576 1864; x_wconf 86' lang='grc' dir='ltr'>πλέον</span> <span class='ocrx_word' id='word_1_648' title='bbox 3609 1812 3738 1881; x_wconf 83' lang='grc' dir='ltr'>ὑμῖν</span> <span class='ocrx_word' id='word_1_649' title='bbox 3763 1828 3880 1864; x_wconf 88' lang='grc' dir='ltr'>κατ-</span> 
     </span>
    </p>
   </div>
   <div class='ocr_carea' id='block_1_84' title="bbox 2276 1895 3880 1969">
    <p class='ocr_par' dir='ltr' id='par_1_84' title="bbox 2276 1895 3880 1969">
     <span class='ocr_line' id='line_1_84' title="bbox 2276 1895 3880 1969; baseline -0.001 -20"><span class='ocrx_word' id='word_1_650' title='bbox 2276 1896 2551 1968; x_wconf 84' lang='grc' dir='ltr'>ώρθωται.</span> <span class='ocrx_word' id='word_1_651' title='bbox 2590 1897 2728 1968; x_wconf 82' lang='grc' dir='ltr'>Φέρε</span> <span class='ocrx_word' id='word_1_652' title='bbox 2762 1896 2826 1969; x_wconf 84' lang='grc' dir='ltr'>δὴ</span> <span class='ocrx_word' id='word_1_653' title='bbox 2860 1896 3066 1960; x_wconf 82' lang='grc' dir='ltr'>λοιπὸν,</span> <span class='ocrx_word' id='word_1_654' title='bbox 3113 1896 3258 1956; x_wconf 91' lang='grc' dir='ltr'>τίνος</span> <span class='ocrx_word' id='word_1_655' title='bbox 3283 1896 3480 1948; x_wconf 75' lang='grc' dir='ltr'>ἕνεκεν</span> <span class='ocrx_word' id='word_1_656' title='bbox 3515 1895 3880 1965; x_wconf 79' lang='grc' dir='ltr'>ἐπεισῆλθενό</span> 
     </span>
    </p>
   </div>
   <div class='ocr_carea' id='block_1_85' title="bbox 2277 1975 3879 2051">
    <p class='ocr_par' dir='ltr' id='par_1_85' title="bbox 2277 1975 3879 2051">
     <span class='ocr_line' id='line_1_85' title="bbox 2277 1975 3879 2051; baseline -0.001 -19"><span class='ocrx_word' id='word_1_657' title='bbox 2277 1978 2585 2051; x_wconf 78' lang='grc' dir='ltr'>[ἹἹΙὸρκος,</span> <span class='ocrx_word' id='word_1_658' title='bbox 2604 1980 2697 2034; x_wconf 72' lang='grc' dir='ltr'>καὶ</span> <span class='ocrx_word' id='word_1_659' title='bbox 2713 1979 2799 2034; x_wconf 83' lang='grc' dir='ltr'>διὰ</span> <span class='ocrx_word' id='word_1_660' title='bbox 2811 1981 2862 2033; x_wconf 90' lang='grc' dir='ltr'>τί</span> <span class='ocrx_word' id='word_1_661' title='bbox 2887 1978 3236 2051; x_wconf 88' lang='grc' dir='ltr'>συνεχωρήθη</span> <span class='ocrx_word' id='word_1_662' title='bbox 3254 1975 3422 2043; x_wconf 74' lang='grc' dir='ltr'>εῖναι,</span> <span class='ocrx_word' id='word_1_663' title='bbox 3442 1979 3879 2049; x_wconf 78' lang='grc' dir='ltr'>εἴπωμεν.Ἀνω-</span> 
     </span>
    </p>
   </div>
   <div class='ocr_carea' id='block_1_86' title="bbox 2277 2063 3873 2135">
    <p class='ocr_par' dir='ltr' id='par_1_86' title="bbox 2277 2063 3873 2135">
     <span class='ocr_line' id='line_1_86' title="bbox 2277 2063 3873 2135; baseline -0.001 -19"><span class='ocrx_word' id='word_1_664' title='bbox 2277 2064 2369 2117; x_wconf 89' lang='grc' dir='ltr'>θεν</span> <span class='ocrx_word' id='word_1_665' title='bbox 2393 2063 2490 2134; x_wconf 84' lang='grc' dir='ltr'>τὴν</span> <span class='ocrx_word' id='word_1_666' title='bbox 2511 2064 2724 2131; x_wconf 88' lang='grc' dir='ltr'>γένεσιν</span> <span class='ocrx_word' id='word_1_667' title='bbox 2755 2063 2920 2118; x_wconf 86' lang='grc' dir='ltr'>αὐτοῦ</span> <span class='ocrx_word' id='word_1_668' title='bbox 2961 2063 3335 2135; x_wconf 87' lang='grc' dir='ltr'>διηγούμενοι,</span> <span class='ocrx_word' id='word_1_669' title='bbox 3366 2064 3468 2116; x_wconf 77' lang='grc' dir='ltr'>καὶ</span> <span class='ocrx_word' id='word_1_670' title='bbox 3496 2064 3628 2116; x_wconf 87' lang='grc' dir='ltr'>πότε</span> <span class='ocrx_word' id='word_1_671' title='bbox 3669 2063 3873 2132; x_wconf 82' lang='grc' dir='ltr'>ἐτέχθη,</span> 
     </span>
    </p>
   </div>
   <div class='ocr_carea' id='block_1_87' title="bbox 2276 2145 3877 2219">
    <p class='ocr_par' dir='ltr' id='par_1_87' title="bbox 2276 2145 3877 2219">
     <span class='ocr_line' id='line_1_87' title="bbox 2276 2145 3877 2219; baseline -0.001 -19"><span class='ocrx_word' id='word_1_672' title='bbox 2276 2147 2370 2200; x_wconf 77' lang='grc' dir='ltr'>καὶ</span> <span class='ocrx_word' id='word_1_673' title='bbox 2389 2145 2524 2210; x_wconf 84' lang='grc' dir='ltr'>πῶς,</span> <span class='ocrx_word' id='word_1_674' title='bbox 2540 2147 2634 2200; x_wconf 77' lang='grc' dir='ltr'>καὶ</span> <span class='ocrx_word' id='word_1_675' title='bbox 2651 2149 2802 2219; x_wconf 80' lang='grc' dir='ltr'>παρὰ</span> <span class='ocrx_word' id='word_1_676' title='bbox 2820 2146 3000 2210; x_wconf 89' lang='grc' dir='ltr'>τίνων,</span> <span class='ocrx_word' id='word_1_677' title='bbox 3018 2145 3367 2218; x_wconf 74' lang='grc' dir='ltr'>ἀμειψόμεθα</span> <span class='ocrx_word' id='word_1_678' title='bbox 3387 2145 3541 2216; x_wconf 81' lang='grc' dir='ltr'>ὑμᾶς</span> <span class='ocrx_word' id='word_1_679' title='bbox 3559 2149 3626 2216; x_wconf 81' lang='grc' dir='ltr'>τῇ</span> <span class='ocrx_word' id='word_1_680' title='bbox 3645 2145 3877 2214; x_wconf 86' lang='grc' dir='ltr'>διηγήσει</span> 
     </span>
    </p>
   </div>
   <div class='ocr_carea' id='block_1_88' title="bbox 2278 2228 3874 2302">
    <p class='ocr_par' dir='ltr' id='par_1_88' title="bbox 2278 2228 3874 2302">
     <span class='ocr_line' id='line_1_88' title="bbox 2278 2228 3874 2302; baseline -0.001 -19"><span class='ocrx_word' id='word_1_681' title='bbox 2278 2231 2416 2300; x_wconf 82' lang='grc' dir='ltr'>ὑπὲρ</span> <span class='ocrx_word' id='word_1_682' title='bbox 2442 2232 2542 2301; x_wconf 87' lang='grc' dir='ltr'>τῆς</span> <span class='ocrx_word' id='word_1_683' title='bbox 2573 2231 2820 2302; x_wconf 78' lang='grc' dir='ltr'>ὑπακοῆς</span> <span class='ocrx_word' id='word_1_684' title='bbox 2834 2230 2995 2284; x_wconf 77' lang='lat' dir='ltr'><em>d.T6v</em></span> <span class='ocrx_word' id='word_1_685' title='bbox 3024 2232 3122 2302; x_wconf 88' lang='grc' dir='ltr'>μὲν</span> <span class='ocrx_word' id='word_1_686' title='bbox 3156 2230 3264 2302; x_wconf 80' lang='grc' dir='ltr'>γὰρ</span> <span class='ocrx_word' id='word_1_687' title='bbox 3284 2228 3704 2300; x_wconf 87' lang='grc' dir='ltr'>κατωρθωκότα</span> <span class='ocrx_word' id='word_1_688' title='bbox 3722 2233 3874 2294; x_wconf 87' lang='grc' dir='ltr'>ἀναγ-</span> 
     </span>
    </p>
   </div>
   <div class='ocr_carea' id='block_1_89' title="bbox 2278 2311 3875 2384">
    <p class='ocr_par' dir='ltr' id='par_1_89' title="bbox 2278 2311 3875 2384">
     <span class='ocr_line' id='line_1_89' title="bbox 2278 2311 3875 2384; baseline -0.003 -17"><span class='ocrx_word' id='word_1_689' title='bbox 2278 2316 2433 2367; x_wconf 83' lang='grc' dir='ltr'>καῖον</span> <span class='ocrx_word' id='word_1_690' title='bbox 2475 2315 2567 2366; x_wconf 70' lang='grc' dir='ltr'>καὶ</span> <span class='ocrx_word' id='word_1_691' title='bbox 2609 2313 2952 2384; x_wconf 69' lang='grc' dir='ltr'>φιλοσοφεῖνο</span> <span class='ocrx_word' id='word_1_692' title='bbox 3001 2315 3093 2368; x_wconf 84' lang='grc' dir='ltr'>τὸν</span> <span class='ocrx_word' id='word_1_693' title='bbox 3141 2315 3197 2368; x_wconf 82' lang='grc' dir='ltr'>δὲ</span> <span class='ocrx_word' id='word_1_694' title='bbox 3259 2314 3521 2384; x_wconf 84' lang='grc' dir='ltr'>μηδέπω,</span> <span class='ocrx_word' id='word_1_695' title='bbox 3575 2311 3697 2366; x_wconf 81' lang='grc' dir='ltr'>οὐδὲ</span> <span class='ocrx_word' id='word_1_696' title='bbox 3735 2311 3875 2379; x_wconf 88' lang='grc' dir='ltr'>λόγον</span> 
     </span>
    </p>
   </div>
   <div class='ocr_carea' id='block_1_90' title="bbox 2278 2396 3874 2470">
    <p class='ocr_par' dir='ltr' id='par_1_90' title="bbox 2278 2396 3874 2470">
     <span class='ocr_line' id='line_1_90' title="bbox 2278 2396 3874 2470; baseline -0.003 -18"><span class='ocrx_word' id='word_1_697' title='bbox 2278 2397 2510 2452; x_wconf 89' lang='grc' dir='ltr'>ἀκοῦσαι</span> <span class='ocrx_word' id='word_1_698' title='bbox 2547 2397 2715 2464; x_wconf 80' lang='grc' dir='ltr'>ἀξιον.</span> <span class='ocrx_word' id='word_1_699' title='bbox 2758 2397 3050 2470; x_wconf 83' lang='grc' dir='ltr'>Ἐποίησαν</span> <span class='ocrx_word' id='word_1_700' title='bbox 3099 2396 3376 2468; x_wconf 84' lang='grc' dir='ltr'>συνθήκας</span> <span class='ocrx_word' id='word_1_701' title='bbox 3433 2396 3642 2461; x_wconf 80' lang='grc' dir='ltr'>πολλὰς</span> <span class='ocrx_word' id='word_1_702' title='bbox 3670 2397 3718 2450; x_wconf 84' lang='grc' dir='ltr'>οἱ</span> <span class='ocrx_word' id='word_1_703' title='bbox 3757 2397 3874 2465; x_wconf 83' lang='grc' dir='ltr'>περὶ</span> 
     </span>
    </p>
   </div>
   <div class='ocr_carea' id='block_1_91' title="bbox 2276 2479 3873 2552">
    <p class='ocr_par' dir='ltr' id='par_1_91' title="bbox 2276 2479 3873 2552">
     <span class='ocr_line' id='line_1_91' title="bbox 2276 2479 3873 2552; baseline -0.003 -18"><span class='ocrx_word' id='word_1_704' title='bbox 2276 2481 2370 2534; x_wconf 77' lang='grc' dir='ltr'>τὸν</span> <span class='ocrx_word' id='word_1_705' title='bbox 2412 2479 2688 2552; x_wconf 70' lang='grc' dir='ltr'>Ἁϐραάμ,</span> <span class='ocrx_word' id='word_1_706' title='bbox 2732 2482 2828 2535; x_wconf 76' lang='grc' dir='ltr'>καὶ</span> <span class='ocrx_word' id='word_1_707' title='bbox 2854 2482 3095 2552; x_wconf 77' lang='grc' dir='ltr'>ἔσφαξαν</span> <span class='ocrx_word' id='word_1_708' title='bbox 3126 2481 3366 2550; x_wconf 85' lang='grc' dir='ltr'>θύματα,</span> <span class='ocrx_word' id='word_1_709' title='bbox 3405 2482 3504 2534; x_wconf 74' lang='grc' dir='ltr'>καὶ</span> <span class='ocrx_word' id='word_1_710' title='bbox 3537 2480 3728 2544; x_wconf 89' lang='grc' dir='ltr'>θυσίας</span> <span class='ocrx_word' id='word_1_711' title='bbox 3757 2481 3873 2545; x_wconf 88' lang='grc' dir='ltr'>ἀνή-</span> 
     </span>
    </p>
   </div>
   <div class='ocr_carea' id='block_1_92' title="bbox 2279 2559 3871 2638">
    <p class='ocr_par' dir='ltr' id='par_1_92' title="bbox 2279 2559 3871 2638">
     <span class='ocr_line' id='line_1_92' title="bbox 2279 2559 3871 2638; baseline -0.003 -18"><span class='ocrx_word' id='word_1_712' title='bbox 2279 2581 2502 2635; x_wconf 87' lang='grc' dir='ltr'>νεγκαν,</span> <span class='ocrx_word' id='word_1_713' title='bbox 2521 2565 2615 2619; x_wconf 77' lang='grc' dir='ltr'>καὶ</span> <span class='ocrx_word' id='word_1_714' title='bbox 2641 2565 2852 2619; x_wconf 81' lang='grc' dir='ltr'>οὐδέπω</span> <span class='ocrx_word' id='word_1_715' title='bbox 2872 2565 2938 2638; x_wconf 83' lang='grc' dir='ltr'>ἦν</span> <span class='ocrx_word' id='word_1_716' title='bbox 2966 2568 3150 2636; x_wconf 85' lang='grc' dir='ltr'>ὅρκος.</span> <span class='ocrx_word' id='word_1_717' title='bbox 3179 2565 3354 2618; x_wconf 85' lang='grc' dir='ltr'>Πόθεν</span> <span class='ocrx_word' id='word_1_718' title='bbox 3385 2559 3485 2618; x_wconf 79' lang='grc' dir='ltr'>οὖν</span> <span class='ocrx_word' id='word_1_719' title='bbox 3506 2562 3820 2634; x_wconf 82' lang='grc' dir='ltr'>ἐπεισῆλθεν</span> <span class='ocrx_word' id='word_1_720' title='bbox 3848 2563 3871 2615; x_wconf 91' lang='grc' dir='ltr'>ό</span> 
     </span>
    </p>
   </div>
   <div class='ocr_carea' id='block_1_93' title="bbox 2277 2647 3867 2722">
    <p class='ocr_par' dir='ltr' id='par_1_93' title="bbox 2277 2647 3867 2722">
     <span class='ocr_line' id='line_1_93' title="bbox 2277 2647 3867 2722; baseline -0.001 -19"><span class='ocrx_word' id='word_1_721' title='bbox 2277 2650 2472 2722; x_wconf 82' lang='grc' dir='ltr'>ὅρκος;</span> <span class='ocrx_word' id='word_1_722' title='bbox 2521 2651 2651 2704; x_wconf 88' lang='grc' dir='ltr'>Ὅτε</span> <span class='ocrx_word' id='word_1_723' title='bbox 2677 2650 2746 2704; x_wconf 90' lang='grc' dir='ltr'>τά</span> <span class='ocrx_word' id='word_1_724' title='bbox 2779 2650 2927 2704; x_wconf 85' lang='grc' dir='ltr'>κακὰ</span> <span class='ocrx_word' id='word_1_725' title='bbox 2966 2649 3201 2721; x_wconf 80' lang='grc' dir='ltr'>ηὐξήθη,</span> <span class='ocrx_word' id='word_1_726' title='bbox 3261 2651 3354 2704; x_wconf 82' lang='grc' dir='ltr'>ὅτε</span> <span class='ocrx_word' id='word_1_727' title='bbox 3393 2649 3575 2704; x_wconf 87' lang='grc' dir='ltr'>πάντα</span> <span class='ocrx_word' id='word_1_728' title='bbox 3605 2647 3738 2719; x_wconf 84' lang='grc' dir='ltr'>ὁμοῦ</span> <span class='ocrx_word' id='word_1_729' title='bbox 3769 2649 3867 2703; x_wconf 85' lang='grc' dir='ltr'>ἀνω</span> 
     </span>
    </p>
   </div>
   <div class='ocr_carea' id='block_1_94' title="bbox 2280 2733 3866 2806">
    <p class='ocr_par' dir='ltr' id='par_1_94' title="bbox 2280 2733 3866 2806">
     <span class='ocr_line' id='line_1_94' title="bbox 2280 2733 3866 2806; baseline -0.003 -18"><span class='ocrx_word' id='word_1_730' title='bbox 2280 2736 2373 2788; x_wconf 84' lang='grc' dir='ltr'>καὶ</span> <span class='ocrx_word' id='word_1_731' title='bbox 2401 2735 2553 2789; x_wconf 90' lang='grc' dir='ltr'>κάτω</span> <span class='ocrx_word' id='word_1_732' title='bbox 2571 2735 2813 2803; x_wconf 88' lang='grc' dir='ltr'>γέγονεν,</span> <span class='ocrx_word' id='word_1_733' title='bbox 2827 2736 2915 2789; x_wconf 82' lang='grc' dir='ltr'>ὅτε</span> <span class='ocrx_word' id='word_1_734' title='bbox 2945 2735 3078 2806; x_wconf 79' lang='grc' dir='ltr'>πρὸς</span> <span class='ocrx_word' id='word_1_735' title='bbox 3093 2733 3452 2806; x_wconf 86' lang='grc' dir='ltr'>είδωλολατρε</span> <span class='ocrx_word' id='word_1_736' title='bbox 3462 2735 3546 2787; x_wconf 84' lang='grc' dir='ltr'>ίαν</span> <span class='ocrx_word' id='word_1_737' title='bbox 3568 2733 3866 2788; x_wconf 76' lang='grc' dir='ltr'>ἀπέκλινανο</span> 
     </span>
    </p>
   </div>
   <div class='ocr_carea' id='block_1_95' title="bbox 2277 2815 3868 2890">
    <p class='ocr_par' dir='ltr' id='par_1_95' title="bbox 2277 2815 3868 2890">
     <span class='ocr_line' id='line_1_95' title="bbox 2277 2815 3868 2890; baseline -0.003 -17"><span class='ocrx_word' id='word_1_738' title='bbox 2277 2819 2399 2874; x_wconf 91' lang='grc' dir='ltr'>τότε</span> <span class='ocrx_word' id='word_1_739' title='bbox 2418 2819 2506 2890; x_wconf 85' lang='grc' dir='ltr'>δὴ.</span> <span class='ocrx_word' id='word_1_740' title='bbox 2532 2819 2675 2886; x_wconf 87' lang='grc' dir='ltr'>τότε,</span> <span class='ocrx_word' id='word_1_741' title='bbox 2703 2819 2793 2872; x_wconf 86' lang='grc' dir='ltr'>ὅτε</span> <span class='ocrx_word' id='word_1_742' title='bbox 2838 2821 3056 2874; x_wconf 81' lang='grc' dir='ltr'>ἄπιστοι</span> <span class='ocrx_word' id='word_1_743' title='bbox 3077 2818 3261 2872; x_wconf 82' lang='grc' dir='ltr'>λοιπὸν</span> <span class='ocrx_word' id='word_1_744' title='bbox 3289 2819 3602 2887; x_wconf 83' lang='grc' dir='ltr'>ἐφαίνοντο,</span> <span class='ocrx_word' id='word_1_745' title='bbox 3634 2817 3725 2870; x_wconf 81' lang='grc' dir='ltr'>τὸν</span> <span class='ocrx_word' id='word_1_746' title='bbox 3756 2815 3868 2869; x_wconf 71' lang='grc' dir='ltr'>Θεὸν</span> 
     </span>
    </p>
   </div>
   <div class='ocr_carea' id='block_1_96' title="bbox 2279 2900 3864 2974">
    <p class='ocr_par' dir='ltr' id='par_1_96' title="bbox 2279 2900 3864 2974">
     <span class='ocr_line' id='line_1_96' title="bbox 2279 2900 3864 2974; baseline -0.003 -19"><span class='ocrx_word' id='word_1_747' title='bbox 2279 2903 2511 2957; x_wconf 79' lang='grc' dir='ltr'>ἐκάλουν</span> <span class='ocrx_word' id='word_1_748' title='bbox 2536 2903 2812 2974; x_wconf 88' lang='grc' dir='ltr'>μάρτυρα,</span> <span class='ocrx_word' id='word_1_749' title='bbox 2851 2902 3042 2974; x_wconf 82' lang='grc' dir='ltr'>ὥσπερ</span> <span class='ocrx_word' id='word_1_750' title='bbox 3088 2901 3369 2974; x_wconf 80' lang='grc' dir='ltr'>ἐγγυητὴν</span> <span class='ocrx_word' id='word_1_751' title='bbox 3402 2902 3642 2966; x_wconf 83' lang='grc' dir='ltr'>διδόντες</span> <span class='ocrx_word' id='word_1_752' title='bbox 3669 2901 3772 2954; x_wconf 83' lang='grc' dir='ltr'>τῶν</span> <span class='ocrx_word' id='word_1_753' title='bbox 3791 2900 3864 2951; x_wconf 88' lang='grc' dir='ltr'>λε-</span> 
     </span>
    </p>
   </div>
   <div class='ocr_carea' id='block_1_97' title="bbox 2279 2985 3865 3059">
    <p class='ocr_par' dir='ltr' id='par_1_97' title="bbox 2279 2985 3865 3059">
     <span class='ocr_line' id='line_1_97' title="bbox 2279 2985 3865 3059; baseline -0.004 -18"><span class='ocrx_word' id='word_1_754' title='bbox 2279 2987 2526 3058; x_wconf 79' lang='grc' dir='ltr'>γομένων</span> <span class='ocrx_word' id='word_1_755' title='bbox 2558 2986 2880 3059; x_wconf 79' lang='grc' dir='ltr'>ἀξιόχρεων.</span> <span class='ocrx_word' id='word_1_756' title='bbox 2941 2987 3114 3040; x_wconf 84' lang='grc' dir='ltr'>Τοῦτο</span> <span class='ocrx_word' id='word_1_757' title='bbox 3143 2987 3252 3058; x_wconf 82' lang='grc' dir='ltr'>γὰρ</span> <span class='ocrx_word' id='word_1_758' title='bbox 3278 2987 3448 3059; x_wconf 84' lang='grc' dir='ltr'>ὅρκος</span> <span class='ocrx_word' id='word_1_759' title='bbox 3478 2988 3618 3051; x_wconf 80' lang='grc' dir='ltr'>ἐστὶ,</span> <span class='ocrx_word' id='word_1_760' title='bbox 3671 2985 3865 3056; x_wconf 90' lang='grc' dir='ltr'>τρόπων</span> 
     </span>
    </p>
   </div>
   <div class='ocr_carea' id='block_1_98' title="bbox 2279 3067 3865 3144">
    <p class='ocr_par' dir='ltr' id='par_1_98' title="bbox 2279 3067 3865 3144">
     <span class='ocr_line' id='line_1_98' title="bbox 2279 3067 3865 3144; baseline -0.003 -19"><span class='ocrx_word' id='word_1_761' title='bbox 2279 3070 2696 3141; x_wconf 84' lang='grc' dir='ltr'>ἀπιστουμένων</span> <span class='ocrx_word' id='word_1_762' title='bbox 2713 3071 3080 3143; x_wconf 82' lang='grc' dir='ltr'>ἐγγύη.⁹Ὢστε</span> <span class='ocrx_word' id='word_1_763' title='bbox 3097 3070 3288 3144; x_wconf 88' lang='grc' dir='ltr'>πρώτη</span> <span class='ocrx_word' id='word_1_764' title='bbox 3304 3072 3620 3143; x_wconf 80' lang='grc' dir='ltr'>κατηγορία</span> <span class='ocrx_word' id='word_1_765' title='bbox 3642 3069 3772 3141; x_wconf 83' lang='grc' dir='ltr'>αὐτη</span> <span class='ocrx_word' id='word_1_766' title='bbox 3788 3067 3865 3122; x_wconf 79' lang='grc' dir='ltr'>τοῦ</span> 
     </span>
    </p>
   </div>
   <div class='ocr_carea' id='block_1_99' title="bbox 2279 3154 3866 3228">
    <p class='ocr_par' dir='ltr' id='par_1_99' title="bbox 2279 3154 3866 3228">
     <span class='ocr_line' id='line_1_99' title="bbox 2279 3154 3866 3228; baseline -0.002 -20"><span class='ocrx_word' id='word_1_767' title='bbox 2279 3154 2588 3227; x_wconf 88' lang='grc' dir='ltr'>ὀμνύοντος,</span> <span class='ocrx_word' id='word_1_768' title='bbox 2612 3156 2660 3209; x_wconf 78' lang='grc' dir='ltr'>εί</span> <span class='ocrx_word' id='word_1_769' title='bbox 2689 3156 2764 3228; x_wconf 82' lang='grc' dir='ltr'>μὴ</span> <span class='ocrx_word' id='word_1_770' title='bbox 2795 3156 3101 3210; x_wconf 84' lang='grc' dir='ltr'>πιστεύοιτο</span> <span class='ocrx_word' id='word_1_771' title='bbox 3128 3155 3298 3226; x_wconf 72' lang='grc' dir='ltr'>χωρὶς</span> <span class='ocrx_word' id='word_1_772' title='bbox 3319 3156 3660 3226; x_wconf 77' lang='grc' dir='ltr'>ἐγγύου,καὶ</span> <span class='ocrx_word' id='word_1_773' title='bbox 3685 3154 3866 3224; x_wconf 83' lang='grc' dir='ltr'>ἐγγύον</span> 
     </span>
    </p>
   </div>
   <div class='ocr_carea' id='block_1_100' title="bbox 2282 3237 3865 3311">
    <p class='ocr_par' dir='ltr' id='par_1_100' title="bbox 2282 3237 3865 3311">
     <span class='ocr_line' id='line_1_100' title="bbox 2282 3237 3865 3311; baseline -0.002 -20"><span class='ocrx_word' id='word_1_774' title='bbox 2282 3237 2545 3308; x_wconf 69' lang='grc' dir='ltr'>μεγάλου*</span> <span class='ocrx_word' id='word_1_775' title='bbox 2567 3237 2657 3292; x_wconf 80' lang='grc' dir='ltr'>διὰ</span> <span class='ocrx_word' id='word_1_776' title='bbox 2684 3239 2792 3311; x_wconf 79' lang='grc' dir='ltr'>γὰρ</span> <span class='ocrx_word' id='word_1_777' title='bbox 2809 3239 2908 3311; x_wconf 81' lang='grc' dir='ltr'>τὴν</span> <span class='ocrx_word' id='word_1_778' title='bbox 2945 3237 3147 3309; x_wconf 72' lang='grc' dir='ltr'>πολλὴν</span> <span class='ocrx_word' id='word_1_779' title='bbox 3183 3239 3451 3293; x_wconf 79' lang='grc' dir='ltr'>ἀπιστίαν</span> <span class='ocrx_word' id='word_1_780' title='bbox 3480 3239 3581 3294; x_wconf 86' lang='grc' dir='ltr'>οὐκ</span> <span class='ocrx_word' id='word_1_781' title='bbox 3604 3238 3865 3305; x_wconf 78' lang='grc' dir='ltr'>ἄνθρωπον</span> 
     </span>
    </p>
   </div>
   <div class='ocr_carea' id='block_1_101' title="bbox 2280 3318 3864 3395">
    <p class='ocr_par' dir='ltr' id='par_1_101' title="bbox 2280 3318 3864 3395">
     <span class='ocr_line' id='line_1_101' title="bbox 2280 3318 3864 3395; baseline -0.003 -20"><span class='ocrx_word' id='word_1_782' title='bbox 2280 3319 2537 3392; x_wconf 79' lang='grc' dir='ltr'>ζητοῦσιν</span> <span class='ocrx_word' id='word_1_783' title='bbox 2594 3322 2813 3391; x_wconf 75' lang='grc' dir='ltr'>ἔγγυον,</span> <span class='ocrx_word' id='word_1_784' title='bbox 2849 3321 2985 3377; x_wconf 89' lang='grc' dir='ltr'>ἀλλά</span> <span class='ocrx_word' id='word_1_785' title='bbox 3017 3322 3108 3376; x_wconf 86' lang='grc' dir='ltr'>τδν</span> <span class='ocrx_word' id='word_1_786' title='bbox 3136 3322 3288 3376; x_wconf 82' lang='grc' dir='ltr'>Θεόν.</span> <span class='ocrx_word' id='word_1_787' title='bbox 3331 3323 3624 3395; x_wconf 89' lang='grc' dir='ltr'>Δεύτερον,</span> <span class='ocrx_word' id='word_1_788' title='bbox 3655 3321 3746 3376; x_wconf 78' lang='grc' dir='ltr'>καὶ</span> <span class='ocrx_word' id='word_1_789' title='bbox 3782 3318 3864 3373; x_wconf 84' lang='grc' dir='ltr'>τοῦ</span> 
     </span>
    </p>
   </div>
   <div class='ocr_carea' id='block_1_102' title="bbox 2279 3405 3865 3480">
    <p class='ocr_par' dir='ltr' id='par_1_102' title="bbox 2279 3405 3865 3480">
     <span class='ocr_line' id='line_1_102' title="bbox 2279 3405 3865 3480; baseline -0.003 -22"><span class='ocrx_word' id='word_1_790' title='bbox 2279 3405 2649 3476; x_wconf 89' lang='grc' dir='ltr'>λαμϐάνοντος</span> <span class='ocrx_word' id='word_1_791' title='bbox 2672 3405 2764 3459; x_wconf 84' lang='grc' dir='ltr'>τὸν</span> <span class='ocrx_word' id='word_1_792' title='bbox 2792 3407 2954 3477; x_wconf 84' lang='grc' dir='ltr'>ὅρκον</span> <span class='ocrx_word' id='word_1_793' title='bbox 2977 3405 3037 3460; x_wconf 85' lang='grc' dir='ltr'>τδ</span> <span class='ocrx_word' id='word_1_794' title='bbox 3055 3405 3188 3459; x_wconf 80' lang='grc' dir='ltr'>αὐτὸ</span> <span class='ocrx_word' id='word_1_795' title='bbox 3217 3405 3502 3480; x_wconf 68' lang='grc' dir='ltr'>ἔγκλημα,</span> <span class='ocrx_word' id='word_1_796' title='bbox 3519 3409 3569 3461; x_wconf 82' lang='grc' dir='ltr'>εί</span> <span class='ocrx_word' id='word_1_797' title='bbox 3608 3407 3742 3478; x_wconf 84' lang='grc' dir='ltr'>ὑπὲρ</span> <span class='ocrx_word' id='word_1_798' title='bbox 3764 3421 3865 3458; x_wconf 86' lang='grc' dir='ltr'>συν-</span> 
     </span>
    </p>
   </div>
   <div class='ocr_carea' id='block_1_103' title="bbox 2279 3487 3866 3564">
    <p class='ocr_par' dir='ltr' id='par_1_103' title="bbox 2279 3487 3866 3564">
     <span class='ocr_line' id='line_1_103' title="bbox 2279 3487 3866 3564; baseline 0 -20"><span class='ocrx_word' id='word_1_799' title='bbox 2279 3490 2645 3561; x_wconf 87' lang='grc' dir='ltr'>αλλαγμάτων</span> <span class='ocrx_word' id='word_1_800' title='bbox 2683 3490 3096 3562; x_wconf 87' lang='grc' dir='ltr'>διαφερόμενος,</span> <span class='ocrx_word' id='word_1_801' title='bbox 3123 3489 3215 3544; x_wconf 74' lang='grc' dir='ltr'>τὸν</span> <span class='ocrx_word' id='word_1_802' title='bbox 3257 3490 3398 3548; x_wconf 82' lang='grc' dir='ltr'>Θεὸν</span> <span class='ocrx_word' id='word_1_803' title='bbox 3423 3492 3575 3547; x_wconf 72' lang='grc' dir='ltr'>ἱλκοι</span> <span class='ocrx_word' id='word_1_804' title='bbox 3609 3491 3741 3564; x_wconf 82' lang='grc' dir='ltr'>πρὸς</span> <span class='ocrx_word' id='word_1_805' title='bbox 3779 3487 3866 3560; x_wconf 67' lang='grc' dir='ltr'>τὴν</span> 
     </span>
    </p>
   </div>
   <div class='ocr_carea' id='block_1_104' title="bbox 2279 3571 3861 3649">
    <p class='ocr_par' dir='ltr' id='par_1_104' title="bbox 2279 3571 3861 3649">
     <span class='ocr_line' id='line_1_104' title="bbox 2279 3571 3861 3649; baseline -0.002 -21"><span class='ocrx_word' id='word_1_806' title='bbox 2279 3573 2505 3644; x_wconf 86' lang='grc' dir='ltr'>ἐγγύην,</span> <span class='ocrx_word' id='word_1_807' title='bbox 2527 3573 2622 3628; x_wconf 76' lang='grc' dir='ltr'>καὶ</span> <span class='ocrx_word' id='word_1_808' title='bbox 2637 3573 2787 3642; x_wconf 90' lang='grc' dir='ltr'>λέγοι</span> <span class='ocrx_word' id='word_1_809' title='bbox 2809 3575 2884 3647; x_wconf 77' lang='grc' dir='ltr'>μὴ</span> <span class='ocrx_word' id='word_1_810' title='bbox 2911 3573 3264 3644; x_wconf 90' lang='grc' dir='ltr'>ἀφίστασθαι,</span> <span class='ocrx_word' id='word_1_811' title='bbox 3293 3577 3345 3629; x_wconf 82' lang='grc' dir='ltr'>εί</span> <span class='ocrx_word' id='word_1_812' title='bbox 3371 3576 3451 3649; x_wconf 74' lang='grc' dir='ltr'>μὴ</span> <span class='ocrx_word' id='word_1_813' title='bbox 3485 3578 3691 3630; x_wconf 78' lang='grc' dir='ltr'>ἐκεῖνον</span> <span class='ocrx_word' id='word_1_814' title='bbox 3705 3571 3861 3626; x_wconf 85' lang='grc' dir='ltr'>λάϐοι.</span> 
     </span>
    </p>
   </div>
   <div class='ocr_carea' id='block_1_105' title="bbox 2283 3658 3859 3734">
    <p class='ocr_par' dir='ltr' id='par_1_105' title="bbox 2283 3658 3859 3734">
     <span class='ocr_line' id='line_1_105' title="bbox 2283 3658 3859 3734; baseline -0.005 -16"><span class='ocrx_word' id='word_1_815' title='bbox 2283 3663 2349 3718; x_wconf 85' lang='grc' dir='ltr'><strong>Ὢ</strong></span> <span class='ocrx_word' id='word_1_816' title='bbox 2374 3661 2475 3734; x_wconf 86' lang='grc' dir='ltr'>τῆς</span> <span class='ocrx_word' id='word_1_817' title='bbox 2511 3661 2962 3734; x_wconf 85' lang='grc' dir='ltr'>ὑπερϐαλλούσης</span> <span class='ocrx_word' id='word_1_818' title='bbox 2995 3661 3376 3734; x_wconf 89' lang='grc' dir='ltr'>ἀναισθησίας,</span> <span class='ocrx_word' id='word_1_819' title='bbox 3417 3664 3467 3717; x_wconf 85' lang='grc' dir='ltr'><strong>ὣ</strong></span> <span class='ocrx_word' id='word_1_820' title='bbox 3493 3664 3593 3734; x_wconf 83' lang='grc' dir='ltr'>τῆς</span> <span class='ocrx_word' id='word_1_821' title='bbox 3634 3658 3859 3733; x_wconf 77' lang='grc' dir='ltr'>ὕϐρεωςί</span> 
     </span>
    </p>
   </div>
   <div class='ocr_carea' id='block_1_106' title="bbox 2281 3741 3861 3817">
    <p class='ocr_par' dir='ltr' id='par_1_106' title="bbox 2281 3741 3861 3817">
     <span class='ocr_line' id='line_1_106' title="bbox 2281 3741 3861 3817; baseline -0.003 -16"><span class='ocrx_word' id='word_1_822' title='bbox 2281 3744 2498 3816; x_wconf 84' lang='grc' dir='ltr'>σκώληξ</span> <span class='ocrx_word' id='word_1_823' title='bbox 2518 3744 2614 3799; x_wconf 72' lang='grc' dir='ltr'>καὶ</span> <span class='ocrx_word' id='word_1_824' title='bbox 2633 3745 2703 3816; x_wconf 86' lang='grc' dir='ltr'>γῆ</span> <span class='ocrx_word' id='word_1_825' title='bbox 2734 3745 2829 3798; x_wconf 69' lang='grc' dir='ltr'>καὶ</span> <span class='ocrx_word' id='word_1_826' title='bbox 2855 3744 3048 3810; x_wconf 82' lang='grc' dir='ltr'>σποδὸς</span> <span class='ocrx_word' id='word_1_827' title='bbox 3086 3745 3376 3817; x_wconf 84' lang='grc' dir='ltr'>τυγχάνων</span> <span class='ocrx_word' id='word_1_828' title='bbox 3403 3747 3501 3802; x_wconf 77' lang='grc' dir='ltr'>καὶ</span> <span class='ocrx_word' id='word_1_829' title='bbox 3537 3745 3755 3808; x_wconf 80' lang='grc' dir='ltr'>καπνὸς,</span> <span class='ocrx_word' id='word_1_830' title='bbox 3781 3741 3861 3796; x_wconf 76' lang='grc' dir='ltr'>τὸν</span> 
     </span>
    </p>
   </div>
   <div class='ocr_carea' id='block_1_107' title="bbox 2278 3826 3859 3902">
    <p class='ocr_par' dir='ltr' id='par_1_107' title="bbox 2278 3826 3859 3902">
     <span class='ocr_line' id='line_1_107' title="bbox 2278 3826 3859 3902; baseline 0.003 -18"><span class='ocrx_word' id='word_1_831' title='bbox 2278 3831 2562 3901; x_wconf 72' lang='grc' dir='ltr'>Δεσπόσην</span> <span class='ocrx_word' id='word_1_832' title='bbox 2590 3847 2684 3884; x_wconf 92' lang='grc' dir='ltr'>σου</span> <span class='ocrx_word' id='word_1_833' title='bbox 2707 3830 2886 3895; x_wconf 69' lang='grc' dir='ltr'>ἕλκεις</span> <span class='ocrx_word' id='word_1_834' title='bbox 2909 3831 2990 3894; x_wconf 83' lang='grc' dir='ltr'>είς</span> <span class='ocrx_word' id='word_1_835' title='bbox 3019 3829 3521 3902; x_wconf 84' lang='grc' dir='ltr'>ἐγγύην,κάκεῖνον</span> <span class='ocrx_word' id='word_1_836' title='bbox 3553 3826 3859 3900; x_wconf 81' lang='grc' dir='ltr'>ἀναγκάζεις</span> 
     </span>
    </p>
   </div>
   <div class='ocr_carea' id='block_1_108' title="bbox 2278 3909 3858 3988">
    <p class='ocr_par' dir='ltr' id='par_1_108' title="bbox 2278 3909 3858 3988">
     <span class='ocr_line' id='line_1_108' title="bbox 2278 3909 3858 3988; baseline -0.004 -20"><span class='ocrx_word' id='word_1_837' title='bbox 2278 3913 2486 3970; x_wconf 82' lang='grc' dir='ltr'>λαϐεῖν.</span> <span class='ocrx_word' id='word_1_838' title='bbox 2519 3913 2656 3967; x_wconf 76' lang='grc' dir='ltr'>Εἰπέ</span> <span class='ocrx_word' id='word_1_839' title='bbox 2683 3929 2775 3985; x_wconf 87' lang='grc' dir='ltr'>μοι</span> <span class='ocrx_word' id='word_1_840' title='bbox 2800 3924 2848 3978; x_wconf 78' lang='grc' dir='ltr'>θ,</span> <span class='ocrx_word' id='word_1_841' title='bbox 2882 3915 2930 3967; x_wconf 78' lang='grc' dir='ltr'>εἰ</span> <span class='ocrx_word' id='word_1_842' title='bbox 2952 3912 3062 3968; x_wconf 88' lang='grc' dir='ltr'>τῶν</span> <span class='ocrx_word' id='word_1_843' title='bbox 3101 3914 3307 3969; x_wconf 87' lang='grc' dir='ltr'>παίδων</span> <span class='ocrx_word' id='word_1_844' title='bbox 3331 3915 3494 3988; x_wconf 84' lang='grc' dir='ltr'>ὐμῶν</span> <span class='ocrx_word' id='word_1_845' title='bbox 3524 3909 3858 3986; x_wconf 86' lang='grc' dir='ltr'>φιλονεικούν-</span> 
     </span>
    </p>
   </div>
   <div class='ocr_carea' id='block_1_109' title="bbox 2278 3993 3855 4072">
    <p class='ocr_par' dir='ltr' id='par_1_109' title="bbox 2278 3993 3855 4072">
     <span class='ocr_line' id='line_1_109' title="bbox 2278 3993 3855 4072; baseline -0.004 -19"><span class='ocrx_word' id='word_1_846' title='bbox 2278 4015 2389 4054; x_wconf 86' lang='grc' dir='ltr'>των</span> <span class='ocrx_word' id='word_1_847' title='bbox 2456 3996 2596 4070; x_wconf 83' lang='grc' dir='ltr'>πρδς</span> <span class='ocrx_word' id='word_1_848' title='bbox 2651 3997 2919 4068; x_wconf 85' lang='grc' dir='ltr'>ἀλλήλους</span> <span class='ocrx_word' id='word_1_849' title='bbox 2940 4035 2957 4063; x_wconf 90' lang='grc'>,</span> <span class='ocrx_word' id='word_1_850' title='bbox 3018 4000 3114 4052; x_wconf 75' lang='grc' dir='ltr'>καὶ</span> <span class='ocrx_word' id='word_1_851' title='bbox 3170 4000 3592 4072; x_wconf 82' lang='grc' dir='ltr'>ἀπιστουμένων</span> <span class='ocrx_word' id='word_1_852' title='bbox 3643 3993 3855 4056; x_wconf 79' lang='grc' dir='ltr'>ἑαυτοῖς,</span> 
     </span>
    </p>
   </div>
   <div class='ocr_carea' id='block_1_110' title="bbox 2278 4077 3856 4156">
    <p class='ocr_par' dir='ltr' id='par_1_110' title="bbox 2278 4077 3856 4156">
     <span class='ocr_line' id='line_1_110' title="bbox 2278 4077 3856 4156; baseline -0.003 -20"><span class='ocrx_word' id='word_1_853' title='bbox 2278 4080 2481 4153; x_wconf 68' lang='grc' dir='ltr'>ἔφησεν</span> <span class='ocrx_word' id='word_1_854' title='bbox 2519 4082 2549 4136; x_wconf 90' lang='grc' dir='ltr'>ὀ</span> <span class='ocrx_word' id='word_1_855' title='bbox 2592 4081 2883 4153; x_wconf 87' lang='grc' dir='ltr'>όμόδουλος</span> <span class='ocrx_word' id='word_1_856' title='bbox 2927 4082 3004 4156; x_wconf 78' lang='grc' dir='ltr'>μὴ</span> <span class='ocrx_word' id='word_1_857' title='bbox 3045 4083 3490 4155; x_wconf 86' lang='grc' dir='ltr'>ἀποστήσεσθαι,</span> <span class='ocrx_word' id='word_1_858' title='bbox 3537 4084 3644 4146; x_wconf 84' lang='grc' dir='ltr'>ἐως</span> <span class='ocrx_word' id='word_1_859' title='bbox 3685 4079 3748 4135; x_wconf 83' lang='grc' dir='ltr'>ἀν</span> <span class='ocrx_word' id='word_1_860' title='bbox 3778 4077 3856 4130; x_wconf 85' lang='grc' dir='ltr'>τὸν</span> 
     </span>
    </p>
   </div>
   <div class='ocr_carea' id='block_1_111' title="bbox 2279 4159 3855 4242">
    <p class='ocr_par' dir='ltr' id='par_1_111' title="bbox 2279 4159 3855 4242">
     <span class='ocr_line' id='line_1_111' title="bbox 2279 4159 3855 4242; baseline -0.004 -20"><span class='ocrx_word' id='word_1_861' title='bbox 2279 4167 2458 4222; x_wconf 79' lang='grc' dir='ltr'>κοινὸν</span> <span class='ocrx_word' id='word_1_862' title='bbox 2485 4167 2751 4239; x_wconf 84' lang='grc' dir='ltr'>δεσπότην</span> <span class='ocrx_word' id='word_1_863' title='bbox 2796 4168 3073 4239; x_wconf 84' lang='grc' dir='ltr'>ἐγγυητὴν</span> <span class='ocrx_word' id='word_1_864' title='bbox 3108 4167 3284 4223; x_wconf 76' lang='grc' dir='ltr'>λάϐοι⁹</span> <span class='ocrx_word' id='word_1_865' title='bbox 3313 4165 3426 4242; x_wconf 82' lang='grc' dir='ltr'>ἆρα</span> <span class='ocrx_word' id='word_1_866' title='bbox 3466 4168 3568 4223; x_wconf 90' lang='grc' dir='ltr'>οὐκ</span> <span class='ocrx_word' id='word_1_867' title='bbox 3597 4166 3662 4222; x_wconf 75' lang='grc' dir='ltr'>ἀν</span> <span class='ocrx_word' id='word_1_868' title='bbox 3714 4159 3855 4216; x_wconf 75' lang='grc' dir='ltr'>ἔλαϐε</span> 
     </span>
    </p>
   </div>
   <div class='ocr_carea' id='block_1_112' title="bbox 2280 4243 3857 4325">
    <p class='ocr_par' dir='ltr' id='par_1_112' title="bbox 2280 4243 3857 4325">
     <span class='ocr_line' id='line_1_112' title="bbox 2280 4243 3857 4325; baseline -0.003 -20"><span class='ocrx_word' id='word_1_869' title='bbox 2280 4249 2497 4323; x_wconf 83' lang='grc' dir='ltr'>πληγὰς</span> <span class='ocrx_word' id='word_1_870' title='bbox 2532 4250 2752 4322; x_wconf 85' lang='grc' dir='ltr'>μυρίας,</span> <span class='ocrx_word' id='word_1_871' title='bbox 2775 4252 2873 4305; x_wconf 76' lang='grc' dir='ltr'>καὶ</span> <span class='ocrx_word' id='word_1_872' title='bbox 2895 4251 3119 4323; x_wconf 76' lang='grc' dir='ltr'>ἔμαθεν,</span> <span class='ocrx_word' id='word_1_873' title='bbox 3151 4251 3334 4323; x_wconf 85' lang='grc' dir='ltr'>ὅτιτῷ</span> <span class='ocrx_word' id='word_1_874' title='bbox 3372 4252 3612 4325; x_wconf 80' lang='grc' dir='ltr'>δεσπότῃ</span> <span class='ocrx_word' id='word_1_875' title='bbox 3640 4249 3718 4313; x_wconf 86' lang='grc' dir='ltr'>είς</span> <span class='ocrx_word' id='word_1_876' title='bbox 3737 4243 3857 4300; x_wconf 77' lang='grc' dir='ltr'>ἄλλα</span> 
     </span>
    </p>
   </div>
   <div class='ocr_carea' id='block_1_113' title="bbox 2280 4331 3854 4408">
    <p class='ocr_par' dir='ltr' id='par_1_113' title="bbox 2280 4331 3854 4408">
     <span class='ocr_line' id='line_1_113' title="bbox 2280 4331 3854 4408; baseline 0.001 -18"><span class='ocrx_word' id='word_1_877' title='bbox 2280 4333 2586 4408; x_wconf 78' lang='grc' dir='ltr'>κεχρῆσθαι</span> <span class='ocrx_word' id='word_1_878' title='bbox 2617 4334 2717 4401; x_wconf 87' lang='grc' dir='ltr'>δεῖ,</span> <span class='ocrx_word' id='word_1_879' title='bbox 2763 4336 2866 4390; x_wconf 87' lang='grc' dir='ltr'>οὐκ</span> <span class='ocrx_word' id='word_1_880' title='bbox 2896 4337 2976 4400; x_wconf 82' lang='grc' dir='ltr'>είς</span> <span class='ocrx_word' id='word_1_881' title='bbox 3003 4335 3207 4401; x_wconf 88' lang='grc' dir='ltr'>ταῦτα;</span> <span class='ocrx_word' id='word_1_882' title='bbox 3273 4337 3339 4390; x_wconf 90' lang='grc' dir='ltr'>Τί</span> <span class='ocrx_word' id='word_1_883' title='bbox 3365 4337 3511 4407; x_wconf 85' lang='grc' dir='ltr'>λέγω</span> <span class='ocrx_word' id='word_1_884' title='bbox 3547 4331 3854 4406; x_wconf 80' lang='grc' dir='ltr'>ὁμόδουλονῖ</span> 
     </span>
    </p>
   </div>
   <div class='ocr_carea' id='block_1_114' title="bbox 2279 4409 3857 4491">
    <p class='ocr_par' dir='ltr' id='par_1_114' title="bbox 2279 4409 3857 4491">
     <span class='ocr_line' id='line_1_114' title="bbox 2279 4409 3857 4491; baseline -0.003 -19"><span class='ocrx_word' id='word_1_885' title='bbox 2279 4420 2343 4472; x_wconf 74' lang='lat' dir='ltr'>El</span> <span class='ocrx_word' id='word_1_886' title='bbox 2380 4417 2490 4490; x_wconf 83' lang='grc' dir='ltr'>γὰρ</span> <span class='ocrx_word' id='word_1_887' title='bbox 2540 4417 2964 4491; x_wconf 82' lang='grc' dir='ltr'>αίδεσιμώτερον</span> <span class='ocrx_word' id='word_1_888' title='bbox 3014 4421 3188 4474; x_wconf 81' lang='grc' dir='ltr'>είλετο</span> <span class='ocrx_word' id='word_1_889' title='bbox 3225 4419 3416 4491; x_wconf 74' lang='grc' dir='ltr'>ἄνδρα,</span> <span class='ocrx_word' id='word_1_890' title='bbox 3453 4421 3553 4491; x_wconf 89' lang='grc' dir='ltr'>οὐχ</span> <span class='ocrx_word' id='word_1_891' title='bbox 3600 4416 3750 4489; x_wconf 80' lang='grc' dir='ltr'>ὕϐριν</span> <span class='ocrx_word' id='word_1_892' title='bbox 3803 4409 3857 4464; x_wconf 78' lang='grc' dir='ltr'>τὸ</span> 
     </span>
    </p>
   </div>
   <div class='ocr_carea' id='block_1_115' title="bbox 2278 4493 3850 4576">
    <p class='ocr_par' dir='ltr' id='par_1_115' title="bbox 2278 4493 3850 4576">
     <span class='ocr_line' id='line_1_115' title="bbox 2278 4493 3850 4576; baseline 0 -20"><span class='ocrx_word' id='word_1_893' title='bbox 2278 4504 2515 4576; x_wconf 83' lang='grc' dir='ltr'>πρᾶγμα</span> <span class='ocrx_word' id='word_1_894' title='bbox 2545 4505 2791 4575; x_wconf 80' lang='grc' dir='ltr'>ἡγήσατο</span> <span class='ocrx_word' id='word_1_895' title='bbox 2821 4505 2923 4572; x_wconf 60' lang='lat' dir='ltr'>av;</span> <span class='ocrx_word' id='word_1_896' title='bbox 2966 4504 3105 4557; x_wconf 72' lang='grc' dir='ltr'>Ἀλλ’</span> <span class='ocrx_word' id='word_1_897' title='bbox 3134 4503 3246 4574; x_wconf 87' lang='grc' dir='ltr'>ἐγὼ</span> <span class='ocrx_word' id='word_1_898' title='bbox 3279 4505 3338 4558; x_wconf 82' lang='grc' dir='ltr'>οὐ</span> <span class='ocrx_word' id='word_1_899' title='bbox 3399 4504 3680 4576; x_wconf 84' lang='grc' dir='ltr'>βούλομαι,</span> <span class='ocrx_word' id='word_1_900' title='bbox 3715 4493 3850 4576; x_wconf 59' lang='grc' dir='ltr'>φησῖέ</span> 
     </span>
    </p>
   </div>
   <div class='ocr_carea' id='block_1_116' title="bbox 2279 4575 3856 4659">
    <p class='ocr_par' dir='ltr' id='par_1_116' title="bbox 2279 4575 3856 4659">
     <span class='ocr_line' id='line_1_116' title="bbox 2279 4575 3856 4659; baseline -0.006 -17"><span class='ocrx_word' id='word_1_901' title='bbox 2279 4575 2497 4652; x_wconf 82' lang='grc' dir='ltr'>Καλῶς·</span> <span class='ocrx_word' id='word_1_902' title='bbox 2525 4586 2722 4642; x_wconf 88' lang='grc' dir='ltr'>οὐκοῦν</span> <span class='ocrx_word' id='word_1_903' title='bbox 2775 4587 2910 4659; x_wconf 80' lang='grc' dir='ltr'>μηδὲ</span> <span class='ocrx_word' id='word_1_904' title='bbox 2946 4589 3154 4643; x_wconf 82' lang='grc' dir='ltr'>ἐκεῖνον</span> <span class='ocrx_word' id='word_1_905' title='bbox 3184 4575 3488 4658; x_wconf 68' lang='grc' dir='ltr'>ἀνάγκαζε,</span> <span class='ocrx_word' id='word_1_906' title='bbox 3514 4585 3639 4642; x_wconf 72' lang='grc' dir='ltr'>ἐπεὶ</span> <span class='ocrx_word' id='word_1_907' title='bbox 3662 4581 3750 4637; x_wconf 80' lang='grc' dir='ltr'>καὶ</span> <span class='ocrx_word' id='word_1_908' title='bbox 3779 4575 3856 4632; x_wconf 84' lang='grc' dir='ltr'>ἐπ’</span> 
     </span>
    </p>
   </div>
   <div class='ocr_carea' id='block_1_117' title="bbox 2277 4663 3850 4746">
    <p class='ocr_par' dir='ltr' id='par_1_117' title="bbox 2277 4663 3850 4746">
     <span class='ocr_line' id='line_1_117' title="bbox 2277 4663 3850 4746; baseline -0.003 -21"><span class='ocrx_word' id='word_1_909' title='bbox 2277 4669 2583 4742; x_wconf 85' lang='grc' dir='ltr'>ἀνθρώπων</span> <span class='ocrx_word' id='word_1_910' title='bbox 2609 4669 2771 4724; x_wconf 90' lang='grc' dir='ltr'>τοῦτο</span> <span class='ocrx_word' id='word_1_911' title='bbox 2802 4671 3029 4740; x_wconf 89' lang='grc' dir='ltr'>γίνεται,</span> <span class='ocrx_word' id='word_1_912' title='bbox 3061 4671 3128 4724; x_wconf 81' lang='grc' dir='ltr'>ἂν</span> <span class='ocrx_word' id='word_1_913' title='bbox 3165 4671 3316 4746; x_wconf 77' lang='grc' dir='ltr'>εἴπῃ,</span> <span class='ocrx_word' id='word_1_914' title='bbox 3360 4672 3467 4726; x_wconf 84' lang='grc' dir='ltr'>Τὸν</span> <span class='ocrx_word' id='word_1_915' title='bbox 3495 4671 3639 4725; x_wconf 81' lang='grc' dir='ltr'>δεῖνα</span> <span class='ocrx_word' id='word_1_916' title='bbox 3679 4663 3850 4746; x_wconf 59' lang='grc' dir='ltr'>δίδωξιι</span> 
     </span>
    </p>
   </div>
   <div class='ocr_carea' id='block_1_118' title="bbox 2278 4743 3848 4826">
    <p class='ocr_par' dir='ltr' id='par_1_118' title="bbox 2278 4743 3848 4826">
     <span class='ocr_line' id='line_1_118' title="bbox 2278 4743 3848 4826; baseline -0.001 -20"><span class='ocrx_word' id='word_1_917' title='bbox 2278 4751 2573 4825; x_wconf 81' lang='grc' dir='ltr'>ἐγγυητὴν,</span> <span class='ocrx_word' id='word_1_918' title='bbox 2606 4753 2672 4808; x_wconf 81' lang='grc' dir='ltr'>σὺ</span> <span class='ocrx_word' id='word_1_919' title='bbox 2699 4753 2801 4807; x_wconf 88' lang='grc' dir='ltr'>οὐκ</span> <span class='ocrx_word' id='word_1_920' title='bbox 2830 4755 3018 4826; x_wconf 82' lang='grc' dir='ltr'>ἀνέχῃ,</span> <span class='ocrx_word' id='word_1_921' title='bbox 3052 4755 3117 4808; x_wconf 89' lang='grc' dir='ltr'>Τί</span> <span class='ocrx_word' id='word_1_922' title='bbox 3144 4750 3240 4810; x_wconf 81' lang='grc' dir='ltr'>οῦν</span> <span class='ocrx_word' id='word_1_923' title='bbox 3257 4743 3279 4822; x_wconf 66' lang='grc'>;⁷</span> <span class='ocrx_word' id='word_1_924' title='bbox 3300 4757 3398 4810; x_wconf 75' lang='grc' dir='ltr'>καὶ</span> <span class='ocrx_word' id='word_1_925' title='bbox 3424 4752 3692 4816; x_wconf 81' lang='grc' dir='ltr'>ἀπολέσω,</span> <span class='ocrx_word' id='word_1_926' title='bbox 3712 4743 3848 4818; x_wconf 61' lang='grc' dir='ltr'>φησὶ,</span> 
     </span>
    </p>
   </div>
   <div class='ocr_carea' id='block_1_119' title="bbox 2277 4826 3852 4909">
    <p class='ocr_par' dir='ltr' id='par_1_119' title="bbox 2277 4826 3852 4909">
     <span class='ocr_line' id='line_1_119' title="bbox 2277 4826 3852 4909; baseline -0.01 -17"><span class='ocrx_word' id='word_1_927' title='bbox 2277 4837 2340 4892; x_wconf 84' lang='grc' dir='ltr'>τὺ</span> <span class='ocrx_word' id='word_1_928' title='bbox 2379 4837 2686 4909; x_wconf 85' lang='grc' dir='ltr'>διδόμενον;</span> <span class='ocrx_word' id='word_1_929' title='bbox 2727 4839 2803 4893; x_wconf 85' lang='grc' dir='ltr'>Οὐ</span> <span class='ocrx_word' id='word_1_930' title='bbox 2842 4838 2989 4908; x_wconf 82' lang='grc' dir='ltr'>λέγω</span> <span class='ocrx_word' id='word_1_931' title='bbox 3036 4837 3228 4906; x_wconf 90' lang='grc' dir='ltr'>τοῦτο,</span> <span class='ocrx_word' id='word_1_932' title='bbox 3278 4839 3417 4893; x_wconf 90' lang='grc' dir='ltr'>ἀλλά</span> <span class='ocrx_word' id='word_1_933' title='bbox 3479 4839 3562 4902; x_wconf 82' lang='grc' dir='ltr'>ὅτι</span> <span class='ocrx_word' id='word_1_934' title='bbox 3598 4835 3687 4889; x_wconf 79' lang='grc' dir='ltr'>τὸν</span> <span class='ocrx_word' id='word_1_935' title='bbox 3735 4826 3852 4882; x_wconf 77' lang='grc' dir='ltr'>Θεὸν</span> 
     </span>
    </p>
   </div>
   <div class='ocr_carea' id='block_1_120' title="bbox 2280 4911 3847 4998">
    <p class='ocr_par' dir='ltr' id='par_1_120' title="bbox 2280 4911 3847 4998">
     <span class='ocr_line' id='line_1_120' title="bbox 2280 4911 3847 4998; baseline -0.005 -20"><span class='ocrx_word' id='word_1_936' title='bbox 2280 4924 2502 4998; x_wconf 82' lang='grc' dir='ltr'>ὑϐρίσαι</span> <span class='ocrx_word' id='word_1_937' title='bbox 2528 4924 2720 4998; x_wconf 82' lang='grc' dir='ltr'>ἀνέχῃ.</span> <span class='ocrx_word' id='word_1_938' title='bbox 2769 4925 2859 4979; x_wconf 82' lang='grc' dir='ltr'>Διὸ</span> <span class='ocrx_word' id='word_1_939' title='bbox 2886 4928 2982 4982; x_wconf 71' lang='grc' dir='ltr'>καὶ</span> <span class='ocrx_word' id='word_1_940' title='bbox 3033 4926 3234 4998; x_wconf 79' lang='grc' dir='ltr'>μᾶλλον</span> <span class='ocrx_word' id='word_1_941' title='bbox 3267 4931 3295 4982; x_wconf 77' lang='grc' dir='ltr'>ὁ</span> <span class='ocrx_word' id='word_1_942' title='bbox 3332 4919 3760 4993; x_wconf 81' lang='grc' dir='ltr'>καταναγκάζων</span> 
     </span>
    </p>
   </div>
   <div class='ocr_carea' id='block_1_121' title="bbox 2277 4997 3848 5081">
    <p class='ocr_par' dir='ltr' id='par_1_121' title="bbox 2277 4997 3848 5081">
     <span class='ocr_line' id='line_1_121' title="bbox 2277 4997 3848 5081; baseline -0.004 -18"><span class='ocrx_word' id='word_1_943' title='bbox 2277 5011 2304 5063; x_wconf 89' lang='lat'>6</span> <span class='ocrx_word' id='word_1_944' title='bbox 2333 5010 2502 5080; x_wconf 85' lang='grc' dir='ltr'>ὀμνὺς</span> <span class='ocrx_word' id='word_1_945' title='bbox 2527 4997 2902 5081; x_wconf 86' lang='grc' dir='ltr'>ἀπαραίτητον</span> <span class='ocrx_word' id='word_1_946' title='bbox 2929 4997 3045 5081; x_wconf 77' lang='grc' dir='ltr'>ἔχει</span> <span class='ocrx_word' id='word_1_947' title='bbox 3069 5011 3167 5081; x_wconf 81' lang='grc' dir='ltr'>τὴν</span> <span class='ocrx_word' id='word_1_948' title='bbox 3198 5012 3441 5066; x_wconf 77' lang='grc' dir='ltr'>κόλασινο</span> <span class='ocrx_word' id='word_1_949' title='bbox 3489 5006 3744 5066; x_wconf 81' lang='grc' dir='ltr'>ὡσαύτως</span> <span class='ocrx_word' id='word_1_950' title='bbox 3766 4997 3848 5052; x_wconf 74' lang='grc' dir='ltr'>καὶ</span> 
     </span>
    </p>
   </div>
   <div class='ocr_carea' id='block_1_122' title="bbox 2276 5081 3846 5166">
    <p class='ocr_par' dir='ltr' id='par_1_122' title="bbox 2276 5081 3846 5166">
     <span class='ocr_line' id='line_1_122' title="bbox 2276 5081 3846 5166; baseline -0.02 -2"><span class='ocrx_word' id='word_1_951' title='bbox 2276 5095 2305 5147; x_wconf 73' lang='grc' dir='ltr'>ὁ</span> <span class='ocrx_word' id='word_1_952' title='bbox 2329 5093 2556 5165; x_wconf 77' lang='grc' dir='ltr'>μηδενὸς</span> <span class='ocrx_word' id='word_1_953' title='bbox 2586 5093 2862 5158; x_wconf 73' lang='grc' dir='ltr'>αἰτοῦντος</span> <span class='ocrx_word' id='word_1_954' title='bbox 2875 5095 3060 5166; x_wconf 88' lang='grc' dir='ltr'>ὀμνύς.</span> <span class='ocrx_word' id='word_1_955' title='bbox 3088 5096 3196 5148; x_wconf 80' lang='grc' dir='ltr'>Καὶ</span> <span class='ocrx_word' id='word_1_956' title='bbox 3221 5095 3282 5148; x_wconf 81' lang='grc' dir='ltr'>τὸ</span> <span class='ocrx_word' id='word_1_957' title='bbox 3300 5096 3363 5166; x_wconf 80' lang='grc' dir='ltr'>δὴ</span> <span class='ocrx_word' id='word_1_958' title='bbox 3379 5089 3764 5164; x_wconf 82' lang='grc' dir='ltr'>χαλεπώτερον,</span> <span class='ocrx_word' id='word_1_959' title='bbox 3775 5081 3846 5134; x_wconf 82' lang='grc' dir='ltr'>ὅτι</span> 
     </span>
    </p>
   </div>
   <div class='ocr_carea' id='block_1_123' title="bbox 2276 5170 3845 5250">
    <p class='ocr_par' dir='ltr' id='par_1_123' title="bbox 2276 5170 3845 5250">
     <span class='ocr_line' id='line_1_123' title="bbox 2276 5170 3845 5250; baseline 0.002 -18"><span class='ocrx_word' id='word_1_960' title='bbox 2276 5178 2467 5249; x_wconf 81' lang='grc' dir='ltr'>ὀμνύει</span> <span class='ocrx_word' id='word_1_961' title='bbox 2518 5177 2746 5243; x_wconf 73' lang='grc' dir='ltr'>ἕκαστος</span> <span class='ocrx_word' id='word_1_962' title='bbox 2795 5179 2936 5250; x_wconf 82' lang='grc' dir='ltr'>ὑπὲρ</span> <span class='ocrx_word' id='word_1_963' title='bbox 2973 5177 3160 5232; x_wconf 82' lang='grc' dir='ltr'>ὀϐολοῦ</span> <span class='ocrx_word' id='word_1_964' title='bbox 3211 5179 3348 5243; x_wconf 78' lang='grc' dir='ltr'>ἐνὸς,</span> <span class='ocrx_word' id='word_1_965' title='bbox 3381 5178 3521 5248; x_wconf 87' lang='grc' dir='ltr'>ὑπὲρ</span> <span class='ocrx_word' id='word_1_966' title='bbox 3554 5170 3845 5246; x_wconf 70' lang='grc' dir='ltr'>προσθήκης</span> 
     </span>
    </p>
   </div>
   <div class='ocr_carea' id='block_1_124' title="bbox 2281 5249 3840 5334">
    <p class='ocr_par' dir='ltr' id='par_1_124' title="bbox 2281 5249 3840 5334">
     <span class='ocr_line' id='line_1_124' title="bbox 2281 5249 3840 5334; baseline -0.012 -18"><span class='ocrx_word' id='word_1_967' title='bbox 2281 5263 2502 5334; x_wconf 82' lang='grc' dir='ltr'>μικρᾶς,</span> <span class='ocrx_word' id='word_1_968' title='bbox 2523 5261 2664 5333; x_wconf 84' lang='grc' dir='ltr'>ὑπὲρ</span> <span class='ocrx_word' id='word_1_969' title='bbox 2695 5249 2930 5325; x_wconf 75' lang='grc' dir='ltr'>ἀδικίας.</span> <span class='ocrx_word' id='word_1_970' title='bbox 2963 5261 3170 5325; x_wconf 82' lang='grc' dir='ltr'>Ταῦτα,</span> <span class='ocrx_word' id='word_1_971' title='bbox 3189 5263 3316 5316; x_wconf 83' lang='grc' dir='ltr'>ὅταν</span> <span class='ocrx_word' id='word_1_972' title='bbox 3339 5261 3413 5332; x_wconf 75' lang='grc' dir='ltr'>μὴ</span> <span class='ocrx_word' id='word_1_973' title='bbox 3429 5249 3840 5334; x_wconf 64' lang='grc' dir='ltr'>ὧσινέπιορκίαι.</span> 
     </span>
    </p>
   </div>
   <div class='ocr_carea' id='block_1_125' title="bbox 2276 5329 3844 5420">
    <p class='ocr_par' dir='ltr' id='par_1_125' title="bbox 2276 5329 3844 5420">
     <span class='ocr_line' id='line_1_125' title="bbox 2276 5329 3844 5420; baseline -0.01 -20"><span class='ocrx_word' id='word_1_974' title='bbox 2276 5329 2342 5400; x_wconf 68' lang='grc' dir='ltr'>ἂν</span> <span class='ocrx_word' id='word_1_975' title='bbox 2384 5329 2462 5400; x_wconf 53' lang='grc' dir='ltr'>’δὲ</span> <span class='ocrx_word' id='word_1_976' title='bbox 2516 5329 2769 5417; x_wconf 71' lang='grc' dir='ltr'>ἐπιορκία</span> <span class='ocrx_word' id='word_1_977' title='bbox 2822 5345 3309 5420; x_wconf 82' lang='grc' dir='ltr'>παρακολουθήσῃ,</span> <span class='ocrx_word' id='word_1_978' title='bbox 3340 5329 3549 5400; x_wconf 36' lang='grc' dir='ltr'>-πάντα</span> <span class='ocrx_word' id='word_1_979' title='bbox 3606 5340 3736 5420; x_wconf 24' lang='grc' dir='ltr'>ἀνω.</span> <span class='ocrx_word' id='word_1_980' title='bbox 3763 5329 3844 5386; x_wconf 76' lang='grc' dir='ltr'>καὶ</span> 
     </span>
    </p>
   </div>
   <div class='ocr_carea' id='block_1_126' title="bbox 2277 5417 3841 5500">
    <p class='ocr_par' dir='ltr' id='par_1_126' title="bbox 2277 5417 3841 5500">
     <span class='ocr_line' id='line_1_126' title="bbox 2277 5417 3841 5500; baseline -0.007 -17"><span class='ocrx_word' id='word_1_981' title='bbox 2277 5428 2446 5491; x_wconf 84' lang='grc' dir='ltr'>κάτω,</span> <span class='ocrx_word' id='word_1_982' title='bbox 2478 5429 2574 5484; x_wconf 72' lang='grc' dir='ltr'>καὶ</span> <span class='ocrx_word' id='word_1_983' title='bbox 2602 5431 2630 5482; x_wconf 84' lang='lat'>6</span> <span class='ocrx_word' id='word_1_984' title='bbox 2651 5427 2854 5492; x_wconf 88' lang='grc' dir='ltr'>λαϐὼν,</span> <span class='ocrx_word' id='word_1_985' title='bbox 2879 5429 2974 5483; x_wconf 72' lang='grc' dir='ltr'>καὶ</span> <span class='ocrx_word' id='word_1_986' title='bbox 2991 5431 3018 5483; x_wconf 88' lang='grc' dir='ltr'>ό</span> <span class='ocrx_word' id='word_1_987' title='bbox 3048 5429 3173 5495; x_wconf 82' lang='grc' dir='ltr'>δοὺς</span> <span class='ocrx_word' id='word_1_988' title='bbox 3201 5417 3514 5500; x_wconf 77' lang='grc' dir='ltr'>πεποίηκεν.</span> <span class='ocrx_word' id='word_1_989' title='bbox 3552 5423 3686 5478; x_wconf 82' lang='grc' dir='ltr'>Ἀλλ’</span> <span class='ocrx_word' id='word_1_990' title='bbox 3712 5417 3841 5469; x_wconf 78' lang='grc' dir='ltr'>ἔστιν</span> 
     </span>
    </p>
   </div>
   <div class='ocr_carea' id='block_1_127' title="bbox 2275 5504 3839 5592">
    <p class='ocr_par' dir='ltr' id='par_1_127' title="bbox 2275 5504 3839 5592">
     <span class='ocr_line' id='line_1_127' title="bbox 2275 5504 3839 5592; baseline -0.006 -28"><span class='ocrx_word' id='word_1_991' title='bbox 2275 5511 2617 5583; x_wconf 89' lang='grc' dir='ltr'>ἀγνοούμενά</span> <span class='ocrx_word' id='word_1_992' title='bbox 2643 5530 2784 5579; x_wconf 89' lang='grc' dir='ltr'>τινα,</span> <span class='ocrx_word' id='word_1_993' title='bbox 2823 5512 3008 5582; x_wconf 82' lang='grc' dir='ltr'>φησίν.</span> <span class='ocrx_word' id='word_1_994' title='bbox 3056 5514 3219 5568; x_wconf 82' lang='grc' dir='ltr'>Ἀλλά</span> <span class='ocrx_word' id='word_1_995' title='bbox 3256 5515 3427 5568; x_wconf 85' lang='grc' dir='ltr'>ταῦτα</span> <span class='ocrx_word' id='word_1_996' title='bbox 3461 5504 3839 5592; x_wconf 60' lang='grc' dir='ltr'>προορώμενος,</span> 
     </span>
    </p>
   </div>
   <div class='ocr_carea' id='block_1_128' title="bbox 2280 5585 3839 5671">
    <p class='ocr_par' dir='ltr' id='par_1_128' title="bbox 2280 5585 3839 5671">
     <span class='ocr_line' id='line_1_128' title="bbox 2280 5585 3839 5671; baseline 0.016 -25"><span class='ocrx_word' id='word_1_997' title='bbox 2280 5594 2449 5666; x_wconf 85' lang='grc' dir='ltr'>μηδὲν</span> <span class='ocrx_word' id='word_1_998' title='bbox 2478 5596 2622 5650; x_wconf 87' lang='grc' dir='ltr'>ποίει</span> <span class='ocrx_word' id='word_1_999' title='bbox 2677 5596 2958 5668; x_wconf 61' lang='grc' dir='ltr'>ῥᾳθύμως</span> <span class='ocrx_word' id='word_1_1000' title='bbox 2987 5598 3035 5650; x_wconf 82' lang='grc' dir='ltr'>εἰ</span> <span class='ocrx_word' id='word_1_1001' title='bbox 3067 5598 3122 5651; x_wconf 81' lang='grc' dir='ltr'>δὲ</span> <span class='ocrx_word' id='word_1_1002' title='bbox 3158 5598 3418 5670; x_wconf 70' lang='grc' dir='ltr'>ῥᾳθύμως</span> <span class='ocrx_word' id='word_1_1003' title='bbox 3449 5594 3618 5652; x_wconf 71' lang='grc' dir='ltr'>ποίεῖς</span> <span class='ocrx_word' id='word_1_1004' title='bbox 3633 5627 3648 5650; x_wconf 74' lang='grc' dir='ltr'><strong>ν</strong></span> <span class='ocrx_word' id='word_1_1005' title='bbox 3697 5585 3839 5671; x_wconf 30' lang='lat' dir='ltr'><strong><em>diu}.</em></strong></span> 
     </span>
    </p>
   </div>
   <div class='ocr_carea' id='block_1_129' title="bbox 2275 5663 3837 5754">
    <p class='ocr_par' dir='ltr' id='par_1_129' title="bbox 2275 5663 3837 5754">
     <span class='ocr_line' id='line_1_129' title="bbox 2275 5663 3837 5754; baseline -0.001 -23"><span class='ocrx_word' id='word_1_1006' title='bbox 2275 5663 2358 5732; x_wconf 83' lang='grc' dir='ltr'>τει</span> <span class='ocrx_word' id='word_1_1007' title='bbox 2411 5680 2608 5734; x_wconf 86' lang='grc' dir='ltr'>σαυτὸν</span> <span class='ocrx_word' id='word_1_1008' title='bbox 2643 5663 3078 5754; x_wconf 34' lang='grc' dir='ltr'>δίκην-ζημίας.</span> <span class='ocrx_word' id='word_1_1009' title='bbox 3132 5663 3352 5737; x_wconf 63' lang='grc' dir='ltr'>Βέλτιον</span> <span class='ocrx_word' id='word_1_1010' title='bbox 3404 5680 3542 5735; x_wconf 79' lang='grc' dir='ltr'>οὕτω</span> <span class='ocrx_word' id='word_1_1011' title='bbox 3585 5663 3837 5754; x_wconf 64' lang='grc' dir='ltr'>ζημιωθῆ</span> 
     </span>
    </p>
   </div>
   <div class='ocr_carea' id='block_1_130' title="bbox 2277 5744 3839 5839">
    <p class='ocr_par' dir='ltr' id='par_1_130' title="bbox 2277 5744 3839 5839">
     <span class='ocr_line' id='line_1_130' title="bbox 2277 5744 3839 5839; baseline 0.014 -24"><span class='ocrx_word' id='word_1_1012' title='bbox 2277 5780 2384 5829; x_wconf 92' lang='grc' dir='ltr'>ναι,</span> <span class='ocrx_word' id='word_1_1013' title='bbox 2415 5764 2448 5834; x_wconf 79' lang='grc' dir='ltr'>ἢ</span> <span class='ocrx_word' id='word_1_1014' title='bbox 2479 5764 2700 5834; x_wconf 80' lang='grc' dir='ltr'>ἑτέρως.</span> <span class='ocrx_word' id='word_1_1015' title='bbox 2755 5744 3058 5839; x_wconf 49' lang='grc' dir='ltr'>Ϊῖίπέηγάρ</span> <span class='ocrx_word' id='word_1_1016' title='bbox 3110 5785 3220 5838; x_wconf 88' lang='grc' dir='ltr'>μοι,</span> <span class='ocrx_word' id='word_1_1017' title='bbox 3256 5769 3434 5829; x_wconf 74' lang='grc' dir='ltr'>ἕλκεις</span> <span class='ocrx_word' id='word_1_1018' title='bbox 3474 5765 3552 5824; x_wconf 74' lang='grc' dir='ltr'>εἷς</span> <span class='ocrx_word' id='word_1_1019' title='bbox 3583 5759 3733 5839; x_wconf 78' lang='grc' dir='ltr'>ὅρκον</span> <span class='ocrx_word' id='word_1_1020' title='bbox 3757 5744 3839 5838; x_wconf 53' lang='grc' dir='ltr'>ξὺν</span> 
     </span>
    </p>
   </div>
   <div class='ocr_carea' id='block_1_131' title="bbox 2276 5837 3836 5924">
    <p class='ocr_par' dir='ltr' id='par_1_131' title="bbox 2276 5837 3836 5924">
     <span class='ocr_line' id='line_1_131' title="bbox 2276 5837 3836 5924; baseline -0.009 -25"><span class='ocrx_word' id='word_1_1021' title='bbox 2276 5846 2466 5918; x_wconf 78' lang='grc' dir='ltr'>ἄνδρα,</span> <span class='ocrx_word' id='word_1_1022' title='bbox 2495 5847 2548 5900; x_wconf 90' lang='grc' dir='ltr'>τί</span> <span class='ocrx_word' id='word_1_1023' title='bbox 2584 5849 2925 5920; x_wconf 85' lang='grc' dir='ltr'>προσδοκῶν;</span> <span class='ocrx_word' id='word_1_1024' title='bbox 2975 5837 3058 5905; x_wconf 83' lang='grc' dir='ltr'>ὅτι</span> <span class='ocrx_word' id='word_1_1025' title='bbox 3111 5837 3462 5924; x_wconf 75' lang='grc' dir='ltr'>ἐπιορκήσεις</span> <span class='ocrx_word' id='word_1_1026' title='bbox 3512 5837 3665 5897; x_wconf 80' lang='grc' dir='ltr'>⁹Αλλά</span> <span class='ocrx_word' id='word_1_1027' title='bbox 3698 5837 3836 5886; x_wconf 72' lang='grc' dir='ltr'>τοῦτο</span> 
     </span>
    </p>
   </div>
   <div class='ocr_carea' id='block_1_132' title="bbox 2345 5973 3829 6052">
    <p class='ocr_par' dir='ltr' id='par_1_132' title="bbox 2345 5973 3829 6052">
     <span class='ocr_line' id='line_1_132' title="bbox 2345 5973 3829 6052; baseline 0.011 -16"><span class='ocrx_word' id='word_1_1028' title='bbox 2345 5998 2366 6025; x_wconf 72' lang='grc' dir='ltr'>ε</span> <span class='ocrx_word' id='word_1_1029' title='bbox 2391 5987 2556 6037; x_wconf 67' lang='lat' dir='ltr'>Codex</span> <span class='ocrx_word' id='word_1_1030' title='bbox 2587 6003 2718 6038; x_wconf 84' lang='lat' dir='ltr'>unus</span> <span class='ocrx_word' id='word_1_1031' title='bbox 2760 5991 3008 6045; x_wconf 80' lang='grc' dir='ltr'>ἐξελκύσαι</span> <span class='ocrx_word' id='word_1_1032' title='bbox 3051 5995 3409 6048; x_wconf 64' lang='grc' dir='ltr'>σπουδάζοντες,</span> <span class='ocrx_word' id='word_1_1033' title='bbox 3433 5991 3460 6038; x_wconf 61' lang='grc' dir='ltr'>ἢ</span> <span class='ocrx_word' id='word_1_1034' title='bbox 3490 5987 3549 6052; x_wconf 69' lang='grc' dir='ltr'>μὴ</span> <span class='ocrx_word' id='word_1_1035' title='bbox 3575 5973 3829 6052; x_wconf 39' lang='lat' dir='ltr'>5W“???</span> 
     </span>
    </p>
   </div>
   <div class='ocr_carea' id='block_1_133' title="bbox 2283 6047 3831 6118">
    <p class='ocr_par' dir='ltr' id='par_1_133' title="bbox 2283 6047 3831 6118">
     <span class='ocr_line' id='line_1_133' title="bbox 2283 6047 3831 6118; baseline -0.017 1"><span class='ocrx_word' id='word_1_1036' title='bbox 2283 6047 2308 6088; x_wconf 63' lang='grc' dir='ltr'>δ</span> <span class='ocrx_word' id='word_1_1037' title='bbox 2331 6051 2467 6102; x_wconf 62' lang='lat' dir='ltr'><strong>Idem</strong></span> <span class='ocrx_word' id='word_1_1038' title='bbox 2485 6053 2698 6114; x_wconf 64' lang='grc' dir='ltr'>ὑπέρτῆς</span> <span class='ocrx_word' id='word_1_1039' title='bbox 2720 6053 2885 6111; x_wconf 60' lang='grc' dir='ltr'>ἀκοῆς.</span> <span class='ocrx_word' id='word_1_1040' title='bbox 2967 6054 3101 6106; x_wconf 71' lang='grc' dir='ltr'>ε’Δίίἱ</span> <span class='ocrx_word' id='word_1_1041' title='bbox 3121 6047 3445 6118; x_wconf 71' lang='grc' dir='ltr'>ἀναγκάζειςὲλ</span> <span class='ocrx_word' id='word_1_1042' title='bbox 3457 6049 3612 6102; x_wconf 75' lang='grc' dir='ltr'>κύσαι,</span> <span class='ocrx_word' id='word_1_1043' title='bbox 3644 6047 3731 6090; x_wconf 82' lang='grc' dir='ltr'>εἰπε</span> <span class='ocrx_word' id='word_1_1044' title='bbox 3749 6047 3831 6094; x_wconf 55' lang='grc' dir='ltr'>μοι·</span> 
     </span>
    </p>
   </div>
  </div>
