4092 6434
233 389 288 445 8|
1246 384 1308 438 IN
1352 384 1527 440 ACTA
1569 383 2095 442 APOSTOLORIISI.
2137 385 2367 444 IIOMII..
2413 387 2499 445 IX.
3472 402 3542 459 82

227 499 362 562 estis,
395 496 612 568 inquit,
647 496 752 566 ﬁlii
781 499 1172 570 prophetarum,
1204 508 1248 552 et
1271 499 1551 552 testamenti
1575 497 1711 568 quod
1729 496 1837 552 άξε-

229 589 381 657 posuit
405 585 580 644 Deus.
605 587 959 656 Testamenti,
991 589 1180 660 inqttit,
1208 589 1335 658 ﬁlii,
1364 587 1414 643 id
1437 596 1540 656 est,
1573 587 1838 644 hacrcdes.

229 680 295 733 Nc
321 679 653 733 viderentur
682 679 834 734 enim
866 681 984 734 haec
1013 695 1076 734 ex
1107 678 1367 735 beneﬁcio
1392 679 1535 734 Petri
1559 678 1839 749 accipere,

231 769 453 824 ostendit
476 769 603 839 jam
639 769 775 825 olim
803 770 910 826 illis
940 772 1042 826 hoc
1082 757 1322 826 debitum
1361 770 1559 838 fuisse,
1590 777 1648 826 ut
1673 768 1843 840 magis

240 862 512 919 crederent
537 863 600 917 id
641 863 759 919 Deo
787 863 1042 934 placitum
1065 878 1207 920 esse.
1247 862 1394 918 Vobis
1423 863 1643 932 primum
1663 861 1802 918 Deus
1821 901 1838 926 ,

244 956 428 1025 inquit,
459 970 593 1008 cum
628 957 925 1010 suscitttssel
945 997 960 1022 ,
991 957 1153 1024 ﬁlium
1183 971 1333 1011 suum
1377 956 1529 1010 misit.
1568 953 1684 1010 Non
1712 954 1844 1010 sim-

249 1048 432 1117 pliciter
463 1047 618 1103 dixit
643 1089 660 1114 ,
689 1047 860 1104 Vobis
887 1049 1031 1104 misit
1072 1047 1264 1102 Filium
1292 1063 1448 1104 suum
1477 1065 1492 1114 ;
1519 1046 1614 1102 scd
1642 1047 1802 1102 etiam
1824 1089 1840 1112 ,

247 1152 348 1210 post
383 1143 902 1210 resurrectionem,
933 1151 991 1198 et
1025 1142 1240 1213 quando
1282 1142 1576 1198 cruciﬁxus
1613 1141 1733 1197 fuit.
1763 1139 1844 1196 Ne

243 1245 480 1305 [marem
510 1236 671 1290 enim
701 1235 877 1306 ipsum
906 1235 1118 1306 quidem
1148 1233 1262 1292 hmc
1287 1235 1535 1307 Iargitum
1561 1250 1702 1300 esse,
1734 1248 1841 1290 non

241 1346 360 1386 vero
387 1329 616 1385 Patrem
641 1370 658 1396 ,
690 1329 814 1385 ideo
846 1328 1049 1384 addidit
1076 1328 1202 1384 illud
1227 1370 1245 1396 ,
1270 1326 1655 1384 Benedicentem
1683 1326 1840 1383 vobis.

239 1426 292 1479 Si
316 1425 460 1480 enim
491 1423 704 1479 l’ratrer
733 1431 912 1479 vester
937 1432 1020 1478 est
1039 1432 1093 1478 et
1122 1422 1390 1480 benedicit
1410 1422 1580 1486 vobis,
1615 1420 1843 1493 promis'

240 1518 318 1571 sio
337 1533 426 1572 res
453 1526 568 1582 est;
603 1516 660 1571 id
689 1527 793 1582 est,
822 1516 1050 1570 Tantum
1078 1516 1250 1582 abest,
1273 1527 1332 1570 ut
1356 1530 1460 1570 non
1482 1514 1844 1571 communice-

247 1611 316 1666 tis
339 1624 462 1665 cum
490 1609 594 1671 his.
625 1619 688 1663 ut
717 1608 877 1663 etiam
902 1623 999 1661 vos
1023 1607 1144 1662 aliis
1177 1615 1425 1662 auctores
1451 1615 1507 1662 et
1529 1605 1695 1662 duces
1722 1619 1842 1660 esse

256 1702 398 1757 velit.
423 1700 499 1755 Ne
521 1701 711 1771 itaque
736 1715 832 1756 vos
868 1710 924 1754 ttt
965 1699 1156 1768 abjecti
1183 1707 1239 1755 et
1274 1698 1540 1769 repudiati
1578 1697 1838 1754 habeatis.

257 1793 321 1848 Et
340 1803 594 1848 conuertat
619 1811 694 1857 se,
715 1793 905 1864 inquit,
928 1793 1268 1863 unusquisque
1284 1791 1346 1846 ab
1367 1792 1730 1862 iniquitatibus.
1754 1790 1843 1847 Sic

245 1901 334 1941 vos
365 1886 695 1953 benedicet,
724 1895 778 1941 et
803 1900 910 1941 non
941 1885 1276 1954 simpliciter.
1306 1885 1487 1955 Ecqua
1519 1885 1635 1940 haec
1673 1884 1841 1940 henc-

240 1979 436 2034 dictio?
460 1979 680 2048 Magna.
713 1978 896 2050 Neque
921 1978 1062 2035 enim
1089 1979 1329 2035 converti
1353 1978 1424 2032 ab
1451 1978 1838 2048 iniquitatibus,

236 2073 363 2128 satis
389 2082 477 2128 est
513 2071 584 2127 ad
633 2072 754 2127 illas
779 2072 1103 2128 solvendas:
1131 2073 1174 2127 si
1201 2081 1382 2128 autem
1417 2071 1486 2127 ad
1527 2071 1839 2128 solvendum

236 2180 336 2218 non
384 2163 598 2220 sufﬁcit
625 2205 644 2231 ,
686 2162 953 2234 quomodo
998 2163 1427 2219 benedictionem
1461 2163 1590 2219 dare
1636 2162 1842 2233 possit?

237 2256 415 2328 Neque
441 2257 598 2311 enim
628 2258 720 2327 qui
767 2256 964 2328 injuste
1008 2256 1147 2326 egit,
1188 2257 1298 2324 jam
1338 2255 1677 2312 hencdicitur
1699 2295 1716 2321 ,
1745 2254 1840 2310 sed

239 2358 586 2418 peccatorum
633 2348 1006 2404 remissionem
1032 2349 1246 2417 accipit.
1277 2347 1407 2403 Illud
1435 2357 1615 2403 autem
1640 2389 1654 2414 ,
1690 2346 1837 2400 Tam-

238 2459 383 2513 quam
411 2458 517 2504 me,
549 2440 657 2496 nisi
679 2441 973 2496 secundum
995 2439 1346 2511 Icgislatiouis
1371 2440 1589 2495 modum
1619 2440 1842 2509 accipia-

243 2544 322 2588 tur
342 2577 358 2602 ,
389 2534 602 2588 nullam
639 2541 815 2603 potest
835 2532 1096 2588 rationem
1126 2532 1344 2588 habere.
1375 2530 1556 2604 Ipsum
1584 2534 1802 2588 audietis
1821 2573 1842 2600 ,

245 2627 439 2696 inquit:
470 2642 652 2695 neque
679 2627 1010 2696 simpliciter,
1038 2625 1274 2689 sed,Erit
1300 2629 1464 2684 omnis
1491 2629 1663 2683 anima
1686 2671 1701 2695 ,
1731 2646 1843 2699 quae

257 2735 352 2771 non
394 2719 610 2773 audierit
649 2721 946 2789 maphetam
960 2719 1125 2784 illum,
1149 2721 1562 2775 exterminabitur
1597 2721 1661 2776 de
1679 2723 1838 2792 plebe.

256 2809 471 2875 Quando
507 2810 636 2864 illos
684 2819 992 2878 peccatores
1024 2809 1300 2878 ostendit,
1353 2811 1588 2882 ipsisque
1631 2814 1840 2869 veniam

247 2902 423 2968 dedit,
455 2902 712 2972 bonaque
744 2903 1020 2971 promisit;
1050 2912 1177 2958 tunc
1215 2904 1454 2960 ostendit
1477 2905 1712 2978 Moysem
1740 2907 1843 2962 hoc

243 2993 412 3063 ipsum
452 2993 682 3048 dixisse.
730 2993 792 3048 Et
837 3009 1077 3065 quaenam
1122 2995 1238 3052 hzec
1289 3000 1669 3068 consequentia
1719 3011 1839 3068 εει,

244 3084 411 3154 Usque
438 3086 512 3138 ad
551 3095 784 3156 tempora
822 3086 1178 3154 restitutionis;
1209 3099 1264 3144 et
1303 3089 1559 3147 inducere
1603 3091 1839 3163 Moysetn

240 3179 539 3245 dicentem,
567 3193 664 3233 eos
691 3179 870 3234 omnia
895 3221 910 3245 ,
943 3195 1061 3249 qua:
1083 3181 1226 3236 dicet
1253 3180 1498 3239 Christus
1519 3225 1536 3250 ,
1567 3183 1843 3241 audituros

234 3288 358 3328 esse
382 3291 396 3339 ;
428 3289 614 3344 neque
643 3274 956 3344 simpliciter
980 3315 993 3338 ,
1022 3275 1114 3329 sed
1142 3290 1263 3330 cum
1293 3276 1518 3332 terribili
1545 3277 1839 3333 commina-

236 3367 430 3421 tione?
462 3366 656 3436 Magna
687 3384 699 3420 :
729 3367 963 3423 ostendit
989 3369 1131 3423 enim
1176 3378 1230 3425 et
1262 3380 1481 3440 propter
1518 3370 1622 3428 hoc
1651 3373 1725 3428 illi
1753 3373 1842 3428 οι»

235 3458 538 3527 temperari
577 3465 850 3527 oportere.
884 3457 1020 3524 Quid
1057 3467 1140 3514 est
1164 3501 1180 3526 ,
1224 3458 1351 3514 Filii
1391 3461 1751 3532 prop/telarum
1795 3474 1843 3520 et

230 3549 579 3603 testamenti?
611 3549 861 3606 Heredes
885 3592 902 3618 ,
941 3540 1300 3608 successores.
1331 3552 1386 3608 Si
1426 3569 1556 3624 ergo
1585 3556 1716 3621 ﬁlii,
1744 3571 1842 3613 cur

231 3659 365 3713 erga
391 3657 487 3697 res
515 3651 750 3708 vestras,
779 3652 838 3698 ut
860 3659 984 3715 erga
1013 3645 1245 3712 alienas,
1273 3645 1449 3703 aﬁ'ecti
1479 3649 1647 3704 estis?
1679 3649 1843 3718 Igitur

233 3734 597 3790 accusatione
643 3734 855 3803 quidem
897 3735 1051 3807 digna
1096 3738 1338 3806 fecistis;
1386 3740 1628 3810 poteritis
1662 3749 1840 3796 tamen

236 3823 457 3880 veniam
493 3825 770 3895 consaqui.
799 3825 999 3883 Deinde
1025 3837 1305 3900 postquam
1329 3829 1442 3887 haec
1467 3830 1696 3898 dixerat,
1718 3833 1843 3902 jure

238 3918 430 3989 adjicit
461 3935 477 3972 :
522 3917 676 3972 Vobis
711 3918 843 3972 misit
880 3918 1018 3975 Deus
1058 3918 1253 3976 Filium
1288 3940 1436 3978 suum
1475 3923 1843 3980 benedicentem

236 4026 352 4063 eos.
383 4008 508 4064 Non
553 4009 704 4075 dicit,
732 4007 1065 4080 Servantem,
1094 4012 1212 4082 sed,
1239 4013 1382 4084 quod
1408 4016 1582 4086 majus
1607 4027 1708 4084 est,
1739 4016 1838 4072 Be-

236 4105 604 4171 nedicmtem;
631 4104 921 4162 ostendens
957 4105 1270 4163 cruciﬁxum
1308 4107 1713 4166 benedicturum
1747 4127 1844 4168 eos

235 4211 407 4262 esse,
457 4196 551 4267 qui
596 4210 655 4250 se
693 4196 1093 4254 cruciﬁxcrunt.
1144 4198 1296 4256 Hune
1344 4216 1474 4274 ergo
1504 4217 1604 4258 nos
1629 4217 1844 4274 quoque

238 4292 531 4346 imitemur
561 4307 576 4343 :
604 4290 875 4360 ejiciamus
897 4293 1130 4349 animam
1157 4297 1553 4366 sanguinariam
1579 4308 1632 4355 et
1659 4301 1841 4356 inimi-

238 4400 389 4440 cam.
420 4384 544 4439 Non
591 4383 785 4440 sufﬁcit
819 4402 926 4442 non
965 4387 1171 4443 ulcisci.
1204 4389 1316 4444 Hoc
1340 4400 1395 4446 et
1434 4392 1489 4446 in
1532 4395 1699 4449 veteri
1727 4395 1843 4466 lege

243 4476 450 4531 factum
481 4484 596 4542 est;
629 4476 722 4532 sed
745 4479 922 4533 omnia
947 4477 1203 4536 faciamus
1233 4497 1330 4552 pro
1357 4483 1444 4549 iis,
1477 4484 1568 4555 qui
1601 4500 1701 4542 nos
1743 4487 1838 4541 lae-

245 4577 437 4624 serunt
462 4609 482 4635 ,
509 4568 662 4639 quasi
689 4583 788 4639 pro
823 4570 1009 4627 amicis
1036 4574 1308 4644 germanis
1331 4615 1347 4640 ,
1377 4575 1531 4646 quasi
1559 4591 1659 4647 pro
1686 4578 1842 4634 nobis

247 4660 403 4728 ipsis.
441 4658 601 4716 Illius
641 4660 935 4720 imitatores
975 4678 1198 4732 sumus,
1244 4666 1389 4724 illius
1430 4668 1711 4740 discipuli,
1751 4673 1841 4743 qui

251 4761 538 4822 postquam
575 4755 858 4812 cruciﬁxus
882 4757 1002 4823 fuit,
1034 4758 1212 4815 omnia
1233 4762 1401 4817 movit
1430 4778 1526 4832 pro
1551 4764 1636 4832 iis,
1661 4766 1753 4837 qui
1781 4782 1842 4822 se

257 4843 648 4909 cruciﬁxerant,
682 4847 1021 4916 etapostolos
1045 4849 1212 4907 misit.
1238 4852 1396 4922 Atqui
1422 4867 1522 4909 nos
1540 4868 1684 4925 saepe
1699 4856 1842 4926 juste

267 4937 519 5002 patimur;
549 4936 643 4992 ille
671 4954 796 4994 vero
832 4943 940 4996 non
976 4943 1136 4998 modo
1164 4943 1358 5013 injuste
1379 4987 1395 5012 ,
1428 4947 1522 5002 sed
1546 4957 1604 5004 et
1628 4950 1790 5020 impie
1821 4970 1836 5008 :

270 5023 651 5086 benefactorem
691 5033 833 5087 enim
855 5075 871 5101 ,
903 5035 994 5106 qui
1033 5036 1167 5092 nihil
1196 5051 1254 5094 se
1280 5039 1524 5110 Iusserat,
1554 5045 1837 5101 cruciﬁxe-

268 5125 414 5170 runt.
456 5117 590 5177 Cur?
613 5121 698 5178 dic
734 5123 864 5179 mihi
889 5144 909 5184 ;
937 5126 1124 5195 gloria:
1161 5131 1358 5184 causa?
1403 5132 1564 5202 Atqui
1604 5134 1716 5205 ipse
1744 5151 1838 5192 eos

259 5207 473 5263 honore
485 5209 762 5269 alliciebat.
781 5215 1100 5282 Quomodo?
1128 5218 1300 5290 Super
1323 5223 1616 5278 cathedram
1645 5225 1834 5297 Moysi,

253 5303 456 5376 inquit,
496 5306 728 5360 sederunt
764 5309 940 5364 scriba:
975 5321 1021 5364 et
1060 5311 1331 5369 Pharisaei.
1363 5315 1546 5370 Omnia
1585 5335 1704 5388 ergo
1727 5336 1840 5390 qute

251 5396 422 5450 dicunt
450 5398 590 5453 vobis
618 5410 670 5453 ut
699 5403 934 5472 faciatis,
965 5405 1118 5472 facile
1136 5422 1156 5460 :
1193 5409 1466 5463 secundum
1493 5427 1648 5481 opera
1673 5423 1841 5469 autem

250 5489 456 5544 illorum
483 5492 635 5548 nolite
656 5495 828 5563 facere
849 5496 1061 5569 (Matth.
1087 5498 1177 5555 25.
1206 5500 1261 5556 2.
1287 5501 1362 5568 5);
1385 5510 1440 5557 et
1458 5518 1644 5559 rursus
1670 5505 1796 5561 alibi
1819 5525 1835 5561 :

259 5578 399 5636 Vade
421 5599 441 5637 :
461 5585 665 5640 ostende
703 5596 751 5642 te
774 5589 1022 5643 sacerdoti
1057 5592 1074 5660 (
1095 5591 1177 5644 Id.
1203 5592 1257 5647 8.
1276 5593 1310 5648 4
1339 5592 1378 5663 ).
1415 5595 1480 5648 Et
1513 5610 1631 5650 cum
1657 5607 1846 5666 posset,

254 5672 370 5729 illos
415 5677 678 5746 perdere,
719 5682 990 5738 servabat.
1037 5682 1190 5739 Ilunc
1233 5685 1392 5756 igitur
1440 5687 1748 5759 imitemur,
1785 5700 1842 5747 et

254 5781 410 5824 nemo
429 5774 722 5846 cuiuspiam
750 5777 821 5833 sit
834 5776 1105 5845 inimicus,
1120 5793 1294 5848 neque
1308 5778 1494 5851 hostis,
1512 5781 1613 5838 nisi
1637 5792 1846 5840 tantum.

256 5857 464 5919 diaboli.

2024 501 2077 556 5.
2107 500 2584 574 Adrersusjurandi
2608 508 3118 565 consuetudiuent.—-—
3129 510 3247 568 Non
3274 527 3462 585 parum
3476 519 3542 573 ad

1952 591 2055 648 hoc
2093 593 2304 651 confert
2345 597 2508 652 etiam
2539 612 2646 654 non
2667 598 2872 670 jurare,
2912 610 2966 656 et
3005 617 3111 657 non
3139 603 3316 660 irasci.
3345 603 3405 661 Si
3432 621 3540 662 non

1951 685 2276 756 irascamur,
2306 704 2481 760 neque
2506 690 2783 748 inimicum
2806 694 3142 752 habebimus.
3165 697 3439 756 Abscinde
3475 700 3544 754 ab

1951 774 2171 834 homine
2188 779 2576 850 juramcntum,
2605 791 2660 838 et
2689 783 2783 839 ira:
2831 786 2946 840 alas
2989 787 3259 855 excidisti,
3289 790 3543 862 illamque

1953 877 2118 924 totam
2147 870 2474 928 exstinxisti.
2501 873 2599 930 Est
2621 875 2765 930 enim
2809 876 2947 931 sicut
2978 888 3169 935 ventus
3217 880 3296 936 ira
3324 882 3542 952 etjura-

1951 973 2192 1018 mentum
2228 965 2244 997 ¹
2277 983 2292 1019 :
2324 965 2550 1023 demitte
2575 967 2714 1031 vela.
2745 969 2890 1025 nulla
2913 970 3014 1026 veli
3048 972 3250 1028 utilitas
3270 1015 3286 1041 ,
3314 975 3359 1029 si
3401 975 3544 1032 desit

1950 1067 2161 1112 ventus.
2191 1057 2248 1114 Si
2274 1073 2405 1130 ergo
2430 1075 2530 1116 nec
2552 1061 2798 1131 juremus
2821 1079 2920 1120 nec
2943 1065 3264 1132 clamemus,
3294 1068 3389 1124 ira:
3409 1085 3538 1126 ner-

1949 1164 2046 1205 vos
2081 1151 2426 1208 succidimus.
2470 1152 2527 1210 Si
2550 1169 2678 1210 vero
2709 1173 2814 1210 non
2842 1157 3084 1222 creditis.
3117 1161 3416 1229 periculum
3459 1163 3541 1219 rei

1947 1241 2125 1308 facite,
2147 1250 2201 1298 et
2235 1257 2349 1300 rem
2378 1244 2457 1301 sic
2484 1259 2544 1301 se
2570 1244 2773 1303 habere
2811 1251 3173 1320 cognoscetis.
3205 1251 3404 1324 Legem
3429 1254 3540 1309 ira-

1949 1332 2126 1388 cnndo
2155 1350 2314 1402 pone,
2339 1344 2398 1390 ut
2423 1352 2493 1392 ne
2514 1353 2768 1409 umquam
2796 1339 2961 1410 juret,
2987 1351 3173 1400 etnon
3215 1359 3352 1416 opus
3375 1345 3543 1403 hahe-

1950 1423 2032 1478 bis
2057 1441 2177 1478 cum
2198 1426 2286 1482 illo
2305 1427 2375 1484 de
2395 1430 2804 1488 mansuetudine
2847 1447 3153 1490 sermonem
3191 1435 3414 1494 habere.
3443 1437 3536 1495 Sic

1951 1522 2116 1570 totum
2149 1517 2440 1586 perlectum
2466 1520 2597 1588 erit;
2638 1531 2693 1576 et
2723 1537 2820 1576 nec
2848 1524 3178 1594 pejerabitis,
3208 1542 3309 1582 nec
3329 1527 3542 1597 jurahi-

1949 1607 2016 1662 lis
2063 1610 2302 1666 omnino.
2351 1610 2598 1678 Nescitis,
2647 1615 2699 1668 in
2730 1625 2928 1684 quanta
2981 1617 3214 1675 absurda
3266 1635 3364 1678 vos
3411 1623 3537 1678 inde

1947 1699 2294 1769 conjiciatis?
2349 1702 2582 1760 Necesse
2611 1705 2753 1761 enim
2771 1716 2875 1770 est,
2923 1717 2981 1762 ut
3025 1709 3240 1766 vinculo
3265 1726 3362 1766 vos
3400 1727 3539 1769 con-

1947 1793 2244 1861 stringatis,
2271 1803 2326 1848 et
2348 1809 2564 1852 omnem
2591 1797 2896 1853 machinam
2937 1799 3237 1857 adhibeatis
3258 1842 3275 1868 ,
3308 1811 3366 1858 ut
3387 1803 3539 1872 quasi

1947 1896 2010 1936 ex
2042 1885 2332 1940 inevitabili
2359 1888 2608 1957 quoniam
2634 1889 2776 1943 malo
2793 1891 3029 1946 animam
3051 1891 3314 1962 eripiatis;
3340 1893 3538 1951 deinde

1946 1990 2095 2042 vero,
2123 1976 2167 2032 si
2193 1992 2298 2032 non
2323 1978 2558 2047 possitis,
2587 1979 2640 2034 in
2665 1979 2872 2047 dolore,
2904 1982 3053 2047 rixis,
3076 1984 3540 2041 exsecrationibus

1946 2067 2186 2138 degetis;
2217 2069 2311 2124 sed
2343 2070 2521 2126 omnia
2575 2070 2768 2127 frustra
2817 2073 3030 2129 cedent.
3089 2073 3256 2143 Igitur
3304 2077 3537 2144 minare,

1948 2161 2266 2229 prtescribe.
2321 2163 2499 2216 omnia
2551 2162 2670 2219 sine
2711 2164 3020 2232 iuramento
3071 2165 3252 2221 I’acito.
3307 2167 3458 2223 Licet
3483 2177 3537 2223 ct

1946 2252 2086 2306 dicta
2106 2261 2161 2308 et
2189 2251 2326 2308 facta
2345 2255 2638 2319 resolvere,
2667 2259 2714 2311 si
2741 2257 2997 2312 volueris.
3017 2257 3108 2314 Sic
3131 2257 3292 2315 hodie
3310 2276 3535 2318 necesse

1945 2353 2049 2409 est,
2080 2355 2136 2400 ut
2163 2346 2315 2402 vobis
2341 2349 2669 2404 mansuetius
2700 2349 3001 2421 loquamur.
3029 2350 3166 2418 Quia
3183 2353 3328 2408 enim
3353 2354 3536 2410 audis-

1948 2436 2036 2500 tis,
2063 2452 2254 2508 magna
2281 2454 2410 2509 pars
2436 2441 2516 2496 rei
2543 2455 2573 2495 a
2595 2441 2749 2497 vobis
2773 2440 3009 2512 perfecta
3037 2453 3140 2499 est.
3168 2445 3281 2516 Age
3309 2446 3380 2502 de
3405 2447 3533 2502 reli-

1945 2545 2072 2598 quo,
2101 2530 2566 2601 eurjuramentum
2589 2533 2857 2589 invectum
2885 2545 2988 2603 est,
3018 2545 3073 2591 ct
3097 2551 3194 2592 cur
3211 2537 3504 2594 admissum
3523 2582 3536 2602 ,

1945 2621 2204 2677 dicamus.
2239 2623 2568 2680 Enarrantes
2622 2626 2894 2696 quomodo
2935 2627 3109 2696 primo
3134 2637 3311 2684 ortum
3342 2631 3447 2696 sit,
3480 2640 3537 2686 et

1945 2713 2160 2784 quando
2208 2724 2263 2770 et
2291 2717 2690 2786 aquibusnam,
2739 2718 3106 2788 obsequentia;
3159 2729 3352 2775 vestrae
3393 2721 3540 2775 vices

1951 2807 2328 2876 rependamus.
2358 2809 2509 2864 Illum
2530 2809 2697 2874 enim,
2726 2811 2815 2880 qui
2844 2818 2991 2867 recte
3015 2812 3145 2881 agit,
3180 2827 3400 2867 necesse
3445 2823 3530 2868 est

1951 2899 2320 2969 phil050phari
2353 2918 2367 2954 :
2405 2900 2495 2970 qui
2526 2901 2764 2956 nondum
2793 2902 2917 2958 talis
2934 2911 3037 2968 est,
3070 2917 3168 2958 nec
3195 2901 3392 2973 dignus
3430 2905 3535 2960 erit

1947 2992 2036 3062 qui
2065 2991 2264 3047 audiat.
2305 2993 2456 3048 Fecit
2480 2994 2610 3048 olim
2639 3003 2793 3064 pacta
2815 2993 2984 3050 multa
3013 2994 3308 3061 Abraham,
3339 3003 3394 3050 et
3415 2995 3528 3051 vic-

1947 3083 2106 3136 timas
2137 3083 2456 3149 immolavit,
2488 3082 2800 3155 hostiasque
2823 3084 3037 3149 obtulit,
3061 3100 3125 3140 ac
3150 3084 3387 3142 nondum
3417 3094 3540 3143 erat

1943 3171 2334 3241 jnramentum.
2367 3172 2521 3230 Unde
2548 3190 2676 3246 ergo
2697 3176 3062 3246 juramcntum
3100 3186 3275 3233 ortum
3299 3176 3486 3233 habuit
3512 3180 3536 3235 ?

1948 3264 2175 3332 Quando
2213 3274 2368 3322 aucta
2397 3276 2523 3322 sunt
2547 3267 2708 3334 mala,
2732 3269 2948 3340 quando
2990 3272 3172 3326 omnia
3220 3285 3314 3326 sus
3357 3272 3536 3342 deque

1949 3358 2088 3412 facta
2111 3367 2257 3426 sunt,
2289 3359 2503 3430 quando
2527 3360 2593 3416 ad
2625 3360 2978 3417 idololatriam
3001 3363 3359 3420 declinarunt.
3382 3364 3535 3421 Tunc

1947 3464 2097 3521 ergo,
2127 3462 2274 3518 tunc,
2298 3467 2418 3507 cum
2442 3453 2706 3509 increduli
2750 3469 2970 3524 prorsus
3005 3466 3208 3523 essent,
3243 3457 3410 3513 Deum
3443 3457 3537 3512 ad-

1946 3543 2206 3599 vocabant
2228 3551 2440 3609 testcm,
2473 3545 2623 3614 quasi
2641 3545 2860 3615 dignum
2886 3545 3150 3602 dictorum
3172 3547 3539 3618 ﬁdcjussorcm

1945 3633 2156 3690 dantes.
2191 3636 2304 3690 Iloc
2331 3635 2473 3692 enim
2503 3645 2589 3692 est
2611 3636 2997 3706 juramcntum,
3032 3637 3327 3707 ﬁdejussio,
3353 3639 3440 3693 ubi
3471 3639 3541 3694 υι›

1947 3740 2158 3780 morum
2201 3726 2604 3798 corruptionem
2627 3727 2758 3785 ﬁdes
2775 3744 2880 3784 non
2905 3729 3148 3785 habetur.
3199 3730 3382 3801 Itaque
3437 3731 3540 3788 hoc

1949 3818 2180 3886 primum
2203 3819 2409 3876 crimen
2453 3819 2686 3891 iurantis
2705 3831 2809 3888 est.
2833 3823 2880 3878 si
2907 3838 3016 3879 non
3044 3823 3294 3881 credatur
3323 3826 3441 3881 sine
3469 3826 3538 3882 ﬁ-

1948 3911 2251 3983 dcjussore,
2283 3921 2341 3970 et
2365 3929 2559 3986 magno
2580 3915 2931 3986 ﬁdejussore:
2961 3920 3087 3988 quia
3116 3919 3263 3975 enim
3299 3918 3443 3975 nulla
3473 3920 3540 3976 Il-

1946 4002 2045 4060 des
2088 4004 2336 4072 habetur,
2368 4022 2478 4062 non
2508 4006 2783 4064 hominem
2815 4010 3097 4080 requirunt
3125 4011 3494 4082 ﬁdejussorem
3520 4053 3538 4080 ,

1946 4095 2042 4152 sed
2098 4097 2289 4153 Deum.
2317 4097 2590 4166 Secundo,
2622 4099 2814 4156 eadem
2837 4116 3054 4172 quoque
3079 4103 3237 4174 culpa
3261 4113 3346 4162 est
3372 4104 3492 4176 ejus
3520 4146 3538 4174 ,

1946 4188 2036 4258 qui
2061 4188 2422 4260 juramcntum
2451 4191 2662 4262 recipit,
2689 4191 2811 4247 siin
2837 4193 3006 4262 pactis
3033 4193 3203 4249 Deum
3224 4194 3292 4250 ad
3315 4195 3539 4266 ﬁdeius-

1947 4281 2154 4336 sionem
2181 4281 2378 4348 trahat,
2396 4291 2452 4338 et
2479 4282 2624 4338 dicat
2647 4298 2752 4339 non
2782 4283 3146 4340 discessurum
3175 4300 3235 4342 se
3257 4285 3361 4341 nisi
3384 4287 3537 4342 illum

1945 4373 2191 4444 accipiat.
2220 4373 2266 4429 0
2295 4373 2564 4446 ingentem
2607 4374 3010 4446 stupiditateml
3039 4391 3074 4432 o
3099 4379 3478 4434 contumeliam
3513 4379 3529 4436 l

1949 4462 2176 4531 Vermis,
2206 4471 2349 4520 terra
2378 4473 2432 4520 et
2457 4465 2595 4520 cinis
2640 4480 2763 4521 cum
2790 4467 2865 4522 sis
2893 4475 3055 4538 atque
3091 4466 3293 4532 fumus,
3349 4469 3532 4526 Domi-

1947 4571 2074 4610 num
2108 4564 2257 4612 tuum
2290 4557 2460 4612 trahis
2488 4555 2556 4611 ad
2584 4555 2984 4627 ﬁdejussionent
3016 4569 3073 4615 ct
3098 4559 3249 4614 illum
3278 4563 3427 4633 cogis
3441 4576 3557 4617 ac-.

1945 4648 2163 4718 cipere?
2193 4647 2288 4703 Dic
2309 4648 2460 4714 mihi,
2491 4649 2535 4704 si
2565 4649 2738 4705 servis
2758 4649 2955 4706 vestris
2979 4651 3118 4708 inter
3135 4667 3194 4708 se
3211 4653 3536 4723 rixantibus,

1947 4755 2046 4795 nec
2068 4739 2170 4795 sibi
2203 4748 2390 4796 mutuo
2417 4741 2785 4810 credentibus,
2829 4742 3034 4800 diceret
3077 4758 3378 4802 conservus
3427 4762 3534 4802 non

1945 4829 2324 4886 discedendum
2349 4846 2471 4888 esse
2499 4831 2671 4888 donec
2699 4835 3002 4890 communis
3031 4834 3284 4892 dominus
3309 4837 3534 4906 ﬁdejus-

1946 4938 2036 4978 sor
2055 4923 2366 4990 accederet;
2392 4939 2572 4980 annon
2593 4925 2743 4982 mille
2759 4927 2943 4998 plagas
2960 4928 3248 4998 acciperet,
3279 4939 3336 4984 ut
3364 4931 3538 4988 disce-

1944 5024 2027 5069 ret
2078 5014 2298 5070 domino
2325 5014 2392 5071 ad
2413 5015 2540 5082 alia,
2573 5031 2680 5072 non
2711 5017 2779 5072 ad
2809 5017 2924 5073 lucc
2949 5018 3024 5074 uti
3051 5022 3345 5090 Oportcrc?
3397 5023 3545 5089 Quid:

1943 5105 2066 5161 dico
2091 5105 2458 5162 conservum?
2485 5123 2608 5162 nam
2631 5109 2678 5163 si
2706 5108 2880 5164 virum
2937 5111 3389 5168 vcnerabiliorem
3433 5115 3536 5170 cli—

1943 5207 2130 5270 geret,
2159 5213 2339 5255 annon
2368 5197 2420 5253 id
2447 5199 2540 5254 ille
2563 5214 2662 5270 pro
2686 5201 3012 5258 contumelia
3041 5202 3260 5259 haberet
3288 5205 3311 5256 ‘l
3341 5206 3408 5257 At
3435 5219 3546 5273 ego

1947 5293 2095 5359 nolo,
2124 5291 2358 5362 inquies.
2388 5293 2556 5349 Recte
2585 5310 2597 5347 :
2639 5308 2770 5365 ergo
2801 5310 2975 5366 neque
3003 5295 3154 5352 illum
3175 5311 3335 5368 cogas
3365 5313 3380 5350 :
3409 5312 3542 5351 nam.

1943 5384 2047 5442 hoc
2077 5385 2136 5441 ﬁt
2161 5384 2321 5441 etiam
2341 5385 2482 5458 apud
2502 5388 2746 5444 homines
2763 5429 2782 5458 ,
2803 5388 2848 5444 si
2869 5387 2992 5460 quis
3017 5388 3247 5456 dixerit,
3273 5388 3424 5444 Illum
3455 5395 3534 5442 ta-

2011 5520 2029 5552 ι
2054 5519 2207 5590 quta
2233 5519 2389 5592 Savil.
2416 5522 2684 5592 legendum
2709 5530 2862 5579 esset.
2888 5527 2972 5574 Est
3009 5521 3137 5591 enim
3165 5521 3305 5592 quasi
3327 5521 3550 5585 spiritus.

1947 5581 2037 5653 ira:
2054 5581 2406 5656 juramcntum.
2447 5581 2577 5656 Haec
2605 5598 2753 5647 porro
2794 5599 2894 5656 non
2915 5581 3486 5656 parumnintricala'sunt
3516 5603 3530 5614 ο

1940 5641 2218 5708 jnramenta
2246 5641 2367 5692 dicit
2394 5657 2505 5693 esse
2534 5641 2636 5694 alas
2664 5653 2715 5708 et
2744 5648 2850 5693 vela
2885 5641 2988 5705 ira},
3018 5645 3198 5708 quibus
3226 5645 3436 5696 sublatis
3461 5647 3544 5698 ira,

1946 5707 2168 5774 tollitur;
2191 5706 2779 5774 jnramentaenimnirati
2820 5714 2993 5774 erant,_
3016 5706 3069 5756 et
3102 5706 3526 5774 iramaugcbant.

1946 5767 2130 5815 Verum
2154 5773 2207 5827 ut
2228 5764 2277 5813 in
2299 5765 2592 5816 Praal‘atioue
2618 5767 2851 5827 diximus,
2875 5764 2923 5816 in
2945 5764 3082 5818 hisce
3103 5764 3543 5822 HomiliisVInulw

1943 5835 2058 5898 sunt
2091 5825 2393 5898 reticentia};
2417 5829 2496 5898 ubi
2540 5843 2623 5878 res
2646 5825 3080 5898 itacnuntiantur,
3107 5839 3161 5882 ut
3196 5830 3389 5882 nonnisi
3415 5846 3540 5882 cum-

1945 5890 2115 5941 Iabore
2149 5896 2205 5940 ct
2234 5887 2558 5941 meditatione
2592 5889 2832 5957 explicari
2856 5889 3064 5953 possint.
