4092 6434
649 400 720 463 ειδ
1431 397 1484 452 S.
1525 395 1798 451 JUANMS
1835 383 2314 446 CllllYSOSTOMl
2353 391 2673 450 ARCIIIEP.
2715 397 3247 458 CONSTANTINOP.
3885 408 3944 466 8.7,

651 521 754 573 lem
785 517 855 571 do
905 515 1294 586 fldejussorem,
1326 522 1379 567 tu
1405 526 1512 565 non
1549 508 1832 580 permittis.
1863 504 2002 573 Quid
2025 503 2185 572 igitur
2211 501 2236 554 ?

650 610 886 679 inquies,
920 609 1209 678 perdamne
1228 605 1370 675 quod
1413 601 1582 658 dedi?
1621 601 1738 655 Non
1784 599 1888 654 hoc
1938 596 2059 651 dico
2091 611 2106 658 ;
2141 593 2237 648 sed

653 717 851 772 queror
880 699 1021 770 quod
1055 699 1220 753 Deum
1243 697 1446 752 afficias
1487 693 1832 750 contumelia.
1880 690 2112 760 Ideoque
2143 703 2189 742 ts
2219 729 2235 753 ,

645 794 735 864 qui
765 792 944 863 cogit,
979 789 1341 846 iuevitabilius
1369 785 1689 858 supplicium
1711 781 1948 850 habebit,
1975 794 2134 850 quam
2166 779 2231 845 is,

643 886 732 954 qui
760 885 906 954 jurat
929 900 943 936 :
968 882 1322 950 similiterque
1352 879 1418 943 is,
1445 878 1533 948 qui
1575 876 1790 930 nemine
1813 871 2120 944 postulante
2141 869 2233 940 ju-

645 984 749 1028 rat.
769 973 1027 1044 Quodque
1064 972 1281 1043 gravius
1304 979 1408 1036 est,
1460 967 1652 1036 singuli
1684 965 1771 1021 vel
1809 980 1904 1034 pro
1933 978 2039 1017 uno
2068 961 2232 1016 obolo

645 1066 845 1135 iurant,
877 1080 974 1135 pro
996 1079 1155 1135 parva
1185 1079 1263 1128 re,
1295 1075 1392 1131 pro
1417 1060 1702 1131 iniustitia.
1747 1058 1872 1113 Haec
1901 1071 2052 1121 vero,
2107 1069 2228 1109 cum

645 1157 763 1210 sine
784 1155 1019 1226 perjurio
1059 1155 1274 1224 agitur:
1325 1166 1446 1206 nam
1501 1151 1548 1207 si
1601 1147 1894 1220 pcrjurium
1934 1156 2228 1217 sequatur,

645 1249 821 1301 omnia
849 1263 941 1302 sus
967 1247 1144 1316 deque
1186 1254 1490 1309 vertuntur,
1512 1252 1570 1300 ct
1600 1242 1654 1298 in
1681 1255 1844 1298 causa
1869 1249 1994 1294 sunt
2027 1249 2134 1292 tam
2187 1239 2231 1292 is

645 1342 734 1411 qui
757 1342 984 1412 accepit,
1011 1355 1170 1412 quam
1199 1340 1245 1395 is
1273 1340 1363 1410 qui
1391 1339 1560 1394 dedit.
1589 1339 1677 1402 At,
1726 1336 1956 1407 inquies,
1986 1333 2228 1406 quaedam

643 1441 767 1488 sunt
791 1447 911 1503 qua:
938 1433 1272 1502 ignorantur.
1301 1431 1496 1485 Verum
1525 1429 1640 1484 haec
1669 1429 1715 1484 si
1741 1428 2064 1498 prawideas,
2097 1425 2229 1480 nihil

644 1539 844 1578 temere
866 1524 1029 1579 facies
1056 1542 1070 1578 :
1099 1524 1142 1578 si
1167 1523 1295 1594 quid
1324 1537 1454 1578 vero
1481 1522 1812 1592 negligenter
1841 1534 1966 1590 agas
1988 1560 2004 1585 ,
2035 1533 2064 1572 a
2090 1517 2228 1588 teip-

642 1631 702 1668 so
733 1629 920 1684 pinnas
968 1615 1142 1685 exige.
1192 1614 1381 1668 Melius
1405 1621 1491 1668 est
1528 1613 1607 1667 sic
1626 1611 1825 1667 damno
1852 1611 2016 1676 affici,
2067 1623 2228 1680 quam

642 1706 746 1758 alio
777 1705 959 1762 modo.
991 1706 1088 1762 Dic
1109 1706 1253 1762 enim
1274 1707 1424 1771 mihi,
1462 1705 1630 1760 trahis
1651 1705 1956 1776 quempiam
1983 1703 2050 1758 ad
2071 1703 2226 1773 jura-

642 1806 912 1863 mentum,
950 1797 1074 1868 quid
1102 1797 1466 1866 exspectans?
1503 1810 1631 1851 num
1653 1795 1797 1866 quod
1835 1795 2082 1866 pejeret?
2121 1793 2228 1850 Sed

642 1889 745 1944 hoc
771 1900 1026 1944 extrema:
1051 1899 1135 1944 est
1166 1890 1519 1960 insipientize;
1579 1890 1634 1944 in
1683 1898 1844 1960 caput
1897 1899 2045 1943 tuum
2094 1887 2227 1942 ultio

644 1989 886 2035 vertetur
915 1999 927 2034 :
967 1981 1158 2036 melius
1183 1991 1301 2036 erat
1331 1982 1588 2051 pecunias
1630 1989 1755 2037 tuas
1797 1980 1974 2050 perire
1998 2019 2016 2048 ,
2065 1994 2224 2050 quant

640 2072 810 2126 illum.
842 2069 951 2126 Cur
991 2073 1092 2127 hoc
1118 2071 1186 2127 ad
1213 2071 1471 2127 damnum
1516 2081 1668 2128 tuum
1695 2080 1749 2127 et
1799 2071 1894 2127 Dei
1940 2080 2224 2126 contume-

641 2165 768 2218 liam
800 2163 978 2218 facis?
1005 2165 1132 2220 llaec
1177 2166 1356 2220 anima
1406 2165 1533 2220 ferre
1563 2173 1726 2221 estet
1761 2163 1910 2234 impii
1949 2163 2071 2218 viri.
2118 2163 2226 2218 Sed

636 2273 817 2326 spero,
850 2257 999 2312 illum
1033 2273 1138 2312 non
1168 2258 1532 2329 pejcraturum
1559 2271 1703 2314 esse.
1729 2257 1872 2328 Ergo
1892 2257 2054 2312 etiam
2096 2255 2217 2311 sine

634 2352 940 2424 juramento
964 2352 1147 2406 crede.
1180 2351 1289 2406 Sed
1334 2351 1486 2406 multi
1523 2361 1670 2418 sunt,
1703 2351 1933 2421 inquies,
1985 2350 2079 2420 qui
2111 2365 2216 2405 non

634 2445 792 2514 jurati
827 2445 1074 2500 fraudare
1103 2445 1300 2500 audent
1329 2487 1344 2512 ,
1371 2445 1536 2515 jurati
1583 2459 1759 2501 secus.
1793 2444 2046 2515 'l‘eipsum
2079 2445 2225 2499 deci-

635 2538 738 2606 pis,
770 2554 803 2590 o
833 2539 1014 2592 homo.
1045 2539 1146 2604 Qui
1174 2538 1336 2592 furari
1363 2548 1416 2593 et
1443 2539 1745 2607 proximum
1773 2536 1972 2593 laadere
1997 2536 2219 2604 didicit,

631 2645 775 2699 smpe
790 2630 1152 2699 juramentum
1179 2630 1340 2686 etiam
1373 2629 1736 2696 conculcabit;
1765 2628 1811 2686 si
1838 2637 2016 2684 autem
2042 2628 2224 2698 jurare

633 2731 907 2786 vereatur,
956 2723 1128 2776 multo
1165 2722 1334 2789 magis
1368 2721 1568 2791 injuste
1603 2736 1761 2790 agere
1788 2719 2077 2774 verebitur.
2116 2718 2220 2774 Sed

634 2813 831 2868 invitus
859 2813 961 2868 hoc
990 2814 1230 2883 patitur?
1262 2813 1402 2884 Ergo
1433 2814 1586 2868 venia
1632 2813 1844 2884 dignus.
1884 2813 1990 2868 Sed
2019 2813 2222 2868 relictis

629 2903 738 2957 illis
763 2902 1068 2958 forensibus
1089 2903 1430 2973 juramentis,
1453 2904 1582 2973 quid
1605 2903 1836 2958 dehisce
1861 2905 2078 2958 dicam?
2111 2905 2220 2958 Illic

629 2997 761 3050 nihil
785 2996 892 3051 tale
909 2997 1092 3051 dicere
1118 3005 1273 3066 potes
1304 3013 1317 3050 :
1349 3011 1470 3050 nam
1511 3012 1607 3067 pro
1641 2997 1828 3052 decem
1864 2997 2037 3052 obolis
2068 2996 2220 3066 jura-

630 3099 807 3143 menta
832 3088 962 3143 fiunt
981 3099 1035 3144 et
1057 3087 1457 3160 perjuria.Quia
1478 3087 1622 3140 enim
1645 3087 1842 3142 fulmen
1864 3103 2095 3159 superne
2113 3103 2219 3143 non

629 3181 877 3248 mittitur,
901 3183 1022 3251 quia
1047 3197 1154 3234 non
1183 3183 1361 3234 omnia
1385 3179 1786 3248 subvertunUtr,
1801 3191 1911 3235 stas
1938 3181 2102 3236 Deum
2125 3182 2222 3235 ob-

627 3273 915 3342 stringens.
931 3271 1043 3340 Qua
1071 3271 1139 3327 de
1164 3272 1349 3328 eausa?
1373 3269 1443 3327 Ut
1462 3271 1629 3334 olera,
1653 3271 1938 3326 utcalceos
1965 3271 2214 3342 accipias,

629 3381 727 3435 pro
757 3365 965 3420 modica
988 3365 1211 3436 pecunia
1241 3366 1291 3418 in
1314 3374 1504 3421 testem
1535 3364 1682 3420 illum
1707 3365 1957 3421 advocas.
1979 3366 2215 3437 Ne,qnia

628 3476 732 3513 non
768 3459 1048 3529 plectimur
1073 3501 1088 3524 ,
1120 3469 1367 3528 putemus
1391 3474 1489 3515 nos
1519 3475 1624 3515 non
1655 3475 1879 3531 peccare
1903 3479 1916 3515 :
1945 3463 2045 3516 hoc
2073 3463 2212 3518 divi-

628 3568 710 3605 nae
755 3551 1141 3606 misericordize
1168 3561 1250 3606 est
1274 3593 1288 3620 ,
1318 3566 1424 3607 non
1467 3560 1664 3607 nostra:
1697 3553 1930 3609 virtutis.
1963 3554 2089 3609 Jnra
2119 3570 2215 3625 per

626 3658 846 3713 puerum
881 3651 1027 3697 tuum
1060 3661 1074 3706 ;
1123 3644 1239 3711 jura
1270 3659 1366 3715 per
1396 3647 1624 3716 teipsum
1651 3662 1665 3711 ;
1696 3645 1782 3702 dic
1814 3663 1828 3700 :
1859 3647 1947 3702 Sic
1966 3663 2032 3702 ne
2059 3649 2214 3702 lictor

627 3738 800 3790 adstct
835 3736 1095 3790 lateribus
1118 3737 1271 3791 meis.
1310 3735 1418 3792 Sed
1449 3736 1624 3792 times.
1650 3736 1929 3793 Lateribus
1949 3755 2078 3808 ergo
2107 3739 2211 3796 tuis

625 3828 784 3881 vilior
812 3837 892 3883 est
923 3829 1083 3893 Deus,
1112 3838 1166 3883 et
1189 3830 1366 3898 capite
1411 3838 1505 3884 tuo
1529 3829 1832 3898 abjeetior?
1863 3831 2033 3886 Dicito
2061 3849 2073 3884 :
2120 3832 2213 3887 Sic

625 3933 692 3971 ne
719 3932 977 3972 excaecer.
1019 3921 1090 3973 At
1137 3918 1390 3973 Christus
1424 3919 1496 3973 ita
1525 3919 1684 3975 nobis
1738 3924 1946 3989 parcit,
1981 3931 2038 3976 ut
2068 3931 2213 3978 vetet

625 4009 785 4061 etiam
833 4023 930 4078 per
959 4010 1235 4078 proprium
1271 4019 1432 4079 caput
1460 4011 1645 4078 jurare
1675 4029 1688 4066 :
1721 4026 1820 4066 nos
1846 4026 1976 4067 vero
2004 4013 2074 4067 ita
2103 4027 2209 4068 non

625 4101 895 4169 parcimus
923 4101 1105 4173 gloria:
1129 4102 1252 4168 Dei,
1281 4111 1338 4156 ut
1364 4101 1558 4172 ubique
1576 4103 1750 4174 ipsum
1769 4104 2060 4160 trahamus.
2088 4105 2211 4162 Nes-

621 4192 762 4257 citis,
789 4191 914 4262 quid
935 4193 1001 4246 sit
1029 4194 1187 4258 Deus,
1215 4201 1271 4249 et
1299 4208 1406 4263 quo
1423 4208 1519 4248 ore
1539 4193 1884 4250 advocandus
1909 4195 1998 4250 sit.
2031 4195 2139 4252 Sed
2163 4197 2207 4252 si

581 4274 588 4281 ’
623 4283 693 4338 de
709 4283 828 4338 viro
863 4285 1060 4339 virtute
1107 4283 1253 4339 claro
1299 4285 1614 4354 loquamur,
1656 4285 1885 4340 dicimus
1911 4327 1926 4352 ,
1967 4285 2108 4341 Lava
2148 4302 2210 4346 os

625 4385 806 4443 tuum,
837 4386 892 4430 et
915 4376 994 4431 sic
1013 4387 1415 4438 commemora;
1449 4391 1592 4432 nunc
1618 4392 1748 4432 vero
1793 4379 2083 4447 pretiosum
2115 4393 2211 4432 ao-

624 4483 746 4522 tnen
773 4510 788 4533 ,
821 4468 960 4538 quod
990 4478 1076 4524 est
1099 4483 1260 4538 super
1287 4485 1447 4524 omne
1473 4486 1667 4526 nomen
1693 4514 1710 4540 ,
1743 4472 1989 4529 mirabile
2013 4473 2069 4528 in
2094 4473 2211 4527 titti-

622 4573 775 4612 versa
802 4569 964 4626 terra,
988 4560 1130 4629 quod
1159 4561 1440 4618 audientes
1468 4561 1744 4620 daemones
1793 4563 2206 4633 exhorrescunt,

625 4659 830 4705 temere
859 4644 1350 4710 circutntrahimus.

694 4741 745 4796 6.
788 4743 831 4797 0
856 4745 1296 4801 consuetudinem
1322 4749 1334 4804 !
1366 4747 1434 4802 ab
1454 4747 1543 4804 illa
1571 4750 1716 4805 enim
1744 4753 2073 4821 contemptui
2104 4762 2206 4808 est.

625 4837 764 4891 Sane
789 4838 832 4890 si
875 4838 925 4892 in
956 4839 1123 4893 sacris
1159 4840 1364 4895 aedibus
1389 4841 1552 4896 alicui
1592 4845 1968 4900 necessitatem
1996 4846 2210 4917 jurandi

625 4927 982 4996 imposueris,
1017 4931 1087 4984 ita
1119 4932 1343 4986 affectus
1371 4947 1430 4988 es
1468 4949 1532 4990 ac
1567 4935 1610 4988 si
1641 4935 1966 4992 horrendum
2019 4939 2211 4995 feceris

619 5021 1002 5090 juramentum.
1032 5025 1188 5096 Atqui
1211 5042 1308 5080 cur
1335 5037 1440 5081 tam
1475 5028 1798 5084 horrendum
1826 5031 2035 5087 videtur
2055 5048 2206 5102 esse,

623 5116 727 5170 nisi
749 5116 872 5185 quia
903 5117 993 5171 illo
1008 5119 1219 5187 quidem
1246 5120 1400 5176 facile
1421 5124 1639 5189 utimur,
1671 5123 1776 5179 hoc
1795 5140 1924 5180 vero
1949 5126 2169 5182 minime
2192 5130 2213 5182 ἶ)

621 5223 800 5263 annon
847 5208 1069 5265 horrere
1102 5222 1374 5281 oporteret
1411 5230 1532 5270 cum
1570 5217 1878 5273 nominatur
1917 5218 2102 5275 Deus?
2146 5221 2212 5274 At

622 5302 764 5372 apud
795 5302 1012 5358 Judaaos
1041 5304 1114 5358 ita
1147 5308 1512 5364 venerandum
1534 5319 1649 5366 erat
1679 5326 1872 5368 nomen
1901 5313 2038 5384 ejus,
2065 5325 2122 5368 ut
2159 5314 2209 5369 in

616 5396 833 5451 laminis
870 5395 1268 5452 dcscribcrelur
1300 5399 1490 5470 (Exod.
1525 5402 1612 5456 '59.
1651 5400 1780 5472 29),
1809 5411 1864 5458 et
1909 5405 2107 5460 nemini
2151 5405 2215 5459 li-

622 5497 772 5541 cerrl
799 5489 980 5545 literas
1007 5489 1136 5544 istas
1171 5491 1309 5544 ferre
1331 5533 1346 5558 ,
1380 5493 1479 5546 nisi
1521 5492 1622 5548 soli
1653 5509 1864 5552 summo
1903 5496 2208 5561 sacerdoti;

626 5593 768 5631 nunc
804 5593 980 5636 autem
1016 5593 1120 5637 tam
1165 5583 1319 5638 facile
1357 5601 1552 5640 nomen
1597 5586 1712 5656 ejus
1759 5587 2208 5644 circumferimus.

627 5668 684 5723 Si
712 5671 1024 5741 simpliciter
1044 5678 1324 5733 nominare
1357 5679 1520 5734 Deum
1543 5694 1649 5735 non
1681 5681 1930 5736 omnibus
1954 5683 2030 5738 fas
2060 5694 2208 5751 erat;

631 5761 804 5826 ipsum
844 5764 896 5814 in
937 5771 1127 5822 teStem
1153 5785 1346 5824 vocare
1370 5812 1386 5838 ,
1418 5780 1634 5840 quanta:
1663 5774 1901 5830 audacice
1930 5819 1943 5843 ,
1979 5791 2165 5846 quaeso
2194 5820 2208 5844 .

629 5855 816 5923 quanti
857 5855 1053 5916 furoris
1083 5864 1199 5918 est!
1249 5865 1302 5922 Si
1349 5870 1490 5924 enim
1534 5869 1714 5940 potius
1751 5871 1928 5928 omnia
1977 5871 2211 5942 abjiccrc

2343 515 2639 577 oporteret,
2664 525 2842 568 annon
2866 513 3102 572 libenter
3125 518 3433 590 relinquere
3468 535 3571 591 par
3594 526 3788 578 esset?
3816 525 3946 582 Ecce

2339 595 2483 666 dico,
2507 609 2560 657 et
2587 603 2884 660 testificor:
2911 607 3205 665 Emendate
3219 609 3535 680 juramenta
3569 614 3661 668 illa
3685 614 3942 680 forensia;

2340 703 2450 744 non
2493 689 2932 764 obtemperantes
2975 709 3152 755 autem
3189 717 3378 759 omnes
3428 705 3502 760 ad
3544 721 3636 761 me
3676 708 3941 766 adducite.

2341 777 2483 837 Ecce
2507 783 2658 839 vobis
2685 789 3042 854 prasentibus
3077 790 3286 862 impero
3325 795 3392 850 iis
3413 836 3431 863 ,
3467 795 3567 866 qui
3597 797 3670 852 ad
3707 800 3943 857 minis“:-

2339 870 2478 930 rium
2505 883 2630 930 sunt
2653 875 2910 934 domuum
2933 882 3214 952 orationis,
3255 885 3449 943 hortor
3476 896 3535 944 et
3564 890 3726 946 edico
3745 933 3761 958 ,
3791 899 3938 952 nemi-

2339 962 2395 1018 ni
2419 963 2582 1023 licere
2603 977 2804 1026 temere
2823 971 3040 1041 jurare;
3071 975 3179 1032 imo
3204 994 3378 1051 neque
3407 981 3527 1037 alio
3549 986 3748 1053 quovis
3769 989 3937 1044 modo.

2336 1054 2422 1143 Ad
2450 1071 2535 1112 me
2559 1073 2688 1131 ergo
2715 1061 2946 1119 ducatur
2972 1107 2986 1130 ,
3017 1069 3260 1139 quisquis
3283 1071 3393 1137 sit,
3425 1074 3560 1143 quia
3609 1074 3727 1134 haec
3771 1082 3936 1137 omnia

2335 1139 2404 1194 ad
2445 1155 2543 1196 nos
2571 1159 2741 1214 usque
2763 1146 2964 1203 deferri
2990 1161 3240 1221 oportet,
3287 1169 3351 1211 ac
3379 1139 3688 1228 si_pueruli
3733 1166 3934 1225 essetis.

2338 1231 2491 1288 Absit
2520 1241 2580 1289 ut
2620 1234 2704 1291 ita
2735 1253 2824 1294 res
2848 1239 2938 1294 sit.
2969 1241 3152 1298 Pudor
3170 1245 3314 1300 enim
3337 1257 3466 1312 est,
3501 1249 3761 1309 si‘adhuc
3785 1254 3932 1311 disci-

2336 1321 2480 1390 plina
2507 1327 2731 1396 egeatis.
2784 1329 2921 1386 Num
2967 1349 3173 1390 sacram
3222 1353 3472 1396 mensam
3507 1350 3738 1414 tangere
3783 1348 3930 1403 audes

2334 1431 2442 1473 non
2467 1418 2737 1478 initiatus?
2760 1422 2865 1481 Sed
2893 1426 3032 1496 quod
3056 1429 3205 1500 pejus
3228 1440 3331 1499 est,
3364 1441 3423 1488 tu
3457 1433 3718 1493 initiatus
3738 1453 3925 1495 sacram

2335 1525 2575 1568 mensam
2602 1524 2819 1587 tangere
2854 1519 3043 1587 audes,
3077 1539 3235 1592 quam
3267 1539 3366 1581 nec
3394 1529 3661 1585 omnibus
3691 1535 3921 1588 sacerdo-

2336 1602 2478 1660 tibus
2507 1614 2725 1677 tangere
2747 1609 2872 1667 licet
2896 1651 2911 1676 ,
2941 1622 2995 1666 et
3026 1614 3104 1670 sic
3124 1615 3327 1682 jurare.
3359 1617 3431 1672 Et
3461 1628 3521 1674 tu
3548 1621 3768 1691 quidem
3793 1628 3920 1695 pueri

2333 1705 2497 1766 caput
2521 1712 2627 1753 non
2659 1708 2908 1772 tangeres
2931 1717 3204 1774 egressus,
3233 1717 3289 1763 et
3316 1724 3575 1766 mensam
3598 1719 3773 1783 tangis
3792 1757 3808 1782 ,
3839 1732 3921 1772 ne-

2331 1802 2438 1858 que
2462 1787 2800 1848 exborrescis
2827 1809 2929 1852 nec
2950 1796 3242 1855 formidas?
3261 1802 3341 1856 Ad
3363 1818 3459 1860 me
3483 1805 3624 1862 tales
3646 1809 3917 1866 adducito:

2331 1893 2433 1950 ego
2455 1878 2714 1950 judicium
2745 1885 2911 1941 feram
2937 1928 2952 1954 ,
2981 1896 3038 1943 et
3061 1889 3249 1946 ambos
3282 1893 3597 1964 gaudentes
3640 1903 3915 1958 remittam.

2330 1971 2484 2040 Quod
2513 1975 2790 2032 volueritis
2813 2018 2829 2046 ,
2857 1978 3055 2048 facite;
3097 1982 3268 2055 legem
3301 2002 3474 2056 pono,
3511 2005 3583 2046 ne
3613 1994 3826 2050 omnino
3844 1996 3917 2066 juo

2330 2075 2498 2155 retur.
2520 2066 2650 2135 Quae
2679 2070 2868 2125 salutis
2892 2087 3018 2142 spes
3035 2076 3113 2131 sic
3139 2077 3296 2134 nobis
3316 2082 3506 2137 omnia
3534 2087 3914 2155 pessumdanti-

2329 2154 2470 2211 bus?
2495 2157 2617 2214 ideo
2643 2162 2983 2231 syngraphze,
3015 2165 3138 2222 ideo
3158 2169 3421 2240 symbolae
3441 2213 3460 2240 ,
3490 2154 3550 2230 ut
3579 2185 3722 2232 tuam
3751 2179 3912 2235 immo

2329 2248 2410 2303 les
2429 2250 2662 2306 animam
2689 2252 2713 2306 ?
2738 2255 2866 2323 quid
2898 2265 3101 2313 tantum
3126 2260 3374 2334 lucraris,
3408 2279 3683 2338 quantum
3708 2273 3911 2342 perdis?

2330 2341 2638 2412 Pejeravit?
2681 2345 2967 2406 Perdidisti
3005 2361 3060 2406 et
3110 2354 3260 2409 illum
3290 2367 3345 2412 et
3375 2360 3639 2431 teipsum.
3681 2363 3781 2420 Sed
3819 2382 3908 2421 non

2329 2435 2591 2505 pejeravit
2611 2437 2632 2491 ?
2653 2437 2831 2527 filiam
2867 2441 2944 2496 sic
2979 2445 3278 2513 perdidisti,
3308 2451 3400 2519 qui
3424 2456 3675 2524 coegeris
3696 2471 3904 2527 pracep-

2327 2533 2440 2618 tum
2464 2531 2780 2601 transgredi.
2813 2533 2965 2590 Hunc
2991 2537 3240 2594 morbum
3262 2541 3330 2598 ab
3345 2545 3536 2601 anima
3561 2549 3903 2618 expellamus;

2328 2617 2543 2673 interim
2579 2637 2608 2674 a
2650 2622 2766 2676 foro
2796 2622 2943 2678 illum
2972 2626 3251 2696 ejiciamus
3273 2673 3289 2697 ,
3320 2648 3350 2688 a
3388 2617 3901 2696 tabernisimercato-

2326 2725 2467 2777 rum,
2494 2720 2550 2767 et
2571 2727 2601 2767 a
2623 2713 2846 2784 reliquis
2866 2715 3097 2776 officinis
3123 2738 3136 2774 :
3165 2723 3340 2794 major
3359 2729 3526 2784 nobis
3557 2730 3682 2785 hinc
3706 2747 3902 2802 provenc

2328 2813 2412 2857 tus
2437 2805 2560 2858 erit.
2589 2804 2669 2860 Nc
2699 2807 2898 2877 putetis
2940 2825 3036 2880 per
3084 2820 3581 2886 transgressionem
3623 2821 3895 2879 divinarum

2327 2895 2502 2967 legum
2546 2913 2633 2954 res
2679 2901 2838 2972 hujus
2879 2906 3001 2961 vita:
3042 2917 3188 2964 recte
3222 2909 3406 2981 dirigi.
3441 2915 3515 2969 At
3565 2932 3672 2970 non
3711 2917 3890 2984 credit,

2325 2989 2554 3060 inquies.
2587 2991 2719 3048 Nam
2744 2995 2848 3052 hoc
2873 3013 2974 3070 ego
2995 2999 3062 3056 ab
3085 3001 3352 3072 aliquibus
3375 3006 3566 3064 audivi
3599 3025 3612 3061 :
3643 3007 3750 3064 Nisi
3773 3008 3893 3062 mille

2321 3083 2621 3153 juramenta
2651 3087 2943 3158 proferam,
2975 3107 3080 3147 non
3109 3095 3314 3151 credet.
3340 3096 3425 3152 Tu
3460 3099 3516 3154 in
3542 3115 3701 3156 causa
3718 3115 3792 3168 es,
3821 3100 3893 3169 qui

2326 3185 2433 3230 tam
2463 3175 2618 3234 facile
2639 3178 2790 3250 juras
2815 3198 2828 3235 :
2864 3196 2988 3238 nam
3013 3184 3059 3239 si
3084 3184 3187 3242 hoc
3216 3202 3324 3244 non
3345 3198 3520 3261 esset,
3553 3192 3648 3249 sed
3670 3190 3891 3248 omnibus

2323 3279 2505 3326 notum
2529 3282 2673 3329 esset
2701 3283 2753 3332 te
2781 3292 3070 3350 numquam
3101 3281 3302 3352 jurare,
3327 3286 3502 3343 crede
3528 3287 3658 3343 mihi
3677 3287 3856 3344 dicenti
3875 3326 3889 3352 ,

2320 3364 2404 3418 vel
2435 3364 2672 3422 innuenti
2703 3369 2796 3424 tibi
2826 3373 2993 3444 magis
3015 3376 3343 3443 crederetur,
3378 3396 3545 3451 quam
3570 3382 3635 3436 iis
3658 3383 3742 3452 qui
3764 3381 3891 3435 mille

2313 3457 2613 3526 juramenta
2643 3461 2922 3520 devorant.
2944 3467 3076 3522 Nam
3099 3471 3206 3537 cui,
3232 3486 3444 3541 quam),
3477 3476 3646 3545 magis
3670 3474 3890 3538 creditis.

2319 3549 2447 3603 tnihi
2476 3567 2582 3607 non
2606 3553 2808 3623 juranti
2830 3597 2846 3626 ,
2876 3573 2942 3612 an
2965 3558 3316 3628 jurantibus?
3342 3564 3461 3620 Sed
3492 3577 3569 3632 tn,
3604 3566 3887 3638 inquies,cs

2317 3641 2567 3712 princeps
2594 3653 2651 3699 et
2677 3647 3010 3718 epise0pus?
3037 3649 3172 3718 Quid
3203 3653 3361 3724 igitur
3391 3698 3408 3719 ,
3439 3657 3486 3711 si
3515 3657 3792 3715 ostendero
3814 3669 3887 3709 me

2317 3749 2423 3789 non
2451 3735 2553 3792 hoc
2580 3739 2753 3794 solum
2780 3756 2900 3797 esse
2924 3743 2948 3797 ?
2972 3742 3103 3799 Cum
3134 3746 3362 3804 veritate
3391 3791 3409 3817 ,
3439 3767 3623 3821 quazso
3649 3791 3664 3818 ,
3695 3763 3884 3819 respon-

2314 3829 2438 3885 dete
2457 3831 2588 3887 mihi
2613 3852 2626 3887 :
2656 3834 2702 3889 si
2732 3835 3042 3907 frequenter
3065 3848 3120 3895 et
3143 3855 3357 3910 semper
3378 3843 3622 3914 iurarem
3643 3886 3658 3913 ,
3683 3860 3745 3899 an
3773 3858 3877 3912 pro-

2314 3924 2494 3981 desset
2539 3926 2668 3982 mihi
2709 3929 3084 4000 principatus?
3109 3933 3348 3991 Minime.
3380 3937 3572 3996 Viden‘
3613 3954 3724 3994 non.
3752 3935 3874 3992 illam

2315 4033 2435 4076 esse
2462 4034 2677 4076 causam
2699 4022 2730 4076 ?'
2746 4022 2882 4090 Quid
2911 4023 3069 4094 igitur
3095 4067 3108 4091 ,
3137 4042 3321 4096 quazso
3343 4068 3359 4094 ,
3404 4030 3676 4086 lucraris?
3706 4027 3875 4083 Paulus

2313 4113 2584 4169 csuriebat
2612 4131 2626 4168 :
2656 4125 2712 4170 et
2755 4127 2808 4171 tu
2848 4120 3056 4173 esurire
3101 4122 3279 4190 potius
3310 4123 3482 4195 eligas
3502 4167 3516 4190 ,
3548 4141 3704 4196 quam
3728 4133 3876 4177 trans-

2312 4205 2464 4273 gredi
2494 4206 2738 4275 quzedam
2767 4222 2836 4262 ex
2864 4209 3060 4265 divinis
3097 4213 3382 4271 mandatis.
3413 4217 3524 4273 Cur
3560 4232 3688 4287 ergo
3725 4216 3874 4270 incre—

2315 4295 2469 4349 dulus
2497 4297 2599 4351 cs?
2629 4297 2705 4352 Tu
2733 4313 2864 4371 ergo
2893 4301 3024 4354 nihil
3055 4318 3160 4357 nou
3193 4321 3341 4374 ages,
3375 4317 3432 4364 et
3463 4309 3682 4380 patieris
3703 4350 3716 4372 ,
3749 4315 3872 4360 utne

2317 4406 2567 4461 umquam
2591 4393 2775 4461 jures;
2806 4403 2863 4449 at
2896 4395 2985 4450 ille
3009 4404 3061 4451 te
3089 4413 3194 4452 non
3225 4403 3589 4457 remunerabit
3611 4403 3633 4455 ?
3656 4399 3801 4468 Atqui
3829 4405 3873 4449 ct

2317 4483 2560 4554 perjuros
2581 4494 2636 4540 et
2656 4486 2976 4556 juramentis
3001 4500 3246 4546 assuetos
3268 4495 3510 4561 quotidie
3536 4495 3630 4548 alit
3653 4509 3666 4559 ;
3697 4503 3744 4546 te
3764 4505 3873 4543 vero

2315 4574 2440 4631 fami
2471 4576 2682 4643 tradet,
2713 4579 2836 4648 quia
2878 4578 3026 4633 illum
3053 4580 3294 4636 audisti?
3338 4583 3543 4641 Omnes
3574 4583 3780 4638 videant
3812 4592 3868 4630 ex

2316 4669 2381 4724 iis
2399 4710 2417 4734 ,
2445 4669 2533 4742 qui
2566 4670 2622 4724 in
2649 4667 2750 4724 hac
2773 4669 2999 4726 ecclesia
3027 4684 3452 4744 congregantur,
3482 4675 3740 4730 nemiuem
3770 4683 3871 4724 es~c

2315 4763 2404 4832 qui
2429 4763 2575 4834 juret
2601 4779 2616 4829 ;
2643 4771 2698 4820 et
2741 4763 2864 4819 hinc
2895 4765 3005 4819 noti
3047 4765 3218 4820 simus
3245 4808 3259 4829 ,
3287 4782 3393 4822 non
3422 4784 3488 4825 ex
3517 4766 3618 4822 fide
3646 4773 3830 4820 tantum
3857 4775 3868 4818 ;

2314 4854 2443 4911 hinc
2467 4872 2496 4910 a
2524 4854 2726 4911 Graecis
2745 4865 2800 4911 et
2818 4855 2888 4911 ab
2913 4857 3031 4912 aliis
3061 4858 3310 4914 omnibus
3339 4859 3663 4916 differamus.
3705 4855 3870 4922 Signa-

2316 4949 2492 5002 culum
2519 4948 2843 5017 accipiamus
2869 4948 2936 5003 de
2965 4949 3130 5017 caelis,
3162 4958 3220 5004 ut
3246 4951 3394 5020 quasi
3427 4951 3603 5022 regius
3627 4961 3746 5018 grex
3773 4939 3872 4996 ubi-

2316 5057 2420 5111 que
2440 5054 2795 5112 appareamus
2823 5059 2834 5093 :
2859 5040 2928 5095 ab
2953 5056 3047 5096 ore
3073 5052 3128 5096 et
3156 5056 3184 5094 a
3215 5042 3390 5114 lingua
3421 5053 3720 5104 noscantur,
3750 5033 3867 5087 sicul

2316 5132 2567 5196 barbari;
2594 5131 2732 5185 sicut
2772 5130 2806 5186 ii
2834 5132 2921 5200 qui
2959 5131 3143 5188 Graece
3169 5134 3344 5188 sciunt
3372 5175 3387 5201 ,
3417 5133 3544 5188 hinc.
3581 5146 3611 5185 a
3654 5120 3870 5185 barbaris

2317 5223 2704 5278 discernamur.
2733 5223 2827 5278 Dic
2847 5225 2988 5279 enim
3013 5225 3165 5290 mihi,
3190 5226 3333 5280 ttnde
3357 5227 3464 5280 noti
3491 5232 3613 5278 sunt
3641 5209 3868 5291 psittaci?

2318 5330 2497 5369 nonne
2525 5330 2590 5370 ex
2618 5329 2703 5377 eo,
2737 5315 2876 5382 quod
2908 5325 3174 5384 tamquam
3207 5316 3452 5372 homines
3475 5306 3786 5385 loquantur?
3809 5302 3867 5357 Ει

2318 5421 2417 5461 nos
2443 5419 2674 5475 quoque,
2702 5407 2842 5461 sicut
2869 5407 3116 5474 apostoli,
3148 5423 3212 5462 ex
3242 5409 3451 5479 l0qucla
3477 5407 3581 5460 noti
3611 5403 3782 5460 simus.
3809 5407 3862 5445 CX

2319 5513 2384 5553 eo
2414 5499 2553 5568 qttod
2600 5507 2658 5552 ut
2686 5499 2856 5568 angeli
2903 5499 3202 5568 loquamur.
3251 5500 3304 5556 Si
3335 5500 3452 5571 quis
3475 5495 3693 5557 dixerit,
3720 5488 3860 5571 Jurat

2318 5590 2522 5658 audiat,
2553 5588 2797 5645 Christus
2835 5599 2996 5657 vetat,
3026 5600 3080 5645 et
3110 5608 3214 5646 non
3243 5569 3386 5662 jure.
3419 5590 3529 5645 Hoc
3554 5585 3677 5640 satis
3711 5569 3860 5674 est'ad

2319 5697 2534 5738 omnem
2557 5681 2910 5738 inducendam
2937 5683 3207 5738 virtutem.
3233 5683 3398 5739 Janua
3419 5679 3650 5752 qumdam
3675 5679 3747 5727 est
3767 5678 3858 5736 νιε-

2321 5778 2463 5841 tatis,
2494 5775 2577 5830 via
2607 5775 2675 5831 ad
2701 5775 3093 5847 philosophiam
3119 5776 3378 5851 (pietatis)
3402 5773 3667 5831 inducens,
3695 5761 3856 5851 panes:

2325 5881 2405 5929 tra
2431 5872 2694 5944 quazdam.
2725 5870 2848 5928 llzec
2877 5870 3265 5940 custodiamus,
3300 5850 3365 5929 ut
3387 5864 3654 5944 prtescntia
3677 5865 3725 5915 et
3739 5850 3858 5908 fulli-
