4092 6438
592 383 665 441 85
1233 383 1293 438 S.
1331 380 1617 437 JOANNIS
1653 377 2149 437 CHRYSOSTOMI

2264 375 2519 433 :cungp.
2559 373 3118 431 coxsnmuxov.
3814 377 3885 435 86
3966 358 3975 361 ’

590 499 937 571 ἐπιτύχωμεν
966 497 1207 567 ἀγαθῶν,
1222 497 1404 568 χάριτι
1427 497 1519 550 καὶ
1538 494 1921 567 φιλανθρωπίᾳ
1946 493 2040 547 τοῦ
2064 496 2177 548 Κυ-

595 582 716 657 ρίου
738 583 899 655 ἡμῶν
939 581 1113 653 Ἰησοῦ
1148 580 1406 653 Χριστοῦ,
1450 581 1571 652 μεθ’
1604 574 1665 635 οὗ
1702 578 1779 650 τῷ
1818 579 2015 649 Πατρὶ,
2064 577 2179 649 ἅμα

2284 491 2361 563 τῷ
2389 491 2529 563 ἁγίῳ
2546 490 2846 560 Πνεύματι,
2876 490 3025 557 δόξα,
3059 489 3278 560 κράτος,
3316 488 3486 560 τιμὴ,
3526 488 3628 542 νῦν
3656 489 3753 544 καὶ
3778 492 3883 549 ἀεὶ,

2287 576 2381 630 καὶ
2414 576 2497 638 είς
2517 575 2642 638 τοὺς
2671 574 2871 638 αἰῶνας
2900 574 3011 628 τῶν
3042 573 3272 627 αἰώνων.
3317 574 3527 645 Ἀμήν.

3525 702 3823 719 ᾖ

2074 759 2320 815 ΟΜΙΛῘΑ
2352 759 2408 814 ι’.

593 862 960 923 Λαλούντων
985 859 1054 914 δὲ
1071 857 1271 914 αὐτῶν
1305 857 1456 925 πρὸς
1496 857 1603 911 τὸν
1623 856 1796 918 λαὸν,
1828 853 2180 925 ἐπέστησαν

697 931 905 997 αὐτοῖς
929 934 982 986 οί
1009 932 1182 999 ἱερεῖς
1209 929 1307 983 καὶ
1333 923 1364 983 ὅ
1395 923 1728 997 στρατηγὸς
1750 924 1856 980 τοῦ
1889 923 2071 990 ἱεροῦ.

664 1015 735 1072 α’.
757 1014 926 1069 Οὔπω
944 1014 1055 1068 τῶν
1079 1013 1358 1086 προτέρων
1380 1009 1815 1073 ἀναπνεύσαντες
1835 1004 2176 1080 πειρασμῶν,

592 1098 796 1162 εὐθέως
823 1101 902 1161 είς
939 1098 1156 1168 ἐτέρους
1187 1095 1447 1166 ἐνέϐησαν
1471 1106 1520 1146 ι.
1553 1092 1663 1146 Καὶ
1691 1089 1947 1160 ὃρα,πῶς
1966 1092 2178 1142 οἰκονο-

597 1183 781 1252 μεῖται
800 1182 867 1235 τὰ
895 1181 1218 1252 πράγματα.
1253 1178 1476 1249 Πρῶτον
1529 1174 1938 1246 ἐχλευάσθησαν
1977 1172 2179 1234 πάντες

590 1263 749 1336 όμοῦ⁶
786 1264 849 1317 οὐ
871 1263 1064 1335 μικρὸς
1092 1256 1245 1325 οὗτος
1288 1261 1317 1313 6
1351 1258 1677 1329 πειρασμός·
1718 1256 1991 1326 δεύτερον,
2027 1255 2180 1308 αὐτοὶ

591 1351 640 1401 οί
661 1351 945 1419 κορυφαῖοι
973 1348 1053 1410 είς
1088 1344 1366 1408 κινδύνους
1394 1342 1781 1414 ἐμπίπτουσιν.
1836 1339 1950 1394 Οὐκ
1981 1338 2178 1407 ἐφεξῆς

589 1430 649 1484 δὲ
667 1430 738 1484 τὰ
763 1430 858 1484 δύο
883 1431 1127 1500 γέγονεν,
1161 1428 1285 1483 οὐδὲ
1339 1426 1544 1490 ἁπλῶς·
1603 1423 1743 1479 ἀλλά
1794 1422 2059 1494 πρότερον
2088 1420 2178 1473 :6-

588 1512 984 1587 δοκιμήσαντες
1011 1513 1071 1566 ἐν
1094 1514 1216 1575 ταῖς
1253 1507 1639 1582 δημηγορίαις,
1686 1508 1783 1561 καὶ
1809 1505 1993 1576 θαῦμα
2014 1505 2179 1587 ἐργαξ

591 1585 818 1668 σάμενοι
842 1598 980 1667 μετὰ
1001 1593 1176 1649 ταῦτα
1223 1594 1385 1665 μέγα’
1438 1590 1584 1646 οὕτω
1618 1590 1684 1663 δὴ
1714 1589 1901 1643 λοιπὸν
1942 1586 2081 1659 μετά
2115 1585 2177 1639 τὸ

589 1679 888 1751 θαρρῆσαι,
909 1676 1317 1749 συγχωροῦντος
1341 1674 1434 1729 τοῦ
1458 1672 1594 1728 Θεοῦ
1605 1671 1715 1728 τῶν
1735 1671 1964 1741 ἀγώνων
1985 1668 2177 1723 άπτον·

585 1779 699 1818 ται.
741 1762 814 1817 Σὺ
842 1761 900 1816 δέ
938 1761 1165 1834 μοιθέα,
1197 1760 1314 1824 πῶς
1342 1757 1436 1812 ἐπὶ
1465 1755 1560 1812 τοῦ
1593 1754 1829 1827 Χριστοῦ
1858 1754 1949 1809 τὸν
2007 1770 2178 1825 παρα-

583 1846 826 1901 δώσοντα
848 1846 1157 1918 ζητοῦντες,
1191 1843 1430 1897 ἐνταῦθα
1458 1841 1643 1896 λοιπὸν
1672 1838 1827 1895 αὐτοὶ
1848 1838 1948 1904 τὰς
1985 1839 2174 1911 χεῖρας

586 1930 957 1990 ἐπιϐάλλουσι.
996 1928 1321 2001 θρασύτεροι
1342 1925 1625 1997 γεγονότες
1648 1926 1743 1979 καὶ
1763 1923 2176 1995 ἀναισχυντότε-

585 2031 669 2086 ροι
710 2014 848 2085 μετὰ
879 2014 971 2068 τὸν
1000 1996 1251 2085 σταυρόν.
1302 2012 1369 2065 Ἦ
1396 2010 1505 2083 γὰρ
1545 2009 1807 2081 ἁμαρτία,
1845 2008 1950 2073 ἕως
1980 2006 2079 2078 μὲν
2105 2006 2173 2062 ἂν

582 2096 863 2168 ώδίνηται,
903 2096 1014 2168 ἔχει
1042 2097 1166 2150 τινὰ
1203 2093 1490 2165 αἰσχύνηνο
1528 2092 1747 2145 ἐπειδὰν
1799 2090 1859 2145 δέ
1918 2089 2170 2162 τελεσθῇ,

581 2178 704 2233 τότε
736 2178 1249 2250 ἀναισχυντοτέρους
1273 2179 1424 2230 ποιεῖ
1469 2177 1594 2240 τοὺς
1624 2172 2023 2247 ἐργαζομένους
2069 2174 2170 2228 αὐ-

580 2263 701 2334 τήν.
720 2262 786 2316 Τί
810 2263 1008 2334 δήποτε
1027 2261 1084 2316 δέ
1104 2262 1199 2316 καὶ
1209 2259 1511 2332 στρατηγὸς
1538 2257 1820 2328 ἐφίσταται
1840 2273 1856 2325 ;
1891 2257 2172 2325 Ἐπέστη-

581 2364 705 2402 σαν
737 2347 849 2420 γὰρ
872 2346 1075 2414 αὐτοῖς
1113 2348 1171 2401 οἱ
1197 2344 1371 2416 ίερεῖς
1403 2343 1505 2400 καί
1526 2347 1569 2398 -ό
1588 2342 1923 2413 στρατηγὸς
1948 2341 2054 2395 τοῦ
2090 2343 2172 2396 ιε-

573 2430 709 2498 ροῦ,
734 2430 919 2501 φησίν.
954 2431 1072 2484 Ἵνα
1116 2429 1276 2484 πάλιν
1298 2427 1553 2500 δημόσιον
1599 2426 1850 2497 ἔγκλημα
1905 2423 2171 2497 περιθώσι

579 2516 693 2578 τοῖς
725 2514 1050 2586 γινομένοις,
1075 2515 1171 2568 καὶ
1204 2513 1281 2587 μὴ
1309 2514 1382 2577 ὡς
1417 2511 1679 2567 ἰδιωτικὸν
1698 2508 2005 2565 ἐκδικῶσιν·
2032 2510 2170 2579 ὅπερ

580 2597 855 2669 πανταχοῦ
878 2598 1239 2663 σπουδάζουσι
1278 2598 1472 2651 ποιεῖν.
1493 2594 1962 2663 Διαπονούμενοι
1988 2592 2085 2646 διὰ
2100 2592 2168 2647 τὸ

578 2679 892 2736 διδάσκειν
921 2680 1146 2746 αὐτοὺς
1165 2679 1273 2734 τὸν
1300 2679 1473 2734 λαόν.
1501 2675 1872 2743 Διεπονοῦντο,
1913 2677 1975 2729 οὐ
2007 2675 2169 2747 μόνον

575 2764 658 2817 ὃτι
675 2762 971 2827 ἐδίδασκον,
992 2763 1105 2818 ἀλλ’
1132 2764 1214 2817 ὅτι
1230 2763 1330 2817 οὐκ
1355 2761 1519 2816 αὐτὸν
1543 2762 1701 2833 μόνον
1725 2758 1910 2827 ἔλεγον
1933 2758 2168 2831 ἐγηγέρ-

577 2844 834 2909 θαι,ἀλλὰ
857 2850 952 2904 xal
980 2848 1127 2919 ἡμᾶς
1156 2848 1222 2902 δι’
1258 2848 1466 2902 ἐκεῖνον
1493 2845 1834 2900 ἀνίστασθαι.
1865 2845 1968 2899 Διὰ
1996 2845 2063 2898 τὸ
2089 2844 2168 2898 δι.

574 2929 824 2985 δάσκειν
846 2932 1089 2997 αὐτοὺς,
1114 2932 1267 3001 φησὶ,
1290 2929 1398 2984 τὸν
1417 2929 1593 2994 λαὸν,
1618 2928 1715 2982 καί
1739 2927 2169 2998 καταγγέλλειν

573 3015 646 3068 ἐν
670 3013 751 3079 τῷ
789 3014 982 3081 Ἰησοῦ
1037 3014 1153 3083 τὴν
1177 3013 1519 3068 ἀνάστασιν
1558 3013 1678 3067 τῶν
1706 3010 1953 3080 νεκρῶν.
1982 3011 2168 3075 Οὕτως

579 3098 777 3169 ἰσχυρὰ
799 3098 1015 3166 ἐγένετο
1040 3099 1074 3169 ἡ
1090 3099 1404 3162 ἀνάστασις,
1434 3098 1509 3160 ὥς
1543 3097 1637 3150 καὶ
1653 3096 1858 3166 ἐτέροις
1892 3096 2055 3150 αὑτὸν
2081 3097 2165 3150 ατ·

577 3198 688 3234 τιον
716 3182 967 3251 γενέσθαι
985 3180 1355 3244 ἀναστάσεως.
1382 3181 1490 3236 Καὶ
1511 3182 1811 3235 ἐπέϐαλον
1838 3179 2043 3246 αὐτοῖς
2062 3180 2166 3246 τὰς

575 3255 802 3336 χεῷας,
827 3264 924 3319 καὶ
944 3265 1147 3320 ἔθεντο
1173 3265 1395 3331 αὐτοὺς
1420 3267 1507 3332 είς
1523 3266 1780 3333 τήρησιν
1805 3267 1892 3329 εἰς
1922 3263 2039 3332 τὴν
2061 3266 2167 3320 αὕ-

568 3364 725 3418 ριον·
745 3345 827 3419 ἦν
847 3347 957 3418 γὰρ
1001 3347 1230 3417 ἑσπέρα
1256 3348 1395 3418 ἤδη.
1424 3348 1489 3403 Ὢ
1517 3351 1616 3420 τῆς
1639 3348 2018 3418 ἀναισχυντίας
2040 3348 2052 3401 ί
2081 3347 2160 3403 ἔτι

574 3432 685 3487 τῶν
716 3432 996 3503 προτέρων
1026 3433 1279 3504 αἱμάτων
1313 3431 1592 3504 γεμούσας
1645 3431 1746 3495 τὰς
1776 3432 1966 3502 χεῖρας
1993 3425 2158 3502 εἶχον,

577 3515 677 3571 καὶ
706 3517 806 3571 οὐκ
824 3517 1092 3589 ἐνάρκων,
1115 3515 1230 3570 ἀλλ’
1253 3516 1549 3571 ἐπέϐαλλον
1575 3516 1735 3569 πάλιν
1757 3515 1927 3579 αὐτὰς
1954 3516 2161 3587 ἑτέροις

575 3600 806 3673 αίμασιν
832 3600 973 3655 ὥστε
1015 3600 1388 3673 πληρῶσαιοῆ
1420 3601 1560 3671 τάχα
1595 3601 1685 3654 καὶ
1716 3600 1924 3653 ἔδεισαν
1959 3600 2159 3670 πλῆθος

575 3684 775 3750 αὐτοὺς
809 3684 909 3757 ἤδη
930 3685 1246 3754 γεγονότας,
1281 3684 1376 3738 καὶ
1413 3683 1502 3737 διὰ
1528 3683 1686 3738 τοῦτο
1712 3684 1894 3747 αὐτοῖς
1925 3684 1952 3737 6
1998 3700 2157 3755 στρα-

574 3768 747 3838 τηγὸς
796 3769 1122 3839 συνεπέστη.
1157 3763 1271 3823 Ἦν
1297 3766 1441 3839 γάρ,
1478 3767 1677 3838 φησὶν,
1730 3766 1958 3835 ἑσπέρα
2014 3766 2154 3834 ἤδη.

587 3850 813 3904 Ἐκεῖνοι
842 3850 942 3920 μέν
980 3845 1073 3905 οὖν
1115 3850 1425 3921 βουλόμενοι
1468 3851 1662 3912 αὐτοὺς
1704 3850 1970 3920 μαλάξαι,
2001 3849 2160 3903 τοῦτο

575 3934 794 3987 ἐποίουν
836 3934 930 3987 καὶ
981 3933 1311 4003 ἐφύλαττον·
1340 3934 1467 3998 τοὺς
1499 3933 1555 3987 δὲ
1595 3934 1927 3997 ἀποστόλους
1955 3934 2160 4005 τολμη-

577 4019 835 4090 ροτέρους
882 4018 1081 4089 μᾶλλον
1120 4017 1404 4091 εἰργάζετο
1448 4019 1482 4089 η
1533 4017 1767 4090 ἀναϐολὴ
1812 4017 1907 4071 τοῦ
1941 4018 2155 4089 χρόνου.

521 4158 528 4165 ,
575 4103 688 4158 Kal
717 4105 855 4176 δρα,
897 4104 1041 4168 τίνες
1081 4103 1587 4175 ἀπολαμϐάνονταιο
1618 4103 1669 4157 οί
1723 4106 2007 4176 κορυφαῖοι
2049 4104 2160 4157 τῶν

572 4186 906 4250 ἀποστόλων,
931 4190 1044 4251 τοῖς
1066 4187 1248 4252 ἄλλοις
1291 4186 1476 4242 λοιπὸν
1512 4187 1817 4259 ὑπόδειγμα
1852 4186 2155 4260 γενόμενοι,

572 4272 660 4326 ἵνα
693 4273 886 4345 μηκέτι
934 4272 1172 4345 ζητῶσιν
1198 4271 1480 4344 ἀλλήλους,
1520 4272 1657 4344 μηδέ
1697 4272 1761 4326 τὸ
1799 4274 1953 4342 κοινῇ
1992 4271 2154 4328 εἶναι.

571 4356 798 4412 Πολλοί
826 4356 895 4409 δὲ
923 4354 1042 4411 τῶν
1066 4354 1465 4412 ἀκουσάντων
1506 4354 1614 4411 τὸν
1648 4357 1836 4426 λόγον
1875 4355 2157 4411 ἐπίστευ-

571 4457 715 4504 σαν,
763 4441 864 4496 καί
917 4440 1174 4511 ἐγενήθη
1206 4443 1241 4496 ὁ
1276 4439 1524 4511 ἀριθμὸς
1568 4438 1688 4497 τῶν
1727 4438 1966 4512 ἀνδρῶν
2012 4439 2156 4496 ὡσεί

572 4524 842 4596 χιλιάδες
870 4526 1072 4579 πέντε.

645 4605 712 4662 Τί
738 4606 933 4672 τοῦτο;
972 4607 1048 4681 μὴ
1080 4606 1186 4681 γὰρ
1227 4608 1689 4678 εὐδοκιμήσαντας
1723 4603 1895 4673 εἶδονς
1925 4606 2046 4679 οὐχὶ
2072 4606 2156 4660 δε-

573 4690 764 4755 θέντας
797 4690 1121 4758 ἐθεάσαντος
1148 4690 1265 4757 πῶς
1289 4689 1382 4746 οὖν
1408 4690 1770 4758 ἐπίστευσανς
1806 4691 1966 4765 Ὀρᾷς
2001 4691 2156 4763 ἐνέρ-

569 4791 728 4846 γειαν
755 4774 1029 4846 φανεράν;
1075 4775 1186 4830 Kal
1219 4775 1325 4848 μὴν
1348 4773 1464 4849 [81]
1502 4774 1598 4831 καὶ
1637 4775 1764 4839 τοὺς
1800 4775 1900 4849 ἠδη
1935 4775 2156 4830 πιστεύ-

573 4877 772 4925 σαντας
797 4860 904 4916 ἔδει
946 4858 1366 4931 ἀσθενεστέρους
1406 4858 1691 4929 γενέσθαι·
1733 4858 1851 4915 ἀλλ’
1897 4860 1999 4915 οὐκ
2030 4860 2154 4930 ἐγέ-

463 4930 470 4937 ”
570 4959 754 4999 νοντο·
803 4945 837 5016 ἡ
875 4942 984 5016 γὰρ
1027 4930 1289 5014 Πέτρου1³
1325 4942 1638 5017 δημηγορία
1669 4944 1747 5008 είς
1776 4944 1839 4998 τὸ
1881 4943 2043 5015 βάθος
2085 4945 2157 5000 τὰ

573 5028 869 5101 σπέρματα
899 5026 1185 5094 κατέϐαλε,
1217 5027 1312 5082 καὶ
1337 5028 1437 5097 τῆς
1467 5027 1704 5093 διανοίας
1736 5028 1918 5084 αὐτῶν
1949 5030 2150 5100 ἥψατο.

569 5114 634 5168 οι
653 5112 713 5166 δὲ
736 5111 824 5166 διά
849 5109 1007 5165 τοῦτο
1024 5111 1340 5182 ὠργίζοντο,
1363 5111 1446 5165 ὅτι
1468 5111 1622 5166 οὐδὲν
1640 5112 1839 5176 αὐτοὺς
1860 5113 2150 5179 ἐδεδίεσαν,

570 5199 653 5254 ὅτι
678 5196 832 5252 οὐδὲν
859 5194 929 5250 τά
955 5195 1201 5268 παρόντα
1230 5197 1382 5251 δεινὰ
1411 5195 1662 5269 ἡγοῦντο.
1695 5197 1758 5251 Et
1790 5199 1899 5270 γὰρ
1926 5199 1955 5253 6
1986 5215 2152 5255 σταυ-

570 5280 786 5354 ρωθεὶς,
817 5278 975 5352 φησὶ,
999 5279 1225 5334 τοιαῦτα
1250 5279 1566 5351 ἐργάζεται,
1600 5279 1810 5334 καὶτὸν
1834 5280 2005 5353 χωλὸν
2028 5283 2151 5338 ἀνέ-

570 5382 787 5438 στησεν,
813 5366 874 5419 ού
910 5361 1225 5435 φοϐούμεθα
1261 5362 1383 5417 ούδέ
1408 5361 1650 5427 τούτους.
1684 5365 1827 5435 Ἀρα
1859 5366 1955 5422 καὶ
1992 5367 2151 5423 τοῦτο

565 5450 668 5520 τῆς
709 5450 802 5504 τοῦ
839 5447 974 5502 Θεοῦ
1007 5444 1316 5516 οἰκονομίας
1355 5445 1566 5516 γέγονε.
1607 5447 1887 5502 Ἐντεῦθεν
1933 5450 2152 5516 πλείους

568 5534 618 5586 οἱ
645 5531 741 5587 νῦν
765 5530 1155 5594 πιστεύσαντες
1168 5528 1277 5583 τῶν
1294 5528 1522 5601 πρώτων
1551 5530 1818 5600 ἐγένοντο.
1847 5533 1965 5602 Ἐφ’
1984 5526 2028 5602 ᾧ
2056 5536 2150 5589 καὶ

566 5615 877 5681 δείσαντες,
910 5614 1000 5668 διὰ
1039 5613 1200 5668 τοῦτο
1252 5613 1432 5669 αὐτῶν
1486 5613 1739 5684 ὁρώντων
1782 5614 1980 5687 ἔδησαν
2022 5619 2150 5683 τοὺς

568 5698 922 5764 ἀποστόλους,
944 5701 1031 5753 ἵνα
1062 5701 1156 5753 καὶ
1189 5699 1390 5765 αὐτοὺς
1419 5699 1754 5772 δειλοτέρους
1785 5702 2144 5773 ἐργάσωνται.

566 5781 638 5835 Τὸ
670 5778 912 5834 ἐναντίον
934 5782 989 5833 δὲ
1021 5783 1245 5849 γέγονεν
1273 5783 1305 5853 ἢ
1335 5785 1530 5838 ἐκεῖνοι
1550 5783 1845 5839 ἐϐούλοντο.
1869 5786 1968 5839 Διὰ
1992 5786 2148 5841 τοῦτο

565 5866 659 5917 καὶ
700 5862 802 5916 οὐκ
846 5863 931 5915 ἐπ’
962 5863 1142 5917 αὐτῶν
1190 5865 1386 5931 αὐτοὺς
1439 5867 1814 5937 ἐξετάζουσιν,
1859 5871 1994 5927 ἀλλὰ
2026 5874 2147 5926 κατ’

560 5984 648 6103 τρε
678 5976 784 6030 Alii
812 5978 1059 6031 ένέϐαινον.
1129 5981 1158 6020 ι»
1187 5979 1285 6029 Alii
1306 5982 1407 6030 ἀλλ’
1430 5986 1517 6035 οὐκ
1561 5986 1628 6034 ἔτι
1655 5987 1811 6041 τοῦτο.
1857 5990 1917 6040 Ἦ
1938 5998 2025 6056 ιεὲυρ
2052 5992 2144 6041 Πέ-

617 6059 691 6092 ου.

617 6059 691 6092 ου.

2285 849 2444 916 ίδίαν,
2467 849 2555 906 ἴνα
2588 849 2663 922 μὴ
2699 849 2809 904 ἀπὸ
2834 848 2934 919 τῆς
2976 845 3288 919 παρρησίας
3328 846 3383 899 οἱ
3426 844 3734 910 ἀκούοντες
3763 862 3888 921 κερ-

2279 933 2533 990 δάνωσιν.
2570 932 2838 1003 Ἐγένετο
2867 932 2936 986 δέ
2961 930 3060 985 ἐπὶ
3088 930 3203 999 τὴν
3236 930 3456 999 αὔριον
3494 929 3885 1000 συναχθῆναι

2278 1016 2478 1072 αὐτῶν
2532 1016 2675 1085 τοὺς
2729 1015 3030 1086 ἄρχοντας
3077 1014 3177 1068 καί
3251 1012 3724 1083 πρεσϐυτέρους
3788 1013 3883 1068 καὶ

2278 1101 2634 1169 γραμματεῖς
2661 1099 2730 1153 ἐν
2764 1095 3187 1167 Ἰερουσαλὴμ,
3224 1096 3323 1150 καί
3357 1096 3599 1151 Ἄνναν
3635 1095 3748 1150 τὸν
3782 1097 3880 1167 ἁρ-

2278 1181 2497 1253 χιερέα,
2540 1182 2637 1235 καὶ
2672 1180 2967 1251 Καϊάφαν,
2998 1180 3097 1235 καί
3129 1179 3443 1247 Ἰωάννην,
3480 1178 3588 1233 καί
3622 1177 3881 1243 Ἀλέξανο

2278 1264 2442 1335 δρον,
2468 1265 2567 1321 καί
2595 1265 2727 1320 ὅσοι
2756 1266 2825 1320 ἐκ
2849 1264 3066 1335 γένους
3095 1259 3259 1335 ἦσαν
3291 1262 3750 1333 ἀρχιερατικοῦ.
3776 1264 3878 1317 Πά-

2277 1350 2364 1404 λιν
2407 1349 2759 1424 συνέρχονται
2817 1347 3122 1403 ἐπιτοαυτό.
3159 1346 3359 1400 Οὐκέτι
3408 1346 3529 1415 γὰρ
3582 1345 3728 1413 μετά
3778 1345 3876 1399 τῶν

2277 1432 2452 1487 ἄλλων
2478 1432 2665 1488 κακῶν
2690 1432 2762 1487 τά
2788 1431 2884 1486 τοῦ
2932 1432 3097 1501 νόμου
3145 1430 3509 1500 ἐφυλάττετο.
3556 1429 3675 1482 Kal
3720 1428 3875 1484 πάλιν

2276 1515 2626 1588 δικαστηρίου
2675 1516 2864 1587 σχῆμα
2890 1514 2970 1585 τῷ
3011 1513 3298 1587 πράγματι
3337 1510 3759 1583 περιτιθέασιν,
3793 1512 3874 1566 ἴνα

2277 1599 2566 1655 ὑπεύθυνοι
2585 1602 2652 1673 τῇ
2682 1599 2854 1670 ἀδίκῳ
2878 1600 3141 1667 γένωνται
3164 1596 3367 1669 κρίσει.
3391 1596 3503 1652 Καὶ
3533 1595 3873 1663 στήσαντες

2274 1684 2498 1752 αὐτοὺς
2518 1684 2589 1739 έν
2610 1682 2799 1755 μέσῳ,
2832 1680 3262 1744 ἐπυνθάνοντο,
3290 1680 3399 1734 Ἐν
3424 1680 3577 1748 ποίᾳ
3604 1678 3868 1748 δυνάμει,

2273 1769 2314 1838 ἢ
2350 1768 2421 1823 ἐν
2464 1768 2615 1831 ποίῳ
2643 1766 2887 1835 ὀνόματι
2926 1763 3250 1831 ἐποιήσατε
3283 1761 3470 1816 τοῦτο
3500 1759 3725 1830 ὐμεῑς;
3769 1762 3870 1814 Kal

2277 1852 2383 1923 μὴν
2427 1850 2675 1923 ᾔδεισαν·
2726 1847 3191 1917 Διαπονούμενοι
3241 1844 3352 1918 γὰρ
3373 1884 3390 1905 .
3440 1843 3622 1914 φησὶ,
3671 1842 3769 1898 διὰ
3806 1842 3868 1896 τὸ

2273 1933 2705 2005 καταγγέλλειν
2733 1932 2804 1985 έν
2834 1931 2916 1998 τῷ
2955 1929 3159 1998 Ἰησοῦ
3197 1927 3313 1997 τὴν
3354 1927 3738 1984 ἀνάστασιν.
3778 1927 3869 1981 Διὰ

2271 2016 2335 2089 δὴ
2359 2018 2519 2070 τοῦτο
2551 2017 2647 2071 καὶ
2677 2014 2942 2085 κατέσχον
2964 2012 3178 2076 αὐτούς.
3197 2011 3355 2075 Τίνος
3392 2005 3492 2064 οῦν
3518 2009 3711 2065 ἕνεκεν
3741 2008 3864 2080 ἐρω-

2271 2099 2439 2165 τῶσι;
2481 2100 2894 2174 Προσδοκῶντες
2923 2097 3123 2160 αὐτοὺς
3150 2094 3241 2149 διὰ
3268 2094 3331 2149 τὺ
3369 2094 3587 2165 πλῆθος
3619 2092 3867 2164 ἐξάρνους

2271 2182 2617 2254 γενήσεσθαι,
2655 2181 2752 2236 καὶ
2787 2180 2847 2234 τὸ
2882 2181 2989 2234 πᾶν
3025 2178 3116 2233 διὰ
3146 2176 3341 2232 τούτου
3386 2175 3714 2248 νομίζοντες
3742 2191 3865 2229 κατ-

2270 2265 2610 2338 ωρθωκέναι.
2644 2267 2786 2336 Ὅρα
2812 2262 2945 2332 γοῦν
2970 2263 3066 2317 καὶ
3092 2261 3146 2316 τί
3166 2278 3330 2332 φασιν
3351 2274 3370 2290 ο
3416 2262 3527 2315 Ἐν
3556 2260 3711 2325 ποίῳ
3741 2258 3865 2313 ὀνό-

2266 2362 2407 2420 ματι
2435 2349 2760 2415 ἐποιήσατε
2806 2346 2981 2402 τοῦτο
3012 2346 3212 2417 ὐμεῖς;
3261 2347 3408 2401 Τότε
3451 2343 3684 2413 Πέτρος
3721 2345 3862 2409 πλη-

2270 2432 2438 2499 σθεὶς
2464 2432 2809 2500 Πνεῦματως·
2835 2430 3030 2499 άγίου,
3060 2430 3193 2483 εἷπε
3221 2428 3379 2498 πρὸς
3444 2428 3678 2491 αὐτούς
3696 2442 3710 2456 ⁸
3738 2425 3859 2480 ἀνα-

2273 2515 2544 2587 μνήσθητί
2583 2531 2672 2585 μοι
2707 2513 2800 2568 νῦν
2823 2512 2932 2567 τ’ῦν
2964 2512 3057 2567 τοῦ
3092 2511 3330 2585 Χριστοῦ
3385 2511 3593 2581 λόγων,
3624 2511 3716 2564 καὶ
3753 2506 3859 2569 πῶς

2270 2598 2451 2669 ἐξέϐη,
2479 2598 2507 2651 ὃ
2531 2597 2714 2666 ἔλεγεν
2734 2612 2746 2624 ·
2784 2597 2970 2650 ’Ὅταν
2994 2594 3062 2649 δὲ
3090 2593 3512 2665 παραδιδῶσιν
3548 2590 3709 2664 ὑμᾶς
3730 2594 3811 2659 είς
3829 2603 3849 2631 ε

2268 2680 2646 2751 συναγωγὰς,
2667 2679 2753 2749 μὴ
2770 2677 3196 2749 μεριμνήσητε,
3223 2676 3352 2743 πῶς
3376 2679 3417 2748 ἢ
3450 2677 3511 2731 τί
3529 2675 3853 2745 λαλήσετε’

2266 2765 2336 2820 τὸ
2369 2765 2480 2836 γὰρ
2499 2764 2739 2834 Πνεῦμα
2776 2763 2881 2818 τοῦ
2906 2764 3135 2833 Πατρός
3165 2761 3335 2833 ὑμῶν
3364 2763 3502 2816 ἐστι
3533 2761 3602 2815 τὸ
3634 2758 3856 2815 λαλοῦν

2266 2848 2336 2902 ἐν
2364 2847 2524 2919 ὑμῖν.
2547 2849 2694 2920 Ἄρα
2722 2847 3003 2917 ἐνεργείας
3039 2847 3238 2918 πολλῆς
3263 2846 3569 2900 ἀπέλαϐον.
3596 2845 3663 2898 Τί
3690 2844 3747 2898 δέ
3770 2843 3853 2897 καὶ

2267 2931 2437 3000 λέγει,
2482 2932 2740 2986 ἄκουσον·
2780 2932 3106 3002 ’Ἄρχοντες
3143 2929 3249 2985 τοῦ
3283 2929 3445 2985 λαοῦ
3480 2929 3582 2984 καὶ
3611 2926 3853 2998 πρεσϐύ-

2266 3032 2425 3084 τεροι
2450 3016 2561 3071 τοῦ
2592 3015 2852 3085 Ἰσραήλ.
2869 3017 3011 3087 Ὀρα
3033 3013 3355 3084 φιλοσοφίαν
3377 3013 3600 3086 ἀνδρὸς,
3625 3014 3721 3067 καὶ
3747 3009 3851 3073 πῶς

2266 3101 2453 3171 γέμων
2483 3100 2798 3173 παρρησίας
2839 3099 2992 3153 οὐδὲν
3025 3097 3340 3168 ὑϐριστικὸν
3376 3098 3705 3169 φθέγγεται,
3727 3093 3852 3150 ἀλλὰ

2270 3183 2411 3255 μετὰ
2435 3187 2602 3256 τιμῆς
2621 3201 2636 3216 ’
2682 3185 3002 3252 Ἄρχοντες
3032 3181 3139 3236 τοῦ
3176 3180 3356 3247 λαοῦ,
3390 3182 3556 3253 φησὶ,
3592 3180 3693 3237 καί
3723 3195 3845 3249 πρε-

2267 3269 2547 3338 σϐύτεροι
2583 3268 2689 3323 τοῦ
2723 3266 2990 3336 Ἰσραὴλ,
3022 3269 3075 3321 εὶ
3105 3265 3276 3337 ἡμεῖς
3298 3266 3583 3336 σήμερον
3622 3266 3850 3332 ἀνακρι-

2267 3354 2489 3422 νόμεθα
2512 3351 2935 3422 ἐπίεὺεργεσίᾳ
2949 3349 3264 3417 ἀνθρώπου
3290 3349 3628 3417 ἀσθενοῦς,
3648 3349 3718 3403 ἐν
3742 3346 3849 3400 τίνι

2261 3431 2439 3503 οὗτος
2458 3435 2782 3498 σέσωσται,
2813 3434 3086 3505 γνωστὸν
3113 3434 3271 3488 ἐστω
3309 3432 3511 3490 πᾶσιν
3557 3431 3721 3503 ὑμῖν,
3758 3429 3847 3485 καί

2261 3520 2441 3575 παντί
2475 3516 2554 3585 τῷ
2598 3517 2728 3585 λαῷ
2770 3518 3041 3588 Ἰσραήλ.
3098 3516 3313 3588 Σφόδρα
3365 3516 3553 3572 αὐτῶν
3602 3512 3848 3585 γενναίως

2261 3602 2543 3673 καθήψατο
2596 3603 2703 3656 ἀπὸ
2762 3602 2859 3657 τοῦ
2914 3600 3202 3673 προοιμίου
3232 3640 3247 3666 ,
3319 3601 3420 3655 καὶ
3465 3597 3846 3654 διεκωδώνισε⁶

2264 3685 2463 3756 μᾶλλον
2491 3685 2548 3739 δέ
2584 3685 2785 3750 αὐτοὺς
2828 3684 2924 3739 καὶ
2955 3683 3228 3756 ἀνέμνησε
3272 3683 3385 3738 τῶν
3426 3681 3740 3756 προτέρων,
3771 3678 3845 3732 ὅτι

2261 3768 2349 3823 ἐπ’
2386 3768 2678 3841 εὐεργεσίᾳ
2707 3769 2905 3832 αὐτοὺς
2933 3767 3233 3839 κρίνουσιν,
3267 3766 3474 3822 ὡσανεὶ
3518 3766 3705 3835 ἔλεγε·
3735 3759 3842 3817 Μά-

2258 3850 2416 3904 λιστα
2448 3853 2547 3921 μέν
2578 3851 2746 3923 ἐχρῆν
2774 3849 3170 3920 στεφανοῦσθαι
3204 3850 3350 3921 ημᾶς
3383 3850 3480 3904 ἐπὶ
3505 3847 3736 3910 τούτοις,
3758 3844 3841 3897 καὶ

2259 3933 2335 3998 ὡς
2359 3933 2654 4007 εὐεργέτας
2674 3932 3178 4006 ἀνακηρύττεσθαιο
3220 3933 3314 3989 νῦν
3346 3933 3408 3988 δὲ
3438 3932 3538 3987 καὶ
3561 3924 3841 4002 κρινόμεθα

2259 4017 2354 4071 ἐπὶ
2385 4011 2679 4091 εὐεργεσίᾳ
2720 4016 3013 4090 ἀνθρώπου
3067 4015 3353 4083 ἀσθενοῦς,
3401 4017 3528 4088 οὐχὶ
3576 4009 3839 4091 πλουσίου,

2256 4099 2380 4170 οὐχὶ
2412 4089 2698 4167 δυνάστου,
2726 4089 2847 4172 οὐχὶ
2874 4098 3118 4167 ἐνδόξουο
3150 4100 3331 4155 καίτοι
3361 4102 3423 4156 ἐν
3445 4098 3625 4170 τούτῳ
3666 4093 3749 4159 τίς
3779 4089 3841 4145 ἂν

2257 4182 2530 4255 ἐϐάσκηνε
2554 4201 2569 4251 ;

2331 4268 2398 4341 βύ
2419 4268 2629 4340 Πολλῆς
2656 4267 2960 4342 βαρύτητος
2978 4271 3013 4342 ἡ
3028 4268 3342 4339 ἐπαγγελία⁴
3358 4268 3546 4340 γέμει.
3564 4265 3833 4320 Δείκνυται

2257 4357 2316 4412 δέ
2328 4352 2596 4420 ἐντεῦθεν,
2614 4354 2696 4408 ὃτι
2713 4353 2868 4408 αὐτοὶ
2892 4354 3123 4418 ἑαυτοὺς
3143 4353 3172 4395 ἀ
3202 4353 3595 4426 περιπείρουσι
3622 4348 3732 4412 τοῖς
3756 4358 3839 4399 κα·

2257 4456 2395 4501 κοις.
2420 4438 2548 4492 Ὀτι
2578 4435 2649 4492 ἐν
2670 4436 2751 4504 τῷ
2776 4436 3021 4507 ὀνόματι
3052 4436 3260 4502 Ἰησοῦ
3300 4434 3566 4506 Χριστοῦ
3598 4430 3703 4488 τοῦ
3726 4429 3836 4484 Na-

2255 4521 2501 4592 ζωραίου
2517 4518 2661 4594 [82],
2682 4522 2749 4575 ’Ὀ
2779 4520 3015 4593 μάλιστα
3030 4521 3226 4585 αὐτοὺς
3257 4521 3468 4587 ἐλύπει,
3500 4510 3832 4591 προστίθησι.

2257 4603 2432 4659 Τοῦτο
2465 4599 2535 4676 ἦν
2559 4604 2689 4676 ἄρα,
2720 4603 2749 4658 6
2787 4604 2973 4674 ἔλεγεν
3000 4603 3186 4669 αὐτοῖς
3206 4604 3238 4657 6
3268 4604 3505 4677 Χριστός
3523 4617 3540 4633 ⁶
3570 4603 3639 4655 Ὅ
3671 4596 3837 4666 mani.

2256 4705 2406 4745 σατε
2427 4691 2515 4756 είς
2535 4688 2601 4744 τὸ
2630 4685 2763 4756 οὖς,
2788 4687 3084 4758 κηρύξατε
3112 4688 3212 4742 ἐπὶ
3233 4676 3353 4742 τῶν
3376 4685 3688 4757 δωμάτων.
3714 4676 3831 4735 ὀτι

2255 4773 2326 4828 ἐν
2348 4771 2429 4839 τῷ
2448 4773 2699 4843 ὀνόματι
2739 4773 2947 4842 Ἰησοῦ
2971 4771 3230 4841 Χριστοῦ
3252 4772 3360 4827 τοῦ
3380 4769 3736 4839 Ναζωραίου,
3766 4758 3833 4816 ὃν

2256 4855 2427 4927 ὑμεῖς
2448 4855 2891 4925 ἐσταυρώσατε,
2915 4856 2988 4911 ὃν
3007 4859 3040 4912 ό
3065 4856 3210 4923 Θεὸς
3229 4855 3470 4926 ἤγειρεν
3496 4855 3568 4909 ἐκ
3594 4846 3829 4918 νεκρῶν.

2252 4942 2326 4997 ἐν
2351 4943 2541 5008 τούτῳ
2554 4938 2733 5009 οὗτος
2759 4942 3142 5013 παρέστηκεν
3168 4940 3426 5001 ἐνώπιον
3448 4938 3615 5012 ὑμῶν
3642 4932 3826 5006 ὑγιής·

2252 5026 2347 5097 Μὴ
2370 5026 2651 5098 νομίσητε,
2670 5027 2851 5099 φησὶν.
2879 5027 2961 5080 ὅτι
2986 5026 3301 5099 κρύπτομεν
3335 5028 3435 5097 τὴν
3455 5021 3690 5093 πατρίδα
3719 5016 3750 5087 ἦ

2252 5094 2564 5174 πάθοςξὋν
2758 5094 3287 5180 ἐσταυρώσατεξόν
3307 5113 3340 5165 ὁ
3357 5094 3500 5175 Θεὸς
3524 5105 3749 5189 ἤγειρεν
3761 5094 3823 5189 ἐκ

2252 5192 2500 5263 νεκρῶν,
2517 5194 2588 5247 ἐν
2606 5194 2796 5260 τούτῳ
2809 5195 2992 5261 αὐτὸς
3005 5192 3387 5263 παρέστηκεν
3403 5190 3660 5245 ἐνώπιον
3673 5186 3824 5252 ὑμῶν

2250 5278 2621 5345 ὑγιήςᾘάλιν
2635 5278 2698 5332 τὸ
2711 5277 2900 5345 πάθος,
2916 5277 3076 5333 πάλιν
3090 5280 3123 5348 ἡ
3143 5271 3652 5340 άνάστασις.Αὺτός
3666 5268 3822 5321 ἐστιν

2251 5366 2284 5418 ό
2303 5364 2475 5431 λίθος
2497 5366 2532 5418 ὀ
2555 5362 2975 5431 ὲξουθενωθεὶς
2994 5363 3097 5433 ὑφ’
3118 5360 3286 5433 ὑμῶν
3316 5361 3436 5417 τῶν
3457 5351 3821 5423 οἰκοδομοῦν-

2250 5463 2388 5511 των,
2413 5448 2447 5501 ὁ
2478 5448 2800 5517 γενόμενος
2824 5448 2912 5514 είς
2936 5446 3215 5517 κεφαλὴν
3236 5445 3473 5516 γωνίας.
3508 5436 3816 5517 Ἀνέμνησεν

2251 5531 2450 5594 αὐτοὺς
2481 5514 2577 5584 καὶ
2607 5514 2851 5603 ῥήματος
2876 5514 3061 5585 ἱκανοῦ
3093 5514 3360 5602 φοϐῆσαι·
3397 5530 3459 5581 '0
3478 5521 3677 5579 πεσὼν
3695 5514 3812 5585 γὰρ,

2250 5614 2434 5685 φησὶν,
2482 5614 2583 5667 ἐπὶ
2615 5616 2724 5668 τὸν
2756 5617 2932 5670 λίθον
2981 5613 3218 5677 τοῦτον,
3264 5605 3775 5685 συνθλασθήσεται
3797 5604 3810 5622 ⁸

2371 5696 2443 5751 δν
2468 5695 2522 5751 δ’
2546 5696 2626 5753 ἂν
2649 5697 2831 5771 πέσῃ.
2852 5698 3134 5767 λικμήσει
3158 5700 3363 5753 αὐτόν.
3385 5693 3491 5750 Καί
3516 5689 3625 5744 οὐκ
3646 5683 3809 5771 έστιν

2345 5778 2514 5849 ἄλλῳ
2550 5780 2753 5836 οὐδενὶ
2775 5760 2843 5850 "1}
2886 5760 3149 5850 σωτηρία
3171 5793 3219 5835 ε.
3267 5781 3434 5842 Ποίας
3474 5775 3573 5828 οἴει
3613 5760 3809 5834 πληγὰς

2314 5880 2337 5908 °
2373 5877 2507 5927 Unus
2528 5877 2614 5926 τοῦ
2648 5877 2857 5941 Χριστοῦ
2893 5879 3123 5940 λέγοντος.
3165 5878 3319 5927 ’Όταν
3340 5875 3403 5926 ’δ’
3430 5871 3669 5935 ἀγάγωσιγ,
3696 5870 3803 5916 ὑμᾶς

2252 5941 2316 5993 εἰς
2355 5941 2457 5995 τάς,
2522 5938 2546 5979 δ
2590 5941 2682 5989 Hic
2716 5941 2936 5999 quaedam
2964 5941 3092 5989 addi!
3121 5939 3372 5999 Morellus,
3398 5947 3505 5997 qua:
3527 5932 3573 5999 i_n
3596 5927 3696 5999 δεξιῇ
3718 5928 3803 5999 ηοξ

2253 5979 2515 6074 ῑιὶῖοόἧζῖιτ,
2552 5979 3500 6054 εἴὲῖιτῖεὶίῐ“ἷὶἱίρῖῖῦἱ-ὶ)ἔῖ›ῖῖ”’’ἔᾍῡιὶἒ
3530 5979 3576 6041 έν
3610 5986 3729 6046 ἄλλῳ
3770 5979 3796 6032 ἡ

2254 6079 2487 6125 σωτηρία.
