4092 6514
398 405 471 458 ss
1468 408 1529 464 IN
1572 410 1743 466 ACTA
1787 409 2305 473 APOSTULURUM.
2351 420 2577 478 llOMlL.
2623 426 2689 480 χ.
3593 490 3617 499 ,,
3664 446 3731 499 εςς

398 541 457 577 ra
485 540 923 597 consequamur
964 531 1095 586 bona
1121 572 1135 596 ,
1160 531 1328 601 gratia
1369 542 1422 587 et
1449 532 1775 601 benignitate
1814 535 2025 591 Domini

410 627 573 669 nostri
604 616 746 673 Iesu
781 620 1028 686 Christi,
1058 621 1268 691 quicum
1307 621 1447 676 Patri
1489 636 1543 677 et
1571 623 1792 692 Spiritui
1837 635 2027 680 sancto

472 761 745 770 __———_

3586 490 3618 521 ,ι

2137 539 2327 609 gloria,
2360 542 2641 612 imperium
2669 589 2684 612 ,
2717 546 2910 614 honor,
2942 566 3079 607 nunc
3106 565 3159 609 et
3188 571 3403 628 semper
3428 599 3442 624 ,
3465 571 3518 616 ct
3543 569 3593 623 in
3618 581 3718 620 sre-

2138 630 2256 685 cula
2282 634 2622 690 saeculorum.
2653 643 2839 693 Amen.

753 762 3722 809 ,Ἥ

1831 836 2175 900 HOMILIA
2220 842 2305 903 Χ.

406 982 536 1037 Cu.
571 983 632 1037 4.
674 999 732 1037 v.
780 985 834 1038 i.
874 982 1216 1054 Loquentibus
1255 994 1423 1038 autem
1465 985 1569 1040 illis
1612 986 1682 1039 ad
1731 985 2015 1056 populum,

474 1086 899 1144 supervenerunt
923 1082 1209 1131 sacerdotes
1228 1086 1276 1130 et
1305 1077 1633 1148 magistratus
1663 1078 1854 1147 templi.

476 1169 533 1224 1.
578 1167 844 1223 Nondum
887 1183 918 1221 a
966 1168 1230 1238 prioribus
1272 1169 1669 1239 reSpiraverant
1708 1169 2006 1224 tentationi-

407 1263 531 1324 bus,
560 1272 617 1316 et
646 1262 836 1318 statim
865 1263 917 1317 in
947 1263 1080 1316 alias
1111 1261 1433 1317 inciderunt.
1467 1263 1532 1317 Et
1556 1261 1678 1317 vide
1704 1302 1719 1326 ,
1746 1264 2017 1332 quomodo

406 1370 498 1411 res
539 1354 952 1425 dispensentur.
997 1354 1175 1408 Primo
1210 1369 1332 1408 cum
1366 1354 1617 1410 irrisione
1642 1354 1854 1423 excepti
1892 1362 2019 1410 sunt

405 1464 647 1514 omnes;
696 1463 795 1503 nec
825 1462 983 1517 parva
1021 1457 1138 1503 erat
1180 1446 1296 1502 htec
1322 1447 1544 1503 tentatio
1570 1465 1583 1501 :
1608 1446 1846 1502 secundo
1869 1487 1885 1513 ,
1914 1445 2013 1516 ipsi

410 1540 692 1613 θοι-ξι)ὴωί
723 1540 777 1594 in
812 1540 1043 1609 pericula
1085 1538 1341 1594 incidunt.
1370 1538 1486 1593 Non
1517 1538 1860 1594 continenter
1886 1553 2014 1593 vero

421 1632 537 1687 hsce
561 1631 665 1687 duo
691 1631 829 1689 facta
856 1638 1001 1695 sunt,
1030 1645 1202 1701 neque
1230 1630 1580 1700 simpliciter;
1608 1630 1703 1686 sed
1732 1640 2008 1700 postquam

419 1725 470 1779 in
516 1723 875 1779 concionibus
917 1723 1262 1787 claruerunt,
1312 1729 1369 1779 et
1416 1722 1729 1776 miraculum
1759 1736 2008 1792 magnum

405 1823 726 1884 pati-arant;
758 1815 837 1869 sic
864 1813 1079 1869 demum
1111 1822 1381 1883 assumpta
1411 1812 1603 1869 fiducia
1623 1854 1639 1879 ,
1673 1812 1787 1869 Deo
1813 1827 2009 1869 conce-

400 1906 571 1961 dente
618 1905 916 1960 certamina
962 1906 1165 1960 ineunt.
1212 1904 1292 1959 'l'u
1342 1918 1470 1959 vero
1516 1902 1643 1958 mibi
1691 1903 1961 1974 perpende
1988 1944 2004 1969 ,

396 1999 719 2071 quomodo,
751 2000 841 2070 qui
877 1998 1203 2068 quaesieram
1230 1997 1560 2069 proditorem
1604 1998 1695 2068 qui
1733 1997 2003 2053 Christum

395 2091 653 2148 traderet
678 2133 693 2155 ,
727 2090 814 2146 hic
842 2090 942 2161 ipsi
974 2106 1164 2145 manus
1190 2089 1435 2160 injiciunt
1482 2089 1775 2146 ferociores
1801 2089 1923 2145 facti
1953 2098 2006 2145 et

393 2184 835 2255 impudentiores
885 2192 1010 2255 post
1056 2198 1293 2238 crucem.
1344 2182 1627 2239 Peccatum
1673 2184 1818 2239 enim
1873 2182 2001 2239 dum

393 2278 706 2349 parturitur
731 2319 749 2344 ,
796 2276 1083 2347 quemdam
1130 2277 1290 2332 habet
1337 2277 1636 2347 pudorem;
1669 2291 1791 2331 cum
1822 2286 2000 2332 autem

393 2370 707 2441 perfectum
756 2378 878 2436 est,
912 2368 1335 2440 impudentiores
1378 2369 1555 2425 reddit
1597 2380 1864 2425 auctores.
1893 2369 2002 2427 Cur

390 2473 581 2519 autem
628 2462 979 2531 magistratus
1023 2462 1376 2528 supervenit?
1412 2461 1543 2517 Nam
1590 2461 2000 2531 Supervenerunt

395 2558 526 2627 ipsis
545 2555 836 2610 sacerdotes
863 2565 911 2609 et
954 2556 1279 2626 magistratus
1308 2557 1518 2625 templi,
1561 2557 1751 2627 inquit.
1786 2555 1855 2611 Ut
1880 2572 2000 2611 rur-

403 2665 492 2705 sus
512 2650 788 2719 publicum
812 2650 1016 2704 Crimen
1036 2649 1203 2719 gestis
1233 2648 1515 2715 inferrent,
1539 2659 1594 2704 et
1618 2665 1724 2705 non
1753 2658 1810 2704 ut
1835 2666 1998 2721 pecu-

409 2744 532 2799 liare
557 2755 611 2797 et
644 2742 913 2813 privatum
942 2743 1329 2799 ulciscerentur
1358 2760 1372 2795 :
1404 2741 1545 2813 quod
1572 2743 1768 2813 ubique
1816 2742 1993 2799 facere

402 2834 710 2889 studebant.
750 2832 806 2888 2.
840 2833 1079 2889 Dolentes
1119 2833 1256 2905 quod
1283 2834 1521 2888 docerent
1566 2833 1828 2903 pupulum.
1877 2834 1992 2890 Mo-

398 2926 534 2981 leste
563 2924 855 2990 ferebant,
888 2942 993 2980 non
1019 2925 1182 2980 modo
1206 2924 1348 2995 quod
1375 2925 1667 2991 docerent;
1709 2926 1804 2981 sed
1832 2926 1990 2981 etiam

394 3018 542 3090 quod
557 3018 809 3073 dicerent
825 3033 932 3073 non
947 3018 1121 3075 solum
1134 3017 1306 3089 ipsum
1325 3019 1703 3085 resurresisse,
1723 3018 1817 3073 sed
1830 3018 1992 3075 etiam

397 3128 497 3167 nos
514 3128 615 3182 per
632 3112 783 3166 illum
800 3120 1199 3167 resurrecturos
1216 3125 1354 3167 esse.
1366 3110 1515 3179 Quod
1529 3110 1781 3177 docerent,
1802 3111 1988 3183 inquit,

398 3206 671 3277 populum,
697 3218 743 3260 et
762 3206 1123 3265 annuntiarent
1149 3208 1203 3264 in
1228 3203 1359 3265 Iesu
1399 3207 1812 3267 resurrectionem
1852 3226 1992 3264 mor-

397 3310 631 3358 tuorum.
649 3297 721 3355 Ita
752 3298 941 3359 efﬁcax
964 3306 1059 3359 fuit
1084 3304 1225 3359 illius
1247 3305 1588 3373 resurrectio,
1613 3314 1670 3359 ut
1693 3305 1853 3360 etiam
1875 3304 1993 3361 aliis

398 3407 591 3450 auctor
631 3396 697 3449 sit
729 3396 1157 3450 resurrectionis.
1199 3396 1251 3451 5.
1286 3395 1351 3450 Et
1390 3396 1671 3467 injecerunt
1696 3396 1749 3450 in
1778 3412 1861 3451 eos
1882 3412 1993 3448 ma-

398 3507 497 3545 nus
520 3531 535 3556 ,
563 3500 611 3543 et
640 3498 912 3559 posuerunt
939 3505 1022 3544 eos
1048 3490 1103 3544 in
1134 3489 1414 3545 custodiam
1441 3491 1494 3544 in
1537 3491 1815 3545 crastinum
1840 3505 1857 3544 :
1885 3499 1992 3543 erat

394 3586 531 3638 enim
565 3584 685 3653 jam
736 3600 964 3654 vespera.
1012 3582 1057 3638 0
1105 3583 1528 3653 impudentiam!
1577 3585 1768 3640 Adhuc
1813 3585 1992 3653 priore

395 3676 664 3748 sanguine
717 3677 901 3747 plenas
953 3691 1143 3733 manus
1194 3676 1509 3742 habebant,
1569 3691 1669 3732 nec
1714 3677 1990 3747 segniores

402 3782 559 3828 erant
582 3814 598 3837 ,
635 3770 731 3826 sed
761 3771 1057 3840 injecerunt
1085 3770 1262 3827 denuo
1288 3770 1408 3825 illas
1433 3811 1449 3835 ,
1492 3778 1547 3824 ut
1590 3770 1695 3823 alio
1733 3768 1991 3839 sanguine

399 3865 690 3934 implerent
718 3881 731 3919 :
760 3865 841 3919 vel
867 3864 1091 3918 fortasse
1122 3864 1244 3933 quia
1276 3864 1349 3918 illi
1370 3863 1481 3934 jam
1509 3862 1849 3917 multitudine
1868 3878 1989 3917 cre-

399 3966 611 4019 verant,
642 3956 950 4021 timuerunt,
978 3955 1205 4026 ideoque
1222 3955 1568 4025 magistratus
1599 3954 1779 4025 templi
1810 3970 1990 4025 super-

398 4050 561 4104 venit.
599 4048 728 4101 Erat
764 4048 896 4102 enim
919 4089 933 4113 ,
968 4048 1138 4120 inquit
1160 4086 1178 4113 ,
1216 4051 1331 4116 jam
1362 4063 1588 4118 uespera.
1616 4045 1694 4102 llli
1740 4062 1867 4102 vero
1898 4062 1989 4103 vo-

397 4143 571 4197 lentes
611 4157 705 4196 eos
748 4142 989 4211 mitigare
1017 4183 1032 4205 ,
1073 4142 1152 4196 sic
1195 4139 1460 4196 faciebant
1486 4149 1542 4196 et
1577 4140 1983 4197 custodiebant:

396 4234 675 4303 apostolos
700 4244 875 4289 autem
904 4234 1220 4290 audaciores
1245 4234 1500 4290 reddebat
1531 4248 1678 4289 mora
1707 4234 1983 4304 temporis.

397 4330 461 4383 Et
508 4328 633 4382 vide
668 4369 685 4395 ,
734 4327 948 4397 quinam
995 4326 1518 4397 comprehendantur
1555 4344 1570 4381 :
1618 4326 1983 4396 apostolorum

394 4420 673 4492 θυι-γριιωί
697 4461 711 4483 ,
741 4419 859 4475 aliis
887 4429 1071 4491 postea
1119 4418 1423 4489 exemplum
1468 4417 1591 4474 facti
1615 4458 1630 4482 ,
1662 4433 1730 4473 ne
1760 4418 1894 4473 ultra
1925 4432 1985 4472 se

397 4523 588 4568 mutuo
616 4513 913 4583 inquirant,
943 4527 1115 4584 neque
1144 4512 1500 4568 communiter
1536 4520 1713 4582 agant.
1745 4511 1799 4567 4.
1829 4509 1984 4565 Multi

396 4616 566 4658 autem
595 4621 765 4658 eorum
786 4646 801 4669 ,
846 4604 932 4672 qui
969 4605 1238 4658 audierant
1276 4603 1477 4658 uerbum
1502 4644 1517 4669 ,
1544 4602 1905 4672 crediderunt,
1936 4612 1983 4657 et

394 4703 561 4767 [artus
589 4706 661 4750 est
690 4712 927 4751 numerus
955 4697 1176 4750 virorum
1205 4696 1399 4750 circiter
1423 4695 1642 4767 quinque
1670 4694 1852 4749 millia.

467 4787 615 4843 Petri
656 4788 711 4842 in
736 4788 1082 4843 condonanda
1122 4788 1215 4842 vis.
1244 4787 1469 4856 -—Quid
1516 4786 1655 4842 hoc?
1683 4802 1814 4843 num
1863 4786 1982 4843 illos

396 4882 713 4951 conSpicuos
746 4880 1035 4936 videbant?
1067 4895 1242 4935 annon
1288 4881 1513 4950 ligatos?
1542 4879 1811 4950 quomodo
1839 4894 1973 4950 ergo

402 4972 781 5028 crediderunt?
813 4971 996 5027 Viden‘
1044 4971 1383 5027 manifestam
1431 4972 1771 5027 efﬁcaciam?
1816 4971 1979 5041 Atqui

409 5080 524 5133 eos,
554 5066 646 5135 qui
696 5063 1074 5128 crediderant,
1122 5064 1403 5133 oportebat
1453 5059 1774 5118 inﬁrmiores
1818 5062 1974 5129 ﬁeri;

407 5156 493 5211 sed
512 5173 615 5212 non
637 5156 709 5211 ita
737 5154 835 5211 fuit
858 5174 873 5211 :
900 5155 1041 5213 Petri
1078 5170 1307 5226 namque
1329 5154 1516 5210 concio
1536 5154 1742 5210 semina
1765 5155 1817 5209 in
1841 5170 1971 5225 pro-

399 5249 610 5306 fundum
655 5249 894 5320 jecerat,
945 5259 1288 5319 mentemque
1338 5248 1547 5304 illorum
1596 5248 1866 5305 affecerat.
1897 5246 1976 5303 Illi

394 5356 520 5397 vero
542 5341 665 5396 ideo
687 5340 1104 5405 succensehant,
1133 5339 1275 5412 quod
1302 5354 1407 5395 non
1439 5340 1507 5394 ab
1533 5340 1640 5395 illis
1665 5349 1973 5395 metueren-

396 5446 498 5505 tur,
516 5438 767 5506 quodque
783 5434 857 5490 illi
876 5434 1157 5505 prtesentia
1175 5434 1314 5490 mala
1339 5448 1435 5503 pro
1452 5434 1619 5488 nihilo
1640 5439 1971 5504 reputarent.

394 5528 621 5587 Sienim
643 5527 929 5583 cruciﬁxus
949 5568 965 5595 ,
993 5524 1245 5592 aiebant,
1279 5526 1400 5579 talia
1427 5533 1681 5596 cperatur
1700 5567 1714 5591 ,
1746 5535 1799 5580 et
1828 5525 1974 5579 cluu-

393 5624 515 5679 dum
545 5622 722 5693 erigit,
750 5636 819 5677 ne
849 5622 1128 5677 timeamus
1172 5619 1309 5674 illos.
1348 5618 1460 5675 Hoc
1488 5634 1616 5689 ergo
1645 5634 1711 5674 ex
1736 5618 1833 5675 Dei
1861 5619 1975 5673 dis-

394 5716 704 5788 pensatione
747 5713 947 5769 factum
990 5722 1091 5768 est.
1150 5711 1284 5767 Hinc
1324 5727 1454 5768 vero
1482 5712 1580 5777 ﬁt,
1612 5721 1671 5766 ut
1696 5713 1786 5779 qui
1832 5728 1972 5768 nunc

394 5809 618 5866 credunt
647 5808 821 5878 plures
841 5807 967 5871 sint,
990 5820 1147 5876 quam
1173 5804 1400 5875 priores.
1438 5805 1666 5875 Ideoque
1688 5805 1966 5871 timentes,

394 5904 496 5960 illis
525 5901 822 5957 videntibus
852 5898 1121 5970 apostolos
1155 5898 1399 5971 ligarant,
1440 5908 1497 5955 ul
1525 5897 1644 5953 illos
1672 5896 1966 5954 timidiores

2129 985 2432 1045 redderent.
2466 992 2633 1050 Secus
2664 1006 2843 1054 autem
2868 1002 3100 1070 accidit,
3142 1021 3300 1076 quam
3330 1010 3405 1065 illi
3438 1011 3715 1069 volebant.

2126 1076 2359 1181 Ideoque
2390 1100 2494 1140 non
2526 1102 2705 1144 coram
2737 1092 2842 1148 illis
2873 1094 3019 1164 ipsos
3048 1099 3412 1173 interrogant,
3445 1107 3544 1162 sed
3572 1122 3721 1163 seor—

2124 1184 2258 1237 sun,
2293 1189 2359 1228 ne
2385 1191 2450 1231 ex
2498 1194 2685 1235 eorum
2732 1183 2982 1254 loquendi
3028 1189 3273 1249 libertate
3319 1196 3601 1253 auditores
3635 1201 3718 1254 lu—

2122 1276 2272 1319 crum
2314 1269 2593 1326 referrent.
2622 1274 2676 1330 5.
2732 1275 2950 1334 Factum
2979 1292 3052 1336 est
3096 1294 3265 1340 autem
3293 1288 3347 1342 in
3392 1292 3678 1347 crastinum
3701 1334 3714 1359 ,

2120 1364 2174 1407 ut
2193 1372 2619 1431 congregarentur
2661 1367 2914 1440 principes
2940 1389 3113 1428 eorum
3142 1387 3190 1431 et
3214 1380 3438 1436 seniores
3466 1392 3512 1435 et
3541 1384 3719 1439 scriba:

2118 1445 2172 1543 iis
2200 1447 2482 1543 derasalem
2505 1470 2525 1509 :
2568 1457 2621 1511 6.
2677 1471 2726 1513 et
2770 1460 2944 1519 Annos
2996 1469 3233 1539 princeps
3285 1474 3643 1543 sacerdotum,
3673 1486 3717 1531 et

2118 1535 2338 1610 Caiphas
2363 1553 2407 1597 et
2426 1544 2653 1603 Joannes
2675 1561 2719 1606 et
2742 1535 3047 1622 Alexander,
3064 1569 3109 1611 et
3130 1535 3371 1631 quotquot
3386 1576 3537 1619 erant
3553 1566 3616 1620 de
3630 1535 3719 1637 ge-

2117 1646 2235 1685 nere
2276 1637 2601 1693 sacerdotali.
2651 1641 2858 1699 Rursus
2902 1650 3230 1706 conveniunt
3269 1654 3322 1709 in
3353 1671 3549 1711 unum.
3577 1658 3715 1713 Cutn

2116 1723 2235 1780 aliis
2263 1727 2421 1783 etiam
2454 1732 2609 1788 malis
2650 1733 2753 1791 hoc
2781 1738 3002 1806 aderat,
3031 1744 3175 1813 quod
3204 1745 3288 1802 lex
3320 1763 3427 1804 non
3458 1764 3707 1807 servare-

2116 1824 2223 1910 tur.
2256 1819 2333 1910 de
2361 1837 2549 1878 rursus
2576 1825 2760 1895 judicii
2806 1829 3034 1888 formam
3064 1835 3193 1893 huic
3219 1842 3437 1910 negotio
3468 1842 3667 1899 indunt
3696 1885 3712 1908 .

2113 1915 2171 1960 ut
2197 1908 2393 1979 injuste
2417 1913 2619 1982 judicio
2650 1922 2836 1977 noxios
2867 1924 2985 1980 illos
3012 1927 3259 1985 reddant.
3290 1908 3341 1986 ἦ.
3376 1932 3441 1987 Et
3471 1945 3712 1989 statuen-

2111 2006 2184 2053 tes
2209 2016 2293 2053 eos
2319 2002 2372 2056 in
2399 2005 2561 2060 medio
2582 2050 2597 2071 ,
2629 2009 3001 2083 interrogabant
3026 2032 3042 2071 :
3074 2016 3139 2072 In
3170 2036 3269 2088 qua
3296 2023 3505 2089 virtute,
3536 2035 3631 2078 aut
3658 2044 3711 2079 in

2109 2103 2208 2157 quo
2238 2094 2439 2148 nomine
2466 2097 2656 2165 fecistis
2702 2101 2795 2155 hoc
2835 2106 2962 2159 vos?
2990 2108 3147 2178 Atqui
3180 2110 3233 2164 id
3259 2113 3502 2169 sciebant
3530 2135 3543 2171 ε
3579 2132 3708 2170 nam

2108 2181 2382 2253 dolebant,
2415 2187 2623 2260 inquit,
2674 2195 2811 2263 quod
2838 2201 3194 2256 annuntiarent
3219 2203 3273 2257 in
3312 2203 3439 2259 Iesu
3481 2224 3712 2263 resurre-

2106 2278 2342 2334 ctionem.
2371 2278 2496 2337 Ideo
2519 2287 3045 2356 comprehenderant
3073 2293 3215 2351 illos.
3246 2296 3354 2353 Cur
3371 2315 3501 2372 ergo
3523 2302 3697 2357 inter-

2105 2372 2336 2441 rogant?
2389 2375 2788 2446 Exspectabant
2846 2382 2969 2439 illos
3025 2398 3246 2459 pr0pter
3301 2391 3697 2451 multitudinem

2106 2470 2395 2532 negaturos
2420 2482 2574 2535 esse,
2609 2477 2665 2524 et
2693 2471 2770 2527 sic
2802 2476 3060 2542 putabant
3086 2493 3145 2533 se
3174 2489 3344 2537 totum
3376 2485 3696 2542 emendatu-

2106 2572 2195 2610 ros
2222 2574 2363 2614 esse.
2393 2559 2531 2618 Vide
2558 2578 2688 2635 ergo
2714 2567 2839 2636 quid
2880 2568 3064 2624 dicant
3091 2590 3102 2625 :
3136 2571 3205 2627 In
3243 2591 3344 2645 quo
3377 2579 3578 2632 nomine
3604 2579 3698 2633 hoc

2103 2649 2299 2718 fecistis
2320 2667 2406 2705 ros
2423 2653 2448 2705 ?
2470 2655 2522 2708 8.
2543 2654 2688 2710 Tunc
2708 2658 2887 2714 Petrus
2913 2660 3134 2731 repletus
3154 2663 3355 2734 Spiritu
3367 2679 3543 2723 sancto
3564 2672 3695 2725 dixit

2100 2740 2169 2792 ad
2197 2757 2297 2794 eos.
2322 2741 2473 2798 Nunc
2494 2746 2777 2803 recordare
2810 2750 3093 2805 verborum
3119 2752 3316 2809 Christi
3335 2756 3435 2827 (τι),
3463 2757 3538 2831 [et
3564 2776 3696 2830 quo-

2100 2831 2260 2887 modo
2291 2835 2532 2890 evenerit
2554 2836 2603 2890 id
2635 2838 2776 2908 quod
2806 2840 3015 2896 dicebat
3046 2860 3060 2896 :
3086 2840 3106 2915 ]
3141 2844 3269 2898 Cum
3299 2859 3467 2901 autem
3496 2852 3697 2905 tradent

2099 2941 2185 2979 vos
2226 2927 2281 2980 in
2307 2931 2613 3001 synagogis,
2651 2949 2713 2986 ne
2751 2932 2959 2987 solliciti
3006 2936 3117 2990 sitis
3147 2939 3397 3008 quomodo
3438 2950 3526 2995 aut
3569 2944 3691 3012 quid

2099 3017 2374 3090 loquamini
2401 3038 2420 3076 :
2451 3024 2677 3094 Spiritus
2703 3025 2834 3080 enim
2859 3024 3031 3082 Patris
3063 3033 3212 3084 vestri
3243 3042 3336 3096 est,
3361 3033 3448 3103 qui
3472 3033 3693 3105 loquitur

2098 3114 2150 3167 in
2180 3115 2316 3168 vobis
2347 3116 2365 3183 (
2392 3114 2517 3169 Luc.
2550 3117 2637 3171 12.
2674 3119 2757 3173 ll.
2796 3118 2926 3189 l2).
2980 3120 3120 3191 Ergo
3168 3138 3413 3193 magnam
3466 3142 3690 3196 accepe-

2100 3214 2221 3260 rant
2264 3207 2577 3263 elﬁcaciam.
2629 3210 2767 3278 Quid
2812 3227 2939 3267 Vero
2985 3213 3164 3282 dicat,
3206 3216 3368 3271 audi:
3422 3216 3690 3289 Principes

2099 3303 2308 3372 papuli,
2357 3312 2405 3357 et
2447 3305 2667 3360 seniores
2721 3305 2906 3362 Israel.
2950 3308 3079 3363 Vide
3126 3309 3515 3381 philosophiam
3562 3315 3688 3380 viri,

2097 3404 2152 3449 ct
2202 3395 2470 3466 quomodo
2515 3398 2703 3452 fiducia
2747 3400 2936 3469 plenus
2978 3401 3105 3454 nihil
3159 3405 3549 3460 contumeliose
3605 3406 3687 3460 di-

2095 3496 2210 3552 cat,
2258 3488 2351 3543 sed
2382 3503 2503 3544 cum
2536 3488 2740 3545 honore
2773 3509 2785 3543 :
2822 3490 3087 3560 Principes
3132 3496 3342 3563 populi,
3394 3496 3598 3565 inquit,
3633 3510 3680 3551 et

2096 3580 2316 3633 seniores
2342 3579 2539 3635 Israel:
2562 3582 2614 3637 9.
2642 3584 2686 3636 si
2709 3600 2799 3637 nos
2820 3584 2971 3637 hodie
2990 3585 3335 3651 diiudicamur
3356 3590 3407 3639 in
3430 3588 3689 3659 benefacta

2095 3671 2313 3726 hominis
2342 3673 2531 3739 in/irmi
2550 3714 2565 3739 ,
2598 3674 2649 3726 in
2679 3691 2777 3745 quo
2805 3676 2896 3728 iste
2912 3676 3079 3729 salvus
3112 3681 3278 3747 factus
3310 3689 3382 3732 est
3410 3721 3424 3745 ,
3462 3681 3548 3735 10.
3584 3699 3683 3734 no-

2096 3772 2200 3815 tum
2231 3764 2293 3816 sit
2337 3764 2507 3829 vobis,
2541 3775 2586 3818 et
2633 3766 2771 3819 omni
2814 3765 2948 3837 plebi
2986 3766 3173 3823 Israel.
3227 3768 3455 3826 Strenue
3494 3773 3614 3827 illos
3656 3791 3684 3829 a

2095 3855 2358 3924 principio
2384 3856 2695 3927 perstringit
2721 3866 2775 3912 et
2799 3858 3010 3927 carpit;
3046 3859 3151 3913 imo
3174 3860 3280 3915 illis
3306 3863 3482 3930 priora
3504 3865 3553 3919 in
3576 3882 3686 3919 me-

2095 3950 2318 4004 moriam
2349 3959 2599 4017 revocat,
2642 3952 2781 4021 quod
2836 3952 2952 4007 illos
2981 3952 3049 4008 de
3088 3954 3353 4011 beneficio
3388 3957 3441 4011 in
3469 3958 3557 4027 jus
3587 3975 3683 4012 vo-

2093 4050 2252 4108 cent,
2281 4056 2343 4096 ac
2375 4042 2417 4095 si
2459 4042 2664 4099 diceret
2696 4062 2708 4097 :
2741 4044 2935 4115 Utique
2970 4047 3259 4116 oportebat
3289 4064 3387 4103 nos
3415 4050 3513 4104 hac
3535 4050 3601 4105 de
3628 4068 3685 4105 re

2093 4136 2378 4200 coronari,
2410 4146 2571 4206 atque
2602 4145 2661 4192 ut
2697 4137 2965 4193 beneﬁcos
3009 4140 3379 4211 promulgari;
3414 4158 3556 4199 nunc
3584 4160 3681 4196 au-

2095 4234 2199 4281 tem
2232 4227 2283 4281 in
2310 4227 2398 4298 jus
2422 4243 2694 4295 vocamur,
2736 4232 2856 4299 quia
2891 4230 3028 4287 bene
3055 4231 3280 4288 fecimus
3303 4234 3502 4288 homini
3528 4236 3679 4289 infir-

2092 4336 2202 4385 mo,
2223 4336 2329 4375 non
2352 4321 2578 4391 potenti,
2600 4337 2705 4376 non
2725 4322 2910 4389 nobili;
2935 4338 3261 4394 quamquam
3281 4336 3334 4381 et
3354 4327 3407 4381 in
3439 4326 3542 4384 hoc
3561 4345 3609 4399 qr
3636 4330 3680 4383 is

2092 4413 2407 4469 invidisset?
3283 4474 3299 4495 θ

2159 4506 2213 4559 2.
2232 4506 2417 4576 Magna
2432 4506 2692 4576 gravitate
2716 4506 2996 4563 exordium
3039 4507 3254 4578 plenum
3276 4518 3380 4565 est.
3402 4508 3535 4565 Hinc
3548 4526 3673 4565 vero

2089 4600 2387 4655 ostenditur
2421 4600 2567 4668 ipsos
2588 4613 2709 4654 sese
2733 4598 2889 4653 malis
2915 4598 3209 4669 implicare.
3235 4600 3366 4667 Quia
3387 4602 3439 4654 in
3469 4601 3675 4655 nomine

2088 4690 2214 4747 Iesu
2240 4690 2427 4746 Christi
2450 4690 2732 4745 Nazareni.
2756 4690 2909 4757 Quod
2950 4690 3071 4747 illos
3109 4692 3342 4747 maxime
3379 4692 3673 4747 contrista-

2088 4783 2199 4850 bat,
2232 4783 2432 4853 adjicit.
2473 4784 2584 4841 Ηορ
2629 4792 2766 4851 erat,
2805 4783 2945 4855 quod
2985 4784 3199 4839 dicebat
3237 4784 3341 4839 illis
3384 4785 3669 4841 Christus:

2093 4871 2248 4939 Quod
2264 4874 2322 4930 in
2336 4887 2465 4927 aure
2489 4875 2703 4930 audistis
2726 4916 2743 4942 ,
2795 4875 3069 4945 pratdicate
3095 4890 3250 4944 super
3274 4884 3403 4929 tecta
3444 4875 3668 4947 (Matth.

2088 4970 2175 5027 10.
2201 4969 2326 5039 27).
2358 4969 2421 5023 In
2450 4970 2652 5024 nomine
2692 4967 2818 5024 Iesu
2864 4967 3054 5024 Christi
3084 4968 3381 5037 Nazareni,
3418 4986 3566 5042 quem
3584 4984 3669 5024 vos

2083 5063 2425 5132 cruci/ixistis,
2444 5079 2591 5132 quem
2607 5060 2746 5116 Deus
2765 5062 3024 5117 suscitavit
3040 5078 3103 5117 ea:
3126 5063 3359 5129 mortuis,
3377 5063 3429 5117 in
3454 5064 3548 5123 hoc
3575 5062 3665 5118 iste

2082 5155 2250 5210 adstat
2279 5171 2451 5211 coram
2485 5155 2621 5209 vobis
2642 5171 2821 5210 sanus.
2846 5153 2925 5211 Ne
2954 5156 3171 5225 putetis,
3203 5155 3410 5227 inquit,
3441 5169 3539 5210 nos
3565 5169 3661 5211 oc-

2082 5246 2289 5303 cultare
2311 5246 2531 5317 patriam
2550 5246 2634 5301 vel
2662 5245 2988 5316 passionem.
3010 5246 3170 5313 Quem
3186 5262 3272 5301 vos
3288 5247 3425 5300 cruci
3431 5245 3615 5314 ﬁxistis
3635 5285 3651 5309 ,

2081 5357 2226 5411 quem
2248 5339 2386 5395 Deus
2411 5341 2668 5395 suscitavit
2681 5356 2743 5394 ea:
2757 5340 2988 5403 mortuis,
3006 5339 3058 5393 in
3074 5338 3167 5393 hoc
3185 5338 3271 5393 ille
3297 5338 3464 5391 adstat
3490 5352 3660 5390 coram

2081 5434 2219 5489 vobis
2242 5452 2417 5489 sanus.
2465 5434 2658 5489 lterum
2709 5434 2887 5504 passio
2913 5474 2929 5499 ,
2968 5434 3163 5488 iterum
3193 5430 3535 5487 resurrectio.
3570 5430 3660 5485 il.

2083 5526 2184 5582 Hic
2211 5537 2281 5584 est
2315 5528 2446 5597 lapis
2463 5571 2478 5596 ,
2508 5515 2605 5598 qui
2625 5528 2921 5598 reprobatus
2951 5536 3024 5579 est
3049 5542 3081 5578 a
3109 5525 3245 5577 vobis
3270 5523 3661 5591 ardi/icantibus,

2079 5621 2165 5690 qui
2190 5622 2352 5691 factus
2392 5631 2463 5675 est
2495 5622 2547 5673 in
2584 5628 2738 5691 caput
2778 5616 2956 5689 anguli
2976 5614 3145 5686 (Psal.
3174 5615 3298 5669 H7.
3329 5613 3444 5685 22).
3470 5614 3526 5669 in
3551 5631 3662 5670 me-

2081 5712 2303 5764 moriam
2351 5710 2480 5779 ipsis
2527 5718 2744 5764 revocat
2797 5709 3055 5771 verbum,
3102 5704 3245 5775 quod
3293 5714 3496 5761 terrere
3541 5703 3666 5767 illos

2143 5887 2161 5922 ¹
2195 5895 2305 5940 Qum
2331 5886 2516 5936 uncinis
2537 5885 2840 5943 clauduntur,
2870 5898 2995 5936 unus
3019 5898 3112 5934 non
3135 5883 3301 5934 hebet.
