4092 6446
527 403 596 458 87
1274 393 1331 452 S.
1369 391 1645 450 JOANNIS
1683 384 2154 447 CllRYSOSTOMl
2195 390 2513 450 ARCHIEP.
2556 395 3086 464 CONSTANTINOI'.

525 521 730 586 posset.
757 511 892 569 Nam
920 509 1030 565 ait:
1069 509 1170 578 Qui
1205 507 1440 562 ceciderit
1475 523 1628 578 super
1669 504 1890 572 lapidem
1940 503 2074 556 hunc
2095 543 2109 565 ,

522 607 904 676 confringetur;
930 619 1082 674 super
1103 617 1252 674 quem
1289 615 1406 655 vero
1431 598 1698 665 ceciderit,
1737 604 1960 651 conteret
1990 611 2107 649 eum

522 700 542 769 (
565 699 756 754 Matth.
782 699 874 756 2i.
903 697 972 753 44
992 699 1032 767 ).
1064 696 1153 752 12.
1185 694 1250 748 Et
1298 709 1399 747 non
1427 701 1500 746 est
1525 692 1579 746 in
1603 690 1706 745 alio
1735 689 1908 760 aliquo
1948 687 2108 742 salus.

524 791 718 862 Quales
770 797 924 860 putas
949 801 1015 844 ex
1061 786 1146 842 his
1194 785 1372 841 verbis
1417 785 1538 840 illos
1569 782 1750 856 plagas
1799 777 2113 852 accepisse?

525 883 632 937 :\'ec
666 882 802 936 enim
838 880 984 935 aliud
1011 895 1192 934 nomen
1216 888 1292 933 est
1316 877 1406 931 sub
1434 877 1559 932 ctelo
1585 875 1760 929 datum
1784 875 2071 930 hominibus
2089 915 2105 943 ,

518 976 570 1029 in
595 991 695 1046 quo
718 983 953 1044 oporteat
978 989 1069 1027 nos
1094 973 1260 1026 salvos
1290 971 1423 1040 ﬁeri.
1457 970 1552 1025 llic
1573 977 1628 1024 et
1653 968 1902 1024 sublimia
1928 968 2106 1038 loqui-

520 1079 628 1122 tur.
653 1063 884 1134 Quando
907 1064 1050 1121 enim
1079 1079 1186 1118 non
1206 1071 1292 1118 est
1309 1061 1507 1133 aliquid
1531 1060 1788 1132 praeclare
1810 1059 2102 1130 agendum,

517 1158 611 1212 sed
646 1167 850 1212 tantum
897 1170 1018 1212 cum
1067 1156 1314 1212 libertate
1357 1152 1682 1226 loquendum
1705 1195 1719 1217 ,
1751 1167 1858 1207 non
1890 1153 2061 1221 parcit
2090 1167 2102 1203 :

518 1265 623 1305 non
653 1249 798 1304 enim
831 1248 1084 1311 timebat,
1116 1261 1183 1302 ne
1222 1246 1634 1317 perstringeret.
1675 1243 1785 1298 Nec
1809 1243 1947 1297 dixit
1972 1243 2104 1296 sim-

518 1340 746 1411 pliciter,
777 1340 880 1409 Per
905 1338 1233 1406 alium;scd,
1268 1337 1389 1393 Non
1419 1347 1490 1393 est
1517 1338 1571 1391 in
1596 1337 1701 1392 alio
1730 1335 1901 1408 aliquo
1932 1337 2067 1392 salus
2086 1350 2106 1388 :

516 1433 799 1486 declarans
831 1431 973 1502 quod
1007 1431 1095 1485 hic
1126 1445 1224 1486 nos
1254 1439 1433 1501 potest
1477 1443 1725 1496 servare,
1781 1438 1943 1499 atque
1999 1428 2102 1482 illis

511 1523 670 1578 simul
701 1533 964 1578 terrorem
998 1523 1334 1577 incussurus.
1369 1522 1460 1576 15.
1502 1520 1738 1575 Videntes
1765 1531 1934 1574 autem
1965 1519 2104 1573 Petri

511 1617 850 1669 constantiam
873 1623 920 1669 et
947 1613 1166 1668 Joannis
1183 1655 1197 1679 ,
1239 1625 1496 1682 comperto
1524 1611 1660 1682 quod
1689 1613 1914 1665 homines
1941 1620 2102 1666 essent

510 1711 619 1764 sine
647 1709 807 1764 literis
828 1718 876 1762 et
901 1709 1095 1774 idiotw,
1120 1707 1527 1774 admirabantur,
1547 1715 1594 1760 et
1609 1705 1971 1776 cognoscebant
1994 1721 2094 1769 eos,

509 1804 626 1874 quia
643 1819 754 1857 cum
765 1802 892 1858 Iesu
912 1803 1133 1872 fuerant.
1155 1799 1523 1872 thuomodo,
1544 1799 1734 1869 inquit,
1767 1797 2002 1854 illiterati
2022 1798 2093 1852 illi

510 1907 565 1950 ct
593 1897 736 1966 ipsos
751 1906 803 1951 et
820 1911 1057 1950 summos
1081 1894 1388 1950 sacerdotes
1412 1893 1674 1948 rhetorica
1704 1907 1798 1946 sua
1821 1890 2099 1946 vicerunt?

509 1987 624 2042 Non
650 1989 748 2056 ipsi
774 1987 1147 2057 loquebantur,
1163 1985 1256 2041 sed
1285 2000 1377 2055 per
1405 1999 1498 2040 eos
1527 1984 1698 2055 gratia
1720 1983 1976 2053 Spiritus.
2007 1984 2094 2038 14.

509 2080 560 2132 11
565 2081 896 2152 aminemque,
925 2081 1009 2150 qui
1025 2088 1236 2134 sanatus
1255 2078 1444 2149 fuerat,
1467 2093 1582 2131 cum
1604 2077 1674 2130 eis
1695 2087 1831 2130 stare
1853 2077 2093 2142 videntes,

506 2173 635 2228 nihil
656 2183 884 2244 poterant
909 2172 1272 2226 contradicere.
1299 2170 1486 2241 Magna
1510 2169 1745 2223 hominis
1768 2169 2091 2230 constantia,

504 2279 560 2323 ut
588 2268 762 2339 palam
789 2275 960 2323 estex
988 2282 1054 2322 eo
1076 2308 1092 2334 ,
1124 2264 1266 2336 quod
1298 2265 1351 2319 in
1375 2265 1492 2334 ipso
1513 2262 1699 2332 judicii
1730 2263 1848 2317 loco
1876 2277 1979 2317 non
2009 2277 2095 2316 rc-

502 2361 770 2431 liuqueret
797 2375 892 2416 eos
921 2377 934 2414 :
985 2361 1055 2414 ita
1085 2369 1144 2414 ut
1168 2360 1211 2413 si
1243 2358 1317 2414 illi
1347 2356 1644 2423 dixissent,
1679 2370 1786 2410 non
1816 2356 1888 2410 ita
1919 2369 1977 2410 se
2004 2369 2092 2411 res

509 2451 667 2507 habet
693 2492 709 2518 ,
740 2451 829 2508 ille
857 2451 1235 2522 redarguisset.

574 2543 931 2613 Apostolorum
958 2544 1133 2599 virtus.
1164 2573 1234 2584 —
1251 2543 1337 2598 15.
1360 2542 1632 2596 Iusserunt
1651 2550 1818 2597 autem
1843 2557 1925 2597 eos
1951 2542 2090 2612 foras

497 2644 642 2690 extra
660 2635 931 2689 concilium
951 2633 1181 2689 secedere
1195 2648 1217 2689 :
1241 2644 1286 2688 et
1306 2634 1626 2703 conferebant
1643 2633 1712 2686 ad
1737 2635 1966 2698 invicem,
1996 2635 2082 2691 16.

496 2726 718 2781 dicentes
741 2742 760 2780 :
791 2725 927 2793 Quid
951 2726 1196 2797 faciemus
1222 2726 1506 2780 hominibus
1527 2727 1675 2780 istis?
1702 2725 1864 2782 Vides
1884 2769 1898 2793 ,
1927 2743 2086 2796 quam

495 2821 683 2877 incerti
713 2821 854 2876 sint?
880 2821 1030 2876 vides
1056 2819 1346 2876 humanum
1379 2820 1626 2876 timorem
1652 2821 1829 2875 omnia
1859 2835 2090 2891 operan-

494 2913 642 2967 tem?
674 2912 741 2970 Ut
762 2928 882 2981 qua:
913 2913 1156 2967 Christus
1186 2912 1508 2982 operabatur
1537 2913 1849 2967 subvertere
1872 2903 1951 2966 vel
1983 2912 2082 2966 ob-

491 3019 713 3060 scut-are
742 3019 846 3058 non
881 3011 1147 3074 poterant,
1173 3003 1266 3058 sed
1291 3004 1396 3056 illis
1424 3010 1606 3057 contra
1637 3001 1924 3058 nitentibus
1952 3002 2084 3058 ﬁdes

492 3099 660 3167 magis
689 3097 1022 3167 augebatur:
1053 3095 1132 3150 sic
1161 3103 1215 3149 et
1238 3108 1380 3148 nunc
1408 3094 1606 3149 evenit.
1638 3093 1777 3160 Quid
1799 3094 2085 3165 faciemus?

489 3187 534 3243 Ο
560 3187 949 3258 insipientiam,
986 3185 1127 3257 quod
1168 3185 1288 3240 illos
1329 3193 1449 3255 post
1483 3183 1760 3254 degustato
1789 3187 2080 3241 certamina

490 3281 680 3336 terreri
713 3279 998 3350 putabant;
1030 3280 1139 3335 imo
1165 3280 1209 3333 si
1239 3295 1359 3333 cum
1393 3277 1540 3338 initio
1575 3278 1705 3332 nihil
1749 3280 2077 3348 potuissent,

494 3383 612 3442 post
641 3380 843 3428 tantam
887 3371 1097 3428 dicendi
1130 3371 1432 3427 facultatem
1462 3370 1838 3426 existimabant
1874 3386 1934 3427 se
1975 3371 2077 3426 ali-

487 3465 613 3534 quid
640 3479 759 3519 esse
785 3463 1038 3520 facturos.
1074 3463 1283 3530 Quanto
1309 3463 1465 3532 igitur
1491 3463 1660 3532 magis
1699 3463 1958 3532 impedire
1981 3479 2078 3518 vo-

486 3555 665 3610 lebant
683 3597 698 3620 ,
744 3565 889 3613 lauto
915 3555 1083 3626 magis
1106 3569 1192 3612 res
1211 3555 1558 3625 augebantur.
1597 3555 1852 3623 Quoniam
1873 3557 2076 3627 quidem

485 3655 660 3702 notum
685 3647 886 3717 signum
913 3650 1106 3719 factum
1130 3657 1202 3703 est
1229 3665 1319 3718 per
1348 3664 1450 3711 eos,
1480 3649 1710 3704 omm'bus
1733 3647 2074 3706 habitantibus

481 3739 768 3796 Jerusalem
789 3741 1137 3814 manifestum,
1155 3749 1205 3796 et
1224 3758 1324 3795 non
1347 3757 1613 3811 possumus
1629 3751 1830 3812 negare.
1855 3743 1942 3798 17.
1969 3743 2074 3799 Sed

483 3848 545 3886 ne
569 3831 791 3902 amplius
818 3831 1107 3901 divulgetur
1124 3832 1178 3886 in
1208 3831 1471 3901 papulum,
1503 3834 1867 3887 comminemur
1893 3834 1983 3899 eis,
2012 3851 2074 3889 ne

483 3926 618 3980 ultra
647 3926 922 3996 loquantur
944 3927 996 3980 in
1018 3925 1219 3981 nomine
1247 3925 1341 3980 hoc
1362 3927 1453 3980 ulli
1474 3927 1753 3982 hominum.
1780 3927 1866 3983 18.
1893 3927 1960 3981 Et
1988 3945 2073 3982 vo-

481 4026 650 4071 cantes
678 4035 762 4073 eos
789 4020 1207 4074 denuntiauerunt
1235 4036 1300 4074 ne
1332 4019 1537 4074 omnino
1568 4021 1890 4090 loqueremur
1914 4037 2072 4091 neque

480 4109 714 4163 docerent
740 4112 791 4163 in
822 4111 1022 4165 nomine
1047 4109 1191 4166 Iesu.
1238 4111 1368 4167 Vide
1399 4111 1612 4167 illorum
1647 4112 2029 4184 impudentiam
2050 4157 2066 4181 ,

477 4211 534 4256 et
560 4204 924 4272 apostolorum
949 4205 1357 4277 phiIOSOphiam.
1385 4207 1470 4263 l9.
1503 4206 1687 4262 Petrus
1708 4225 1824 4263 vero
1844 4217 1890 4263 et
1915 4208 2070 4264 Joan-

479 4311 567 4348 nes
589 4297 964 4366 respondentes,
989 4299 1221 4353 dixerunt
1245 4299 1314 4352 ad
1335 4315 1417 4354 eos
1445 4315 1465 4354 :
1491 4299 1551 4355 Si
1575 4301 1764 4366 instant
1789 4310 1860 4356 est
1880 4302 1931 4356 in
1957 4318 2072 4356 con-

479 4397 653 4454 spectu
675 4385 785 4451 Dei,
818 4403 903 4442 vos
925 4392 1092 4458 potius
1121 4391 1300 4443 audire
1323 4407 1475 4460 quam
1500 4389 1685 4454 Deum,
1705 4393 1954 4461 judicate.
1973 4393 2063 4448 20.

482 4475 595 4530 Nos
621 4493 720 4530 non
751 4495 1037 4548 possumus,
1069 4497 1182 4550 qua:
1212 4482 1426 4536 vidimus
1453 4492 1498 4536 et
1525 4483 1829 4549 audivimus,
1865 4501 1963 4538 non
1987 4484 2065 4539 lo-

475 4569 582 4638 qui.
611 4568 702 4624 21.
730 4570 792 4623 At
815 4571 892 4624 illi
930 4571 1288 4627 comminantes
1334 4573 1630 4628 dimiserunt
1656 4592 1770 4642 eos,
1800 4592 1900 4629 non
1923 4576 2066 4631 inve-

477 4659 669 4714 nientes
688 4701 704 4728 ,
729 4661 984 4727 quomodo
1022 4664 1258 4732 punirent
1296 4681 1378 4719 eos
1399 4707 1412 4730 ,
1443 4675 1649 4733 propter
1684 4666 1948 4737 p0pulum.
1979 4665 2064 4722 Si-

477 4751 700 4805 lentium
749 4752 852 4808 illis
907 4753 1239 4823 imperabant
1291 4756 1576 4823 miracula,
1631 4771 1694 4812 ac
1733 4765 1916 4827 postea
1959 4774 2065 4814 non

477 4843 812 4912 patiebantur
833 4846 954 4901 illos
975 4847 1195 4917 implere
1216 4863 1518 4903 sermonem
1541 4866 1554 4913 ;
1583 4849 1677 4904 sed
1701 4850 1914 4906 interim
1935 4865 2067 4907 con-

477 4936 755 4993 tumeliose
775 4937 1065 4994 admodum
1087 4941 1226 5004 illos,
1247 4957 1313 4995 ne
1335 4941 1701 5012 loquerentur,
1721 4943 2065 5002 cohibebant.

480 5027 615 5094 Quia
635 5045 806 5084 ontrtes
831 5030 1180 5100 clariﬁcabant
1212 5031 1376 5088 Deum
1399 5035 1451 5088 in
1479 5050 1556 5103 eo,
1586 5037 1722 5105 quod
1744 5041 1931 5107 factum
1953 5041 2067 5109 fue-

473 5130 574 5174 rat.
604 5119 700 5174 2‘2.
725 5122 993 5175 Annorum
1014 5123 1144 5176 enim
1169 5134 1274 5178 erat
1296 5125 1520 5192 amplius
1537 5126 1875 5198 quadraginta
1891 5129 2061 5199 homo,

473 5217 524 5268 in
552 5231 651 5282 quo
671 5215 861 5284 factum
891 5218 1056 5287 fuerat
1087 5217 1288 5286 signum
1320 5219 1415 5272 hoc
1433 5221 1681 5276 sanitatis.
1703 5221 1808 5278 Sed
1837 5237 1922 5287 ea,
1943 5237 2065 5294 qua:

474 5323 632 5379 supra
661 5308 800 5363 dicta
833 5315 977 5374 sunt,
1009 5321 1332 5379 repetamus.
1364 5311 1442 5384 (a)
1474 5312 1610 5380 Quid
1630 5313 1873 5382 faciemus
1903 5315 2064 5368 homi-

477 5401 626 5454 nibus
669 5402 819 5457 istis?
865 5401 1046 5457 Primo
1090 5402 1250 5473 igitur
1279 5414 1498 5474 propter
1521 5406 1746 5476 gloriam
1776 5406 2064 5464 humanam

479 5493 655 5546 onuzia
688 5493 986 5561 faciebant;
1018 5512 1158 5550 nunc
1184 5506 1358 5551 autem
1388 5498 1528 5553 aliud
1551 5515 1765 5570 quoque
1791 5501 1842 5555 in
1873 5517 2065 5571 propo-

476 5581 578 5634 sito
610 5591 754 5649 erat,
798 5594 958 5641 utne
1002 5587 1312 5642 viderentur
1359 5590 1685 5660 sanguinarii
1724 5606 1878 5652 esse;
1923 5593 2065 5662 quod

480 5679 664 5741 postea
691 5673 938 5730 dicebant
965 5697 980 5739 ;
1017 5679 1186 5734 Vultis
1213 5681 1450 5736 inducere
1472 5699 1624 5753 super
1653 5701 1744 5738 nos
1769 5685 2064 5756 sataguinem

842 5805 979 5872 infra,
1019 5809 1170 5862 multa
1202 5812 1407 5868 deerant
1451 5817 1499 5867 in
1532 5816 1692 5869 Morel.
1728 5832 1838 5884 qum
1863 5833 1924 5872 ex
1949 5825 2054 5870 uss.

481 5868 598 5910 testi
608 5869 821 5914 tuantur.

2221 503 2438 562 hominis
2463 509 2646 567 istius?
2674 513 3046 574 Commincmur
3073 525 3172 589 eis,
3209 543 3272 581 ne
3297 530 3438 585 ultra
3465 534 3746 604 loquantur
3772 549 3818 599 in

2218 601 2420 655 nomine
2456 602 2551 657 hoc
2587 607 2684 661 ulli
2722 608 3001 667 hominum.
3035 615 3080 671 Ο
3118 619 3484 690 insipientiam
3507 601 3544 683 li
3575 632 3817 693 Fers-nasi

2216 693 2357 794 quod
2380 700 2911 768 resurrexisset,cum
2927 706 3060 764 'hinc
3079 725 3455 782 argumentum
3480 728 3818 794 accepissent

2216 783 2388 854 ipsum
2417 801 2540 844 esse
2574 791 2761 858 Deum,
2793 810 2916 851 eum
2944 800 3033 867 qui
3063 817 3091 856 a
3122 816 3294 862 morte
3318 809 3562 872 detineri
3591 783 3818 893 non

2215 886 2407 985 luerat,
2437 884 2546 938 suis
2579 890 2838 946 machinis
2859 893 3096 954 cohiberi
3122 917 3278 970 posse
3297 910 3603 975 sperabant
3621 914 3661 967 '.
3680 884 3813 985 Quid

2213 969 2337 1028 huic
2359 976 2579 1032 insanim
2602 985 2734 1078 par?
2758 987 2820 1042 Et
2845 1004 2911 1044 ne
2933 969 3142 1049 mireris
3168 999 3309 1066 quod
3329 969 3452 1066 res,
3479 1020 3604 1074 qum
3631 969 3811 1078 perlici

2211 1080 2317 1175 non
2349 1079 2614 1175 poterant,
2642 1075 2832 1134 iterum
2852 1091 3135 1142 attentent.
3160 1088 3485 1160 Hujusmodi
3513 1109 3598 1155 est
3622 1075 3810 1175 iniqui-

2211 1166 2330 1256 tas:
2360 1161 2490 1256 nihil
2535 1171 2780 1239 respicit,
2823 1174 2917 1230 sed
2946 1177 3140 1248 ubique
3178 1185 3562 1245 tumultuatur.
3595 1161 3810 1256 Moleste

2208 1253 2648 1355 einim‘lerentcs,
2692 1264 2761 1317 ita
2797 1265 2973 1322 allecti
3008 1282 3196 1340 ermit,
3238 1286 3294 1330 ut
3332 1280 3380 1333 si
3416 1279 3635 1355 decepti
3681 1253 3805 1346 luis;

2207 1350 2329 1445 sent
2359 1346 2413 1408 ²;
2451 1349 2592 1445 quod
2635 1355 2829 1411 accidit
2867 1357 2966 1423 iis,
3006 1363 3096 1430 qui
3137 1375 3500 1439 praeoccupati
3535 1346 3591 1429 et
3635 1378 3804 1435 luditi-

2206 1440 2477 1538 cati-suut
2520 1440 2572 1496 in
2613 1444 2786 1515 aliqua
2830 1462 2909 1503 re.
2961 1450 3040 1506 llli
3081 1455 3222 1508 enim
3265 1459 3470 1530 ubique
3517 1465 3801 1538 dicebant,

2205 1529 2346 1597 quod
2391 1530 2531 1588 Deus
2573 1534 2744 1605 ipsum
2775 1541 3114 1611 suscitasset,
3147 1549 3289 1617 quod
3322 1529 3392 1605 in,
3421 1561 3648 1614 nomine
3681 1529 3802 1618 Jesu

2207 1618 2293 1675 hic
2319 1622 2555 1680 adstaret
2591 1642 2782 1698 sanus,
2823 1635 3170 1694 ostendentes
3199 1655 3328 1698 vere
3368 1651 3682 1708 surrexisse
3717 1656 3801 1710 .le-

2203 1725 2344 1768 sum.
2375 1714 2624 1787 Alioquin
2665 1735 2792 1776 vero
2824 1724 2920 1794 ipsi
2961 1742 3170 1801 quoque
3198 1741 3657 1798 resurrectionem
3688 1763 3799 1803 esse

2203 1806 2496 1874 putabant,
2543 1809 2730 1881 frigide
2756 1816 2970 1885 quidem
3002 1830 3057 1874 et
3086 1825 3396 1892 pueriliter;
3433 1836 3695 1900 putabant
3721 1851 3796 1894 ta-

2204 1911 2365 1998 men;
2398 1916 2538 1957 nunc
2565 1919 2693 1958 vero
2723 1923 2828 1962 non
2854 1911 3109 1979 credunt,
3140 1927 3194 1970 et
3221 1919 3531 1991 turbantur,
3562 1930 3689 1998 quid
3730 1933 3798 1986 l‘a-

2199 1991 2448 2049 cicndum
2489 1996 2558 2050 sit
2593 2001 2981 2059 consultantes.
3033 2007 3144 2064 Hoc
3189 2013 3436 2081 profecto
3478 1991 3655 2077 solum
3696 2041 3792 2080 non

2200 2083 2341 2184 satis.
2357 2095 2472 2140 erat
2507 2088 2573 2143 ad
2610 2093 3069 2166 persuadendum,
3115 2115 3183 2156 ne
3211 2105 3337 2174 quid
3374 2108 3481 2165 illis
3528 2111 3790 2184 facerent,

2197 2173 2341 2241 quod
2387 2190 2580 2247 nempe
2607 2194 2728 2235 cum
2771 2191 2914 2239 tanta
2957 2188 3200 2248 libertate
3230 2173 3641 2266 loquerentur?
3667 2173 3788 2273 Cur,

2197 2279 2409 2361 quaeso,
2456 2285 2562 2326 non
2591 2273 2800 2342 credis,
2843 2293 2875 2330 ο
2915 2278 3138 2338 ,Ιυάειιθῖ
3171 2283 3302 2340 Nam
3329 2290 3491 2361 signo
3521 2298 3792 2353 attendere

2196 2360 2476 2427 oportebat
2508 2371 2564 2419 et
2600 2369 2970 2438 sermonibus,
3003 2389 3321 2434 non-autem
3354 2360 3662 2448 multorum
3691 2390 3786 2442 iui-

2194 2453 2405 2522 quitati.
2443 2453 2499 2510 Et
2515 2471 2798 2524 quarenan
2815 2463 3168 2522 traduntillos
3181 2466 3448 2529 Romanis
3464 2476 3488 2529 ?
3504 2474 3628 2531 Jam
3658 2479 3787 2533 male

2193 2543 2481 2602 audiebant
2524 2549 2663 2620 apud
2716 2552 2836 2607 illos
2889 2556 2958 2610 ob
2995 2573 3080 2625 ea,
3138 2574 3258 2630 quae
3305 2563 3359 2617 in
3405 2565 3681 2624 Chrismm
3709 2571 3784 2625 lc-

2191 2648 2408 2706 cerant,
2440 2651 2599 2712 atque
2630 2643 2701 2700 ita
2741 2645 2841 2702 sibi
2885 2648 3014 2718 ipsis
3044 2653 3244 2708 malum
3280 2651 3624 2724 inferebant.
3662 2661 3779 2716 dum

2189 2730 2468 2800 curabant,
2493 2743 2550 2788 ut
2577 2749 2764 2792 eorum
2798 2739 3088 2808 publicatio
3115 2742 3455 2805 diﬂ'erretur.
3488 2750 3544 2806 In
3576 2752 3780 2809 Christo

2187 2832 2365 2880 autem
2398 2842 2504 2883 non
2527 2830 2690 2895 item;
2720 2832 2812 2886 scd
2843 2834 3016 2890 media
3044 2847 3200 2894 nocte
3225 2853 3442 2910 raptum
3473 2847 3654 2902 statim
3684 2848 3773 2902 ab-

2185 2915 2474 2985 duxerunt,
2505 2936 2678 2991 neqne
2696 2923 3040 2993 distulerunt,
3071 2931 3472 2991 multitudinem
3497 2939 3773 2994 admodum

2186 3007 2458 3064 timentes.
2480 3009 2631 3066 Circa
2657 3013 2753 3071 hos
2769 3026 2945 3071 autem
2973 3020 3173 3075 nullam
3200 3021 3451 3082 ﬁduciam
3477 3029 3772 3085 habebant:

2187 3114 2362 3195 neque
2389 3101 2661 3160 adducunt
2694 3121 2788 3162 eos
2826 3109 2891 3164 ad
2933 3111 3192 3183 Pilatum,
3221 3120 3370 3188 quod
3401 3123 3639 3190 priorum
3685 3142 3772 3195 pu-

2185 3193 2358 3261 deret,
2390 3211 2452 3251 ac
2483 3212 2550 3253 ne
2579 3198 2646 3255 de
2674 3199 2740 3257 iis
2761 3201 3230 3276 redarguerentur.
3268 3210 3492 3269 Factum
3517 3193 3772 3273 astantem

2182 3285 2235 3341 in
2262 3291 2558 3359 crastinum,
2585 3302 2642 3346 ut
2685 3310 3112 3369 congregarentur
3152 3304 3414 3376 principes
3433 3325 3607 3365 eorum
3629 3321 3672 3365 et
3691 3327 3765 3365 se-

2183 3383 2352 3437 niores
2374 3395 2420 3438 et
2443 3386 2622 3441 scriba:
2649 3389 2701 3442 in
2723 3388 3031 3450 Jerusalem.

2251 3477 2305 3532 '5.
2349 3476 2491 3532 Petri
2509 3483 2811 3536 constantia.
2829 3513 2902 3524 —
2919 3485 3124 3542 Rursus
3145 3491 3372 3546 concilia
3400 3493 3760 3568 Jerosolymis.

2177 3579 2232 3626 et
2257 3570 2326 3625 ibi
2359 3573 2574 3644 sanguis
2590 3573 2911 3644 ell'unditur;
2939 3595 3110 3650 neque
3137 3584 3326 3638 urbem
3354 3589 3575 3642 reveriti
3618 3599 3752 3641 sunt.

2177 3663 2381 3731 Aonas,
2416 3663 2604 3736 inquit,
2638 3674 2693 3721 et
2722 3667 2976 3738 Caiphas.
3013 3671 3180 3741 llujus
3229 3691 3360 3730 vero
3407 3695 3476 3732 ne
3526 3679 3761 3734 ancillam

2175 3757 2390 3828 quidem
2436 3759 2855 3831 interrogantem
2886 3764 3141 3820 sustinuit
3191 3768 3385 3826 Petrus
3429 3772 3641 3842 (Matth.
3675 3772 3756 3826 26.

2175 3851 2265 3919 70)
2296 3866 2308 3906 :
2333 3850 2433 3906 sub
2459 3851 2560 3907 hoc
2583 3863 2888 3924 negaverat,
2921 3858 3049 3912 dum
3067 3859 3206 3914 alius
3232 3861 3594 3921 detineretur.
3622 3864 3759 3919 Nunc

2173 3961 2305 4002 vero
2329 3945 2380 4001 in
2410 3946 2616 4003 medios
2657 3947 2774 4004 illos
2804 3965 3114 4022 erumpens,
3139 3952 3262 4011 vide
3287 3959 3564 4026 quomodo
3590 3960 3756 4027 loqua-

2177 4047 2264 4094 tur
2295 4058 2309 4094 :
2345 4038 2408 4096 Si
2435 4055 2528 4095 nos
2575 4039 2725 4096 hodie
2752 4042 3094 4114 dijudicamur
3135 4047 3188 4101 in
3236 4049 3504 4122 benefacto
3554 4051 3756 4106 hominis

2171 4131 2385 4202 infirmi,
2414 4133 2468 4187 in
2496 4149 2594 4204 quo
2614 4135 2709 4189 iste
2731 4136 2900 4191 salvus
2929 4141 3094 4208 factus
3123 4151 3216 4208 est,
3247 4155 3425 4198 notum
3451 4147 3512 4198 sit
3541 4145 3755 4200 omnibus

2172 4224 2333 4280 vobis.
2367 4225 2446 4280 Illi
2478 4243 2630 4291 vero,
2663 4227 2730 4282 In
2759 4246 2859 4298 quo
2895 4235 3116 4297 nomine,
3147 4233 3422 4304 inquiunt,
3458 4240 3642 4310 fecistis
3669 4239 3755 4291 hoc

2171 4333 2256 4372 vos
2273 4319 2299 4372 ?
2320 4315 2429 4372 Cur
2459 4334 2562 4374 non
2589 4319 2688 4375 hoc
2715 4320 2869 4386 dicis,
2892 4323 2986 4378 sed
3020 4327 3296 4381 occultas?
3331 4328 3394 4383 In
3421 4348 3518 4400 quo
3565 4330 3753 4384 nomine

2171 4410 2359 4480 fecistis
2387 4411 2481 4465 hoc
2501 4412 2628 4466 vos?
2649 4414 2805 4484 Atqui
2833 4415 3061 4482 dicebat,
3091 4417 3206 4472 Non
3229 4435 3329 4476 nos
3361 4422 3602 4478 fecimus.
3634 4422 3751 4475 Vide

2170 4501 2507 4572 prudentiam
2543 4522 2557 4559 :
2593 4521 2698 4560 non
2720 4506 2855 4562 dixit
2881 4509 3083 4571 statim,
3117 4509 3171 4564 In
3202 4514 3422 4569 nomine
3450 4514 3576 4570 Jesu
3627 4513 3746 4568 feci-

2171 4611 2323 4664 mus;
2352 4599 2445 4652 sed
2467 4598 2594 4668 quid
2617 4601 2640 4652 ?
2666 4598 2734 4653 In
2764 4602 2966 4655 nomine
2988 4604 3100 4673 ejus
3128 4604 3210 4658 hic
3231 4607 3400 4662 adstat
3426 4624 3594 4663 coram
3623 4606 3749 4660 vobis

2169 4704 2340 4742 sanus.
2377 4688 2562 4760 Neque
2582 4689 2730 4754 dicit,
2757 4691 2949 4747 Factus
2977 4702 3061 4748 est
3088 4709 3116 4748 a
3147 4696 3302 4751 nobis
3331 4709 3514 4753 sanus.
3551 4698 3610 4753 Et
3633 4711 3744 4751 rur-

2169 4793 2282 4847 sus,
2315 4780 2378 4836 Si
2405 4797 2496 4836 no:
2525 4783 2868 4853 dijudicamur
2895 4785 2947 4839 in
2997 4787 3258 4858 benefacta
3296 4791 3517 4845 hominis
3545 4787 3742 4858 inﬁrmi.

2171 4873 2492 4944 Perstringit
2529 4875 2652 4930 illos
2690 4883 2749 4930 ut
2773 4875 2866 4946 qui
2913 4891 3126 4948 semper
3153 4881 3368 4937 easdem
3395 4881 3746 4937 accusationes

2171 4965 2478 5037 proferant,
2508 4977 2563 5022 et
2594 4968 2857 5024 beneﬁcia
2903 4969 3177 5027 hominum
3226 4973 3620 5044 reprehendant
3645 4989 3658 5024 :
3686 4984 3745 5021 ac

2170 5061 2437 5132 prmterita
2464 5061 2516 5115 iu
2539 5061 2854 5116 lucinoriam
2882 5075 3118 5130 revocat,
3147 5066 3288 5135 quod
3311 5081 3522 5135 semper
3543 5062 3610 5118 ad
3643 5075 3740 5115 cm:

2170 5152 2264 5208 des
2292 5162 2548 5218 currant;
2571 5168 2746 5225 neque
2775 5153 2878 5211 hoc
2901 5164 3126 5221 tantum,
3172 5158 3270 5214 sed
3298 5159 3460 5214 etiam
3491 5157 3557 5212 de
3587 5155 3742 5210 bene-

2172 5245 2307 5307 liciis
2362 5247 2625 5301 incusent.
2657 5246 2838 5313 Vides,
2867 5248 3008 5318 quod
3049 5250 3257 5319 pondus
3287 5251 3446 5306 verba
3479 5244 3737 5304 habeant?

2171 5336 2226 5392 In
2261 5338 2344 5392 his
2371 5339 2516 5394 enim
2543 5340 2992 5408 exercitabautur,
3025 5355 3089 5395 ac
3114 5341 3368 5414 deinceps
3412 5335 3739 5410 imperterriti

2170 5441 2340 5485 erant.
2375 5431 2509 5486 llinc
2535 5432 2769 5488 ostendit
2811 5433 2932 5488 illos
2966 5433 3050 5489 vel
3094 5435 3290 5505 invitos
3317 5433 3583 5490 Christum
3613 5441 3738 5499 prm-

2235 5567 2253 5631 ξ
2286 5569 2291 5575 ·
2323 5561 2459 5610 Unus
2510 5563 2666 5631 cedes
2717 5562 2867 5631 habet
2895 5602 2908 5625 ,
2993 5574 3156 5631 Ipsum
3184 5557 3738 5631 esscmnetmt,_inrwmine

2168 5629 2307 5694 illius
2320 5639 2465 5694 gnem
2487 5627 2962 5694 niors_tletinere__nmt
2985 5627 3154 5691 potuit,
3168 5631 3222 5682 in
3242 5629 3371 5682 illius
3394 5628 3542 5692 ipsius
3561 5630 3736 5674 notum

2169 5687 2492 5757 prtcilicautos
2511 5687 2728 5757 cohibere
2743 5687 3029 5757 moliuntur.

2234 5755 2254 5784 ²
2290 5752 2343 5820 lu
2369 5751 2544 5823 eodem
2568 5751 2984 5828 Qullsiculeguur
3003 5756 3133 5828 used
3157 5755 3352 5828 ubique.
3369 5746 3734 5828 titittttltttaluffl

2170 5818 2221 5930 in
2240 5829 2290 5865 se
2312 5811 2471 5925 ipson:
2485 5813 2719 5876 impingit.
2755 5821 2810 5863 tit
2855 5811 2969 5877 Ergo
2991 5816 3033 5866 si
3067 5811 3262 5883 decepti
3278 5811 3729 5881 fuissent,itacon$l'

2190 5892 2292 5930 tum
2312 5888 2452 5927 manu
2477 5912 2489 5925 .

2190 5892 2292 5931 tum
2312 5888 2489 5927 meum.
