3946 6470
220 439 281 497 ςθ
1238 427 1308 485 ΙΝ
1344 425 1525 485 ACTA
1563 419 2088 482 APOSTOLORUM.
2131 425 2356 484 IIOMIL.
2397 427 2465 485 Χ.
3469 436 3539 494 90

220 559 413 621 dieare,
449 561 507 609 et
542 551 686 607 dum
714 547 1014 621 dijudicant
1052 554 1102 602 et
1118 545 1449 610 examinant,
1495 543 1597 598 hoc
1626 540 1835 611 dogma

221 648 501 709 extollere.
530 646 711 711 Quem
737 660 828 699 ros
853 639 1195 709 cruci/ixistis.
1220 637 1380 707 Papae
1401 643 1596 705 quanta
1621 629 1835 687 dicendi

223 740 471 801 libertas!
508 739 687 805 Quem
715 736 863 792 Deus
880 730 1137 789 suscitauit
1174 730 1464 784 emortuis.
1496 726 1610 782 Hoc
1639 725 1836 779 iterum

205 837 482 907 'Ilajorem
515 847 645 903 prae
674 844 737 886 se
765 827 874 887 fert
890 827 1212 883 libertatem.
1243 822 1354 878 llcc
1379 835 1507 891 ergo
1534 818 1645 874 vult
1671 815 1838 885 signi-

230 932 377 986 ﬁcare
411 943 428 980 :
462 924 557 981 Ne
590 923 800 995 putetis
831 936 931 976 nos
955 918 1306 990 ignominiosa
1333 913 1636 976 occultare;
1664 909 1752 963 illa
1777 907 1840 962 li-

231 1023 342 1078 bere
369 1017 784 1090 praedicamus,
813 1012 1010 1068 nedum
1035 1009 1291 1066 celemus.
1341 1006 1468 1061 llaec
1497 1011 1702 1058 tantum
1730 1013 1837 1090 non

235 1088 616 1183 improperaus
647 1106 800 1170 dicit,
818 1117 992 1175 neque
1019 1098 1357 1170 simpliciter,
1373 1095 1466 1151 sed
1485 1094 1645 1150 etiam
1673 1091 1725 1145 in
1755 1088 1839 1183 his

235 1181 487 1259 moratur.
528 1199 641 1252 Hic
664 1207 740 1251 est
769 1197 921 1266 lapis,
948 1194 1034 1265 qui
1060 1190 1355 1264 reprobatus
1384 1197 1458 1243 est
1490 1203 1524 1241 a
1547 1184 1686 1240 vobis
1713 1181 1840 1237 tedi-

236 1295 521 1366 ﬁanuibus.
553 1290 771 1347 Deinde
797 1287 1090 1344 ostendens
1130 1286 1275 1356 ipsos
1303 1281 1592 1338 admodum
1619 1275 1838 1345 conspi-

234 1403 385 1445 cuum
400 1386 564 1441 illum
582 1382 802 1449 fecisse,
817 1378 962 1435 addit
982 1397 995 1434 :
1016 1376 1114 1445 Qui
1131 1378 1295 1448 factus
1314 1383 1385 1428 est
1400 1373 1614 1442 ineaput
1629 1366 1841 1439 anguli;

238 1483 286 1538 id
310 1490 411 1547 est,
442 1478 542 1551 qui
589 1485 784 1532 natura
825 1472 1089 1543 pretiosus
1117 1484 1181 1524 ac
1211 1467 1466 1539 probatus
1489 1473 1624 1526 erat,
1645 1461 1733 1516 hic
1760 1475 1841 1513 re-

241 1574 491 1646 probatus
513 1578 628 1625 est.
653 1568 883 1622 Tantam
904 1581 934 1619 a
955 1564 1106 1634 signo
1132 1562 1273 1616 facto
1299 1558 1569 1633 habebant
1589 1552 1842 1626 loquendi

252 1665 509 1721 fiduciam.
542 1661 632 1717 Tu
655 1675 787 1716 vero
814 1656 940 1713 mihi
965 1654 1253 1726 perpende,
1275 1650 1566 1723 quomodo,
1592 1663 1714 1704 cum
1740 1646 1841 1701 do-

259 1773 374 1815 cere
397 1764 634 1827 oportet,
697 1751 1006 1823 prophetias
1030 1748 1256 1804 afferant
1298 1746 1528 1811 multas;
1560 1757 1682 1800 eum
1714 1754 1844 1796 vero

253 1851 410 1906 libere
438 1845 783 1919 loquendum
814 1852 919 1909 est,
965 1840 1289 1897 sententiam
1341 1837 1514 1893 solum
1544 1833 1840 1905 proferant.

246 1943 423 2015 Neque
450 1942 615 2007 enim,
647 1938 853 2009 inquit,
900 1936 1042 1990 aliud
1065 1950 1244 1989 nomen
1275 1942 1346 1987 est
1388 1930 1478 1987 sub
1513 1930 1637 1984 ccelo
1668 1927 1845 1981 datum

247 2037 555 2100 lacunaribus,
589 2035 642 2087 in
671 2049 769 2104 quo
795 2040 1022 2104 oporteat
1049 2046 1141 2084 nos
1169 2027 1336 2083 salvos
1360 2026 1490 2097 ﬁeri.
1511 2024 1646 2093 Quia
1668 2022 1847 2078 omni-

242 2131 339 2185 bus
368 2125 711 2190 hominibus,
741 2138 913 2194 neque
937 2122 1042 2177 illis
1083 2121 1282 2185 solum,
1300 2119 1482 2173 datum
1503 2125 1584 2172 est
1611 2130 1840 2171 nomen:

240 2239 341 2295 qua
374 2224 434 2276 in
456 2236 519 2275 re
552 2218 676 2273 illos
700 2217 861 2273 etiam
894 2224 1056 2270 testes
1077 2212 1314 2268 adducit.
1354 2209 1489 2278 Quia
1521 2208 1666 2265 enim
1693 2207 1846 2263 dice-

241 2316 402 2371 bant:
458 2310 530 2366 In
582 2325 684 2379 quo
736 2308 940 2363 nomine
971 2306 1206 2376 fecistis?
1242 2303 1311 2358 In
1369 2303 1575 2357 nomine
1635 2299 1845 2366 Christi,

244 2404 514 2475 inquiunt,
550 2417 657 2455 non
687 2409 759 2455 est
784 2399 927 2454 aliud
957 2413 1159 2452 nomen.
1192 2394 1477 2462 Quomodo
1514 2408 1645 2464 ergo
1684 2394 1850 2447 inter-

243 2496 482 2568 rogatis?
537 2493 633 2550 Sic
661 2492 861 2563 ubique
914 2491 1017 2546 hoc
1042 2490 1383 2544 manifestum
1424 2497 1526 2543 est.
1559 2485 1672 2540 Nec
1715 2484 1850 2540 enim

246 2589 385 2644 aliud
413 2603 604 2642 nomen
625 2594 702 2639 est
741 2584 832 2639 sub
857 2584 1002 2646 oculo,
1035 2581 1226 2652 inquit,
1275 2580 1329 2634 in
1364 2596 1462 2650 quo
1491 2586 1718 2648 oporteat
1757 2593 1850 2631 nos

254 2684 412 2737 alvos
458 2681 596 2749 ﬁeri.
644 2678 775 2733 Haec
820 2684 944 2732 sunt
971 2676 1165 2731 anima:
1194 2674 1356 2729 vitam
1404 2682 1725 2743 przesentem
1755 2669 1851 2726 de-

259 2774 553 2845 spicientis;
603 2781 661 2828 ut
676 2771 850 2842 arguit
869 2771 956 2825 illa
983 2777 1125 2824 tanta
1139 2769 1379 2824 libertas.
1394 2766 1530 2822 Hinc
1551 2766 1725 2837 palam
1744 2772 1848 2832 est,

259 2867 462 2940 quando
482 2864 712 2920 humilia
735 2863 804 2918 de
832 2862 1046 2918 Christo
1064 2861 1214 2929 dicit,
1244 2874 1350 2915 non
1381 2874 1494 2929 prae
1518 2860 1731 2925 timore,
1756 2856 1852 2913 sed

248 2976 308 3016 se
338 2956 757 3030 attemperando
807 2955 859 3011 id
903 2969 1064 3026 agere
1096 2970 1111 3008 :
1140 2953 1264 3024 quia
1310 2967 1441 3009 vero
1484 2951 1596 3023 jam
1640 2959 1852 3021 tempus

246 3063 380 3120 erat,
422 3052 507 3106 sic
528 3050 785 3106 sublimia
817 3049 1084 3119 loquitur;
1118 3048 1188 3101 ita
1214 3057 1276 3102 ut
1296 3046 1424 3101 hinc
1451 3046 1613 3102 etiam
1640 3044 1852 3101 audito-

244 3162 328 3201 res
370 3158 574 3200 omnes
611 3142 1059 3214 obstupefaceret.
1082 3140 1219 3196 Ecce
1243 3148 1295 3195 et
1316 3139 1459 3194 aliud
1487 3139 1695 3210 signum
1718 3152 1854 3208 pra:-

239 3240 477 3294 cedente
497 3250 610 3291 non
637 3235 833 3289 minus.
863 3231 1364 3306 Cognoseebanteos,
1381 3232 1576 3304 inquit,
1602 3232 1721 3303 quia
1738 3247 1854 3286 cum

238 3329 364 3386 Iesu
392 3334 632 3401 fueram.
663 3326 776 3383 Non
804 3327 920 3382 sine
949 3340 1107 3382 causa
1135 3325 1237 3381 hoc
1269 3322 1449 3396 poSuit
1491 3323 1851 3395 Evangelista,

236 3424 330 3479 sed
378 3434 445 3477 ut
490 3421 730 3476 declaret
775 3420 960 3487 etiam,
992 3419 1079 3475 ubi
1108 3418 1327 3474 fuerint.
1369 3419 1427 3474 lu
1457 3419 1733 3490 passione,
1766 3418 1853 3472 iu-

236 3517 375 3586 quit.
408 3512 484 3568 Hi
514 3513 663 3568 enim
692 3511 791 3568 soli
838 3520 964 3567 tunc
990 3527 1091 3566 una
1136 3522 1312 3575 erant,
1363 3510 1578 3582 quando
1608 3510 1858 3567 viderunt

235 3609 365 3664 illos
394 3605 664 3671 humiles,
693 3604 929 3676 deiectos
956 3623 971 3660 :
1000 3604 1143 3675 quod
1174 3605 1293 3661 illos
1336 3606 1569 3661 maxime
1599 3605 1650 3660 in
1686 3603 1859 3660 admi-

237 3703 521 3757 rationem
547 3696 815 3767 rapiebat,
861 3698 1144 3767 repentina
1186 3712 1383 3767 nempe
1431 3696 1675 3751 mutatio.
1722 3695 1858 3750 Nam

240 3794 349 3850 illic
385 3798 561 3849 erant
607 3793 788 3844 Annas
834 3798 892 3845 et
931 3789 1185 3858 Caiphas,
1217 3797 1271 3844 et
1295 3789 1348 3842 hi
1379 3789 1543 3844 etiam
1574 3787 1860 3843 adstabant

242 3889 381 3953 illis;
416 3899 572 3941 nunc
600 3893 778 3938 autem
805 3882 1263 3953 obstupefaciebat
1288 3897 1386 3938 eos
1416 3883 1505 3937 illa
1535 3890 1681 3936 tanta
1701 3880 1859 3936 liber-

244 3990 345 4037 tas.
370 3979 574 4049 Neque
602 3976 748 4031 enim
773 3975 951 4031 verbis
984 3983 1189 4029 tantum
1212 3974 1592 4041 ostendebant,
1623 3989 1683 4029 se
1726 3973 1860 4029 nihil

243 4088 445 4129 curare
472 4071 545 4126 de
575 4069 738 4125 rebus
781 4067 1088 4137 huiusmodi
1133 4067 1186 4121 in
1207 4067 1296 4138 jus
1330 4067 1612 4135 adductos,
1641 4082 1766 4122 cum
1790 4066 1861 4123 de

245 4165 520 4225 extremis
545 4162 1010 4235 periclitarentur;
1035 4160 1128 4217 sed
1151 4161 1420 4226 ethabitu,
1443 4176 1596 4228 voce,
1617 4169 1857 4231 aspectu,

248 4271 305 4317 et
323 4258 598 4315 omnibus
618 4256 917 4311 libertatem
941 4253 1189 4325 loquendi
1211 4268 1393 4309 coram
1425 4254 1624 4324 populo
1643 4252 1865 4308 exhibe-

247 4354 403 4409 bant.
437 4348 769 4405 Mirabantur
796 4362 925 4403 vero
952 4346 1180 4402 fortasse
1202 4387 1219 4414 ,
1248 4347 1390 4414 quod
1419 4346 1665 4401 homines
1708 4345 1865 4401 illite-

249 4446 358 4500 rati
378 4452 442 4501 et
474 4441 657 4497 idiota:
680 4448 881 4496 essent.
908 4439 1090 4495 Potest
1108 4438 1250 4493 enim
1271 4438 1390 4509 quis
1418 4438 1699 4494 illiteratus
1719 4450 1860 4504 esse,

252 4550 362 4592 nec
391 4533 601 4598 idiota;
620 4531 706 4587 vel
728 4531 911 4597 idiota,
933 4545 1033 4587 nec
1058 4530 1363 4585 illiteratus.
1386 4530 1484 4585 Hic
1503 4543 1664 4600 porro
1680 4538 1865 4584 osten-

257 4625 341 4681 dit
369 4626 497 4680 hacc
521 4623 633 4678 duo
664 4622 1023 4679 concurrisse.
1053 4621 1439 4692 Compertoque,
1460 4621 1648 4692 inquit.
1670 4620 1868 4678 Unde?

260 4718 349 4773 Ex
379 4717 474 4782 iis,
503 4730 629 4787 qua:
667 4715 937 4771 dicebant.
969 4714 1084 4771 Non
1116 4714 1306 4787 longos
1333 4716 1538 4785 profert
1562 4729 1861 4782 sermones,

265 4812 363 4867 sed
401 4825 471 4864 ex
517 4809 633 4880 ipsa
680 4808 1044 4865 enuntiatione
1082 4818 1136 4864 et
1172 4809 1571 4865 constructione
1618 4808 1868 4865 fiduciam

278 4901 552 4966 ostendit;
587 4902 766 4972 itaque
812 4901 864 4957 in
912 4901 1035 4956 illos
1063 4901 1241 4957 acrius
1270 4902 1528 4972 egissent,
1577 4902 1678 4957 nisi
1707 4901 1869 4957 homo

286 4993 379 5048 ille
400 4995 587 5050 fuisset
615 5009 734 5049 cum
762 4995 861 5051 eis.
895 4994 1293 5066 Cognoseebant,
1335 4995 1527 5066 inquit,
1556 4995 1694 5064 illos,
1738 5011 1869 5067 quo-

294 5084 555 5141 niamctun
595 5084 722 5143 Jesu
755 5090 977 5159 fuerant.
1004 5084 1163 5143 Unde
1200 5086 1493 5142 credebant
1533 5086 1650 5142 haec
1690 5086 1810 5143 illos
1838 5100 1871 5142 a

289 5173 425 5230 Jesu
465 5175 723 5245 didicisse,
766 5187 824 5234 et
851 5189 911 5234 ut
953 5178 1071 5249 ejus
1100 5178 1395 5249 discipulos
1440 5179 1623 5235 omnia
1666 5178 1869 5235 facere.

278 5266 400 5325 Nec
427 5267 678 5326 minorem
708 5271 920 5326 illorum
948 5270 1110 5327 dictis
1153 5287 1340 5328 vocem
1368 5272 1647 5328 emittebat
1697 5272 1872 5344 ipsum

270 5361 634 5429 miraculum;
661 5363 806 5434 quod
829 5370 885 5418 et
913 5363 1149 5419 maxime
1170 5362 1383 5418 illorum
1413 5378 1508 5419 ora
1539 5363 1871 5421 obstruebat.

271 5453 339 5511 Si
351 5455 556 5526 justum
578 5462 669 5521 est,
700 5454 893 5526 inquit,
938 5457 993 5510 in
1021 5464 1295 5528 conspectu
1322 5454 1421 5509 Dei
1459 5470 1546 5511 vos
1583 5458 1751 5527 potius
1777 5474 1874 5511 au-

270 5548 407 5613 dire,
429 5562 584 5617 quam
599 5546 784 5614 Deum,
801 5548 1048 5619 judicate.
1072 5547 1296 5617 Quando
1313 5557 1488 5605 metus
1509 5550 1684 5605 minor
1704 5548 1876 5607 factus

270 5648 397 5693 erat
423 5639 574 5705 (nam
606 5638 941 5696 interminari
965 5641 1095 5697 nihil
1133 5640 1279 5698 aliud
1307 5650 1443 5708 erat,
1469 5657 1629 5715 quam
1654 5641 1776 5698 illos
1795 5643 1876 5698 di-

272 5730 472 5800 mitti),
501 5738 629 5786 tunc
647 5731 829 5788 mitius
864 5732 1183 5804 loquuntur;
1202 5732 1274 5789 ita
1302 5735 1485 5805 procul
1511 5745 1666 5792 erant
1685 5734 1752 5791 ab
1776 5750 1878 5790 au-

272 5819 456 5878 dacia.
490 5822 626 5892 Quia
648 5833 833 5881 notum
854 5825 1063 5897 signum
1092 5834 1195 5896 est,
1222 5826 1343 5882 Non
1375 5844 1644 5897 possumus
1671 5843 1875 5900 negare.

278 5909 470 5984 Itaque
523 5925 833 5991 negassent,
880 5916 984 5975 nisi
1008 5932 1097 5976 res
1126 5918 1200 5976 ita
1229 5930 1291 5976 se
1314 5917 1608 5991 habuisset,
1629 5919 1732 5979 nisi
1753 5936 1874 5980 om-

1942 539 2089 596 nium
2143 544 2451 600 testimonio
2494 546 2704 603 firmata
2762 548 2991 605 fuisset:
3028 539 3281 608 omnibus
3337 556 3537 625 quippe

1942 641 2069 687 nota
2098 644 2235 691 erat.
2274 635 2380 693 Sed
2428 637 2547 694 talis
2574 648 2659 695 cst
2684 641 2940 711 nequitia,
2989 643 3162 699 audax
3205 644 3457 701 nimirum
3483 659 3538 702 et

1942 726 2209 795 petulans.
2245 727 2641 786 Comminemur.
2674 732 2812 802 Quid
2834 733 3049 791 dicitis?
3073 750 3141 791 an
3173 737 3333 793 minis
3358 751 3539 808 spera-

1942 818 2011 873 tis
2040 835 2136 875 vos
2180 822 2615 892 prmdicationem
2643 841 2769 883 esse
2812 827 3186 887 cohibituros?
3218 832 3307 888 Sic
3336 832 3539 903 ubique

1943 910 2201 983 principia
2227 923 2350 970 sunt
2371 916 2538 972 ardua
2569 928 2622 973 et
2652 917 2908 975 difﬁcilia.
2927 920 3236 992 Magistrum
3263 924 3542 981 interemi-

1942 1003 2059 1068 stis,
2089 1020 2190 1061 nec
2227 1008 2663 1077 praedicationem
2712 1011 3068 1078 cohibuisti's;
3124 1022 3181 1069 et
3206 1029 3351 1070 nunc
3378 1015 3539 1073 minis

1940 1109 2040 1149 vos
2066 1098 2262 1166 putatis
2288 1099 2575 1171 absterreri
2599 1116 2696 1158 nos
2716 1104 2919 1173 posse?
2952 1103 3173 1160 Vincula
3202 1121 3309 1160 non
3350 1121 3538 1162 suase-

1944 1200 2071 1244 runt
2100 1199 2154 1244 ut
2204 1194 2485 1250 remissius
2536 1196 2881 1267 loqueremur
2907 1239 2921 1265 ,
2964 1206 3020 1255 et
3058 1214 3165 1277 vos
3200 1201 3540 1257 suadebitis?

1945 1281 2130 1353 Nobis,
2164 1285 2401 1356 inquam,
2430 1289 2518 1359 qui
2547 1305 2642 1345 vos
2660 1290 2745 1344 vel
2772 1292 3080 1347 minitantes
3114 1293 3265 1348 nihili
3293 1293 3540 1350 facimus.

1948 1376 2010 1431 Si
2025 1379 2225 1448 justum
2252 1390 2347 1445 est,
2380 1381 2570 1451 inquit,
2599 1383 2654 1436 in
2675 1395 2947 1455 conspectu
2980 1383 3094 1452 Dei,
3122 1400 3210 1440 vos
3235 1386 3397 1458 magis
3437 1403 3539 1440 au-

1947 1471 2055 1525 dire
2083 1489 2232 1544 quam
2258 1472 2438 1529 Deum.
2466 1475 2563 1531 llic
2612 1478 2778 1532 Deum
2825 1494 2923 1549 pro
2944 1477 3160 1534 Christo
3206 1479 3415 1535 dicunt.
3446 1478 3543 1534 Vi-

1947 1564 2068 1620 den’
2089 1568 2359 1637 quomodo
2390 1585 2530 1625 nunc
2561 1572 2804 1627 evenerit
2845 1571 2987 1642 quod
3012 1572 3227 1629 diccbat
3254 1573 3382 1639 illis,
3413 1573 3545 1629 Ecce

1947 1672 2039 1726 ego
2056 1657 2199 1713 mitto
2225 1674 2311 1715 vos
2336 1661 2466 1715 sicut
2501 1677 2617 1718 ores
2657 1664 2711 1717 in
2736 1662 2904 1718 medio
2934 1663 3173 1735 luporum
3189 1681 3209 1719 :
3234 1680 3297 1719 ne
3321 1666 3547 1721 timueri-

1948 1752 2010 1804 tis
2035 1768 2120 1806 eos
2148 1752 2360 1822 (Matth.
2393 1755 2481 1811 10.
2510 1754 2597 1811 16.
2622 1756 2736 1827 26).

2020 1844 2077 1898 4.
2105 1844 2304 1900 Deinde
2333 1849 2783 1903 resurrectionem
2810 1848 3132 1906 confirmant
3163 1866 3260 1923 per
3279 1865 3339 1906 ea
3364 1892 3379 1916 ,
3428 1865 3547 1920 quae

1949 1936 2209 2008 adjiciunt
2238 1957 2251 1993 :
2270 1937 2383 1994 Nos
2404 1957 2506 1995 non
2529 1957 2797 2011 possumus
2815 1959 2930 2012 qua:
2950 1944 3168 1999 uidimus
3187 1954 3234 1999 et
3258 1944 3547 1999 audivimus

1949 2045 2051 2084 non
2097 2031 2255 2100 loqui.
2303 2030 2487 2102 Itaque
2526 2048 2627 2088 nos
2669 2032 2775 2089 ﬁde
2818 2034 2963 2105 digni
2993 2043 3159 2091 testes
3199 2050 3419 2102 sumus,
3450 2050 3549 2091 vos

1952 2130 2131 2176 autem
2159 2120 2356 2178 frustra
2399 2124 2841 2180 interminamini.
2887 2127 3018 2182 Cum
3060 2141 3190 2198 ergo
3216 2129 3549 2198 oportuisset

1951 2213 2145 2267 mutari
2176 2227 2270 2269 eos
2297 2230 2394 2285 pro
2431 2231 2492 2270 ea
2523 2231 2583 2271 re
2605 2259 2620 2284 ,
2651 2216 2719 2273 de
2747 2232 2852 2289 qua
2882 2218 3111 2290 p0pulus
3152 2221 3321 2276 Deum
3349 2220 3551 2290 glorifi-

1952 2304 2147 2373 cabat,
2177 2306 2251 2361 illi
2278 2316 2466 2363 contra
2508 2323 2695 2365 necem
2741 2311 3174 2380 comminantur;
3220 2313 3290 2367 ita
3321 2312 3419 2368 Dei
3454 2313 3554 2369 ho-

1952 2407 2063 2453 stes
2089 2406 2263 2452 erant.
2296 2398 2366 2454 Et
2397 2399 2594 2455 additis
2634 2402 2817 2471 minis,
2862 2401 3182 2459 dimiserunt
3219 2404 3362 2460 illos.
3414 2406 3551 2461 llinc

1954 2491 2032 2546 illi
2069 2492 2325 2547 clariores
2373 2493 2801 2566 illustrioresque
2846 2495 2972 2552 facti
3016 2506 3164 2552 sunt.
3207 2496 3341 2552 Nam
3381 2496 3554 2553 Virtus

1954 2599 2103 2653 mea,
2135 2584 2338 2656 inquit,
2359 2586 2414 2640 in
2450 2586 2747 2656 inﬁrmitate
2780 2590 3060 2660 perﬁcitur.
3093 2589 3212 2646 Jam
3242 2590 3316 2645 illi
3359 2590 3555 2645 testifi-

1954 2675 2061 2730 cati
2101 2683 2229 2730 suut
2266 2677 2529 2733 adversus
2581 2680 2760 2734 omnia
2802 2680 3072 2735 instructi.
3118 2681 3256 2752 Quid
3297 2682 3398 2736 sibi
3438 2683 3555 2736 vult

1956 2765 2121 2835 illud,
2151 2767 2265 2821 Nos
2288 2784 2391 2822 non
2432 2785 2701 2837 possumus
2749 2786 2828 2836 ea,
2872 2785 2987 2840 qua:
3020 2771 3238 2825 vidimus
3272 2780 3318 2826 et
3350 2771 3553 2826 audivi-

1957 2875 2108 2927 mus,
2133 2875 2237 2914 non
2276 2860 2453 2930 loqui?
2479 2860 2536 2915 Si
2576 2860 2706 2916 falsa
2753 2871 2914 2929 sunt,
2960 2862 3138 2931 aiunt,
3180 2879 3241 2919 ea
3272 2879 3392 2935 qum
3419 2863 3556 2918 dici-

1955 2965 2079 3005 mus
2096 2992 2112 3019 ,
2135 2951 2513 3022 reprehende;
2542 2952 2626 3007 sin
2655 2966 2783 3008 vera
2806 2993 2820 3018 ,
2849 2967 2945 3007 cur
2968 2953 3269 3025 prohibes?
3294 2954 3441 3010 Talis
3468 2970 3557 3010 res

1958 3052 2043 3101 est
2072 3044 2433 3116 philosophia.
2482 3045 2563 3101 Illi
2604 3046 2657 3100 in
2693 3045 2937 3117 angustia
2960 3088 2975 3114 ,
3008 3045 3062 3100 hi
3112 3047 3162 3101 in
3207 3047 3389 3102 laetitia
3422 3067 3436 3103 :
3480 3049 3555 3103 illi

1958 3138 2132 3194 multo
2167 3138 2373 3209 pudore
2406 3139 2586 3209 pleni,
2619 3137 2674 3193 hi
2711 3138 2939 3195 fidenter
2978 3140 3159 3195 omnia
3187 3139 3427 3195 faciunt:
3476 3140 3557 3196 illi

1961 3231 2184 3300 timent,
2212 3231 2266 3286 hi
2294 3231 2486 3288 ﬁducia
2511 3232 2649 3303 pleni
2676 3240 2821 3288 sunt.
2855 3232 3113 3302 Quinam,
3148 3228 3363 3305 quaeso,
3398 3235 3555 3289 time-

1960 3325 2137 3382 bant?
2180 3326 2289 3382 iine
2333 3327 2421 3397 qui
2459 3324 2862 3382 dicebant:Ne
2908 3328 3130 3398 amplius
3175 3327 3462 3400 diuulgatur
3505 3328 3561 3383 in

1960 3419 2177 3491 vulgus;
2203 3433 2271 3472 an
2292 3419 2381 3489 qui
2405 3417 2690 3485 dicebant,
2723 3417 2841 3473 Non
2870 3435 3140 3489 possumus
3164 3434 3257 3484 ea,
3285 3433 3401 3491 qua:
3428 3418 3558 3473 vidi-

1959 3526 2076 3564 mus
2113 3518 2161 3564 et
2188 3508 2476 3563 audivimus
2496 3549 2510 3575 ,
2538 3526 2640 3563 non
2672 3509 2855 3579 loqui?
2884 3508 2947 3563 lli
2971 3520 3119 3565 certe
3149 3510 3201 3564 in
3228 3510 3431 3580 majore
3466 3525 3564 3565 vo-

1962 3602 2165 3675 luptate
2186 3644 2202 3671 ,
2254 3602 2500 3658 libertate
2522 3613 2575 3656 et
2596 3601 2779 3657 lu‘lilia
2811 3602 3199 3666 versabantur;
3245 3603 3323 3656 illi
3346 3602 3399 3657 in
3423 3618 3562 3660 mm-

1960 3709 2086 3751 rore
2106 3736 2121 3761 ,
2162 3694 2367 3765 pudore
2394 3702 2449 3749 et
2476 3703 2624 3748 metu
2657 3710 2674 3748 :
2718 3693 2976 3764 populum
3005 3694 3149 3748 enim
3179 3694 3462 3749 timebant.
3494 3695 3561 3749 lli

1963 3802 2084 3860 quae
2113 3787 2363 3845 volebant
2383 3766 2420 3852 ,’
2440 3786 2829 3858 loquebantur;
2877 3786 2954 3841 illi
2983 3802 3102 3858 quae
3135 3787 3420 3853 volebant,
3450 3803 3558 3843 non

1966 3880 2254 3936 faciebant.
2305 3879 2536 3947 Quinam
2580 3893 2712 3935 vero
2742 3879 2795 3934 in
2825 3879 3057 3936 vinculis
3099 3888 3155 3937 et
3205 3880 3257 3936 in
3301 3866 3571 3954 periculis.

1963 3974 2159 4031 erant?
2208 3988 2389 4029 nonne
2420 3973 2506 4029 isti
2537 3972 2813 4030 maxime?

2039 4066 2375 4121 Theatrorum
2392 4065 2604 4120 vanitas.
2621 4096 2694 4107 —
2718 4065 2913 4122 Virtuti
2951 4080 3080 4138 ergo
3108 4066 3411 4123 hmreamns
3438 4084 3452 4122 :
3495 4081 3565 4122 ne

1966 4158 2033 4215 ad
2051 4159 2378 4229 voluptatem
2400 4167 2453 4213 et
2468 4157 2894 4215 consolationem
2921 4167 3124 4214 tantum
3147 4158 3307 4214 dictis
3328 4169 3562 4214 utamur.

1967 4250 2085 4306 Non
2126 4260 2211 4305 cst
2252 4248 2358 4304 hoc
2403 4249 2705 4315 theatrum,
2751 4248 2981 4316 dilecte,
3028 4249 3447 4305 cithartedorum
3481 4249 3567 4303 vel

1970 4341 2333 4414 tragmdorum
2358 4383 2374 4410 ,
2408 4340 2563 4411 cujus
2592 4340 2800 4396 fructus
2833 4350 2916 4396 est
2952 4339 3201 4411 voluptas
3230 4349 3469 4405 tantum,
3512 4350 3569 4396 et

1968 4435 2200 4492 decurso
2224 4435 2314 4490 die
2340 4435 2554 4490 transiit
2575 4434 2844 4506 voluptas.
2877 4436 3055 4505 Atque
3085 4433 3285 4489 utinam
3318 4434 3567 4505 voluptas

1972 4538 2182 4586 tantum
2220 4538 2400 4596 esset,
2445 4537 2501 4585 et
2543 4544 2651 4584 non
2681 4528 2938 4584 damnum
2974 4544 3095 4585 cum
3133 4528 3409 4600 voluptate
3434 4543 3569 4583 eon-

1966 4623 2211 4696 junctum
2234 4639 2250 4690 ;
2277 4632 2512 4678 attamen
2551 4620 2675 4677 inde
2695 4620 2915 4677 domum
2956 4621 3151 4694 singuli
3176 4636 3238 4678 se
3263 4622 3566 4692 recipiunt,

1979 4716 2115 4772 hinc
2166 4717 2335 4774 multa
2366 4716 2517 4787 quasi
2542 4730 2611 4770 ex
2644 4714 2872 4785 quadam
2896 4717 2981 4771 lue
3014 4723 3197 4772 coacta
3226 4716 3524 4771 referentes
3554 4731 3568 4769 :

1974 4817 2030 4865 et
2057 4808 2374 4864 adolescens
2403 4807 2621 4878 quidem
2660 4822 2726 4861 ex
2767 4807 3023 4863 satanicis
3066 4807 3353 4862 cantilenis
3396 4806 3572 4877 aliqua

1974 4908 2283 4968 mutuatus,
2315 4916 2435 4971 qua:
2464 4901 2638 4971 potuit
2672 4900 2931 4955 memoria
2970 4901 3238 4967 retinere,
3267 4899 3577 4972 frequenter

1975 4991 2121 5048 domi
2167 5000 2383 5060 cantat;
2433 4992 2616 5048 senior
2659 5002 2878 5061 autem,
2929 5001 3114 5064 utpote
3170 4994 3420 5064 gravior,
3471 4992 3577 5048 hoc

1976 5085 2194 5158 quidem
2215 5101 2324 5142 non
2352 5086 2510 5154 facit,
2534 5085 2630 5143 sed
2660 5087 2841 5141 omnia
2862 5103 2983 5158 quae
3004 5087 3074 5143 ibi
3102 5087 3245 5143 dicta
3263 5098 3387 5142 sunt
3409 5088 3576 5143 verba

1979 5190 2264 5239 memorat.
2296 5180 2427 5237 inde
2462 5181 2595 5236 nihil
2621 5180 2885 5237 habentes
2914 5181 3221 5238 absceditis.
3253 5181 3323 5237 Et
3350 5192 3579 5252 quomo-

1979 5274 2051 5332 do
2080 5291 2188 5331 non
2228 5275 2299 5331 sit
2346 5274 2478 5330 illud
2505 5275 2729 5345 dignum
2759 5275 3003 5345 pudore?
3028 5275 3226 5348 Legem
3259 5275 3577 5344 posuimus;

1980 5368 2092 5424 imo
2119 5382 2225 5422 non
2258 5382 2358 5423 nos
2384 5367 2665 5438 posuimus
2689 5384 2704 5422 :
2731 5368 2907 5434 absit;
2938 5366 3117 5423 Nolite
3139 5384 3350 5435 uocare,
3382 5366 3576 5437 inquit,

1982 5462 2280 5533 magistrum
2316 5477 2470 5532 super
2496 5470 2685 5517 terram
2713 5460 2927 5534 (Matth.
2952 5460 3044 5518 23.
3072 5462 3163 5532 8);
3195 5461 3367 5529 legem
3400 5460 3579 5529 posuit

1982 5554 2263 5623 Christus,
2297 5569 2366 5611 ne
2409 5555 2529 5626 quis
2570 5555 2736 5627 iuret.
2785 5554 2922 5622 Quid
2952 5597 2966 5621 ,
2998 5567 3223 5625 quESO,
3253 5553 3394 5608 circa
3441 5551 3582 5609 hanc

1982 5649 2157 5719 legem
2200 5646 2398 5703 factum
2429 5648 2556 5704 cst?
2588 5663 2763 5719 neque
2785 5648 2930 5703 enim
2962 5646 3123 5702 litiem
3151 5646 3341 5702 faciam
3385 5647 3485 5703 hac
3509 5648 3581 5704 de

1982 5756 2045 5797 re
2093 5738 2387 5811 loquendi,
2418 5738 2502 5794 Ne
2522 5739 2654 5808 forte
2676 5740 2862 5793 iterum
2889 5739 3124 5807 veniens,
3154 5748 3212 5794 ut
3241 5740 3316 5794 ait
3346 5742 3577 5810 Aposto—

1982 5835 2069 5892 lus
2090 5874 2108 5902 ,
2139 5849 2241 5889 non
2269 5849 2478 5902 parcam
2507 5831 2586 5904 (2.
2625 5831 2743 5889 Cor.
2790 5833 2877 5889 15.
2922 5832 3006 5901 2).
3035 5832 3172 5888 Num
3205 5833 3259 5890 id
3302 5834 3532 5888 rurastis
3553 5833 3579 5887 τ

1987 5942 2117 5985 num
2155 5925 2370 5984 solliciti
2420 5923 2596 5981 fuistis
2625 5934 2716 5980 aut
2762 5923 3029 5982 studiosi?
3072 5941 3140 5982 an
3184 5926 3374 5984 eadem
3421 5924 3578 5982 nobis
