3946 6460
507 412 590 473 '9!
783 389 806 408 Ν
1236 409 1292 468 S.
1333 406 1610 469 JOANNIS
1645 401 2121 464 CIIRYSOS‘I'OMI
2160 401 2479 463 ARCHIEP.
2519 402 3057 465 CONSTANTINOP.
3707 419 3767 477 π

519 546 709 589 rursus
730 529 957 587 dicenda
982 529 1143 587 sunt?
1167 529 1280 587 Imo
1307 530 1424 587 sive
1447 528 1644 601 aliquid
1667 527 1862 583 factum
1885 525 1976 590 sit,
1998 524 2113 580 sive

520 638 630 678 ncn
653 663 668 689 ,
700 622 890 680 eadem
932 623 1045 693 ipsa
1088 622 1465 693 aggrediemur
1485 663 1501 687 ,
1528 630 1587 676 ut
1612 634 1799 676 curam
1828 614 2108 683 habeatis,

524 724 584 770 ut
620 715 749 770 illud
790 714 997 770 tlrmius
1026 714 1326 771 observetis
1373 722 1428 770 et
1454 713 1591 770 alios
1618 708 1932 767 hortemini.
1961 706 2113 765 Unde

521 821 651 879 ergo
675 806 1039 878 incipiemus?
1059 806 1234 864 Vultis
1263 824 1292 862 ιι
1320 806 1490 863 veteri
1518 803 1674 877 lege?
1701 803 1865 875 Atqui
1890 801 1993 858 hoc
2014 815 2112 857 no-

522 898 607 952 bis
637 897 827 968 pudori
871 906 977 966 est,
1010 898 1155 970 quod
1200 914 1262 956 ea
1288 940 1304 966 ,
1334 914 1455 969 quae
1494 898 1547 953 in
1577 896 1749 954 veleri
1779 894 1903 966 lege
1941 899 2108 960 sunt,

519 1004 640 1058 qua:
665 1004 995 1060 exsuperare
1016 997 1314 1061 oporteret,
1338 1005 1408 1045 ne
1435 1000 1716 1044 servemus
1735 985 1977 1057 quidem.
2002 980 2111 1037 Nos

519 1088 669 1136 certe
698 1095 805 1135 non
837 1080 905 1137 de
935 1080 1018 1136 his
1047 1079 1235 1156 audire
1281 1078 1636 1137 conveniebat
1665 1076 1924 1149 (iudaice:
1966 1072 2110 1130 enim

527 1171 749 1228 vilitatis
797 1170 915 1227 inec
977 1182 1244 1243 prmcepta
1290 1170 1495 1237 sunt),
1543 1170 1640 1227 sed
1692 1169 1783 1225 illa
1833 1166 2107 1239 perfecta:

520 1261 695 1332 abjice
726 1263 980 1334 pecunias
999 1303 1014 1330 ,
1059 1271 1141 1318 sta
1168 1262 1379 1319 fortiter
1404 1303 1419 1330 ,
1462 1261 1700 1318 animam
1722 1276 1823 1332 pro
1847 1258 2109 1331 prmdica-

522 1353 668 1409 tione
704 1353 831 1409 dato
851 1396 866 1422 ,
899 1362 1111 1411 terrena
1153 1354 1330 1410 omnia
1358 1354 1476 1410 ride
1500 1394 1516 1420 ,
1546 1352 1681 1408 nihil
1729 1352 1820 1407 tibi
1858 1351 1930 1406 sit
1955 1364 2109 1407 cum—

520 1459 683 1500 mune
711 1460 832 1501 cum
878 1447 1132 1518 prmsenti
1160 1448 1303 1514 vita;
1334 1447 1379 1501 si
1408 1445 1530 1516 quis
1558 1455 1613 1502 te
1659 1442 1819 1501 laedat
1839 1483 1856 1510 ,
1886 1439 2108 1498 benefa-

517 1538 658 1606 cito;
686 1539 733 1594 si
764 1548 817 1595 te
840 1539 1153 1607 defraudet,
1184 1539 1529 1606 benedicito;
1574 1539 1621 1594 si
1651 1546 1839 1595 contra
1882 1544 1935 1591 te
1961 1534 2108 1590 blas-

518 1631 769 1701 phemet,
799 1633 1095 1701 honorato;
1133 1633 1385 1690 omnibus
1413 1633 1662 1704 superior
1702 1640 1842 1688 esto.
1888 1628 2016 1687 Haec
2054 1636 2109 1687 et

518 1725 716 1780 similia
743 1726 930 1783 audire
954 1726 1255 1799 oportebat.

589 1815 779 1873 Contra
793 1818 1107 1889 juramenta.
1136 1849 1206 1860 —
1224 1817 1377 1875 Nunc
1397 1825 1576 1875 autem
1602 1817 1673 1874 de
1693 1816 2000 1889 juramento
2029 1815 2108 1873 lo-

515 1906 767 1977 quimur;
798 1918 959 1979 atque
988 1908 1221 1980 idipsum
1266 1909 1560 1980 contingit,
1602 1922 1666 1964 ac
1705 1908 1750 1962 si
1793 1907 1913 1979 quis
1940 1922 2104 1974 eum,

513 2005 603 2072 qui
630 2003 741 2073 jam
771 2004 966 2061 debeat
993 2004 1359 2075 philosophari
1385 2045 1401 2072 ,
1433 2019 1464 2059 a
1491 2002 1808 2060 doctoribus
1849 2003 1965 2058 suis
2010 2000 2107 2057 ah—

512 2096 761 2163 strahat,
809 2104 972 2168 atque
1021 2097 1257 2168 syllabas
1283 2105 1339 2154 et
1384 2097 1652 2153 elcntenta
1704 2096 1887 2167 legere
1928 2101 2104 2166 cogat.

511 2185 699 2257 Cogita
731 2188 860 2243 mihi
907 2198 1139 2260 quantus
1166 2188 1341 2261 pudor
1367 2189 1440 2244 sit
1479 2187 1751 2244 hominem
1786 2186 2104 2258 profundam

512 2277 798 2335 habentem
829 2279 1077 2347 barbam,
1110 2280 1361 2335 baculum
1394 2278 1658 2336 ferentem
1679 2288 1732 2334 et
1759 2277 1976 2349 pallium
2004 2276 2101 2348 (a),

510 2370 578 2424 ad
607 2371 892 2442 magistros
939 2387 1061 2427 cum
1090 2373 1272 2443 pueris
1300 2371 1452 2428 abire
1471 2412 1489 2442 ,
1531 2378 1591 2426 ιιι
1620 2369 1810 2427 eadem
1840 2384 1961 2425 cum
2000 2370 2104 2425 illis

509 2461 718 2517 discat:
748 2477 927 2519 nonne
953 2463 1079 2520 hinc
1106 2478 1334 2535 magnus
1363 2462 1546 2518 risus?
1573 2461 1680 2520 Sed
1709 2462 1815 2534 jam
1842 2461 2012 2532 major
2037 2476 2100 2518 ex

507 2554 683 2609 nobis.
705 2554 822 2610 Non
843 2554 988 2611 enim
1024 2564 1232 2612 tantum
1263 2555 1591 2611 discriminis
1609 2563 1690 2610 est
1712 2552 2100 2625 phi1050pbiam

507 2647 648 2701 inter
676 2655 730 2702 et
758 2647 1027 2703 elementa
1050 2687 1065 2714 ,
1100 2655 1356 2718 quantum
1389 2647 1528 2702 inter
1552 2645 1775 2703 Judaica
1800 2654 1857 2702 et
1882 2653 2097 2711 nostra;

503 2736 599 2791 sed
629 2745 886 2808 quantum
916 2737 1058 2793 inter
1081 2737 1301 2809 angelos
1325 2747 1380 2794 et
1407 2737 1675 2793 homines.
1707 2735 1765 2794 Si
1788 2736 1929 2807 quis,
1953 2752 2101 2808 quae-

501 2842 565 2882 so
595 2836 647 2882 te
670 2869 687 2894 ,
716 2828 967 2899 angelum
1005 2828 1075 2885 de
1099 2830 1232 2884 caelo
1258 2827 1549 2884 deductum
1573 2827 1793 2899 iuberet
1823 2827 1912 2883 hic
1955 2836 2100 2884 stare

503 2925 558 2972 et
603 2917 766 2974 verba
798 2927 983 2973 nostra
1023 2917 1206 2973 audire
1226 2959 1241 2985 ,
1287 2927 1347 2974 ut
1374 2918 1670 2974 secundum
1697 2933 1762 2975 ea
1788 2933 1851 2975 se
1878 2933 2100 2990 compo—

498 3015 697 3075 neret,
729 3022 909 3063 annon
953 3007 1127 3078 pudor
1176 3007 1302 3063 inde
1352 3017 1408 3063 et
1453 3007 1594 3063 risus
1638 3007 2000 3079 sequeretur?
2041 3007 2098 3065 Si

499 3114 632 3153 vero
658 3098 725 3156 de
752 3100 817 3155 iis
840 3098 951 3170 jam
976 3098 1178 3155 erudiri
1210 3097 1496 3155 ridiculum
1526 3107 1610 3155 est
1633 3139 1649 3166 ,
1680 3098 1765 3155 his
1791 3113 1859 3154 ne
1879 3098 2098 3169 quidem

497 3188 809 3258 attendere,
858 3199 1055 3262 quanta
1122 3189 1438 3245 damnatio?
1488 3197 1722 3261 quantus
1768 3189 1983 3261 pudor?
2031 3192 2099 3247 Et

497 3279 774 3351 quomodo
804 3296 911 3337 non
953 3280 1127 3352 pudor
1151 3281 1257 3349 sit,
1295 3280 1438 3353 quod
1466 3280 1644 3337 adhuc
1668 3278 1959 3338 Christiani
2001 3281 2097 3338 ad-

497 3373 708 3428 tliscant
735 3388 845 3429 non
871 3388 993 3431 esse
1035 3372 1367 3444 jurandum?
1395 3374 1649 3431 Attamen
1693 3387 1795 3431 nos
1836 3375 2097 3445 reprima-

496 3481 651 3531 mus,
679 3480 748 3520 ne
776 3466 946 3535 magis
996 3465 1290 3522 rideamur.
1321 3464 1634 3546 Agejgitur
1661 3480 1733 3523 ex
1764 3466 1932 3522 veteri
1975 3466 2096 3540 lege

502 3557 656 3612 vobis
681 3556 1009 3612 disseramus
1040 3555 1224 3613 hodie.
1251 3556 1390 3624 Quid
1415 3565 1597 3613 autem
1623 3556 1754 3613 dicit
1778 3557 1915 3614 illa?
1940 3557 2095 3613 Jam-

495 3659 664 3705 mento
712 3666 776 3705 ne
818 3650 1131 3721 assuefacias
1173 3666 1233 3705 os
1291 3660 1473 3717 tuum,
1523 3666 1684 3721 neque
1735 3667 1853 3707 cum
1893 3652 2095 3711 nomine

493 3740 677 3798 Sancti
726 3757 1050 3798 consuescas.
1091 3741 1311 3812 Quare?
1353 3740 1501 3798 Sicut
1562 3741 1698 3797 enim
1745 3757 1960 3809 servus,
2005 3744 2093 3814 qui

494 3844 754 3906 torquetur
794 3835 1029 3902 assidue,
1072 3851 1105 3889 a
1144 3836 1303 3891 liv‘ors
1336 3850 1440 3890 non
1475 3833 1813 3906 purgabitur;
1838 3836 1910 3892 sic
1933 3852 2093 3906 neque

486 3931 668 4000 jurans
698 3928 887 3999 (Eccli.
913 3929 1007 3986 Ξῖ).
1035 3930 1126 3986 9-1
1144 3930 1221 4002 l).

560 4025 615 4080 5.
657 4023 792 4081 Vide
835 4023 1173 4096 prudentium
1226 4021 1385 4092 hujus
1430 4019 1711 4092 sapientis.
1758 4019 1877 4076 Non
1920 4020 2086 4087 dixit,

488 4116 797 4173 Juramento
845 4132 911 4174 ne
955 4114 1282 4172 assuefacias
1332 4122 1572 4170 mentem
1616 4119 1801 4177 tuam;
1849 4110 1968 4179 sed,
2017 4109 2088 4168 0s

488 4221 666 4276 tuum;
715 4210 837 4282 quia
874 4218 1041 4265 totum
1070 4224 1138 4265 ex
1165 4221 1260 4263 ore
1289 4218 1410 4261 esse
1441 4204 1665 4271 sciebat,
1697 4213 1753 4261 et
1782 4202 1907 4275 quia
1934 4202 2089 4260 facile

486 4305 791 4375 corrigitur.
841 4303 973 4359 Nam
1007 4299 1345 4359 consuetudo
1371 4308 1456 4355 est
1487 4299 1703 4354 demum
1738 4296 1857 4353 sine
1882 4310 2085 4368 propo-

486 4398 592 4452 sito
633 4397 770 4453 facta
806 4413 820 4451 :
854 4406 915 4452 ut
945 4405 1072 4452 sunt
1101 4394 1257 4450 multi
1282 4392 1374 4464 qui
1402 4393 1456 4447 in
1486 4389 1675 4447 balnea
1704 4389 1964 4462 ingressi,
1997 4388 2086 4445 ubi

487 4489 630 4543 fores
670 4488 1022 4554 transierunt,
1058 4502 1120 4542 se
1167 4487 1403 4558 signant.
1456 4483 1570 4539 lloc
1602 4482 1744 4539 solet
1768 4494 1958 4536 manus
1987 4496 2084 4537 ne-

488 4580 632 4634 mine
649 4579 875 4649 jubente
904 4593 970 4633 ex
997 4577 1386 4634 consuetudine
1414 4575 1611 4632 facere.
1634 4574 1842 4631 Rursus
1858 4588 2084 4630 accensa

489 4671 733 4740 lucerna,
770 4679 952 4729 mente
989 4670 1133 4727 aliud
1161 4669 1434 4743 quidpiam
1467 4667 1864 4734 considerante,
1893 4682 2084 4724 manus

487 4765 697 4835 signum
721 4764 865 4821 facit.
889 4763 967 4821 lta
994 4772 1051 4822 et
1078 4779 1160 4829 os,
1185 4778 1289 4819 non
1313 4777 1381 4819 ex
1408 4761 1589 4817 animo
1621 4760 1875 4832 loquitur,
1899 4759 1993 4816 sed
2015 4776 2084 4819 es

485 4858 901 4926 consuetudine,
929 4867 1207 4929 totumque
1228 4866 1311 4913 est
1337 4857 1390 4911 in
1418 4856 1618 4927 lingua.
1652 4853 1832 4924 Neque
1855 4869 1972 4908 cum
2000 4868 2085 4908 no-

486 4950 623 5005 mine
652 4949 831 5006 Sancti
855 4966 1172 5006 consucscas.
1206 4949 1354 5006 Sicut
1383 4948 1519 5003 enim
1542 4962 1733 5007 servus,
1765 4946 1853 5016 qui
1873 4954 2079 5015 torque-

487 5053 572 5096 tur
587 5042 809 5109 assidue,
833 5058 865 5095 a
885 5041 1040 5097 livore
1065 5058 1166 5097 non
1188 5040 1484 5113 purgabitur
1507 5055 1526 5094 :
1551 5039 1622 5093 sic
1643 5053 1801 5107 neque
1816 5038 1901 5108 qui
1916 5038 2081 5109 jurat.

485 5133 604 5190 Non
633 5132 928 5206 perjurium
956 5132 1064 5202 hic,
1097 5130 1191 5188 sed
1219 5132 1582 5204 juramentum
1620 5128 1884 5187 exscindit
1922 5143 2081 5203 pinna

550 5269 640 5334 (a)_
659 5268 718 5334 In
734 5268 866 5334 hunc
887 5266 1047 5334 locum
1058 5269 1179 5334 haec
1200 5273 1340 5334 notat.
1371 5267 1623 5318 Dounaeus
1656 5263 1786 5334 apud
1813 5262 2079 5334 Savilinm‘:

489 5326 965 5402 nti'c'insignia_sunt
984 5329 1391 5395 philosophorum,
1418 5344 1543 5402 ςῷγων
1568 5326 1870 5402 μεδςμῖερίεεξι
1886 5326 2080 5402 barba),

488 5408 666 5464 βωξτηρὶα
687 5389 955 5464 (baculus),
980 5389 1120 5464 ἐξωμῖς,
1146 5403 1292 5464 quam
1331 5389 1577 5462 caputium
1618 5389 1926 5464 interpretor,
1940 5389 2081 5464 quod

488 5425 666 5459 βυτ-ἥρω
688 5425 955 5468 χειαυυοιυιη,
980 5425 1120 5456 melius,
1146 5425 1292 5464 Ἰωνίη
1331 5425 1577 5462 ναγιιῒιιιυι
1618 5425 1728 5440 ..υ-ον.
1744 5425 1892 5453 μιν-τυ.
1909 5425 2080 5500 Hum.

488 5458 555 5506 ad
593 5464 875 5523 magisteria
906 5463 1083 5523 nostra
1122 5454 1311 5523 indetur
1343 5465 1557 5523 ειμι-τεῳ
1596 5464 1728 5501 more
1773 5457 1907 5500 trans
1980 5462 2080 5523 um,

490 5511 781 5582 quamquam
805 5517 1038 5569 Lucianus
1051 5516 1103 5568 in
1124 5516 1291 5567 habitu
1302 5511 1688 5582 philosophorum
1699 5524 1932 5582 nusquam
1944 5511 2082 5582 ῃιιοά

489 5572 702 5646 minus,
727 5588 977 5646 memorat,
997 5594 1063 5636 τὴν
1086 5587 1260 5646 timuisti,
1283 5572 1369 5629 sed
1387 5572 1586 5646 barbam
1611 5572 2084 5646 P_"Q"{5.$5m?‘t.i’m’

493 5634 905 5705 itmhget'mssm,
930 5634 1128 5705 noceat.
1150 5634 1333 5691 trinum
1356 5639 1569 5705 pallium.
1594 5634 1649 5688 λι
1668 5635 1826 5687 Julius
1852 5634 2025 5705 Pollux
2061 5648 2080 5705 ,-

494 5800 2081 5883 is;mrstai1”e;sz'séaa:tczsazsimisisses;

498 5884 625 5943 quini
649 5884 805 5936 latere
828 5894 1002 5950 aperto
1021 5885 1248 5939 dextrum
1268 5888 1531 5938 humerum
1550 5884 1873 5937 exserebant.

2222 518 2299 577 illi
2318 523 2583 593 apposita.
2602 524 2743 597 Ergo
2764 524 3123 596 jus-amentum
3148 535 3418 597 peccatum
3439 538 3535 586 est.
3553 531 3685 593 Talis
3701 549 3767 594 est

2218 614 2418 680 anima,
2451 615 2648 672 talibus
2662 626 2835 674 scatet
2850 617 3180 685 vulneribus,
3208 619 3504 692 talibusqu
3523 624 3766 687 livoribus.

2219 705 2304 761 An
2330 715 2386 762 tu
2408 721 2516 763 non
2542 707 2731 764 vides?
2754 708 2869 766 Hoc
2895 710 3041 766 enim
3069 718 3231 782 grave
3253 720 3339 768 est
3366 731 3379 767 :
3407 718 3643 785 quamvis
3660 734 3767 792 pos-

2218 796 2294 855 sis
2338 797 2520 855 videre
2566 800 2614 857 si
2658 802 2834 868 velis;
2887 801 3037 859 dedit
3069 802 3267 875 quippe
3294 806 3391 862 tibi
3417 806 3553 865 Deus
3588 812 3766 869 oculos.

2218 889 2441 949 Talibus
2468 893 2641 949 oculis
2665 892 2884 950 videbat
2912 895 3199 966 propheta,
3228 896 3415 954 dicens
3443 915 3458 953 :
3489 896 3770 960 Parumst

2217 992 2265 1038 et
2292 993 2549 1055 corrupta
2571 995 2690 1040 sunt
2718 986 2978 1042 cicatrices
3000 1002 3128 1044 mea
3145 1004 3178 1041 α
3203 987 3335 1058 {acie
3357 988 3650 1063 insipietuia
3664 1011 3769 1052 mea

2217 1072 2411 1147 (Psal.
2454 1075 2545 1130 '57.
2581 1074 2681 1146 6).
2728 1075 2897 1132 Deum
2945 1076 3324 1148 despeximus,
3364 1095 3554 1137 nomen
3596 1081 3765 1141 bonum

2215 1167 2343 1224 odio
2381 1167 2688 1237 habuimus,
2730 1168 3004 1227 Christum
3040 1172 3503 1239 eoneuleavimus,
3542 1174 3766 1233 solvimus

2215 1260 2497 1332 pudorem,
2547 1277 2709 1319 nemo
2754 1278 2875 1319 cum
2919 1262 3128 1320 honore
3166 1279 3360 1322 nomen
3395 1265 3489 1322 Dei
3515 1276 3761 1323 memorat.

2216 1351 2286 1405 Et
2313 1361 2367 1407 tu
2394 1351 2633 1423 quidem,
2661 1353 2709 1409 si
2736 1354 3044 1425 quempiam
3070 1354 3347 1423 dilexeris,
3369 1356 3438 1414 ad
3462 1370 3644 1414 nomen
3669 1358 3765 1428 eius

2215 1442 2439 1514 erigeris
2465 1461 2480 1510 ;
2524 1444 2693 1501 Deum
2721 1460 2851 1502 vero
2880 1446 2959 1502 sic
2988 1456 3249 1519 perpetuo
3283 1464 3446 1506 vocas
3469 1451 3613 1521 quasi
3635 1450 3761 1511 nihil.

2215 1533 2359 1590 Voca
2387 1550 2511 1591 eum
2537 1535 2879 1593 benefaciens
2900 1537 3140 1608 inimico,
3169 1555 3303 1597 voca
3326 1541 3393 1597 ad
3431 1542 3642 1599 salutem
3667 1543 3788 1605 ani-.

2219 1644 2324 1685 mae
2351 1637 2457 1686 tute
2491 1648 2506 1686 :
2534 1639 2663 1688 tunc
2689 1631 2864 1699 adest,
2895 1642 3023 1690 tunc
3047 1634 3290 1691 laetificas
3320 1635 3469 1693 illum
3497 1652 3664 1705 ;nunc
3684 1653 3761 1693 au-

2215 1729 2323 1777 tem
2365 1724 2679 1780 exacerbas.
2729 1723 2876 1780 Voca
2923 1726 3073 1782 illum
3120 1735 3179 1783 ut
3216 1728 3432 1785 vocavit
3470 1729 3760 1801 Stephanus.

2212 1814 2352 1883 Quid
2393 1815 2617 1872 dicens?
2650 1817 2885 1885 Domine,
2934 1835 3000 1874 ne
3037 1828 3236 1874 statuas
3276 1821 3380 1878 illis
3417 1820 3509 1876 hoc
3538 1828 3763 1893 peccatum

2212 1907 2351 1979 (Act.
2371 1909 2424 1965 7.
2455 1908 2573 1979 59).
2610 1908 2752 1966 Voca
2782 1909 2933 1965 illum
2956 1918 3014 1966 ut
3037 1910 3251 1967 vocavit
3269 1926 3406 1968 uxor
3430 1912 3762 1978 Elcana‘,cuut

2212 1999 2483 2072 lacrymis,
2528 2015 2652 2057 cum
2692 2000 2843 2069 ﬂetu,
2887 2016 3010 2059 cum
3050 2002 3298 2059 oratione
3337 2003 3413 2076 (l.
3443 2001 3761 2076 Reg.l.10).

2208 2089 2327 2146 Non
2367 2091 2650 2162 prohibeo,
2694 2092 2790 2148 sed
2828 2092 2986 2149 valde
3031 2092 3242 2150 hortor.
3274 2092 3413 2151 Voca
3445 2094 3588 2151 illum
3614 2103 3664 2149 ut
3686 2108 3766 2149 vo-

2210 2185 2352 2241 cavit
2389 2184 2625 2257 Moyses,
2659 2197 2712 2242 et
2741 2184 3011 2242 clamabat
3036 2200 3200 2242 orans
3239 2201 3338 2257 pro
3373 2185 3457 2252 iis,
3501 2187 3586 2258 qui
3615 2185 3763 2257 ipsum

2209 2275 2263 2332 in
2294 2274 2473 2347 fugam
2498 2283 2724 2347 egerant
2753 2275 2940 2351 (Num.
2969 2276 3057 2332 l2.
3089 2275 3203 2350 15).
3236 2276 3306 2332 Et
3328 2286 3383 2332 tu
3408 2276 3612 2349 quidem
3636 2276 3675 2331 si
3701 2277 3763 2330 vi-

2209 2385 2329 2425 rum
2353 2369 2658 2440 quempiam
2685 2368 3043 2425 reverendam
3074 2377 3281 2425 temere
3309 2384 3590 2435 memores,
3617 2367 3663 2425 id
3685 2381 3763 2438 pro

2208 2460 2531 2518 contumelia
2584 2459 2846 2527 habetur;
2882 2461 2929 2517 si
2972 2474 3105 2517 vero
3142 2460 3314 2517 Deum
3357 2461 3530 2518 verbis
3564 2460 3763 2516 circum-

2208 2553 2368 2618 feras,
2414 2566 2519 2607 non
2541 2552 2702 2609 modo
2728 2560 2951 2618 temere,
2976 2552 3073 2609 sed
3097 2552 3262 2608 etiam
3289 2552 3664 2623 intempestive,
3686 2565 3760 2621 pm

2207 2646 2378 2702 nihilo
2403 2661 2516 2702 rem
2542 2646 2750 2703 habes?
2801 2646 2868 2702 Et
2903 2655 3109 2717 quanto
3149 2645 3419 2717 supplicio
3456 2645 3636 2716 dignus
3670 2658 3757 2700 nos

2207 2738 2411 2797 fueris?
2438 2738 2553 2796 Non
2573 2738 2834 2811 prohibeo
2859 2738 3031 2795 Deum
3055 2752 3273 2810 semper
3301 2739 3357 2795 in
3383 2747 3556 2795 mente
3574 2736 3759 2801 habere,

2204 2834 2308 2891 hoc
2335 2834 2482 2891 enim
2536 2843 2593 2891 et
2635 2833 2867 2905 optarim
2897 2842 2952 2889 et
2976 2832 3176 2901 velim;
3224 2841 3281 2888 at
3316 2848 3422 2889 non
3465 2841 3645 2904 praeter
3671 2830 3762 2901 pla-

2200 2929 2370 2985 citum
2411 2927 2551 2998 ejus,
2596 2943 2785 2984 verum
2813 2942 2937 2985 cum
2964 2927 3123 2984 laude
3149 2936 3206 2986 et
3247 2927 3473 2985 honore.
3527 2926 3695 2997 Magna
3719 2921 3761 2978 id

2201 3020 2356 3076 nobis
2378 3028 2591 3090 pareret
2610 3019 2771 3085 bona,
2793 3019 2839 3076 si
2864 3034 2986 3076 cum
3008 3028 3244 3091 oportet,
3267 3030 3324 3078 et
3344 3020 3400 3077 in
3426 3019 3610 3092 quibus
3631 3030 3762 3087 opor-

2203 3119 2302 3177 tet,
2334 3120 2542 3167 tantum
2582 3125 2899 3168 vocaremus
2935 3126 3079 3169 eum.
3112 3110 3246 3180 Cur,
3274 3125 3479 3183 quaeso,
3507 3107 3760 3181 apostolo-

2202 3220 2323 3260 rum
2364 3218 2481 3259 aevo
2519 3212 2600 3259 tot
2639 3211 2909 3274 tantaeque
2946 3202 3174 3259 virtutes
3213 3201 3436 3272 fiebant,
3467 3212 3636 3259 nostra
3658 3212 3762 3254 vero

2201 3304 2358 3351 aetate
2382 3293 2625 3360 minime,
2676 3294 2802 3350 licet
2831 3294 2973 3350 idem
3000 3292 3117 3365 ipse
3144 3293 3215 3350 sit
3247 3294 3414 3362 Deus,
3440 3294 3657 3364 idipsum
3680 3305 3759 3345 no-

2199 3388 2364 3443 men?
2384 3387 2492 3444 Sed
2520 3403 2626 3444 non
2652 3402 2751 3459 par
2776 3402 2865 3445 res
2885 3396 2989 3445 est.
3014 3386 3340 3457 Quomodo?
3364 3387 3497 3457 Quia
3524 3386 3594 3442 illi
3621 3385 3667 3440 in
3690 3383 3759 3450 iis,

2198 3494 2319 3551 quae
2353 3479 2485 3545 dixi,
2517 3480 2693 3551 ipsum
2725 3479 2991 3535 vocabant
3016 3478 3225 3546 solum;
3265 3494 3368 3537 nos
3409 3492 3534 3536 vero
3574 3490 3673 3532 non
3719 3473 3761 3528 in

2198 3572 2306 3636 his.
2348 3572 2445 3628 sed
2475 3572 2528 3628 in
2560 3572 2705 3629 aliis.
2734 3573 2792 3629 Si
2822 3580 3002 3628 autem
3030 3570 3151 3627 ideo
3173 3570 3350 3641 juras,
3391 3571 3514 3644 quia
3558 3569 3641 3626 ille
3674 3580 3761 3623 non

2202 3660 2381 3721 credit
2409 3681 2422 3720 :
2451 3663 2539 3720 dic
2568 3662 2809 3735 quidem,
2841 3661 3046 3729 Crede;
3078 3671 3340 3719 eteterum
3364 3661 3411 3718 si
3438 3661 3534 3727 vis,
3558 3660 3664 3730 jura
3683 3670 3762 3728 per

2198 3763 2253 3814 te
2283 3759 2478 3826 ipsum.
2504 3754 2632 3811 Haec
2650 3754 2860 3820 dicens,
2885 3768 2995 3810 non
3016 3755 3291 3810 contraria
3315 3753 3516 3811 Christi
3542 3751 3636 3823 legi
3661 3762 3760 3822 pro-

2196 3843 2334 3913 fero,
2362 3844 2504 3901 absit
2531 3863 2546 3899 :
2579 3859 2704 3900 nam
2726 3844 2823 3911 ait,
2846 3842 2929 3900 Sit
2956 3853 3129 3899 autem
3153 3860 3321 3899 seruio
3347 3853 3525 3912 uester,
3557 3842 3657 3907 Est,
3679 3846 3759 3902 est;

2198 3936 2341 4004 Non,
2375 3954 2477 3992 non
2503 3936 2713 4006 (Matth.
2746 3938 2803 3995 5.
2831 3938 2922 4008 '57)
2950 3937 3084 4005 ;scd
3115 3953 3203 3994 me
3224 3939 3381 3995 vobis
3409 3947 3754 4007 attemperaus.

2198 4041 2258 4088 ut
2288 4031 2458 4103 magis
2484 4029 2552 4086 ad
2580 4030 2685 4087 hoc
2705 4046 2802 4088 vos
2828 4030 3080 4088 inducam
3110 4039 3165 4087 et
3188 4045 3220 4086 a
3246 4032 3527 4103 tyrannica
3564 4039 3757 4086 consue-

2197 4121 2382 4179 tudine
2416 4122 2666 4179 liberem.
2694 4121 2839 4191 Quot
2875 4123 2930 4179 in
2959 4123 3079 4179 aliis
3105 4123 3273 4181 rebus
3303 4122 3536 4195 probati,
3580 4121 3669 4175 hac
3702 4113 3757 4170 dc

2193 4229 2353 4271 causa
2380 4214 2659 4285 perierunt
2693 4214 2707 4268 ι
2746 4213 2926 4271 Vultis
2949 4214 3183 4282 discere,
3222 4230 3325 4271 cur
3355 4197 3545 4284 priscis
3567 4210 3665 4267 illis
3689 4206 3757 4276 ju-

2192 4323 2315 4365 rare
2347 4308 2795 4380 permitteretur?
2826 4306 3095 4383 (peierare
3135 4307 3282 4364 enim
3316 4323 3492 4378 neque
3525 4305 3624 4361 illis
3649 4314 3757 4358 con-

2193 4415 2404 4457 cessum
2432 4399 2592 4472 erat).
2611 4400 2746 4469 Quia
2777 4415 2876 4472 per
2903 4400 3042 4456 idola
3060 4399 3338 4470 jnrabant.
3370 4399 3486 4455 Non
3511 4411 3601 4452 vos
3619 4391 3757 4465 pudet

2193 4493 2249 4548 in
2281 4493 2345 4550 iis
2375 4508 2596 4549 manere
2624 4492 2852 4563 legibus,
2898 4491 2951 4546 in
2993 4491 3189 4562 quibus
3222 4491 3304 4547 illi
3327 4490 3666 4547 versabantur
3692 4482 3757 4536 iu-

2192 4585 2355 4641 firmi.
2388 4584 2519 4641 Nam
2548 4585 2592 4641 si
2620 4599 2764 4640 nunc
2788 4582 3045 4653 gentilem
3076 4582 3317 4651 adoriar,
3362 4598 3471 4638 non
3498 4579 3667 4636 statim
3695 4571 3757 4626 illi

2193 4677 2296 4733 hoc
2322 4678 2549 4749 impero,
2574 4674 2672 4733 sed
2699 4675 2912 4730 interim
2936 4683 2993 4729 ut
3016 4674 3152 4729 sciat
3175 4672 3453 4729 Christum
3481 4671 3755 4726 admoneo:

2191 4768 2364 4824 fidelis
2386 4782 2537 4836 vero,
2567 4767 2656 4839 qui
2683 4764 2952 4822 Christum
2976 4764 3162 4821 didicit
3189 4773 3246 4821 et
3267 4764 3491 4831 audivit,
3514 4764 3560 4819 si
3589 4756 3754 4816 eadem

2192 4876 2295 4931 qua
2323 4861 2547 4917 Crtecus
2573 4855 2903 4930 indulgentia
2953 4870 3090 4926 opus
3130 4854 3351 4921 habeat,
3399 4869 3519 4925 qua:
3547 4842 3757 4907 utilitas!

2190 4954 2331 5025 quod
2356 4952 2608 5009 lucrum?
2640 4950 2744 5007 Sed
2765 4951 2945 5021 gravis
2971 4965 3060 5005 res
3080 4959 3166 5005 est
3188 4947 3544 5012 consuetudo,
3566 4953 3619 5000 et
3639 4937 3759 4995 ditii-

2190 5045 2293 5102 cile
2337 5042 2703 5118 abstraheris‘t
2735 5040 2900 5113 Ergo,
2949 5040 3075 5111 quia
3105 5048 3254 5097 tanta
3275 5049 3362 5097 est
3379 5027 3760 5096 consuetudinis

2190 5135 2454 5209 tyrannis,
2494 5149 2614 5191 eam
2644 5133 2700 5190 in
2722 5133 2882 5187 aliam
2930 5131 3163 5189 transfer
3201 5127 3656 5187 consuetudinem.
3701 5119 3759 5175 Et

2188 5226 2480 5300 quomodo,
2506 5226 2739 5298 inquies,
2763 5224 2879 5281 ﬁeri
2905 5227 3123 5295 petest'!
3166 5222 3321 5293 Quod
3351 5236 3494 5293 saepe
3517 5217 3642 5285 dixi,
3671 5213 3760 5269 hoc

2188 5330 2245 5378 et
2268 5335 2409 5376 nunc
2430 5319 2551 5374 dico
2584 5336 2597 5373 :
2625 5316 2747 5374 Sint
2774 5315 3153 5372 emendatores
3175 5316 3442 5372 dictorum
3470 5310 3642 5375 multi,
3666 5304 3759 5359 sint

2190 5410 2539 5483 inquisitores
2581 5417 2636 5464 et
2681 5417 3040 5464 correctores.
3091 5406 3212 5463 Non
3254 5405 3428 5477 pudor
3453 5412 3535 5461 est
3559 5399 3626 5455 ab
3654 5392 3758 5495 aliis

2189 5501 2423 5573 corrigi;
2456 5502 2566 5556 imo
2589 5499 2765 5573 pudor
2803 5508 2891 5555 est
2921 5500 3186 5570 repellere
3220 5496 3574 5568 corrigentes,
3613 5496 3666 5543 et
3710 5497 3755 5537 tu

2191 5594 2422 5666 propria:
2460 5591 2650 5648 salutis
2695 5590 2951 5646 damnum
2984 5589 3085 5646 hoc
3110 5588 3309 5645 facere.
3358 5586 3426 5641 Et
3468 5593 3524 5639 tu
3563 5575 3754 5666 quidem

2189 5663 2232 5741 si
2259 5663 2463 5741 vestem
2490 5681 2680 5739 induas
2705 5681 2999 5749 inversum,
3047 5679 3308 5751 permittis
3335 5685 3389 5733 te
3415 5691 3445 5732 a
3475 5685 3637 5747 puero
3668 5663 3754 5721 ad-

2189 5776 2420 5845 moneri,
2443 5789 2543 5831 nec
2571 5784 2623 5831 te
2652 5772 2817 5846 pudet
2845 5774 2912 5830 ab
2943 5774 3035 5829 illo
3059 5774 3302 5838 discere;
3341 5767 3580 5842 quamvis
3603 5757 3753 5819 hacin

2192 5887 2250 5928 re
2278 5884 2505 5942 magnus
2532 5868 2602 5924 sit
2630 5864 2804 5947 pudor
2832 5881 2846 5922 :
2879 5865 2967 5923 hic
3000 5875 3180 5925 autem
3214 5863 3270 5922 in
3307 5862 3485 5921 anima
3510 5858 3680 5919 lusus.
3699 5858 3747 5917 ιϐ
