3946 6436
238 420 311 473 9;,
1244 405 1310 462 lN
1350 406 1525 462 ACTA
1570 402 2088 461 APOSTOLORUM.
2133 407 2363 462 HOMIL.
2407 405 2496 463 XI.
3472 413 3542 469 9t

237 524 392 597 pudet
418 520 487 578 ab
516 520 627 577 alio
653 519 903 577 erudiri?
932 530 989 578 et
1017 536 1225 589 servum
1259 520 1366 576 fers
1389 529 1438 574 te
1473 520 1613 573 circa
1638 526 1841 572 vestem

234 623 520 672 cenantem
552 621 610 669 et
645 612 990 668 calceantem
1017 655 1031 679 ,
1078 628 1201 667 cum
1248 621 1428 665 autem
1478 610 1567 680 qui
1609 610 1843 661 animam

235 717 373 763 tuam
402 716 571 760 ornat
607 721 718 760 non
746 706 1033 760 sustines?
1073 706 1137 759 Et
1174 713 1387 774 quanta)
1432 702 1535 756 huc
1568 715 1673 754 non
1720 700 1845 754 insi-

240 798 447 870 pientis
480 797 647 852 fuerit
673 800 688 853 !
710 797 794 853 Sit
821 808 879 852 et
908 811 1096 852 servus
1122 796 1332 860 doctor,
1363 795 1431 848 sit
1462 790 1735 863 puerulus,
1774 791 1845 845 sit

249 909 386 959 uxor,
411 893 488 946 sit
509 891 727 947 amicus
750 892 793 958 ί,
815 898 1095 961 cognatus,
1117 889 1345 943 vicinus.
1368 886 1518 941 Sicut
1537 883 1679 939 enim
1709 884 1841 947 fera,

251 1000 351 1054 qua:
378 982 634 1053 undique
657 981 895 1052 pellitur,
925 996 1031 1035 non
1062 987 1235 1050 potest
1256 978 1492 1048 effugere
1522 994 1534 1029 :
1565 974 1729 1039 sicis,
1751 972 1844 1042 qui

250 1086 315 1131 tot
341 1076 509 1132 habet
538 1075 819 1142 custodes,
864 1082 947 1129 tot
974 1081 1328 1135 correctores,
1372 1070 1462 1140 qui
1500 1067 1734 1136 undique
1762 1064 1843 1119 fe-

246 1174 395 1235 riant,
425 1186 538 1225 non
584 1177 765 1240 potest
787 1184 892 1223 non
915 1167 1017 1222 sibi
1058 1180 1266 1221 cavere.
1295 1163 1363 1218 Et
1404 1162 1577 1232 primo
1625 1158 1840 1229 quidem

246 1324 256 1334 .
294 1266 319 1374 ἱ
344 1259 674 1373 meldslegit
699 1273 712 1309 :
737 1258 805 1310 sit
845 1264 892 1310 et
927 1270 1094 1310 servus
1116 1259 1303 1317 doctor,
1328 1253 1389 1305 sit
1411 1250 1615 1311 amicus,
1646 1249 1841 1301 omissis

246 1337 289 1373 ut
315 1338 476 1374 eruis:
550 1361 563 1371 .

243 1337 563 1387 uitet-[mus

244 1455 512 1470 —————

1950 519 2036 574 die
2067 536 2207 589 a-grc
2243 524 2378 575 feret
2416 532 2573 592 atque
2607 523 2663 578 in
2695 524 2930 581 seetmdo
2968 535 3023 582 et
3061 528 3221 584 tertio
3257 546 3270 582 :
3301 538 3359 584 at
3392 534 3549 586 dein—

1949 624 2078 678 ceps
2118 626 2204 665 res
2227 613 2324 665 erit
2356 611 2583 678 facilior,
2616 624 2669 669 et
2702 626 2820 684 post
2844 627 3090 687 quartum
3126 636 3247 675 non
3269 622 3409 678 idem
3439 624 3538 679 erit

1949 701 2242 771 negotium.
2266 704 2566 759 Periculum
2597 706 2774 771 facile,
2803 711 2844 762 si
2873 710 3087 779 quidem
3122 728 3227 766 non
3259 715 3496 771 credatis
3526 735 3537 771 :

1949 809 2129 849 curam
2160 794 2374 858 habete,
2407 797 2656 852 obsecro.
2703 799 2818 855 Non
2850 814 2930 856 cst
2955 802 3072 859 leve
3103 817 3402 874 peceatum,
3447 826 3543 863 ne-

1948 903 2052 957 quc
2080 889 2213 943 levis
2242 891 2542 955 correctio;
2585 891 2679 947 sed
2718 895 2967 965 utrinque
3013 913 3261 968 maguum
3308 915 3402 956 seu
3446 903 3541 954 bo-

1948 994 2077 1033 num
2102 994 2195 1033 seu
2228 981 2447 1035 malum.
2479 981 2693 1037 Utinam
2727 985 2924 1040 bonum
2963 987 3075 1052 ﬁat,
3108 992 3276 1059 gratia
3307 1000 3361 1046 et
3392 993 3542 1047 beni-

1947 1071 2148 1139 gnitate
2177 1071 2385 1125 Domini
2414 1075 2581 1128 nostri
2606 1074 2733 1131 Jesn
2761 1076 2982 1141 Christi,
3033 1080 3247 1148 quicum
3291 1083 3436 1137 Patri
3487 1094 3543 1140 ει

1948 1161 2167 1229 Spiritui
2191 1172 2378 1217 sancto
2399 1163 2589 1233 gloria,
2616 1165 2922 1235 imperium,
2947 1168 3141 1237 honor,
3167 1185 3313 1227 nunc
3341 1180 3540 1229 clscnt-

1947 1267 2066 1323 per,
2098 1263 2150 1308 et
2182 1254 2232 1307 in
2261 1256 2454 1310 szccula
2492 1258 2831 1312 satcnlorum.
2865 1263 3058 1315 Amen.

519 1430 3541 1466 WF—ﬁ

1657 1508 2006 1575 HOMILIA
2048 1508 2140 1571 XI
2150 1554 2165 1568 .

261 1676 383 1731 Car.
411 1675 459 1729 4.
488 1689 537 1727 v.
574 1672 669 1727 25.
706 1668 915 1724 Dimissi
942 1676 1107 1722 autem
1133 1673 1371 1721 venerunt
1392 1664 1459 1717 ad
1488 1676 1643 1725 suos;
1674 1668 1718 1713 et
1741 1674 1847 1709 an-

328 1765 681 1819 nsntiaverunt
704 1761 793 1825 eis,
824 1768 1014 1829 quanta
1038 1757 1105 1811 ad
1129 1773 1210 1812 eos
1242 1755 1495 1826 principes
1522 1749 1839 1807 sacerdotum

316 1873 361 1914 et
389 1858 618 1912 seniores
638 1853 903 1908 dixissent.

316 2031 366 2085 Ι.
408 2027 531 2084 Non
573 2039 709 2081 vana
747 2022 916 2095 gloria
966 2002 1094 2075 moti
1140 2024 1395 2072 narrant:
1442 2014 1530 2086 qui
1555 2012 1696 2069 enim
1727 2009 1837 2063 ﬁeri

247 2119 523 2194 potuerit?
576 2116 671 2172 sed
706 2115 818 2169 haec
837 2113 1024 2185 gratiae
1052 2110 1248 2167 Christi
1278 2116 1402 2164 sunt
1430 2107 1645 2161 indicia.
1676 2103 1801 2158 ldeo
1820 2143 1835 2169 ,

244 2224 606 2285 quatcumque
646 2208 722 2263 illi
763 2207 1046 2269 dixerant,
1090 2209 1380 2260 enarrant;
1427 2214 1521 2255 sua
1544 2212 1672 2252 vero
1697 2194 1839 2249 dicta

246 2309 363 2362 licet
386 2311 747 2376 przetereant,
778 2301 902 2354 hinc
932 2307 1107 2352 tamen
1136 2295 1392 2365 majorem
1421 2292 1666 2347 ﬁduciam
1689 2303 1841 2342 assu-

248 2407 416 2454 munt.
442 2396 516 2450 Et
548 2390 824 2464 perpende
847 2432 861 2456 ,
886 2387 1157 2460 quomodo
1186 2400 1400 2442 rursum
1428 2382 1495 2438 ad
1528 2397 1710 2437 verum
1742 2395 1839 2433 an-

248 2493 429 2547 xilium
458 2485 804 2555 confugiant,
832 2482 898 2536 ad
919 2480 1215 2535 subsidium
1239 2477 1517 2543 invictum,
1548 2490 1610 2528 ac
1628 2487 1840 2528 rursum

250 2582 574 2639 unanimiter
598 2589 652 2634 et
689 2592 807 2632 cum
833 2575 1009 2629 studio
1038 2592 1049 2627 :
1077 2588 1249 2643 neque
1275 2572 1417 2627 enim
1441 2578 1523 2625 est
1550 2568 1721 2623 oratio
1744 2576 1832 2621 ut-

259 2693 475 2746 cumque
532 2674 759 2727 etnissa.
800 2670 892 2724 24.
943 2668 1043 2736 Qui
1070 2684 1183 2721 cum
1211 2666 1503 2730 audissent,
1536 2662 1842 2716 unanimiter

263 2771 530 2822 levaverunt
558 2780 735 2819 uocem
758 2764 824 2815 ad
847 2761 1032 2826 Deum,
1056 2770 1102 2813 et
1132 2760 1388 2813 dixerunt.
1417 2756 1546 2812 Vide
1572 2772 1727 2826 quam
1756 2754 1842 2807 di-

257 2860 471 2929 ligenter
545 2858 685 2911 ﬁant
733 2855 947 2910 illorum
1007 2867 1211 2923 preces.
1261 2850 1485 2919 Quando
1542 2848 1841 2918 apostolatu

250 2952 462 3022 dignum
505 2946 729 3003 ostendi
766 2946 866 3001 sibi
913 2944 1194 3014 petebant,
1247 2943 1326 2997 sic
1371 2940 1665 2995 dicebant:
1727 2936 1839 3003 Tu,

249 3044 491 3109 Domine,
520 3042 616 3113 qui
642 3039 799 3093 corda
826 3039 959 3093 nosti
986 3037 1209 3092 omnium
1234 3078 1248 3102 ,
1277 3034 1479 3090 ostende
1506 3034 1639 3106 (Act.
1670 3033 1719 3086 l.
1748 3030 1841 3099 24)

244 3135 341 3205 (ibi
369 3135 518 3187 cnim
547 3130 888 3201 prmscientia
918 3143 1052 3199 opus
1069 3129 1205 3197 erat)
1232 3144 1244 3179 :
1276 3125 1363 3181 hic
1391 3139 1543 3189 vero,
1586 3123 1710 3194 quia
1743 3122 1841 3176 ad-

242 3226 617 3282 versariorum
657 3237 752 3279 ora
790 3221 991 3277 obstrui
1019 3219 1336 3290 oportebat,
1367 3218 1434 3273 de
1460 3216 1733 3272 dominatu
1762 3214 1841 3267 lo-

240 3328 521 3390 quuntur;
558 3316 679 3371 ideo
702 3315 781 3371 sic
802 3315 909 3369 orsi
936 3323 1061 3368 sunt
1089 3332 1103 3367 :
1150 3311 1365 3366 Domine
1389 3308 1549 3375 Deus,
1580 3308 1666 3377 qui
1684 3307 1846 3379 fecisti

239 3416 428 3468 calum
452 3456 467 3476 ,
503 3422 555 3466 et
589 3421 775 3466 terram
796 3451 811 3474 ,
841 3418 888 3464 et
919 3424 1085 3474 mare,
1111 3417 1157 3460 et
1179 3407 1349 3461 omnia
1373 3420 1484 3475 qua:
1512 3405 1564 3458 in
1591 3403 1661 3458 eis
1682 3411 1798 3457 sunt
1828 3416 1844 3455 :

236 3508 335 3562 25.
359 3507 448 3577 qui
470 3521 570 3575 per
592 3519 647 3557 os
667 3501 836 3555 David
851 3500 996 3571 pueri
1018 3498 1277 3553 tuidixisti
1301 3512 1319 3550 :
1345 3496 1518 3561 Quare
1535 3498 1847 3566 fremuerunt

235 3610 439 3672 gentes,
473 3607 523 3651 et
550 3595 731 3665 populi
758 3592 985 3646 meditati
1011 3600 1129 3645 sunt
1163 3590 1379 3644 inania?
1404 3587 1495 3643 26.
1526 3586 1840 3639 Adstiterunt

236 3709 385 3761 reges
412 3700 569 3745 terra?
597 3698 646 3743 ct
691 3687 947 3758 principes
975 3692 1311 3739 convenerunt
1337 3683 1390 3736 in
1420 3697 1576 3735 unum
1605 3680 1849 3733 adversus

246 3782 536 3835 Dominum
567 3788 614 3831 et
637 3778 879 3831 adversus
906 3774 1158 3831 Christum
1198 3776 1306 3846 ejus
1338 3772 1508 3845 (Psal.
1541 3772 1632 3834 2i.
1660 3770 1742 3840 2).
1772 3770 1851 3823 Ac

243 3873 300 3928 si
327 3883 483 3943 pacta
516 3886 547 3925 a
579 3870 689 3924 Deo
708 3869 1006 3939 exigerent,
1030 3866 1365 3938 prepheliam
1395 3864 1446 3918 in
1470 3863 1702 3918 medium
1723 3858 1852 3915 affe-

247 3975 396 4027 runt,
430 3964 645 4032 seipsos
688 3961 844 4015 simul
873 3959 1244 4023 consolantes,
1272 3956 1411 4029 quod
1449 3959 1628 4010 omnia
1656 3955 1849 4009 frustra

249 4055 591 4111 meditemur
636 4052 859 4108 inimici.
911 4052 1023 4105 lloe
1061 4062 1237 4104 autem
1280 4046 1846 4119 signiﬁcarevolunt:

246 4147 350 4201 Illa
380 4146 437 4200 in
478 4143 719 4199 medium
768 4143 968 4213 profer,
999 4150 1053 4195 ct
1081 4140 1305 4197 ostende
1344 4139 1484 4210 quod
1520 4154 1653 4194 vana
1684 4136 1852 4192 medi-

253 4237 352 4291 tati
382 4238 517 4292 sint.
540 4235 634 4289 27.
665 4251 687 4288 ι
712 4234 1093 4289 Com-eneruat
1112 4231 1254 4287 enim
1277 4246 1399 4286 rere
1428 4232 1481 4285 in
1512 4232 1727 4287 civitate
1749 4230 1849 4285 ista

251 4328 519 4383 adversus
548 4332 789 4380 sanetum
820 4324 1049 4379 Puerum
1082 4331 1230 4378 tuum
1255 4322 1459 4391 Jesum,
1489 4338 1650 4393 quem
1704 4322 1854 4377 unxi-

254 4422 348 4484 sti,
367 4418 619 4474 Herodes
635 4428 690 4472 et
711 4416 930 4471 Pontius
953 4416 1153 4471 Pilatus
1165 4430 1285 4471 cum
1307 4414 1554 4486 gentibus
1576 4424 1628 4471 et
1645 4415 1855 4485 populis

259 4512 464 4576 lsrael,
509 4510 607 4565 28.
651 4518 710 4563 ut
750 4508 991 4564 facerent
1035 4522 1389 4579 qutccumque
1432 4523 1621 4563 manus
1665 4516 1754 4562 tua
1799 4515 1856 4563 et

257 4604 551 4661 consilium
579 4612 722 4657 tuum
750 4601 865 4657 ﬁeri
890 4603 1193 4673 pmlinivit.
1215 4602 1305 4658 29.
1332 4603 1397 4657 Et
1418 4618 1581 4670 nunc,
1606 4602 1849 4670 Domine,

258 4698 478 4768 respice
518 4696 575 4750 in
615 4696 785 4750 minas
824 4710 1065 4751 eorum.»
1120 4695 1309 4751 Viden'
1335 4695 1768 4767 philosoiihiam,
1802 4704 1858 4751 et

260 4787 541 4860 quomodo
569 4786 653 4841 his
674 4802 776 4841 non
803 4787 1167 4857 imprecentur
1188 4786 1361 4844 mala?
1387 4786 1556 4844 Minas
1577 4788 1855 4858 speciatim

267 4898 374 4937 non
416 4889 818 4951 exposuerunt,
865 4878 961 4935 sed
1000 4879 1185 4935 dicunt
1228 4888 1432 4934 tantum
1475 4879 1596 4934 illos
1624 4880 1857 4936 minatos

283 4989 397 5028 esse
424 4992 438 5027 :
462 4988 588 5028 nam
608 4971 926 5042 compendio
952 4972 1188 5043 loquitur
1208 4971 1456 5042 scriptor.
1491 4971 1558 5026 Et
1581 4972 1723 5039 vide,
1748 4987 1856 5028 non

286 5066 552 5133 dixerunt,
601 5066 853 5136 Dirumpe
896 5064 1015 5121 illos
1036 5108 1051 5131 ,
1082 5065 1258 5136 dejice
1282 5064 1441 5129 illos;
1476 5066 1568 5121 sed
1597 5066 1762 5135 quid?
1788 5064 1860 5120 Et

280 5157 352 5210 da
374 5158 517 5211 servis
540 5156 643 5210 tuis
664 5172 778 5210 cum
800 5156 939 5211 onmi
966 5156 1158 5225 ﬁducia
1186 5155 1322 5226 loqui
1351 5157 1554 5211 verbum
1574 5166 1738 5211 luunt.
1768 5158 1858 5214 Sic

268 5262 375 5303 nos
403 5263 614 5319 quoque
639 5246 905 5303 discamus
933 5262 1108 5303 orare.
1140 5248 1259 5303 Etsi
1287 5264 1393 5319 quo
1417 5262 1526 5304 non
1553 5249 1733 5306 furore
1755 5251 1858 5306 im-

264 5344 477 5413 pleatur
497 5343 589 5414 qui
612 5343 665 5397 in
692 5342 837 5398 viros
863 5341 1051 5397 incidit
1078 5340 1329 5397 occidere
1358 5343 1531 5412 ipsum
1562 5354 1823 5400 conantes
1840 5388 1855 5413 ,

263 5446 317 5489 et
355 5434 483 5489 talia
526 5435 872 5490 minitantes?
893 5434 963 5488 Et
997 5449 1105 5504 quo
1136 5448 1245 5489 non
1277 5434 1402 5489 odio
1425 5435 1750 5504 impleatur?
1795 5439 1861 5493 At

264 5540 375 5580 non
407 5527 487 5582 sic
527 5526 581 5581 hi
615 5526 811 5581 sancti.
844 5525 932 5582 50.
958 5524 1025 5579 1η
1042 5542 1100 5580 eo
1127 5525 1265 5597 quod
1290 5543 1496 5581 manum
1521 5538 1661 5582 tuam
1688 5540 1860 5583 exten-

269 5621 363 5674 das
412 5621 479 5673 ad
513 5621 779 5685 sanitates,
822 5630 869 5674 et
912 5620 1058 5691 signa
1092 5631 1139 5675 et
1166 5621 1400 5692 prodigia
1422 5621 1535 5690 ﬁeri
1560 5602 1651 5692 per
1676 5638 1860 5676 nomen

267 5713 436 5767 sancti
479 5710 635 5767 Pueri
667 5714 742 5767 tui
767 5712 914 5767 Jesu.
946 5712 1000 5768 Si
1029 5713 1081 5766 in
1114 5714 1331 5768 nomine
1360 5714 1456 5767 illo
1499 5714 1638 5769 ﬁunt
1669 5731 1861 5785 opera-

269 5804 473 5871 tioues,
520 5804 729 5876 inquit,
772 5818 961 5873 magna
990 5807 1091 5862 erit.
1129 5804 1380 5875 loquendi
1425 5804 1637 5860 ﬁducia.
1673 5807 1760 5862 3|.
1795 5807 1861 5861 Et

268 5913 382 5954 cum
408 5910 648 5967 orassent,
679 5909 851 5953 matus
885 5908 957 5952 est
994 5897 1153 5965 locus,
1180 5897 1230 5951 in
1262 5914 1358 5968 quo
1381 5907 1521 5954 erant
1545 5902 1856 5971 congregati.

1949 1652 2067 1721 Quo
2098 1653 2219 1710 illos
2243 1657 2525 1713 exauditos
2556 1675 2673 1716 esse
2696 1672 2749 1717 et
2769 1663 3005 1721 divinam
3038 1668 3154 1725 ﬁeri
3178 1671 3537 1732 visitationem

1948 1744 2363 1813 significabatur.
2382 1746 2449 1801 Et
2466 1750 2646 1819 repleti
2659 1763 2772 1807 sunt
2786 1772 2956 1810 omnes
2977 1759 3174 1829 Spiritu
3186 1778 3375 1820 sancto.
3403 1767 3538 1834 Quid

1946 1846 2048 1898 est,
2079 1837 2279 1909 Repleti
2307 1844 2467 1896 sunt?
2485 1844 2539 1898 ld
2567 1857 2669 1911 est,
2696 1846 2899 1916 Spiritu
2928 1857 3172 1910 succensi
3199 1869 3345 1925 sunt,
3374 1870 3428 1915 et
3449 1878 3541 1915 ar-

1946 1930 2107 1986 debat
2128 1933 2177 1986 in
2196 1933 2297 1989 illis
2319 1934 2607 1993 charisma.
2634 1939 2700 1992 Et
2719 1940 3053 2011 loquebantur
3079 1950 3279 2007 verbum
3303 1952 3400 2008 Dei
3424 1972 3542 2009 cum

1947 2020 2155 2089 ﬁducia.
2172 2023 2260 2079 52.
2288 2024 2636 2083 Multitudinis
2650 2040 2814 2085 autent
2834 2036 3140 2092 credentium
3157 2052 3265 2094 erat
3279 2060 3367 2097 cor
3380 2062 3540 2100 unum

1947 2121 1990 2166 et
2019 2115 2193 2168 anima
2218 2132 2339 2170 una.
2401 2118 2581 2187 Vides,
2612 2123 2753 2191 quod
2782 2141 2900 2178 cum
2930 2130 3099 2197 gratia
3130 2132 3223 2187 Dei
3254 2135 3412 2190 etiam
3441 2152 3538 2192 sua

1946 2204 2262 2262 aﬁ'ercbant.
2294 2208 2503 2279 Ubique
2531 2212 2674 2267 enim
2701 2214 2802 2270 hoc
2829 2216 3220 2277 observandum
3253 2236 3333 2281 est
3354 2269 3368 2291 ,
3396 2233 3538 2298 quod

1946 2311 2066 2351 cum
2093 2299 2260 2368 gratia
2290 2299 2404 2367 Dei,
2438 2315 2533 2356 sua
2556 2304 2715 2359 etiam
2743 2306 3051 2377 exhibeant,
3087 2322 3141 2367 ut
3167 2314 3358 2371 Petrus
3389 2320 3539 2376 dicc-

1944 2386 2037 2442 bat
2066 2406 2079 2441 :
2109 2389 2386 2460 Argentum
2416 2402 2462 2446 et
2479 2410 2662 2449 aurum
2686 2413 2786 2451 non
2812 2408 2883 2453 est
2914 2403 3040 2457 mihi
3071 2404 3207 2473 (Act.
3244 2409 3295 2461 5.
3323 2408 3401 2479 6).
3435 2412 3538 2467 Ita-

1945 2494 2050 2549 quc
2074 2481 2214 2550 quod
2238 2485 2485 2553 superius
2517 2485 2746 2553 diccbat,
2778 2507 2968 2547 omnes
2996 2493 3161 2552 fuisse
3185 2497 3251 2552 In
3292 2501 3534 2571 idipsum,

1946 2586 2132 2626 rursus
2166 2572 2250 2627 hic
2276 2574 2513 2630 declarat
2543 2595 2554 2630 :
2588 2578 2938 2637 Multitudinis
2967 2588 3279 2643 credentium
3311 2606 3419 2646 erat
3448 2614 3535 2649 cor

1946 2677 2106 2715 unum
2133 2674 2181 2716 et
2206 2666 2378 2718 anima
2406 2684 2526 2720 una.
2555 2669 2690 2724 Cum
2721 2672 2935 2729 dixisset
2968 2688 3144 2733 autem
3175 2682 3291 2736 illos
3313 2690 3539 2742 exaudi,-

1950 2760 2031 2805 tos
2056 2753 2237 2820 fuisse,
2264 2771 2448 2810 eorum
2483 2769 2665 2827 postea
2694 2763 2943 2819 virtutem
2968 2778 3168 2825 narrat.
3200 2772 3539 2843 lngressurus

1948 2861 2177 2916 namque
2197 2856 2277 2901 est
2308 2849 2356 2901 in
2379 2851 2739 2907 narrationem
2759 2856 3036 2926 Sapphira:
3059 2870 3113 2915 et
3137 2862 3378 2921 Ananite.
3413 2869 3538 2926 Ideo

1949 2937 2162 2993 illorum
2207 2940 2383 2996 scelus
2422 2952 2774 3011 ostensurus,
2808 2948 2955 3016 prius
2984 2950 3051 3007 de
3082 2953 3310 3012 aliorum
3343 2960 3540 3019 virtute

1950 3028 2204 3100 loquitur.
2244 3033 2358 3101 Dic,
2410 3050 2527 3100 oro,
2606 3035 2877 3094 caritasne
2935 3056 3303 3114 paupertatem
3362 3055 3538 3122 parit,

1949 3136 2016 3222 an
2065 3133 2353 3192 paupertas
2399 3127 2724 3182 caritatem?
2776 3130 3000 3189 Videtur
3069 3139 3199 3195 mibi
3271 3146 3534 3214 quodem

1951 3222 2086 3311 ritas
2143 3225 2558 3311 paupertatem,
2610 3236 2729 3290 qua:
2783 3226 2952 3296 magis
3022 3228 3165 3285 illam
3233 3234 3540 3311 adstringit.

1952 3306 2088 3360 Audi
2142 3323 2304 3375 vero,
2351 3310 2475 3380 quid
2540 3312 2730 3368 dicat:
2772 3314 3016 3372 Omnium
3060 3333 3168 3377 erat
3217 3341 3304 3380 cor
3380 3306 3545 3387 unum

1951 3406 1998 3452 et
2024 3399 2195 3452 anima
2218 3416 2338 3454 una.
2366 3402 2507 3458 Ecce
2534 3418 2628 3459 cor
2654 3414 2708 3460 et
2729 3409 2907 3463 anima
2934 3412 3165 3483 idipsum
3202 3428 3345 3475 sunt.
3388 3440 3406 3473 ι
3436 3423 3546 3480 Nec

1951 3491 2231 3561 quisquam
2288 3507 2474 3548 eorum
2506 3537 2520 3560 ,
2570 3512 2689 3567 qua:
2738 3502 3045 3569 possidebat
3076 3547 3091 3571 ,
3138 3509 3337 3581 aliquid
3382 3528 3539 3571 suum

1952 3598 2075 3641 esse
2103 3585 2336 3653 diccbat,
2370 3588 2464 3643 sed
2493 3600 2647 3645 erant
2678 3592 2780 3647 illis
2809 3596 2984 3650 omnia
3012 3604 3337 3660 communia.
3364 3608 3453 3663 55.
3483 3611 3549 3664 lit

1953 3677 2150 3733 virtute
2188 3694 2376 3750 magna
2432 3681 2729 3738 reddebant
2775 3689 3004 3756 apostoli
3050 3694 3412 3753 testimonium
3458 3716 3547 3755 rc-

1954 3771 2305 3827 surrectionis
2347 3775 2559 3830 Domini
2611 3776 2740 3833 Jcsu
2783 3779 3037 3836 Christi.)
3080 3784 3240 3853 Quasi
3286 3790 3365 3845 eis
3400 3806 3550 3846 coni-

1954 3865 2179 3921 missum
2197 3866 2297 3933 sit,
2332 3867 2433 3923 boc
2461 3868 2719 3938 declarat,
2751 3881 2804 3928 et
2825 3876 2975 3944 quasi
3003 3876 3071 3932 de
3102 3879 3283 3935 ofﬁcio
3312 3883 3547 3953 ipsm-tnn

1957 3957 2193 4030 loquitur
2220 3978 2233 4013 :
2261 3960 2314 4014 id
2347 3969 2449 4029 est,
2485 3962 2849 4020 testimonium
2880 3968 3030 4038 regni
3060 3985 3180 4026 cum
3213 3973 3404 4031 ﬁducia
3434 3994 3551 4032 om-

1956 4050 2116 4105 nibus
2164 4050 2481 4108 reddebant.
2541 4053 2721 4109 Gratia
2764 4074 2962 4129 quoque
3001 4077 3187 4133 magna
3222 4066 3275 4119 in
3318 4071 3552 4126 onmibus

1957 4155 2111 4200 erat:
2152 4145 2241 4201 54.
2286 4162 2445 4216 neque
2485 4148 2619 4201 enim
2657 4150 2920 4220 quisquam
2941 4169 3088 4224 egens
3115 4167 3220 4209 erat
3254 4159 3384 4214 inter
3410 4164 3548 4218 illos.

1958 4237 2110 4293 Sicut
2136 4237 2187 4290 in
2218 4245 2436 4306 paterna
2469 4238 2631 4293 domo
2653 4240 2747 4294 lilii
2779 4256 2967 4298 omnes
2990 4246 3103 4313 pani
3131 4256 3256 4302 sunt
3302 4250 3504 4308 bonorc
3534 4296 3549 4320 ,

2071 4327 2144 4381 illi
2181 4327 2356 4382 affecti
2398 4336 2569 4422 erant.
2617 4328 2733 4385 Non
2782 4331 2975 4388 licebat
3009 4337 3153 4390 enim
3184 4337 3386 4407 dicere,
3410 4345 3551 4412 quod

1960 4421 2094 4476 alios
2124 4421 2461 4487 enutrirenl;
2492 4421 2555 4476 ac
2578 4423 2623 4477 si
2651 4438 2714 4478 cx
2746 4425 2859 4479 suis
2890 4426 3013 4483 illos
3043 4431 3334 4501 nutrirent,
3366 4437 3444 4492 sic
3469 4439 3553 4492 ai-

1961 4511 2083 4567 fecti
2130 4522 2303 4568 erant.
2349 4512 2454 4569 Sed
2496 4514 2599 4571 hoc
2640 4526 2723 4571 est
2752 4518 3035 4589 mirabile,
3065 4523 3207 4592 quod
3248 4526 3410 4584 rebus
3440 4530 3555 4585 suis

1961 4602 2234 4673 sepositis,
2268 4604 2339 4659 ita
2365 4605 2693 4674 nutriebant,
2724 4623 2792 4662 ne
2819 4623 2881 4664 ex
2910 4610 3057 4680 suis,
3090 4614 3185 4669 sed
3216 4631 3285 4671 ex
3313 4633 3555 4675 commu-

1962 4698 2121 4753 nibus
2159 4697 2229 4752 ali
2274 4697 2604 4753 viderentur.
2654 4700 2959 4772 «Quotquot
2988 4714 3165 4760 autem
3214 4724 3557 4778 possessores

1962 4805 2215 4861 agrorum
2250 4790 2337 4846 vel
2372 4789 2653 4846 domorum
2690 4802 2845 4847 erant
2867 4834 2882 4859 ,
2925 4797 3219 4854 vendentcs
3258 4802 3557 4861 afferebant

1964 4881 2139 4953 pretia
2160 4896 2348 4937 eorum
2373 4921 2389 4948 ,
2419 4898 2540 4953 quae
2572 4884 2895 4941 vendebant.
2923 4886 3012 4943 55.
3044 4889 3109 4943 Et
3134 4893 3405 4960 ponebant
3431 4908 3558 4953 ante

1964 4974 2130 5046 pedes
2180 4974 2567 5044 apostolorum.
2627 4976 2980 5033 Dividcbatur
3047 4991 3227 5038 autem
3293 4986 3555 5059 singulis,

1965 5077 2123 5139 prout
2154 5068 2348 5139 cuique
2373 5085 2507 5139 opus
2532 5080 2699 5125 erat.»
2731 5071 2953 5143 Magnus
2982 5075 3173 5143 honor,
3199 5082 3339 5150 quod
3371 5100 3474 5137 non
3506 5086 3556 5139 in

1966 5180 2159 5220 manus
2183 5205 2199 5229 ,
2230 5163 2324 5219 sed
2356 5164 2422 5219 ad
2455 5165 2618 5234 pedes
2644 5167 3010 5235 apostolorum
3039 5182 3318 5240 ponerent.
3343 5175 3431 5231 56.
3459 5176 3556 5229 Jo-

1964 5257 2089 5326 seph
2118 5266 2285 5309 autem
2310 5298 2324 5323 ,
2349 5258 2435 5326 qui
2455 5260 2838 5328 cognominatus
2866 5270 2936 5315 est
2967 5260 3231 5319 Barnabas
3259 5266 3321 5319 ab
3348 5280 3554 5338 aposto-

1968 5350 2067 5416 lis,
2110 5349 2248 5418 quod
2288 5358 2359 5403 est
2402 5350 2821 5419 interpretatum,
2861 5353 3001 5422 ﬁlius
3030 5356 3406 5413 consolationis.
3439 5360 3558 5418 Non

1968 5439 2178 5494 videtur
2223 5439 2354 5493 mihi
2407 5439 2491 5494 hic
2527 5440 2616 5495 ille
2659 5457 2817 5507 esse,
2869 5444 2956 5517 qui
3003 5460 3124 5498 cum
3169 5445 3425 5504 Matthia:
3472 5452 3560 5508 ille

1968 5546 2201 5602 namque
2226 5530 2427 5601 Joseph
2465 5533 2755 5588 vocabatur
2782 5534 3064 5602 Barsabas,
3100 5547 3280 5605 postea
3311 5556 3439 5598 vero
3467 5561 3562 5600 Cn-

1967 5625 2308 5693 gnominalus
2350 5634 2434 5679 est
2490 5625 2713 5688 Justus;
2762 5625 2847 5681 hic
2887 5642 3016 5681 vero
3060 5629 3373 5703 Barnabas,
3420 5638 3563 5695 filius

1968 5716 2355 5771 consolationis
2375 5757 2389 5783 ,
2429 5717 2498 5771 ab
2538 5717 2796 5785 apostolis
2821 5720 3232 5788 cognominatus
3259 5735 3342 5781 est
3367 5746 3379 5781 :
3408 5730 3558 5785 vidc-

1971 5818 2164 5878 turque
2193 5807 2322 5862 mihi
2350 5823 2379 5862 a
2404 5809 2600 5863 virtute
2643 5821 2834 5864 nomen
2864 5810 3156 5880 accepisse,
3183 5829 3247 5870 ac
3274 5819 3318 5871 si
3345 5820 3414 5873 ad
3437 5836 3559 5880 eam

1972 5919 2085 5957 rem
2112 5910 2256 5957 esset
2286 5909 2442 5970 aptus
2473 5911 2525 5957 et
2550 5898 2794 5956 idoneus.
2826 5899 3024 5958 Levites
3049 5946 3064 5973 ,
3110 5905 3330 5979 Cyprius
3360 5900 3561 5981 gcncrc,
