3946 6422
510 387 580 446 95
1189 375 1250 435 S.
1287 372 1566 433 JOANNIS
1592 369 2067 431 CHRVSOSTOMI
2104 366 2423 426 ARCHIEP.
2460 371 2995 431 CONSTANTINOP.
3741 372 3806 434 96

509 502 601 559 37.
628 513 748 559 cum
770 496 968 555 luberet
992 509 1191 566 agrum,
1210 490 1431 547 vendidit
1450 505 1583 556 eum,
1605 495 1652 543 et
1672 486 1840 541 attulit
1855 483 2094 556 pretim»,

510 602 560 651 st
586 592 754 665 posuit
780 598 900 645 ante
928 587 1080 658 pedes
1109 585 1485 656 apostolorum.

581 687 638 742 Ξ.
665 684 764 743 Hie
784 682 915 739 mihi
944 681 1200 737 observes
1220 676 1408 740 velim,
1445 671 1715 744 quomodo
1737 667 1986 725 ostendat
2011 682 2101 723 so-

512 779 678 835 latam
710 775 906 845 legem,
945 780 1002 827 et
1032 786 1130 826 cur
1172 768 1305 824 dicit
1334 765 1589 833 :Levites,
1634 762 1853 835 Cyprius
1895 775 2098 830 genere.

511 868 643 935 Quia
674 865 891 921 demum
921 870 1124 919 mutata
1157 859 1349 931 patria,
1385 856 1587 913 Levita:
1611 853 1954 909 vocabantur.
1995 847 2101 905 Sed

513 960 763 1030 superius
783 958 928 1012 dicta
952 962 1280 1024 repetamus.
1306 948 1541 1014 Dimissi,
1566 946 1758 1017 inquit,
1776 950 2015 998 venerunt
2034 940 2102 994 ad

514 1066 654 1116 suos,
681 1057 728 1104 et
747 1046 1175 1102 aununtiaoerunt
1205 1054 1531 1110 quaecumque
1550 1037 1617 1091 ad
1638 1051 1720 1090 eos
1746 1032 2000 1106 principes
2019 1046 2105 1084 sa-

513 1140 774 1198 cerdoltmt
803 1147 850 1192 et
871 1139 1091 1193 seniores
1119 1133 1387 1188 dixissent.
1417 1128 1554 1185 Vide
1578 1141 1735 1199 quam
1756 1141 1788 1180 a
1807 1123 1948 1179 fastu
1967 1122 2100 1177 alie-

514 1235 569 1289 ni
587 1234 694 1288 sint
708 1230 958 1302 apostoli,
976 1238 1032 1286 et
1050 1242 1206 1298 quam
1225 1221 1553 1298 philosophi.
1571 1219 1687 1276 Non
1705 1219 2103 1275 circumeuntes

514 1344 636 1382 sese
653 1324 928 1379 venditant
953 1336 1053 1378 nec
1076 1320 1280 1387 dicunt,
1311 1334 1419 1389 quo
1444 1323 1603 1387 pacto
1628 1310 1945 1368 sacerdotes
1968 1323 2102 1364 con-

514 1418 772 1481 futarint;
808 1427 982 1484 neque
1011 1410 1284 1466 narrando
1307 1422 1500 1463 vanam
1528 1404 1753 1477 gloriam
1789 1407 2099 1471 captarum;

513 1508 609 1565 sed
633 1507 908 1562 venientes
929 1519 1014 1570 ea,
1041 1518 1161 1573 quae
1182 1517 1211 1556 a
1241 1498 1547 1556 senioribus
1570 1495 1870 1561 audierant,
1892 1489 2100 1560 simpli-

515 1602 650 1656 citer
674 1598 1010 1654 denuntiant.
1041 1595 1179 1651 Hinc
1194 1593 1450 1650 discimus
1477 1592 1622 1661 ipsos
1638 1603 1747 1645 non
1769 1585 1956 1644 sesein
1985 1592 2103 1639 ten-

518 1693 748 1746 lationes
776 1687 1057 1757 iniecisse;
1081 1687 1174 1740 sed
1202 1698 1315 1748 eas,
1340 1697 1458 1753 quae
1478 1678 1866 1741 inferebantur,
1898 1673 2104 1730 fortiter

518 1781 727 1836 tulisse.
757 1779 908 1833 Alius
931 1792 1080 1843 vero,
1109 1775 1351 1846 quisquis
1377 1772 1584 1838 fuisset,
1608 1768 1743 1824 forte
1763 1764 2104 1822 multitudine

517 1872 705 1934 fretus,
745 1868 1097 1925 contumelias
1134 1867 1294 1922 etiam
1340 1862 1686 1935 protulisset,
1741 1874 1806 1914 ac
1852 1864 2104 1914 sexcenta

515 1964 695 2034 gravia
719 1962 971 2032 loquutus
991 1967 1156 2014 esset.
1189 1958 1259 2013 At
1283 1972 1387 2011 non
1413 1955 1465 2009 lii
1490 1951 1835 2025 philosolilii;
1866 1949 1963 2006 sed
1987 1964 2102 2004 om-

515 2056 601 2108 nia
630 2061 905 2106 mansuete
930 2059 986 2105 et
1006 2050 1257 2121 benigne.
1309 2047 1407 2115 Qui
1437 2062 1552 2101 cum
1583 2044 1868 2109 audissent,
1909 2041 2101 2111 inquit,

514 2144 818 2199 unanimiter
855 2158 1023 2197 vocem
1051 2141 1336 2196 levaverunt
1365 2137 1433 2191 ad
1464 2136 1645 2191 Deum.
1687 2133 1906 2189 Clamor
1936 2131 2105 2186 factus

515 2244 594 2291 est
623 2249 689 2290 ex
718 2233 993 2305 voluptate
1021 2240 1078 2287 et
1103 2245 1295 2301 magno
1311 2227 1527 2283 ail'ectu.
1554 2225 1713 2281 Tales
1735 2237 1963 2294 namque
1985 2235 2109 2292 pre-

516 2341 611 2383 ces
638 2333 886 2397 prosunt,
918 2338 1041 2395 qua:
1070 2320 1411 2393 philosophia
1436 2319 1608 2390 plena:
1629 2324 1777 2384 sunt,
1800 2314 1868 2370 de
1890 2314 2100 2379 talibus,

516 2434 548 2473 a
585 2418 800 2486 talibus,
849 2415 945 2471 tali
975 2424 1215 2485 tempore
1244 2421 1299 2469 et
1339 2411 1500 2467 modo
1528 2410 1774 2473 emissae,
1824 2409 1960 2465 sicut
1987 2404 2106 2460 alia:

517 2510 911 2567 abominabiles
968 2514 1097 2563 sunt
1139 2515 1195 2561 et
1243 2501 1556 2560 immundae.
1612 2499 1789 2569 Vide,
1835 2496 2105 2569 quomodo

516 2602 649 2659 nihil
694 2600 1023 2672 superﬂuum
1053 2639 1069 2666 ,
1100 2598 1196 2654 sed
1224 2600 1242 2630 ί
1275 2597 1341 2652 de
1372 2596 1568 2651 virtute
1594 2603 1799 2649 tantum
1842 2592 2007 2663 ipsius
2026 2591 2108 2646 lo-

516 2702 749 2764 quantur
784 2709 797 2745 :
826 2690 936 2746 imo
960 2691 1123 2747 etiam
1156 2685 1604 2760 quemadmodum
1625 2683 1871 2741 Christus
1895 2682 2107 2739 diccbat

514 2783 739 2850 Judzeis,
770 2781 832 2838 Si
857 2791 1026 2838 autent
1054 2797 1145 2854 ego
1167 2780 1220 2834 in
1247 2779 1447 2852 Spiritu
1473 2777 1568 2833 Dei
1588 2778 1791 2849 loquor,-
1821 2776 1892 2831 ita
1922 2783 1977 2831 ct
2006 2773 2104 2844 ipsi

513 2874 717 2940 dicunt,
749 2872 855 2929 Per
883 2872 1137 2943 Spiritum
1160 2880 1408 2926 sanctum.
1433 2869 1574 2924 Ecce
1588 2869 1747 2924 etiam
1766 2866 2020 2924 Scrvator
2049 2867 2102 2921 in

516 2967 718 3038 Spiritu
738 2965 995 3036 loquitur.
1019 2961 1157 3032 Quid
1177 2977 1307 3018 vero
1321 2962 1523 3029 dicant,
1546 2960 1689 3016 audi.
1708 2958 1928 3014 Domine
1943 2957 2101 3026 Deus,

513 3059 600 3129 qui
628 3074 717 3131 per
754 3073 811 3112 os
841 3054 1007 3109 David
1034 3054 1177 3123 pueri
1217 3054 1289 3108 tui
1327 3052 1523 3117 dixisti,
1572 3051 1742 3117 Quare
1792 3051 2106 3123 fremuerunt

514 3160 684 3223 gentes
701 3148 860 3205 “los
876 3147 1018 3204 enim
1045 3155 1127 3201 est
1147 3145 1435 3215 Scripturae
1455 3144 1525 3201 de
1552 3160 1659 3199 uno
1690 3152 1747 3198 ut
1771 3143 1840 3199 de
1866 3143 2106 3214 pluribus

516 3243 686 3315 loqui.
709 3240 821 3297 lloc
841 3232 1287 3311 veroslgnilicare
1303 3238 1521 3294 volunt:
1545 3238 1658 3294 Non
1682 3238 1779 3309 ipsi
1797 3237 2102 3306 valuerunt,

513 3335 611 3392 sed
642 3342 701 3389 tu
725 3343 899 3389 totum
921 3331 1213 3404 permisisti
1240 3340 1295 3388 et
1317 3331 1383 3387 ad
1409 3332 1566 3387 linem
1584 3331 1872 3396 deduxisti,
1903 3330 1992 3405 qui
2015 3345 2105 3386 sa-

512 3444 617 3500 gax
646 3442 707 3483 es
725 3435 779 3482 et
811 3426 1045 3497 sapiens,
1083 3433 1242 3494 atque
1269 3424 1397 3495 ipsis
1423 3423 1650 3480 inimicis
1677 3422 1745 3479 ad
1776 3422 2104 3478 voluntatem

514 3519 706 3577 uteris.
753 3516 885 3574 Nam
918 3516 1007 3572 hic
1033 3514 1103 3571 de
1133 3515 1276 3570 illius
1301 3515 1593 3588 sagacitate
1634 3524 1691 3572 et
1731 3513 1992 3587 sapientia
2020 3514 2105 3569 lo-

513 3621 775 3682 quuutur,
806 3608 1202 3679 ostenduntquc
1234 3607 1377 3676 illos,
1411 3616 1594 3679 utpote
1627 3606 1875 3663 ininnibos
1900 3617 1954 3662 et
1978 3606 2104 3662 hos-

514 3715 614 3771 tes,
667 3719 736 3759 ex
770 3700 1116 3773 sanguinaria
1147 3701 1421 3773 proposito
1459 3699 1775 3755 convenisse
1800 3717 1813 3751 :
1840 3696 2104 3755 faciebant

508 3806 687 3851 autem
716 3808 802 3858 ea,
831 3808 953 3863 quae
985 3802 1042 3847 tu
1072 3791 1312 3859 volebas,
1348 3792 1568 3864 Quaeque
1591 3807 1769 3845 manus
1799 3801 1887 3844 tua
1909 3799 1956 3845 et
1981 3806 2105 3845 con-

506 3885 681 3939 silium
715 3891 861 3937 tuum
895 3882 1217 3936 decreverunt
1243 3881 1380 3949 ﬁeri.
1419 3880 1559 3950 Quid
1600 3891 1704 3949 est,
1756 3880 1945 3936 Manus
1973 3882 2102 3943 tua?

510 3976 608 4031 ilic
637 3974 769 4030 mibi
813 3974 1024 4030 videtur
1057 3988 1274 4028 manum
1304 3988 1498 4030 vocare
1538 3976 1826 4045 potentiam
1850 3982 1906 4031 et
1924 3977 2103 4032 consi-

506 4067 658 4123 lium.
689 4063 924 4132 Sufiicit,
967 4064 1157 4136 inquit,
1192 4073 1245 4120 te
1271 4065 1428 4131 velle;
1474 4066 1652 4121 nullus
1679 4067 1823 4122 enim
1865 4068 2099 4138 potentia

508 4157 827 4226 praedeiinit.
856 4156 992 4212 Illud
1017 4172 1166 4228 ergo,
1199 4155 1541 4222 Qumcumque
1563 4174 1741 4213 manus
1772 4169 1884 4226 tua;
1910 4160 1962 4215 id
1992 4169 2096 4230 est,

504 4253 870 4323 Quaecumque
898 4250 1220 4322 prmcepisti.
1245 4249 1345 4306 Vel
1364 4249 1465 4304 hoc
1483 4249 1644 4321 igitur
1662 4251 1812 4321 dicit,
1849 4252 1931 4307 vel
1956 4252 2100 4324 quod

506 4359 673 4399 manu
685 4352 937 4415 operatus
954 4343 1045 4399 sit.
1062 4342 1214 4399 Sicut
1239 4358 1369 4414 ergo
1388 4350 1516 4399 tunc
1530 4359 1664 4399 vana
1684 4346 1925 4402 meditati
1952 4355 2095 4413 sunt,

502 4436 584 4492 sic
606 4437 766 4492 etiam
791 4450 936 4491 nuuc
966 4445 1025 4490 ut
1048 4451 1184 4489 vana
1210 4435 1283 4491 illi
1312 4435 1638 4491 meditentur
1678 4436 1857 4493 facito.
1912 4437 1981 4495 Et
2031 4440 2101 4492 da

508 4529 659 4583 seruis
680 4530 803 4593 tuis;
826 4527 876 4581 id
895 4536 1001 4594 est,
1020 4526 1098 4583 Ne
1123 4526 1282 4582 mina:
1307 4541 1494 4583 eorum
1522 4529 2096 4599 opere'compleantur.

502 4618 633 4674 llaec
653 4634 813 4689 porro
829 4617 1104 4685 dicebant,
1120 4631 1223 4673 non
1238 4618 1599 4674 detrectantes
1617 4618 1808 4674 durum
1822 4619 2101 4692 quidpiam

504 4711 635 4782 pati,
666 4709 759 4766 sed
788 4724 889 4783 pro
921 4709 1303 4779 praedicatione
1329 4719 1537 4782 petunt.
1571 4710 1687 4767 Non
1718 4712 1860 4767 enim
1889 4713 2094 4783 dicunt,

507 4802 649 4858 Erue
679 4817 779 4858 nos
803 4818 834 4858 a
862 4802 1133 4872 periculis;
1162 4802 1258 4858 sed
1285 4801 1449 4873 quid?
1478 4802 1546 4857 Et
1574 4803 1642 4857 da
1673 4805 1828 4860 servis
1854 4807 1952 4861 tuis
1981 4824 2097 4862 cum

501 4892 640 4947 omni
655 4893 847 4961 ﬁducia
873 4894 1011 4963 loqui
1034 4894 1239 4948 verbum
1260 4902 1421 4949 tuum.
1451 4894 1551 4961 Qui
1580 4909 1711 4966 ergo
1733 4896 1822 4951 illa
1851 4897 1903 4952 in
1934 4897 2093 4955 linem

498 4984 790 5051 deduxisti,
815 4994 870 5040 et
901 4984 1018 5043 haec
1042 4985 1235 5042 deduc.
1268 4987 1430 5053 Quem
1455 4988 1667 5054 auxisti,
1701 4989 1894 5058 inquit.
1937 4990 2091 5063 Vide,

499 5077 772 5151 quomodo
797 5078 959 5134 etiam
977 5079 1031 5134 in
1053 5078 1304 5149 precibus
1321 5081 1627 5151 passionem
1657 5082 2009 5155 distinguunt,
2038 5094 2094 5143 et

495 5169 679 5225 omnia
701 5166 771 5224 ad
801 5168 977 5240 ipsum
998 5166 1259 5236 referunt,
1284 5171 1565 5243 ipsumque
1583 5171 1792 5229 ﬁducia:
1817 5184 2091 5234 auctorem

495 5274 620 5318 csse
648 5260 854 5318 dicunt.
904 5260 1119 5328 Viden‘,
1145 5261 1415 5335 quomodo
1451 5263 1631 5319 omnia
1673 5275 1894 5335 propter
1920 5266 2097 5325 Deum

498 5360 705 5422 petant,
754 5358 811 5407 et
838 5350 973 5407 nihil
997 5351 1065 5408 ad
1089 5352 1316 5424 gloriam
1341 5355 1538 5409 suam?
1582 5356 1736 5421 Quod
1770 5370 1900 5428 ergo
1934 5372 2091 5417 suum

494 5453 579 5499 est
604 5443 952 5515 promittunt,
977 5445 1121 5517 quod
1149 5446 1342 5517 nempe
1369 5462 1476 5502 non
1506 5447 1813 5506 deterrendi
1838 5453 1976 5521 sint;
2019 5454 2093 5509 si-

494 5546 595 5602 gna
627 5548 757 5591 vero
778 5545 990 5607 petunt.
1020 5535 1166 5591 Inoo
1189 5537 1353 5608 quod,
1395 5539 1663 5609 inquiunt,
1714 5557 1925 5598 manum
1949 5554 2091 5601 tuam

493 5773 600 5886 se;
610 5770 706 5826 Αω
728 5771 921 5839 legum,
944 5777 1392 5850 nwtsupsrﬂumn,
1416 5786 1538 5841 nihil
1552 5788 1681 5843 unde
1704 5789 1778 5843 vel
1794 5791 2082 5862 tabulatum,

2208 484 2451 541 extendas
2476 485 2545 540 ad
2570 486 2814 542 sanitates
2841 496 2889 541 et
2914 486 3063 559 signa
3089 495 3137 541 et
3162 486 3412 559 prodigia
3437 487 3575 559 ﬁeri.
3622 487 3803 550 Bene:

2206 591 2330 633 nam
2349 578 2550 648 absque
2571 579 2701 648 illis,
2732 580 2942 637 etiamsi
2964 580 3286 637 immensam
3309 581 3682 651 praetulissent
3698 583 3801 641 ala-

2206 670 2475 738 critatem,
2501 670 2699 727 frustra
2720 674 2898 727 omnia
2923 672 3199 728 fecissent.
3229 670 3447 728 Annuit
3465 685 3655 728 eorm
3683 677 3807 743 peti-

2210 760 2363 828 tioni,
2389 770 2445 819 et
2469 762 2643 833 palam
2673 761 2800 820 fecit
2838 765 3013 820 locum
3037 764 3446 832 concutiendo,
3492 779 3558 820 se
3600 764 3804 824 illorum

2208 854 2459 923 precibus
2487 856 2699 913 adesse.
2753 855 2823 912 Et
2851 874 2965 912 cum
2984 867 3234 925 orassent,
3267 857 3491 928 inquit,
3547 867 3708 917 motus
3738 870 3804 915 est

2207 945 2368 1002 locus.
2400 947 2552 1015 Quod
2581 957 2759 1004 autem
2783 964 2845 1004 ea
2875 949 2945 1005 de
2970 964 3133 1005 causa
3161 949 3368 1007 factum
3397 949 3493 1014 sit,
3536 950 3662 1005 audi
3689 966 3803 1020 pro-

2208 1037 2423 1108 phetam
2449 1039 2721 1097 dicentem
2753 1056 2770 1098 :
2802 1042 2902 1107 Qui
2929 1042 3131 1111 respicit
3170 1050 3390 1108 terram,
3443 1050 3496 1097 et
3537 1041 3662 1111 facit
3699 1058 3802 1096 eam

2208 1137 2443 1195 tremere;
2472 1139 2529 1188 et
2552 1147 2792 1195 rursum.
2841 1132 2885 1187 Α
2915 1132 3048 1203 {acie
3074 1131 3284 1187 Domini
3312 1140 3460 1187 mota
3495 1141 3570 1186 est
3598 1142 3747 1197 terra,
3772 1148 3803 1187 a

2208 1219 2341 1291 facie
2383 1219 2481 1277 Dei
2524 1223 2688 1279 Jacob
2729 1222 2902 1296 (Psal.
2934 1223 3057 1280 105.
3078 1221 3169 1280 32.
3196 1232 3248 1277 et
3280 1223 3414 1279 115.
3435 1222 3517 1291 7).
3550 1221 3663 1278 Hoc
3686 1238 3799 1278 vero

2207 1312 2341 1368 facit
2372 1313 2532 1381 Deus,
2555 1324 2612 1371 et
2636 1324 2693 1371 ut
2718 1316 2978 1387 majorem
3005 1323 3207 1371 metum
3232 1314 3494 1382 incutiat,
3516 1323 3573 1370 et
3597 1323 3657 1370 ut
3682 1315 3801 1369 ﬁdu-

2207 1404 2344 1460 ciam
2376 1407 2483 1462 illis
2509 1407 2659 1463 iudat
2687 1416 2809 1478 post
2846 1409 2964 1464 illas
3007 1409 3201 1475 minas,
3239 1415 3300 1463 et
3342 1414 3406 1462 ut
3451 1406 3521 1462 ad
3554 1406 3796 1477 majorem

2208 1493 2423 1553 dicendi
2450 1496 2752 1555 libertatem
2783 1507 2959 1562 acuat.
2987 1498 3124 1567 Quia
3151 1499 3297 1555 enim
3332 1497 3552 1553 initium
3578 1508 3712 1563 erat,
3753 1508 3799 1553 et

2209 1589 2451 1645 sensibili
2478 1591 2633 1662 signo
2656 1606 2792 1662 opus
2814 1592 3081 1648 habebant
3101 1601 3161 1647 ut
3180 1590 3667 1662 persuaderentur;
3695 1601 3797 1662 po=t

2209 1680 2326 1737 haec
2351 1691 2530 1739 autem
2556 1683 2609 1740 id
2645 1699 2934 1757 numquam
2966 1684 3195 1740 accidit:
3220 1683 3297 1740 ita
3339 1684 3569 1740 multam
3595 1698 3662 1739 ex
3687 1698 3797 1739 ora-

2210 1773 2355 1829 tione
2380 1774 2799 1831 consolationem
2830 1784 2954 1832 sunt
2981 1777 3281 1847 assequuti.

2281 1866 2446 1937 Signa
2495 1870 2908 1925 resurrectionem
2962 1869 3261 1940 probabant.
3315 1898 3393 1911 ——
3446 1868 3580 1925 Jure
3624 1876 3786 1923 autem

2209 1960 2483 2031 signorum
2552 1962 2777 2033 gratiam
2834 1973 3063 2034 petunt;
3123 1977 3230 2018 non
3289 1962 3403 2018 alio
3458 1962 3605 2018 enim
3651 1960 3795 2019 modo

2210 2050 2494 2108 ostendere
2519 2060 2768 2123 poterant
2792 2053 2965 2123 ipsum
2988 2054 3377 2117 resurrexisse,
3400 2052 3507 2107 nisi
3527 2067 3592 2108 ex
3619 2050 3789 2120 signis.

2212 2141 2394 2214 Itaque
2438 2158 2545 2200 non
2593 2135 2744 2201 suam
2812 2145 2985 2199 solum
3053 2145 3379 2216 quaerebant
3427 2144 3790 2207 securitatem,

2210 2248 2395 2289 verum
2424 2236 2585 2291 etiam
2615 2251 2683 2292 ne
2726 2236 3185 2292 confunderentur
3209 2278 3226 2304 ,
3277 2236 3375 2292 sed
3426 2237 3595 2291 libere
3625 2236 3790 2302 loque-

2212 2338 2415 2384 rentur.
2441 2328 2613 2385 Motus
2639 2338 2722 2385 est
2751 2330 2923 2397 locus,
2954 2340 3009 2387 et
3036 2330 3152 2385 illos
3193 2331 3369 2400 magis
3402 2328 3648 2383 tirmavit.
3697 2326 3792 2380 ll.:c

2211 2430 2412 2487 autem,
2454 2421 2617 2478 modo
2667 2423 2877 2493 signum
2920 2424 3014 2478 ira:
3044 2431 3147 2488 est,
3192 2421 3362 2478 modo
3404 2420 3712 2476 visitat‘onis
3744 2424 3790 2471 et

2213 2512 2560 2583 providentiae
2583 2555 2598 2580 ,
2645 2530 2788 2571 nunc
2817 2525 2995 2570 autem
3022 2515 3135 2570 irae.
3164 2515 3226 2571 in
3254 2515 3512 2585 passione
3538 2527 3661 2570 vero
3682 2509 3791 2565 Ser-

2213 2606 2413 2659 vatoris
2463 2606 2727 2674 stupende
2777 2605 2938 2661 modo
2959 2616 3014 2662 et
3061 2614 3254 2676 prmter
3308 2616 3556 2660 naturam
3613 2604 3785 2658 factum

2210 2704 2318 2750 est.
2350 2696 2364 2726 ³
2399 2694 2631 2768 [Etenim
2656 2698 2831 2751 omnis
2859 2707 2996 2752 terra
3024 2707 3297 2752 commota
3322 2706 3425 2753 est.
3451 2697 3517 2752 Et
3543 2696 3653 2767 ipse
3677 2712 3788 2762 quu-

2213 2802 2319 2859 que
2350 2787 2603 2844 Servatur
2630 2789 2842 2844 dicebat
2872 2806 2885 2841 :
2922 2788 3062 2843 Tum:
3107 2801 3251 2843 erunt
3288 2793 3453 2862 fames
3494 2798 3541 2843 et
3568 2788 3786 2859 pestilen-

2214 2887 2300 2934 tia:
2327 2889 2371 2934 et
2400 2890 2546 2935 terrte
2579 2890 2743 2935 motus
2771 2897 2859 2949 per
2897 2881 3007 2935 loca
3034 2881 3051 2952 (
3082 2879 3265 2934 Matth.
3305 2880 3393 2937 2i.
3421 2881 3453 2934 7
3562 2878 3786 2946 Alioquin

2212 2987 2341 3026 vero
2381 2972 2475 3027 irae
2514 2981 2697 3027 contra
2728 2972 2847 3027 illos
2871 2972 3080 3042 signum
3112 2982 3269 3027 erat:
3309 2973 3410 3027 hos
3444 2973 3583 3028 enim
3608 2970 3784 3041 Spiritu

2212 3062 2458 3131 replevit.
2486 3061 2642 3128 Vide,
2673 3072 2726 3118 et
2750 3064 2976 3133 apostoli
3007 3074 3126 3133 post
3152 3064 3459 3119 orationem
3489 3062 3681 3132 Spiritu
3710 3076 3783 3113 rc-

2214 3154 2445 3223 plentur.
2492 3152 2559 3208 Et
2601 3155 2766 3227 gratia
2821 3173 3029 3228 magna,
3081 3155 3271 3226 inquit,
3331 3168 3441 3210 erat
3483 3156 3534 3208 in
3571 3149 3784 3207 ontuibut

2211 3244 2315 3298 illis
2361 3259 2382 3299 :
2427 3262 2585 3316 neque
2622 3246 2756 3300 enim
2809 3248 3073 3317 quisquam
3110 3263 3259 3318 egens
3309 3257 3416 3303 erat
3472 3247 3598 3300 inter
3630 3239 3784 3312 illos.]

2213 3335 2399 3393 Viden‘
2424 3346 2620 3407 quanta
2647 3338 2716 3393 sit
2738 3338 2967 3410 Spiritus
2993 3340 3182 3413 virtus,
3209 3341 3301 3394 ubi
3323 3340 3529 3396 scilicet
3556 3337 3637 3392 illa
3666 3348 3783 3395 ονωί

2210 3428 2365 3483 erat?
2396 3428 2521 3484 llaec
2549 3438 2632 3483 est
2658 3431 2801 3485 enim
2834 3430 3096 3486 bonorum
3144 3446 3332 3495 causa,
3386 3447 3541 3501 quam
3573 3425 3782 3485 secumlo

2212 3530 2491 3589 memorat,
2524 3520 2817 3578 adhortans
2861 3538 3050 3578 omnes
3075 3524 3141 3579 ad
3185 3524 3538 3594 pecuniarum
3568 3529 3781 3575 contexu-

2209 3623 2384 3684 plum;
2406 3614 2651 3685 superius
2670 3614 2853 3670 dicens
2883 3632 2897 3669 :
2927 3614 3037 3669 Nec
3062 3616 3333 3686 quisquam
3359 3631 3529 3669 eorum
3551 3626 3655 3683 qua:
3680 3623 3778 3679 pos-

2210 3704 2423 3771 sidebat,
2482 3705 2676 3777 aliquid
2716 3723 2867 3760 suum
2911 3722 3019 3761 esse
3064 3706 3303 3773 dicebat;
3353 3707 3441 3761 hic
3487 3718 3652 3760 vero:
3683 3697 3777 3752 Nec

2209 3799 2477 3869 quisquam
2505 3814 2658 3870 egens
2687 3809 2800 3854 erat
2831 3800 2962 3854 inter
2986 3800 3123 3854 illos.

2281 3890 2334 3944 '5.
2379 3890 2533 3958 Quod
2564 3899 2739 3946 autem
2771 3908 2876 3946 non
2922 3908 2987 3946 ex
3023 3891 3192 3962 signis
3225 3900 3437 3948 tantum
3462 3935 3475 3957 ,
3507 3887 3596 3945 sed
3635 3885 3775 3940 etiam

2208 3996 2274 4037 ex
2304 3981 2516 4037 illorum
2559 3982 2838 4053 proposito
2867 3981 2918 4037 id
2952 3981 3150 4039 factum
3178 3985 3360 4050 fuerit,
3412 3982 3578 4053 palam
3602 3977 3772 4033 f;u:iunt

2208 4072 2472 4145 Sappbira
2503 4082 2558 4129 et
2582 4075 2842 4130 Ananias.
2891 4074 3007 4132 Non
3037 4084 3213 4132 autem
3258 4079 3429 4131 verbo
3453 4083 3666 4134 tantum,
3694 4065 3772 4122 sed

2206 4169 2368 4224 etiam
2394 4166 2589 4223 virtute
2608 4169 2968 4224 testimOaium
2992 4169 3404 4225 resurrectionis
3424 4164 3770 4224 exhibucruttb

2208 4269 2266 4315 ut
2289 4270 2343 4316 et
2373 4260 2571 4316 Paulus
2618 4261 2692 4316 ait
2723 4279 2737 4316 :
2774 4261 2840 4317 Et
2861 4262 3156 4333 prtedicatio
3186 4279 3298 4317 mea
3326 4279 3426 4318 non
3455 4262 3506 4314 in
3543 4253 3770 4329 persuasi-

2208 4352 2386 4408 bilibus
2415 4353 2652 4409 humana:
2674 4354 2936 4426 sapientia:
2963 4355 3144 4423 verbis,
3173 4354 3262 4409 sed
3287 4356 3340 4410 in
3367 4351 3639 4409 ostensione
3665 4343 3770 4414 Spi-

2209 4448 2336 4503 ritus
2358 4456 2405 4505 et
2431 4449 2625 4504 virtutis
2650 4448 2699 4523 (l
2716 4489 2729 4503 .
2762 4447 2881 4505 Cor.
2903 4448 2961 4502 2.
2993 4446 3071 4520 4).
3104 4448 3212 4504 Nec
3234 4447 3548 4519 simpliciter
3570 4442 3760 4501 virtute.

2206 4541 2323 4609 sed,
2351 4542 2554 4597 virtute
2578 4557 2792 4613 magna.
2826 4543 2895 4598 Et
2926 4542 3064 4598 bene
3089 4542 3239 4608 dicit,
3273 4542 3453 4598 Gratia
3481 4546 3586 4593 erat
3610 4536 3656 4588 iu
3676 4547 3769 4585 om-

2206 4634 2371 4688 nibus.
2400 4633 2527 4689 ldeo
2554 4649 2784 4704 namque
2808 4635 2999 4705 gratia,
3023 4634 3146 4705 quia
3176 4634 3357 4689 nullus
3382 4641 3498 4688 erat
3521 4639 3695 4698 egens;
3722 4619 3766 4674 id

2206 4735 2311 4794 est,
2343 4741 2410 4782 ex
2433 4726 2674 4782 dantium
2695 4727 2975 4783 alacritate
3001 4727 3177 4781 nullus
3206 4740 3409 4796 egenus
3442 4729 3576 4778 erat.
3608 4716 3767 4782 Neque

2205 4820 2348 4876 enim
2411 4830 2616 4891 partem
2670 4818 3076 4890 largiebantur,
3126 4827 3336 4890 partem
3385 4810 3764 4871 recondebam:

2204 4925 2380 4983 neque
2404 4898 2584 4966 omnia
2616 4910 2835 4977 dabant,
2878 4910 2970 4966 scd
2997 4908 3150 4980 quasi
3194 4908 3427 4979 propria.
3457 4897 3765 4972 lnmqualita-

2205 5012 2312 5061 tem
2341 5003 2409 5059 de
2437 5001 2615 5058 medio
2644 5001 2941 5069 tollebant,
2990 5011 3048 5057 et
3077 5001 3130 5056 in
3159 4998 3479 5057 abundantia
3511 4992 3665 5049 multa
3700 4984 3760 5037 vi-

2201 5097 2399 5154 vebant
2427 5110 2444 5150 :
2477 5096 2755 5167 multoque
2776 5110 2898 5152 cum
2929 5093 3135 5151 honore
3167 5093 3270 5148 hoc
3295 5089 3575 5148 faciebant.
3602 5080 3762 5149 Neque

2203 5191 2259 5247 in
2288 5191 2539 5247 manibus
2564 5189 2780 5247 tradere
2821 5188 3115 5256 audebant,
3149 5202 3322 5259 neque
3348 5200 3468 5241 cum
3498 5181 3630 5235 fastu
3671 5174 3761 5227 iar-

2266 5370 2284 5404 ι
2298 5377 2447 5421 Totus
2467 5368 2552 5432 qui
2576 5367 2705 5432 inter
2728 5367 2932 5432 uncinos
2955 5363 3193 5415 clauditur
3215 5363 3369 5423 locus,
3404 5374 3473 5432 sic
3509 5355 3754 5432 adortum?

2193 5410 2446 5483 ρηοᾜῗ
2469 5410 2930 5481 massam;
2943 5410 3346 5478 tEFra'EJM
3355 5410 3464 5488 est.
3502 5419 3566 5488 tu?
3597 5410 3754 5488 “id”:

2202 5472 3756 5558 animumanimam"

2196 5541 2324 5605 eum
2343 5541 2718 5616 qui‘patiebtitur
2740 5541 2859 5604 esse
2888 5541 3040 5616 Deum
3053 5586 3091 5616 ,_
3114 5564 3207 5601 non
3239 5541 3512 5616 simplicem
3526 5541 3751 5616 Immolet?-

2197 5615 2332 5678 ouod
2352 5606 2396 5678 ἐξ
2421 5606 2561 5678 (haec
2583 5624 2735 5678 teme
2756 5615 3017 5678 commotio
3030 5606 3188 5678 lino-
3204 5606 3393 5678 είθπιίεη
3412 5612 3529 5678 erat:
3538 5606 3744 5678 E93151
3771 5631 3779 5661 τ

2193 5660 2529 5741 ἇιῖίῇὶᾶὶιᾰιῗῆ
2540 5660 3467 5741 amatamamatam.
3485 5660 3744 5741 ιζᾳςζιέξ

2194 5722 2450 5810 Ws?
2464 5722 2951 5810 ιῗίςᾷέρῖιὲἧξὲῆνξὶῆ
2961 5722 3238 5810 ﬁnitioni}?
3258 5722 3329 5783 ⁷ῗ
3345 5722 3409 5810 Et
3434 5722 3747 5810 ἐέἱὲἐῖἳξῗξὲ

2194 5790 2703 5919 ὶῐὲεὲιῧὲδρξνὴὶὺεὺωα
2724 5790 2776 5856 in
2991 5790 3169 5867 multa,
3185 5806 3233 5855 et
3252 5794 3415 5866 gratia
3434 5797 3534 5845 erat
3555 5790 3752 5837 ineatur
