3946 6432
235 417 298 475 97
1236 407 1302 463 ΙΝ
1319 473 1322 476 ,
1340 408 1521 464 ACTA
1559 405 1830 464 APOSTOI

1939 407 2083 464 tUM.
2125 408 2358 467 llOMlL.
2401 411 2488 469 XI.
3114 395 3130 409 ⁸
3449 425 3522 483 aa

227 529 530 604 giehantur;
562 523 660 581 sed
692 522 759 578 ad
792 523 964 594 pedes
997 522 1323 588 efferebant,
1353 533 1408 576 et
1435 522 1556 576 illos
1596 520 1819 590 dispeno

225 634 424 680 satorcs
472 635 599 675 esse
652 618 940 685 sinebant,
993 616 1343 686 dominosque
1385 615 1707 680 reddebant;
1765 622 1824 668 ut

221 715 364 788 quasi
418 728 490 768 ex
540 710 930 766 communibus
958 709 1211 778 deinceps
1256 709 1682 772 insumerentur,
1712 720 1823 759 non

223 809 362 881 quasi
399 823 468 861 ex
528 805 788 875 prOpriis.
824 803 959 858 llinc
999 812 1176 857 autem
1223 800 1406 865 ﬁebat,
1454 809 1512 854 ut
1553 813 1657 853 non
1687 812 1822 851 vana

227 901 376 972 gloria
408 895 841 952 extollerentur.
874 893 986 948 lloc
1011 892 1056 948 si
1085 907 1228 946 nunc
1254 905 1471 962 quoque
1503 892 1676 952 fieret,
1701 903 1824 942 cum

228 993 418 1060 majore
445 989 766 1044 viveremus
797 986 1068 1056 voluptate
1097 993 1151 1040 et
1192 984 1383 1038 divites
1417 992 1473 1038 et
1511 993 1820 1051 pauperes:

227 1103 312 1142 nec
354 1083 635 1154 majorem
689 1081 1015 1152 pauperibus
1037 1121 1053 1146 ,
1087 1093 1244 1148 quam
1269 1076 1520 1132 divitibus
1545 1074 1648 1128 hoc
1674 1073 1826 1128 volu-

224 1189 416 1249 ptatem
452 1174 710 1230 afferret.
745 1173 810 1227 Et
839 1172 882 1226 si
914 1173 1106 1242 placet,
1135 1169 1240 1224 hoc
1265 1183 1517 1225 sermone
1541 1165 1822 1222 describa-

220 1285 356 1334 mus,
387 1279 446 1322 ει
472 1266 612 1320 hinc
639 1265 968 1333 voluptatem
993 1262 1373 1331 decerpamus,
1401 1257 1616 1330 quando
1642 1257 1823 1327 operi-

216 1361 314 1418 bus
335 1375 446 1414 non
465 1357 660 1412 vultis.
692 1355 918 1410 Maxime
944 1363 1120 1409 autem
1144 1369 1210 1408 ex
1237 1351 1692 1406 illismanifestum
1718 1357 1822 1416 est,

219 1470 335 1524 qua:
366 1462 501 1508 tunc
533 1451 682 1506 facta
710 1457 861 1515 sunt;
893 1448 1014 1518 quia
1061 1446 1353 1502 vendentes
1386 1460 1494 1500 non
1524 1443 1679 1515 egeni
1724 1444 1823 1499 lie-

223 1547 375 1613 bmt,
404 1545 500 1600 sed
533 1552 594 1598 et
623 1556 886 1613 pauperes
915 1539 1107 1594 divites
1130 1537 1445 1594 reddebant.

305 1633 747 1703 Constantinopoli
780 1641 897 1702 quot
936 1648 1071 1702 opes,
1101 1638 1319 1702 quantus
1346 1629 1526 1700 pepuli
1564 1643 1821 1682 numerus.

237 1762 307 1774 --
332 1731 594 1786 Craterum
621 1726 727 1780 hoc
753 1739 893 1780 nunc
920 1738 1167 1780 sermone
1194 1721 1562 1777 describamus
1594 1738 1606 1773 :
1635 1735 1825 1775 omnes

229 1838 316 1879 sua
355 1821 542 1875 omnia
574 1817 810 1874 vendant
854 1825 908 1871 et
939 1817 990 1870 in
1022 1815 1254 1870 medium
1284 1813 1510 1868 afferant
1533 1855 1549 1879 ,
1577 1826 1826 1867 sermone

222 1916 343 1971 dico
372 1932 385 1968 :
418 1927 590 1968 nemo
638 1910 882 1965 turbetur
928 1923 1098 1978 neque
1145 1906 1335 1970 dives,
1379 1920 1552 1975 neque
1599 1919 1821 1975 pauper.

221 2008 490 2074 Quantum
524 2013 691 2075 putas
720 2001 835 2055 auri
869 2000 1152 2055 collectum
1203 1999 1310 2053 iri?
1360 1999 1472 2068 Ego
1512 2013 1644 2052 sane
1690 2011 1824 2052 con-

216 2103 338 2172 jicio
371 2100 391 2172 (
420 2113 607 2168 neque
636 2095 780 2151 enim
811 2093 866 2148 id
891 2101 1038 2148 certo
1064 2091 1168 2146 dici
1194 2090 1408 2162 potest)
1438 2132 1452 2156 ,
1477 2091 1520 2145 si
1553 2089 1745 2160 singuli
1773 2096 1828 2143 et

218 2195 443 2264 singula:
471 2204 606 2245 suas
625 2200 817 2242 omnes
839 2185 926 2240 hic
946 2184 1196 2255 pecunias
1217 2189 1558 2248 evacuarent,
1582 2181 1625 2236 si
1645 2195 1820 2251 agros,

221 2283 623 2356 possessiones,
655 2277 845 2333 domos
877 2275 1147 2331 traderent
1174 2274 1383 2344 (servos
1416 2289 1521 2327 non
1569 2273 1818 2339 dixerim,

219 2391 394 2446 neque
419 2373 577 2428 enim
608 2381 738 2426 tunc
764 2377 936 2435 erant,
965 2367 1057 2422 sed
1103 2368 1330 2422 fortasse
1357 2364 1558 2420 liberos
1585 2364 1825 2419 dimitte-

223 2471 407 2539 b.mt);
447 2466 645 2520 forsan
689 2462 870 2518 decies
915 2472 1140 2516 centena
1195 2460 1361 2513 millia
1407 2460 1660 2513 librarum
1710 2458 1826 2512 auri

227 2565 728 2631 congregarentur;
775 2553 882 2607 imo
902 2559 956 2606 et
983 2550 1065 2606 bis
1095 2559 1242 2606 terve
1283 2551 1529 2620 amplius.
1565 2550 1657 2603 Dic
1683 2549 1825 2604 enim

242 2654 399 2716 mihi,
424 2651 621 2705 civitas
668 2657 851 2701 nostra
887 2653 1140 2714 quantum
1187 2643 1610 2713 promiscuorum
1651 2643 1825 2696 homi-

244 2761 366 2800 num
393 2755 678 2798 numerum
698 2737 975 2794 continet?
1001 2745 1129 2806 quot
1149 2735 1308 2789 vultis
1326 2749 1446 2789 esse
1468 2733 1828 2790 Christianos?

245 2837 457 2892 iultisne
477 2848 609 2890 esse
638 2838 857 2885 centum
888 2827 1068 2882 mille?
1097 2837 1328 2896 quantus
1370 2841 1625 2880 numerus
1651 2827 1826 2896 genti-

232 2931 356 2984 hum
378 2937 433 2982 et
457 2921 820 2981 Judmorum?
845 2928 977 2991 quot
1005 2919 1173 2973 millia
1199 2919 1314 2972 auri
1344 2932 1497 2987 cong:
1514 2919 1827 2987 cgarcotur?

229 3032 460 3092 quuitus
487 3032 623 3073 vero
649 3026 733 3070 est
757 3027 1048 3085 pauperum
1075 3010 1371 3065 numerus?
1401 3011 1516 3065 Neo
1551 3021 1680 3080 puto
1709 3025 1855 3086 esse.

231 3131 390 3186 supra
442 3109 841 3184 quinquaginta
870 3106 1059 3160 millia.
1095 3105 1202 3159 Hos
1229 3117 1357 3158 vero
1398 3104 1636 3172 quotidie
1663 3105 1824 3169 alere,

232 3215 428 3277 quanta
454 3201 616 3272 copia
649 3198 826 3256 foret?
851 3197 1010 3254 Certe
1038 3195 1309 3250 communi
1331 3195 1450 3249 cibo
1476 3204 1529 3249 et
1558 3195 1827 3249 communi

235 3314 420 3354 mensa
452 3296 590 3366 ipsis
630 3290 896 3363 apposita,
953 3303 1059 3343 non
1103 3294 1302 3341 tantam
1352 3293 1478 3355 puto
1531 3284 1827 3354 impensam

236 3394 367 3446 fore.
409 3386 557 3456 Quid
583 3399 731 3455 ergo,
784 3380 1010 3451 inquies,
1054 3379 1243 3434 facturi
1271 3392 1511 3433 essemus
1546 3378 1828 3448 insumptis

235 3484 423 3554 opibus
445 3481 470 3533 ?
497 3479 657 3534 Tune
687 3483 840 3545 putas
889 3486 1047 3543 posse
1086 3485 1337 3541 umquam
1375 3469 1618 3524 insumi?
1647 3485 1828 3525 annon

239 3575 431 3631 millies
462 3567 826 3627 abundantior
865 3564 1034 3639 gratia
1072 3562 1166 3621 Dei
1192 3563 1380 3621 esset?
1407 3577 1586 3617 annon
1611 3562 1830 3632 largiter

241 3668 406 3738 gratia
436 3663 536 3720 Dei
572 3659 974 3718 effunderetur?
1021 3657 1159 3726 Quid
1190 3655 1362 3712 vero?
1407 3669 1585 3710 annon
1633 3661 1828 3710 terram

245 3760 588 3815 efticeremus
616 3752 842 3808 cadum?
871 3750 926 3806 Si
958 3749 1008 3804 id
1039 3751 1092 3804 in
1128 3749 1298 3803 tribus
1322 3749 1562 3802 millibus
1590 3757 1644 3802 et
1670 3746 1828 3817 quin-

249 3867 347 3923 que
375 3848 617 3904 millibus
648 3847 718 3900 ita
747 3843 971 3909 refulsit,
1002 3851 1056 3896 et
1083 3841 1260 3896 nullus
1289 3855 1477 3896 eorum
1503 3839 1572 3894 de
1601 3854 1830 3909 pauper-

255 3954 354 3997 tate
395 3948 731 4008 conquestus
773 3943 875 4000 est,
908 3943 1108 4005 quanto
1132 3933 1301 4003 magis
1327 3933 1382 3987 in
1415 3940 1557 3986 tanta
1588 3931 1831 3986 multitu-

253 4037 408 4092 dine?
439 4035 566 4104 quis
593 4033 756 4086 etiam
780 4039 1124 4084 externorum
1153 4042 1261 4081 non
1302 4026 1503 4096 aliquid
1538 4024 1833 4095 adjiceret?

258 4129 317 4184 [ι
335 4136 516 4181 autem
545 4123 843 4188 ostendam,
861 4119 1234 4176 sic-distractae
1250 4132 1380 4187 opes
1401 4117 1569 4188 magis
1580 4116 1828 4186 expendi,

251 4233 301 4276 et
326 4210 916 4291 paupertatis'causam
962 4226 1082 4268 esse
1110 4210 1184 4283 (α)
1213 4229 1224 4264 :
1249 4211 1320 4266 sit
1349 4210 1542 4265 domus
1566 4253 1581 4278 ,
1611 4211 1698 4265 ubi
1729 4211 1836 4266 sint

254 4313 398 4384 pueri
443 4311 638 4365 decem
679 4315 732 4362 et
758 4321 892 4360 uxor
918 4313 973 4359 et
1000 4303 1111 4369 vir;
1140 4315 1196 4357 et
1221 4302 1313 4356 illa
1341 4302 1559 4372 quidem
1598 4301 1835 4358 laniﬁcio

252 4403 550 4468 incumbat,
566 4399 656 4454 ille
667 4413 793 4453 vero
813 4397 878 4452 de
891 4395 1022 4451 foris
1036 4403 1330 4466 proventus
1342 4392 1530 4448 alferat
1547 4410 1561 4446 :
1582 4392 1669 4447 die
1681 4392 1834 4460 mihi,

250 4515 315 4552 an
367 4495 444 4550 illi
494 4495 549 4547 in
595 4489 865 4546 communi
908 4487 1150 4542 viventes
1200 4495 1254 4542 et
1292 4486 1346 4539 in
1399 4500 1500 4539 una
1542 4484 1722 4550 domo,
1768 4500 1836 4539 an

247 4586 477 4658 diSpcrsi
507 4583 629 4654 plus
673 4577 1022 4650 impendant?
1051 4577 1233 4632 Palam
1275 4574 1530 4646 estquod
1573 4574 1823 4644 dispersi.

249 4683 380 4738 Nam
410 4678 454 4733 si
484 4676 862 4744 diSpergantur
889 4669 1079 4726 decem
1106 4669 1220 4735 filii,
1249 4669 1436 4722 decem
1463 4667 1710 4723 domibus
1735 4667 1838 4722 erit

245 4787 402 4843 opus,
438 4769 632 4824 decem
657 4764 856 4819 mensis
876 4802 892 4828 ,
920 4761 1107 4817 decem
1135 4759 1346 4815 famulis
1367 4798 1382 4825 ,
1430 4767 1736 4827 caeteroque
1762 4758 1838 4811 si-

251 4863 451 4918 militer
477 4865 758 4929 proventu.
786 4852 926 4923 Quid
955 4866 1103 4917 vero,
1132 4851 1221 4907 ubi
1249 4864 1527 4906 servorum
1553 4857 1635 4904 est
1663 4849 1842 4904 multi-

266 4953 421 5009 tudo?
465 4965 651 5007 nonne
681 4947 798 5004 ideo
825 4961 1016 5001 omnes
1057 4944 1302 5000 eamdem
1334 4957 1573 4998 mensam
1607 4941 1837 5008 habent,

271 5062 338 5100 ne
362 5047 521 5114 major
549 5043 643 5097 ﬁat
671 5038 950 5110 impensa?
979 5037 1110 5092 Nam
1141 5036 1334 5092 divisio
1355 5049 1568 5105 semper
1594 5035 1844 5089 imminu-

271 5136 464 5191 tionem
493 5134 668 5205 parit;
707 5129 994 5186 concordia
1032 5138 1087 5184 et
1115 5142 1410 5183 consensus
1430 5167 1446 5192 ,
1474 5134 1839 5196 augmentum.

261 5230 353 5285 Sic
377 5230 430 5283 in
452 5223 794 5282 monasteriis
819 5237 964 5278 nunc
990 5221 1184 5275 vivitur
1203 5261 1220 5288 ,
1249 5229 1307 5274 ut
1331 5218 1458 5274 olim
1485 5218 1671 5273 fideles
1697 5218 1843 5273 vive-

255 5323 407 5377 bant.
434 5318 570 5385 Quis
599 5316 740 5371 famc
765 5321 1011 5368 mortuus
1035 5311 1154 5366 est?
1183 5310 1303 5380 quis
1329 5325 1436 5364 non
1476 5309 1697 5377 copioso
1723 5309 1844 5364 cibo

259 5425 445 5484 pastus
469 5411 598 5467 est?
619 5409 771 5464 Nunc
797 5416 974 5462 tamen
1005 5404 1111 5460 hoc
1152 5404 1322 5474 magis
1349 5403 1538 5457 timent
1562 5400 1807 5456 homines
1826 5443 1842 5468 ,

260 5521 424 5578 quam
452 5507 506 5560 in
537 5503 755 5574 pelagus
779 5502 1097 5557 immensum
1119 5496 1379 5552 incidere.
1406 5494 1462 5551 Si
1490 5503 1668 5550 autem
1689 5493 1848 5564 hujus

293 5644 370 5708 (a)
394 5651 508 5702 Qua
540 5642 606 5708 de
630 5639 938 5708 pauperibus
969 5632 1513 5708 Constantinopolitanis
1540 5629 1850 5708 alendishic

293 5654 370 5708 (α)
394 5654 508 5702 Qua
540 5654 606 5692 ue
698 5654 938 5703 upertnus
969 5654 1513 5705 bonswnttuopuntauts
1546 5654 1736 5702 arcuum
1770 5654 1850 5704 uti;

263 5707 511 5772 manus.
537 5654 720 5772 simili:
745 5709 860 5772 sua;
897 5700 1098 5772 italus
1116 5693 1853 5772 (ιε,ρεξξξυσξεῲιιεὲξιῐξοειιθξξὲξ

269 5753 642 5830 ἶιῇἷιᾙὶξθωι
675 5762 885 5830 Humilia
915 5753 1057 5830 ij'].
1084 5760 1135 5808 in
1178 5753 1478 5815 tu'attliteum,
1501 5763 1657 5830 Temo
1679 5753 1850 5830 inulti

272 5813 933 5890 ad'vertawslonge—majorem
959 5821 1116 5890 fuisse
1154 5833 1422 5885 pauperum
1454 5813 1710 5868 numerum
1733 5813 1852 5868 Cou-

269 5885 757 5960 Iuntinopolifjuam
773 5885 1071 5938 Antiochiae.

1932 521 2009 575 rei
2029 522 2321 591 periculum
2338 526 2674 596 fecissemus,
2689 545 2802 585 rem
2819 530 3070 590 audacter
3085 535 3427 606 aggrederem
3435 554 3517 593 ur.

1931 618 2194 686 Quantam
2223 631 2376 692 putas
2421 623 2569 678 illam
2608 639 2728 679 esse
2753 628 3026 696 gratiam?
3070 629 3128 684 Si
3173 631 3316 685 enim
3352 643 3479 687 tunc
3503 673 3518 695 ,

1930 725 2052 765 cum
2080 714 2256 770 nullus
2286 731 2421 785 pene
2447 725 2590 770 esset
2617 715 2809 783 fidelis,
2835 719 2929 773 sed
2958 721 3130 775 solum
3162 723 3261 774 tria
3289 731 3342 776 et
3367 723 3524 792 quin-

1931 819 2037 873 que
2069 804 2263 872 millia;
2301 821 2424 861 cum
2449 822 2674 874 onmes,
2703 811 2794 879 qui
2827 809 2879 863 in
2912 811 3113 866 mundo
3134 822 3308 877 erant,
3340 813 3522 869 hostes

1931 905 2153 962 essent;
2186 913 2306 952 cum
2338 914 2598 970 nusquam
2642 901 3064 958 consolationem
3107 914 3518 972 exspectarent,

1934 999 2041 1045 tam
2070 1003 2289 1048 strenue
2321 1009 2434 1049 rem
2461 996 2697 1065 aggressi
2729 1005 2856 1051 sunt
2885 1015 2898 1048 :
2928 1007 3130 1067 quanto
3152 997 3322 1068 magis
3351 1014 3518 1064 nunc,

1931 1097 2052 1138 cum
2083 1099 2178 1154 per
2211 1085 2303 1140 Dei
2345 1088 2572 1156 gratiam
2598 1103 2693 1157 per
2719 1096 2887 1142 totum
2931 1089 3117 1146 orbem
3146 1089 3333 1146 ﬁdeles
3360 1091 3522 1146 sunt?

1931 1189 2050 1245 quts
2093 1177 2201 1246 jam
2249 1189 2556 1247 superesset
2605 1180 2860 1250 gentilis?
2898 1180 3122 1246 Nullus,
3171 1181 3402 1253 opinor;
3451 1184 3521 1238 ita

1932 1281 2122 1323 omnes
2154 1271 2563 1326 attraxissentus
2593 1282 2644 1327 et
2674 1273 2829 1327 nobis
2853 1273 3314 1329 conciliassemus.
3347 1274 3522 1330 Caete-

1932 1375 2049 1414 rum
2076 1361 2120 1416 si
2150 1361 2250 1416 hac
2280 1363 2363 1416 via
2411 1364 2817 1434 progrediamur
2839 1404 2855 1430 ,
2907 1381 3000 1434 per
3048 1365 3211 1420 Deum
3257 1381 3419 1435 spero
3445 1367 3524 1422 sic

1931 1465 2046 1505 rem
2075 1450 2304 1505 futuram
2331 1468 2471 1508 esse.
2504 1453 2884 1524 Ohtcmperate
2919 1455 3048 1508 mihi
3077 1464 3279 1509 tantum
3301 1499 3315 1522 ,
3348 1466 3402 1511 et
3430 1473 3524 1527 per

1931 1541 2172 1597 ordinem
2195 1559 2308 1598 rem
2338 1545 2470 1599 bene
2489 1561 2738 1615 geremus
2762 1561 2775 1599 :
2803 1558 2852 1600 et
2878 1547 2923 1601 si
2949 1546 3088 1602 Deus
3108 1547 3268 1601 vitam
3292 1548 3520 1615 dederit,

1932 1636 2095 1691 credo
2114 1637 2225 1692 fore
2251 1647 2308 1692 ut
2321 1639 2426 1693 cito
2444 1639 2494 1692 in
2514 1639 2649 1693 hanc
2667 1641 2788 1694 vitae
2805 1641 3066 1696 rationem
3085 1655 3182 1696 nos
3200 1643 3521 1713 ingeramus.

2005 1723 3083 1808 4.Contrajuramenta.--—Interimlegem
3109 1735 3177 1790 de
3214 1735 3524 1805 juramcuto

1931 1820 2150 1891 implete
2175 1836 2238 1876 ac
2267 1821 2492 1877 ﬁrmiter
2519 1832 2731 1879 tenete:
2756 1834 2809 1880 et
2834 1827 2924 1896 qui
2950 1835 3150 1894 servat,
3174 1841 3279 1880 non
3306 1841 3526 1882 servan-

1933 1922 2038 1968 tem
2069 1914 2406 1968 manifestum
2433 1913 2612 1982 faciat,
2644 1916 2849 1972 incuset
2873 1917 3330 1988 vehementerque
3354 1919 3527 1973 incre-

1934 2014 2045 2077 pet.
2076 2005 2402 2060 Prteliuitunt
2434 2009 2577 2061 enim
2609 2015 2818 2077 tempus
2845 2024 3012 2080 prope
3039 2019 3122 2064 est
3143 2051 3158 2076 ,
3189 2019 3244 2064 et
3281 2011 3355 2065 rei
3401 2027 3524 2079 per-

1933 2097 2272 2166 quisitionem
2316 2097 2542 2164 faciant,
2589 2098 3091 2169 deprehensumque
3130 2102 3423 2172 segregaho
3473 2111 3529 2157 et

1932 2188 2231 2244 excludam.
2266 2189 2421 2243 Absit
2451 2198 2629 2244 autem
2651 2232 2663 2255 ,
2694 2206 2761 2244 ne
2785 2193 2905 2260 quis
2934 2192 3055 2246 talis
3083 2193 3224 2262 apud
3251 2209 3349 2248 nos
3380 2194 3528 2248 inve-

1932 2280 2143 2347 niatur;
2173 2282 2266 2336 sed
2294 2296 2484 2337 omnes
2508 2293 2759 2338 accurate
2785 2284 2888 2338 hoc
2913 2294 3126 2354 pactum
3165 2296 3375 2340 servent
3419 2287 3539 2355 δρία,

1932 2373 2145 2427 rituale.
2174 2373 2246 2429 Ut
2281 2375 2421 2429 enim
2455 2374 2507 2430 in
2547 2375 2689 2430 bello
2727 2391 2793 2431 ex
2833 2386 3033 2432 tessera
3062 2378 3451 2434 commilitones
3477 2387 3532 2435 et

1933 2465 2023 2519 alii
2051 2465 2454 2535 diguoscuntur,
2486 2469 2557 2522 ita
2601 2478 2656 2523 et
2701 2484 2842 2524 nunc
2881 2469 2993 2526 ﬁat.
3023 2470 3158 2526 Nam
3201 2481 3253 2527 et
3294 2488 3434 2526 nunc
3477 2473 3529 2526 in

1932 2556 2074 2611 bello
2094 2573 2295 2624 sumus,
2322 2569 2378 2613 ut
2399 2569 2452 2614 et
2470 2559 2660 2616 fratres
2675 2564 3316 2630 agnoscamus.Quantutn
3332 2565 3533 2620 bonum

1931 2657 2034 2705 erit
2061 2650 2216 2706 nobis
2244 2651 2345 2706 hoc
2371 2653 2705 2722 signaculum
2736 2665 2791 2709 et
2820 2655 2904 2709 hic
2936 2665 2990 2710 et
3039 2657 3090 2709 in
3120 2657 3295 2711 aliena
3331 2669 3471 2712 terra
3506 2660 3532 2713 ἲ

1932 2741 2108 2814 qualia
2136 2751 2259 2797 sunt
2297 2742 2411 2798 ha:c
2449 2758 2595 2797 arma
2635 2745 2893 2800 adversus
2932 2745 3127 2801 diaboli
3177 2749 3532 2804 ntachinas'?

1933 2837 2005 2891 0s
2030 2836 2173 2890 enim
2190 2837 2376 2904 jurare
2403 2837 2666 2901 nesciens,
2692 2838 2800 2892 cito
2825 2838 2988 2893 Dettm
3019 2840 3069 2893 in
3098 2839 3344 2909 pret-ibus
3367 2852 3534 2896 attra-

1935 2931 2046 2994 hct,
2069 2939 2122 2985 et
2137 2929 2280 2999 gravi
2306 2929 2456 3000 plaga
2478 2930 2746 2990 diabolum
2772 2929 2955 2985 feriet:
2982 2947 3042 2986 os
3058 2932 3240 3002 jurare
3262 2934 3529 3000 nesciens,

1933 3038 2034 3079 nec
2055 3022 2501 3076 contumeliosum
2533 3022 2653 3076 erit.
2687 3020 2758 3077 Ut
2788 3037 2852 3075 ex
2895 3022 3086 3088 domo,
3129 3024 3206 3078 sic
3247 3040 3312 3079 ex
3355 3024 3533 3094 lingua

1934 3113 2076 3167 hunc
2105 3113 2277 3184 ignem
2309 3113 2444 3182 cjire
2469 3154 2483 3179 ,
2528 3121 2581 3168 et
2625 3112 2766 3166 foras
2812 3115 2985 3168 trahe.
3019 3115 3092 3168 Da
3125 3116 3223 3185 ipsi
3256 3115 3448 3187 lingua:
3478 3127 3536 3171 ut

1933 3207 2148 3274 paulum
2176 3205 2403 3274 respiret
2431 3247 2446 3271 ,
2496 3213 2550 3258 et
2577 3205 2730 3258 ulcus
2774 3204 3038 3260 inﬁrmius
3079 3207 3306 3262 reddito.
3356 3208 3532 3264 Etiam

1933 3297 2177 3363 obsecro,
2229 3306 2286 3351 ιιι
2336 3296 2496 3349 aliam
2537 3295 2688 3350 vobis
2733 3295 3070 3367 disciplinam
3111 3299 3314 3353 tradam
3361 3317 3374 3353 :
3411 3315 3534 3354 cum

1934 3390 2076 3444 enim
2103 3389 2203 3442 hoc
2225 3388 2459 3442 nondum
2482 3387 2823 3442 emendatum
2848 3389 2936 3453 sit,
2964 3405 3071 3444 non
3096 3392 3269 3445 ausim
3297 3391 3363 3445 ad
3387 3392 3534 3447 aliud

1933 3481 2137 3536 venire.
2167 3480 2282 3536 lloc
2310 3494 2434 3535 cum
2461 3479 2734 3550 diligentia
2761 3495 2789 3533 a
2818 3479 2967 3534 vobis
2996 3482 3298 3552 corrigatur
3330 3500 3342 3535 :
3375 3482 3536 3552 hujus

1935 3574 2114 3645 operis
2143 3588 2360 3628 sensum
2390 3572 2615 3642 accipite
2635 3613 2650 3638 ,
2695 3581 2749 3626 et
2790 3582 2915 3625 tunc
2953 3571 3103 3625 vobis
3127 3573 3258 3627 alias
3287 3573 3534 3627 inducam

1939 3667 2118 3736 leges;
2165 3665 2274 3718 imo
2315 3679 2420 3717 non
2460 3677 2594 3732 ego,
2637 3663 2732 3717 sed
2774 3662 3036 3717 Christus.
3085 3663 3197 3717 lloc
3236 3663 3436 3718 bonum
3479 3665 3536 3720 in

1937 3759 2112 3812 anima
2143 3765 2320 3811 vestra
2353 3756 2608 3825 plantate,
2641 3764 2694 3809 ct
2727 3754 2977 3824 paulatim
3016 3755 3290 3824 paradisus
3321 3756 3416 3810 Dei
3449 3757 3532 3811 ef-

1939 3851 2229 3916 ﬁcietnini,
2277 3849 2449 3904 multo
2489 3848 2678 3902 melior
2724 3847 2817 3902 illo
2863 3847 2991 3901 olim
3038 3847 3306 3917 paradiso.
3351 3847 3537 3918 Neque

1939 3948 2082 4004 enim
2113 3945 2251 4016 apud
2281 3959 2379 3999 nos
2405 3958 2625 4013 serpens
2663 3953 2762 4007 est,
2807 3957 2978 4012 neque
3021 3941 3183 3997 arbor
3221 3943 3495 3997 mortifera
3518 3984 3533 4009 ,

1939 4055 2114 4109 neque
2143 4037 2284 4091 aliud
2313 4036 2507 4090 simile.
2551 4034 2724 4104 Figite
2754 4034 2806 4088 in
2853 4031 3115 4104 profundo
3146 4033 3282 4088 hanc
3309 4049 3539 4088 consue-

1942 4129 2198 4185 tudinem.
2232 4127 2344 4180 lluc
2370 4127 2412 4179 si
2443 4125 2534 4178 ﬁat
2558 4167 2572 4189 ,
2619 4139 2724 4178 non
2769 4124 2921 4178 vobis
2951 4132 3153 4177 tantum
3183 4124 3539 4193 prmsentibus

1942 4221 2202 4292 proderit,
2233 4218 2328 4273 sed
2353 4217 2515 4272 etiam
2543 4215 2790 4270 omnibus
2818 4216 2906 4284 qui
2937 4215 2988 4268 in
3019 4215 3150 4269 orbe
3173 4224 3326 4280 sunt;
3355 4224 3538 4270 etnon

1943 4313 2027 4368 his
2059 4319 2284 4374 tantum,
2319 4307 2412 4362 sed
2441 4317 2491 4360 et
2524 4307 2587 4360 iis
2617 4306 2704 4374 qui
2744 4315 2863 4374 post
2907 4303 3069 4358 futuri
3112 4313 3254 4357 sunt.
3301 4306 3541 4359 Consue-

1945 4404 2070 4460 tudo
2098 4415 2328 4471 namque
2357 4399 2496 4454 bona
2527 4399 2786 4468 ingressa,
2818 4403 2872 4452 et
2898 4396 2967 4450 ab
2996 4396 3246 4450 omnibus
3288 4405 3498 4451 servata
3521 4437 3537 4464 ,

1945 4499 1999 4554 in
2027 4497 2184 4566 longa
2217 4493 2463 4548 transibit
2501 4500 2763 4559 tempora,
2797 4499 2851 4543 et
2896 4488 3096 4547 nullum
3130 4488 3298 4557 ipsam
3333 4498 3543 4558 tempus

1945 4588 2258 4646 exscindere
2285 4584 2501 4656 poterit.
2535 4583 2592 4637 Si
2623 4583 2686 4642 is,
2719 4583 2808 4653 qui
2838 4582 2977 4652 ligna
3007 4581 3291 4650 colligebat
3322 4582 3374 4634 in
3419 4581 3542 4635 sab-

1945 4683 2091 4745 bato,
2121 4677 2384 4748 lapidatus
2412 4677 2510 4731 fuit
2554 4673 2758 4745 (Num.
2793 4673 2881 4729 l5.
2915 4673 3015 4743 55)
3048 4692 3060 4727 :
3106 4674 3194 4742 q‘ui
3225 4674 3543 4728 collectione

1946 4774 2037 4830 illa
2064 4773 2221 4842 longe
2245 4769 2492 4840 graviora
2519 4766 2779 4831 admittit,
2827 4774 2881 4820 et
2910 4776 3246 4836 peccatorum
3275 4766 3540 4822 sarcinam

1948 4865 2153 4936 colligit
2205 4862 2339 4935 (hoc
2376 4861 2522 4916 enim
2563 4868 2646 4914 est
2687 4858 3110 4928 juramentorum
3159 4855 3543 4931 frequentia),

1949 4961 2076 5033 quid
2104 4975 2208 5014 non
2241 4956 2474 5011 subibit?
2499 4952 2627 5024 quid
2659 4968 2763 5006 non
2795 4950 3059 5021 patietur?
3091 4951 3339 5022 Magnum
3370 4967 3399 5006 a
3433 4952 3546 5008 Deo

1949 5050 2221 5122 accipietis
2246 5047 2524 5111 auxilium,
2555 5045 2598 5100 si
2626 5043 2729 5099 hoc
2759 5041 3110 5113 perfeceritis.
3140 5042 3194 5098 Si
3226 5041 3426 5109 dicam,
3468 5042 3546 5098 Nc

1951 5143 2271 5203 contumelia
2302 5139 2523 5204 afficias,
2574 5138 2753 5193 statim
2783 5135 2913 5191 mihi
2945 5135 3178 5191 furorem
3211 5135 3264 5190 in
3309 5135 3543 5190 medium

1951 5239 2110 5295 affers
2138 5255 2152 5292 :
2177 5235 2222 5289 si
2250 5234 2444 5296 diem],
2473 5231 2548 5286 Ne
2575 5230 2834 5296 invideas,
2860 5230 3016 5284 aliam
3039 5245 3253 5285 causam
3283 5227 3544 5298 proferes.

1954 5333 2052 5389 llic
2081 5345 2209 5385 vero
2237 5326 2368 5382 nihil
2417 5325 2522 5380 tale
2561 5324 2726 5378 habes
2755 5322 3060 5378 dicendum.
3094 5323 3218 5377 Ideo
3247 5337 3275 5375 a
3308 5321 3548 5375 facilibus

1953 5424 2092 5493 ccepi
2121 5466 2136 5491 ,
2179 5421 2303 5493 quia
2346 5419 2403 5473 in
2449 5417 2655 5472 artibus
2696 5414 2945 5470 omnibus
2992 5415 3070 5468 sic
3108 5413 3224 5468 fieri
3269 5413 3424 5467 solet.
3459 5412 3552 5466 Sic

1956 5519 2078 5590 quis
2103 5514 2170 5570 ad
2200 5513 2401 5584 majora
2430 5510 2688 5580 procedit,
2723 5523 2846 5562 cum
2875 5507 3019 5577 prius
3060 5505 3297 5560 faciliora
3342 5505 3546 5560 didicit.

1955 5609 2150 5666 Scietis
2177 5619 2335 5677 quam
2365 5603 2435 5658 sit
2462 5602 2566 5656 hoc
2605 5600 2755 5654 facile
2775 5641 2789 5665 ,
2837 5597 3051 5669 quando
3082 5614 3141 5652 re
3178 5613 3275 5666 per
3306 5598 3397 5652 Dei
3423 5612 3550 5667 gra-

1960 5702 2088 5758 tiam
2119 5697 2383 5770 perfecta,
2413 5694 2569 5748 aliam
2597 5691 2912 5760 acceperitis
2938 5689 3130 5759 legem.
3161 5690 3293 5748 Date
3317 5688 3444 5745 mihi
3471 5689 3554 5746 lo-

2029 5877 2046 5908 ¹
2095 5873 2151 5926 In
2216 5887 2316 5924 uno
2383 5870 2586 5933 legitur,
2612 5868 2843 5921 adversus
2880 5867 3057 5922 diaboli
3081 5877 3240 5936 caput.
