3946 6446
514 425 582 483 ου
1236 415 1295 473 S.
1333 409 1613 471 JOANNIS
1649 404 2127 467 CIIKYSOSTOMI
2166 402 2487 463 ARCHIEP.
2527 402 3064 461 CONSTANTINOP.
3705 412 3794 471 100

506 541 706 617 quendi
737 538 1016 605 ﬁduciam,
1043 546 1100 592 et
1122 548 1305 592 coram
1347 530 1639 604 gentilibus
1684 535 1741 583 et
1783 540 1966 582 coram
2010 521 2109 582 Ju-

510 634 659 700 dteis,
693 643 769 701 et,
802 630 943 704 quod
973 638 1099 686 ante
1124 627 1304 683 omnia
1347 634 1432 680 cst
1458 665 1472 689 ,
1518 636 1703 679 coram
1750 620 1885 677 Deo.
1939 619 2113 675 Etiam

507 730 735 784 obsecro
766 740 864 797 per
889 724 1165 780 caritatem
1185 761 1201 788 ,
1241 734 1335 788 per
1361 717 1601 773 dolorem
1634 722 1818 785 partus
1837 754 1854 780 ,
1883 726 1993 782 quo
2020 724 2115 767 vos

509 817 801 888 parturivi,
850 815 1031 872 Filioli
1074 813 1190 868 mei.
1236 810 1391 878 Quod
1421 807 1665 878 sequitur
1719 817 1826 859 non
1878 803 2070 859 addam
2096 844 2112 869 ,

513 909 652 974 Quos
688 911 875 965 iterum
905 905 1172 979 parturio;
1200 918 1376 973 neque
1403 901 1576 956 dicam
1596 940 1612 965 ,
1656 898 1830 952 Donec
1871 900 2118 968 formetur

512 1000 745 1056 Christus
768 1002 825 1055 in
849 1000 988 1056 vobis
1043 996 1186 1071 (Gal.
1213 998 1267 1051 ι.
1294 994 1417 1065 i9).
1444 992 1624 1048 Credo
1648 991 1814 1055 enim,
1841 989 2115 1045 Christum

514 1093 570 1149 in
604 1093 759 1149 vobis
785 1092 1074 1149 formatum
1101 1104 1247 1146 esse.
1275 1086 1383 1143 Sed
1409 1086 1511 1141 alia
1541 1084 1697 1139 vobis
1719 1082 1896 1138 dicam
1928 1099 1944 1136 :
1977 1081 2117 1134 Fra-

515 1194 617 1242 tres
660 1187 759 1241 mei
797 1186 971 1240 dilecti
1007 1195 1056 1239 et
1092 1181 1397 1243 desiderati.
1443 1178 1687 1251 gaudium
1717 1185 1764 1231 et
1792 1191 1980 1230 corona
2007 1186 2119 1227 mea

516 1277 537 1346 (
560 1276 790 1347 Philipp.
818 1278 873 1333 4.
905 1276 998 1349 1).
1028 1275 1246 1331 Credite
1276 1271 1404 1327 mihi
1425 1313 1440 1337 ,
1482 1285 1569 1327 me
1610 1284 1718 1325 non
1753 1268 1912 1322 aliter
1949 1266 2120 1321 dictu-

516 1384 634 1424 rum
664 1383 807 1425 esse.
841 1368 897 1425 Si
924 1369 1045 1439 quis
1074 1366 1222 1423 mille
1248 1377 1479 1420 coronas
1504 1361 1679 1433 regias
1705 1360 1936 1432 gemmis
1963 1373 2121 1413 orna-

513 1468 598 1516 tas
622 1462 783 1533 capiti
811 1476 934 1518 meo
960 1474 1103 1515 nunc
1127 1458 1450 1528 imponeret,
1477 1469 1587 1510 non
1618 1454 1687 1508 ita
1715 1450 2002 1524 gauderem
2020 1491 2035 1515 ,
2063 1458 2122 1503 ut

515 1553 721 1623 gaudeo
752 1555 804 1609 in
830 1553 1074 1624 proiectu
1101 1557 1319 1615 vestro;
1349 1549 1458 1603 imo
1487 1561 1585 1602 nec
1612 1546 1784 1616 ipsum
1832 1542 2122 1612 imperato-

516 1658 632 1699 rem
661 1645 732 1699 ita
774 1644 1013 1715 gaudere
1057 1649 1208 1712 puto,
1238 1649 1299 1695 ut
1327 1654 1427 1710 ego
1454 1636 1521 1693 de
1547 1635 1700 1691 vobis
1725 1633 1953 1704 gaudeo.
1984 1630 2120 1698 Quid

522 1734 682 1789 dico?
712 1734 770 1790 Si
787 1733 1038 1789 omnibus
1065 1731 1308 1787 adversis
1336 1729 1585 1801 gentibus
1617 1725 1933 1796 expugnatis
1953 1724 2123 1777 victor

525 1825 760 1889 rediret,
804 1838 872 1880 ac
916 1833 1112 1894 praeter
1134 1823 1346 1877 solitam
1390 1833 1649 1875 coronam
1674 1816 1809 1871 alias
1852 1815 2123 1885 acciperet

515 1931 751 1972 coronas
765 1925 823 1972 et
838 1915 1141 1971 diademata
1160 1912 1399 1969 victoria:
1434 1910 1678 1983 symbols
1698 1950 1714 1976 ,
1747 1922 1854 1963 non
1906 1916 2034 1976 puto
2060 1904 2123 1960 il-

521 2010 634 2064 lum
660 2007 728 2063 de
751 2006 971 2078 tropaeis
989 2006 1059 2062 ita
1075 2006 1383 2077 gavisurum
1407 2019 1553 2066 esse,
1572 2010 1631 2057 ut
1656 2015 1759 2071 ego
1784 2000 1853 2056 de
1879 1999 2121 2071 proiectu

517 2111 702 2157 vestro
716 2099 942 2171 gaudeo.
970 2099 1103 2154 Nam
1135 2101 1204 2153 ita
1227 2097 1464 2162 exsulto,
1491 2111 1555 2150 ac
1569 2095 1614 2150 si
1636 2094 2021 2149 millecoronas
2042 2104 2126 2146 ca-

514 2193 629 2265 pite
643 2201 910 2264 gestarem
932 2210 948 2259 ;
978 2207 1041 2247 ac
1063 2191 1187 2262 jure
1218 2190 1434 2246 merito.
1451 2188 1586 2243 Nam
1605 2188 1650 2243 si
1672 2203 1770 2258 per
1788 2186 1881 2241 Dei
1897 2185 2122 2253 gratiam

520 2283 665 2339 hunc
704 2298 914 2339 morem
941 2281 1304 2352 asscquamini
1326 2319 1341 2347 ,
1369 2288 1658 2335 sexcentos
1697 2278 1880 2332 hostes
1904 2290 2126 2346 supera-

2219 522 2337 589 stis,
2367 521 2471 578 illis
2495 520 2653 591 longe
2673 520 2968 591 graviores,
2998 519 3088 591 qni
3118 527 3300 574 contra
3344 521 3518 578 malos
3543 524 3794 583 daemonas

2217 623 2273 671 et
2297 613 2505 670 feroces
2531 610 2916 684 pugnaveritis,
2943 625 3051 665 non
3077 610 3274 682 gladio,
3298 611 3396 666 sed
3422 611 3598 683 lingua
3621 626 3669 669 et
3695 631 3796 687 pro.

2220 707 2415 778 posito.
2449 704 2638 760 Videte
2664 718 2896 773 namque
2920 718 3080 773 quam
3110 702 3248 758 bene
3273 718 3391 759 rem
3417 707 3685 774 gesseritis
3704 749 3719 774 ,
3757 712 3795 765 si

2221 800 2326 855 hoc
2365 797 2675 869 perliciatis.
2717 797 2898 853 Primo
2932 812 3151 868 gravem
3189 797 3629 853 consuetudinem
3671 806 3799 857 exei-

2217 891 2406 957 distis;
2433 889 2672 945 secundo
2694 888 2887 943 malam
2913 889 3313 958 cogitationem,
3342 889 3487 945 unde
3510 892 3681 953 omnia
3706 909 3797 947 ma-

2220 983 2269 1038 la
2290 1023 2305 1049 ,
2333 994 2529 1052 nempe
2554 980 2697 1051 quod
2739 980 2937 1050 putetis
2973 995 3089 1036 rem
3128 994 3252 1036 esse
3290 980 3677 1038 indifferentem
3713 999 3799 1039 nec

2216 1073 2472 1138 noxiam;
2527 1074 2688 1128 tertio
2736 1071 3012 1137 furorem,
3064 1081 3260 1140 quarto
3305 1073 3587 1128 avaritiam
3636 1091 3652 1129 :
3700 1074 3796 1130 lucc

2220 1165 2420 1236 quippe
2444 1163 2622 1219 omnia
2651 1163 2823 1234 gignit
2844 1163 3234 1233 juramcutum.
3264 1163 3379 1219 lmo
3404 1180 3472 1219 ex
3502 1165 3603 1221 hoc
3625 1167 3686 1221 ad
3708 1168 3795 1222 alia

2220 1257 2358 1312 bona
2378 1270 2541 1327 opera
2568 1270 2816 1325 magnam
2839 1256 3178 1310 occasionem
3204 1257 3505 1326 accipietis.
3529 1258 3654 1314 Nam
3677 1261 3794 1316 sicut

2221 1352 2295 1406 illi
2317 1394 2332 1418 ,
2360 1352 2449 1422 qui
2475 1352 2743 1406 elementa
2772 1350 2990 1420 puerilia
3021 1350 3265 1416 discunt,
3310 1367 3419 1406 non
3460 1353 3547 1406 illa
3590 1354 3692 1406 sola
3728 1355 3794 1408 di-

2221 1454 2409 1509 scunt,
2450 1446 2541 1500 sed
2583 1459 2681 1515 per
2719 1445 2808 1498 illa
2849 1444 3102 1513 paulatim
3141 1445 3207 1499 ad
3236 1445 3516 1512 legendum
3546 1447 3794 1503 instituun-

2223 1546 2351 1593 tur:
2397 1537 2476 1592 sic
2514 1545 2569 1591 et
2608 1537 2759 1592 vobis
2802 1537 3009 1591 accidet
3057 1553 3073 1588 :
3119 1551 3229 1591 non
3271 1537 3413 1592 ultra
3456 1553 3552 1593 vos
3592 1538 3793 1608 decipiet

2222 1629 2362 1682 mala
2389 1628 2665 1697 cogitatio,
2694 1643 2869 1698 neque
2894 1629 3086 1684 dicetis
3109 1643 3219 1683 rem
3246 1644 3370 1685 esse
3394 1629 3788 1697 indili‘erentem;

2224 1737 2330 1776 non
2358 1724 2494 1776 ultra
2533 1737 2600 1776 ex
2637 1722 3028 1777 consuetudine
3066 1721 3394 1792 loqncmini,
3436 1722 3529 1778 sed
3568 1723 3792 1781 adversus

2222 1816 2403 1871 omnia
2444 1815 2653 1871 fortiter
2683 1816 2913 1882 stabitis,
2945 1825 3003 1869 ut
3031 1830 3127 1886 per
3151 1815 3334 1870 omnia
3360 1816 3609 1871 virtutem
3633 1832 3793 1871 serun-

2221 1909 2351 1963 dum
2379 1907 2546 1964 Deum
2576 1908 2746 1973 nacti,
2789 1908 3007 1964 aeternis
3045 1907 3202 1963 bonis
3238 1905 3525 1973 fruamini,
3562 1909 3715 1979 gratia
3748 1919 3793 1963 et

2225 2001 2552 2072 benignitate
2577 2001 2835 2071 unigeniti
2864 2000 2982 2054 Filii
3008 2000 3156 2069 ejus,
3187 2000 3405 2070 quicum
3445 2000 3585 2055 Patri
3613 2012 3661 2055 et
3698 2001 3792 2071 Spi-

2224 2096 2349 2150 ritui
2372 2105 2560 2150 sancto
2579 2095 2766 2163 gloria.
2789 2094 2857 2148 im
2867 2093 3096 2163 perium,
3124 2092 3324 2161 honor,
3351 2107 3494 2149 nunc
3511 2102 3565 2150 et
3585 2107 3787 2163 semper,

2222 2196 2280 2245 et
2310 2189 2362 2243 in
2389 2187 2585 2244 saecula
2611 2185 2956 2242 surculorum.
2983 2184 3179 2240 Amen.

525 2403 3786 2432 MM

1843 2485 2194 2548 HOMILIA
2220 2482 2385 2544 ΧΠ.

517 2631 650 2688 Ctr.
693 2632 748 2686 ι.
814 2646 867 2686 v.
915 2630 1004 2687 36.
1044 2629 1240 2701 Ioseph
1264 2640 1468 2697 autem,
1503 2632 1590 2703 qui
1615 2631 1999 2702 cognominatus
2043 2638 2116 2684 est

596 2722 858 2777 Barnabas
884 2724 946 2777 ab
969 2724 1215 2792 apostolis
1236 2721 1257 2795 (
1271 2722 1411 2794 quod
1437 2732 1510 2778 est
1534 2724 1916 2794 interpretatum
1937 2761 1951 2786 ,
1979 2719 2120 2791 ﬁlius

592 2814 998 2886 consolationis).
1021 2813 1251 2880 Levites,
1282 2814 1502 2886 Cyprius
1527 2831 1706 2887 genere
1724 2856 1739 2881 ,
1767 2815 1858 2871 57.
1886 2831 2000 2869 cum
2031 2815 2124 2868 ha-

591 2904 724 2958 beret
747 2921 947 2975 agrum,
976 2905 1194 2960 uendidit
1215 2921 1349 2972 eum,
1372 2916 1418 2959 ct
1439 2905 1608 2960 attulit
1629 2907 1865 2976 pretium,
1891 2914 1937 2960 et
1955 2907 2123 2976 posuit

596 3010 710 3052 ante
738 2999 892 3069 pedes
912 2999 1282 3069 apostolorum.

599 3092 651 3146 1.
691 3089 1014 3146 Narraturus
1043 3090 1111 3146 de
1139 3090 1345 3145 Anania
1374 3098 1431 3148 et
1465 3089 1728 3161 Sapphira
1748 3130 1763 3157 ,
1792 3100 1850 3146 ut
1876 3090 2126 3146 ostendat

522 3181 674 3238 illum
709 3181 762 3235 in
793 3181 1084 3236 maximum
1116 3189 1388 3250 peccatum
1426 3179 1712 3247 incidisse,
1742 3181 1889 3251 prius
1914 3196 2122 3238 memo-

525 3283 611 3330 rat
635 3288 757 3328 eum
784 3310 801 3336 ,
826 3272 916 3342 qui
948 3281 1095 3327 recte
1123 3287 1183 3328 sc
1210 3281 1455 3342 gesserat
1480 3288 1496 3330 ;
1525 3272 1647 3342 quia
1676 3287 1800 3328 eum
1832 3282 2009 3328 tantus
2038 3286 2124 3329 es-

522 3374 610 3420 set
651 3378 907 3419 numerus
944 3376 1133 3418 eorum
1158 3402 1176 3429 ,
1203 3363 1294 3435 qui
1337 3363 1408 3418 ita
1449 3362 1688 3419 iecerant
1711 3404 1726 3430 ,
1757 3371 1902 3419 tanta
1929 3364 2120 3435 gratia,

524 3465 669 3511 tanta
699 3455 872 3525 signa,
899 3469 930 3510 a
959 3454 1108 3510 nullo
1133 3452 1327 3509 horum
1353 3454 1671 3511 emendatus
1692 3496 1710 3523 ,
1736 3455 1833 3511 sed
1862 3455 2031 3513 semel
2055 3455 2123 3512 ab

521 3546 744 3603 avaritia
772 3552 1098 3610 excaecatus.
1122 3545 1417 3615 perniciem
1431 3544 1594 3609 capiti
1611 3561 1708 3602 suo
1732 3547 1967 3602 attraxit.
1995 3546 2123 3604 Cum

524 3639 727 3693 haberet
756 3654 933 3710 agrum
956 3653 978 3703 ;
1007 3638 1086 3694 sic
1114 3636 1324 3708 inquit,
1351 3647 1412 3693 ut
1439 3637 1749 3694 ostenderet
1776 3638 1921 3695 hunc
1948 3640 2122 3696 solum

522 3732 622 3802 ipsi
658 3730 858 3793 fuisse;
900 3728 1125 3784 uendidit
1153 3738 1200 3782 et
1229 3728 1400 3782 attulit
1439 3730 1689 3798 pretium,
1721 3738 1768 3785 et
1801 3732 1967 3802 posuit
2007 3740 2126 3787 ante

523 3821 673 3892 pedes
702 3819 1067 3889 apostolorum.
1100 3820 1151 3873 1.
1192 3816 1285 3871 Vir
1312 3827 1480 3873 autem
1505 3820 1712 3890 quidam
1754 3822 1956 3876 nomine
1979 3822 2121 3879 Ana-

525 3915 660 3978 nias,
693 3928 808 3966 cum
838 3910 1102 3983 Sapphira
1134 3927 1290 3966 uxore
1317 3928 1410 3965 sua
1429 3952 1447 3980 ,
1473 3911 1694 3966 vendidit
1722 3915 2122 3984 possessionem,

524 4003 580 4059 2.
611 4012 658 4058 et
688 4002 942 4074 fraudavit
968 4001 1032 4054 de
1053 4002 1234 4071 pretio,
1265 4003 1468 4056 conscia
1490 4019 1651 4058 uxore
1673 4020 1767 4059 sua
1786 4022 1804 4059 :
1834 4015 1880 4059 et
1908 4004 2127 4072 a/ferens

526 4105 723 4167 partem
751 4095 1063 4164 quamdam,
1091 4095 1159 4148 ad
1200 4094 1353 4166 pedes
1396 4098 1743 4168 apostolorum
1772 4100 1959 4169 posuit.
1993 4099 2126 4155 Illud

523 4203 688 4259 grave
712 4196 827 4242 erat
847 4227 864 4253 ,
893 4185 1035 4257 quod
1078 4196 1265 4241 mutuo
1291 4201 1557 4243 consensu
1588 4187 1692 4244 hoc
1725 4186 1964 4245 facerent
2003 4206 2126 4261 pec-

525 4278 880 4346 catum,nullo
905 4278 1010 4333 alio
1036 4279 1278 4334 conscio.
1312 4277 1467 4336 Unde
1494 4280 1658 4336 subiit
1685 4281 1887 4337 misero
1916 4281 2016 4338 hoc
2043 4283 2125 4338 fa-

525 4371 694 4425 cere?
741 4371 794 4424 '5.
836 4368 979 4424 Dixit
1023 4380 1190 4424 autem
1237 4368 1419 4425 Petrus
1455 4387 1475 4426 :
1501 4371 1723 4438 Anania,
1767 4390 1860 4429 cur
1903 4375 2127 4446 implauit

527 4461 754 4517 Satanas
772 4475 860 4514 cor
884 4468 1048 4527 tuum,
1064 4462 1267 4515 mentiri
1290 4471 1336 4516 te
1361 4462 1584 4534 Spiritui
1606 4474 1802 4531 sancto,
1824 4475 1872 4521 et
1883 4468 2127 4537 fraudare

527 4554 593 4608 de
637 4554 797 4622 pretio
835 4553 989 4624 agri?
1030 4554 1162 4609 Vide
1193 4555 1351 4609 etiam
1392 4571 1543 4610 nunc
1574 4557 1784 4627 signant
1830 4576 2080 4632 magnum
2104 4605 2122 4630 ,

529 4645 807 4710 multoque
848 4644 1022 4714 m'ajus
1052 4646 1250 4716 priore.
1279 4647 1334 4702 4.
1378 4645 1566 4704 Nonne
1595 4640 1802 4705 manens
1831 4652 1921 4707 tibi
1949 4670 2125 4711 mane-

529 4733 636 4789 bat:
662 4742 708 4787 et
735 4735 1089 4790 venumdatam
1114 4736 1168 4789 in
1195 4746 1281 4791 tua
1303 4747 1411 4791 erat
1444 4742 1728 4809 potestate?
1754 4742 1867 4799 Hoc
1893 4754 1976 4801 est
1997 4786 2014 4814 ,
2043 4749 2125 4815 An

528 4824 823 4879 necessitas
850 4835 905 4880 et
931 4825 1183 4883 violentia
1207 4828 1457 4899 qutedam
1481 4834 1634 4886 erat?
1658 4850 1789 4889 num
1810 4850 1903 4891 vos
1931 4838 2126 4895 invitos

530 4914 836 4969 trahimus?
865 4914 1036 4981 Quare
1062 4919 1277 4988 posuisti
1301 4920 1352 4975 in
1377 4921 1531 4976 corde
1557 4932 1643 4978 tuo
1672 4925 1804 4980 hanc
1833 4929 1976 4983 rem?
2004 4928 2126 4987 Non

527 5020 584 5059 es
613 5005 842 5059 mentitus
868 5006 1175 5078 hominibus,
1201 5011 1289 5065 sed
1314 5010 1445 5066 Deo.
1468 5012 1522 5069 5.
1547 5014 1769 5071 Audiens
1794 5029 1964 5075 autent
1987 5022 2127 5078 Ana-

529 5097 643 5150 nias
669 5096 778 5151 hinc
802 5095 968 5161 verba,
990 5100 1168 5154 cecidit
1189 5111 1235 5155 et
1262 5103 1556 5174 exspiravit.
1584 5105 1770 5164 Viden‘
1789 5110 1929 5166 unde
1955 5114 2127 5184 majus

529 5192 743 5263 signum
774 5189 915 5245 hoc?
945 5191 1097 5260 Quod
1125 5195 1374 5262 occidat,
1405 5199 1546 5268 quod
1578 5214 1640 5255 ea
1665 5242 1681 5268 ,
1712 5218 1832 5274 quae
1862 5205 1914 5260 iu
1946 5220 2128 5265 mente

528 5293 584 5338 et
611 5297 732 5353 qua:
759 5281 900 5337 clam
937 5281 1073 5340 facta
1102 5296 1246 5353 sunt,
1276 5292 1525 5346 noscat‘.
1562 5291 1631 5347 Et
1668 5298 1836 5366 factus
1870 5310 1943 5354 est
1977 5302 2128 5360 timor

532 5390 745 5444 magnus
785 5389 939 5443 super
975 5391 1149 5432 omnes
1185 5382 1276 5449 qui
1309 5381 1601 5439 audierunt.
1635 5369 1699 5441 6.
1724 5387 2003 5461 Surgentes
2030 5412 2127 5453 au-

533 5474 628 5549 tem
656 5465 869 5534 juvenes
888 5506 905 5532 ,
938 5480 1229 5523 amaverunt
1253 5486 1402 5537 eum,
1430 5484 1482 5529 et
1509 5475 1774 5544 e/ferentes
1802 5483 2125 5549 sepelierunt.

532 5546 585 5603 7.
620 5552 835 5644 Factum
871 5565 945 5612 est
972 5569 1140 5615 autem
1165 5563 1311 5629 quasi
1339 5564 1491 5619 trium
1519 5567 1761 5624 horarum
1795 5546 2050 5644 spatium,
2082 5593 2130 5636 et

506 5651 663 5711 _u.wr
687 5643 845 5712 ipsius
867 5684 884 5714 ,
910 5650 1134 5706 nesciens
1162 5653 1296 5723 quod
1332 5654 1531 5729 factum
1555 5661 1763 5731 fuerat,
1795 5664 2037 5724 introivit.
2073 5671 2129 5729 8.

605 5781 624 5861 ξ
647 5780 921 5861 {resumam
936 5789 1173 5861 habent".
1283 5790 1596 5861 g__e:cpirar_it_._
1623 5811 1641 5842 ›
1669 5798 1774 5847 Hoc
1799 5794 1988 5861 859nm"
2018 5812 2124 5861 ηια-

547 5846 727 5925 Laterit-
740 5844 986 5925 sgna‘tione
1000 5850 1195 5925 cltau‘di,
1228 5844 1410 5925 scilicgi
1438 5844 1675 5925 occidisse
1694 5844 2124 5925 ambagibus}:

550 5912 658 5961 qua:
678 5906 728 5953 in
746 5909 900 5957 mente
919 5906 1124 5960 latebant
1151 5906 1195 5964 et
1217 5917 1340 5966 ctam
1359 5915 1488 5977 facta
1511 5906 1667 5972 erant.

2225 2625 2369 2680 Dixit
2392 2635 2560 2681 autem
2588 2627 2633 2681 ei
2670 2625 2856 2683 Petrus
2881 2643 2899 2682 :
2920 2627 3016 2683 Die
3038 2629 3165 2684 mihi
3211 2630 3257 2685 si
3285 2631 3421 2686 tanti
3446 2647 3619 2703 agrum
3644 2630 3787 2686 vendi-

2224 2717 2413 2772 distis?
2445 2717 2592 2772 lianc
2617 2717 2825 2773 Volebat
2852 2733 3110 2777 scrvare:
3137 2720 3228 2777 ille
3256 2737 3489 2794 namque
3515 2723 3615 2778 dux
3640 2721 3786 2777 luem

2229 2812 2454 2880 peccati.
2488 2810 2556 2865 Et
2604 2812 2728 2867 ideo
2762 2811 2990 2870 fortasse
3021 2813 3115 2869 dat
3154 2814 3232 2870 illi
3281 2826 3491 2889 tempus
3526 2819 3587 2873 ad
3629 2817 3783 2873 delea-

2226 2903 2470 2971 sioncm,
2517 2914 2572 2960 et
2616 2905 2945 2976 poenitentiae
2989 2906 3320 2966 facultatem.
3362 2909 3487 2967 ideo
3528 2910 3678 2974 dicit,
3706 2908 3784 2963 Dic

2226 2996 2353 3050 mihi
2394 2998 2440 3051 si
2478 2998 2607 3052 tanti
2646 3015 2827 3071 agrum
2855 3000 3198 3057 oendidistis?
3224 3004 3292 3057 At
3330 3004 3423 3059 illa
3451 3003 3575 3059 dixit
3596 3019 3615 3059 :
3640 3000 3784 3057 Etiam

2229 3088 2376 3143 tanti.
2408 3087 2460 3144 9.
2498 3087 2683 3144 Petrus
2725 3100 2895 3146 autem
2928 3092 2998 3146 ad
3036 3109 3147 3148 eam
3174 3110 3195 3148 ε
3220 3096 3361 3162 Quid
3398 3097 3566 3168 utique
3588 3093 3784 3149 convenit

2227 3178 2367 3235 vobis
2388 3188 2579 3235 tentare
2604 3180 2859 3252 Spiritum
2883 3194 3113 3239 sanctum
3129 3186 3157 3242 .’
3182 3183 3319 3243 Ecce
3344 3188 3495 3259 pedes
3517 3203 3697 3251 eorum,
3713 3182 3782 3255 qui

2227 3273 2533 3342 sepelierunt
2564 3275 2729 3330 uirum
2756 3286 2897 3330 tuum
2921 3316 2939 3344 ,
2966 3278 3036 3332 ad
3065 3281 3251 3335 ostium
3274 3321 3290 3348 ,
3320 3291 3369 3336 et
3392 3280 3593 3350 elferent
3624 3292 3683 3336 te.
3711 3278 3780 3334 l0.

2229 3362 2420 3420 Cecidit
2438 3376 2607 3420 autem
2630 3369 2799 3422 statim
2820 3368 2890 3423 ad
2909 3370 3060 3440 pedes
3086 3371 3215 3442 ejus,
3236 3383 3285 3428 et
3305 3374 3590 3445 exspiravit.
3616 3372 3638 3427 1
3645 3382 3786 3428 utrau-

2229 3465 2303 3512 tes
2325 3469 2491 3514 autem
2512 3461 2727 3531 juvenes
2753 3461 3050 3518 inuenerunt
3071 3464 3216 3519 illam
3246 3477 3497 3521 mortuam
3515 3508 3529 3533 ,
3558 3477 3604 3520 et
3629 3465 3785 3520 elatum

2225 3548 2529 3618 sepelierunt
2562 3551 2720 3622 juxta
2757 3552 2919 3606 virum
2958 3571 3127 3610 suum.
3169 3557 3262 3612 11.
3290 3558 3359 3613 Et
3383 3558 3544 3629 [actus
3569 3566 3636 3612 est
3660 3556 3786 3610 timor

2229 3656 2442 3712 magnus
2468 3642 2520 3694 in
2546 3643 2781 3698 universa
2809 3642 3060 3714 Ecclesia,
3090 3656 3137 3702 et
3162 3663 3319 3719 super
3343 3666 3514 3706 omnes
3534 3650 3616 3720 qui
3637 3646 3785 3701 audie-

2229 3744 2349 3788 runt
2388 3734 2515 3788 lucc.
2547 3735 2675 3791 Post
2713 3737 2960 3794 timorem
2992 3739 3140 3794 illum
3170 3740 3329 3811 plura
3357 3743 3504 3814 signa
3534 3742 3780 3796 iecerunt:

2230 3825 2443 3896 etquod
2477 3825 2720 3894 iecerint,
2749 3829 2896 3885 audi.
2929 3831 3015 3885 12.
3046 3831 3151 3886 Per
3169 3849 3354 3889 manus
3377 3843 3542 3889 autem
3560 3829 3782 3901 apostolo-

2230 3932 2346 3970 rum
2371 3917 2555 3986 [iebant
2584 3919 2730 3990 signa
2753 3930 2800 3975 et
2827 3923 3062 3994 prodigia
3090 3925 3253 3980 multa
3294 3927 3349 3982 in
3389 3926 3543 3997 plebe.
3574 3924 3637 3978 Et
3666 3927 3782 3975 erant

2230 4013 2534 4066 unanimiter
2559 4028 2732 4069 omnes
2759 4015 2814 4069 in
2839 4018 3034 4087 porticu
3058 4017 3355 4076 Salomonis
3376 4037 3396 4079 :
3419 4022 3502 4076 15.
3528 4027 3780 4074 ceterorum

2230 4111 2401 4155 autem
2429 4117 2574 4157 nemo
2602 4105 2817 4160 audebat
2843 4123 2899 4162 se
2924 4110 3233 4183 coniungere
3254 4113 3395 4182 illis;
3416 4113 3505 4169 sed
3527 4108 3781 4181 mgni/ii“

2230 4189 2315 4244 bat
2341 4208 2427 4248 eos
2451 4193 2691 4264 populus.
2713 4196 2839 4254 Jure
2865 4219 2878 4256 :
2908 4199 3095 4258 Petrus
3116 4203 3259 4258 enim
3279 4204 3390 4275 jam
3413 4203 3653 4261 terribilis
3668 4206 3781 4261 eral.

2233 4285 2480 4351 puniens,
2506 4293 2563 4341 et
2588 4303 2709 4358 qua:
2736 4288 2789 4344 in
2816 4300 2998 4348 mente
3023 4304 3180 4349 erant
3205 4296 3528 4368 redarguens
3553 4312 3567 4348 :
3589 4291 3665 4348 cui
3692 4301 3784 4343 ma-

2230 4374 2311 4444 gis
2342 4374 2636 4444 luerebant,
2669 4389 2724 4436 et
2751 4391 2970 4453 propter
2996 4385 3238 4455 signum,
3267 4398 3323 4445 et
3348 4398 3560 4460 promer
3584 4384 3781 4457 priorem

2229 4466 2566 4534 concionem,
2594 4484 2659 4526 ac
2684 4473 2975 4529 secundam
3003 4477 3341 4549 tertiamque.
3371 4480 3487 4552 Ipse
3512 4488 3720 4545 namque
3739 4476 3784 4525 et

2230 4557 2461 4625 primum
2488 4559 2697 4630 signum
2728 4561 2947 4632 fecerat,
2978 4574 3034 4622 et
3058 4569 3383 4637 secundum,
3413 4579 3463 4625 et
3491 4569 3587 4623 hoc
3612 4565 3781 4624 etiam.

2231 4648 2372 4718 quod
2401 4650 2607 4707 videtur
2629 4653 2761 4709 mihi
2788 4672 2893 4712 non
2919 4672 3107 4726 unum,
3132 4661 3227 4717 sed
3252 4662 3447 4733 duplex
3472 4674 3619 4724 esse;
3644 4665 3781 4710 uiuum

2230 4742 2469 4812 quidem,
2487 4760 2549 4801 ea
2569 4762 2688 4817 qua:
2710 4748 2763 4804 in
2787 4761 2964 4807 mente
2984 4764 3139 4808 erant
3160 4754 3505 4828 redarguere;
3523 4748 3779 4809 secundum

2229 4842 2440 4897 autem.
2486 4839 2638 4907 jussu
2665 4840 2935 4898 occidere.
2967 4845 3052 4900 14.
3087 4844 3254 4918 Magis
3296 4858 3463 4903 autem
3504 4844 3780 4915 augebatur.

2231 4921 2440 4994 inquit,
2482 4928 2795 4985 credentium
2836 4933 2889 4987 in
2932 4933 3157 4993 Domino
3199 4940 3464 4995 multitudo
3501 4938 3705 4992 virorum
3732 4942 3783 4981 ιο

2231 5015 2521 5080 mulierum,
2556 5020 2643 5075 15.
2679 5021 2754 5075 ita
2796 5032 2851 5077 ut
2886 5025 2941 5079 in
2982 5027 3177 5097 plateas
3214 5031 3448 5101 dicerent
3473 5028 3720 5097 inﬁrmat.
3744 5023 3783 5072 εί

2233 5119 2475 5177 ponerent
2500 5111 2553 5165 in
2582 5110 2780 5169 lectulis
2807 5129 2868 5169 ac
2896 5118 3122 5188 grabatis
3142 5162 3155 5182 ,
3183 5133 3239 5176 ut
3266 5125 3487 5177 veniente
3514 5117 3672 5178 Petro,
3695 5108 3783 5166 αι’

2234 5209 2332 5254 tem
2372 5201 2552 5256 umbra
2592 5204 2732 5260 illius
2769 5206 3088 5267 obumbraret
3116 5231 3412 5287 quemquam
3447 5214 3659 5270 illorum-
3688 5203 3784 5260 ""0

2233 5290 2290 5346 in
2327 5292 2542 5350 Christo
2587 5312 2693 5353 non
2734 5298 2932 5357 factum
2976 5313 3060 5360 est
3099 5325 3112 5360 :
3147 5308 3289 5364 unde
3327 5307 3504 5363 videre
3546 5310 3623 5359 est
3663 5308 3783 5352 nunc

2234 5397 2398 5452 opere
2424 5387 2750 5456 completum
2792 5391 2845 5447 id
2869 5434 2887 5458 ,
2922 5395 3064 5464 quod
3111 5397 3201 5454 ille
3234 5399 3456 5454 dixerat.
3494 5382 3785 5462 Quodnam?

2236 5473 2336 5538 Qui
2364 5477 2519 5532 credit
2547 5478 2600 5534 in
2625 5495 2735 5549 me,
2766 5499 2923 5554 opera
2949 5503 3061 5557 qtae
3083 5505 3176 5561 ego
3205 5493 3336 5563 facio
3361 5500 3404 5546 et
3426 5491 3530 5559 ipse
3557 5481 3694 5556 faciet
3711 5517 3724 5542 ,
3745 5482 3784 5528 ει

2233 5566 2433 5637 majora
2461 5568 2643 5624 horum
2669 5575 2821 5644 faciet
2851 5576 3051 5648 (Joan.
3086 5582 3172 5638 M.
3207 5584 3271 5638 12
3292 5585 3332 5655 ).
3366 5582 3449 5637 id.
3481 5568 3783 5655 Concurreltl?‘

2234 5665 2403 5712 autent
2427 5666 2473 5713 et
2502 5661 2774 5721 multitudo
2799 5667 3077 5726 vicinarum
3105 5674 3359 5729 ciuitatum
3381 5666 3650 5728 Jerusalem
3668 5701 3682 5727 ο
3707 5654 3778 5723 αί-

2236 5750 2447 5819 ferentes
2487 5768 2651 5825 (egros
2692 5767 2741 5812 et
2782 5772 2987 5819 vexatos
3027 5783 3060 5821 a
3100 5769 3357 5840 spiritibus
3398 5759 3681 5822 immundis,
3706 5752 3780 5823 qui

2236 5843 2542 5900 curabuntur
2566 5863 2758 5907 omnes.

2314 5931 2432 5989 Vita
2475 5936 2833 6010 Apostolorum
2878 5963 2940 6005 ea;
2982 5952 3251 6012 contrariis
3298 5944 3628 6010 σοηιαεὺαιιιν
3671 5946 3798 6019 (1⁸(θῖ
