3946 6488
525 388 623 442 101

508 502 605 557 τοῦ
627 498 943 570 Πνεύματος
973 497 1197 552 κάθοδον
1214 512 1228 527 °
1257 495 1420 550 πάλιν
1454 493 1661 564 ἀθυμία
1686 489 1771 543 διὰ
1796 489 1920 549 τοὺς
1946 484 2101 570 χλευ-

511 568 912 650 άζονταςξεῖτα
945 580 1181 650 εὐθυμία
1213 579 1302 632 διά
1344 578 1468 641 τοὺς
1512 575 1737 637 πιστοὺς
1772 571 1867 625 καὶ
1909 568 1971 621 τὺ
2007 583 2102 636 ση-

521 671 692 740 μεῖον·
713 665 876 720 πάλιν
893 663 1098 734 ἀθυμία
1115 663 1202 716 διὰ
1217 661 1278 715 τὸ
1293 659 1714 731 κατασχεθῆναι,
1732 651 1850 740 εἶτα
1866 650 2101 740 εὐθυμία

509 734 599 805 διὰ
615 750 712 820 τῆς
729 746 1040 816 ἀπολογίας.
1060 746 1229 799 Πάλιν
1246 742 1481 797 ἐνταῦθα
1499 744 1594 796 καὶ
1612 737 1846 805 εὐθυμία
1861 734 2103 820 καὶάθυ-

513 834 633 905 μία.
658 816 780 885 ’Ὅτι
813 831 910 901 μὲν
937 830 1049 900 γὰρ
1075 824 1213 898 ἦσαν
1231 840 1256 867 ει
1286 826 1547 896 λαμπροὶ,
1576 824 1670 877 καί⁸
1699 823 1727 874 6
1755 820 1886 905 Θεὸς
1917 816 2104 905 αὐτοῖς

511 900 881 984 ἀπεκάλυψεν,
923 911 1189 982 εὐθυμία·
1227 911 1308 963 ὅτι
1349 909 1405 962 δὲ
1447 908 1576 970 τοὺς
1624 903 1804 960 αὐτῶν
1843 900 2100 984 ἀνῄρουν,

512 997 744 1068 ἀθυμία.
771 981 942 1049 Πάλιν
975 981 1207 1063 εὐθυμία
1237 992 1345 1046 ἀπὸ
1373 994 1472 1062 τῆς
1497 988 1908 1060 λαμπρότητοςσ
1939 981 2102 1035 πάλιν

514 1080 723 1150 ἀθυμία
761 1079 870 1132 ἀπὸ
915 1077 1005 1131 τοῦ
1057 1076 1380 1148 ἀρχιερέως.
1425 1075 1534 1127 Καὶ
1565 1073 1740 1125 διόλου
1789 1069 1946 1122 τοῦτο
1981 1082 2105 1150 σκο-

515 1149 805 1234 πουμένοις
839 1162 963 1215 ἰδεῖν
996 1161 1217 1214 δυνατόν
1237 1175 1249 1190 ·
1284 1159 1378 1212 καὶ
1403 1160 1494 1210 ἐπὶ
1523 1157 1630 1209 τῶν
1666 1153 1907 1210 παλαιῶν
1929 1151 1988 1204 δέ
2014 1149 2106 1202 οὓ-

513 1265 621 1310 τως
649 1247 799 1316 εὖροι
846 1263 928 1309 τις
961 1244 1024 1297 ἄν
1048 1245 1097 1298 ι).
1125 1245 1352 1313 Ἷδωμεν
1381 1243 1439 1296 δὲ
1476 1241 1681 1297 ἄνωθεν
1714 1240 1782 1293 τά
1815 1236 2102 1309 εἰρημένα.

527 1328 848 1393 Ἐπώλουν,
879 1327 1046 1398 φησὶ,
1088 1326 1184 1380 καὶ
1219 1328 1436 1395 ἔφερον
1471 1326 1577 1391 τὰς
1614 1325 1803 1391 τιμὰς,
1849 1321 1946 1375 καὶ
1985 1319 2106 1374 ἐτί-

513 1419 664 1468 θουν
686 1413 846 1480 παρὰ
873 1411 1016 1476 τοὺς
1045 1410 1236 1475 πόδας
1265 1409 1384 1463 τῶν
1408 1409 1792 1464 ἀποστόλων.
1820 1407 1963 1479 Ὅρα
1993 1422 2105 1476 μοι,

513 1495 788 1566 ἀγαπητέ,
824 1494 940 1556 πῶς
965 1495 1026 1546 οὐ
1058 1495 1170 1556 τοῖς
1196 1492 1516 1555 ἀποστόλοις
1545 1491 1846 1560 ἐπέτρεπον
1881 1487 2104 1551 πωλεῖν,

514 1579 629 1631 ἀλλ’
653 1577 808 1631 αὐτοὶ
836 1576 1101 1641 ἐπώλουν,
1131 1576 1227 1628 καὶ
1258 1575 1356 1639 τὰς
1385 1574 1550 1645 τιμὰς
1581 1573 1810 1636 ἐκείνοις
1835 1571 2097 1624 ἐδίδοσαν.

529 1662 667 1715 Ἀλλ’
707 1663 805 1731 οὐχ
849 1659 1022 1723 οὕτως
1050 1661 1078 1711 6
1115 1659 1384 1724 Ἀνανίας,
1415 1657 1530 1711 ἀλλ’
1569 1656 1879 1728 ὑφαιρεῖται
1909 1672 1962 1707 τι
2005 1654 2108 1724 τῆς

515 1746 686 1816 τιμῆς
714 1739 775 1798 οὗ
809 1744 1040 1798 ἀπέδοτο
1066 1741 1237 1813 ἀγροῦ
1259 1759 1272 1774 ·
1303 1742 1381 1794 διὸ
1410 1740 1521 1813 [98]
1557 1741 1650 1794 καὶ
1679 1740 2002 1810 τιμωρεῖται
2031 1737 2107 1801 ὡς

514 1829 576 1884 τὸ
606 1829 841 1899 πρᾶγμα.
888 1827 962 1898 μὴ
1008 1825 1188 1887 καλῶς
1228 1824 1579 1895 διαθέμενος,
1622 1823 1716 1875 καὶ
1763 1821 2010 1874 κλέπτων
2039 1819 2108 1873 τά

515 1912 711 1965 ἐαυτοῦ
763 1909 1056 1982 φωραθείς.
1098 1900 1266 1971 Οὗτος
1298 1908 1391 1960 καὶ⁴
1424 1905 1532 1959 τῶν
1575 1905 1668 1958 νῦν
1711 1905 1899 1975 ἱερέων
1932 1903 2108 1975 ἥψατο

513 1999 542 2050 6
571 1996 748 2064 λόγος,
784 1995 879 2047 καὶ
914 1993 1117 2063 σφόδρα
1146 1991 1287 2044 κατὰ
1329 1991 1550 2062 κράτος.
1598 1989 1750 2042 Ἐπεὶ
1788 1987 1845 2041 δέ
1891 1987 2108 2058 συνῄδει

513 2079 591 2152 τῷ
619 2077 899 2150 γενομένῳ
926 2077 1019 2130 καὶ
1046 2077 1080 2148 ή
1109 2074 1297 2129 τούτου
1327 2073 1485 2146 γυνὴ,
1516 2073 1602 2126 διὰ
1631 2072 1790 2126 τοῦτο
1817 2072 1910 2126 καὶ
1939 2071 2108 2144 αὐτὴν

516 2163 786 2228 ἐξετάζει.

590 2245 656 2314 β’.
691 2244 828 2296 Ἀλλ’
853 2244 984 2308 ἴσως
1010 2241 1153 2296 εἴποι
1190 2260 1274 2307 τις
1296 2242 1382 2310 ἂν,
1405 2243 1486 2296 ὅτι
1509 2240 1714 2312 σφόδρα
1739 2239 1952 2311 πικρῶς
1970 2239 2106 2312 αὐτῇ

517 2329 810 2400 ἐχρήσατο.
841 2327 906 2379 Τί
927 2327 1145 2394 λέγεις;
1178 2325 1300 2378 εἰπέ
1336 2343 1447 2396 μοι,
1479 2325 1603 2378 ποία
1629 2324 1855 2396 πικρίας
1887 2323 1950 2377 El
1980 2323 2110 2390 ξύλα

516 2428 602 2473 τις
630 2409 886 2476 συλλέξας
912 2408 1292 2472 καταλεύεται,
1319 2408 1498 2478 πολλῷ
1531 2407 1730 2478 μᾶλλον
1752 2410 1779 2460 6
1805 2406 2107 2478 ἱερόσυλος·

518 2495 616 2548 καὶ
641 2493 813 2546 ταῦτα
839 2494 949 2564 γάρ
975 2492 1096 2563 ἱερά
1121 2491 1307 2545 λοιπὸν
1337 2487 1406 2563 ἦν
1437 2493 1506 2545 τὰ
1537 2493 1812 2562 χρήματα.
1843 2491 2050 2544 Οὐκοῦν
2082 2493 2112 2544 6

518 2577 772 2654 ἐλόμενος
811 2577 878 2629 τὰ
913 2574 1078 2628 αὐτοῦ
1113 2574 1363 2644 πωλῆσαι
1411 2575 1504 2628 καὶ
1536 2573 1823 2638 διαδοῦναι,
1855 2570 1973 2627 εἶτα
2018 2574 2112 2626 λα-

519 2660 651 2724 ϐὼν,
688 2660 962 2731 ἱερόσυλος
1001 2659 1065 2713 ἂν
1099 2658 1206 2729 εἴη.
1240 2660 1303 2712 Et
1336 2659 1392 2712 δὲ
1419 2661 1445 2711 6
1477 2661 1542 2712 ἐκ
1571 2658 1679 2712 τῶν
1707 2657 1871 2713 αὐτοῦ
1906 2658 2106 2724 λαϐὼν,

520 2745 828 2818 ἱερόσυλος,
866 2741 1046 2814 πολλῷ
1093 2741 1292 2812 μᾶλλον
1339 2743 1368 2794 6
1399 2743 1461 2794 ἐκ
1506 2742 1614 2794 τῶν
1659 2741 1977 2812 ἀλλοτρίων.
2016 2741 2107 2815 Μὴ

516 2830 644 2900 γὰρ,
686 2826 869 2898 ἐπειδὴ
904 2825 998 2880 νῦν
1033 2825 1106 2897 μὴ
1135 2825 1343 2893 γίνεται
1380 2823 1555 2890 τοῦτο,
1600 2825 1695 2878 καὶ
1738 2825 1928 2878 ἐπεται
1959 2824 2109 2895 παρά

516 2911 686 2973 πόδας
726 2910 760 2980 ή
800 2908 1044 2974 κόλασις,
1093 2907 1353 2978 νομίσητε
1397 2907 1710 2978 άτιμωρητὶ
1751 2907 1925 2960 ταῦτα
1961 2908 2109 2976 γίνε-

519 2993 666 3048 σθαι.
701 2991 886 3063 Ὁρᾷς,
919 2992 1000 3044 ὅτι
1025 2989 1185 3043 τοῦτο
1217 2990 1552 3059 ἐγκαλεῖται,
1584 2992 1666 3044 ὅτι
1705 2993 1936 3062 ποιήσας
1969 2992 2109 3044 αὐτά

519 3076 640 3148 ἱερὰ
687 3077 974 3146 χρήματα,
1018 3073 1139 3126 τότε
1177 3072 1376 3139 ἕλαϐε;
1425 3072 1517 3143 Μή
1563 3073 1674 3143 γὰρ
1715 3073 1815 3126 οὐκ
1852 3073 2108 3142 ήδύνασο,

519 3161 676 3231 φησι,
716 3159 816 3211 καὶ
851 3157 990 3228 μετὰ
1019 3157 1080 3209 τὸ
1123 3155 1376 3226 πωλῆσαι
1407 3153 1545 3209 αὐτὰ
1581 3155 1657 3218 ὡς
1690 3155 1840 3218 ἰδίοις
1869 3157 2111 3228 ἀποχρή-

521 3242 754 3308 σασθαι;
794 3241 866 3311 μὴ
909 3239 1016 3310 γὰρ
1057 3237 1362 3310 ἐκωλύθης;
1404 3239 1492 3292 διά
1527 3239 1579 3292 τί
1614 3239 1755 3309 μετά
1784 3239 1845 3292 τὸ
1879 3239 2111 3310 ὑποσχέ-

522 3325 647 3379 σθαι
678 3324 1005 3394 λαμϐάνεις;
1032 3323 1196 3393 Ὅρα,
1227 3322 1344 3386 πῶς
1368 3323 1571 3387 εὐθέως
1597 3323 1657 3387 ἐξ
1688 3325 1864 3396 ἀρχῆς
1886 3324 2110 3378 ἐπέθετο

520 3411 550 3464 6
582 3408 827 3473 διάϐολος
863 3407 1065 3478 μεταξὺ
1117 3407 1360 3477 σημείων
1403 3407 1712 3478 γενομένων
1762 3409 1857 3461 καὶ
1895 3397 2110 3479 θαυμά-

521 3509 630 3545 των
662 3490 964 3544 τοσούτων·
1014 3489 1212 3560 μᾶλλον
1241 3489 1297 3542 δέ
1331 3489 1450 3553 πῶς
1499 3491 1590 3543 καὶ
1623 3483 1777 3555 οὗτος
1810 3491 1902 3544 ὑπ’
1943 3491 2112 3549 αὐτοῦ

521 3574 816 3646 ἐπωρώθη.
844 3573 1094 3626 Τοιοῦτόν
1123 3590 1174 3625 τι
1203 3575 1296 3627 καὶ
1327 3576 1385 3628 ἐν
1410 3577 1475 3646 τῇ
1509 3575 1721 3645 Παλαιᾷ
1753 3575 1997 3644 γέγονεν,
2023 3576 2111 3629 ὅτε

522 3663 552 3714 6
583 3658 770 3730 Χαρμὶ
797 3657 858 3710 τὺ
890 3657 1147 3726 ἀνάθημα
1175 3656 1380 3727 κλέψας
1414 3659 1584 3712 ἑάλω·
1615 3659 1730 3712 ἀλλ’
1757 3660 1907 3730 ὅμως
1941 3661 2112 3728 ἔγνως

524 3743 623 3797 καὶ
659 3743 775 3794 ἐκεῖ
815 3739 934 3800 μεθ’
974 3741 1106 3810 ὅσης
1155 3739 1395 3803 ἐκδικίας
1427 3741 1710 3814 διωρθώθη
1744 3743 1805 3795 τὸ
1854 3746 2108 3815 πρᾶγμα.

536 3823 836 3895 ’ἱεροσυλία
861 3823 969 3893 γὰρ
994 3822 1197 3894 σφόδρα
1219 3823 1475 3893 χαλεπὸν,
1499 3826 1772 3895 ἀγαπητέ,
1794 3829 1886 3878 καὶ
1912 3826 2113 3897 πολλῆς

525 3910 695 3980 γέμον
725 3907 1209 3981 καταφρονήσεως.
1235 3905 1374 3959 Οὐτε
1404 3908 1654 3979 πωλῆσαι
1691 3911 2110 3981 ἠναγκάσαμεν,

526 3992 715 4062 φησιν,
745 3988 868 4043 οὐτε
901 3988 1228 4058 πωλήσαντα
1248 3990 1429 4044 δοῦναι
1455 3991 1522 4044 τά
1549 3994 1834 4064 χρήματαο
1872 3995 1937 4047 σὺ
1967 3995 2111 4048 εἵλου

527 4074 586 4142 ἐξ
622 4074 831 4137 οἰκείας
859 4071 1265 4144 προαιρέσεως·
1299 4073 1350 4126 τί
1388 4075 1568 4127 τοίνυν
1595 4075 1829 4144 ἔκλεψας
1866 4075 1976 4130 ἀπὸ
2003 4076 2113 4130 τῶν

528 4157 688 4229 ἱερῶν
736 4157 1068 4229 χρημάτων;
1102 4155 1205 4210 Διὰ
1245 4157 1302 4210 τί
1334 4158 1673 4227 ἐπλήρωσε,
1715 4161 1900 4231 φησὶν,
1929 4164 1962 4214 ό
1999 4165 2112 4215 Σα-

526 4242 713 4309 τανᾶς
741 4241 857 4311 τὴν
897 4238 1150 4309 καρδίαν
1181 4255 1336 4305 σου;
1376 4245 1483 4297 Καὶ
1529 4246 1578 4296 εί
1617 4245 1645 4296 6
1683 4244 1927 4308 Σατανᾶς
1957 4243 2116 4299 τοῦτο

527 4327 773 4397 ἐποίησε,
816 4323 868 4377 τί
903 4323 1067 4387 αὐτὸς
1112 4325 1456 4392 ἐγκαλεῖται;
1507 4328 1689 4390 Αίτιος
1723 4327 1914 4395 γέγονε
1959 4327 2116 4394 δεξά-

531 4421 692 4474 μενος
743 4402 907 4456 αὐτοῦ
950 4405 1048 4476 τὴν
1095 4408 1397 4477 ἐνέργειαν,
1451 4406 1548 4458 καὶ
1601 4406 1932 4476 πληρωθείς.
1977 4407 2112 4460 Ἀλλ’

527 4487 633 4540 ἔδει
661 4485 971 4558 διορθῶσαι,
998 4489 1180 4558 φησίν.
1219 4488 1358 4540 Ἀλλ’
1385 4488 1485 4541 οὐκ
1513 4487 1580 4540 ἂν
1603 4488 1884 4560 διωρθώθη
1906 4505 1921 4520 ο
1951 4490 1979 4542 6
2007 4490 2113 4561 γάρ

529 4569 756 4622 τοιαῦτα
780 4568 922 4638 ὁρῶν
945 4571 1040 4623 καὶ
1069 4571 1145 4641 μὴ
1176 4570 1465 4641 κερδάνας,
1501 4569 1680 4640 πολλῷ
1705 4570 1903 4640 μᾶλλον
1923 4573 2023 4625 οὐκ
2047 4573 2114 4626 ἂν

530 4652 734 4722 ἑτέρως
774 4651 1082 4723 ἐκέρδανεν.
1115 4655 1228 4706 Οὐκ
1260 4653 1366 4706 ἔδει
1395 4653 1574 4708 τοίνυν
1603 4654 1790 4717 ἁπλῶς
1825 4653 2114 4725 παρελθεῖν

529 4735 592 4788 τὸ
629 4734 874 4804 γεγονὸς,
908 4735 1021 4789 ἀλλ’
1055 4737 1131 4800 ὡς
1163 4736 1434 4808 σηπεδόνα
1471 4736 1594 4789 τινά
1632 4737 1998 4807 ἐκτμηθῆναι,
2031 4737 2115 4790 ἵνα
2161 4751 2170 4760 ·

533 4817 611 4890 μὴ
647 4819 724 4889 τῷ
752 4819 924 4891 λοιπῷ
967 4820 1274 4891 λυμήνηται
1312 4820 1548 4890 σώματι.
1586 4819 1702 4874 Νῦν
1741 4820 1841 4891 μὲν
1877 4820 1985 4892 γὰρ
2021 4820 2115 4873 καὶ

529 4897 686 4965 οὗτος
707 4903 983 4974 ὠφέληται
1018 4904 1092 4974 μὴ
1122 4902 1401 4975 προελθὼν
1431 4903 1742 4975 περαιτέρω
1773 4905 1992 4967 κακίας,
2021 4905 2116 4958 καὶ

531 4987 582 5038 οἱ
615 4983 789 5038 λοιποὶ
821 4985 1227 5058 σπουδαιότεροι
1257 4986 1573 5056 γενόμενον
1612 4987 1733 5041 τότε
1764 4987 1822 5040 δὲ
1858 4987 1925 5040 ἂν
1955 4989 2114 5042 τούν-

531 5068 715 5121 αντίον
744 5067 960 5139 συνέϐη.
999 5067 1096 5122 Διά
1129 5067 1286 5122 τοῦτο
1318 5070 1535 5140 πρῶτον
1583 5069 1813 5140 ἐλέγχει,
1842 5072 1935 5123 καὶ
1959 5081 1981 5109 ο
2015 5070 2118 5124 δεί-

532 5167 742 5217 κνυσιν,
774 5152 857 5204 ὅτι
901 5151 1002 5204 οὐκ
1034 5151 1224 5205 ἔλαθεν
1271 5154 1433 5206 αὐτὸν
1473 5154 1532 5206 τὸ
1564 5154 1811 5222 γεγονὸς,
1848 5153 1944 5208 καὶ
1992 5154 2115 5207 τότε

532 5234 904 5299 καταδικάζει.
938 5234 1040 5287 Διά
1073 5235 1130 5287 τί
1163 5234 1293 5307 γὰρ,
1326 5236 1480 5306 φησὶ,
1514 5235 1690 5289 τοῦτο
1737 5237 2115 5304 πεποίηκας;

532 5319 724 5391 ήθελες
745 5318 922 5390 ἔχεινς
961 5319 1107 5372 Ἔδει
1142 5318 1284 5390 ἐχειν
1324 5319 1382 5385 ἐξ
1417 5321 1611 5390 ἀρχῆς,
1653 5322 1746 5374 καὶ
1778 5321 1852 5392 μή
1883 5322 2116 5392 ὑποσχέ-
2155 5357 2167 5370 .

535 5403 685 5458 σθαι·
720 5403 816 5456 νῦν
847 5403 904 5457 δέ
933 5403 1115 5457 λαϐὼν
1151 5403 1290 5474 μετά
1319 5402 1381 5455 τὸ
1411 5403 1727 5470 ἀναθέσθαι,
1759 5404 1984 5474 μείζονα
2015 5405 2132 5476 τῆν’

537 5487 838 5560 ἱεροσυλίαν
874 5486 1134 5558 εἰργάσω.
1179 5487 1236 5540 Ὀ
1268 5487 1367 5556 μὲν
1395 5486 1503 5558 γὰρ
1532 5486 1602 5540 τὰ
1631 5487 1739 5540 τῶν
1772 5487 1948 5542 ἄλλων
1979 5488 2118 5558 λαμ-

535 5567 732 5636 ϐάνων,
764 5573 894 5636 ἴσως
927 5570 1222 5642 ἀλλοτρίων
1251 5570 1596 5641 ἐπιθυμήσας
1624 5570 1892 5641 λαμϐάνει
1911 5587 1927 5602 θ
1954 5573 2037 5626 σοὶ
2059 5572 2117 5626 δὲ

537 5650 662 5721 ἐξῆν
691 5653 834 5722 ἐχειν
857 5655 926 5708 τά
959 5655 1046 5709 σά.
1078 5654 1143 5708 Τί
1172 5654 1353 5709 τοίνυν
1387 5654 1651 5726 ἐποίησας
1676 5656 1817 5710 αὐτά
1852 5657 1992 5726 ἱερά,
2023 5658 2118 5711 καὶ

539 5735 658 5786 τότε
705 5735 891 5800 ἔλαϐες
918 5737 982 5804 ά;
1033 5738 1168 5791 Ἀπὸ
1215 5739 1417 5810 πολλῆς
1463 5743 1922 5810 καταφρονήσεως
1960 5740 2120 5793 τοῦτο

603 5835 628 5864 ³
671 5835 768 5912 Alﬁ
791 5835 863 5883 ὅτι
887 5838 968 5910 pth
1001 5839 1082 5912 οὖν
1103 5840 1243 5912 ἦσαν.
1261 5905 1284 5912 _
1308 5841 1338 5882 ιι
1363 5841 1501 5912 Uqus
1516 5843 1629 5912 god.
1648 5844 1744 5912 Δκαὶ
1885 5846 1998 5893 ὅλου
2037 5846 2120 5912 οὗ·

538 5910 632 5961 τως
672 5902 773 5944 ἴδοι
797 5912 864 5961 τις
905 5902 979 5956 ἂν,
1006 5902 1085 5946 καὶ
1119 5903 1194 5948 ἐπὶ
1225 5905 1320 5950 τῶν
1357 5905 1572 5951 παλαιῶν
1613 5906 1763 5961 οὕτως
1797 5908 1893 5954 ἴδοι
1937 5923 2007 5961 τις
2044 5909 2117 5955 ἀν.

542 5957 878 6065 ἴτε-εἶξε)ᾱώ
905 5963 1094 6018 συνέϐη.
1131 5962 1356 6025 Δεύτερον
1391 5964 1570 6026 ἐλέγχει
1613 5967 1711 6016 καί.
1751 5957 1761 5961 -
1782 5966 1808 6006 ἆ
1833 5957 2120 6020 Iidem-ila-

574 6033 619 6065 ες
639 6031 701 6065 αν
1608 6029 1615 6036 ’
1844 6037 1849 6042 ’

574 6033 619 6074 ες
639 6029 781 6065 αντα.
986 6073 989 6074 ν
1608 6029 1615 6036 ·
1844 6037 1849 6042 -

1240 379 1298 434 8.
1339 372 1624 434 JOANNIS
1660 362 2150 429 CHRYSOSTOMI
2187 360 2503 418 ARClHEP.
2547 355 3093 417 CONSTANTINOP.

3687 365 3782 419 102

2208 482 2536 552 πεποίηκας.
2562 480 2675 533 Οὐκ
2704 478 2815 548 ἔχει
2847 476 2908 529 τὸ
2935 475 3224 546 γενόμενον
3255 476 3614 550 συγγνώμην,
3640 479 3783 544 ἐκτός

2208 567 2356 617 ἐστιν
2387 563 2708 631 ἀπολογίας.

2275 655 2480 727 Μηδεὶς
2513 655 2571 708 δὲ
2622 652 3081 717 σκανδαλιζέσθω,
3111 653 3164 706 εί
3190 670 3340 716 τινες
3374 654 3473 708 καὶ
3525 652 3620 708 νῦν
3659 655 3787 709 είσιν

2205 739 2493 808 ἱερόσυλοι.
2536 740 2599 791 Et
2654 740 2763 809 γὰρ
2800 739 2922 791 τότε
2963 733 3126 809 ἦσαν,
3193 736 3380 808 πολλῷ
3435 738 3634 809 μᾶλλον
3679 738 3784 803 νῦν,

2201 823 2291 876 ὅτε
2319 821 2490 876 πολλά
2515 821 2583 874 τὰ
2607 821 2774 875 κακά.
2813 821 2953 874 Ἀλλ’
2978 821 3290 890 ἐλέγχωμεν
3315 821 3520 884 αὐτοὺς
3548 822 3638 874 ἐπὶ
3665 822 3788 876 πάν-

2202 924 2333 972 των,
2366 907 2452 958 ἵνα
2477 907 2569 959 καὶ
2597 908 2645 959 οἱ
2672 905 2851 959 λοιποὶ⁵
2878 905 3042 973 φόϐον
3073 904 3291 974 ἔχωσιν.
3329 904 3392 958 '0
3427 904 3627 969 Ἰούδας
3657 906 3786 978 ίερόο

2205 989 2364 1053 συλος
2391 986 2489 1061 ἦν’
2523 989 2636 1043 ἀλλ’
2664 990 2764 1042 οὐκ
2803 988 3155 1042 ἐσκανδάλισε
3181 987 3345 1042 τοῦτο
3370 988 3502 1051 τοὺς
3531 988 3783 1059 μαθητάς.

2212 1072 2398 1144 Ὁρᾷς,
2426 1073 2528 1126 ὅσα
2558 1072 2706 1126 κακά
2748 1074 2781 1142 ή
2817 1071 2925 1125 τῶν
2967 1072 3269 1142 χρημάτων
3316 1069 3594 1141 ἐπιθυμία
3628 1075 3783 1136 ποιεῖς

2203 1157 2316 1211 Καὶ
2361 1156 2622 1222 ἐγένετο,
2651 1157 2804 1225 φησὶ,
2834 1157 3020 1224 φόϐος
3044 1154 3234 1226 μέγας
3273 1154 3394 1228 [99]
3443 1155 3545 1209 ἐπὶ
3576 1155 3786 1223 πάντας

2206 1239 2348 1304 τοὺς
2395 1239 2732 1305 ἀκούοντας
2768 1239 2976 1292 ταῦτα.
3015 1239 3254 1302 Ἐκεῖνος
3311 1239 3634 1311 ἐτιμωρήθη
3656 1279 3670 1302 ,
3704 1242 3785 1294 καὶ

2207 1321 2358 1376 ἄλλοι
2387 1322 2703 1394 ἐκέρδαναν.
2731 1322 2897 1375 Ὥστε
2939 1321 3038 1392 οὐχ
3074 1320 3261 1384 ἁπλῶς
3292 1320 3458 1374 τοῦτο
3503 1323 3782 1394 οἰκονομεῖ-

2207 1423 2332 1460 ται·
2367 1405 2545 1460 καίτοι
2581 1406 2637 1460 δέ
2673 1407 2914 1476 σημείων
2948 1405 3122 1460 ἄλλων
3157 1404 3432 1475 πρότερον
3475 1406 3781 1476 γενομένων,

2206 1492 2357 1560 ὅμως
2397 1490 2499 1543 οὐκ
2546 1486 2614 1561 ἦν
2662 1491 2824 1559 φόϐος
2877 1489 3138 1553 τοιοῦτος.
3171 1489 3363 1553 Οὕτως
3410 1489 3611 1560 ἀληθές
3659 1492 3783 1543 ἐστιν

2206 1574 2402 1637 ἐκεῖνο,
2427 1574 2510 1626 ὅτι
2546 1571 2878 1626 Γινώσκεται
2914 1572 3120 1643 Κύριος
3150 1571 3404 1643 κρίματα
3434 1572 3624 1626 ποιῶν.
3651 1572 3782 1625 Οὖτω

2207 1658 2304 1711 καὶ
2338 1657 2431 1710 ἐπὶ
2455 1659 2554 1728 τῆς
2581 1657 2818 1711 κιϐωτοῦ
2845 1655 3068 1726 γέγονεν
3085 1673 3097 1686 ο
3131 1653 3295 1716 Ὀζῖἱν
3325 1656 3678 1726 ἐτιμωρήθη,
3700 1656 3781 1709 καί

2213 1741 2453 1810 ἐγένετο
2484 1741 2610 1809 τοῖς
2660 1741 2876 1807 ἄλλοις
2929 1741 3133 1810 φόϐος.
3177 1739 3322 1792 Ἀλλ’
3350 1741 3470 1792 ἐκεῖ
3504 1740 3600 1809 μὲν
3631 1740 3782 1808 φοϐη-

2212 1809 2327 1890 θεὶς
2363 1827 2392 1879 6
2432 1826 2685 1896 βασιλεὺς
2729 1809 2990 1879 ἀπώσατο
3033 1823 3130 1894 τὴν
3164 1823 3438 1877 κιϐωτόν·
3473 1809 3697 1877 ἐνὲαὖθα
3733 1822 3782 1875 δὲ

2206 1904 2353 1964 οὗτοι
2389 1909 2588 1981 μᾶλλον
2617 1907 3115 1980 προσεκτικώτεροι
3165 1906 3437 1976 γίνονται.
3483 1903 3651 1972 Εἶδες,
3683 1905 3781 1968 πῶς

2207 1993 2310 2046 οὐκ
2353 1993 2582 2047 ἐκάλεσε
2616 1990 2784 2045 αὐτὸν
2824 1992 2852 2043 6
2887 1991 3128 2064 Πέτρος,
3162 1990 3282 2044 ἀλλ’
3335 1990 3620 2061 ἀνέμεινεν
3659 1987 3780 2041 ὥστε

2207 2075 2502 2130 εἰσελθεῖν·
2533 2075 2655 2130 οὐδὲ
2687 2074 2794 2129 τῶν
2829 2073 3005 2129 ἄλλων
3030 2092 3115 2138 τις
3144 2074 3453 2146 ἐτόλμησεν
3487 2073 3707 2140 ἐξειπεῖν
3732 2072 3782 2125 τὸ

2209 2162 2454 2231 γεγονός.
2524 2160 2702 2215 Τοῦτο
2785 2159 2950 2229 φόϐος
2998 2158 3325 2213 διδασκάλου
3351 2200 3368 2224 ,
3441 2157 3596 2212 τοῦτο
3667 2157 3780 2228 τιμὴ

2213 2244 2495 2317 μαθητῶν,
2537 2242 2697 2297 τοῦτο
2747 2243 2984 2314 ὑπακοή.
3037 2242 3219 2312 Τριῶν
3263 2240 3437 2311 ὡρῶν
3487 2239 3777 2308 διάστημα.

2210 2329 2322 2382 Καὶ
2350 2328 2449 2382 οὐκ
2483 2327 2682 2400 ἔμαθεν
2713 2328 2747 2398 ή
2776 2327 2936 2398 γυνὴ,
2968 2326 3090 2380 ούδέ
3119 2325 3307 2393 ἐξεῖπέ
3347 2341 3435 2388 τις
3470 2323 3577 2376 τῶν
3607 2323 3782 2394 παρόν-

2209 2428 2339 2475 των,
2376 2411 2552 2465 καίτοι
2593 2428 2657 2479 γε
2691 2410 2874 2464 ἱκανὸν
2899 2407 2967 2481 ἦν
2993 2409 3322 2480 ἐξηχθῆναν
3358 2407 3474 2461 ἀλλ’
3498 2405 3776 2477 ἐφοϐοῦντο.

2211 2495 2384 2548 Τοῦτο
2417 2494 2548 2563 γοῦν
2586 2495 2680 2547 καὶ
2725 2494 3020 2565 θαυμάζων
3058 2493 3087 2544 6
3124 2492 3484 2564 συγγραφεὺς
3521 2489 3680 2557 λέγει,
3711 2489 3779 2542 ὅτι

2211 2577 2308 2645 Μὴ
2346 2579 2539 2634 εἰδυῖα
2587 2578 2655 2631 τὸ
2698 2579 2968 2652 γεγονὸς,
3016 2577 3291 2645 εἰσῆλθε.
3342 2573 3538 2628 Καίτοι
3583 2590 3642 2642 γε
3689 2571 3780 2626 ἀπὺ

2210 2661 2402 2716 τούτου
2436 2663 2565 2733 ἐνῆν
2607 2663 2819 2734 μαθεῖν,
2849 2663 2934 2716 ὅτι
2974 2657 3080 2715 οἶδε
3119 2659 3188 2714 τὰ
3230 2657 3587 2713 λανθάνοντα.
3621 2655 3709 2710 Διά
3737 2654 3778 2706 τί

2210 2746 2321 2817 γὰρ
2359 2747 2563 2817 μηδένα
2601 2747 2910 2817 ἐρωτήσας,
2962 2739 3106 2815 ὑμᾶς
3139 2743 3362 2815 ἐρωτᾷς
3398 2742 3472 2794 Ἢ
3520 2740 3684 2811 δῆλον,
3713 2739 3778 2792 ὅτι

2209 2829 2284 2893 ὡς
2315 2831 2508 2895 είδώς;
2544 2828 2686 2882 Ἀλλ’
2721 2832 2754 2899 ή
2790 2827 2961 2898 πολλὴ
2992 2826 3250 2898 πώρωσις
3286 2826 3388 2878 οὐκ
3422 2825 3596 2878 εῐασεν
3636 2819 3778 2892 αὐτὴν

2211 2913 2272 2968 τὸ
2316 2913 2570 2986 ἔγκλημα
2616 2912 3030 2976 ἀποδύσασθαι,
3083 2909 3218 2964 ἀλλά
3277 2907 3420 2982 μετά
3473 2905 3778 2967 αὐθαδείας·

2208 2997 2411 3068 πολλῆς
2467 2997 2864 3070 ἀποκρίνεται·
2917 2993 3137 3064 ἐνόμιζε
3174 2992 3288 3066 γάρ
3339 2992 3476 3064 πρὸς
3525 2990 3777 3061 ἄνθρωπον

2209 3084 2574 3154 διαλέγεσθαι.
2604 3085 2677 3137 T6
2710 3083 2883 3137 δεινὸν
2911 3081 3089 3148 τοῦτο,
3115 3081 3198 3134 ὅτι
3230 3080 3313 3145 ὡς
3357 3083 3422 3134 ἐκ
3459 3081 3582 3151 μιᾶς
3613 3076 3778 3148 βουλῆς

2210 3171 2305 3224 ἐπὶ
2349 3171 2449 3241 τὴν
2490 3169 2768 3243 ἁμαρτίαν
2817 3163 3002 3240 ἦλθον,
3054 3164 3320 3236 nam?
3375 3164 3485 3220 ἀπὸ
3536 3162 3777 3243 συνθήκης

2210 3253 2372 3318 τινός.
2412 3254 2473 3308 Τί
2526 3242 2622 3307 ὅτι
2663 3251 3065 3321 συνεφωνήθη
3105 3249 3270 3318 ὑμῖν,
3318 3250 3487 3318 φησὶ,
3533 3242 3778 3314 πειρᾶσαι

2211 3337 2280 3390 τὸ
2315 3337 2559 3406 Πνεῦμα
2592 3335 2658 3390 τό
2693 3335 2902 3405 (inor;
2945 3332 3090 3388 Ἰδοὺ
3127 3335 3182 3386 οἱ
3213 3331 3406 3397 πόδες
3435 3330 3553 3384 τῶν
3579 3325 3778 3395 θαψάν-

2217 3438 2336 3475 των
2385 3421 2492 3474 τὸν
2540 3419 2730 3487 ἄνδρα
2787 3433 2905 3472 σου
2955 3415 3054 3469 ἐστὶ
3107 3415 3225 3483 τὴν
3267 3417 3483 3483 θύραν,
3519 3413 3609 3466 καὶ
3647 3409 3779 3474 ἐξοίο

2211 3505 2397 3557 σουσι
2435 3517 2527 3557 σε.
2560 3503 2829 3574 Πρότερον
2863 3499 3030 3570 αὐτὴν
3069 3497 3316 3551 διδάσκει
3345 3497 3407 3551 τὸ
3436 3496 3455 3535 ί
3488 3495 3777 3574 ἁμάρτημα,

2211 3588 2306 3640 καὶ
2342 3587 2463 3640 τότε
2495 3572 2789 3649 δείκνυσιν,
2817 3584 2900 3637 ὅτι
2932 3581 3156 3646 δικαίως
3184 3581 3251 3635 τὰ
3278 3581 3426 3636 αύτά
3459 3579 3691 3632 πείσεται
3714 3572 3778 3642 τῷ

2211 3670 2397 3742 ἀνδρί·
2428 3669 2616 3740 ἐπειδὴ
2648 3669 2742 3722 καὶ
2780 3667 2850 3721 τά
2893 3666 3032 3720 αὐτά
3061 3666 3305 3738 ἥμαρτε.
3339 3666 3448 3718 Καὶ
3484 3662 3614 3726 πῶς,
3643 3657 3775 3730 φησὶ,

2211 3739 2582 3823 Παραχρῆμα
2608 3739 2801 3806 ἔπεσε
2850 3752 3008 3820 παρὰ
3044 3750 3186 3816 τοὺς
3219 3750 3418 3815 πόδας
3463 3745 3661 3807 αὐτοῦ,
3694 3739 3775 3823 καί

2211 3821 2514 3904 ἐξέψυξεν
2525 3852 2545 3901 ;
2570 3836 2693 3888 Ὅτι
2725 3834 2951 3905 πλησίον
2978 3835 3240 3904 εἱστήκει.
3271 3833 3463 3896 Οὕτως
3491 3828 3636 3883 αὐτοὶ
3671 3821 3773 3877 καθ’

2211 3920 2424 3974 ἑαυτῶν
2457 3920 2554 3990 τὴν
2587 3919 2856 3991 τιμωρίαν
2902 3919 3306 3973 ἐπεσπάσαντο,
3351 3918 3446 3981 Τίς
3489 3912 3662 3967 λοιπὸν
3688 3908 3770 3960 οὐκ

2215 4003 2282 4058 ἂν
2315 3989 2590 4073 ἐξεπλάγη
2613 4019 2627 4067 ;
2649 3989 2754 4064 τίς
2797 4002 2898 4054 οὐκ
2930 4000 2995 4054 ἂν
3026 4000 3197 4053 ἔδεισε
3232 4001 3326 4053 τὸν
3357 3996 3676 4059 ἁπόστολον;
3702 3989 3769 4052 τίς

2213 4086 2314 4140 οὐκ
2336 4087 2401 4140 ἂν
2440 4084 2715 4155 ἐθαύμασε
2743 4101 2758 4151 ;
2785 4083 2896 4137 Καὶ
2931 4078 3094 4155 ἦσαν
3132 4085 3158 4124 κ
3188 4082 3582 4152 ὁμοθυμαδὸν,
3612 4073 3768 4146 φησὶν,

2215 4168 2481 4234 ἅπαντες
2509 4168 2579 4221 ἐν
2616 4166 2691 4236 τῇ
2729 4166 2883 4235 στοᾷ
2914 4166 3322 4237 Σολομῶντος.
3361 4167 3454 4220 Ἐκ
3489 4162 3666 4216 τούτου
3693 4156 3769 4225 δῆ-

2214 4251 2326 4317 λον,
2374 4253 2456 4306 ὅτι
2505 4253 2605 4304 οὐκ
2638 4253 2694 4304 ἐν
2726 4251 2893 4321 οἰκίᾳ,
2925 4250 3062 4304 ἀλλά
3112 4250 3174 4303 τὸ
3211 4251 3357 4322 ἱερὸν
3406 4243 3769 4304 καταλαϐόντες

2215 4338 2332 4388 ἐκεῖ
2358 4333 2623 4405 διέτριϐον
2645 4351 2658 4365 ·
2690 4332 2812 4388 οὐτε
2847 4334 2952 4405 μὴν
2979 4333 3164 4386 λοιπὸν
3186 4321 3510 4403 ἀκαθάρτων
3533 4321 3769 4405 ἅπτεσθαι

2214 4403 2602 4487 ἐφυλάττοντο,
2634 4416 2747 4470 ἀλλ’
2775 4403 2963 4479 ἁπλῶς
2996 4417 3231 4488 ἥπτοντο
3279 4417 3390 4470 τῶν
3433 4407 3650 4482 νεκρῶν.
3678 4403 3770 4488 Kal

2214 4484 2352 4571 ὅρα,
2393 4501 2512 4565 πῶς
2547 4502 2604 4554 ἐν
2647 4500 2746 4570 μὲν
2790 4503 2904 4564 τοῖς
2951 4484 3173 4564 οἰκείοις
3223 4501 3331 4553 εἰσὶ
3378 4494 3610 4567 σφοδροὶ,
3642 4492 3694 4542 ἐν
3721 4484 3769 4538 δὲ

2215 4587 2326 4649 τοῖς
2377 4583 2682 4655 ἀλλοτρίοις
2716 4583 2776 4636 οὐ
2820 4584 3116 4655 κέχρηνται
3156 4585 3221 4654 τῇ
3264 4582 3512 4650 δυνάμει.
3545 4573 3772 4655 Mcl/1.19?

2215 4669 2314 4735 δὲ,
2351 4670 2518 4740 φησὶ,
2545 4651 2990 4736 προσετίθεντο
3043 4651 3434 4721 πιστεύοντες
3475 4660 3553 4726 τῷ
3599 4651 3772 4740 Κυρίῳ

2216 4733 2426 4823 πλήθη
2447 4733 2684 4820 ἀνδρῶν
2715 4769 2780 4804 τε
2805 4753 2902 4805 καὶ
2947 4749 3276 4821 γυναικῶν·
3305 4748 3463 4802 ὥστε
3499 4741 3641 4796 κατὰ
3677 4733 3769 4823 τὰς

2216 4815 2505 4902 πλατείας
2540 4815 2764 4888 τιθέναι
2805 4815 2966 4899 τοὺς⁷
2981 4832 3260 4899 ἀσθενεῖς
3283 4833 3383 4886 ἐπὶ
3431 4823 3647 4883 κλινῶν
3682 4815 3766 4902 καί

2215 4899 2575 4988 κραόϐάτων,
2625 4918 2725 4972 ἵνα
2776 4917 3100 4986 ἐρχομένου
3151 4917 3377 4984 Πέτρου
3405 4914 3519 4968 κᾶν
3567 4909 3603 4976 ἡ
3641 4899 3768 4959 σκιὰ

2213 5006 2542 5076 ἐπισκιὰσῃ
2575 5007 2698 5059 τινὶ
2727 5005 2946 5059 αὐτῶν.

2285 5098 2353 5159 γ’.
2375 5069 2551 5160 Πολλῆ
2576 5090 2686 5142 τῶν
2730 5090 3063 5160 προσιόντων
3111 5091 3144 5160 ή
3176 5089 3375 5156 πίστις,
3406 5083 3497 5140 καὶ
3525 5077 3708 5153 μείζων
3735 5069 3763 5160 ᾗ

2217 5176 2312 5229 ἐπὶ
2336 5173 2430 5228 τοῦ
2457 5175 2502 5226 Χ
2513 5172 2718 5244 ριστού.
2761 5171 2933 5226 Πόθεν
2963 5173 3026 5246 δὴ
3046 5175 3204 5227 τοῦτο
3233 5174 3485 5242 γέγονεν;
3512 5161 3636 5219 Ἀπὸ
3677 5169 3764 5246 ’του

2213 5258 2306 5311 τὸν
2327 5241 2562 5329 Χριστδν
2582 5255 2963 5328 ἀποφήνασθαι
2995 5241 3089 5309 καὶ
3145 5241 3338 5310 είπεῖν·
3393 5255 3455 5306 '0
3492 5241 3765 5329 πιστεύων

2215 5343 2302 5407 είς
2332 5323 2458 5409 ἐμὲ,
2479 5341 2551 5394 τὰ
2566 5323 2730 5408 ἔργα,
2753 5323 2791 5392 ἃ
2809 5338 2923 5409 ἐγὼ
2956 5339 3118 5407 ποιῶ,
3152 5339 3408 5407 ποιήσει,
3440 5333 3535 5389 καί
3550 5323 3765 5400 μείζονα

2216 5424 2474 5489 ποιήσει.
2501 5423 2786 5477 Μενόντων
2799 5423 2905 5493 γὰρ
2923 5422 3100 5476 αὐτῶν
3115 5425 3232 5478 ἐκεῖ
3257 5425 3348 5478 καὶ
3363 5422 3424 5474 οὐ
3455 5411 3760 5500 περιιόντωχ,

2216 5505 2412 5576 ἔφερον
2453 5504 2652 5569 πάντες
2703 5505 2795 5558 ἐπὶ
2832 5505 2939 5558 τῶν
2992 5506 3188 5560 κλινῶν
3225 5508 3317 5562 καὶ
3355 5497 3660 5576 κραϐϐάτων
3681 5497 3761 5580 ους

2217 5584 2363 5658 εἶχον
2420 5587 2686 5656 ἀσθενεῖς,
2731 5589 2826 5642 καὶ
2870 5590 3136 5645 πάντοθεν
3187 5592 3370 5652 αὐτοῖς
3427 5582 3673 5652 συνήγετο
3706 5583 3758 5622 το

2219 5679 2422 5752 θαῦμα,
2446 5677 2553 5733 ἀπὸ
2576 5679 2685 5734 τῶν
2712 5682 3140 5749 πιστευσάντων,
3165 5683 3272 5738 ἀπὸ
3303 5681 3408 5735 τῶν
3430 5659 3761 5744 θεραπευθέν·

2289 5913 2312 5940 ε
2337 5902 2740 5965 ΑΙὶἱπαῤῥησίας.
3019 5964 3025 5965 γ
3429 5961 3463 5965 __
3511 5956 3522 5965 ,
3629 5940 3737 5965 ληςι

2291 5913 2312 5940 ε
2337 5904 2436 5955 Alii
2457 5920 2526 5952 πα
2558 5902 2740 5965 ῥησίας.
3718 5940 3737 5960 ,.

2291 5967 2309 6004 ί
2335 5967 2435 6028 Alii
2451 5902 2677 6028 πρὶτερον
2698 5965 2842 6028 αὐτῆς
2864 5964 3072 6014 παιδεύει
3091 5965 3163 6015 τό.
3186 6014 3188 6016 ,
3209 5967 3258 6019 ,ε
3295 5962 3390 6016 Alii
3423 5956 3669 6018 ἐθαύμαπῖ
3688 5944 3758 5995 Τις

2226 6029 2313 6079 οὐκ
2337 6029 2392 6076 ἂν
2419 6025 2651 6090 600616.011;
2696 6027 2789 6075 Καὶ
2811 6025 2954 6086 ἦσαν.
