3946 6428
205 404 301 456 161

199 519 383 570 modo.
412 543 487 554 —-
516 510 601 566 Tu
630 522 770 565 vero
799 507 924 563 mihi
952 501 1251 568 considera,
1279 497 1551 571 quomodo
1583 501 1692 550 tota
1718 493 1827 547 vita

196 609 310 664 illis
336 621 411 660 ex
446 601 746 659 contrariis
779 607 1113 654 contexatur.
1139 592 1338 648 Mceror
1367 589 1572 661 primus
1597 585 1699 647 fuit
1726 598 1819 638 as-

199 697 456 768 sumptio
500 692 752 758 Christi;
786 688 978 746 deinde
1014 686 1196 742 laetitia
1229 699 1322 754 per
1348 680 1578 752 Spiritus
1603 677 1830 733 descen-

210 805 370 854 sum;
405 801 612 842 rursus
657 797 861 840 mceror
886 780 955 837 ob
983 779 1233 834 irrisores
1277 794 1291 830 :
1320 773 1515 831 deinde
1545 770 1724 826 laetitia
1764 783 1830 824 ex

223 881 468 939 ﬁdelibus
493 889 556 935 et
583 894 653 935 ex
677 880 862 946 signo;
902 873 1093 928 iterum
1117 884 1338 935 mceror,
1361 865 1502 938 quod
1523 861 1832 935 apprehen-

227 979 519 1038 derentur;
552 972 689 1026 hinc
713 969 894 1024 ltetitia
934 982 1033 1038 per
1072 964 1368 1038 apologiam
1397 976 1572 1017 suam.
1599 959 1831 1014 Rursum

229 1069 307 1124 hie
345 1066 538 1122 latitia
571 1075 632 1119 et
669 1076 892 1119 maeror.
919 1059 1052 1114 Nam
1089 1056 1230 1128 quod
1257 1052 1528 1123 conspicui
1572 1058 1753 1105 essent
1777 1056 1834 1102 et

228 1162 315 1217 Dei
341 1157 784 1215 revelationibus
808 1154 1135 1218 fruerentur,
1163 1149 1344 1205 laetitia
1361 1158 1477 1203 erat
1501 1164 1515 1213 ;
1543 1144 1683 1216 quod
1703 1159 1784 1197 vet
1798 1157 1832 1197 ο

225 1255 380 1310 etiam
421 1264 560 1305 suos
626 1247 972 1312 occiderent,
1019 1241 1293 1300 maestitia.
1329 1241 1527 1295 lterum
1555 1237 1737 1292 lattitia
1763 1251 1830 1291 ex

223 1343 533 1416 splendore,
573 1341 884 1408 iterumque
908 1350 1110 1390 mmror
1135 1348 1165 1388 a
1195 1331 1438 1404 principe
1463 1327 1825 1384 sacerdotum.

225 1437 295 1493 Et
315 1433 638 1502 bocubique
664 1425 1057 1485 considerando
1074 1423 1255 1480 videre
1274 1435 1556 1492 possumus
1579 1437 1591 1474 :
1612 1419 1663 1473 id
1689 1416 1832 1487 quod

229 1531 393 1586 etiam
411 1525 550 1598 apud
580 1532 800 1578 veteres
827 1519 1063 1577 invenire
1084 1525 1184 1573 est.
1211 1515 1410 1572 Verum
1428 1513 1538 1584 jam
1569 1525 1728 1581 supra
1752 1509 1834 1564 di-

237 1633 326 1678 cta
353 1630 680 1690 repetamus.
725 1612 1035 1679 Vendebant,
1063 1609 1252 1680 inquit,
1283 1606 1621 1674 eia/ferebant
1647 1603 1830 1676 pretia,

246 1727 294 1771 et
334 1714 576 1783 ponebant
627 1717 749 1763 ante
789 1707 940 1778 pedes
988 1703 1354 1774 apostolorum.
1412 1699 1565 1766 Vide,
1613 1697 1828 1764 dilecte,

243 1804 497 1879 quomodo
543 1819 656 1858 non
705 1799 1076 1872 permitterent
1122 1794 1395 1866 apostolos
1438 1790 1705 1855 vendere;
1737 1787 1831 1843 sed

231 1899 328 1968 ipsi
356 1895 682 1960 venderent,
718 1901 770 1947 et
796 1890 903 1945 illis
924 1887 1091 1960 pretia
1117 1886 1327 1942 darent.
1351 1887 1422 1939 At
1449 1899 1554 1938 non
1582 1882 1659 1937 sic
1684 1883 1831 1935 Ana-

228 1993 376 2051 nias;
417 1988 517 2042 sed
561 1983 838 2042 subtrahit
885 1979 1082 2051 aliquid
1130 1978 1198 2034 de
1245 1977 1416 2048 pretio
1473 1977 1626 2046 agri,
1672 1987 1830 2044 quem

225 2082 583 2145 vendiderat;
639 2077 866 2146 ideoque
915 2074 1150 2145 punitur,
1206 2078 1391 2139 utpote
1435 2067 1524 2139 qui
1565 2082 1678 2121 rem
1725 2079 1831 2120 non

223 2178 357 2232 bene
381 2181 630 2245 gereret,
659 2179 716 2226 et
736 2185 830 2224 sua
857 2167 1023 2223 furari
1049 2163 1566 2236 deprehenderetur.
1591 2160 1688 2216 Hic
1705 2173 1831 2230 per-

227 2271 577 2341 stringuntur
603 2262 946 2328 sacerdotes,
976 2270 1029 2316 et
1055 2259 1271 2330 quidem
1303 2258 1669 2312 vehementer.
1698 2255 1830 2322 Quia

231 2377 356 2418 vero
397 2375 542 2416 uxor
573 2357 697 2428 ejus
723 2355 800 2411 rei
843 2353 1057 2410 conscia
1088 2359 1241 2418 erat;
1287 2350 1409 2406 ideo
1445 2348 1587 2403 illam
1618 2361 1833 2418 quoque

230 2457 518 2514 examinat.

295 2549 353 2602 ‘1.
382 2549 451 2603 At
495 2544 716 2600 dixerit
741 2543 973 2598 fortasse
997 2539 1262 2611 quispiam
1287 2579 1302 2604 ,
1335 2534 1679 2592 acerbissime
1707 2546 1830 2590 cum

240 2643 327 2698 illa
345 2652 512 2696 actum
539 2654 695 2695 esse.
721 2631 1270 2706 Quid,qu:eso,dicis?
1297 2646 1417 2702 qua:
1443 2629 1704 2686 acerbitas
1731 2627 1832 2683 ?Si

247 2735 312 2800 is,
339 2734 423 2804 qui
451 2733 588 2803 ligna
619 2729 842 2798 collegit
863 2726 916 2781 in
945 2724 1188 2790 sabbato,
1223 2723 1488 2794 lapidatur
1519 2718 1709 2790 (Nunt.
1740 2719 1827 2775 l5.

245 2828 370 2897 35),
405 2826 574 2880 multo
609 2823 783 2894 magis
809 2821 898 2891 qui
924 2835 1074 2875 sacra
1097 2817 1282 2888 diripit
1311 2835 1324 2871 :
1358 2816 1558 2871 etenim
1590 2814 1831 2885 pecuniae

231 2921 332 2976 illa:
353 2923 466 2990 jam
495 2933 678 2975 sacrm
721 2924 890 2971 erant.
933 2914 1115 2984 Itaque
1156 2912 1245 2983 qui
1274 2910 1443 2965 voluit
1468 2923 1562 2963 sua
1593 2907 1832 2964 vendere

227 3023 279 3068 et
299 3012 432 3067 dare
458 3052 474 3078 ,
501 3009 816 3079 deindeque
853 3005 1108 3075 subripit,
1144 3003 1434 3073 sacrilegus
1461 3009 1608 3057 certe
1649 3000 1828 3056 fuerit.

225 3104 280 3160 Si
311 3119 448 3160 vero
474 3103 543 3168 is,
580 3102 675 3171 qui
707 3115 771 3155 ex
798 3099 906 3154 suis
931 3095 1181 3165 subripit,
1210 3094 1501 3162 sacrilegus
1529 3100 1633 3161 est,
1664 3091 1834 3148 multo

222 3199 387 3269 magis
416 3197 471 3251 is
497 3237 512 3262 ,
548 3195 646 3265 qui
685 3209 752 3249 ex
782 3191 994 3247 alienis.
1034 3189 1110 3244 Nc
1144 3189 1338 3260 putetis
1369 3187 1513 3242 enim
1534 3227 1548 3252 ,
1575 3186 1696 3256 quia
1723 3186 1832 3257 jam

219 3304 322 3344 non
365 3289 448 3343 ita
494 3287 581 3353 fit,
632 3301 732 3340 nec
777 3284 954 3339 statim
1000 3281 1242 3354 sequitur
1282 3280 1432 3347 ultio,
1463 3278 1580 3334 haec
1619 3280 1833 3350 impune

215 3383 346 3439 fore.
371 3380 586 3437 Viden’
620 3377 723 3434 hoc
773 3378 827 3432 in
871 3376 1072 3432 crimen
1120 3373 1336 3441 vocari,
1367 3372 1507 3444 quod
1548 3388 1668 3428 cum
1715 3372 1833 3427 illas

214 3477 491 3548 pecunias
535 3487 723 3530 sacras
750 3472 1003 3536 fecisset,
1034 3469 1102 3526 de
1133 3470 1237 3524 illis
1262 3468 1566 3538 subripiat?
1597 3468 1788 3522 Annon
1813 3507 1830 3533 ,

211 3569 425 3639 inquit,
469 3574 693 3636 poteras
734 3562 840 3618 illis
885 3561 1143 3626 venditis,
1177 3568 1235 3615 ut
1280 3561 1510 3630 propriis
1540 3559 1662 3614 u.i?
1706 3573 1832 3613 num

216 3661 537 3731 prohibitus
580 3658 683 3711 es?
725 3671 823 3710 cur
865 3654 1119 3724 subripis,
1168 3663 1450 3722 postquam
1501 3650 1834 3721 promisisd?

218 3753 366 3820 \‘itle,
401 3748 697 3823 quomodo
727 3747 906 3802 Statim
934 3761 966 3801 a
996 3745 1258 3816 principio
1285 3758 1405 3799 sesc
1436 3743 1688 3798 immittat
1716 3742 1832 3796 dia-

217 3845 370 3900 bulns
424 3845 584 3898 inter
629 3841 780 3912 signa
810 3848 863 3894 et
893 3837 1147 3893 miracula
1192 3845 1378 3899 tanta;
1410 3835 1518 3890 imo
1563 3833 1834 3905 quomodo

219 3937 302 3995 hic
323 3939 400 3994 ab
439 3935 545 3989 illo
574 3942 877 3990 excazcatus
916 3932 1003 3986 sit.
1033 3929 1164 3985 Tale
1189 3927 1464 3999 quidpiam
1503 3935 1558 3982 et
1586 3926 1638 3981 in
1668 3927 1832 3981 veteri

219 4034 331 4102 lege
363 4032 586 4084 factum
617 4034 738 4089 est,
785 4023 998 4096 quando
1038 4020 1258 4078 Charmi
1297 4020 1580 4075 anathema
1631 4018 1836 4072 furatus

216 4123 613 4196 deprehensus
641 4127 725 4174 est
752 4137 766 4174 :
797 4126 1032 4173 attamen
1064 4115 1225 4182 nosti,
1263 4122 1460 4184 quanta
1493 4112 1626 4166 ultio
1655 4113 1722 4166 de
1749 4111 1831 4164 {ac

218 4219 410 4273 cinere
465 4221 684 4282 sumpta
715 4211 783 4265 sit
811 4209 962 4281 (Jos.
994 4208 1049 4262 7.
1074 4207 1132 4262 2.
1178 4215 1223 4263 et
1251 4205 1342 4261 20.
1381 4205 1512 4276 22).
1546 4203 1833 4260 Sacrorum

220 4309 365 4364 enim
387 4305 664 4375 expilatio
689 4301 980 4357 admodum
1009 4299 1184 4370 gravis
1209 4308 1312 4365 est,
1332 4297 1547 4364 dilecte,
1572 4306 1623 4350 et
1640 4309 1836 4366 magno

220 4407 551 4467 contemptu
599 4395 780 4466 plena.
814 4392 998 4463 Neque
1034 4390 1267 4446 vendere
1298 4389 1571 4460 coegimus
1593 4429 1606 4453 ,
1640 4388 1832 4457 inquit,

225 4507 408 4563 neque
439 4488 704 4560 pecunias
735 4501 801 4542 ex
831 4484 1062 4541 venditis
1098 4493 1347 4554 acceptas
1385 4482 1514 4538 dare
1545 4499 1556 4535 :
1588 4491 1642 4536 tu
1691 4481 1743 4536 id
1770 4497 1837 4536 ex

225 4583 520 4655 proposito
573 4589 665 4634 tuo
715 4577 886 4634 fecisti
940 4595 953 4630 :
1007 4592 1103 4631 cur
1146 4591 1276 4648 ergo
1327 4591 1395 4630 ex
1445 4573 1612 4630 sacris
1671 4588 1834 4644 pecn-

230 4676 336 4732 niis
392 4674 612 4728 furatus
659 4671 758 4727 es?
808 4669 910 4724 Cur
950 4668 1174 4738 implevit
1203 4709 1219 4735 ,
1267 4667 1458 4737 inquit,
1510 4675 1718 4720 satanas
1752 4682 1839 4719 cor

239 4769 420 4824 tuum?
461 4767 527 4822 Et
570 4764 622 4819 si
665 4774 879 4818 satanas
925 4762 1028 4818 hoc
1065 4760 1210 4826 fecit.
1256 4776 1355 4816 cur
1389 4758 1461 4814 illi
1509 4757 1838 4828 imputatur?

249 4863 304 4918 in
337 4877 498 4918 causa
546 4867 654 4926 est,
699 4859 822 4929 quia
849 4856 967 4927 ejus
1006 4856 1372 4926 operationem
1415 4852 1642 4922 accepit,
1671 4851 1840 4907 etilla

261 4955 498 5024 impletus
567 4959 673 5008 est.
735 4955 804 5005 At
855 4947 1177 5019 oportebat,
1233 4945 1482 5016 inquies,
1545 4943 1838 5013 corrigere.

267 5043 376 5099 Sed
423 5060 518 5101 non
568 5049 846 5099 correctus
887 5040 1110 5104 fuisset;
1158 5051 1280 5091 nam
1320 5037 1411 5106 qui
1448 5033 1570 5089 talia
1609 5033 1837 5098 viderat,

261 5137 562 5208 nullumque
609 5136 735 5191 inde
777 5135 984 5189 lucrum
1037 5131 1258 5198 tulerat,
1287 5129 1458 5185 multo
1487 5128 1664 5182 minus
1691 5133 1842 5196 pote-

249 5243 340 5287 rat
371 5231 476 5285 alio
509 5229 673 5286 modo
719 5228 927 5283 lucrum
967 5224 1235 5295 accipere.
1276 5221 1392 5278 Non
1437 5219 1675 5291 oportuit
1715 5233 1844 5289 ergo

245 5341 363 5380 rem
421 5320 870 5394 prmtermitterc;
927 5317 1023 5374 sed
1075 5314 1230 5386 quasi
1289 5313 1493 5368 saniem
1557 5309 1844 5382 quamdam

242 5417 518 5484 exscindi,
535 5431 608 5471 ne
631 5414 896 5484 reliquum
923 5423 1123 5479 corpus
1157 5405 1416 5462 inliceret.
1449 5403 1602 5460 Nunc
1625 5403 1770 5458 enim
1795 5411 1850 5457 et

246 5512 338 5565 hic
367 5508 659 5565 utilitatem
690 5503 924 5572 accipit,
956 5516 1024 5557 ne
1048 5500 1276 5555 ulterius
1314 5498 1368 5552 in
1403 5495 1602 5550 malitia
1631 5508 1847 5564 progre-

249 5603 469 5666 diatur,
526 5608 585 5655 et
621 5597 714 5653 alii
752 5595 921 5666 magis
965 5591 1192 5648 studiosi
1231 5588 1529 5646 redduntur
1564 5605 1579 5641 :
1610 5585 1848 5656 alioquin

254 5703 438 5749 autem
458 5689 789 5747 contrarium
818 5685 1118 5740 accidisset.
1142 5681 1270 5738 ideo
1297 5681 1527 5752 primum
1555 5677 1848 5748 redarguit,

253 5796 311 5839 et
353 5781 596 5839 ostendit
635 5793 749 5835 rem
795 5793 853 5834 se
923 5791 1029 5832 non
1093 5773 1352 5838 latuisse;
1421 5781 1653 5840 tuncque
1717 5784 1851 5822 con-

257 5878 478 5932 demnat
506 5872 674 5929 illum.
699 5868 834 5937 Cur,
863 5867 1005 5925 enim
1025 5903 1041 5933 ,
1073 5864 1264 5935 inquit,
1301 5863 1396 5920 hoc
1418 5861 1619 5932 fecisti?
1649 5859 1852 5918 habere

1332 384 1395 440 ιχ
1435 381 1610 438 ACTA
1654 372 2174 433 APOSTOLORUM.
2214 370 2444 427 llOMll..
2487 371 2601 426 ΧΠ.

3429 372 3526 426 «οε

1939 487 2193 567 voluisti?
2222 488 2267 543 Α
2296 488 2560 558 principio
2609 487 2845 544 retinere
2883 490 3158 560 oportuit,
3187 499 3243 547 et
3269 505 3375 546 non
3407 509 3527 561 pro-

1936 580 2149 634 mittere
2183 597 2196 633 Ξ
2230 595 2375 635 nunc
2420 589 2600 634 autem
2651 589 2931 652 postquam
2960 597 3375 638 consecraveras
3402 593 3530 638 sub-

1935 672 2152 741 ripiens,
2185 671 2358 742 majus
2383 673 2722 743 sacrilegium
2754 673 3037 732 admisisti.
3067 675 3199 730 Nam
3225 675 3318 748 qui
3344 677 3524 732 aliena

1941 762 2105 832 rapit,
2150 763 2288 819 forte
2315 779 2382 819 ex
2427 764 2720 819 alienarum
2765 781 2945 820 rerum
2985 767 3278 836 cupiditate
3329 771 3468 839 rapit
3507 786 3522 824 :

1937 854 2032 909 tibi
2062 869 2190 910 vero
2222 855 2417 930 licebat
2446 865 2532 911 tua
2571 857 2790 912 habere.
2828 856 2938 912 Cur
2962 874 3090 930 ergo
3118 859 3203 914 illa
3228 875 3377 916 sacra
3403 863 3528 917 red-

1935 945 2147 1012 didisti,
2200 957 2254 1004 ct
2297 959 2484 1018 postea
2530 951 2798 1018 rapuisti?
2844 950 2922 1006 Ex
2977 967 3170 1024 magno
3217 964 3524 1027 contemptu

1936 1040 1987 1094 id
2020 1040 2211 1097 iecisti.
2257 1041 2487 1098 Facinus
2529 1043 2742 1098 veniam
2784 1059 2890 1099 non
2927 1044 3127 1112 habet,
3175 1052 3521 1106 excusatione

1935 1142 2105 1188 caret.

2008 1226 2287 1282 Sacrorum
2314 1229 2619 1298 expilatores
2663 1239 2888 1300 tempore
2930 1229 3295 1302 Chrysostomi.
3322 1265 3394 1275 —
3421 1235 3527 1293 Ne-

1936 1318 2064 1372 mini
2097 1329 2274 1374 autem
2304 1320 2628 1376 oli‘undiculo
2678 1322 2780 1388 sit,
2827 1323 2870 1376 si
2901 1323 2990 1393 qui
3034 1324 3146 1394 jam
3196 1327 3306 1381 sint
3345 1341 3527 1386 sacro-

1935 1424 2052 1463 rum
2080 1411 2422 1480 expilatores.
2454 1412 2586 1466 Nam
2619 1412 2664 1466 si
2714 1421 2839 1468 tunc
2885 1412 3122 1482 fuerunt,
3154 1417 3325 1473 multo
3355 1423 3527 1491 magis

1935 1517 2098 1568 nunc,
2145 1517 2268 1557 cum
2321 1504 2488 1558 multa
2535 1513 2661 1559 sunt
2705 1505 2864 1558 mala.
2920 1504 3027 1561 Sed
3069 1508 3529 1577 reprehendamus

1936 1591 2058 1647 illos
2095 1608 2277 1648 coram
2327 1595 2577 1650 omnibus
2601 1636 2616 1662 ,
2652 1604 2708 1649 ut
2732 1606 2787 1650 et
2816 1600 2995 1652 caueri
3025 1609 3231 1653 metum
3266 1598 3523 1657 habeant.

1934 1684 2099 1740 Judas
2130 1686 2424 1756 sacrilegus
2451 1696 2569 1743 erat
2597 1704 2610 1753 ;
2635 1703 2818 1742 verum
2847 1688 2899 1743 id
2921 1688 3198 1758 discipulis
3221 1706 3328 1746 non
3357 1691 3528 1748 oﬂ‘en-

1936 1779 2116 1836 dieulo
2145 1781 2266 1836 fuit.
2300 1781 2699 1852 Viden'qnanta
2730 1783 2866 1836 mala
2888 1783 3235 1851 pecuniarum
3261 1786 3526 1854 cupiditas

1934 1874 2139 1944 pariat?
2158 1873 2223 1927 Et
2241 1877 2410 1945 factus
2435 1885 2526 1941 est,
2545 1874 2733 1944 inquit,
2761 1876 2912 1928 timor
2925 1891 3139 1945 magnus
3159 1892 3313 1948 super
3327 1893 3522 1944 omnes,

1935 1967 2020 2036 qui
2039 1967 2146 2020 lucc
2171 1966 2459 2020 audierunt.
2477 1966 2570 2020 Ille
2585 1966 2800 2036 punitus
2827 1975 2927 2028 cst.
2947 1975 3002 2020 et
3027 1967 3118 2022 alii
3141 1968 3328 2024 lucrati
3359 1980 3482 2024 sunt
3508 1987 3523 2024 :

1937 2055 2112 2126 itaque
2127 2071 2230 2110 non
2249 2058 2362 2112 sine
2375 2072 2533 2111 causa
2549 2057 2617 2110 ita
2632 2055 2998 2126 diSpeusatum
3011 2065 3112 2112 est.
3130 2056 3240 2112 Etsi
3257 2059 3361 2113 alia
3376 2060 3526 2128 signa

1936 2147 2084 2216 prius
2111 2146 2246 2202 facta
2275 2147 2505 2209 fuerant,
2543 2155 2778 2201 attamen
2809 2162 2912 2200 non
2939 2146 3058 2201 talis
3081 2157 3197 2202 erat
3221 2158 3417 2204 metus.
3437 2149 3529 2206 Sic

1937 2253 2120 2294 verum
2148 2247 2229 2294 est
2255 2239 2382 2293 illud
2417 2257 2430 2293 :
2463 2239 2803 2310 Cognoscetur
2834 2238 3080 2294 Dominus
3099 2241 3304 2312 judicia
3331 2243 3527 2313 faciens

1936 2331 2108 2408 (Psal.
2141 2333 2194 2389 9.
2227 2332 2340 2404 l7).
2368 2332 2459 2390 Sic
2485 2343 2540 2388 et
2570 2335 2620 2388 in
2650 2349 2773 2388 arca
2803 2334 2999 2389 lactant
3030 2344 3148 2390 est:
3191 2334 3335 2390 Ozan
3366 2337 3528 2406 puni-

1935 2431 2021 2481 tus
2041 2433 2124 2480 est
2156 2425 2231 2494 (2.
2262 2425 2391 2496 Reg.
2429 2426 2484 2481 ὑ.
2524 2425 2600 2496 7),
2650 2435 2704 2480 et
2735 2425 2859 2480 hinc
2887 2426 3048 2480 timor
3089 2425 3228 2481 aliis.
3278 2426 3384 2482 Sed
3421 2428 3530 2484 illic

1936 2517 2151 2588 quidem
2183 2527 2430 2572 metuens
2460 2533 2582 2583 rex,
2611 2531 2790 2572 arcam
2835 2517 3067 2582 amovit;
3102 2517 3188 2572 hic
3218 2527 3396 2574 autem
3437 2521 3529 2576 alii

1934 2609 2248 2664 attentiores
2272 2609 2392 2664 facti
2417 2617 2558 2663 sunt.
2589 2607 2772 2673 Vides,
2795 2607 3064 2677 quomodo
3095 2623 3202 2663 non
3229 2610 3430 2664 vocavit
3458 2611 3529 2664 il-

1935 2705 2041 2760 lam
2074 2705 2288 2772 Petrus,
2337 2705 2431 2760 sed
2476 2704 2808 2773 exspectavit
2851 2703 3024 2759 donec
3055 2705 3322 2760 intraret:
3354 2719 3529 2774 neque

1934 2797 2074 2852 alius
2103 2797 2369 2867 quispiam
2411 2810 2573 2850 ausus
2599 2803 2683 2850 est
2711 2796 3032 2850 annuntiare
3061 2795 3206 2866 quod
3236 2795 3526 2852 acciderat.

1935 2889 2049 2944 lloc
2076 2889 2314 2960 magistri
2360 2888 2518 2942 timor
2545 2899 2679 2952 erat,
2713 2886 2886 2941 honor
2911 2887 3294 2958 discipulorum
3321 2896 3375 2942 et
3397 2886 3530 2943 obe-

1935 2983 2156 3038 dientia.
2194 2981 2369 3036 Trium
2399 2984 2641 3036 horarum
2670 2981 2911 3050 spatium.
2935 2979 3119 3050 Neque
3156 2979 3342 3036 didicit
3371 2995 3526 3046 uxor,

1935 3089 2036 3130 nec
2065 3075 2182 3146 quis
2215 3075 2552 3144 prtesentium
2583 3072 2866 3139 nuntiavit,
2894 3073 3136 3142 quamvis
3164 3072 3230 3126 ad
3254 3073 3530 3142 divulgan-

1935 3167 2063 3223 dum
2086 3175 2168 3222 sat
2194 3167 2452 3236 temporis
2482 3175 2660 3230 esset;
2692 3178 2877 3218 verum
2911 3163 3193 3219 timebant.
3225 3163 3336 3219 lloc
3367 3164 3527 3218 etiam

1935 3260 2212 3315 admirans
2249 3259 2481 3327 scriptor
2501 3258 2613 3311 ait:
2650 3255 2896 3312 Nesciens
2927 3256 3062 3328 quod
3115 3259 3306 3329 factum
3340 3257 3525 3326 fuerat,

1935 3353 2178 3408 introivit.
2211 3352 2370 3422 Atqui
2404 3350 2527 3405 hinc
2545 3349 2978 3405 diseerelicebat
3004 3350 3177 3420 ipsum
3207 3351 3420 3404 novisse
3440 3365 3526 3418 ea,

1936 3460 2055 3516 qua:
2081 3443 2291 3498 occulta
2321 3452 2494 3498 erant.
2524 3442 2634 3497 Cur
2659 3442 2801 3498 enim
2825 3443 2913 3512 qui
2940 3443 3210 3497 neminem
3230 3442 3530 3513 interroga-

1936 3546 2107 3600 verat,
2133 3552 2228 3590 vos
2258 3534 2651 3605 interrogat?A
2663 3549 2828 3599 anon,
2853 3544 2910 3588 ut
2933 3533 3118 3604 liquet,
3150 3534 3272 3603 quia
3300 3535 3531 3589 sciebat?

1935 3629 2040 3686 Sed
2073 3628 2236 3684 nimia
2262 3628 2476 3682 caecitas
2523 3642 2627 3681 non
2671 3627 2912 3696 permisit
2953 3626 3097 3681 illam
3128 3627 3332 3681 crimen
3361 3627 3532 3697 depo-

1939 3723 2099 3786 nere;
2143 3721 2236 3776 sed
2284 3735 2404 3775 cum
2451 3719 2672 3774 audacia
2720 3719 2886 3772 multa
2934 3718 3273 3788 respondet.
3303 3718 3532 3774 Putabat

1937 3815 2080 3870 enim
2107 3829 2166 3869 se
2187 3828 2308 3869 cum
2341 3811 2556 3866 homine
2578 3811 2740 3881 loqui.
2770 3810 2882 3864 lloc
2905 3825 3068 3880 grave
3088 3819 3222 3876 erat,
3255 3809 3396 3880 quod
3424 3824 3534 3864 uno

1937 3909 2163 3966 consilio
2214 3915 2269 3962 et
2320 3906 2470 3976 quasi
2525 3920 2593 3960 ex
2637 3912 2794 3975 pacto
2840 3913 3119 3974 peccatum
3163 3903 3529 3959 admisissent.

1943 4003 2080 4072 Quid
2111 4002 2280 4070 utique
2323 4001 2554 4055 convenit
2593 4000 2752 4063 vobis,
2801 3998 3006 4070 inquit,
3052 4008 3245 4052 tentare
3279 3997 3533 4068 Spiritum

1939 4095 2211 4152 sanctum?
2251 4093 2388 4148 Ecce
2431 4093 2583 4164 pedes
2633 4107 2808 4145 eorum
2833 4132 2848 4157 ,
2890 4092 2976 4161 qui
3022 4091 3325 4159 sepelierunt
3369 4090 3533 4144 virum

1941 4198 2104 4253 tuum,
2133 4187 2202 4241 ad
2231 4186 2451 4250 ostium;
2473 4194 2517 4237 et
2545 4182 2752 4246 offerent
2779 4193 2845 4235 te.
2868 4181 3024 4235 Prius
3045 4180 3190 4234 illaut
3214 4179 3372 4234 docet
3392 4180 3534 4249 quod

1941 4278 2267 4352 peccaverit,
2296 4287 2352 4332 et
2383 4286 2510 4330 tunc
2537 4273 2772 4330 ostendit
2797 4271 3123 4341 illamjuste,
3154 4286 3274 4341 quae
3303 4271 3386 4324 vir
3408 4286 3532 4341 pas-

1941 4387 2034 4429 sus
2072 4379 2209 4433 erat,
2250 4382 2526 4438 passuram
2568 4380 2708 4430 esse,
2758 4365 2882 4435 quia
2930 4362 3148 4433 perinde
3194 4370 3531 4432 peccaverat.

1943 4461 2315 4535 thuomodo,
2341 4461 2571 4530 inquies,
2593 4458 2868 4529 Confestim
2894 4455 3069 4510 cecidit
3090 4465 3209 4509 ante
3235 4455 3385 4524 pedes
3400 4457 3531 4526 ejus,

1943 4567 1988 4613 et
2016 4555 2327 4627 exspiravit?
2357 4553 2492 4620 Quia
2535 4566 2704 4623 prepe
2731 4547 2994 4604 adstabat.
3023 4546 3112 4603 Sic
3141 4547 3214 4601 illi
3245 4551 3298 4600 in
3325 4548 3535 4618 seipsos

1944 4651 2205 4704 ultionem
2235 4653 2589 4699 attraxerunt.
2619 4641 2747 4708 Quis
2778 4641 2994 4696 demum
3013 4654 3118 4694 non
3147 4639 3535 4708 obstupuisset?

1943 4742 2063 4812 quis
2091 4739 2389 4810 apostolum
2431 4752 2536 4791 non
2566 4733 2861 4790 timuisset?
2893 4733 3011 4802 quis
3058 4745 3164 4786 non
3196 4730 3420 4785 miratus
3446 4745 3539 4786 es-

1945 4835 2060 4889 set?
2095 4832 2160 4886 Et
2191 4841 2354 4896 erant,
2384 4830 2575 4900 inquit,
2604 4826 2907 4882 unanimiter
2926 4841 3097 4879 omnes
3125 4825 3178 4879 in
3208 4825 3405 4895 porticu
3430 4825 3536 4880 Sa—

1948 4927 2180 4984 lomonis.
2213 4925 2312 4980 llic
2351 4924 2524 4995 palam
2555 4932 2657 4987 cst,
2705 4920 2824 4976 illos
2851 4933 2956 4974 non
2988 4921 3042 4972 in
3067 4917 3230 4973 domo
3262 4918 3535 4990 quapiam,

1947 5021 2043 5078 sed
2080 5022 2132 5076 in
2185 5019 2385 5090 templo
2432 5027 2676 5072 versatos
2713 5029 2854 5069 esse.
2897 5011 3080 5083 Neque
3113 5011 3251 5066 ultra
3280 5011 3538 5067 cavebant

1948 5113 2052 5169 sibi
2091 5128 2160 5168 ne
2211 5109 2482 5167 immunda
2532 5108 2926 5177 contingerent,
2978 5103 3072 5159 sed
3127 5105 3245 5159 sine
3283 5103 3541 5173 scrupulo

1951 5214 2194 5261 mortuos
2222 5201 2534 5273 tangebant.
2581 5201 2644 5254 Et
2672 5199 2814 5262 vide,
2846 5193 3118 5265 quomodo
3142 5208 3267 5263 erga
3303 5207 3432 5246 suos
3456 5206 3540 5246 sc-

1950 5299 2061 5354 veri
2091 5298 2222 5361 sint,
2269 5310 2396 5365 erga
2427 5293 2561 5348 alios
2605 5300 2785 5346 autem
2837 5296 3104 5359 potestate
3146 5301 3250 5340 non
3301 5293 3538 5338 utantur.

1959 5389 2130 5461 Magis
2152 5398 2344 5452 autem,
2380 5386 2571 5458 inquit,
2596 5383 2874 5456 augebatur
2895 5379 3207 5435 credentium
3241 5377 3294 5430 in
3321 5375 3543 5430 Domino

1956 5480 2226 5537 multitudo
2256 5481 2481 5534 virorum
2509 5488 2554 5531 et
2580 5478 2846 5531 mulierum
2871 5489 2890 5538 ,'
2918 5473 2988 5526 ita
3016 5480 3068 5523 ut
3097 5470 3150 5522 in
3183 5466 3361 5536 plateis
3380 5483 3543 5537 pone-

1955 5587 2067 5632 rent
2104 5576 2337 5646 inﬁrmos
2375 5575 2428 5628 in
2463 5571 2662 5627 lectulis
2704 5585 2764 5622 ac
2799 5565 3050 5638 grabatis,
3093 5570 3148 5614 ut
3185 5561 3410 5614 veniente
3445 5557 3544 5614 Pe-

1957 5683 2035 5727 tro
2071 5671 2250 5725 saltem
2273 5668 2452 5722 umbra
2476 5666 2613 5720 illius
2640 5661 2962 5716 adumbraret
2982 5669 3283 5726 quemquam
3316 5652 3548 5710 illorum.

2033 5763 2087 5818 5.
2120 5761 2307 5830 Magna
2336 5754 2704 5812 accedentium
2750 5751 2913 5814 ﬁdes,
2958 5756 3014 5803 et
3051 5746 3224 5814 major
3249 5759 3409 5814 quam
3450 5743 3553 5798 sub

1961 5857 2079 5928 ipso
2105 5852 2336 5910 Christo.
2360 5846 2516 5906 Unde
2543 5853 2722 5900 autem
2749 5842 2850 5898 hoc
2874 5839 3069 5898 factum
3092 5835 3212 5893 est?
3238 5833 3372 5906 Quia
3392 5831 3552 5891 Chri-
