3946 6452
484 383 586 441 103

477 511 594 552 stus
622 497 725 550 hoc
751 490 1136 564 praenuntiant
1169 498 1228 544 et
1260 487 1489 543 dixerat.
1535 485 1635 553 Qui
1661 484 1821 539 credit
1858 485 1915 537 in
1946 497 2060 546 me,

479 603 637 657 opera
659 627 673 649 ,
703 599 816 654 qua:
845 598 936 652 ego
965 581 1098 653 facio
1117 621 1133 648 ,
1165 579 1313 650 faciet
1333 620 1348 643 ,
1389 587 1439 632 et
1481 579 1680 646 majora
1705 575 1854 644 faciet
1886 573 2065 647 (Joan.

482 678 571 732 14.
603 675 712 748 12).
743 673 1079 728 Manentibus
1102 683 1280 725 autem
1313 671 1417 724 illis
1439 669 1578 736 istic,
1602 683 1702 723 nee
1732 669 2070 722 circumeun-

482 772 655 834 tibus,
686 782 876 824 onmes
903 764 1201 822 afl'ercbant
1242 763 1294 818 in
1342 763 1546 819 lectulis
1574 770 1627 817 et
1670 759 1906 831 grabatis
1935 773 2072 830 quos

483 866 754 921 habebant
782 863 1058 928 inﬁrmos,
1090 869 1145 916 et
1171 859 1404 929 undique
1444 858 1549 912 illis
1585 853 1888 912 conﬂuebat
1918 853 2074 907 mira-

481 958 684 1022 culum,
729 970 760 1010 a
802 953 1167 1017 credentibus,
1212 966 1242 1004 a
1283 950 1512 1014 sanatis,
1547 947 1614 1002 ab
1657 962 1723 1002 eo
1753 947 1842 1017 qni
1886 943 2074 1014 plexus

483 1050 679 1117 fuerat,
711 1064 740 1102 a
776 1046 967 1102 ﬁducia
995 1060 1152 1116 quam
1181 1058 1307 1113 erga
1340 1043 1460 1096 illos
1492 1040 1793 1104 habebant,
1821 1053 1851 1092 a
1875 1037 2075 1092 virtute

487 1157 708 1208 eorum,
751 1140 840 1210 qui
887 1154 992 1192 non
1036 1147 1322 1204 utcumque
1359 1134 1686 1189 credebant:
1717 1147 1892 1201 neque
1928 1132 2073 1186 enim

485 1233 627 1304 quod
657 1232 844 1295 ﬁebat,
889 1229 1055 1300 signis
1102 1237 1306 1282 tantum
1348 1225 1650 1282 constabat.
1681 1224 1814 1278 Nam
1853 1225 1952 1277 etsi
2001 1221 2076 1275 illi

489 1323 730 1379 modeste
760 1320 1042 1390 loquentes
1071 1327 1236 1372 totum
1266 1317 1367 1386 ipsi
1398 1317 1663 1386 imputcnt
1704 1315 1944 1368 dicentes
1965 1355 1979 1378 ,
2024 1311 2077 1365 in

488 1413 704 1467 nomine
749 1410 949 1465 Christi
993 1424 1054 1464 se
1087 1409 1200 1463 haec
1245 1409 1456 1471 facere;
1510 1405 1605 1460 sed
1637 1406 1741 1459 vita
1773 1417 1985 1473 quoque
2025 1410 2082 1455 et

488 1505 656 1558 virtus
682 1505 920 1557 virorum
962 1500 1064 1556 hoc
1090 1498 1238 1554 fecit.
1273 1497 1552 1568 Perpende
1581 1505 1782 1559 autem,
1811 1493 2079 1565 quomodo

491 1595 578 1650 hic
604 1610 888 1649 numerum
917 1593 1253 1648 credentium
1285 1607 1392 1646 non
1425 1590 1631 1657 afl‘erat,
1664 1589 1892 1644 auditori
1921 1587 2083 1643 relin-

489 1703 660 1758 quens
689 1698 746 1742 ut
776 1687 826 1741 id
848 1701 914 1742 ex
936 1701 997 1742 se
1021 1685 1286 1755 conjectet
1314 1701 1328 1736 :
1359 1685 1437 1737 sic
1462 1682 1529 1738 ad
1563 1683 1878 1736 immensam
1903 1679 2082 1735 multi-

494 1782 732 1838 tudinem
753 1779 884 1836 ﬁdes
905 1779 1309 1836 extendebatur.
1335 1778 1468 1831 llinc
1491 1787 1543 1832 et
1561 1775 1884 1831 resurrectio
1915 1773 2083 1843 magis

492 1871 903 1942 praedicabatur.
929 1869 1095 1924 Nemo
1121 1879 1287 1922 autem
1318 1866 1534 1921 audebat
1557 1882 1610 1921 se
1628 1866 1932 1936 conjungere
1953 1863 2078 1927 illis,

490 1966 580 2021 sed
617 1964 976 2035 magniﬁcabat
1005 1979 1090 2018 eos
1117 1962 1353 2034 populus.
1381 1960 1471 2018 Sic
1499 1963 1604 2026 ait,
1637 1961 1930 2016 ostendens
1961 1958 2084 2013 illos

487 2060 596 2130 jam
622 2075 728 2114 non
758 2057 1090 2128 contemptui
1121 2055 1320 2122 fuisse,
1349 2065 1406 2110 ut
1449 2055 1596 2124 prius
1623 2062 1776 2108 erant
1800 2069 1813 2105 :
1841 2067 1906 2106 ac
1935 2047 2082 2106 breti

491 2159 734 2220 tempore
765 2163 981 2219 unoque
1009 2156 1281 2204 momento
1307 2147 1421 2202 haec
1447 2159 1478 2201 a
1509 2145 1775 2216 piscatore
1797 2151 1852 2199 et
1877 2143 2088 2211 privato

493 2240 715 2298 homine
740 2240 878 2296 facta
902 2240 1088 2296 fuisse.
1607 2255 1626 2286 ι

568 2334 739 2402 Quam
765 2335 896 2388 mira
918 2334 1196 2402 primorum
1217 2330 1623 2388 Christianorum
1647 2329 1769 2383 vita.
1790 2358 1863 2369 —
1885 2326 2084 2384 Caelum

495 2428 678 2497 itaque
699 2427 808 2496 jam
839 2433 958 2481 erat
1001 2434 1141 2480 terra
1169 2440 1233 2479 ex
1263 2424 1477 2478 vivendi
1515 2424 1749 2490 ratione,
1793 2420 2005 2477 dicendi
2033 2421 2088 2475 li-

501 2518 731 2581 bertate,
748 2517 1046 2582 miraculis,
1065 2516 1382 2586 ueterisque
1394 2515 1640 2572 omnibus
1663 2533 1676 2569 :
1696 2529 1758 2570 ac
1774 2515 1918 2570 velut
1935 2527 2092 2584 ange-

495 2610 533 2665 li
552 2608 894 2665 admirationi
921 2617 1093 2676 erant,
1117 2609 1183 2664 ad
1215 2609 1347 2663 nihil
1375 2623 1435 2663 se
1463 2616 1854 2674 convertentes,
1887 2622 1994 2662 non
2021 2605 2087 2662 ad

493 2709 693 2772 risum,
723 2720 828 2760 non
855 2705 922 2760 ad
953 2704 1158 2772 minas,
1207 2720 1312 2760 non
1343 2705 1409 2760 ad
1449 2706 1723 2776 pericula:
1758 2721 1866 2761 non
1906 2722 1969 2762 ea
2000 2720 2090 2761 so-

495 2798 607 2852 lum
644 2798 712 2854 de
743 2812 924 2863 causa,
945 2797 1040 2852 sed
1062 2797 1223 2853 etiam
1257 2797 1399 2868 quod
1438 2799 1724 2853 admodum
1753 2798 1972 2853 humani
2003 2812 2090 2853 es-

495 2899 636 2956 sent,
661 2899 716 2947 et
745 2892 973 2947 sollicite
1002 2901 1283 2956 curarent;
1313 2893 1448 2945 alios
1492 2892 1633 2945 enim
1667 2893 1891 2961 pecunia
1911 2932 1926 2958 ,
1957 2892 2091 2947 alios

492 2984 764 3054 corporali
790 2983 1065 3038 curatione
1091 2982 1372 3052 juvabant.
1401 2981 1504 3035 Cur
1524 2983 1746 3052 implevit
1767 2991 1976 3038 satanas
2004 2998 2092 3036 cor

498 3077 685 3130 tuum?
712 3076 848 3132 Fere
888 3089 1010 3130 sese
1040 3082 1230 3146 purgat
1273 3075 1466 3129 Petrus
1497 3074 1641 3128 illum
1689 3075 1973 3144 puniturus
1993 3115 2008 3138 ,
2039 3082 2095 3128 et

498 3169 634 3224 alios
661 3167 858 3223 erudit.
888 3167 1022 3234 Quia
1061 3167 1205 3220 enim
1251 3165 1486 3219 futurum
1515 3173 1665 3230 erat,
1712 3175 1769 3220 ut
1801 3163 1904 3220 hoc
1938 3163 2095 3221 valde

499 3261 694 3316 durum
717 3267 1022 3329 appareret,
1052 3256 1173 3313 ideo
1203 3257 1254 3310 in
1284 3257 1433 3311 ἰιιιιιιι
1463 3265 1517 3311 et
1542 3257 1591 3310 in
1618 3273 1844 3312 uxorem
1870 3267 2096 3312 tremen-

501 3352 630 3406 dum
661 3349 1182 3420 exercetjudicium.
1211 3347 1267 3404 Si
1287 3357 1474 3403 autem
1501 3350 1707 3414 ambos,
1737 3349 1825 3418 qui
1855 3349 2093 3403 irremis-

503 3443 732 3498 sibiliter
764 3451 1135 3509 peccaverant,
1164 3455 1270 3495 non
1299 3439 1390 3494 tali
1415 3440 1685 3496 affecisset
1713 3455 1892 3510 pmna,
1927 3455 2097 3511 quan-

501 3543 589 3588 tus
606 3533 728 3587 hinc
747 3533 836 3587 Dei
858 3540 1198 3602 contemptus
1217 3531 1425 3586 futurus
1444 3531 1757 3600 erat?Quod
1777 3541 1953 3588 autem
1977 3533 2096 3590 ideo

502 3626 582 3678 sic
604 3622 801 3678 factum
823 3623 914 3688 sit,
943 3622 1111 3692 liquet
1135 3637 1201 3678 ex
1228 3637 1316 3689 eo,
1347 3621 1488 3692 quod
1519 3637 1626 3677 non
1651 3623 1832 3678 statim
1856 3623 1922 3679 ad
1951 3624 2097 3679 ultio-

504 3734 626 3773 nem
660 3719 895 3781 venerit,
944 3716 1039 3773 sed
1088 3717 1263 3785 primo
1308 3724 1587 3787 peccatum
1633 3717 1901 3772 ostendat.
1946 3711 2097 3774 Unde

505 3824 666 3864 nemo
698 3809 988 3878 ingemuit,
1023 3822 1182 3863 nemo
1209 3809 1462 3876 ejulavit;
1497 3808 1590 3863 sed
1619 3823 1808 3865 omnes
1854 3800 2098 3867 exterriti

507 3907 652 3955 sunt.
681 3899 809 3954 Jnre
836 3909 1036 3965 autem,
1059 3898 1180 3968 quia
1211 3897 1344 3954 ﬁdes
1369 3899 1578 3954 illorum
1603 3901 1919 3970 augebatur,
1947 3901 2097 3972 signa

508 3991 662 4062 plura
699 3989 1019 4054 edebantur,
1057 3997 1112 4044 et
1158 3989 1347 4060 ingens
1387 3989 1528 4060 apud
1573 4007 1699 4046 suos
1741 4002 1916 4047 metus
1959 4003 2096 4060 erat,

509 4084 634 4154 quia
663 4097 768 4136 non
801 4082 878 4135 sic
923 4088 1147 4136 externa
1179 4096 1274 4136 nos
1323 4081 1541 4136 turbant
1567 4091 1627 4136 ut
1673 4082 1985 4139 domestica.
2041 4085 2097 4140 Si

515 4192 647 4248 ergo
675 4177 843 4230 simus
870 4183 1055 4230 mutuo
1079 4173 1354 4245 conjuncti
1378 4216 1393 4242 ,
1424 4191 1586 4231 nemo
1609 4176 1767 4232 nobis
1792 4177 1992 4233 bellum
2021 4179 2101 4233 in-

515 4274 684 4339 feret;
717 4275 800 4328 sin
832 4281 1018 4328 contra
1049 4269 1407 4327 dissideamus
1427 4314 1442 4334 ,
1481 4287 1669 4328 omnes
1696 4287 1796 4327 nos
1825 4273 2097 4328 invadent.

512 4366 650 4422 Hinc
677 4366 748 4418 illi
777 4380 898 4418 cum
927 4363 1115 4418 ﬁducia
1139 4372 1194 4418 et
1216 4363 1464 4418 libertate
1501 4364 1552 4416 in
1582 4363 1754 4418 forum
1777 4405 1790 4429 ,
1832 4374 1887 4420 et
1915 4364 1967 4418 in
1997 4379 2102 4420 me-

509 4457 660 4511 dium
690 4457 1028 4509 inimicorum
1049 4469 1108 4508 se
1135 4453 1483 4509 conferebant
1509 4463 1562 4508 et
1584 4455 1978 4524 prmvalebant;
2012 4457 2104 4511 im-

513 4549 865 4620 plebaturque
893 4546 1091 4601 dictum
1123 4546 1252 4600 illud
1282 4565 1296 4600 :
1333 4545 1605 4601 Dominare
1639 4548 1692 4603 in
1726 4549 1891 4602 medio
1926 4549 2102 4603 inimi-

512 4657 692 4696 corum
720 4651 919 4694 tuorum
941 4637 1118 4710 (Psal.
1146 4639 1266 4695 109.
1284 4637 1363 4713 2).
1389 4640 1500 4694 Hoc
1523 4641 1739 4712 majoris
1760 4651 1874 4696 erat
1894 4642 2105 4698 virtutis

514 4732 792 4796 indicium,
824 4731 965 4802 quod
992 4730 1216 4796 detenti,
1243 4733 1429 4799 vincti,
1463 4733 1584 4788 talia
1618 4733 1868 4789 facerent.
1893 4736 1947 4791 Si
1975 4751 2104 4806 ergo

517 4825 588 4891 ii,
629 4826 720 4896 qui
755 4826 964 4882 mentiti
1008 4826 1244 4891 fuerant,
1291 4827 1415 4882 talia
1467 4829 1606 4897 passi
1636 4838 1794 4896 sunt,
1825 4829 1951 4899 quid
1997 4846 2102 4885 non

519 4918 790 4988 patientur
832 4920 901 4984 ii,
949 4919 1039 4989 qui
1079 4919 1371 4990 pejerant?
1424 4920 1535 4975 lmo
1585 4925 1629 4977 si
1678 4923 1908 4988 mulier,
1961 4922 2105 4994 quod

519 5009 734 5074 dixerit,
766 5008 939 5062 Etiam
965 5011 1126 5078 tanti,
1158 5011 1421 5080 ejusmodi
1453 5026 1637 5082 poenas
1663 5013 1828 5080 dedit,
1859 5030 1959 5069 nec
1981 5014 2107 5070 ellu-

516 5104 596 5173 git
619 5120 631 5156 :
659 5101 890 5170 cogitate
911 5116 1015 5172 quo
1036 5102 1154 5158 sitis
1168 5119 1264 5158 vos
1278 5105 1539 5174 supplicio
1555 5104 1717 5176 digni,
1741 5106 1828 5176 qui
1843 5106 2032 5177 juratis
2052 5117 2107 5164 et

519 5194 770 5265 pejeratis
787 5194 809 5244 τ
824 5193 867 5248 Ε
885 5208 943 5249 re
963 5193 1123 5250 fuerit
1135 5193 1293 5250 hodie
1313 5211 1380 5250 ex
1397 5196 1562 5251 veteri
1577 5197 1693 5268 lege
1708 5198 2107 5269 perjnriigravi-

521 5295 681 5342 tatem
700 5284 1004 5340 ostendere.
1024 5283 1554 5358 Falx,inquit,volans
1569 5300 1697 5355 erat,
1717 5292 1820 5345 tata
1836 5293 2003 5345 decem
2019 5309 2110 5346 cu-

519 5377 790 5450 ὸὶιὶι(Ζαε.
806 5378 859 5431 5.
876 5377 1184 5449 2).\’olatus
1199 5381 1539 5435 celerrimum
1553 5383 2106 5452 supplieiijuramenta

521 5469 788 5537 sequentis
815 5468 1103 5524 adventum
1130 5471 1419 5540 signiﬁcat;
1443 5472 1584 5542 quod
1606 5484 1782 5527 autem
1802 5474 1988 5529 decem
2015 5491 2109 5529 cu-

524 5561 751 5614 bitorum
799 5561 866 5616 sit
896 5562 1178 5618 latitudine
1217 5572 1273 5617 et
1318 5564 1678 5634 longitudine,
1712 5565 2104 5622 vehementiam

522 5660 576 5701 et
605 5651 1020 5716 magnitudinem
1053 5655 1312 5710 malorum
1351 5657 1583 5723 indicat;
1636 5658 1778 5727 quod
1817 5666 1995 5712 autem
2041 5673 2104 5713 ex

523 5737 656 5790 caelo
683 5738 844 5805 volet,
872 5746 1082 5815 signum
1101 5755 1183 5800 est
1207 5750 1524 5803 sententiam
1553 5764 1616 5804 ex
1639 5749 1838 5804 czelesti
1858 5747 2105 5804 tribunali

523 5824 688 5893 ferri;
717 5831 859 5900 quod
898 5837 950 5892 in
981 5837 1199 5894 modum
1229 5837 1407 5913 falcis,
1443 5841 1752 5900 inevitabile
1780 5843 2096 5914 supplicium

1208 371 1262 429 S.
1303 368 1579 428 JOANNIS
1617 363 2088 425 CIIRYSOSTOMI
2129 362 2445 418 ARCHIEP.
2483 359 3018 418 CONSTANTINUP.

3694 369 3789 427 101

2180 481 2433 536 ostendit.
2460 481 2609 538 Sicut
2634 481 2776 536 enim
2801 481 2910 536 falx
2937 481 2991 537 in
3027 481 3222 538 collum
3254 483 3535 550 immissa,
3572 500 3684 542 non
3707 504 3790 545 re-

2181 573 2435 642 trahitur,
2466 575 2563 630 sed
2591 583 2774 630 manet
2795 575 2955 630 etiam
2981 575 3216 632 abscissa
3240 579 3470 633 cervice
3495 595 3510 633 :
3545 578 3626 634 sic
3649 591 3705 636 et
3728 585 3796 637 ul-

2182 666 2258 720 tio
2282 667 2524 736 jurantes
2549 667 2836 733 invadens,
2866 667 3122 723 terribilis
3146 678 3250 735 est,
3279 685 3391 725 nec
3421 669 3635 726 desinit
3653 713 3670 739 ,
3699 675 3795 728 nisi

2183 760 2333 828 prius
2359 758 2502 829 quod
2528 773 2683 813 suum
2706 766 2824 814 erat
2849 759 3152 828 perfecerit.
3185 760 3344 829 Quod
3373 761 3423 816 si
3451 762 3702 832 jurantes
3727 764 3790 819 ef-

2181 849 2472 920 fugerimus
2492 891 2507 916 ,
2541 867 2608 905 ne
2637 851 3006 918 conﬁdamus;
3050 867 3172 907 nam
3203 853 3257 907 in
3301 853 3522 909 malum
3553 863 3794 911 nostrum

2181 941 2284 997 hoe
2313 944 2560 998 vertitur.
2589 943 2729 1012 Quid
2753 946 2895 999 enim
2918 945 3154 1016 putatis?
3177 953 3310 1016 quot
3338 955 3475 1002 sunt
3495 949 3590 1018 qui
3613 948 3796 1005 eadem

2181 1049 2302 1104 qua:
2327 1035 2561 1089 Ananias
2584 1045 2639 1091 et
2660 1035 2923 1106 Sapphira
2952 1045 3075 1090 sunt
3107 1037 3260 1105 ausi,
3289 1052 3402 1094 nec
3432 1038 3630 1094 eadem
3661 1042 3795 1110 passi

2182 1124 2343 1178 sunt?
2365 1124 2433 1179 Et
2451 1127 2744 1196 quomodo,
2765 1127 2997 1197 inquies,
3021 1128 3164 1197 passi
3187 1143 3298 1184 non
3324 1130 3500 1186 sunt?
3523 1129 3644 1186 Νοιι
3659 1133 3792 1200 quod

2184 1213 2296 1269 hoc'
2314 1216 2417 1271 illis
2443 1216 2806 1272 condonatum
2832 1219 2938 1285 sit,
2970 1219 3065 1274 sed
3092 1219 3235 1290 quod
3265 1221 3478 1292 majori
3508 1237 3791 1278 reserven-

2185 1317 2269 1363 tur
2297 1309 2580 1378 supplicio.

2257 1401 2310 1455 4.
2347 1402 2447 1466 Qui
2471 1403 2761 1472 frequenter
2785 1415 3012 1476 peccant,
3034 1408 3242 1462 timeant
3272 1418 3590 1478 oportet.—
3615 1411 3786 1484 itaqu

2187 1491 2275 1562 qui
2306 1491 2612 1563 frequenter
2636 1505 2881 1564 peccant,
2912 1498 3084 1568 magis
3109 1498 3338 1554 timeant
3359 1511 3608 1572 oportet,
3632 1505 3675 1558 si
3695 1521 3786 1560 non

2185 1583 2494 1653 puniantur,
2527 1602 2685 1656 quam
2725 1589 2770 1642 si
2819 1589 3105 1658 puniantur
3132 1605 3147 1644 :
3174 1605 3301 1645 nam
3348 1606 3421 1647 ex
3461 1591 3721 1650 dilatione
3742 1606 3788 1651 et

2183 1689 2252 1729 ex
2283 1675 2535 1744 patientia
2565 1677 2656 1732 Dei
2687 1694 2874 1734 eorum
2916 1689 3140 1751 augetur
3186 1683 3546 1752 supplicium.
3590 1685 3666 1740 Ne
3691 1687 3781 1740 huc

2187 1766 2364 1836 itaque
2406 1777 2709 1836 spectemus
2735 1771 2780 1824 si
2811 1785 2918 1826 non
2963 1773 3268 1842 puniamur,
3313 1774 3416 1829 sed
3447 1777 3496 1830 si
3528 1793 3634 1830 non
3679 1793 3788 1847 pee-

2186 1873 2368 1915 cemus
2392 1877 2407 1913 :
2434 1860 2630 1916 sivero
2681 1874 2963 1932 peccantes
2991 1881 3096 1920 non
3139 1867 3456 1936 puniamur,
3489 1872 3661 1940 magis
3685 1881 3784 1925 tre-

2187 1950 2440 2006 mendum
2469 1953 2624 2008 nobis
2643 1963 2744 2009 est.
2778 1955 2873 2011 Dic
2901 1956 3030 2010 mihi
3049 1998 3067 2023 ,
3099 1956 3146 2012 si
3172 1973 3397 2013 servum
3435 1961 3683 2026 haberes,
3709 1963 3783 2017 cui

2187 2042 2360 2097 minas
2416 2044 2708 2102 intentares
2753 2056 2998 2114 tantum,
3057 2065 3158 2104 nec
3225 2051 3558 2108 verberares
3607 2054 3778 2118 illum;

2187 2133 2402 2202 quando
2447 2135 2620 2205 magis
2657 2137 2904 2194 timebit?
2928 2139 3145 2210 quando
3184 2141 3358 2212 fugiet
3404 2156 3463 2198 et
3506 2143 3784 2200 abscedet?

2190 2238 2369 2281 nonne
2397 2242 2517 2282 cum
2544 2229 2716 2284 minas
2759 2238 2960 2286 tantum
2988 2231 3324 2289 intentabis?
3372 2235 3532 2292 Unde
3564 2253 3658 2293 nos
3679 2255 3780 2292 tnu-

2193 2325 2284 2370 tuo
2326 2332 2623 2386 monemus,
2669 2335 2738 2376 ne
2774 2321 3106 2394 frequentius
3155 2327 3586 2396 comminemur,
3631 2341 3687 2384 ut
3724 2346 3786 2385 ne

2191 2409 2268 2464 sic
2316 2410 2506 2467 timore
2554 2413 2792 2468 animum
2833 2415 3240 2484 concutiamus,
3291 2434 3435 2476 nere
3502 2421 3582 2477 sic
3627 2424 3780 2493 magis

2193 2501 2454 2557 laniemus
2476 2519 2596 2559 eum
2618 2545 2632 2572 ,
2663 2521 2825 2575 quam
2859 2507 3050 2578 plagis.
3073 2509 3332 2580 Alioquin
3365 2527 3498 2568 vero
3528 2515 3636 2568 illic
3662 2525 3780 2570 tem-

2194 2609 2423 2664 poranea
2453 2595 2606 2667 plaga
2634 2606 2736 2664 est,
2765 2597 2850 2654 hic
2879 2610 3154 2672 perpetua.
3185 2601 3265 2658 Ne
3297 2603 3486 2676 itaque
3517 2608 3774 2678 respicias,

2193 2703 2260 2741 an
2295 2703 2437 2744 nunc
2453 2689 2718 2760 quispiam
2742 2691 2885 2746 illam
2911 2692 3103 2750 falcem
3125 2697 3467 2766 experiatur,
3488 2699 3585 2754 sed
3601 2701 3774 2770 cogita,

2195 2794 2322 2834 num
2367 2779 2492 2834 talia
2518 2779 2708 2848 faciat;
2741 2785 2994 2852 quoniam
3027 2788 3193 2842 multa
3231 2804 3382 2844 nunc
3410 2791 3565 2858 ﬁunt,
3593 2806 3705 2862 qua:
3731 2791 3776 2844 in

2195 2872 2396 2928 diluvio
2417 2916 2432 2940 ,
2460 2881 2517 2929 et
2545 2885 2722 2931 tamen
2751 2876 3008 2932 diluvium
3052 2895 3159 2935 non
3188 2883 3394 2939 accidit
3427 2901 3439 2931 τ
3472 2884 3706 2956 gehenna
3731 2894 3778 2940 et

2194 2965 2512 3035 supplicium
2555 2968 2931 3025 comminando
2957 2972 3135 3028 solum
3165 2975 3492 3034 intentatur.
3523 2978 3670 3034 Multi
3692 2994 3772 3034 ea-

2195 3057 2317 3115 dem
2358 3058 2642 3115 admittunt
2671 3071 2887 3130 peccata
2921 3078 3040 3132 qua
3067 3063 3392 3137 Sodomita,
3419 3081 3475 3126 et
3500 3069 3634 3140 ignis
3673 3071 3777 3139 plu-

2195 3154 2280 3206 via
2323 3168 2430 3208 non
2476 3152 2622 3209 cadit
2657 3172 2672 3210 :
2714 3154 2902 3226 igneus
2944 3155 3143 3228 quippe
3181 3155 3385 3218 fluvius
3431 3171 3644 3234 paratus
3682 3172 3772 3216 est.

2196 3242 2346 3299 Multi
2374 3245 2562 3302 eadem
2587 3262 2708 3318 qua:
2731 3248 2940 3306 Pharao
2981 3260 3106 3306 sunt
3132 3251 3283 3320 ausi;
3321 3256 3419 3310 sed
3452 3271 3558 3312 non
3603 3255 3775 3311 eadem

2196 3338 2340 3408 passi
2365 3347 2490 3394 sunt
2512 3355 2633 3412 qua:
2653 3341 2882 3408 Pharao,
2925 3357 3098 3414 neque
3137 3344 3415 3403 submersi
3438 3357 3561 3404 sunt
3581 3349 3630 3403 in
3649 3361 3776 3404 mare

2198 3430 2440 3487 Rubrum
2467 3451 2480 3488 :
2499 3443 2777 3506 exspectat
2795 3437 2937 3491 enim
2955 3437 3075 3493 illos
3098 3439 3328 3510 pelagus
3348 3441 3551 3513 abyssi,
3573 3441 3658 3497 ubi
3686 3454 3778 3494 non

2198 3522 2400 3595 absque
2427 3537 2588 3582 sensu
2617 3541 2794 3597 pinna,
2812 3543 2912 3586 uec
2939 3529 3194 3587 suffocari
3227 3531 3396 3599 licet;
3421 3533 3519 3589 sed
3547 3531 3779 3588 diuturno

2198 3619 2460 3686 cruciatu,
2503 3623 2831 3691 sartaginum
2875 3621 3068 3680 ardore
3093 3632 3150 3678 et
3189 3626 3618 3698 strangulatione
3658 3639 3774 3679 con-

2199 3711 2358 3766 sumi.
2390 3711 2541 3767 Multi
2585 3713 2774 3770 eadem
2806 3729 2926 3785 qua:
2960 3712 3220 3771 lsraelitae
3242 3727 3372 3773 sunt
3393 3717 3542 3784 ausi;
3568 3714 3655 3772 sed
3683 3728 3772 3768 non

2199 3801 2525 3858 devorarunt
2568 3803 2692 3860 illos
2718 3816 2996 3876 serpentes
3029 3822 3044 3859 :
3076 3816 3260 3862 manet
3282 3809 3431 3864 enim
3459 3807 3578 3863 illos
3602 3803 3773 3860 vermis

2201 3893 2292 3949 ille
2333 3895 2676 3951 immortalis.
2725 3895 2877 3952 Multi
2905 3912 2968 3953 ea
2993 3914 3113 3968 qua:
3159 3899 3311 3956 Giezi
3352 3899 3471 3956 ausi
3515 3907 3652 3964 sunt,
3687 3908 3771 3949 nec

2200 3997 2325 4042 sunt
2369 3989 2517 4058 lepra
2563 3989 2802 4058 percussi
2841 3999 3064 4045 :manet
3105 3991 3250 4047 enim
3299 3993 3424 4048 illos
3471 4006 3567 4062 pro
3603 3990 3768 4056 lepra.

2201 4081 2344 4152 quod
2390 4082 2724 4139 dissecentur
2748 4095 2797 4140 et
2829 4095 3092 4156 ponantur
3134 4101 3259 4142 cum
3293 4087 3607 4158 hypocritis.
3642 4080 3768 4138 Multi

2203 4174 2363 4229 etiam
2402 4174 2741 4245 juraruntac
2767 4177 3114 4248 pcjerarunt;
3159 4180 3205 4234 si
3248 4190 3432 4236 autem
3471 4179 3768 4248 effugerunt.

2204 4283 2274 4323 ne
2317 4267 2690 4324 conﬁdamus:
2720 4281 2904 4325 rnanet
2945 4271 3086 4326 enim
3127 4271 3250 4328 illos
3291 4269 3495 4328 stridor
3533 4269 3768 4325 dentium.

2205 4359 2272 4414 Et
2299 4361 2539 4416 fortassis
2583 4361 2746 4418 etiam
2789 4362 2877 4420 hic
2923 4364 3210 4433 patientur,
3253 4375 3312 4422 et
3356 4381 3464 4421 non
3512 4363 3766 4433 ellugient,

2203 4454 2413 4508 etiamsi
2459 4469 2564 4508 non
2591 4470 2623 4510 e
2659 4455 2904 4526 vestigio,
2933 4455 3031 4512 sed
3053 4457 3105 4511 in
3138 4450 3260 4512 aliis
3305 4457 3557 4528 peccatis,
3589 4464 3643 4508 ut
3665 4464 3771 4522 gra-

2203 4545 2324 4600 vior
2348 4545 2418 4600 sit
2456 4561 2612 4616 poena
2643 4565 2656 4601 :
2685 4547 2808 4618 quia
2834 4555 2889 4602 et
2910 4563 3008 4603 nos
3035 4563 3178 4619 saepe
3221 4559 3434 4620 sumpta
3455 4545 3723 4602 occasione
3745 4554 3771 4591 a

2206 4639 2522 4706 minoribus,
2547 4641 2706 4696 etiam
2739 4655 2837 4710 pro
2883 4642 3093 4712 magnis
3123 4651 3293 4697 totum
3321 4653 3656 4699 evacuamus.
3686 4635 3773 4689 ita-

2206 4750 2309 4804 que
2337 4734 2382 4790 si
2425 4733 2640 4804 quando
2676 4734 2875 4790 videris
2914 4735 3008 4790 tibi
3050 4736 3249 4806 aliquid
3293 4737 3559 4802 accidere,
3587 4743 3772 4788 memor

2207 4835 2324 4880 esto
2346 4826 2487 4882 illius
2517 4827 2721 4898 peccati
2754 4829 2848 4883 tui.
2883 4827 2996 4884 lloc
3019 4830 3182 4885 etiam
3209 4831 3262 4886 in
3291 4831 3420 4886 filiis
3449 4826 3612 4884 Jacob
3638 4821 3768 4877 acci-

2207 4919 2306 4974 dit.
2326 4919 2642 4975 Meministis
2663 4920 2885 4975 fratrum
2910 4919 3130 4992 Josephi
3151 4939 3164 4975 :
3187 4922 3534 4978 vendiderant
3550 4919 3766 4974 fratrem,

2207 5010 2454 5066 occidere
2484 5019 2834 5079 tentaverant,
2857 5011 2965 5066 imo
2993 5021 3244 5082 quantum
3273 5014 3327 5068 in
3356 5013 3482 5082 ipsis
3509 5015 3619 5063 erat
3641 5001 3768 5060 occi-

2209 5102 2437 5170 derant;
2479 5102 2801 5173 dcceperant
2843 5119 3025 5159 senem
3055 5147 3071 5173 ,
3121 5109 3606 5166 contristaverant;
3652 5091 3767 5151 nihil

2209 5199 2354 5268 passi
2383 5206 2538 5252 erant
2565 5197 2712 5251 mali.
2746 5197 2929 5268 Itaque
2960 5207 3081 5268 post
3101 5199 3297 5254 multos
3320 5211 3491 5254 annos
3519 5194 3585 5250 de
3604 5200 3767 5246 extre-

2211 5291 2313 5346 mis
2349 5291 2632 5360 periclitati
2677 5299 2821 5358 sunt,
2849 5300 2905 5346 et
2932 5293 3133 5361 peccati
3167 5291 3327 5362 hujus
3354 5301 3480 5346 tunc
3508 5282 3767 5343 recordan-

2213 5392 2320 5438 tur.
2370 5382 2522 5450 Quod
2550 5393 2727 5438 autem
2757 5400 2862 5439 non
2891 5384 3199 5453 conjectura
3227 5387 3297 5440 sit
3321 5381 3460 5454 quod
3482 5381 3596 5434 dico
3626 5369 3765 5430 :audi

2212 5475 2336 5530 illos
2375 5475 2652 5530 dicentes:
2683 5475 2946 5542 Etiam;in
2970 5488 3171 5547 peccato
3208 5479 3338 5533 enim
3381 5489 3549 5530 sumus
3585 5470 3634 5522 ἱη
3675 5464 3767 5533 [ω’

2213 5577 2338 5621 trem
2383 5577 2608 5621 nostrum
2629 5566 2783 5637 (Gen.
2811 5568 2900 5623 42.
2927 5568 3042 5639 21).
3071 5569 3160 5624 Sic
3186 5579 3240 5625 et
3270 5579 3346 5637 tu,
3373 5581 3490 5622 cum
3518 5561 3604 5616 tibi
3631 5551 3766 5628 quid-

2214 5662 2354 5731 piam
2381 5661 2679 5731 contigerit,
2711 5661 2797 5716 dic
2826 5678 2840 5718 :
2875 5660 3070 5728 Etiam,
3105 5662 3156 5717 in
3186 5669 3404 5732 peccato
3423 5669 3620 5715 sumus.
3656 5643 3762 5716 (Ιηίθ

2214 5752 2484 5808 Christum
2515 5767 2622 5808 non
2647 5751 2969 5819 audivimus,
2993 5753 3118 5824 quia
3140 5752 3466 5824 juravimus:
3487 5743 3761 5816 iurantema

2218 5842 2514 5916 frequentia
2541 5855 2594 5905 et
2616 5845 2847 5918 pcrjuria
2875 5847 2930 5904 in
2959 5854 3119 5918 caput
3143 5861 3322 5905 meum
3345 5839 3644 5901 inciderunt.
3665 5828 3754 5885 Ita-
