3946 6472
240 447 312 504 105
1192 435 1258 491 1N
1299 433 1478 488 ACTA
1523 426 2055 486 APOSTOLORUM.
2099 423 2333 480 liOMlL.
2376 426 2516 480 Xlli.

247 578 321 632 quc
342 557 626 614 confitere
662 577 676 611 :
717 572 848 614 nam
875 563 925 609 et
950 552 1021 607 illi
1049 549 1279 606 confessi
1311 546 1542 600 salutem
1568 541 1843 596 consecuti

250 663 358 710 sunt.
383 651 535 719 Quid
587 651 754 705 enim
786 649 828 702 si
862 661 961 701 non
991 651 1207 712 repente
1235 639 1365 693 ultio
1386 634 1625 691 invadit?
1672 647 1844 704 quan-

257 747 508 819 doquidem
562 744 773 800 Achab
805 751 1016 812 prapter
1056 735 1314 792 Nabuthae
1358 747 1469 788 non
1514 729 1694 784 statim
1725 736 1848 796 post

267 855 500 914 penatum
537 839 745 909 plexus
766 836 869 890 fuit
889 829 1202 904 (5.1teg‘Bl.
1223 828 1335 898 l9).
1369 826 1477 879 (Zur
1501 837 1632 878 vero
1655 822 1846 914 sicres

272 913 440 1006 igitur?
471 933 582 986 Dat
611 931 716 985 tibi
745 931 888 984 Deus
917 925 1278 996 prtescriptum
1306 928 1540 989 tempus,
1577 926 1635 970 ut
1665 913 1848 967 ablua-

267 1034 347 1094 ris;
369 1032 409 1083 si
439 1038 800 1098 perseveres,
846 1034 1056 1092 poenam
1084 1018 1302 1073 demum
1335 1011 1561 1066 inducit.
1605 1006 1846 1070 Vidistis,

262 1121 359 1193 quid
381 1119 531 1190 passi
565 1119 684 1173 sint
711 1114 1038 1172 mendaces?
1063 1110 1327 1179 Cogitate,
1351 1103 1478 1176 quid
1501 1101 1717 1193 passuri
1737 1098 1849 1151 sint

258 1191 466 1285 periuri;
512 1209 782 1283 cogitate,
811 1215 870 1264 et
902 1203 1164 1262 desistite.
1205 1200 1321 1256 Non
1367 1203 1544 1268 potest
1571 1192 1659 1262 qui
1701 1191 1848 1259 jurat

3459 429 3558 490 106

1961 553 2070 593 non
2089 537 2496 606 pejorare,vclit
2520 538 2654 593 nolit
2685 556 2694 567 ·
2730 553 2832 595 non
2862 544 3046 610 potest
3068 544 3314 614 pcrjurns
3329 546 3556 604 salutem

1955 630 2234 699 consequi.
2281 629 2494 684 Sufficit
2540 647 2705 686 unum
2755 635 3071 703 perjurium,
3106 649 3163 690 ut
3197 650 3360 694 totum
3394 644 3558 710 perii.

1955 720 2083 787 ciat,
2117 729 2172 774 et
2201 729 2368 774 totum
2400 723 2555 777 nobis
2585 724 2902 794 supplicium
2964 727 3199 782 inducat.
3245 731 3371 787 [deo
3401 736 3556 790 nobis

1959 812 2110 883 ipsis,
2157 829 2359 884 quaeso,
2393 816 2771 885 attendamus;
2817 828 2873 873 ut
2902 837 3114 890 pmnam
3147 824 3304 892 hujus
3350 829 3555 897 peccati

1956 903 2270 975 effugientes
2311 907 2674 964 misericordia
2707 912 2802 966 Dei
2837 913 3142 983 dignemur,
3173 920 3340 987 gratia
3365 931 3421 975 et
3452 923 3553 975 mi-

1958 999 2318 1054 serationibus
2347 1002 2602 1072 unigeniti
2629 1005 2747 1073 ejus
2779 1004 2918 1071 Filii,
2943 1009 3154 1076 quicum
3187 1012 3328 1066 Patri
3361 1023 3415 1068 ct
3440 1015 3559 1083 Spi-

1960 1092 2086 1145 ritui
2131 1103 2316 1146 saneto
2366 1093 2555 1163 gloria,
2585 1095 2890 1165 imperium,
2923 1098 3116 1164 honor,
3153 1117 3296 1157 nunc
3319 1114 3374 1158 ct
3403 1119 3546 1158 sem-

1965 1198 2079 1252 per,
2115 1185 2244 1238 etin
2272 1185 2468 1240 saacula
2493 1188 2836 1244 saeculorum.
2878 1195 3069 1246 Amen.

257 1321 3515 1362 NW

1536 1394 1889 1464 HOMILIA
1929 1393 2106 1456 XIII.

261 1573 389 1628 Car.
415 1571 474 1626 5.
499 1587 553 1624 v.
587 1568 680 1623 17.
711 1564 1004 1635 Exsurgens
1034 1569 1202 1613 autem
1222 1558 1456 1629 princeps
1499 1546 1851 1606 sacerdotum,

337 1675 384 1717 et
412 1679 574 1717 omnes
597 1659 688 1728 qui
713 1674 828 1712 cum
849 1656 938 1709 illo
968 1661 1132 1716 erant,
1166 1665 1280 1722 quae
1310 1658 1382 1702 cst
1412 1642 1618 1700 liceresis
1645 1638 1857 1695 Saddu—

345 1772 545 1810 reorum
567 1795 583 1817 ,
612 1751 794 1824 repleti
820 1756 937 1803 sunt
963 1746 1093 1810 zelo,
1125 1743 1212 1798 18.
1264 1750 1312 1794 et
1352 1740 1635 1809 injecerunt
1677 1745 1860 1785 manus

331 1850 382 1902 in
400 1846 682 1917 apostolos,
705 1851 750 1898 et
770 1848 1042 1914 posuerunt
1061 1853 1146 1891 eos
1172 1836 1226 1889 in
1254 1831 1484 1887 custodia
1506 1825 1732 1917 publica.

325 1941 376 1994 1.
401 1916 549 1994 Nihil
576 1934 938 2007 impudentius
962 1929 1323 1998 audaciusque
1363 1922 1586 1977 malitia.
1637 1916 1855 1972 Illorum

253 2031 456 2103 esperti
491 2026 863 2084 fortitudinem
894 2039 961 2080 ex
988 2023 1083 2085 iis,
1129 2034 1249 2091 quae
1293 2017 1444 2088 prius
1493 2015 1854 2069 attentarant,

251 2134 493 2178 attamen
536 2121 720 2176 denuo
769 2115 1150 2188 aggrediuntur
1201 2118 1257 2165 et
1306 2110 1500 2162 iterum
1549 2104 1853 2166 insurgunt.

251 2218 385 2286 Quid
410 2217 525 2271 sibi
556 2215 673 2270 vult
690 2211 819 2268 illud
844 2253 860 2278 ,
893 2209 1189 2278 Exsurgens
1220 2205 1459 2274 princeps
1499 2197 1856 2286 sacerdotum,

254 2285 296 2365 et
319 2326 506 2365 oinnes
533 2308 627 2373 qui
644 2323 751 2360 cum
773 2305 865 2360 illo
889 2300 1070 2359 erant?
1096 2297 1373 2354 Excitatus
1400 2303 1500 2356 est,
1537 2289 1741 2360 inquit,
1795 2285 1859 2338 iis

253 2421 366 2475 qur
394 2401 718 2458 acciderant
760 2402 1082 2454 commotus.
1128 2391 1200 2446 Et
1245 2391 1526 2461 injecerunt
1571 2397 1756 2475 manus
1804 2379 1858 2432 in

261 2474 528 2568 apostolos
552 2536 572 2563 ,
604 2504 651 2548 et
677 2499 951 2565 posuerunt
979 2505 1063 2543 eos
1087 2487 1142 2542 in
1167 2484 1394 2539 custodia
1443 2479 1663 2549 publica.
1708 2474 1861 2529 Nunc

259 2591 639 2647 vehementius
661 2587 782 2641 illos
809 2586 1159 2640 insectantur.
1193 2578 1304 2633 Nec
1329 2575 1509 2630 statim
1539 2573 1607 2626 de
1632 2569 1737 2624 illis
1773 2568 1863 2636 ju-

267 2683 467 2746 dicant,
488 2687 777 2752 sperantes
793 2677 910 2733 illos
937 2671 1323 2730 mansuetiores
1348 2667 1482 2722 fore.
1507 2665 1574 2720 Et
1593 2663 1858 2717 undenam

279 2779 445 2846 liquet
468 2775 578 2828 illos
599 2770 970 2828 vehementius
997 2768 1286 2822 insectatos
1308 2762 1472 2819 esse?
1498 2760 1573 2814 Ex
1600 2773 1689 2821 eo,
1716 2755 1858 2826 quod

275 2867 538 2938 [uisuerint
586 2866 714 2920 illos
740 2864 793 2918 in
820 2861 1061 2918 custodia
1088 2858 1323 2932 publica.
1367 2855 1575 2910 Rursus
1620 2850 1862 2906 incidunt

266 2963 318 3016 in
347 2960 581 3032 pericula
611 3001 626 3026 ,
657 2967 715 3014 et
741 2972 932 3013 rursus
963 2955 1057 3010 Dei
1103 2952 1328 3024 gratiam
1377 2948 1760 3022 experiuntur;
1807 2954 1862 2998 et

257 3053 526 3124 quomodo
551 3094 567 3117 ,
623 3049 749 3106 audi
798 3047 1118 3119 sequentia:
1160 3044 1246 3100 19.
1291 3042 1512 3113 Angelus
1551 3049 1716 3094 autem
1753 3034 1856 3090 Do-

263 3149 379 3202 mini
403 3165 499 3217 per
527 3155 732 3200 noctem
775 3142 978 3213 aperuit
1012 3141 1207 3211 januas
1243 3135 1460 3190 carceris
1485 3176 1498 3199 ,
1547 3141 1593 3185 et
1643 3130 1863 3183 educens

262 3257 356 3305 eos,
383 3239 519 3293 dixit
543 3255 564 3292 :
600 3236 692 3291 20.
722 3232 824 3301 Ite,
856 3244 904 3288 et
924 3241 1115 3287 stantes
1141 3229 1408 3300 loquimini
1430 3228 1480 3280 in
1513 3225 1701 3293 templo
1727 3221 1862 3294 plebi

255 3333 422 3386 omnia
449 3329 612 3385 verba
631 3330 746 3384 vita:
770 3326 943 3398 hujus.
973 3325 1086 3380 Hoc
1115 3331 1169 3380 ct
1195 3323 1249 3378 in
1279 3322 1492 3376 illorum
1535 3316 1864 3373 consolatio—

253 3440 396 3490 nem,
426 3431 483 3479 et
511 3423 569 3476 in
603 3420 791 3476 horum
820 3419 1100 3473 utilitatem
1128 3431 1190 3471 ac
1210 3414 1510 3469 doctrinam
1537 3409 1734 3466 factum
1758 3417 1859 3462 est.

250 3517 316 3572 Et
347 3517 476 3572 vide
505 3559 520 3582 ,
550 3513 698 3586 quod
730 3513 780 3568 in
806 3511 1022 3568 Christo
1043 3552 1058 3577 ,
1090 3510 1142 3565 id
1172 3509 1332 3565 etiam
1363 3521 1508 3562 nunc
1535 3503 1734 3560 evenit.
1757 3503 1863 3556 Pa-

247 3620 383 3664 trata
413 3609 567 3664 enim
599 3606 856 3661 miracula
883 3621 986 3660 non
1011 3603 1139 3658 sinit
1167 3616 1261 3657 eos
1287 3600 1473 3654 videre
1503 3639 1518 3663 ,
1549 3596 1644 3651 sed
1687 3595 1861 3660 aliqua

259 3710 514 3772 apparat,
542 3715 614 3755 ex
645 3699 840 3768 quibus
867 3698 968 3751 hoc
994 3695 1236 3750 ediscant
1260 3710 1274 3757 ;
1302 3702 1360 3747 ut
1393 3694 1444 3746 in
1470 3688 1863 3745 resurrectione

261 3808 345 3847 ma
375 3809 491 3848 non
521 3791 772 3861 permisit
795 3803 890 3844 eos
915 3787 1124 3855 videre,
1157 3785 1428 3857 quomodo
1473 3781 1860 3845 resurrexerit;

261 3886 458 3957 indigni
489 3885 640 3940 enim
667 3881 926 3952 erantqui
953 3881 1090 3935 hanc
1119 3877 1395 3942 viderent;
1420 3875 1514 3932 sed
1546 3873 1864 3930 ostenditex

266 3979 352 4044 iis,
386 3995 514 4050 qua:
547 3987 680 4031 tunc
708 3973 851 4030 fecit.
886 3973 1146 4030 Similiter
1176 3987 1296 4026 cum
1343 3985 1534 4040 aquam
1581 3969 1634 4022 in
1678 3967 1862 4022 vinum

265 4072 488 4124 mutavit
507 4110 523 4134 ,
554 4067 650 4138 qui
679 4065 1091 4122 discumbebant
1115 4079 1219 4118 non
1247 4062 1450 4129 vident,
1484 4069 1669 4130 utpote
1696 4059 1860 4123 ebrii;

258 4165 630 4232 judiciumun
669 4161 789 4214 aliis
839 4159 1118 4229 permittit.
1169 4157 1259 4212 Sic
1292 4165 1513 4211 etnunc
1538 4155 1732 4209 factum
1759 4160 1860 4207 est.

258 4254 388 4312 Nam
420 4255 588 4317 illos,
635 4252 725 4321 qui
775 4249 1184 4315 educabantur,
1237 4263 1344 4302 non
1392 4245 1612 4307 vident;
1671 4243 1863 4298 indicia

258 4363 387 4403 vero
412 4389 428 4412 ,
472 4360 542 4400 ex
567 4344 764 4415 quibus
785 4350 1032 4412 poterant
1059 4355 1149 4396 res
1172 4352 1351 4410 gestas
1389 4338 1635 4394 ediscere
1655 4378 1671 4402 ,
1722 4335 1866 4389 vide-

249 4450 402 4495 rnnt.
437 4437 553 4494 Cur
577 4452 676 4508 per
713 4447 921 4490 noctem
951 4435 1130 4491 emisit
1177 4434 1338 4489 illos?
1375 4433 1508 4500 Quia
1558 4432 1652 4486 illo
1697 4431 1867 4500 magis

251 4547 417 4600 quam
470 4529 581 4583 alio
630 4527 787 4583 modo
833 4527 964 4581 lich
1009 4527 1114 4581 illis
1163 4524 1405 4580 habenda
1434 4534 1550 4580 erat
1583 4542 1597 4578 :
1631 4522 1863 4592 alioquin

249 4639 363 4676 non
395 4622 483 4676 illi
514 4621 584 4676 ad
617 4620 1052 4689 interrogandum
1080 4619 1390 4684 venissent,
1420 4618 1504 4672 vel
1551 4618 1657 4671 alio
1708 4616 1867 4671 modo

247 4716 421 4767 etiam
453 4755 468 4775 ,
500 4713 605 4781 ipsi
636 4727 739 4767 non
775 4712 1154 4766 credidissent.
1179 4710 1270 4766 Sic
1294 4719 1349 4765 et
1377 4709 1518 4780 apud
1549 4719 1758 4764 veteres
1779 4725 1869 4764 ac-

247 4806 426 4872 cidit,
491 4813 549 4858 ut
600 4802 1110 4859 Nabuchodonosori
1146 4819 1160 4857 :
1206 4802 1341 4856 vidit
1378 4801 1658 4856 laudantes
1702 4800 1867 4854 Deum

260 4912 466 4964 pueros
495 4899 548 4951 in
581 4897 796 4950 camino
827 4897 964 4967 ignis
995 4895 1171 4965 (Dan.
1201 4896 1255 4950 5.
1281 4895 1344 4951 91
1373 4895 1390 4964 )
1415 4937 1430 4960 ,
1462 4903 1513 4949 et
1547 4905 1672 4948 tunc
1692 4894 1868 4948 obstu-

273 4989 516 5057 pelactus
540 4998 647 5045 est.
673 4988 806 5044 Cum
837 4989 1165 5058 Oportuissct
1197 5003 1326 5058 ergo
1358 4988 1588 5059 primum
1635 4988 1868 5042 interro-

273 5095 414 5151 gare
441 5123 458 5146 ,
480 5082 753 5148 Quomodo
777 5082 977 5152 egressi
1009 5083 1180 5138 estis?
1207 5081 1305 5141 illi.
1337 5081 1490 5150 quasi
1516 5081 1648 5135 nihil
1672 5081 1868 5135 factum

272 5181 476 5236 esset,
523 5175 890 5245 interrogant,
942 5175 1184 5230 dicentes
1224 5189 1239 5225 :
1282 5170 1473 5227 Nonne
1528 5172 1871 5244 prtccipiendo

256 5262 612 5336 precepimus
629 5266 770 5321 vobis
789 5283 852 5320 ne
870 5266 1148 5335 loquamini
1170 5265 1194 5318 ?
1225 5264 1292 5318 Et
1312 5264 1454 5328 vide,
1483 5264 1757 5335 quomodo
1778 5279 1874 5333 per

250 5359 410 5414 alias
440 5357 615 5412 omnia
643 5359 873 5412 discant.
902 5355 1098 5413 Vident
1127 5357 1270 5411 enim
1306 5355 1547 5411 clausum
1573 5370 1871 5419 carcerem,

251 5462 316 5505 et
342 5452 609 5505 custodes
638 5460 843 5505 stantes
872 5459 996 5505 ante
1011 5451 1225 5520 januas.
1252 5450 1343 5503 21.
1394 5447 1493 5514 Qui
1530 5465 1647 5502 cum
1694 5448 1873 5500 audis-

254 5555 416 5603 sent.
450 5545 768 5596 intraverunt
798 5541 1024 5595 diluculo
1072 5542 1126 5596 in
1171 5541 1454 5612 templum,
1505 5550 1551 5594 et
1599 5539 1871 5594 docebant.

259 5635 560 5689 Adveniens
582 5646 756 5690 autem
783 5635 1019 5705 princeps
1046 5634 1363 5688 sacerdotum
1391 5672 1406 5700 ,
1441 5641 1486 5687 et
1530 5634 1617 5704 qui
1656 5649 1771 5686 cum
1817 5649 1874 5685 eo

259 5737 450 5794 erant,
481 5734 882 5782 convocauerunt
903 5725 1198 5792 concilium,
1228 5737 1274 5779 et
1300 5742 1470 5779 omnes
1499 5725 1720 5779 seniores
1742 5724 1876 5792 ﬁlio-

259 5837 383 5874 rum
415 5821 608 5888 Israel,
639 5833 685 5878 et
717 5821 959 5878 miserunt
988 5821 1054 5874 ad
1081 5836 1335 5874 carcerem
1378 5829 1432 5873 ut
1477 5818 1872 5874 adducerentur.

262 5907 359 5965 29..
389 5912 521 5969 Cum
546 5925 715 5971 autem
739 5915 997 5970 uenissent
1023 5910 1259 5979 ministri,
1289 5919 1531 5980 etaperto
1558 5927 1758 5964 carcere
1777 5927 1876 5965 non

1964 1541 2265 1596 invenissent
2306 1547 2458 1612 illos,
2507 1554 2691 1606 reversi
2735 1555 3115 1626 nuntiaverunt,
3151 1561 3244 1617 25.
3294 1566 3559 1638 dicentes:

1967 1632 2237 1690 Carcerem
2264 1640 2464 1706 quidem
2492 1644 2772 1700 invenimus
2797 1653 3024 1705 clausum
3051 1671 3167 1710 cum
3193 1662 3330 1712 omni
3351 1632 3563 1734 dilipen-

1966 1727 2054 1793 tia,
2086 1739 2131 1782 et
2153 1733 2384 1786 custodes
2412 1745 2601 1792 stantes
2643 1749 2762 1794 ante
2794 1739 3024 1810 ianuas";
3071 1751 3352 1816 aperientes
3396 1727 3560 1810 alitem

1965 1820 2215 1874 neminem
2243 1825 2379 1879 intus
2399 1827 2699 1885 invenimus.
2739 1833 2945 1903 Duplex
2978 1842 3240 1898 securitas
3269 1855 3328 1897 ut
3376 1847 3430 1900 in
3477 1863 3564 1904 se.

1965 1917 2189 2012 pulcro,
2230 1921 2561 1990 signaculum
2614 1937 2669 1983 ct
2713 1929 2978 1989 homines.
3011 1937 3166 2003 Vide,
3191 1953 3349 2012 quam
3381 1958 3560 2004 essent

1969 2007 2078 2062 Deo
2110 2010 2330 2066 inimici.
2364 2013 2613 2074 Hmcciue
2641 2020 2873 2079 humana
2895 2039 3052 2084 erant
3072 2072 3087 2091 ,
3116 2007 3359 2090 dic‘mihi
3381 2080 3397 2104 ,
3444 2057 3561 2108 qua:

1964 2104 2106 2158 circa
2138 2104 2259 2160 illos
2287 2105 2423 2162 facta
2451 2112 2756 2183 sunt?quis
2776 2116 2894 2172 illos
2915 2121 3296 2196 eduxitjanuis
3322 2104 3519 2188 clausis
3545 2179 3555 2189 .

1964 2197 2236 2264 quomodo
2247 2200 2493 2256 exierunt
2507 2207 2818 2263 custodibus
2828 2221 2952 2268 ante
2965 2213 3108 2271 fores
3124 2223 3412 2278 stantibus?
3429 2227 3560 2284 Vere

1964 2287 2259 2345 furentium
2274 2302 2328 2346 et
2346 2293 2618 2351 ebriorum
2637 2300 2800 2357 verba
2827 2316 2972 2363 sunt.
3001 2308 3149 2375 Quos
3177 2329 3286 2369 non
3315 2317 3561 2377 detinue-

1964 2387 2091 2482 runt
2115 2398 2302 2440 carcer
2329 2397 2384 2442 et
2407 2389 2620 2447 vincula
2651 2392 2901 2467 foresque
2921 2400 3120 2459 clausa:
3147 2446 3161 2469 ,
3190 2376 3356 2464 hosce
3381 2427 3561 2482 Spera-

1965 2473 2096 2530 bant
2146 2491 2415 2570 seposse
2470 2497 2750 2556 superare,
2805 2491 3172 2562 insipientium
3215 2473 3561 2570 puerulorum

1965 2583 2118 2624 more
2157 2569 2355 2627 ali‘ecti.
2395 2573 2621 2631 Ministri
2665 2595 2828 2649 porro
2863 2599 3052 2641 eorum
3099 2569 3229 2646 ideo,
3269 2597 3468 2651 adsunt
3510 2611 3561 2656 et

1965 2656 2165 2716 factum
2193 2665 2538 2728 confitentur.
2557 2677 2614 2725 ut
2637 2687 2852 2730 omnem
2881 2677 2988 2733 illis
3014 2683 3305 2741 excludant
3333 2705 3569 2746 excusa-

1973 2753 2135 2809 tionis
2179 2771 2390 2812 ansam.
2436 2759 2629 2817 Viden’
2670 2765 2929 2824 miracula
2970 2771 3225 2843 diversa,
3289 2782 3392 2834 alia
3440 2785 3561 2840 aliis

1966 2844 2209 2942 adjecta;
2240 2850 2486 2920 quaidam
2535 2855 2604 2909 ab
2651 2856 2756 2913 illis
2801 2860 2972 2926 facta,
3003 2867 3249 2934 quaedam
3280 2887 3380 2942 pro
3420 2876 3558 2941 illis,

1967 2953 2087 3007 qua:
2108 2940 2269 2995 etiam
2310 2942 2538 3000 clariora
2584 2951 2779 3004 erant?
2808 2951 2954 3008 Bene
2996 2956 3230 3026 factum,
3275 2940 3417 3034 quod
3455 2986 3560 3025 non

1967 3033 2147 3086 statim
2194 3034 2324 3105 ipsis
2361 3039 2662 3095 nuntiatum
2689 3045 2792 3111 sit,
2836 3047 2930 3103 sed
2961 3051 3109 3119 prius
3137 3033 3305 3110 anxii,
3328 3059 3560 3120 fuerint.

1969 3134 2028 3182 ut
2072 3127 2500 3188 internoscentes
2538 3135 2776 3192 divinam
2806 3155 2928 3198 esse
2948 3144 3201 3202 virtutem
3226 3192 3242 3213 ,
3273 3152 3352 3207 sic
3379 3161 3558 3213 omnia

1967 3219 2198 3277 discant.
2227 3223 2319 3278 24.
2354 3225 2456 3282 «Ut
2485 3239 2668 3286 autem
2691 3233 2976 3292 audierunt
3009 3240 3111 3297 hos
3155 3259 3438 3305 sermones
3455 3269 3568 3306 ma-

1968 3313 2221 3414 qistratus
2240 3321 2491 3414 templiet
2521 3324 2790 3394 principes
2816 3332 3180 3404 sacerdotum,
3216 3342 3561 3414 ambigebant

1969 3407 2037 3462 de
2059 3408 2162 3505 illis
2191 3411 2446 3505 quidnam
2474 3413 2647 3472 ﬁeret.
2679 3417 2770 3474 25.
2804 3420 3111 3481 Adveniens
3137 3441 3318 3488 autem
3348 3407 3562 3505 quidam

1975 3502 2240 3556 nuntiavit
2264 3505 2342 3561 eis
2369 3521 2385 3560 :
2414 3505 2556 3563 Ecce
2589 3510 2708 3576 viri,
2731 3527 2866 3582 quos
2895 3519 3152 3584 posuistis
3173 3523 3225 3578 in
3253 3502 3529 3585 carcerem
3547 3575 3560 3593 .

1971 3602 2099 3685 sunt
2151 3595 2204 3650 in
2257 3598 2458 3667 templo
2497 3606 2704 3658 stantes
2743 3613 2799 3659 et
2850 3606 3106 3666 docentes
3146 3618 3423 3685 populum.
3471 3623 3557 3677 26.

1969 3680 2122 3740 Tunc
2149 3685 2282 3742 abiit
2313 3691 2656 3761 magistratus
2685 3710 2808 3752 cum
2838 3699 3121 3768 ministris,
3148 3680 3459 3767 et'adduxit
3495 3715 3560 3768 il-

1970 3776 2050 3830 los
2094 3777 2212 3832 sine
2255 3779 2306 3833 vi
2341 3797 2356 3831 :
2391 3781 2651 3840 timebant
2696 3789 2839 3842 enim
2896 3794 3150 3862 populum
3177 3839 3191 3860 ,
3251 3815 3319 3856 ne
3357 3802 3560 3874 lapidm

1969 3879 2175 3964 rentur.
2213 3890 2232 3923 ι
2287 3872 2330 3928 Ο
2369 3873 2767 3946 insipientiam!
2819 3883 3137 3954 Timebant,
3185 3872 3556 3964 inquitptur-

1970 3961 2113 4016 ham.
2145 3963 2282 4032 Quid
2311 3976 2566 4036 proderat
2599 3972 2749 4026 turba
2776 3973 2800 4027 ?
2824 3974 2958 4032 Cum
3010 3961 3343 4051 oportuisset
3381 3961 3560 4044 Deum

1973 4053 2184 4121 timere,
2216 4058 2305 4126 qui
2333 4072 2548 4129 semper
2578 4063 2697 4118 illos
2729 4074 2996 4138 tamquam
3027 4074 3274 4131 volucres
3299 4093 3363 4132 ex
3400 4084 3574 4137 maui-

1970 4146 2070 4202 bus
2098 4148 2334 4218 ipsorum
2366 4152 2659 4221 eripiebat,
2693 4155 2769 4211 illi
2800 4175 2930 4214 vero
2972 4164 3148 4231 potius
3193 4169 3402 4224 turbam
3449 4189 3567 4228 me-

1971 4240 2211 4334 tuebant.
2239 4241 2329 4297 27.
2368 4263 2388 4296 ι
2419 4245 2673 4318 Princeps
2700 4257 2878 4306 autem
2911 4257 3250 4314 sacerdotum
3275 4262 3573 4334 interroga-

1973 4333 2055 4426 vit
2074 4349 2168 4426 eos
2190 4375 2205 4397 ,
2237 4335 2421 4390 dicens
2452 4355 2463 4389 :
2494 4337 2584 4392 ‘28.
2613 4339 2800 4396 Nonne
2829 4346 3190 4416 prtecipiendo
3216 4333 3571 4426 prmccpinius

1973 4425 2126 4479 vobis
2159 4441 2228 4480 ne
2252 4426 2523 4483 doceretis
2550 4429 2600 4484 in
2632 4434 2852 4490 nomine
2896 4437 3038 4492 isto?
3078 4441 3146 4496 Et
3188 4422 3315 4501 ecce
3350 4422 3578 4519 repletis
3622 4422 3630 4433 '

1973 4518 2270 4575 Jerusalem
2302 4521 2545 4576 doctrina
2573 4536 2772 4593 vestra,
2796 4539 2845 4582 et
2892 4531 3053 4586 vultis
3099 4534 3356 4596 inducere
3406 4518 3563 4612 super

1975 4627 2075 4666 nos
2095 4613 2411 4682 sanguinem
2441 4613 2676 4672 hominis
2705 4619 2875 4674 istius.
2904 4639 2925 4676 ι
2955 4622 3092 4690 Quid
3125 4627 3284 4698 igitur
3307 4636 3561 4701 apostoli.

1975 4705 2172 4760 lterum
2197 4721 2317 4760 cum
2339 4710 2742 4765 mansuetudine
2755 4713 3104 4782 alloquuntur
3117 4736 3241 4787 eos;
3267 4727 3478 4781 tametsi
3497 4729 3568 4782 dic

1973 4810 2097 4852 cere
2115 4805 2360 4866 poterant
2377 4817 2389 4852 :
2409 4799 2635 4865 Quinam
2651 4805 2782 4858 estis
2798 4809 3008 4878 vos,qui
3025 4815 3292 4869 Contraria
3310 4819 3418 4872 Deo
3435 4835 3564 4888 pra:-

1974 4888 2186 4958 cipitis?
2237 4889 2342 4946 Sed
2375 4893 2537 4962 quid?
2577 4895 2810 4951 Rursum
2855 4912 3135 4959 monentes
3181 4917 3236 4961 et
3283 4909 3572 4970 consilium

1975 4980 2166 5074 dantes
2205 4999 2328 5038 cum
2360 4987 2772 5046 mansuetudine
2799 4994 3148 5062 respondi-nt.
3194 4999 3284 5056 29.
3333 5002 3566 5074 Respon-

1976 5071 2103 5166 dens
2125 5083 2295 5129 autem
2320 5074 2503 5132 Petrus
2527 5088 2576 5134 et
2600 5081 2824 5151 apostoli
2842 5084 3080 5141 dixerunt
3104 5105 3125 5143 :
3145 5088 3361 5148 Obedire
3375 5071 3578 5166 oportet

1976 5165 2088 5222 Deo
2118 5169 2280 5239 magis
2308 5187 2462 5242 quam
2487 5173 2794 5230 hominibus.
2837 5177 3023 5250 Magna
3057 5182 3362 5252 hujusmodi
3397 5165 3564 5259 philo-

1979 5263 2188 5331 sophia,
2219 5279 2322 5334 qua
2353 5268 2644 5323 ostendunt
2688 5271 2808 5327 illos
2849 5288 2974 5329 cum
3021 5277 3132 5330 Deo
3177 5296 3433 5350 pugnare.
3478 5285 3568 5340 50.

1981 5355 2118 5442 Πευὲ
2144 5367 2349 5426 patrum
2378 5371 2667 5416 nostrorum
2694 5366 2956 5421 suscitavit
2984 5367 3184 5437 Iesum,
3211 5389 3355 5442 quem
3383 5392 3468 5429 vos
3491 5379 3571 5431 in.

1981 5449 2244 5502 teremistis
2265 5453 2626 5522 suspendentes
2651 5455 2704 5509 in
2726 5457 2886 5528 ligno.
2921 5453 3009 5514 5i.
3039 5459 3194 5514 Hunc
3219 5465 3498 5534 principem
3531 5484 3578 5527 et

1983 5541 2304 5597 Salvato‘rem
2332 5545 2572 5600 exultavit
2595 5545 2735 5601 Deus
2759 5549 2968 5603 dextera
2988 5568 3100 5612 sua,
3130 5555 3200 5605 ad
3219 5556 3444 5611 dandam
3470 5577 3570 5630 pce-

1980 5636 2244 5689 nitentiam
2269 5634 2458 5690 Israeli
2487 5649 2533 5690 et
2562 5640 2906 5695 remissionem
2939 5653 3282 5712 peccatorum.
3314 5649 3472 5718 Eum,
3496 5655 3570 5708 in-

1980 5727 2117 5797 quit,
2147 5743 2306 5798 quem
2337 5745 2434 5784 vos
2462 5731 2756 5795 occidistis,
2811 5734 2952 5788 Deus
2990 5737 3288 5794 suscitavit.
3325 5742 3390 5796 Et
3428 5744 3572 5812 vide,

1982 5820 2125 5874 Patri
2154 5834 2345 5875 rursus
2374 5828 2545 5874 totum
2559 5821 2888 5888 adscribunt,
2916 5837 2984 5880 ne
3007 5827 3280 5886 videretur
3303 5820 3423 5889 esse
3444 5836 3578 5890 alio-

1985 5929 2084 5969 nus
2112 5929 2140 5968 a
2171 5913 2351 5968 Patre.
2385 5911 2452 5966 Et
2491 5915 2751 5985 exultavit,
2800 5916 2992 5987 inquit,
3053 5921 3260 5978 dextera
3301 5944 3415 5981 sua.
3466 5927 3583 5982 Hoc
