3946 6452
493 427 593 483 10⁸1

489 556 620 596 vero
647 556 754 594 non
780 540 952 593 solum
986 539 1453 603 resurrectionem,
1487 540 1579 594 sed
1611 540 1772 593 etiam
1804 539 2084 593 exaltatio-

490 649 637 700 nem,
671 634 721 687 id
765 643 868 693 est.
917 634 1362 702 assumptionem,
1407 633 1690 704 significat.
1742 632 1821 684 Ad
1863 633 2086 685 dandam

493 726 840 794 pttnilentiaut
866 723 1072 778 lsraeli.

559 819 616 870 2.
645 817 772 870 Vide
801 832 985 871 rursus
1015 817 1244 880 lucrum,
1271 825 1326 872 et
1349 817 1680 872 defensionis
1703 833 1854 872 more
1884 816 2086 871 doctri-

493 925 615 963 nam
664 908 985 979 perfectam.
1035 908 1123 963 52.
1160 908 1226 961 Et
1265 926 1356 962 uos
1397 927 1569 963 sumus
1596 913 1707 980 ejus
1733 919 1878 963 testes
1907 909 2088 962 horum

492 999 782 1055 uerborum.
825 1000 1010 1070 Magna
1041 1000 1253 1055 dicendi
1303 1002 1537 1056 libertas.
1576 1002 1777 1056 Deinde
1806 1001 1871 1055 ad
1916 1002 2088 1055 dicto-

493 1113 611 1150 rutn
667 1095 825 1152 fidem
867 1096 1092 1165 adjicit:
1143 1094 1212 1149 Et
1249 1095 1456 1164 spiritus
1481 1106 1721 1163 sanctus,
1762 1112 1907 1162 quem
1950 1094 2089 1148 dedit

492 1189 632 1242 Deus
649 1187 989 1241 obedientibus
1004 1187 1118 1240 sibi.
1148 1186 1306 1241 Vides
1321 1186 1591 1256 quomodo
1606 1203 1713 1241 non
1739 1201 1838 1241 suo
1863 1196 2086 1249 tantum,

491 1280 584 1333 sed
617 1280 776 1334 etiam
801 1277 1033 1348 Spiritus
1063 1279 1372 1332 testimonio
1400 1283 1657 1333 utantur?
1679 1279 1788 1333 Nec
1817 1279 2087 1343 dixerunt,

497 1377 656 1440 Quem
683 1373 821 1425 dedit
855 1372 1040 1438 nobis;
1089 1371 1209 1438 sed,
1245 1371 1599 1426 Obedientibus
1622 1388 1642 1426 :
1665 1373 1823 1426 simul
1851 1371 2093 1425 modeste

491 1475 729 1534 agentes,
756 1473 812 1518 et
857 1478 1108 1534 magnum
1147 1463 1293 1516 illum
1342 1478 1462 1518 esse
1491 1472 1877 1528 monstrantes,
1910 1461 2091 1516 decla-

495 1567 786 1628 rantesque
816 1558 956 1626 quod
995 1566 1050 1612 et
1077 1557 1177 1626 ipsi
1207 1556 1415 1626 possint
1444 1556 1594 1610 illum
1634 1556 1894 1622 accipere.
1935 1553 2087 1618 Vide,

496 1650 769 1721 quomodo
796 1658 854 1704 et
877 1649 1132 1718 operibus
1163 1657 1212 1702 et
1238 1647 1415 1702 verbis
1437 1646 1772 1712 erudiantur,
1800 1661 1898 1700 nec
1919 1655 2094 1699 atten-

494 1744 624 1797 dant
653 1760 667 1808 ;
702 1752 759 1796 ttt
781 1742 925 1812 justa
955 1757 1141 1796 eorum
1171 1740 1444 1795 damnatio
1471 1741 1560 1795 sit.
1613 1740 1736 1794 Ideo
1782 1740 1924 1793 enim
1971 1739 2092 1793 illos

497 1835 636 1890 Deus
665 1834 876 1889 sinebat
901 1833 952 1887 iu
989 1833 1248 1901 judicium
1276 1832 1488 1897 adduci,
1533 1839 1591 1885 ut
1619 1831 1694 1884 illi
1725 1829 2089 1894 erudirentur,

495 1929 540 1982 si
569 1927 784 1998 quidem
826 1927 1007 1980 dicere
1035 1926 1350 1986 voluissent,
1396 1935 1450 1980 et
1485 1925 1712 1995 apostoli
1744 1923 1810 1977 ad
1844 1923 2091 1977 liduciant

495 2025 917 2076 concitarentur.
943 2021 1031 2074 55.
1063 2018 1192 2074 Hec
1223 2036 1337 2071 cum
1377 2019 1656 2082 audissent,
1689 2015 2091 2080 dissecabantur,

494 2127 540 2168 et
566 2113 852 2184 cogitabant
873 2113 1157 2180 interﬁcere
1172 2112 1308 2166 illos.
1338 2111 1468 2174 Vide
1491 2111 1760 2180 ingentem
1781 2107 2092 2178 nequitiam.

495 2207 628 2262 Cum
657 2205 987 2274 oportuisset
1012 2218 1078 2257 ex
1117 2204 1182 2257 iis
1207 2218 1328 2272 qua:
1353 2201 1637 2256 audierant
1668 2201 1952 2264 deterreri,
1987 2199 2098 2254 dis-

497 2307 750 2352 secantur
777 2295 878 2359 illi,
926 2305 982 2349 et
1014 2293 1084 2348 dc
1127 2292 1441 2348 occidendis
1490 2293 1622 2347 viris
1653 2290 1849 2346 frustra
1875 2291 2096 2346 consul-

501 2397 632 2442 tant.
663 2385 768 2440 Sed
793 2400 1015 2440 necesse
1043 2392 1128 2438 est
1171 2385 1419 2454 superius
1449 2383 1585 2438 lecta
1614 2393 1882 2453 repetere.
1921 2383 2090 2453 Ange-

500 2483 581 2535 lus
601 2491 772 2534 autem
799 2479 1009 2533 Domini
1038 2495 1129 2548 per
1157 2487 1353 2531 noctem
1373 2480 1604 2549 aperiens
1621 2480 1814 2548 januas
1856 2479 2094 2542 carceris,

499 2587 547 2629 et
579 2577 798 2629 educens
843 2590 929 2628 eos
951 2572 1082 2625 dixit
1103 2588 1122 2626 :
1150 2570 1252 2636 Ite,
1293 2582 1342 2624 et
1368 2582 1558 2626 stantes
1586 2571 1850 2638 loquimini
1887 2572 1942 2623 in
1968 2580 2098 2622 tem-

499 2668 586 2736 plo
623 2669 758 2740 plebi
786 2667 966 2720 lonniia
1005 2667 1151 2721 verba
1196 2667 1310 2719 vita:
1339 2665 1510 2734 hujus.
1547 2665 1785 2719 Educens
1817 2679 1835 2718 :
1863 2681 1967 2719 non
2010 2665 2098 2720 ille

502 2763 680 2818 educit
707 2775 823 2826 eos,
857 2758 950 2814 sed
975 2757 1226 2823 ditniltit;
1253 2767 1309 2812 ut
1333 2759 1456 2812 hinc
1483 2758 1796 2812 ostendatur
1816 2758 2099 2828 imperter-

499 2858 634 2912 ritus
679 2857 893 2910 illorum
922 2857 1165 2919 animus,
1215 2866 1375 2924 quem
1410 2853 1509 2923 ipsi
1538 2852 1919 2917 exbibuerunt,
1977 2867 2097 2907 cum

501 2956 662 3002 noctu
707 2947 760 3000 in
813 2944 1070 3014 templum
1104 2944 1330 3012 ingressi
1371 2943 1656 2998 docebant.
1700 2943 1854 3010 Quod
1907 2944 1950 2996 si
1983 2943 2100 2998 illos

502 3041 790 3109 eiecissent
831 3039 1117 3100 custodes,
1147 3046 1204 3090 ut
1228 3036 1306 3090 illi
1340 3037 1635 3104 putabant,
1671 3035 1940 3105 fugissent
1967 3051 2098 3105 apo-

503 3134 648 3198 stoli,
678 3133 722 3187 si
753 3141 930 3186 tamen
958 3132 1459 3198 obtemperassent;
1513 3130 1622 3182 imo
1651 3129 1698 3182 si
1742 3129 1861 3182 illos
1890 3127 2104 3183 emisis-

503 3233 640 3287 sent,
689 3237 800 3276 non
833 3221 887 3275 in
930 3220 1132 3290 templo
1157 3219 1457 3285 stetissent,
1487 3219 1584 3275 sed
1614 3220 1791 3290 fugam
1819 3218 2092 3283 fecissent,

504 3313 648 3386 quod
701 3328 861 3368 nemo
910 3326 1014 3366 non
1064 3310 1274 3376 videat,
1325 3311 1426 3364 nisi
1462 3312 1726 3381 insipiens
1773 3312 1862 3366 sit.
1916 3311 2104 3366 Nonne

506 3402 848 3475 prwcipiendo
897 3403 1226 3474 pracepimus
1270 3401 1451 3456 vobis?
1497 3403 1552 3456 Si
1605 3402 1790 3473 utique
1836 3403 1913 3457 illi
1951 3402 2104 3458 vobis

506 3493 1020 3564 obtemperaveriut,
1067 3501 1212 3546 recte
1241 3492 1506 3562 arguitis;
1559 3490 1646 3546 sin
1691 3501 1818 3547 tunc
1867 3493 2105 3548 dixerint

508 3587 659 3641 vobis
697 3601 756 3641 se
784 3599 889 3640 non
918 3584 1390 3654 obtemperaturos
1421 3598 1565 3650 esse,
1614 3583 1813 3638 frustra
1855 3586 2102 3656 arguitis,

511 3681 704 3735 frustra
741 3677 1054 3748 praecipitis.
1086 3675 1220 3731 Vide
1249 3676 1536 3731 criminum
1581 3679 2102 3748 inconsequentiam,

510 3782 566 3827 ct
592 3773 861 3842 ingentem
892 3770 1194 3824 stultitiam.
1227 3770 1644 3841 Sanguinarium
1675 3771 1892 3827 demum
1920 3773 2107 3828 volunt

512 3864 800 3920 ostendere
847 3864 1156 3919 Judzeorum
1187 3863 1449 3930 animum,
1490 3865 1713 3934 etquod
1746 3866 1843 3936 ipsi
1877 3883 1984 3921 non
2018 3885 2108 3923 ve-

513 3957 687 4011 ritatis
713 3971 874 4012 causa
916 3959 1031 4011 tunc
1073 3964 1252 4026 agant,
1283 3956 1377 4011 sed
1410 3971 1467 4011 ut
1493 3973 1552 4012 se
1583 3958 1929 4014 ulciscantur.
1984 3961 2108 4018 Ideo

514 4067 622 4105 non
675 4050 933 4104 audacter
981 4050 1112 4120 ipsis
1156 4051 1488 4120 respondent
1535 4052 1811 4120 apostoli:
1857 4054 2107 4110 doctores

514 4144 658 4197 enim
691 4152 876 4207 erant;
919 4143 1019 4198 etsi
1061 4143 1182 4213 quis
1223 4159 1344 4198 cum
1375 4145 1644 4199 civitatem
1676 4154 1839 4200 totatu
1871 4164 2108 4201 commo-

515 4237 702 4300 visset,
727 4246 782 4290 et
809 4246 953 4290 tanta
980 4237 1143 4291 fultus
1168 4249 1310 4293 esset
1332 4240 1523 4309 gratia,
1555 4256 1660 4294 non
1681 4257 1932 4311 magnum
1955 4243 2110 4313 quid-

518 4329 657 4398 piam
697 4329 948 4400 loquutus
994 4331 1181 4386 esset?
1231 4333 1300 4386 At
1341 4348 1444 4386 non
1483 4332 1532 4386 id
1563 4333 1805 4388 fecerunt
1840 4337 1949 4401 illi;
2002 4353 2108 4393 non

473 4408 484 4420 ’
517 4424 661 4478 enim
684 4423 1074 4489 irascebantur,
1105 4423 1203 4478 sed
1239 4424 1630 4480 miserabantur
1655 4437 1708 4481 et
1735 4429 2110 4499 lacrymaban-

518 4525 605 4570 tur
633 4516 774 4580 illos,
804 4523 860 4569 et
885 4513 1280 4578 deliberabant,
1308 4516 1578 4586 quomodo
1611 4518 1728 4571 illos
1751 4519 1819 4572 ab
1847 4530 2031 4575 errore
2057 4531 2113 4576 et

519 4608 595 4661 ira
628 4614 960 4662 revocarent.
995 4605 1111 4660 Non
1147 4607 1288 4662 ultra
1331 4608 1518 4662 dicunt
1549 4609 1673 4671 illis,
1725 4609 1823 4664 Vos
1846 4612 2112 4682 jadicate;

519 4701 616 4756 sed
669 4701 741 4755 ita
787 4700 1110 4756 sententiam
1163 4699 1364 4768 ferunt,
1422 4701 1585 4768 Quem
1628 4704 1766 4760 Deus
1816 4707 2112 4774 suscitavit;

518 4793 646 4849 hinc
673 4793 1030 4861 declarantes,
1086 4794 1204 4849 hac
1249 4810 1316 4850 ex
1361 4796 1626 4852 sententia
1672 4799 1765 4854 Dei
1806 4799 1942 4855 facta
1969 4817 2109 4857 esse.

517 4885 634 4940 Non
656 4885 910 4940 dixerunt
938 4903 952 4938 :
977 4887 1172 4940 Annon
1196 4893 1324 4941 tunc
1347 4887 1587 4942 diximus
1621 4890 1771 4943 vobis
1802 4906 1816 4939 :
1846 4889 1965 4944 Non
1995 4910 2114 4961 pos-

516 4994 712 5040 sumus,
741 4992 856 5043 qute
882 4975 1100 5032 uidimus
1123 4986 1170 5031 et
1199 4977 1509 5044 audivimus,
1563 4997 1666 5034 non
1707 4983 1846 5053 loqui
1893 4984 2029 5053 (Act.
2055 4986 2110 5039 4.

515 5071 656 5141 20)?
695 5085 802 5124 non
831 5071 975 5125 enim
1005 5071 1332 5125 contentiosi
1356 5081 1545 5135 erant;
1579 5073 1673 5127 sed
1703 5091 1888 5129 rursus
1923 5075 2111 5132 eadem

521 5171 728 5227 dicunt,
755 5176 972 5216 crucem
1004 5176 1218 5230 nempe,
1247 5164 1721 5218 resurrectionem.
1761 5163 1946 5236 Neque
1971 5169 2112 5222 refe-

515 5267 642 5312 runt
667 5271 786 5319 cur,
810 5268 910 5309 nec
945 5253 1087 5322 quod
1115 5267 1215 5323 pro
1243 5253 1401 5309 nobis
1421 5255 1709 5312 cruciﬁxus
1733 5259 1836 5324 sit;
1866 5259 1961 5314 sed
1981 5260 2112 5316 sub-

518 5350 760 5405 indieant
788 5345 1027 5418 quidem,
1071 5360 1173 5400 nec
1216 5346 1500 5402 manifeste
1548 5348 1856 5418 loquuntur,
1894 5361 1950 5406 ιιι
1991 5352 2110 5408 illos

517 5443 730 5497 interim
771 5440 1104 5495 deterreant.
1151 5438 1410 5507 Quaenam
1442 5441 1530 5495 hic
1559 5441 1869 5499 rhetorica?
1911 5444 2062 5501 Nulla
2093 5465 2107 5501 :

521 5535 593 5589 ita
622 5535 742 5590 sine
777 5517 1041 5603 apparatu
1070 5536 1410 5606 evangelium
1441 5537 1566 5591 vita:
1595 5539 1978 5608 prtedicabant.
2012 5539 2112 5596 Ubi

519 5625 674 5688 dixit,
706 5623 994 5693 Excitavit,
1024 5627 1252 5693 addidit,
1284 5644 1387 5698 qua
1431 5629 1500 5684 de
1541 5645 1699 5684 causa
1733 5649 1746 5685 :
1776 5630 1857 5684 Ad
1887 5632 2113 5688 dandam

522 5714 866 5783 paenitentiam
915 5717 1102 5771 Israeli
1129 5759 1142 5781 ,
1219 5729 1267 5773 et
1346 5722 1693 5775 remissionem
1768 5733 2108 5792 peccatorum.

524 5804 592 5856 At
645 5803 862 5871 dicent,
915 5808 1043 5863 Haec
1096 5818 1221 5864 tunc
1266 5811 1566 5880 probabilia
1609 5827 1716 5865 non
1775 5812 2108 5870 videbantur.

523 5893 662 5959 Quid
708 5891 889 5953 dicis?
923 5899 1195 5969 quomodo
1237 5918 1342 5960 non
1391 5900 1684 5970 probabilia
1731 5904 1860 5972 illa,
1911 5907 2104 5979 quibus

1199 425 1253 480 S.
1293 424 1572 480 JUANNIS
1607 423 2086 480 CllllYSOSTOMl
2126 418 2445 484 ARCHIEP.
2485 421 3018 484 CONSTANTINOP.
3691 436 3787 493 108

2195 555 2297 595 nec
2346 538 2611 610 principes
2660 557 2758 595 nec
2797 541 3079 597 multitudo
3107 545 3482 603 contradicere
3526 558 3782 618 poterant,

2195 633 2290 686 sed
2337 633 2568 687 aliorum
2611 634 2827 703 quidem
2858 651 2953 690 ora
2997 637 3425 704 obturabantnr,
3472 641 3564 695 alii
3621 654 3788 699 autem

2193 725 2558 782 docebantur?
2585 723 2654 781 Et
2674 745 2766 782 nos
2785 746 2980 794 sumus,
3013 729 3204 802 inquit,
3233 743 3381 787 testes
3409 735 3596 788 horum
3620 739 3788 790 uerbo-

2194 835 2326 870 rum.
2357 818 2641 886 Quorum?
2691 821 2843 886 Quod
2877 822 3250 878 remissionem
3275 865 3290 884 .
3336 826 3484 895 quod
3532 831 3788 896 paeniten-

2197 909 2324 962 tiam
2352 911 2660 979 promiserit
2689 928 2702 963 :
2735 928 2857 968 nam
2885 915 3209 970 resurrectio
3230 919 3284 970 in
3307 917 3566 974 confesso
3585 919 3788 976 demum

2195 1010 2329 1056 erat.
2363 1001 2517 1067 Quod
2563 999 2691 1057 vero
2718 1003 2810 1058 det
2836 1006 3216 1062 remissionem
3243 1048 3258 1077 ,
3307 1019 3364 1063 et
3392 1025 3496 1064 nos
3519 1019 3680 1066 testes
3707 1027 3788 1066 Stt-

2195 1106 2317 1147 mus
2342 1103 2396 1148 et
2415 1093 2645 1162 Spiritus
2667 1104 2902 1160 sanctus,
2931 1099 3019 1168 qui
3038 1115 3145 1153 non
3171 1099 3435 1164 venisset,
3456 1102 3557 1156 nisi
3578 1117 3779 1172 peccata

2195 1193 2320 1238 ante
2347 1183 2518 1238 soluta
2543 1184 2786 1240 fuissent.
2815 1187 3210 1258 Argumentum
3234 1191 3416 1260 itaque
3443 1192 3782 1248 indubitatum

2198 1275 2300 1329 hoc
2339 1287 2441 1330 est.
2497 1275 2846 1331 Peccatorutn
2893 1280 3265 1336 remissionem
3297 1282 3481 1348 audis,
3517 1285 3710 1348 mi~er,
3739 1299 3781 1340 et

2196 1365 2338 1436 quod
2364 1381 2550 1434 poenas
2572 1382 2676 1420 non
2703 1378 2948 1436 repetat,
2979 1380 3034 1424 et
3064 1370 3141 1424 vis
3170 1371 3462 1426 occidere?
3496 1374 3563 1428 Et
3591 1387 3780 1443 quantic

2199 1459 2300 1515 hoc
2327 1461 2578 1530 nequitia:
2610 1477 2714 1514 non
2754 1460 2950 1516 fuerit?
2990 1463 3149 1532 Atqui
3191 1466 3503 1534 oportebat,
3537 1468 3618 1521 vel
3651 1485 3773 1522 nien-

2197 1552 2392 1606 tientes
2424 1552 2784 1623 redarguere;
2817 1554 2900 1609 vel
2927 1555 2970 1608 si
3003 1556 3206 1610 nollent
3228 1559 3480 1624 credere,
3515 1575 3622 1613 non
3649 1562 3762 1614 occi-

2198 1645 2346 1701 dere.
2383 1647 2520 1713 Quid
2583 1649 2726 1701 enim
2769 1658 2944 1703 morte
2973 1649 3192 1719 dignum
3238 1651 3398 1706 erat?
3465 1659 3533 1706 At
3580 1655 3650 1708 illi
3682 1671 3771 1724 pm

2199 1736 2380 1793 furore
2411 1756 2478 1794 ne
2515 1739 2731 1808 quidem
2763 1741 3006 1795 sciebant
3034 1743 3159 1812 qttid
3189 1743 3392 1799 factum
3424 1757 3590 1800 esset.
3640 1747 3774 1811 Vide,

2199 1831 2468 1900 quomodo
2499 1831 2586 1886 hic
2617 1833 2822 1886 facinus
2851 1845 3234 1900 memorantes,
3269 1837 3338 1892 de
3363 1839 3671 1893 remissione
3697 1841 3766 1894 lo-

2199 1933 2431 1991 quantur
2465 1941 2478 1977 :
2512 1923 2858 1978 ostendentes
2887 1924 3120 1979 facinora
3148 1928 3369 1997 quidem
3417 1941 3590 1985 nmrte
3637 1931 3774 2000 digna

2200 2029 2339 2080 esse,
2397 2015 2772 2070 remissionem
2822 2032 2950 2071 vero
2980 2018 3132 2088 quasi
3170 2020 3615 2089 resipiscentibus
3656 2023 3772 2075 dari.

2200 2106 2483 2173 Quomodo
2533 2109 2689 2163 aliter
2723 2108 3029 2178 persuaderi
3063 2120 3334 2180 poterant,
3367 2131 3528 2182 quam
3559 2115 3777 2169 docendo

2202 2199 2326 2254 illos
2358 2202 2435 2254 sic
2477 2201 2613 2255 bene
2655 2213 2870 2255 acturos
2908 2217 3028 2257 esse
3045 2204 3067 2257 ’ἶ
3117 2202 3185 2257 Et
3212 2203 3336 2258 vide
3366 2205 3773 2274 tnaligttitalettt:

2201 2292 2524 2348 Saddncazos
2552 2293 2654 2347 illis
2703 2293 2989 2359 inducunt,
3039 2295 3128 2364 qui
3162 2298 3398 2352 maxime
3443 2297 3511 2352 de
3561 2315 3779 2352 resurre-

2202 2385 2380 2439 ctione
2409 2384 2700 2450 dolebant;
2730 2386 2823 2440 sed
2853 2387 2981 2440 nihil
3010 2386 3112 2441 illis
3132 2389 3336 2443 malitia
3362 2390 3585 2460 profuit.
3609 2391 3775 2444 \‘ertun

2204 2475 2433 2532 fortasse
2463 2475 2607 2531 dicet
2630 2478 2896 2548 quiSpiam
2927 2495 2939 2530 :
2974 2477 3170 2549 Ecquis
3194 2481 3396 2535 talibus
3425 2481 3623 2543 fruens,
3662 2499 3776 2551 qua-

2205 2565 2344 2621 libus
2385 2567 2656 2637 apostoli,
2692 2569 2872 2630 bonis,
2911 2586 3018 2624 non
3053 2587 3278 2641 magnus
3310 2572 3485 2628 factus
3528 2575 3685 2628 esset?
3722 2577 3777 2626 At

2203 2659 2324 2714 vide
2351 2659 2645 2729 quomodo,
2673 2671 2966 2730 antequam
2993 2663 3162 2732 gratia
3190 2663 3523 2730 fruerentur,
3557 2681 3776 2734 persevc-

2204 2760 2391 2806 rantes
2438 2752 2764 2806 unanimiter
2815 2753 3050 2806 erantin
3083 2753 3352 2822 oratione,
3387 2767 3442 2810 et
3485 2757 3537 2810 in
3577 2772 3773 2825 superna

2203 2847 2372 2914 gratia
2405 2854 2708 2914 sperantes.
2743 2845 2810 2898 Et
2854 2855 2932 2909 ιιι,
2978 2845 3216 2912 dilecte,
3272 2863 3502 2917 regnum
3551 2850 3770 2902 mulorum

2205 2951 2412 3005 speras,
2431 2946 2485 2989 et
2503 2935 2633 2990 nihil
2664 2936 2930 2990 sustines?
2958 2947 3012 2990 et
3039 2947 3093 2990 tu
3115 2938 3378 3006 Spiritum
3406 2940 3672 3008 accepisti,
3697 2952 3768 2992 nec

2207 3028 2331 3082 talia
2366 3028 2568 3097 pateris
2591 3070 2606 3094 ,
2653 3043 2828 3098 neque
2858 3028 3225 3098 periclitaris?
3280 3030 3361 3085 Illi
3415 3033 3708 3102 priusquam
3748 3046 3769 3080 τι

2208 3120 2476 3190 prioribus
2502 3121 2850 3191 respirarent,
2873 3137 3058 3177 rursus
3073 3123 3138 3177 ad
3161 3123 3262 3178 alia
3285 3125 3634 3180 ducebantur.
3664 3123 3771 3178 llluil

2207 3220 2384 3268 autem
2417 3214 2587 3283 ipsum
2613 3231 2716 3268 non
2743 3214 2938 3280 inflari,
2973 3231 3071 3270 nec
3099 3231 3231 3270 vana
3259 3219 3440 3287 gloria
3460 3219 3772 3287 aflici,quan-

2211 3314 2318 3360 tum
2365 3316 2444 3361 est
2477 3308 2710 3361 bonum?
2739 3307 2871 3364 Cum
2900 3311 3316 3368 mansuetudine
3346 3312 3513 3382 loqui,
3549 3321 3772 3383 quantum

2208 3409 2292 3455 est
2316 3400 2560 3455 lucrum?
2603 3401 2787 3473 Neque
2831 3404 2974 3458 enim
3028 3404 3208 3459 omnia
3239 3408 3436 3475 gratia:
3475 3415 3654 3468 erant;
3700 3401 3774 3454 sed

2211 3492 2424 3547 illorum
2453 3509 2664 3565 quoque
2695 3495 2856 3550 studii
2889 3495 3083 3550 indicia
3118 3499 3290 3554 multa
3322 3511 3466 3554 sunt.
3505 3499 3626 3554 Nam
3657 3495 3772 3567 quod

2210 3586 2394 3654 gratiae
2419 3585 2559 3641 dona
2588 3587 2640 3642 in
2681 3587 2788 3642 illis
2815 3587 3184 3659 splenderent,
3237 3606 3434 3647 eorum
3465 3606 3601 3647 cura:
3624 3599 3675 3644 et
3710 3587 3775 3642 di-

2213 3677 2444 3750 ligentia:
2473 3689 2610 3734 erat.

2284 3773 2337 3827 5.
2384 3772 2514 3827 Vide
2542 3790 2770 3843 namque
2797 3772 2976 3830 statim
3006 3791 3035 3830 a
3068 3776 3340 3847 principio
3365 3793 3521 3848 quam
3545 3772 3769 3830 sollicitus

2219 3867 2291 3920 sit
2321 3867 2530 3928 Petrus,
2567 3883 2725 3937 qttam
2756 3869 2880 3939 vigil
2909 3881 2962 3924 et
2987 3871 3233 3936 sobrius;
3267 3871 3544 3942 quomodo
3585 3866 3774 3923 creden-

2216 3967 2298 4011 tes
2330 3957 2584 4026 pecunias
2615 3957 2964 4028 abjiciebant.
3009 3959 3153 4014 Nihil
3200 3963 3481 4033 proprium
3531 3957 3765 4014 habebant.

2217 4051 2268 4105 in
2302 4053 2545 4105 oratione
2577 4053 2952 4119 versabantur,
2983 4055 3335 4110 concordiam
3366 4055 3692 4112 exhibebant,
3728 4046 3770 4096 ill

2211 4142 2431 4211 ieiuniis
2461 4144 2712 4211 agebant.
2759 4145 2884 4198 itare
2910 4161 2973 4200 es
3005 4161 3109 4216 qua
3140 4147 3337 4216 gratia,
3373 4142 3713 4218 quicso?ldeo
3733 4135 3773 4188 id

2216 4235 2417 4299 efficit,
2467 4246 2526 4288 tit
2573 4251 2669 4304 per
2719 4237 2998 4290 ministros
3063 4253 3191 4292 suos
3241 4239 3658 4310 redarguantur;
3701 4227 3773 4297 qui

2216 4327 2396 4391 etiam,
2449 4337 2503 4382 ut
2552 4329 2690 4398 apud
2738 4328 3011 4384 Christum
3037 4331 3184 4383 missi
3213 4331 3486 4395 dicebant,
3517 4327 3774 4394 Numquam

2219 4419 2368 4474 homo
2399 4421 2473 4473 sic
2494 4419 2734 4490 loquutus
2779 4432 2873 4487 est,
2907 4433 3034 4475 sicut
3081 4422 3163 4475 hic
3205 4423 3357 4478 homo
3390 4423 3564 4494 (Joan.
3593 4419 3640 4472 7.
3669 4412 3772 4478 ιθ).

2218 4514 2671 4568 annuntiaverunt
2696 4515 2897 4568 reversi
2930 4531 3049 4584 quze
3077 4514 3339 4570 viderant.
3371 4515 3450 4570 Tn
3473 4523 3641 4567 autem
3669 4501 3776 4559 mihi

2220 4605 2307 4663 hic
2335 4607 2615 4662 considera
2642 4607 2854 4661 illorum
2884 4607 3374 4673 mansuetudinem,
3417 4601 3676 4678 quomodo
3701 4611 3776 4650 cc-

2156 4761 2171 4770 _
2203 4701 2352 4755 dunt
2378 4717 2392 4766 ;
2425 4717 2635 4755 necnon
2667 4701 2847 4755 fictam
2894 4702 3152 4772 principis
3179 4703 3518 4758 sacerdotum
3551 4703 3775 4751 mentem-

2223 4792 2493 4850 Mansuete
2519 4791 2663 4847 enim
2694 4792 2800 4846 illis
2829 4793 3086 4864 loquitur,
3121 4803 3306 4864 utpote
3341 4795 3563 4849 timens;
3601 4794 3652 4839 Ci
3679 4794 3778 4850 im"

2219 4883 2406 4940 bibere
2438 4885 2610 4954 magis
2638 4884 2888 4962 volebat,
2935 4901 3093 4956 quam
3131 4885 3396 4946 occidere,
3427 4882 3545 4952 quia
3593 4877 3640 4932 id
3691 4883 3776 4925 n0"

2225 4988 2450 5047 poterat.
2495 4981 2669 5048 Atque
2712 4988 2774 5033 ut
2815 4993 3005 5033 omnes
3041 4988 3296 5046 moveat,
3340 4993 3401 5032 ac
3445 4975 3511 5029 de
3553 4963 3778 5026 extremis

2222 5071 2514 5143 periclitari
2542 5071 2790 5140 suadeat,
2828 5070 3017 5134 Vultis,
3052 5072 3241 5142 inquit,
3267 5072 3503 5126 inducere
3536 5077 3676 5130 super
3703 5068 3778 5107 nos

2221 5165 2519 5235 sanguinem
2555 5163 2774 5216 hominis
2815 5163 2996 5218 illius?
3047 5165 3235 5220 Adhuc
3278 5164 3438 5217 homo
3470 5157 3559 5212 tibi
3600 5151 3779 5206 videtur

2221 5255 2385 5309 esse?
2415 5253 2490 5309 Ita
2530 5255 2685 5319 dixit,
2719 5256 3013 5310 ostendens
3041 5257 3143 5311 hoc
3171 5263 3492 5326 praeceptum
3519 5257 3572 5301 et
3593 5245 3774 5313 jussum

2223 5347 2324 5402 sibi
2358 5348 2488 5416 ipsis
2533 5349 2897 5402 necessarium
2941 5363 3082 5403 esse.
3125 5349 3229 5403 Sed
3276 5346 3397 5400 vide
3444 5337 3565 5412 quid
3613 5335 3776 5424 Ριξιιιις

2221 5439 2364 5493 dicat
2394 5457 2406 5491 :
2441 5438 2596 5493 Hunc
2647 5440 2927 5520 principem
2957 5451 3001 5494 et
3031 5441 3347 5495 Salvatorem
3387 5434 3520 5488 Deus
3565 5422 3776 5520 exultat!”

2221 5534 2433 5588 dextera
2454 5550 2570 5599 sua,
2603 5534 2671 5587 ad
2700 5515 2925 5588 dandam
2955 5536 3298 5603 paenitentiam
3326 5527 3527 5591 Israeli,
3555 5531 3600 5576 et
3623 5515 3776 5570 remis-

2220 5628 2415 5682 sionem
2458 5637 2794 5697 pcccatorum.
2830 5628 2926 5682 llic
2954 5644 3060 5682 non
3087 5621 3596 5693 meminitgentinm,
3643 5614 3775 5706 "ille

2222 5737 2408 5777 ansam
2435 5692 2608 5777 daret.
2639 5720 2708 5775 Et
2734 5721 2985 5788 volebant,
3013 5722 3205 5793 inquit,
3246 5692 3468 5774 occidere
3491 5707 3618 5762 illos.
3662 5692 3774 5797 Vide

2221 5829 2433 5872 rursum
2463 5815 2561 5870 bos
2587 5815 2638 5870 in
2669 5815 2912 5885 angustia
2938 5824 2993 5869 et
3017 5813 3208 5870 dolore
3233 5830 3248 5880 ;
3284 5810 3396 5864 illos
3419 5815 3538 5856 vero
3564 5797 3610 5848 in
3638 5798 3770 5885 qum-

2224 5920 2308 5977 te,
2343 5911 2522 5966 laetitia
2553 5922 2604 5966 cl
2627 5882 2918 5980 voluptate.
2945 5908 3059 5966 Non
3092 5904 3406 5979 simpliciter
3430 5895 3498 5952 illi
3526 5882 3766 5944 dolebant.
