3946 6418
248 355 358 410 107

318 465 390 536 β’.
421 465 567 534 Ὅρα
594 461 755 515 πάλιν
786 461 848 514 τὸ
878 461 1066 531 κέρδος
1089 461 1182 512 καὶ
1203 464 1260 514 ἐν
1282 460 1431 527 τάξει
1452 461 1748 529 ἀπολογίας
1773 459 1851 512 δι-

240 546 558 602 δασκαλίαν
583 545 1022 615 ἀπηρτισμένην.
1055 546 1163 598 Καὶ
1219 545 1383 614 ἡμεῖς
1431 546 1617 613 ἐσμεν
1663 543 1850 597 αὐτοῦ

238 630 557 702 μάρτυρες
584 627 706 681 τῶν
721 626 1004 698 ῥημάτων
1039 628 1282 680 τούτων.
1329 627 1504 698 Πολλὴ
1552 629 1584 698 ἡ
1637 627 1852 698 παρρη-

256 716 360 767 σία.
397 707 544 766 Εἶτα
575 711 884 778 ἀξιόπιστον
910 710 1143 782 [λοιπὸν]
1167 711 1258 764 τὸν
1297 711 1457 780 λόγον
1512 709 1707 771 ποιῶν,
1758 712 1853 763 ἐπο

262 802 464 869 ήγαγε’
499 794 619 850 Καὶ
649 793 715 847 τὸ
739 794 1023 862 Πνεῦμαι
1053 794 1121 846 δὲ
1165 794 1229 848 τὸ
1255 794 1444 864 ἅγιον,
1501 794 1533 846 ὃ
1578 793 1802 847 ἔδωκεν
1823 794 1856 846 ὀ

268 881 402 945 Θεὸς
442 879 577 944 τοῖς
619 877 1054 945 πειθαρχοῦσιν
1110 877 1291 942 αὐτῷ.
1334 879 1518 950 Ὁρᾷς,
1575 879 1694 940 πῶς
1733 877 1856 946 ούχὶ

270 967 422 1036 μόνον
441 967 512 1034 τῆ
549 961 787 1027 ἐαυτῶν,
829 961 964 1014 ἀλλά
994 963 1087 1015 καὶ
1114 965 1178 1031 τῇ
1209 961 1306 1015 τοῦ
1339 962 1657 1031 Πνεύματος
1718 977 1857 1031 μαρ-

268 1048 422 1119 τυρία
451 1046 793 1116 κέχρηνται;
841 1046 953 1098 Kal
998 1045 1097 1097 οὐκ
1144 1041 1316 1109 εἷπον,
1362 1047 1428 1098 Ὀ
1457 1044 1658 1096 ἔδωκεν
1703 1045 1856 1113 ἡμῖν,

265 1131 416 1194 ἀλλὰ,
454 1129 592 1195 Τοῖς
629 1129 1019 1197 πειθομένοις*
1047 1129 1163 1198 ἅμα
1195 1129 1293 1198 μὲν
1319 1128 1721 1199 μετριάζοντες,
1741 1126 1857 1197 ἃμα

265 1216 319 1268 δὲ
343 1216 483 1283 μέγα
497 1213 635 1266 αὐτὸ
657 1211 989 1275 δεικνύντες,
1015 1213 1106 1264 καὶ
1123 1210 1428 1281 δηλοῦντες,
1452 1213 1534 1265 ὄτι
1563 1214 1657 1264 καὶ
1674 1213 1859 1269 αὐτοῖς

1243 343 1311 398 IN
1351 337 1536 400 ACTA
1574 339 2113 398 APOS1'OLORUM.
2153 340 2390 397 HOMIL.
2421 339 2559 396 XIII.

3430 345 3538 400 108

1960 461 2094 530 φησὶ
2120 501 2136 527 ,
2195 459 2494 529 μάρτυρες
2543 457 2662 512 τῶν
2711 459 2998 528 ῥημάτων
3048 459 3274 512 τούτων
3323 460 3534 528 ἐσμέν.

1957 543 2168 609 Ποίων;
2203 544 2326 595 ’Ότι
2351 541 2568 611 ἄφεσιν,
2589 543 2672 596 ὄτι
2711 543 3002 610 μετάνοιαν
3051 542 3416 612 ἐπηγγείλατο
3441 558 3454 572 ·
3504 545 3538 613 ἡ

1963 627 2060 696 μὲν
2087 626 2198 698 γὰρ
2226 627 2524 690 ἀνάστασις
2552 623 2618 696 ἦν
2639 626 2825 678 λοιπὸν
2847 625 3272 694 ώμολογημένη.
3315 626 3436 677 Ὅτι
3485 625 3543 677 δὲ

1955 711 2150 779 ἄφεσιν
2182 710 2416 773 δίδωσιν,
2443 712 2606 780 ἡμεῖς
2643 708 3031 780 μαρτυροῦμεν
3051 749 3066 772 ,
3095 710 3190 763 καὶ
3233 708 3295 760 τὸ
3320 708 3547 779 Πνεῦμα

1953 793 2015 844 τὸ
2040 793 2214 861 ἅγιον,
2250 793 2278 846 ὃ
2306 793 2407 846 οὐκ
2435 792 2501 846 ἂν
2524 793 2746 863 ἐπῆλθε,
2773 791 2850 861 μὴ
2879 791 3144 860 πρότερον
3164 789 3193 829 ἀ
3222 790 3332 843 τῶν
3368 792 3548 862 ἀμαρ-

1953 873 2088 928 τιῶν
2136 875 2433 928 λυθεισῶν·
2494 875 2636 929 ὥστε
2699 873 3186 944 ἀναμφισϐήτητον
3249 876 3548 947 τεκμήριον

1954 961 2113 1014 τοῦτό
2143 963 2312 1014 ἐστιν.
2345 963 2576 1031 Ἀιρεσιν
2597 961 3014 1032 ἁμαρτημάτων
3074 957 3314 1021 ἀκούεις,
3371 959 3544 1020 ἄθλιε,

1957 1044 2053 1098 xal
2079 1046 2160 1099 ὅτι
2189 1047 2248 1097 ού
2276 1046 2435 1115 δίκην
2468 1048 2713 1108 ἀπαιτεῖ,
2772 1044 2868 1098 καὶ
2917 1043 3096 1114 βούλει
3144 1043 3395 1107 ἀνελεῖν;
3437 1045 3548 1096 Kal

1960 1127 2130 1197 πόσης
2161 1129 2334 1184 ταῦτα
2365 1131 2486 1199 οὐχὶ
2507 1130 2746 1194 κακίας;
2776 1128 2969 1182 Καίτοι
2999 1128 3033 1198 ἢ
3064 1126 3335 1196 διελέγξαι
3365 1128 3548 1196 ψευδο-

1959 1211 2158 1282 μένους
2181 1213 2421 1284 ὲχρῆν,ἢ
2455 1215 2528 1284 μὴ
2563 1213 2916 1284 δυναμένους,
2951 1211 3272 1279 πεισθῆναι·
3310 1215 3358 1264 εἰ
3387 1211 3444 1264 δὲ
3473 1212 3547 1282 μὴ

266 1297 486 1350 δυνατὸν
511 1295 724 1348 λαϐεῖν.
762 1295 924 1365 Ὅρα,
954 1293 1071 1357 πῶς
1091 1295 1184 1347 καὶ
1208 1294 1275 1346 δι’
1308 1293 1488 1364 ἔργων
1523 1296 1618 1347 καὶ
1646 1294 1732 1346 διὰ
1759 1297 1858 1364 ρη-
1921 1297 2242 1351 κέϐούλοντο
2271 1298 2582 1365 πεισθῆναι,
2618 1300 2692 1368 μὴ
2718 1297 2950 1351 ἀνελεῖν.
2983 1297 3048 1350 Τί
3076 1295 3187 1367 γὰρ
3227 1292 3294 1365 ἦν
3324 1296 3548 1367 ἀναιρέ-

273 1382 455 1452 μάτων
489 1377 867 1440 ἐπαιδεύοντο,
892 1377 986 1430 καὶ
1005 1378 1068 1430 οὑ
1113 1380 1422 1447 προσεῖχον,
1449 1378 1536 1430 ἵνα
1557 1378 1742 1431 δικαία
1763 1378 1860 1429 αὑ-

272 1468 387 1527 τοῖς
418 1465 454 1534 ἡ
475 1462 808 1532 κατάκρισις
829 1460 1075 1530 γένηται.
1117 1463 1218 1515 Διὰ
1263 1462 1372 1531 γάρ
1418 1478 1500 1514 τοι
1529 1460 1687 1514 τοῦτο
1715 1461 1810 1513 καὶ
1833 1460 1860 1511 ὁ

280 1548 416 1613 Θεὸς
442 1545 734 1616 συνεχώρει
761 1544 991 1612 ἄγεσθαι
1018 1543 1216 1606 αὐτοὺς
1245 1545 1322 1607 εἰς
1371 1545 1743 1616 δικαστήριον,
1773 1545 1860 1597 ἵνα

292 1633 392 1688 καὶ
417 1632 598 1684 ἐκεῖνοι
628 1627 1017 1692 παιδεύωνται,
1051 1627 1105 1680 εῐ
1127 1644 1191 1696 γε
1221 1627 1513 1698 μανθάνειν
1551 1628 1858 1694 ἐϐούλοντο,

300 1716 389 1768 καὶ
411 1716 457 1766 al
479 1714 506 1753 δ
531 1711 825 1766 ἀπόστολοι
861 1711 939 1773 είς
964 1711 1275 1782 παρρησίαν
1312 1711 1662 1779 ἀλείφωνται.
1698 1713 1761 1764 υἱ
1794 1711 1862 1764 δὲ

288 1803 676 1862 ἀκούσαντες,
708 1796 1066 1862 διεπρίοντο,
1111 1796 1208 1848 καὶ
1243 1795 1570 1850 ἐϐούλοντο
1619 1795 1862 1850 ἀνελεῖν

277 1884 519 1948 αὐτούς.
555 1881 702 1948 Ὀρα
730 1879 932 1941 κακίας
953 1878 1281 1950 ὑπερϐολήν.
1305 1879 1432 1931 Δέον
1459 1879 1545 1947 ἐφ’
1585 1873 1664 1941 οἷς
1697 1879 1862 1948 ἦκουο

275 1983 376 2018 σαν
402 1962 866 2032 καταπλαγῆναι,
902 1961 951 2014 οἱ
976 1962 1031 2014 δὲ
1053 1961 1415 2033 διαπρίονται,
1447 1962 1540 2015 καὶ
1578 1962 1860 2034 βουλεύον-

271 2067 360 2101 ται
415 2049 555 2113 είκῆ
616 2047 846 2100 ἀνελεῖν.
897 2044 1032 2098 Ἀλλ’
1085 2045 1383 2114 ἀναγκαῖον
1433 2045 1617 2099 λοιπὸν
1655 2045 1862 2099 ἄνωθεν

270 2131 400 2185 [δεῖν
422 2134 497 2183 τά
525 2130 933 2200 ἀνεγνωσμένα.
972 2129 1254 2198 Ἄγγελος
1283 2128 1352 2181 δὲ
1377 2129 1595 2195 Κυρίου
1623 2127 1722 2182 διὰ
1751 2128 1862 2196 τῆς

269 2215 500 2280 νυκτὸς
524 2213 730 2281 ἤνοιξε
765 2214 871 2279 τὰς
901 2213 1102 2278 πύλας
1133 2210 1244 2279 τῆς
1269 2210 1576 2280 φυλακῆς,
1599 2212 1696 2264 καὶ
1765 2213 1861 2277 ἐξ-

268 2297 517 2366 σταγὼν
541 2296 754 2361 αὐτοὺς
787 2291 988 2349 εἶπεν·
1024 2297 1379 2363 Πορεύεσθε,
1406 2295 1505 2348 καὶ
1537 2294 1862 2362 σταθέντες

273 2381 517 2436 λαλεῖτε
542 2383 615 2434 ἐν
639 2378 722 2444 τῷ
748 2378 881 2446 ἱερῷ
915 2378 994 2444 τῷ
1025 2378 1154 2444 λαῷ
1181 2378 1380 2432 πάντα
1407 2379 1478 2433 τὰ
1491 2381 1732 2448 ﬁngam
1753 2379 1863 2448 τῆς

275 2465 420 2533 ζωῆς
445 2466 700 2531 ταύτης.
748 2464 1126 2533 Ἔξαγαγπώνι
1169 2465 1269 2517 οὑκ
1316 2464 1478 2528 αὐτὸς
1519 2466 1721 2533 ἀπάγει
1763 2467 1864 2519 αύ-

277 2551 418 2612 τοὶις,
443 2549 562 2602 ἀλλ’
595 2548 823 2618 ἀφίησιν
843 2564 858 2577 ·
885 2547 1025 2601 ὥστε
1053 2548 1146 2601 καὶ
1173 2547 1348 2621 ταύτῃ
1387 2548 1568 2602 αὐτῶν
1617 2551 1866 2622 γνωσθῆ-

288 2651 374 2686 ναι
393 2636 451 2685 τι.
476 2632 926 2700 ἀκατάπληκτον,
961 2631 988 2684 ὃ
1015 2634 1108 2687 καὶ
1133 2632 1341 2700 ἔδειξαν
1364 2633 1558 2696 νυκτὸς
1599 2635 1865 2690 εἰσελθόν-

295 2719 381 2778 τες
401 2719 473 2777 εἰς
495 2718 549 2768 τὸ
586 2717 735 2787 ἱερὸν
759 2717 853 2768 καὶ
880 2715 1239 2779 διδάσκοντες.
1285 2717 1346 2769 El
1385 2717 1441 2769 δὲ
1484 2716 1738 2781 ἐξέϐαλον
1767 2718 1863 2770 αύ-

295 2800 415 2862 τσῦς
436 2801 477 2851 οί
500 2799 764 2868 φύλακες,
792 2798 868 2862 ὡς
893 2801 1091 2853 ἐκεῖνοι
1117 2798 1365 2869 ἐνόμιζον
1385 2839 1401 2863 ,
1460 2798 1658 2869 ἔφυγον
1693 2803 1778 2868 ἂν,
1812 2800 1867 2854 εἴ

287 2897 346 2950 γε
366 2883 678 2945 πεισθέντες
705 2880 930 2951 ἐξῆλθον
952 2899 966 2912 ·
1001 2881 1199 2951 μᾶλλον
1227 2883 1305 2945 δὲ,
1339 2885 1387 2936 εί
1421 2883 1671 2949 ἐξέϐαλον
1705 2895 1727 2924 ο
1761 2887 1860 2938 αύ-

275 2965 397 3026 w);
415 2967 640 3028 ἐκεῖνοι,
665 2966 764 3017 οὐκ
782 2966 846 3018 ἂν
869 2967 948 3028 είς
965 2965 1026 3018 τὸ
1044 2966 1189 3035 ἱερὸν
1210 2965 1464 3036 ἔστησαν,
1489 2966 1602 3020 ἀλλ’
1624 2968 1862 3039 ἀπέδρα-

279 3063 372 3098 σαν
420 3049 507 3101 ἀν.
525 3049 703 3101 Τοῦτο
741 3048 798 3100 δὲ
824 3049 996 3111 οὐδεὶς
1031 3048 1202 3112 οὕτως
1220 3049 1447 3120 ἀνόητος
1479 3049 1620 3104 ὥστε
1645 3053 1719 3124 μὴ
1738 3070 1864 3107 συν-

278 3131 418 3187 ιδεῖν.
443 3133 598 3200 Οὐχὶ
641 3130 794 3204 [105]
819 3133 1186 3201 παραγγελία
1201 3136 1684 3205 παρηγγείλαμεν
1699 3135 1860 3205 ὑμῖν,

271 3216 402 3286 φησί
426 3232 444 3279 ;
469 3217 535 3269 EI
570 3216 669 3284 μὲν
699 3212 791 3268 οὖν
820 3217 916 3269 καὶ
941 3217 1096 3269 αὐτοὶ
1121 3217 1453 3288 ἐπείσθησαν
1485 3221 1644 3283 ὑμῖν,
1681 3221 1863 3285 καλῶς

265 3300 530 3352 εὐθύνετε
555 3315 572 3328 ·
609 3299 736 3352 εἰδὲ
765 3300 861 3351 καὶ
890 3300 948 3365 ἐξ
975 3300 1184 3352 ἐκείνου
1243 3297 1398 3355 εἶπον
1449 3302 1524 3372 μὴ
1578 3303 1863 3375 πεισθήσε-

261 3383 414 3446 σθαι,
451 3383 713 3454 περιτταὶ
733 3384 788 3434 al
814 3381 1056 3449 εύθῦναι,
1093 3385 1348 3452 περιτταὶ
1377 3385 1470 3437 καὶ
1491 3386 1546 3437 αί
1578 3403 1863 3456 παραγγε-

257 3467 394 3521 λίαι.
437 3468 589 3536 Ὅρα
621 3465 984 3536 ἐγκλημάτων
1008 3467 1417 3530 άνακολουθίαν,
1445 3467 1549 3521 ’καὶ
1589 3469 1863 3542 ὑπερϐάλ-

253 3551 469 3607 λουσαν
507 3550 722 3604 ἄνοιαν.
756 3549 990 3612 Ψονικὰς
1016 3549 1202 3603 λοιπὸν
1243 3549 1523 3620 βούλονται
1556 3552 1725 3617 δεῖξαι
1762 3555 1862 3617 τὰς

251 3635 625 3707 προαιρέσεις
645 3634 754 3686 τῶν
798 3633 1085 3697 Ἰουδαίων,
1117 3633 1193 3695 ὡς
1229 3635 1290 3686 ού
1316 3634 1384 3686 δι’
1402 3635 1659 3706 ἀλήθειαν
1690 3636 1860 3690 ταῦτα

255 3717 597 3778 ποιούντων,
654 3716 768 3770 ἀλλ’
816 3716 958 3769 ὥστε
1009 3715 1321 3788 ἀμύνασθαι
1360 3717 1718 3788 βουλομένων.
1763 3721 1862 3772 Διά

256 3803 424 3856 τοῦτο
457 3802 557 3854 καὶ
587 3800 707 3853 οὐδὲ
740 3800 986 3871 θρασέως
1011 3801 1194 3864 αὐτοῖς
1217 3800 1608 3872 ἀποκρίνονται
1655 3804 1702 3855 οἱ
1727 3803 1860 3856 ἀπό-

261 3888 452 3939 στολοι
469 3903 483 3916 ·
511 3883 824 3937 διδάσκαλοι
874 3883 984 3954 γὰρ
1008 3879 1150 3954 ἦσαν
1173 3898 1184 3909 °
1214 3884 1392 3936 καίτοι
1419 3883 1504 3948 τίς
1536 3886 1637 3938 οὐκ
1662 3886 1728 3940 ἂν
1758 3887 1858 3958 τὴν

259 3972 424 4023 πόλιν
477 3969 706 4022 ἃπασαν
749 3967 1232 4039 ἀναρτησάμενος,
1268 3967 1362 4020 καὶ
1411 3968 1678 4041 τοσαύτης
1729 3971 1860 4023 ἀπο-

257 4053 452 4107 λαύων
475 4053 723 4122 χάριτος,
751 4045 902 4104 εἶπεν
935 4053 1000 4103 ἂν
1021 4051 1084 4120 δή
1111 4067 1164 4102 τι
1189 4052 1284 4103 καὶ
1329 4051 1628 4120 ἐφθέγξατο
1677 4054 1854 4124 μέγα;

269 4137 423 4192 Ἀλλ’
456 4138 560 4204 οὐχ
591 4131 734 4188 οὗτοι
758 4151 770 4163 ·
813 4135 875 4187 οὐ
908 4135 1016 4207 γάρ
1049 4133 1364 4204 ὠργίζοντο,
1393 4135 1506 4188 ἀλλ’
1538 4137 1728 4205 ἠλέουν
1758 4141 1853 4191 αύ-

259 4225 386 4286 τοῦς
422 4221 521 4275 καὶ
545 4219 828 4290 ἐδάκρυον,
860 4220 955 4272 καὶ
981 4219 1270 4282 ἐσκόπουν,
1296 4219 1444 4280 ὅπως
1468 4220 1664 4284 αὐτοὺς
1683 4222 1858 4274 ἀπαλ-

259 4304 474 4368 λάξωσι
495 4304 596 4372 τῆς
624 4303 830 4372 πλάνης
860 4303 953 4356 καὶ
979 4301 1068 4355 τοῦ
1107 4302 1301 4371 θυμοῦ.
1345 4303 1456 4356 Kal
1500 4303 1600 4355 οὐκ
1657 4305 1736 4357 ἐτι
1771 4305 1858 4358 λέ-

259 4405 428 4456 γουσι
453 4388 596 4459 πρὸς
633 4387 852 4449 αὐτούς·
899 4384 1098 4455 ’Υμεῐς
1130 4385 1372 4452 κρίνατε
1397 4405 1409 4417 ’
1477 4386 1590 4439 ἀλλ’
1621 4388 1858 4456 ἀποφαί-

264 4490 450 4525 νονται
479 4471 750 4539 λέγοντες
787 4474 896 4524 Ὃν
923 4473 955 4524 ό
986 4469 1129 4536 Θεὸς
1158 4468 1353 4538 ἤγειρε
1375 4485 1388 4500 ·
1425 4469 1512 4523 διὰ
1540 4469 1729 4524 τούτου
1764 4473 1859 4542 δη-

266 4555 512 4618 λοῦντες,
576 4556 656 4607 ὅτι
707 4553 849 4607 κατά
890 4552 1114 4624 γνώμην
1172 4551 1266 4605 τοῦ
1315 4550 1449 4604 Θεοῦ
1480 4553 1655 4605 ταῦτά
1686 4556 1852 4610 ἐστιν.

269 4640 384 4691 οὐκ
409 4634 568 4690 εἷπον
595 4637 672 4700 δὲ,
695 4639 774 4691 ὅτι
795 4639 908 4690 Οὐκ
937 4637 1164 4706 εἴπομεν
1197 4636 1325 4706 ὑμῖν
1351 4635 1443 4688 καὶ
1476 4635 1620 4702 τότε,
1667 4638 1857 4706 Ἡμεῖς

273 4725 340 4776 οὐ
371 4721 704 4791 δυνάμεθα,
747 4721 786 4774 ἃ
818 4720 1057 4790 ειδομεν
1082 4720 1182 4774 καὶ
1218 4721 1589 4789 ἠκούσαμεν,
1629 4720 1714 4790 μὴ
1744 4726 1856 4778 λα-

279 4806 438 4869 λεῖη
472 4806 536 4857 ού
573 4805 682 4874 γάρ
711 4807 816 4858 είσι
847 4803 1156 4874 φιλότιμοι⁸
1200 4802 1334 4856 ἀλλά
1392 4803 1556 4857 πάλιν
1597 4803 1667 4858 τὰ
1717 4805 1857 4859 αὑτά

289 4903 429 4952 φοι,
456 4889 552 4941 τὸν
585 4888 836 4958 σταυρὸν,
862 4889 962 4959 τὴν
997 4889 1312 4940 ἀνάστασιν.
1350 4887 1460 4939 Καὶ
1499 4887 1558 4940 ού
1612 4887 1856 4957 λέγουσι,

298 4969 441 5025 διὰτί
469 4971 794 5044 ἐσταυρώθη
821 4991 834 5005 ·
869 4975 952 5028 ὃτι
983 4974 1123 5043 ὑπὲρ
1156 4974 1347 5043 ήμῶν·
1377 4973 1490 5026 ἀλλ’
1530 4973 1856 5029 αἰνίττονται

305 5051 415 5118 μὲν.
436 5053 580 5108 ώπω
614 5055 674 5108 δὲ
698 5055 974 5128 φανερῶς,
999 5057 1138 5118 τέως
1176 5056 1374 5119 αὐτοὺς
1408 5056 1648 5127 φοϐῆσαι
1678 5058 1855 5128 βουλό-

298 5151 466 5202 μενοι.
486 5138 614 5192 Εἰπέ
652 5139 916 5209 μοι,ποία
964 5138 1220 5211 ῥητορεία
1268 5139 1535 5205 ἐνταῦθα;
1576 5141 1849 5212 Οὐδεμία*

287 5218 432 5274 οὕτω
447 5225 604 5294 χωρὶς
626 5225 969 5293 κατασκευῆς
989 5224 1049 5276 τὸ
1069 5225 1168 5292 τῆς
1185 5223 1330 5294 ζωῆς
1357 5225 1654 5295 ἐκήρυττον
1677 5224 1854 5296 Εὐαγ-

279 5303 475 5373 γέλιον.
505 5307 689 5360 Εἰπὼν
717 5307 796 5373 δὲ,
823 5309 904 5362 ὅτι
934 5309 1191 5376 ἰ’ψωσε,
1253 5308 1401 5377 λέγει
1449 5309 1543 5362 καὶ
1575 5311 1667 5362 ἐπὶ
1723 5313 1848 5377 τίνι,

283 5391 416 5443 ἐπὶ
446 5390 524 5457 τῷ
554 5391 763 5445 δοῦναι
787 5391 1132 5461 μετάνοιαν,
1159 5392 1401 5460 ἐπάγων,
1443 5391 1523 5458 τῷ
1565 5393 1810 5462 Ἰσραὴλ
1834 5434 1848 5459 ,

269 5476 369 5529 καὶ
417 5475 643 5544 ἄφεσιν
690 5475 1008 5545 ἁμαρτιῶν.
1062 5476 1205 5530 Ἀλλ’
1235 5475 1470 5530 ἀπίθανα
1506 5475 1680 5530 ταῦτα
1713 5479 1850 5542 τέως

267 5559 464 5624 ἐδόκει,
493 5562 648 5629 φασί.
682 5562 745 5613 Τί
780 5561 991 5627 λέγεις;
1023 5561 1117 5614 καὶ
1149 5561 1266 5622 πῶς
1291 5561 1351 5612 οὐ
1387 5559 1589 5614 πιθανὰ
1626 5560 1846 5627 μᾶλλον,

267 5637 351 5706 οἷς
375 5661 439 5712 γε
467 5647 570 5697 οὐκ
593 5645 852 5717 ἄρχοντες
880 5645 1154 5697 ἀντειπεῖν
1187 5638 1352 5712 εἶχον,
1383 5644 1444 5696 οὐ
1471 5643 1704 5713 πλῆθος·
1731 5644 1849 5698 ἀλλ’

266 5728 320 5781 οι
359 5728 460 5797 μὲν
482 5728 924 5799 ἐπεστομίζοντο,
953 5728 1003 5779 οἱ
1025 5727 1080 5779 δὲ
1103 5726 1478 5794 ἐδιδάσκοντο;
1510 5727 1618 5780 Καὶ
1654 5729 1846 5797 ἡμεῖς,

334 5865 533 5932 ‘__Ideln
557 5866 825 5932 παιφησία,
853 5865 937 5922 καὶ
973 5865 1030 5913 τὸ
1070 5864 1339 5932 ἀξιόπιστον
1361 5879 1372 5892 ⁸
1419 5864 1512 5932 Καί
1551 5864 1606 5912 τὸ
1628 5865 1844 5932 Πνεῦμα.

273 5924 300 5990 ξ
346 5927 487 5977 Unus
509 5924 636 5978 ood.‘
656 5924 996 5984 ’παιδεύωνται,
1041 5929 1122 5976 καὶ
1160 5927 1329 5982 πάντες
1364 5926 1649 5990 μανθάνωσι,
1675 5924 1842 5988 καὶόί.

280 5989 302 6018 ⁸
339 5990 436 6041 Alii
485 5992 692 6049 ἐξῆλθον,
713 5992 790 6038 καὶ
823 5991 862 6038 εἰ
887 5990 1123 6050 ἐξέϐαλον,

1958 1397 2098 1444 σεως
2129 1381 2314 1448 άξιον;
2352 1383 2416 1434 Ol
2444 1381 2500 1433 δὲ
2537 1381 2643 1434 ὑπὸ
2675 1379 2769 1432 τοῦ
2811 1377 2988 1450 θυμοῦ
3036 1379 3156 1431 οὐδὲ
3215 1379 3450 1432 συνεῖδον
3488 1378 3551 1430 τὸ

1956 1465 2344 1536 γεγενημένον.
2384 1467 2555 1536 Ὅρα,
2598 1464 2716 1527 πῶς
2772 1464 3008 1517 ἐνταῦθα
3075 1463 3550 1533 μνημονεύσαντες

1957 1547 2054 1601 τοῦ
2077 1549 2448 1620 τολμήματος,
2468 1548 2598 1618 περὶ
2620 1548 2868 1615 ἀφέσεως
2893 1547 3256 1614 διαλέγονται,
3306 1545 3552 1600 δεικνύν-

1957 1648 2071 1694 τες,
2092 1633 2173 1684 ὅτι
2191 1631 2261 1684 τά
2292 1631 2390 1701 μὲν
2409 1630 2756 1699 γεγενημένα
2783 1629 2910 1692 ἄξια
2949 1627 3206 1692 Θανάτου,
3237 1628 3306 1681 τὰ
3331 1628 3386 1681 δὲ
3410 1627 3550 1681 διδό-

1962 1731 2102 1784 μενα
2137 1713 2212 1778 ὼς
2237 1713 2576 1784 εὑγνώμοσιν
2611 1713 2841 1765 ἐδίδοντο
2871 1724 2915 1764 ο.
2953 1711 3078 1775 Πῶς
3122 1713 3188 1765 ἂν
3237 1711 3412 1774 ἄλλως
3467 1728 3551 1774 τις

1958 1798 2176 1852 ἔπεισεν
2207 1798 2405 1858 αὐτοὺς
2431 1796 2463 1866 ἢ
2489 1795 2564 1858 ὡς
2589 1794 3014 1863 εὐδοκιμοῦντας
3043 1794 3247 1859 είπών;
3311 1795 3418 1847 Καὶ
3450 1795 3552 1865 ὅρα

1957 1883 2057 1952 τὴν
2111 1880 2486 1949 κακουργίαν·
2539 1879 2664 1940 τοὺς
2728 1877 3120 1941 Σαδδουκαίους
3195 1879 3378 1941 αὐτοῖς
3451 1879 3554 1946 ἐφ·-

1961 1963 2206 2026 ιστῶσιν,
2241 1961 2290 2016 οἳ
2324 1961 2561 2032 μάλιστα
2583 1960 2784 2030 ἤλγουν
2821 1960 2912 2012 ἐπὶ
2941 1963 3006 2031 τῇ
3054 1961 3365 2014 ἀναστάσει.
3409 1958 3550 2012 ’Λλλ’

1956 2047 2112 2100 οὐδὲν
2136 2047 2232 2116 τῆς
2263 2046 2530 2116 πονηρίας
2557 2044 2863 2098 ἁπώναντο.
2882 2045 3046 2109 ςΑλλ’
3104 2044 3232 2108 ἴσως
3278 2047 3393 2116 ἐρεῖ
3435 2059 3549 2104 τιςο

1958 2132 2072 2185 Καὶ
2094 2131 2177 2194 τίς
2209 2130 2496 2202 ἄνθρωπος
2523 2130 2779 2182 τοιούτων
2814 2129 3127 2192 ἀπολαύων,
3159 2131 3287 2182 οἴων
3310 2129 3358 2181 οί
3412 2128 3551 2181 ἀπό-

1962 2215 2158 2276 στολοι,
2200 2215 2302 2267 οὐκ
2326 2213 2392 2267 ἂν
2427 2214 2598 2284 μέγας
2619 2213 2872 2282 ἐγένετο;
2921 2213 3062 2267 Ἀλλ’
3105 2214 3208 2284 δρα
3277 2229 3366 2282 μοι
3422 2212 3554 2284 πρὶν

1959 2300 1992 2371 ἢ
2053 2297 2364 2352 ἀπολαῦσαι
2416 2299 2519 2368 τῆς
2565 2297 2808 2369 χάριτος,
2850 2297 2968 2361 πῶς
3017 2293 3158 2368 ἦσαν
3209 2313 3556 2368 προσκαρτε-

1965 2382 2186 2454 ροῦντες
2210 2381 2558 2454 ὁμοθυμαδὸν
2620 2384 2687 2452 τῇ
2740 2384 3040 2453 προσευχῇ,
3083 2381 3178 2434 καὶ
3241 2379 3554 2448 ἐλπίζοντες

1962 2467 2054 2520 ἐπὶ
2069 2466 2166 2536 τὴν
2188 2465 2396 2521 ἀνωθεν
2415 2467 2610 2537 ῥοπήν.
2629 2464 2740 2518 Καὶ
2759 2463 3260 2536 σὺ[1061ὲλπίζεις,
3279 2463 3550 2535 ἀγαπητὲ,

1963 2550 2244 2621 βασιλείαν
2292 2549 2558 2621 οὐρανῶν,
2616 2548 2732 2602 ἀλλ’
2782 2548 2936 2601 οὐδὲν
2992 2548 3311 2618 ὑπομένεις;
3362 2548 3454 2602 καὶ
3486 2547 3551 2600 συ

1962 2633 2188 2705 Πνεῦμα
2228 2633 2438 2697 ἔλαϐες,
2474 2631 2588 2686 ἀλλ’
2621 2632 2682 2684 ού
2703 2631 2925 2684 τοιαῦτα
2966 2631 3217 2702 πάσχεις,
3263 2630 3386 2683 οὐδὲ
3435 2646 3554 2683 κινο

1960 2717 2238 2781 δυνεύεις;
2279 2717 2506 2769 Ἐκεῖνοι
2554 2713 2633 2774 δὲ,
2687 2714 2817 2784 πρὶν
2854 2714 2887 2783 ἢ
2933 2713 3043 2765 τῶν
3101 2713 3382 2782 προτέρων
3430 2712 3556 2764 ἀνα-

1962 2799 2216 2864 πνεῦσαι,
2248 2799 2412 2852 πάλιν
2439 2797 2522 2868 ἐφ’
2555 2797 2718 2866 ἕτερα
2741 2795 2958 2866 ἤγοντο.
2991 2795 3101 2847 Kal
3128 2794 3287 2848 τοῦτο
3326 2795 3382 2848 δὲ
3421 2795 3552 2848 αὐτὸ

1959 2885 2022 2939 τὸ
2047 2886 2123 2956 μὴ
2147 2884 2485 2952 τυφωθῆναι,
2519 2882 2579 2934 τὸ
2612 2881 2685 2952 μὴ
2721 2879 3092 2950 κενοδοξῆσαι,
3114 2879 3278 2932 πόσον
3311 2880 3458 2931 ἐστὶν
3487 2880 3552 2932 ἀ-

1960 2969 2158 3038 γαθὸνί
2195 2969 2256 3021 τὸ
2281 2967 2420 3038 μετὰ
2447 2964 2750 3027 ἐπιεικείας
2799 2963 3165 3030 διαλέγεσθαι,
3230 2963 3396 3014 πόσον
3435 2963 3554 3019 ἐστὶ

1961 3053 2150 3125 κέρδος
2179 3053 2190 3105 !
2216 3053 2290 3106 Οὐ
2324 3050 2435 3120 γὰρ
2463 3050 2526 3120 δὴ
2565 3047 2743 3100 πάντα
2771 3048 2870 3118 τῆς
2893 3047 3114 3116 χάριτος
3152 3042 3241 3118 ἦν,
3283 3045 3421 3099 ἀλλὰ
3459 3049 3553 3100 καὶ

1960 3137 2055 3206 τῆς
2081 3135 2262 3189 αὐτῶν
2295 3133 2530 3203 σπουδῆς
2567 3130 2738 3184 πολλὰ
2769 3131 2837 3182 τά
2869 3131 3164 3200 τεκμήρια.
3230 3128 3304 3182 Τὸ
3346 3129 3455 3200 γὰρ
3493 3130 3553 3180 ἐν

1960 3221 2144 3282 αὐτοῖς
2161 3219 2231 3272 τά
2258 3217 2360 3287 τῆς
2392 3217 2614 3288 χάριτος
2635 3213 2986 3284 διαλάμπειν,
3021 3214 3118 3282 τῆς
3147 3213 3330 3268 αὐτῶν
3352 3216 3552 3286 ἐπιμε-

1961 3302 2109 3365 λείας
2132 3298 2223 3372 ἦν.

2030 3385 2250 3455 γ’.”ορα
2279 3383 2409 3452 γοῦν
2439 3382 2598 3446 εὐθὺς
2625 3382 2684 3449 ἐξ
2709 3383 2904 3454 ἀρχῆς,
2935 3381 3050 3444 πῶς
3074 3383 3552 3454 μεμεριμνημένος

1959 3469 1988 3519 ὁ
2009 3469 2213 3539 Πέτρος
2230 3467 2368 3528 ἐστὶ,
2398 3465 2515 3528 πῶς
2531 3467 2714 3536 νήφων
2745 3465 2840 3518 καὶ
2863 3463 3202 3534 ἐγρηγορὼς,
3238 3465 3354 3527 πῶς
3384 3466 3433 3518 oi
3463 3483 3552 3517 m—

1963 3552 2287 3612 στεύσαντες
2321 3551 2388 3602 τά
2417 3551 2680 3620 χρήματα
2711 3549 2964 3620 ἔρριψαν.
3016 3549 3184 3601 Οὐδὲν
3220 3549 3348 3602 ἴδιον
3381 3544 3549 3619 εἶχον,

1959 3635 2018 3686 ἐν
2046 3635 2178 3704 εὐχῇ
2203 3630 2365 3705 ἦσαν,
2398 3633 2653 3702 ὁμόνοιαν
2712 3633 3112 3693 ἐπεδείκνυντο,
3159 3632 3216 3683 ἐν
3271 3634 3551 3700 νηστείαις

1958 3715 2166 3786 διῆγον.
2198 3715 2382 3769 Ταῦτα
2409 3716 2568 3779 ποίας
2599 3715 2854 3785 χάριτος;
2889 3715 3008 3768 εἰπέ
3073 3731 3182 3785 μοι.
3240 3715 3338 3769 Διά
3392 3715 3550 3768 τοῦτο

1961 3801 2056 3854 καὶ
2085 3799 2150 3854 δι’
2186 3799 2364 3853 αὐτῶν
2405 3802 2545 3851 ποιεῖ
2573 3797 2826 3866 γενέσθαι
2891 3797 2985 3851 τὸν
3023 3797 3244 3867 ἔλεγχον
3278 3798 3387 3850 τῶν
3447 3799 3550 3852 ύπ·

1959 3884 2175 3956 ηρετῶν
2209 3884 2391 3938 αὐτῶν
2413 3899 2425 3913 ⁸
2458 3883 2508 3934 οἳ
2537 3884 2631 3936 καὶ
2655 3881 2846 3952 ὥσπερ
2872 3883 2965 3934 ἐπὶ
2985 3881 3080 3934 τοῦ
3102 3881 3338 3955 Χριστοῦ
3363 3882 3547 3952 ἔλεγον

1957 3971 2005 4022 οί
2029 3969 2390 4038 πεμφθέντες,
2437 3967 2736 4021 Οὐδέποτε
2765 3966 2957 4032 οὕτως
2983 3965 3296 4031 ἅνθρωπος
3322 3965 3548 4035 ἐλάλη-

1957 4069 2070 4107 σεν
2083 4055 2164 4118 ὡς
2191 4049 2370 4118 οὗτος
2395 4055 2428 4106 ὀ
2454 4052 2782 4119 ἅνθρωπος,
2807 4048 3148 4119 ἀπήγγειλαν
3175 4050 3548 4121 ὑποστρέψαν-

1954 4155 2044 4195 τες
2067 4136 2209 4207 ἅπερ
2248 4134 2405 4189 εἶδον.
2435 4136 2506 4186 Συ
2538 4135 2594 4186 δέ
2634 4151 2724 4204 μοι
2766 4133 2958 4186 σκόπει
2989 4133 3222 4185 ἐνταῦθα
3253 4136 3347 4186 καὶ
3367 4135 3545 4188 αὐτῶν

1955 4219 2053 4289 τὴν
2080 4220 2402 4281 ἐπιείκειαν,
2427 4219 2542 4279 πῶς
2568 4219 2799 4277 εἴκουσι,
2837 4216 2931 4267 καὶ
2964 4215 3057 4266 τοῦ
3098 4216 3398 4285 ἀρχιερέως
3445 4218 3544 4285 τὴν

1959 4303 2350 4374 πεπλασμένην
2373 4299 2619 4371 γνώμην.
2668 4296 2955 4358 Ἑπιεικῶς
2982 4297 3090 4368 γὰρ
3143 4298 3302 4367 δῆθεν
3358 4299 3543 4364 αὐτοῖς

1957 4388 2300 4456 διαλέγεται,
2351 4386 2448 4440 ἆτε
2489 4383 2862 4456 φοϐούμενος,
2921 4383 3014 4435 καὶ
3049 4381 3291 4436 κωλῦσαι
3343 4383 3541 4453 μᾶλλον

1957 4471 2225 4532 ἐϐούλετο,
2253 4470 2536 4540 ἣάνελεῖν,
2572 4467 2762 4538 ἐπειδὴ
2790 4467 2948 4519 τοῦτο
2970 4466 3068 4519 οὐκ
3097 4465 3328 4536 ἠδύνατο
3358 4467 3402 4520 ί.
3433 4470 3543 4522 Καὶ

1955 4558 2099 4611 ὥστε
2125 4557 2332 4620 πάντας
2363 4556 2610 4624 κινῆσαι,
2640 4553 2887 4622 καὶπερὶ
2920 4551 3028 4603 τῶν
3054 4552 3299 4621 ἐσχάτων
3359 4553 3542 4615 αὐτοῖς

1956 4641 2330 4711 ἐπικρεμάσαι
2359 4639 2448 4692 τὸν
2476 4639 2746 4700 κίνδυνον,
2797 4637 3124 4695 Βούλεσθε,
3179 4635 3365 4703 φησὶν,
3431 4636 3539 4688 ἐπ-

1954 4725 2200 4796 αγαγεῖν
2229 4724 2320 4792 ἐφ’
2351 4722 2507 4792 ἡμᾶς
2543 4722 2606 4774 τὸ
2641 4716 2781 4788 αἷμα
2813 4719 2918 4774 τοῦ
2954 4717 3266 4784 ἀνθρώπου
3293 4719 3540 4783 τούτου;

1959 4811 2081 4863 Ἔτι
2111 4807 2397 4879 ἄνθρωπος
2423 4802 2561 4858 εἷναί
2592 4822 2674 4858 σοι
2702 4804 2880 4866 δοκεῖς
2918 4801 3107 4866 Οὕτως
3127 4797 3276 4865 εἷπε,
3297 4802 3534 4865 δεικνὺς,

1954 4895 2036 4948 ὅτι
2065 4890 2341 4959 ἀναγκαία
2369 4892 2402 4957 ἡ
2439 4888 2839 4960 παρακέλευσις
2887 4887 3114 4962 γέγονεν
3148 4886 3352 4952 αὐτοῖς.
3397 4885 3536 4939 Ἀλλ’

1953 4978 2054 5048 δρα
2079 4978 2172 5031 καὶ
2197 4975 2289 5028 τὸν
2318 4973 2543 5043 Πέτρον,
2571 4972 2623 5025 τί
2647 4987 2814 5040 φησιν
2839 4986 2853 5000 ·
2893 4968 3114 5033 Τοῦτον
3149 4973 3180 5022 ὀ
3218 4969 3362 5034 Θεὸς
3389 4970 3536 5038 ἀρχ-

1953 5060 2104 5129 ηγὸν
2155 5058 2251 5111 καὶ
2304 5055 2552 5123 Σωτῆρα
2599 5055 2810 5122 ﬁgi-was
2841 5051 2914 5121 τῇ
2944 5052 3112 5119 δεξιᾷ
3170 5051 3378 5117 αὐτοῦ,
3431 5054 3535 5105 τοῦ

1953 5143 2163 5197 δοῦναι
2184 5139 2507 5210 μετάνοιαν
2537 5137 2617 5203 τῷ
2652 5136 2920 5205 Ἰσραὴλ,
2957 5138 3051 5190 καὶ
3087 5137 3308 5205 ἄφεσιν
3352 5137 3535 5205 ἀμαρ-

1953 5224 2112 5280 τιῶν.
2157 5221 2422 5279 Ἐνταῦθα
2448 5223 2510 5276 οὐ
2536 5221 2808 5292 μέμνηται
2836 5221 2940 5281 τῶν
3005 5219 3196 5283 ἐθνῶν,
3229 5220 3315 5271 ἵνα
3351 5219 3425 5288 μὴ
3457 5215 3531 5285 δῷ

1950 5309 2142 5381 λαϐήν.
2197 5307 2307 5362 Καὶ
2359 5306 2702 5368 ἐϐούλοντο,
2771 5305 2955 5374 φησὶν,
3020 5303 3260 5356 ἀνελεῖν
3287 5302 3527 5367 αὐτούς.

1951 5395 2098 5464 Ὅρα
2136 5392 2300 5446 πάλιν
2340 5389 2562 5452 τούτους
2591 5391 2648 5442 ἐν
2680 5389 2919 5459 ἀπορίᾳ..
2962 5387 3183 5450 τούτους
3232 5390 3288 5438 ἐν
3321 5385 3484 5458 ὀδύνῃ
3509 5403 3522 5416 ·

1948 5477 2191 5539 ἐκείνους
2223 5475 2278 5528 δὲ
2301 5476 2358 5527 ἐν
2384 5475 2566 5527 ἀνέσει
2591 5473 2685 5526 καὶ
2718 5464 2952 5541 εὐθυμία
2978 5472 3071 5523 καὶ
3100 5473 3157 5522 ἐν
3192 5471 3390 5539 τρυφῇ.
3415 5469 3528 5538 Ούχ

1948 5560 2138 5622 ἁπλῶς
2163 5557 2461 5620 ὠδυνῶντο,
2497 5555 2633 5609 ἀλλὰ
2667 5555 3028 5620 Διεπρίοντο.
3049 5551 3218 5613 Τοῦτό
3246 5553 3392 5604 ἐστιν
3418 5551 3539 5623 ἄρα,

1947 5643 2030 5710 τὸ,
2065 5642 2251 5704 κακῶς
2275 5641 2466 5694 παθεῖν
2492 5640 2554 5692 τὸ
2582 5638 2767 5700 κακῶς
2799 5639 2970 5690 ποιεῖν
2996 5652 3010 5664 θ
3045 5633 3297 5705 καθάπερ
3320 5635 3415 5700 καὶ
3436 5637 3542 5703 ἐν-η,

1947 5727 2121 5783 ταῦθα
2147 5725 2293 5778 ἐστιν
2326 5725 2474 5778 ἰδεῖν.
2530 5723 2616 5775 Ἐν
2634 5722 2853 5792 δεσμοῖς
2877 5715 3018 5791 ἦσαν
3041 5710 3206 5782 οὗτοι,
3232 5719 3530 5790 παρειστή-

2007 5932 2035 5973 d
2069 5933 2314 5988 Ἐπῆλθεν,
2336 5932 2376 5980 εἰ
2402 5931 2465 5992 μή
2484 5928 2835 5992 πρότερονίείίξ
2855 5941 2997 5992 υῃυε.
3024 5988 3035 5992 _
3072 5939 3095 5992 ρ
3138 5928 3290 5992 Ξαιξὶι.
3315 5931 3380 5985 ὡς
3399 5925 3534 5991 εῦίρ-

1959 5993 2356 6053 γέταιςέδίδοντο.
2403 5988 2614 6042 ’ίοιὶιιυε
2635 5988 2795 6047 ἐπειδὴ
2818 5990 2967 6038 ἐκεῖνο
2989 5988 3042 6038 ού
3068 5989 3280 6038 δυνατὸν.
