3946 6452
491 363 596 419 ιον

473 491 664 532 κεισαν
690 474 1047 544 δικαστηρίῳ,
1101 473 1196 526 καὶ
1236 473 1286 526 οί
1337 471 1650 534 δικάζοντες
1669 467 1808 542 ἦσαν
1839 470 1897 520 ἐν
1924 469 2060 520 ἀπο-

475 561 568 633 ρίᾳ
594 572 644 623 ει,
682 562 739 612 ἐν
763 557 1042 628 ἀμηχανίᾳ
1065 555 1252 626 πολλῇ.
1284 555 1550 627 Καθάπερ
1583 555 1693 624 γάρ
1721 557 1752 606 ὁ
1786 553 1878 606 τὸν
1925 551 2058 605 ἀδά-

475 661 650 714 μαντα
672 642 945 711 πλήττων,
969 640 1132 702 αὐτὸς
1158 639 1427 710 λαμϐάνει
1473 640 1573 708 τὴν
1623 638 1867 708 πληγήν·
1913 633 2060 688 οὕτω

468 727 532 796 δὴ
591 726 685 778 καὶ
729 716 896 776 οὗτοι.
973 722 1115 775 Ἀλλ’
1180 720 1368 793 ἐώρων
1438 721 1499 774 οὐ
1572 721 1732 791 μόνον
1772 721 1874 772 οὐκ
1945 718 2062 786 ἐμ-

469 807 828 876 ποδιζομένην
884 804 1065 858 αὐτῶν
1126 805 1226 877 τὴν
1263 803 1599 876 παρρησίαν,
1631 801 1768 856 ἀλλὰ
1795 802 1892 856 καὶ
1925 799 2062 872 μᾶλ-

467 897 556 948 λον
583 895 886 964 αὐξόμενον
923 892 985 945 τὸ
1013 892 1300 963 κήρυγμα,
1330 893 1425 944 καὶ
1460 889 1900 960 ἀκαταπλήκτως
1940 889 2059 943 δια-

412 960 435 984 ”
464 960 788 1048 λεγομένους
811 974 839 1014 δ
874 960 1102 1038 αὐτοὺς,
1128 960 1221 1026 καί.
1252 975 1326 1046 μὴ
1363 975 1705 1045 παρέχοντας
1731 971 1924 1034 λαϐάς.
1955 971 2060 1024 Μι-

468 1065 776 1135 μησὼμεθα
798 1063 1020 1127 τούτους
1046 1063 1109 1133 δὴ
1141 1063 1237 1115 καὶ
1257 1065 1436 1132 ἡμεῖς,
1461 1061 1757 1132 ἀγαπητοὶ,
1801 1059 1896 1112 καὶ
1927 1060 2060 1112 ἀκα-

461 1149 766 1218 τάπληκτοι
800 1148 859 1199 ἐν
890 1147 1025 1212 πᾶσι
1062 1145 1351 1216 γενώμεθα
1378 1148 1491 1209 τοῖς
1525 1145 1740 1208 δεινοῖς.
1772 1143 1886 1195 Οὐκ
1941 1141 2056 1194 ἐστι

461 1229 630 1284 δεινόν
665 1247 720 1282 τι
745 1228 826 1299 τῷ
855 1228 1176 1300 φοϐουμένῳ
1203 1229 1296 1282 τὸν
1327 1229 1480 1293 Θεὸν,
1516 1226 1644 1281 ἀλλ’
1696 1228 1754 1279 ἐν
1801 1228 1917 1289 τοῖς
1980 1225 2054 1296 μὴ

462 1314 822 1385 φοϐουμένοις
881 1314 1000 1366 ἐστὶ
1051 1314 1118 1366 τά
1175 1313 1343 1368 δεινά.
1382 1313 1439 1365 '0
1473 1311 1582 1382 γάρ
1615 1311 1727 1365 τῶν
1770 1310 1961 1364 παθῶν
1987 1309 2054 1363 δι’

460 1397 661 1467 ἀρετῆς
688 1396 958 1467 άνώτερος
981 1397 1393 1467 γινόμενος,καὶ
1413 1395 1604 1464 ὥσπερ
1634 1395 1792 1448 σκιάν
1818 1393 1886 1447 τά
1908 1409 2053 1464 παρ-

458 1481 585 1532 όντα
634 1480 998 1550 παρατρέχων
1031 1481 1366 1550 πράγματα,
1403 1479 1522 1541 πῶς
1556 1478 1662 1530 ὑπό
1689 1493 1836 1540 τινος
1868 1475 2051 1528 πείσε-

457 1579 546 1616 ται
572 1563 778 1626 δεινόν;
808 1562 929 1614 τίνα
950 1563 1008 1615 δέ
1031 1563 1441 1634 φοϐηθήσεται;
1473 1563 1505 1633 ἢ
1554 1563 1608 1615 τί
1659 1561 1730 1614 τά
1781 1561 1929 1614 δεινά
1966 1560 2048 1612 λο-

457 1650 659 1712 γιεῖται
679 1663 693 1712 ;
717 1646 930 1700 Οὐκοῦν
955 1646 1362 1716 καταφύγωμεν
1387 1648 1479 1698 ἐπὶ
1500 1647 1704 1715 ταύτην
1721 1646 1819 1714 τὴν
1841 1645 2050 1712 πέτραν

455 1733 552 1803 τὴν
578 1733 844 1787 ἄσειστον.
879 1731 943 1784 Εἰ
991 1731 1144 1783 πόλιν
1187 1733 1318 1802 ἡμῖν
1354 1747 1436 1793 τις
1481 1727 1848 1792 κατεσκεύαζε
1874 1725 2044 1799 ιιοη,

457 1817 549 1869 καὶ
585 1818 764 1884 τεῖχος
797 1814 1094 1884 περιετίθει
1119 1828 1133 1841 ⁸
1180 1814 1380 1882 μᾶλλον
1413 1813 1470 1865 δὲ
1504 1814 1553 1864 εί
1580 1811 1860 1882 ἀπῴκιζεν
1898 1812 2048 1882 ἡμᾶς

456 1901 535 1962 εἰς
567 1900 690 1969 γῆν,
723 1897 850 1951 ἔνθα
884 1898 1070 1967 μηδεὶς
1095 1893 1162 1967 ἦν
1205 1900 1232 1950 ὁ
1266 1898 1517 1968 ἐνοχλῶν,
1564 1897 1660 1949 καὶ
1712 1897 1895 1950 πᾶσαν
1932 1898 2050 1948 ἐκεῖ

454 1985 684 2053 παρεῖχε
710 1982 808 2052 τὴν
838 1982 1118 2050 ἀφθονίαν,
1143 1981 1241 2034 οὐκ
1277 1983 1437 2050 ἀφεὶς
1471 1981 1609 2051 πρὸς
1660 1981 1857 2034 οὐδένα
1906 1981 2047 2050 πρᾶ-

454 2084 569 2135 γμα
591 2065 756 2134 ἔχειν,
785 2065 883 2118 οὐκ
909 2065 974 2116 ἂν
1001 2065 1146 2134 ἡμᾶς
1169 2067 1224 2117 ἐν
1242 2063 1481 2137 τοσαύτῃ
1506 2063 1844 2133 κατέστησεν
1876 2064 2046 2132 ἀσφα-

453 2148 589 2219 λείᾳ.
621 2152 678 2200 ἐν
699 2149 800 2222 ὅσῃ
829 2146 924 2199 νῦν
945 2149 972 2199 ὁ
1006 2141 1262 2216 Χριστός.
1299 2147 1480 2198 Ἔστω
1514 2145 1680 2213 γοῦν,
1728 2147 1777 2198 εί
1840 2145 2041 2216 βούλει,

452 2234 546 2285 καὶ
578 2235 615 2303 ἡ
646 2232 802 2293 πόλις
835 2229 1036 2300 χαλκῆ,
1074 2232 1253 2299 τεῖχος
1286 2229 1553 2282 πάντοθεν
1603 2229 1805 2298 ἔχουσα
1848 2245 2044 2300 καρτε-

453 2316 546 2387 ρὸν
578 2315 674 2368 καὶ
703 2313 977 2368 ἀνάλωτον
996 2323 1043 2350 ε·
1083 2313 1274 2382 μηδεὶς
1317 2312 1454 2382 αὐτῇ
1487 2312 1836 2383 προσκείσθω
1881 2312 2041 2365 πολέα

454 2417 596 2470 μιος,
629 2399 863 2467 ἄφθονον
888 2397 1060 2466 ἐχέτω
1085 2397 1190 2464 γῆν
1214 2396 1308 2450 καὶ
1337 2395 1578 2466 λιπαράν
1599 2412 1612 2426 ·
1678 2395 1940 2466 παρέστω
1985 2396 2041 2449 δὲ

450 2484 546 2536 καὶ
583 2485 614 2552 ὴ
654 2483 764 2534 τῶν
799 2479 975 2545 ᾆλλων
1001 2477 1234 2548 ἀφθονία
1263 2480 1603 2550 πραγμάτων
1628 2495 1641 2509 ο
1678 2477 1923 2533 ἔστωσαν
1946 2480 2041 2532 καὶ

369 2583 374 2590 ’
448 2569 666 2622 πολῖται
692 2566 895 2635 ἥμεροι
927 2564 1021 2616 καὶ¹
1054 2566 1370 2634 προσηνεῖς,
1405 2562 1500 2614 καὶ
1529 2561 1720 2632 μηδεὶς
1749 2564 1866 2614 ἐκεῖ
1919 2580 2041 2630 φαι-

447 2650 622 2704 νέσθω
655 2640 968 2718 κακοῦργος
993 2646 1155 2717 ἀνὴρ,
1187 2645 1260 2716 μὴ
1291 2645 1551 2714 κλέπτης,
1589 2644 1665 2716 μὴ
1699 2643 2036 2716 λωποδύτης,

449 2734 525 2805 μὴ
565 2733 926 2802 συκοφάντης,
967 2729 1040 2799 μὴ
1070 2729 1445 2799 δικαστήριον,
1482 2728 1619 2781 ἀλλὰ
1655 2728 2040 2800 συναλλάγμα-

445 2835 513 2869 τα
544 2816 760 2877 ἁπλῶς·
793 2813 888 2880 καὶ
916 2812 1118 2882 ταύτην
1148 2811 1386 2882 οἰκῶμεν
1432 2811 1530 2882 τὴν
1591 2811 1744 2865 πόλιν
1767 2829 1781 2844 ο
1817 2811 1918 2865 οὐκ
1970 2808 2039 2884 ἦν

443 2900 566 2953 ⁴οὐδὲ
595 2898 769 2960 οὕτως
799 2899 855 2949 ἐν
891 2894 1160 2966 ἀσφαλείᾳ
1198 2895 1319 2965 ζῇν.
1344 2895 1443 2947 Διά
1473 2895 1559 2961 τί;
1583 2895 1704 2948 Ὀτι
1755 2895 1850 2948 καὶ
1903 2897 2039 2966 πρὸς

444 2985 681 3044 οἰκέτας,
720 2980 815 3033 καὶ
841 2977 976 3047 πρὸς
1002 2981 1260 3043 γυναῖκα,
1283 2978 1378 3029 καὶ
1418 2977 1556 3046 πρὸς
1585 2977 1774 3030 παιδία
1823 2979 2037 3048 ἀνάγκη

443 3063 824 3134 διαφέρεσθαι,
883 3062 978 3114 καὶ
1029 3058 1234 3128 πολλῆς
1280 3058 1520 3129 ἀθυμίας
1563 3054 1702 3112 εἶναι
1761 3059 2036 3114 ὑπόθεσιν.

459 3146 726 3200 Ἐνταῦθα
763 3143 822 3196 δέ
852 3143 1005 3196 οὐδὲν
1030 3141 1310 3195 τοιοῦτονο
1341 3143 1402 3194 ού
1425 3140 1536 3212 γὰρ
1571 3137 1663 3212 ἦν,
1715 3141 1817 3196 οὐκ
1865 3138 1932 3214 ἦν
1976 3141 2040 3195 τὸ

444 3231 648 3298 λυποῦν
680 3229 802 3297 ούδέ
833 3227 894 3280 τὸ
923 3225 1164 3296 παρέχον
1196 3225 1436 3295 ἀθυμίαν
1467 3227 1611 3279 τινά.

529 3314 690 3367 Ἀλλά
714 3313 774 3365 τὸ
806 3311 1143 3381 θαυμαστὸν,
1171 3309 1311 3362 αὑτά
1337 3309 1401 3380 δὴ
1463 3309 1531 3362 τὰ
1572 3310 1838 3364 δοκοῦντα
1890 3329 2036 3384 παρ-

446 3401 593 3470 ἐχειν
614 3397 875 3467 ἀθυμίαν,
907 3392 1080 3447 ταῦτα
1106 3393 1283 3462 πάσης
1307 3394 1516 3460 ἐγίνετο
1533 3396 1707 3464 χαράς
1731 3396 1820 3448 καὶ
1848 3396 2040 3466 εὐφρο-

333 3540 344 3548 ,
446 3483 611 3553 σύνης
658 3481 827 3534 αῖτια.
883 3477 1018 3544 Εἰπὲ
1075 3479 1182 3548 γάρ
1218 3493 1330 3547 μοι,
1387 3477 1532 3540 τίνος
1581 3477 1766 3531 ἕνεκεν
1811 3477 2036 3549 ἔμελλον

444 3566 631 3620 ἀλύειν
665 3566 865 3634 ἐκεῖνοι
890 3580 904 3629 ;
941 3561 1083 3624 τίνος
1110 3561 1168 3615 δὲ
1195 3561 1380 3614 ἕνεκεν
1410 3561 1817 3632 δυσχεραίνειν;
1845 3562 2034 3616 Βούλει

443 3647 862 3720 παραγάγωμέν
891 3663 1012 3698 τινα
1041 3647 1098 3696 ἐν
1169 3645 1248 3716 τῷ
1283 3645 1472 3716 μέσῳ;
1550 3647 1730 3698 Ἔστω
1790 3664 1874 3710 τις
1926 3648 2034 3703 ἀπὸ

444 3735 688 3792 ὑπάτων,
721 3728 950 3801 πλοῦτον
975 3727 1261 3798 κεκτήσθω
1291 3729 1480 3793 πολὺν,
1511 3729 1665 3781 πόλιν
1688 3729 1908 3783 οἰκείτω
1937 3730 2035 3802 τὴν

448 3815 752 3889 βασιλικὴν,
778 3815 1084 3885 πράγματα
1114 3813 1250 3882 πρὸς
1290 3813 1493 3883 μηδένα
1521 3814 1722 3882 ἐχέτω,
1771 3815 2034 3884 τρυφάτω

447 3902 631 3970 μόνον,
663 3902 756 3952 καὶ
777 3899 912 3968 πρὸς
947 3897 1104 3950 τοῦτο
1132 3896 1489 3966 ἀσχολείσθω,
1521 3899 1578 3948 ἐν
1621 3897 1760 3967 αὐτῇ
1812 3899 1880 3968 τῇ
1937 3914 2031 3951 κο-

446 3987 593 4058 ρυφῇ
624 3984 718 4035 καὶ
745 3983 837 4034 τοῦ
870 3980 1102 4034 πλούτου
1133 3983 1228 4032 καὶ
1264 3981 1364 4050 τῆς
1388 3979 1556 4051 τιμῆς
1595 3983 1690 4034 καὶ
1720 3985 1819 4052 τῆς
1872 3983 2034 4036 δυνα-

447 4064 628 4131 στείας
651 4067 995 4137 καθήμενος·
1044 4065 1579 4135 ἀντεπεξαγάγωμεν
1631 4065 1781 4136 αὐτῷ
1826 4067 2031 4139 Πέτρον

442 4155 535 4207 τὸν
567 4155 624 4205 ἐν
649 4151 890 4220 δεσμοῖς,
925 4151 974 4202 εί
1003 4149 1172 4208 δοκεῖ,
1204 4150 1296 4202 τὸν
1330 4150 1386 4202 ἐν
1421 4150 1638 4220 μυρίοις
1665 4152 1855 4213 κακοῖς
1874 4167 1889 4181 ο
1936 4153 2032 4205 καὶ

442 4235 634 4290 τοῦτον
660 4236 966 4305 εὑρήσομεν
993 4230 1285 4302 τρυφῶντα
1327 4231 1544 4302 μᾶλλον.
1578 4232 1748 4285 Ὅταν
1797 4234 1905 4303 γάρ
1941 4253 2030 4287 το-

445 4319 618 4390 σαύτη
656 4319 944 4389 περιουσία
971 4319 1146 4388 χαρᾶς
1176 4312 1234 4386 ᾗ,
1281 4317 1358 4379 ὡς
1402 4318 1460 4369 ἐν
1508 4317 1730 4387 δεσμοῖς
1783 4319 2026 4388 ἥδεσθαι,

445 4404 698 4472 ἐννόησον
733 4404 856 4455 ὅσον
877 4399 994 4458 ἐστί
1024 4400 1084 4452 τὸ
1119 4399 1350 4470 μέγεθος
1381 4401 1480 4469 τῆς
1513 4402 1712 4471 χαρᾶς.
1762 4403 2028 4474 Καθάπερ

443 4485 554 4555 γάρ
577 4484 739 4555 οίέπῖ
773 4483 1013 4554 μεγάλης
1038 4483 1190 4546 ὄντες
1238 4483 1432 4552 ἀρχῆς,
1481 4483 1578 4535 ὅσα
1627 4482 1694 4536 ἂν
1744 4487 2028 4559 προσπέσῃ

443 4569 614 4633 δεινὰ,
645 4569 744 4621 ούκ
777 4566 1168 4638 αἰσθάνονται,
1217 4565 1334 4618 ἀλλ’
1377 4567 1697 4636 ἐπιμένουσι
1742 4571 1808 4638 τῇ
1849 4571 2022 4640 χαρᾷ·

443 4649 588 4704 οὕτω
606 4651 670 4721 δὴ
699 4652 793 4702 καὶ
815 4643 962 4704 οὗτοι
983 4649 1050 4701 δι’
1082 4648 1222 4701 αὐτὰ
1247 4648 1310 4720 δὴ
1341 4647 1516 4702 ταῦτα
1549 4649 1748 4718 μᾶλλον
1785 4650 2025 4720 ἔχαιρον.

444 4736 520 4788 UO
555 4737 662 4806 γάρ
691 4733 859 4798 ἔστιν,
881 4734 982 4786 οὐκ
1014 4732 1128 4784 ἔστι
1159 4732 1302 4803 λόγῳ
1323 4735 1784 4804 παραστῆσαιτὴν
1807 4734 2023 4806 ἡδονὴν,

442 4821 575 4888 ὅσην
603 4818 744 4888 ἔχειν
774 4817 1059 4890 συμϐαίνει
1087 4817 1214 4878 τοὺς
1245 4816 1332 4868 διὰ
1359 4817 1594 4885 Χριστόν
1625 4835 1679 4870 τι
1713 4820 2024 4890 πάσχοντας

441 4901 610 4954 δεινόν
637 4917 651 4931 ·
680 4901 880 4970 μᾶλλον
907 4900 1016 4970 γάρ
1055 4901 1147 4952 ἐπὶ
1166 4901 1279 4961 τοῖς
1308 4899 1500 4961 δεινοῖς
1552 4901 1850 4972 χαίρουσιν,
1875 4903 1907 4972 ἢ
1933 4903 2025 4955 ἐπὶ

440 4988 554 5050 τοῖς
588 4985 830 5054 ἀγαθοῖς.
854 4986 920 5037 Εἴ
949 5002 1033 5047 τις
1062 4985 1284 5054 ἐφίλησε
1311 4986 1402 5038 τὸν
1424 4987 1678 5056 Χριστὸν,
1705 4983 1844 5040 οἶδεν
1876 4988 1904 5040 ὃ
1933 4987 2018 5039 λέ-

439 5088 542 5139 γω.
607 5068 769 5121 Ἀλλὰ
797 5068 882 5136 τί;
925 5068 1222 5135 ἀσφαλείας
1259 5069 1444 5121 ἕνεκεν
1478 5070 1702 5139 ἔμελλον
1730 5069 1800 5122 τὰ
1827 5069 2019 5140 δυσχε-

440 5156 508 5225 ρῆ
534 5152 758 5225 φεύγειν
785 5151 812 5190 ἀ
841 5168 857 5219 ;
887 5152 998 5204 Καὶ
1025 5152 1130 5213 τίς,
1154 5151 1275 5204 εἰπέ
1302 5169 1422 5220 μοι,
1455 5154 1648 5223 μυρίον
1688 5156 2022 5224 κεκτημένος

436 5237 690 5303 πλοῦτον,
765 5233 1053 5297 τοσούτους
1101 5234 1378 5297 κινδύνους
1430 5235 1668 5306 ἠδυνήθη
1715 5235 2019 5306 διαφυγεῖν,

434 5320 612 5374 ἔθνεσι
630 5317 903 5389 τοσούτοις
929 5317 1153 5387 ὁμιλῶν,
1173 5317 1314 5388 ὑπὲρ
1348 5320 1730 5387 μεταστάσεως
1745 5320 2022 5384 πολιτείας

438 5405 640 5474 μόνης;
677 5397 837 5457 Οὗτοι
877 5401 935 5472 δὲ
963 5400 1153 5472 ὥσπερ
1195 5401 1253 5466 ἐξ
1310 5402 1683 5471 ἐπιτάγματος
1741 5403 2018 5473 βασιλικοῦ

435 5488 614 5540 πάντα
640 5487 821 5557 ῆνυον,
858 5484 1057 5559 μᾶλλον
1088 5485 1145 5536 δὲ
1175 5483 1270 5536 καὶ¹
1305 5483 1488 5552 πολλῷ
1531 5484 1731 5556 ῥᾴδιον.
1787 5487 1860 5538 Οὐ
1909 5488 2020 5560 γάρ

373 5567 376 5570 ’
434 5569 608 5630 οὕτως
641 5571 922 5638 ἐπίταγμα
957 5568 1256 5638 βασιλικὸν,
1278 5567 1356 5630 ὡς
1407 5567 1473 5620 τά
1520 5567 1746 5622 ἐκείνων
1799 5571 2020 5640 ῥήματα

369 5669 384 5706 ,τ
435 5651 651 5711 ἃπαντα
679 5654 881 5722 ἤνυσαν
900 5668 913 5682 ·
938 5652 998 5725 τὸ
1020 5651 1127 5719 γάρ
1153 5649 1432 5720 ἐπίταγμα
1458 5652 1521 5704 τὸ
1549 5651 1826 5720 βασιλικὸν
1842 5655 2014 5723 ἀνάγ-

499 5829 687 5902 fidem
739 5835 902 5902 Codex
946 5836 1210 5902 δικάζοντες
1238 5836 1286 5902 έν
1331 5835 1530 5902 κινδύνῳ
1562 5834 1703 5902 ἥσω),
1748 5838 1796 5886 ἐν
1817 5838 2014 5902 ἀπορίᾳ.

434 5891 629 5974 hic?!"
675 5897 753 5967 καί
797 5895 1141 5974 ᾁέροντίστφῖ.
1163 5891 1535 5974 διαλεγόμενοί.
1571 5891 1602 5974 ‘1
1655 5891 1787 5948 Idem
1835 5891 2016 5974 ἔχουσα

636 5953 712 6020 δαῒ
731 5952 991 6024 ἀνάῖιξξτογ·
1059 5957 1085 5993 ά
1104 5956 1232 6019 Haec,
1277 5952 1467 6020 ἔμελλον
1490 5961 1547 6007 τὰ
1579 5963 1780 6024 δυσχερῆ
1811 5952 2010 6024 φέὄγειν,

391 6033 394 6038 ’
437 6012 623 6076 άὸδυιιι
647 6016 692 6060 ill
732 6029 828 6084 ιιιιο
864 6012 982 6062 Llod.
1220 6012 1230 6019 '
1302 6012 1311 6020 ·
1669 6012 1698 6024 ι.
1730 6012 1736 6024 .
1773 6012 1780 6018 .
1820 6012 1825 6046 ,

1095 359 1152 414 S.
1190 357 1478 414 JOANNIS
1511 351 2007 412 CHRYSUS'I‘OHI
2047 349 2372 407 ABCIIIEP.
2413 351 2960 410 CONS'I'ANTINOP.

3658 361 3758 416 HO

2174 478 2244 536 κῃ
2272 466 2563 536 ἐπάγεται,
2599 461 2744 522 οὗτοι
2771 469 2827 522 δέ
2855 471 3078 532 ἑκόντας
3134 470 3228 523 καὶ
3259 474 3759 546 προαιρουμένους,

2167 551 2264 603 καὶ
2305 551 2501 622 μυρίαν
2527 554 2686 624 χάριν
2712 554 2942 618 εἰδότας.
2975 554 3133 607 Ποῖον
3163 553 3443 626 ἐπίταγμα
3477 557 3761 625 βασιλικὸν

2168 635 2386 688 πάντων
2408 637 2712 706 ἀποστῆναι
2761 640 2869 693 τῶν
2911 638 3212 709 χρημάτων
3229 679 3244 705 ,
3277 641 3374 694 καὶ
3431 641 3532 712 τῆς
3575 643 3759 716 ψυχῆς

2164 717 2383 772 ἔπεισεν
2408 719 2495 785 ἂν,
2531 722 2628 773 καὶ
2657 725 3074 794 καταφρονῆσαι
3099 723 3300 786 οἰκίας,
3317 723 3598 794 πατρίδος,
3625 744 3757 796 συγ-

2163 801 2358 869 γενῶν,
2389 803 2487 857 καὶ
2513 805 2613 874 τῆς
2641 807 2918 877 σωτηρίας
2945 805 3150 876 αὐτῆς;
3187 806 3327 860 Ἀλλ’
3345 809 3401 860 αί
3427 808 3538 861 τῶν
3559 811 3760 868 ἀλιέων

2162 886 2256 967 καὶ
2284 887 2627 954 σκηνοποιῶν
2653 888 2879 957 ίσχυσαν
2918 889 3115 958 φωναί.
3136 890 3301 943 Ὥστε
3340 891 3439 944 καὶ
3484 892 3544 945 ἐν
3589 893 3755 967 ἡδονῇ

2158 961 2321 1036 ἦσαν,
2380 971 2477 1022 καὶ
2523 969 2886 1042 δυνατώτεροι
2937 971 3034 1025 καὶ
3106 973 3447 1044 ἰσχυρότεροι
3508 961 3753 1032 πάντωνῖ

2159 1051 2286 1116 Ναὶ,
2316 1053 2501 1121 φησὶν,
2528 1053 2750 1119 ἐκεῖνοι,
2781 1055 2976 1124 ἐπειδὴ
3006 1055 3073 1108 τά
3107 1059 3310 1126 σημεῖα
3334 1057 3574 1111 ἐποίουν.
3605 1061 3669 1112 Οἱ
3696 1060 3757 1114 δέ

2159 1136 2571 1201 πιστεύσαντες,
2593 1139 2715 1192 είπέ
2744 1155 2856 1210 μοι,
2875 1141 3004 1192 ποῖα
3029 1143 3228 1211 σημεῖα
3263 1139 3502 1204 ἐποίουν,
3523 1145 3572 1195 οί
3592 1159 3754 1213 τρισ-

2155 1219 2337 1288 χίλιοι,
2363 1222 2456 1274 καὶ
2481 1223 2933 1293 πεντακισχίλιοι,
2965 1224 3016 1276 οῖ
3041 1225 3138 1277 καὶ
3158 1226 3216 1276 ἐν
3233 1225 3557 1292 ἀγαλλιάσει
3577 1228 3750 1301 πολλῇ

2154 1301 2371 1372 διῆγονς
2424 1302 2577 1376 [108]
2613 1305 2850 1370 Εἰκότως
2873 1323 2887 1336 ·
2915 1309 2949 1376 ή
2978 1305 3087 1377 γὰρ
3122 1307 3314 1360 πασῶν
3343 1309 3452 1362 τῶν
3501 1311 3754 1381 άθυμιιῖιν

2157 1385 2434 1451 ὑπόθεσις,
2454 1390 2488 1459 η
2516 1389 2627 1442 τῶν
2660 1390 2962 1460 χρημάτων
2993 1390 3191 1460 κτῆσις
3227 1391 3489 1464 ἀνῄρητο.
3533 1394 3749 1468 Ἐκείνη

2155 1469 2284 1542 γὰρ,
2308 1471 2490 1541 ἐκείνη
2534 1472 2629 1524 καὶ
2673 1473 2960 1542 πολέμων,
3004 1474 3097 1527 καὶ
3133 1475 3336 1545 μάχης,
3397 1479 3493 1530 καὶ
3543 1478 3741 1549 λύπης,

2154 1556 2251 1608 καὶ
2311 1557 2574 1628 ἀθυμίας,
2607 1560 2702 1612 καὶ
2753 1559 2971 1612 πάντων
3019 1561 3170 1615 αίτία
3220 1562 3328 1614 τῶν
3357 1564 3544 1616 κακῶν
3574 1559 3740 1637 ἦν·ή

2149 1638 2241 1691 τὸν
2273 1640 2385 1708 βίον
2413 1641 2671 1696 ἐπίπονον
2702 1641 2931 1696 ποιοῦσα
2978 1644 3074 1697 καὶ
3115 1644 3510 1716 λυπηρότερον,
3560 1649 3745 1721 ἐκείνη

2149 1721 2287 1777 ἐστί.
2311 1724 2420 1776 Καὶ
2450 1724 2669 1788 πλείους
2699 1724 2850 1796 εὖροι
2883 1742 2966 1790 τις
3009 1727 3074 1779 ἂν
3109 1727 3311 1797 μᾶλλον
3346 1728 3574 1799 ἔχοντας
3614 1731 3749 1784 ἀθυ-

2153 1807 2280 1872 μίας
2317 1807 2604 1871 ὑποθέσεις
2641 1820 2664 1848 θ
2698 1811 2826 1873 τοὺς
2856 1811 2916 1862 ἐν
2946 1810 3186 1881 πλούτῳ,
3221 1811 3402 1882 ἢτοὺς
3454 1815 3511 1866 ἐν
3559 1814 3741 1884 πενίᾳ.

2149 1889 2212 1942 Εἰ
2239 1890 2296 1942 δὲ
2330 1889 2405 1960 μὴ
2431 1890 2579 1944 δοκεῖ
2599 1909 2741 1945 τισιν
2771 1893 2947 1958 οὕτως
2973 1893 3140 1964 ἔχειν,
3167 1896 3229 1948 οὐ
3285 1897 3436 1969 παρὰ
3483 1898 3580 1968 τὴν
3627 1899 3742 1952 τῶν

2147 1974 2492 2044 πραγμάτων
2526 1974 2714 2044 φύσιν,
2750 1977 2886 2029 ἀλλά
2920 1977 3072 2047 παρὰ
3101 1979 3199 2050 τὴν
3232 1978 3390 2044 δόξαν
3439 1980 3640 2036 αὐτῶν.
3677 1983 3744 2035 Εἰ

2144 2059 2199 2110 δέ
2238 2077 2356 2111 τινα
2393 2059 2574 2130 έχουσι
2596 2062 2688 2114 καὶ
2714 2063 2909 2133 ἡδονὴν
2944 2066 2994 2116 οί
3021 2066 3078 2117 ἐν
3123 2063 3361 2135 πλούτῳ,
3407 2065 3559 2121 οὐδὲν
3609 2066 3745 2120 θαυ-

2148 2143 2371 2210 μαστόν.
2405 2143 2515 2196 Καὶ
2549 2143 2660 2215 γὰρ
2682 2147 2731 2198 οί
2747 2144 2938 2216 ψώρας
2965 2147 3470 2218 ἀναπεπλησμένοι,
3492 2150 3550 2201 ἐν
3571 2149 3741 2218 πολλῇ

2143 2227 2283 2276 είσιν
2309 2226 2494 2297 ἡδονῇ.
2530 2227 2655 2281 Ὀτι
2680 2229 2788 2300 γάρ
2822 2231 3050 2284 ἐκείνων
3077 2231 3231 2284 οὐδὲν
3282 2232 3637 2304 διαφέρουσιν
3689 2234 3743 2287 οἱ

2143 2310 2524 2375 πλουτοῦντες,
2561 2312 2677 2365 ἀλλ’
2705 2315 2737 2383 ὴ
2767 2313 2914 2385 ψυχὴ
2939 2315 3167 2385 τοιαύτη
3209 2315 3294 2379 τίς
3337 2317 3486 2369 ἐστιν
3529 2318 3741 2381 αὐτοῖς,

2141 2392 2302 2461 δῆλον
2326 2393 2559 2447 ἐκεῖθεν·
2597 2394 2847 2449 Ἀνιῶσιν
2873 2397 3070 2462 αὐτοὺς
3093 2398 3394 2468 φροντίδες,
3425 2399 3519 2452 καὶ
3541 2400 3695 2469 ὅμως
3715 2399 3738 2440 ί

2145 2475 2425 2546 βούλονται
2461 2478 2652 2544 αὐταῖς
2674 2479 2956 2550 ἐνέχεσθαι
2981 2479 3070 2533 διὰ
3094 2481 3193 2551 τὴν
3219 2481 3559 2553 πρόσκαιρον
3611 2483 3742 2552 ἡδο-

2141 2562 2239 2631 νήν
2267 2578 2279 2590 ·
2310 2561 2361 2613 οἱ
2387 2561 2445 2613 δέ
2473 2561 2688 2616 τούτων
2721 2561 3152 2634 ἀπηλλαγμένοι,
3191 2565 3248 2616 ἐν
3290 2567 3447 2637 ὑγεία
3495 2565 3603 2618 εἰσὶ
3647 2567 3743 2619 καὶ

2141 2643 2380 2712 ἀθυμίας
2410 2645 2591 2708 ἐκτός.

2209 2726 2272 2778 δ’.
2307 2727 2370 2778 Τί
2403 2728 2572 2798 ἥδιον,
2617 2727 2739 2781 εἰπέ
2774 2746 2898 2799 μοις
2935 2729 2988 2782 τί
3015 2729 3102 2783 δαὶ
3129 2731 3564 2800 ἀσφαλέστερον;
3596 2732 3739 2804 ὑπὲρ

2140 2809 2304 2880 ἄρτου
2333 2811 2641 2881 φροντίζειν
2671 2812 2791 2873 ἐνὸς
2819 2813 2912 2864 καὶ
2941 2813 3329 2884 ἐνδυμάτων,ἢ
3364 2814 3502 2885 ὑπὲρ
3527 2815 3740 2886 μυρίων

2140 2893 2234 2945 καί
2271 2893 2498 2945 οἰκετῶν
2521 2894 2616 2948 καὶ
2643 2894 2966 2965 ἐλευθέρων,
2988 2897 3053 2948 τά
3084 2897 3188 2950 καθ
3208 2899 3221 2918 ‘
3247 2899 3436 2952 ἐαυτὸν
3465 2899 3541 2969 μὴ
3578 2917 3738 2971 μερι-

2145 2974 2391 3042 μνῶντας
2423 2976 2693 3046 Καθάπερ
2723 2977 2834 3048 γάρ
2864 2971 3020 3040 οὗτος
3055 2980 3196 3050 ὑπὲρ
3225 2981 3422 3034 ἐαυτοῦ
3446 2981 3688 3035 δέδοικεν
3713 2997 3728 3012 ·

2140 3057 2284 3110 οὕτω
2305 3059 2397 3111 καὶ
2425 3060 2489 3111 σὺ
2516 3061 2658 3130 ὑπὲρ
2691 3060 2801 3114 τῶν
2827 3066 2928 3132 τῆς
2957 3063 3056 3133 σῆς
3097 3065 3262 3135 ἐκκρε
3273 3066 3532 3134 μαμένων
3562 3083 3738 3134 κεφα-

2141 3140 2256 3210 λῆς.
2288 3143 2402 3194 Καὶ
2426 3142 2480 3194 τί
2517 3142 2719 3212 δήποτε
2741 3144 2978 3212 φευκτὸν
3012 3149 3047 3216 ἡ
3101 3146 3264 3200 πενία
3307 3147 3490 3215 δοκεῖ,
3525 3150 3737 3218 φησίν;

2153 3225 2370 3294 Ἐπειδὴ
2395 3229 2490 3280 καὶ
2517 3227 2586 3280 τά
2611 3227 2748 3282 ἄλλα
2777 3228 2959 3296 ἀγαθά
2982 3231 3236 3284 ἀπευκτὰ
3258 3231 3474 3296 πολλοῖς
3521 3235 3737 3303 τυγχά-

2139 3325 2240 3373 νει,
2267 3309 2410 3380 ἆπερ
2452 3311 2590 3364 είσὶν
2615 3311 2678 3364 οὐ
2707 3311 2794 3364 διὰ
2823 3313 2884 3365 τὸ
2912 3313 3163 3368 ἀπευκτά
3195 3311 3335 3368 εἶναι
3371 3316 3605 3384 φευκτὰ,
3643 3318 3740 3371 ἀλ-

2138 3391 2205 3446 λά
2271 3392 2359 3446 διὰ
2411 3394 2472 3446 τὺ
2524 3395 2970 3467 δυσκατόρθωτα.
3032 3398 3248 3453 Οὐκοῦν
3289 3401 3384 3453 καὶ
3442 3399 3579 3471 αὕτη
3633 3404 3739 3456 οὐκ

2138 3477 2405 3548 ἀπευκτὴ,
2435 3477 2571 3531 ἀλλά
2586 3478 3032 3548 δυσκατόρθωτος
3055 3497 3067 3509 ·
3102 3479 3243 3535 ὥστε
3281 3483 3336 3536 εἴ
3353 3483 3418 3552 γέ
3440 3501 3525 3548 τις
3558 3485 3737 3556 αὐτὴν

2139 3561 2384 3628 ἐνεγκεῖν
2412 3561 2663 3631 ἠδύνατο,
2696 3562 2798 3614 οὐκ
2847 3562 2916 3615 ἂν
2968 3557 3036 3635 ἦν
3071 3565 3343 3634 ἀπευκτή.
3375 3566 3472 3620 Διά
3510 3567 3565 3619 τί
3625 3569 3734 3638 γάρ

2137 3645 2236 3698 οὐκ
2263 3645 2572 3718 ἀπηύχοντο
2598 3645 2770 3718 αὐτὴν
2816 3647 2868 3698 οἱ
2927 3646 3256 3716 ἀπόστολοι;
3293 3649 3380 3702 διὰ
3436 3650 3488 3702 τί
3538 3651 3736 3706 πολλοὶ

2137 3731 2232 3782 καὶ
2257 3731 2539 3801 αἱροῦνται
2572 3733 2764 3802 αὐτὴν,
2789 3733 2885 3786 καὶ
2906 3733 2966 3784 ού
3007 3733 3168 3802 μόνον
3200 3735 3300 3787 οὐκ
3318 3734 3654 3804 ἀπεύχονται
3682 3740 3732 3800 κ,

2135 3814 2274 3866 ἀλλᾶ
2296 3816 2389 3866 καὶ
2422 3815 2772 3885 ἐπιτρέχουσι
2797 3831 2812 3880 ;
2839 3815 2912 3867 Τὸ
2948 3816 3058 3885 γάρ
3078 3817 3249 3879 ὄντως
3270 3819 3549 3872 ἀπευκτὸν
3601 3821 3731 3876 οὐδὲ

2137 3897 2376 3966 αἱρετὸν,
2400 3897 2541 3968 πλὴν
2569 3900 2685 3959 τοῖς
2716 3898 3089 3967 μαινομένοις.

2205 3980 2266 4032 Ei
2291 3980 2350 4032 δὲ
2385 3981 2434 4032 οί
2465 3979 2749 4050 φιλόσοφοι
2769 3981 2878 4034 τῶν
2913 3981 3218 4053 ἀνθρώπων
3250 3984 3346 4036 καὶ
3385 3984 3576 4056 ὑψηλοὶ
3623 3985 3721 4038 ἐπὶ

2132 4063 2338 4126 ταύτην
2366 4062 2616 4135 ἔρχονται
2634 4063 2708 4126 ὡς
2735 4063 2826 4116 ἐπί
2857 4081 2910 4116 τι
2938 4065 3141 4135 χωρίον
3199 4066 3442 4135 ἀσφαλὲς
3477 4068 3568 4120 καὶ
3593 4069 3722 4122 ἄνο-

2136 4163 2248 4211 σον,
2277 4147 2428 4200 οὑδέν
2459 4146 2795 4217 θαυμαστὸν,
2830 4147 2926 4202 ἐὰν
2951 4151 3065 4211 τοῖς
3093 4148 3273 4213 ἄλλοις
3317 4149 3393 4220 μὴ
3445 4151 3594 4223 δοκῇ.
3662 4151 3724 4206 '0

2137 4232 2236 4302 μὲν
2255 4232 2364 4302 γὰρ
2389 4231 2644 4291 πλούσιος
2673 4231 2826 4284 οὐδὲν
2854 4231 3044 4302 ἕτερον
3071 4228 3210 4285 εἷναί
3263 4252 3353 4303 μοι
3401 4235 3571 4298 δοκεῖ,
3605 4236 3726 4290 ἀλλ’

2133 4315 2166 4384 ἢ
2201 4315 2355 4376 πόλις
2385 4313 2692 4384 ἀτείχιστος
2713 4316 2771 4366 ἐν
2803 4315 2972 4386 πεδίῳ
2999 4317 3228 4386 κειμένη
3257 4320 3353 4370 καὶ
3393 4318 3728 4388 πολλαχόθεν

2132 4396 2494 4466 ἐπισπωμένη
2523 4397 2650 4460 τοὺς
2681 4397 3133 4462 ἐπιϐουλεύοντας
3153 4417 3166 4431 ·
3203 4401 3234 4470 ἡ
3262 4399 3315 4454 δὲ
3355 4401 3515 4454 πενία
3557 4403 3729 4471 φρού-

2133 4495 2249 4550 ριον
2308 4480 2572 4548 ἀσφαλὲς,
2620 4481 2805 4550 χαλκῷ
2856 4482 3320 4552 περιϐεϐλημένον
3362 4482 3565 4552 πολλῷ,
3625 4487 3728 4537 καὶ

2128 4562 2385 4617 δύσκολον
2422 4565 2543 4634 έχον
2576 4566 2674 4635 τὴν
2706 4565 2912 4619 ἄνοδον.
2949 4566 3057 4618 Καί
3100 4568 3207 4637 μὴν
3231 4567 3562 4632 τούναντίον,
3617 4587 3729 4640 φη-

2131 4649 2238 4711 σὶν,
2269 4649 2420 4701 ἐστίν
2443 4665 2456 4679 ⁸
2491 4642 2642 4702 οὗτοι
2667 4649 2776 4719 γάρ
2803 4652 2941 4701 εἰσιν
2955 4651 3003 4702 οἱ
3030 4652 3107 4712 εἰς
3135 4651 3484 4721 δικαστήριον
3514 4653 3728 4708 πολλά-

2129 4749 2218 4794 κις
2252 4731 2540 4801 ἑλκόμενοι
2566 4749 2578 4762 ·
2613 4728 2758 4786 οὗτοί
2784 4733 2920 4784 εἰσιν
2953 4735 3004 4785 οί
3036 4733 3466 4803 ἐπηρεαζόμενοι
3490 4737 3585 4788 καὶ
3614 4754 3725 4791 καο

2129 4815 2241 4877 κῶς
2283 4815 2611 4884 πάσχοντες.
2651 4817 2762 4885 Ούχ
2792 4818 2839 4868 οἱ
2867 4817 3097 4885 πένητες
3121 4816 3327 4882 ἁπλῶς,
3352 4817 3466 4870 ἀλλ’
3514 4821 3563 4871 οί
3617 4821 3726 4873 πέ-

2129 4916 2288 4968 νητες
2321 4899 2439 4968 μὲν,
2471 4899 2787 4968 βουλόμενοι
2819 4898 2877 4951 δὲ
2905 4898 3172 4951 πλουτεῖν.
3227 4899 3366 4967 Ἐγὼ
3404 4901 3463 4953 δὲ
3493 4903 3554 4954 οὐ
3586 4906 3723 4974 περὶ

2126 4981 2350 5034 ἐκείνων
2379 4983 2540 5051 φημὶ,
2573 4981 2710 5034 ἀλλὰ
2731 4982 2863 5051 περὶ
2889 4982 2996 5035 τῶν
3035 4981 3445 5045 σπουδαζόντων
3473 4987 3530 5037 ἐν
3552 4987 3723 5056 πενία

2126 5063 2356 5131 διάγειν.
2402 5066 2538 5118 Εἰπὲ
2607 5065 2714 5134 γάρ
2779 5082 2888 5134 μοι,
2955 5064 3045 5118 διὰ
3109 5065 3161 5116 τί
3225 5065 3416 5136 μηδεὶς
3476 5068 3604 5132 τοὺς
3660 5071 3722 5122 ἐν

2125 5151 2237 5209 τοῖς
2267 5147 2450 5218 ὄρεσιν
2478 5148 2623 5200 ἕλκει
2651 5152 2728 5209 εἰς
2757 5147 3138 5218 δικαστήριον;
3178 5149 3353 5201 καίτοι
3386 5167 3449 5217 γε
3472 5153 3520 5202 εί
3559 5153 3590 5221 ἡ
3615 5169 3721 5204 πε·-

2125 5229 2215 5282 νία
2243 5231 2604 5301 εὐχείρωτον,
2643 5231 2884 5293 ἐκείνους
2928 5231 3163 5300 μάλιστα
3195 5233 3414 5284 πάντων
3458 5232 3719 5287 ἕλκεσθαι

2125 5312 2232 5365 ἔδει
2253 5356 2267 5378 ,
2297 5315 2407 5385 ὅσῳ
2448 5315 2665 5368 πάντων
2693 5315 2798 5366 είσὶ
2830 5315 3168 5384 πενέστεροι.
3194 5315 3296 5367 Διά
3327 5315 3380 5368 τί
3413 5318 3539 5378 τοὺς
3563 5334 3720 5386 προ-

2125 5398 2446 5460 σαιτοῦντας
2468 5398 2644 5460 οὐδεὶς
2695 5397 2846 5450 ἕλκει
2906 5400 2986 5461 είς
3047 5398 3424 5469 δικαστήριον;
3475 5399 3561 5452 διά
3600 5401 3651 5453 τί
3686 5403 3713 5441 δ

2127 5481 2318 5552 μηδεὶς
2349 5481 2592 5550 βιάζεται
2656 5480 2791 5551 μηδὲ
2839 5484 3200 5550 συκοφαντεῖς
3253 5478 3343 5552 ἆρ’
3381 5484 3441 5535 οὐ
3489 5483 3623 5537 διότι
3655 5486 3717 5536 ἐν

2122 5565 2513 5636 ἀσφαλεστέρῳ
2536 5566 2722 5636 χωρίῳ
2756 5564 2978 5635 μένουσι
3002 5581 3016 5630 ;
3041 5566 3237 5627 Πόσοις
3257 5566 3319 5618 τὸ
3350 5569 3584 5638 πρᾶγμα
3617 5569 3719 5621 καὶ

2119 5648 2497 5702 δυσοιιένιστον
2520 5645 2658 5702 εἶναι
2686 5649 2850 5714 δοκεῖ,
2879 5651 2911 5719 ἡ
2939 5649 3100 5703 πενία
3124 5648 3288 5716 λέγω,
3320 5650 3413 5702 καὶ
3442 5651 3505 5703 τὸ
3536 5668 3720 5722 προσ-

2120 5736 2321 5800 αιτεῖ-η
2371 5733 2436 5784 Τί
2469 5728 2582 5797 οὖν,
2614 5731 2739 5787 εἰπέ
2778 5749 2890 5803 μοι,
2923 5733 3086 5786 καλὸν
3116 5733 3178 5786 τὸ
3207 5733 3480 5801 ἐπαιτείν;
3508 5735 3719 5802 Καλὸν,

2189 5853 2223 5908 ἶ
2255 5839 2337 5886 Sic
2361 5838 2558 5908 quidam
2584 5843 2636 5885 et
2659 5838 2765 5908 ipse
2801 5837 2969 5908 §avil_._
2994 5838 3045 5886 In
3071 5837 3242 5908 Mgrgl.
3267 5839 3518 5908 ὑποθέσεις
3539 5839 3717 5908 d_ees_l..

2127 5899 2147 5937 ΐ
2165 5900 2338 5961 ⁸¹Ομως
2360 5899 2504 5947 deest
2530 5901 2580 5962 In
2603 5899 2892 5962 qqibnsdam
2929 5899 3047 5947 Mss.
3109 5900 3136 5939 Β
3177 5899 3348 5949 Morel.
3373 5900 3515 5962 μόνον
3555 5901 3716 5948 ἀπεύ-

2117 5960 2300 6029 χονται,
2357 5963 2502 6029 τηειρ.
2570 5960 2622 6029 ³ιῄ
2645 5960 2777 6029 ίξῐιιιβ
2812 5964 2920 6010 cod.
2961 5962 3284 6023 δικαστήριον,
3327 5960 3398 6010 ὅτι
3421 5962 3536 6024 πρὸς
3559 5962 3718 6029 ἔσχα-

2117 6041 2197 6070 τον
2228 6024 2369 6082 ηλθον
2397 6023 2573 6079 πενίας.
2599 6023 2688 6069 Διά
2717 6023 2774 6069 τί.
3463 6023 3467 6024 ν
3618 6023 3647 6044 ³
