3946 6436
249 483 338 542 sed
385 479 814 536 Diuecabantur.
864 476 976 530 lioc
1022 482 1106 530 est
1147 470 1473 538 illud,malc
1509 468 1639 540 pati,
1687 467 1830 522 male

249 581 417 634 facere
451 593 465 629 :
496 584 557 628 ut
587 589 731 628 nunc
755 569 938 626 videre
962 577 1067 624 est.
1099 566 1162 622 lli
1185 567 1238 622 in
1260 580 1478 621 carcere
1497 571 1672 626 erant,
1694 561 1836 630 judi-

249 671 325 726 cio
351 666 689 722 sistebantur
712 681 728 729 ;
756 672 811 718 et
837 661 1042 731 iudices
1069 660 1123 714 in
1151 657 1392 728 angustia
1422 664 1594 720 erant,
1625 652 1834 710 consilii

257 772 466 831 prorSus
510 764 790 825 expertes.
845 753 992 808 Sicut
1037 750 1181 805 enim
1233 750 1311 812 is.
1365 749 1456 818 qui
1497 747 1832 801 adamantem

261 849 496 926 percutit,
555 847 673 916 ipse
719 845 923 914 plagam
968 843 1165 912 excipit
1191 859 1204 897 :
1234 843 1305 895 ita
1331 852 1385 895 et
1415 839 1498 893 his
1523 837 1735 893 accidit.
1766 839 1838 891 At

261 942 497 998 videbant
525 954 636 994 non
666 937 825 992 modo
855 937 1090 1006 ipsorum
1118 934 1368 989 ﬁduciam
1399 948 1502 987 non
1527 930 1834 1002 praepediri,

261 1032 340 1088 sed
370 1030 820 1103 [medicationem
851 1029 1018 1096 magis
1041 1026 1250 1096 augeri,
1294 1024 1524 1094 illosque
1550 1023 1668 1077 sine
1691 1029 1838 1076 metu

256 1124 411 1193 loqui,
447 1122 763 1190 nullamque
800 1118 1037 1189 praebere
1073 1132 1278 1171 ansam.
1333 1116 1440 1170 Hos
1485 1113 1756 1168 imitemur
1783 1120 1842 1167 et

251 1232 361 1282 nos,
384 1214 599 1285 dilecti,
625 1223 684 1268 et
714 1213 764 1266 in
794 1210 1033 1266 adversis
1063 1209 1407 1278 imperterriti
1449 1208 1638 1262 simus.
1692 1205 1835 1260 Nihil

248 1325 408 1381 grave
433 1318 516 1364 est
557 1309 632 1370 ei,
663 1307 754 1376 qui
785 1307 934 1360 timet
972 1305 1175 1368 Deum;
1226 1302 1321 1358 sed
1373 1318 1480 1357 non
1529 1300 1842 1356 timentibus

248 1419 370 1459 eum
397 1401 582 1470 gravia
610 1400 830 1452 instant.
853 1396 982 1452 Nam
1011 1396 1099 1465 qui
1129 1411 1224 1465 per
1246 1395 1494 1448 virtutem
1521 1391 1682 1446 animi
1716 1406 1837 1445 mo-

253 1509 343 1549 tus
388 1499 628 1562 superat,
670 1505 795 1544 cum
842 1489 1124 1555 praesentia
1168 1489 1310 1541 velut
1344 1486 1585 1539 tiutbram
1615 1492 1841 1552 praeter-

259 1595 466 1650 currat,
509 1583 625 1653 quid
671 1581 796 1635 mali
819 1582 886 1636 ab
913 1580 1088 1647 aliquo
1119 1575 1390 1646 patiatur?
1438 1575 1564 1645 qttid
1591 1573 1840 1627 timebit?

273 1689 330 1734 et
355 1693 449 1732 cur
467 1675 636 1745 gravia
667 1673 756 1727 illa
784 1687 902 1727 esse
932 1670 1174 1740 putabit?
1216 1669 1358 1738 Ergo
1378 1666 1748 1736 confugiamus
1776 1664 1843 1718 ad

273 1774 404 1826 hanc
421 1769 792 1824 inconcussam
825 1776 1050 1832 petram.
1082 1763 1136 1818 Si
1167 1761 1286 1831 quis
1321 1759 1473 1814 nobis
1505 1760 1691 1812 urbem
1718 1771 1845 1811 cun-

259 1871 508 1926 strueret,
541 1867 600 1914 et
621 1873 827 1912 murum
866 1855 1314 1922 circumponeret,
1349 1853 1456 1904 imo
1479 1850 1522 1904 si
1550 1864 1646 1903 nos
1677 1857 1848 1902 trans-

254 1954 418 2008 ferret
476 1953 532 2006 in
595 1961 814 2015 terram,
882 1947 973 2002 ubi
1035 1963 1196 2000 nemo
1249 1945 1509 2010 turbaret,
1559 1952 1615 1997 et
1669 1956 1848 1995 rerum

251 2045 462 2114 copiam
519 2040 909 2111 suppeditaret,
959 2047 1017 2093 ut
1065 2039 1267 2092 nullum
1315 2043 1462 2090 esset
1503 2050 1622 2089 cum
1671 2033 1849 2102 aliquo

249 2139 558 2208 negotium,
615 2150 718 2190 non
757 2134 810 2187 in
855 2141 996 2186 tanta
1025 2145 1124 2186 nos
1155 2131 1444 2184 securitate
1473 2128 1847 2190 constitueret,

252 2232 300 2284 in
357 2236 579 2300 quanta
631 2241 762 2280 nunc
807 2223 1071 2280 Christus.
1119 2222 1272 2286 Esto,
1327 2222 1370 2276 si
1417 2220 1611 2290 placet,
1664 2219 1851 2272 civitas

252 2337 414 2386 area,
473 2318 664 2373 valido
703 2318 903 2371 circum
951 2329 1105 2370 muro
1155 2313 1362 2368 munita
1409 2320 1465 2366 et
1519 2311 1859 2380 inexpugna-

253 2419 384 2472 bili:
425 2415 617 2470 nullus
663 2412 736 2467 illi
777 2411 846 2468 sit
894 2409 1086 2473 hostis,
1141 2418 1338 2463 terram
1374 2406 1568 2460 habeat
1600 2406 1854 2475 pinguem

253 2522 307 2565 et
334 2510 564 2563 uberem
597 2526 610 2559 :
638 2505 778 2558 adsit
806 2518 1020 2574 quoque
1049 2501 1272 2556 aliarum
1300 2514 1481 2555 rerum
1515 2499 1669 2568 copia
1699 2515 1712 2550 :
1744 2496 1851 2552 sint

263 2603 404 2655 cives
421 2596 691 2653 mansueti
716 2604 769 2650 et
801 2595 990 2648 mites:
1021 2593 1199 2648 nullus
1226 2591 1298 2646 ibi
1327 2591 1409 2646 vir
1441 2590 1708 2659 malignus
1751 2603 1852 2657 ap-

274 2699 478 2760 pareat,
491 2706 597 2744 non
630 2689 734 2754 fur,
769 2702 873 2742 non
900 2687 1185 2755 expilator,
1215 2701 1321 2740 non
1346 2683 1673 2755 sycophanta
1700 2723 1716 2748 ,
1745 2697 1854 2736 non

283 2783 450 2838 forum
475 2781 748 2851 judiciale,
800 2778 893 2834 sed
937 2787 1085 2848 pacta
1117 2776 1433 2846 simpliciter
1466 2784 1566 2829 :.et
1596 2773 1734 2828 hanc
1763 2772 1856 2826 ha-

273 2877 496 2930 bitemns
526 2874 803 2928 civitatem
835 2891 849 2926 :
884 2885 1056 2940 neque
1081 2871 1158 2924 sic
1202 2878 1378 2924 unnen
1419 2883 1608 2922 secure
1649 2868 1854 2920 vivere-

266 2983 404 3022 mus.
427 2965 647 3033 Quare?
695 2965 827 3032 Quia
860 2963 1220 3018 necessarium
1270 2971 1434 3026 esset,
1489 2976 1610 3016 cum
1663 2961 1856 3025 servis,

271 3074 386 3113 cum
415 3073 588 3112 uxore
617 3067 670 3112 et
701 3071 820 3109 cum
851 3055 973 3109 ﬁliis
1000 3053 1268 3117 altercari,
1323 3053 1583 3122 multique
1609 3051 1858 3106 maeroris

274 3163 408 3206 esset
435 3149 674 3204 occasio.
707 3148 802 3202 Hic
826 3162 954 3201 vero
979 3146 1112 3201 nihil
1138 3145 1445 3217 lmjusmodi
1467 3163 1480 3197 :
1503 3145 1636 3199 nihil
1661 3144 1860 3215 quippe

271 3252 404 3306 ent,
430 3240 577 3309 quod
609 3241 695 3294 vel
723 3255 1009 3294 maerorem
1036 3239 1119 3294 vel
1144 3238 1384 3293 dolorem
1406 3237 1642 3292 all’erret.

338 3333 604 3387 (laudium
650 3349 820 3386 eorum
859 3332 945 3402 qui
991 3342 1198 3402 propter
1225 3331 1482 3384 Clu-istum
1503 3331 1863 3399 patiuntur.—

268 3424 544 3494 Sedquod
591 3425 783 3477 mirum
829 3432 930 3487 est,
976 3437 1041 3478 ea
1084 3424 1217 3492 ipsa,
1257 3439 1375 3492 quae
1419 3421 1664 3475 videntur
1710 3421 1862 3474 nobis

267 3533 563 3574 mrorem
609 3516 837 3582 aﬂ'erre,
893 3530 1051 3571 causa
1103 3515 1280 3569 omnis
1337 3515 1536 3569 laetitiae
1583 3524 1637 3568 et
1688 3513 1862 3583 gaudii

271 3620 448 3667 erant.
501 3610 596 3663 Dic
642 3610 782 3663 enim
834 3607 1002 3671 mihi,
1073 3621 1171 3661 cur
1230 3607 1408 3661 Incesti
1474 3605 1700 3659 fuissent
1749 3604 1866 3658 illi?

271 3704 400 3774 quid
426 3718 576 3770 πει-θ
614 3701 887 3755 tulissent?
936 3699 1026 3753 Vis
1056 3699 1360 3768 quempiam
1393 3698 1446 3751 in
1473 3696 1709 3752 medium
1738 3696 1867 3750 alie-

282 3793 503 3849 ramus?
552 3791 632 3846 Sit
669 3792 789 3861 quis
836 3791 916 3844 vir
958 3790 1279 3854 consularis,
1332 3788 1536 3858 magnis
1576 3788 1868 3842 instructus

286 3889 492 3958 opibus,
541 3887 596 3939 in
641 3885 773 3938 urbe
813 3885 1157 3955 lmperatoria
1181 3883 1345 3937 vitam
1372 3899 1556 3953 agens,
1591 3882 1865 3949 negotium

285 3994 401 4033 cum
431 3978 582 4032 nullo
610 3975 818 4040 habeat,
859 3974 1067 4030 deliciis
1101 3973 1194 4029 det
1221 3989 1465 4043 operam,
1509 3981 1565 4028 et
1615 3972 1739 4026 huic
1780 3972 1868 4025 ιιιιὶ

289 4074 356 4126 rei
387 4071 680 4133 incumbat,
715 4069 765 4122 in
794 4068 1030 4123 culmine
1055 4067 1356 4120 divitiarum
1381 4108 1395 4131 ,
1451 4066 1671 4120 honoris
1691 4075 1746 4118 et
1776 4080 1874 4134 po-

289 4163 465 4217 tentiae
510 4161 761 4231 positus:
795 4174 1131 4230 opponamus
1179 4167 1361 4213 autem
1409 4157 1483 4211 illi
1535 4157 1773 4220 Petrum,
1825 4157 1872 4211 si

289 4258 478 4325 placet,
507 4255 564 4308 in
593 4253 816 4307 vinculis
855 4261 910 4307 et
941 4251 1237 4306 innumeris
1268 4251 1427 4304 malis
1457 4250 1771 4320 degentem;
1819 4258 1875 4304 et

287 4350 425 4403 hunc
494 4347 676 4417 potius
708 4346 1053 4401 inveniemus
1105 4344 1464 4399 deliciantem.
1547 4342 1682 4398 Cum
1731 4343 1873 4397 enim

287 4453 433 4496 tanta
456 4440 527 4494 sit
555 4437 732 4509 gaudii
764 4438 937 4506 copia,
991 4447 1049 4490 ut
1080 4437 1131 4489 in
1156 4436 1387 4490 vinculis
1431 4436 1595 4490 etiam
1642 4433 1876 4489 delecte—

286 4543 391 4597 tur,
430 4533 609 4600 cogita
639 4539 832 4600 quanta
859 4529 929 4585 sit
956 4528 1134 4599 gaudii
1158 4528 1490 4596 magnitudo.
1544 4526 1694 4582 Sicut
1732 4527 1876 4582 enim

284 4626 339 4690 ii,
369 4624 463 4690 qui
490 4637 744 4690 maguum
777 4620 1051 4689 possident
1081 4620 1470 4689 magistratum,
1515 4619 1558 4672 si
1589 4618 1716 4688 quid
1749 4619 1873 4673 mali

285 4715 518 4779 accidat,
573 4728 677 4765 nou
728 4712 983 4777 sentiunt,
1033 4710 1128 4765 sed
1169 4711 1222 4763 in
1263 4710 1458 4780 gaudio
1491 4719 1878 4780 perseverant:

287 4809 364 4861 sic
404 4817 460 4860 et
508 4806 602 4859 isti
633 4815 846 4874 propter
875 4805 991 4858 haec
1021 4798 1251 4859 maxime
1280 4803 1598 4873 gaudebant.
1631 4803 1747 4858 Non
1788 4821 1883 4875 po-

297 4909 399 4950 test
431 4897 602 4959 enim,
631 4912 734 4949 non
763 4895 944 4964 utique
974 4904 1148 4964 potest
1174 4910 1424 4949 sermone
1449 4893 1703 4964 explicari
1727 4896 1882 4950 volu-

317 4996 424 5055 ptas
451 5003 658 5053 eorum,
705 4990 793 5056 qui
827 4995 1044 5056 propter
1082 4986 1358 5040 Christum
1401 5002 1564 5053 grave
1609 4987 1883 5056 quidpiam

317 5077 571 5144 patiuntur
596 5096 608 5130 :
635 5093 760 5131 nam
787 5079 954 5131 multo
984 5079 1152 5148 magis
1180 5078 1413 5149 gaudent
1443 5079 1493 5132 in
1519 5079 1694 5146 malis,
1725 5095 1885 5148 quam

313 5170 371 5223 in
415 5169 578 5225 bonis.
618 5171 735 5226 Hoc
777 5171 917 5241 quod
958 5171 1120 5238 dico,
1166 5173 1314 5225 novit
1345 5173 1585 5241 quisquis
1614 5173 1885 5227 Christum

303 5262 496 5332 diligit.
523 5262 623 5318 Sed
665 5263 837 5333 quid?
884 5279 950 5317 an
976 5263 1283 5319 securitatis
1313 5279 1471 5318 causa
1497 5264 1614 5319 haec
1643 5265 1779 5318 mala
1805 5267 1887 5320 fu-

298 5371 428 5425 gere
456 5355 767 5412 debebant?
798 5357 862 5409 Et
889 5357 1028 5425 quis,
1052 5371 1256 5424 qumso,
1283 5356 1574 5411 innumeris
1599 5358 1886 5412 instructus

301 5448 513 5514 opibus,
550 5464 665 5502 :um
696 5458 772 5503 tot
802 5449 1048 5518 gentibus
1075 5464 1331 5512 versans,
1391 5457 1469 5501 tot
1501 5448 1735 5518 pericula
1758 5447 1891 5502 effu-

303 5557 429 5608 gere
461 5543 711 5609 potuerit,
746 5541 794 5595 si
820 5541 887 5594 de
907 5541 1213 5609 reipublicte
1240 5541 1538 5595 mutatione
1568 5540 1794 5610 agatur?
1825 5539 1889 5595 Hi

305 5644 480 5686 autem
508 5636 656 5703 quasi
687 5650 754 5689 ex
783 5633 936 5702 jussu
970 5633 1117 5702 regio
1159 5633 1337 5687 omnia
1366 5632 1742 5703 perﬁciebant;
1785 5634 1891 5689 imo

307 5732 361 5778 et
387 5725 550 5781 multo
577 5727 810 5782 facilius.
845 5723 1028 5794 Neque
1055 5725 1198 5778 enim
1221 5724 1401 5794 jussus
1430 5724 1609 5794 regius
1633 5724 1723 5778 illa
1752 5725 1894 5781 valet

308 5813 534 5892 eilicere,
584 5837 707 5898 quae
763 5820 1008 5893 ipsorum
1050 5815 1213 5872 verba
1262 5816 1626 5887 operabantur
1659 5833 1673 5872 :
1703 5817 1889 5886 jussus

1218 357 1285 412 IN
1327 355 1508 411 ACTA
1548 349 2072 409 APOSTOLORUM.
2115 349 2349 407 ιιοιιιι..
2388 349 2530 408 XIII.

3439 359 3530 415 Ill)

1941 466 2138 536 quippe
2166 467 2345 537 regius
2371 482 2440 522 ex
2481 467 2803 524 necessitate
2828 471 3008 541 cogit;
3059 472 3114 526 hi
3149 488 3279 527 vero
3305 484 3526 543 sponta-

1937 574 2092 624 neos,
2133 559 2383 624 libentes,
2411 568 2467 615 ct
2501 560 2649 614 mille
2677 561 2878 630 gratias
2911 562 3209 619 referentes
3235 565 3524 621 ducebant.

1939 649 2069 717 Quis
2087 649 2268 719 jussus
2298 651 2478 720 regius
2495 664 2628 723 opes
2657 667 2845 707 omnes
2873 653 3152 725 ipsamque
3178 657 3412 711 animam
3438 674 3530 713 re-

1943 740 2182 811 linquere
2222 741 2511 807 suasisset,
2565 742 2782 797 domum
2835 753 3219 810 contemnere,
3261 749 3528 816 patriam,

1941 843 2220 903 cognatos,
2255 835 2531 903 ipsamque
2562 835 2837 889 salutem?
2865 834 2972 891 Sed
3005 836 3055 891 id
3095 847 3320 907 potuere
3348 840 3530 909 pisca-

1943 935 2118 981 torum
2141 937 2195 982 et
2223 928 2511 997 pellionum
2542 943 2736 994 voces;
2767 929 2838 982 ita
2867 939 2927 983 ut
2949 930 3000 984 in
3031 930 3304 999 voluptate
3328 932 3532 1004 degen-

1946 1029 2045 1083 tes,
2071 1019 2402 1088 potentiores
2429 1029 2483 1073 et
2505 1017 2758 1075 fortiores
2789 1021 3042 1076 omnibus
3085 1031 3288 1076 essent.
3335 1023 3530 1089 Etiam,

1945 1112 2171 1182 inquies,
2191 1113 2313 1182 quia
2347 1114 2495 1181 signa
2522 1113 2771 1168 edebant.
2789 1115 2856 1168 At
2877 1114 2965 1184 qui
2993 1114 3286 1170 credebant
3311 1131 3431 1187 quae
3455 1117 3534 1172 si-

1943 1219 2042 1274 gna
2071 1204 2350 1269 faciebant,
2376 1205 2463 1259 illa
2489 1220 2683 1274 nempe
2710 1205 2809 1260 tria
2841 1205 3010 1260 millia
3031 1215 3085 1261 et
3105 1207 3342 1278 quinque
3370 1208 3534 1264 millia

1946 1295 2242 1359 hominum,
2270 1297 2358 1364 qui
2389 1305 2566 1351 tamen
2593 1298 2646 1351 in
2672 1298 3034 1352 exsultatione
3055 1298 3221 1352 multa
3249 1298 3537 1368 degebant?

1947 1385 2015 1440 Et
2039 1386 2158 1454 jure
2184 1386 2397 1455 quidem
2429 1403 2443 1440 :
2477 1402 2598 1441 nam
2631 1389 2872 1441 omnium
2899 1402 3056 1441 causa
3093 1404 3406 1454 moerorum.
3443 1407 3539 1460 pe-

1946 1479 2220 1532 cuniarum
2250 1494 2444 1547 nempe
2467 1480 2757 1546 possessio,
2786 1480 2996 1534 sublata
3024 1490 3160 1535 erat.
3192 1479 3286 1535 illa
3309 1499 3540 1552 namque

1947 1569 2230 1634 bellorum,
2252 1574 2657 1626 contentionum
2683 1611 2698 1637 ,
2723 1572 2969 1626 maeroris
2996 1573 3345 1643 omniumque
3373 1575 3543 1628 malo-

1949 1677 2065 1715 rum
2095 1676 2254 1716 causa
2289 1671 2425 1727 erat,
2455 1679 2574 1732 qua:
2599 1664 2764 1717 vitam
2795 1664 3117 1720 laboriosam
3154 1667 3543 1738 molestamque

1950 1753 2246 1808 reddebat:
2279 1753 2542 1824 longeque
2583 1755 2762 1823 plures
2795 1767 3018 1811 nimstos
3057 1759 3297 1828 reperias
3325 1759 3541 1828 divites,

1951 1861 2111 1915 quam
2139 1861 2423 1915 pauperes.
2460 1847 2612 1912 Quod
2645 1847 2689 1900 si
2720 1847 3039 1916 quilmsdam
3067 1865 3172 1904 non
3198 1850 3445 1907 videatur
3471 1853 3544 1906 ita

1953 1953 2092 2001 esse,
2127 1954 2232 1992 non
2261 1954 2326 1992 ex
2359 1954 2540 1992 rerum
2569 1951 2754 1991 natura
2775 1980 2790 2004 ,
2838 1943 2932 1994 scd
2965 1955 3033 1995 ex
3076 1956 3261 1996 eormn
3292 1945 3546 2013 opinione

1952 2033 2031 2087 sic
2056 2049 2113 2088 se
2140 2049 2229 2087 res
2261 2033 2440 2088 habet.
2487 2033 2642 2100 Quod
2673 2035 2717 2087 si
2755 2034 2880 2102 quid
2913 2035 3144 2091 habeant
3169 2037 3364 2093 divites
3394 2039 3547 2093 volu-

1956 2128 2134 2198 ptatis,
2176 2126 2310 2181 nihil
2338 2126 2562 2181 mirum;
2582 2127 2714 2182 Nam
2740 2136 2794 2182 et
2821 2129 2909 2198 qui
2941 2129 3123 2184 scabie
3150 2131 3292 2199 pleni
3319 2140 3462 2198 sunt,
3492 2133 3546 2187 in

1954 2235 2145 2289 magna
2175 2228 2300 2273 sunt
2329 2219 2627 2289 voluptate.
2659 2219 2811 2287 Quod
2843 2231 3022 2274 autem
3054 2221 3124 2276 ab
3154 2222 3260 2276 illis
3287 2223 3422 2278 nihil
3441 2223 3550 2280 dif.

1959 2315 2127 2368 ferant
2147 2314 2360 2378 divites,
2380 2313 2475 2368 sed
2503 2313 2696 2368 eodem
2727 2314 2836 2368 sint
2863 2314 3208 2378 auimo,hine
3237 2316 3408 2385 palam
3439 2326 3542 2373 est.

1957 2410 2082 2464 lllos
2108 2425 2252 2466 curze
2279 2419 2555 2464 atterunt:
2589 2420 2640 2465 et
2669 2418 2845 2465 tamen
2880 2411 3068 2465 volunt
3095 2411 3197 2464 illis
3223 2410 3450 2465 detineri
3480 2411 3552 2464 ob

1959 2512 2361 2571 tcmporaneam
2393 2501 2723 2572 voluptatem
2757 2521 2768 2556 :
2798 2503 2888 2571 qui
2941 2511 3117 2556 autem
3165 2512 3294 2557 sunt
3328 2517 3358 2556 a
3408 2501 3553 2556 curis

1960 2594 2136 2658 liberi,
2159 2595 2209 2648 in
2237 2594 2465 2647 sanitate
2492 2609 2726 2648 Inmrore
2753 2595 2901 2647 vacui
2933 2593 3159 2663 degunt.

2032 2688 2084 2741 4.
2115 2685 2250 2753 Quid
2282 2685 2510 2750 dulcius,
2543 2701 2760 2754 quteso,
2788 2685 2914 2755 quid
2949 2686 3112 2739 tutius
3133 2727 3148 2752 ,
3183 2685 3251 2741 de
3280 2701 3388 2741 uno
3411 2702 3553 2758 pane

1959 2791 2013 2835 et
2041 2779 2109 2835 de
2137 2791 2284 2834 veste
2313 2779 2603 2833 sollicitum
2645 2793 2764 2834 esse
2787 2820 2802 2844 ,
2837 2795 2903 2832 an
2934 2778 3002 2833 de
3030 2778 3178 2834 mille
3203 2779 3373 2834 servis
3399 2788 3455 2835 et
3492 2779 3556 2834 li-

1962 2872 2125 2937 beris,
2157 2887 2218 2926 ac
2238 2870 2306 2925 de
2329 2870 2508 2940 seipso
2532 2870 2662 2924 nihil
2684 2870 2911 2925 curare?
2931 2870 3389 2936 Quemadmodum
3411 2873 3555 2927 enim

1964 2963 2050 3018 hic
2077 2978 2172 3032 pro
2205 2962 2385 3032 seipso
2414 2963 2600 3016 timet:
2627 2961 2696 3015 ita
2725 2971 2782 3016 et
2810 2970 2865 3014 tu
2906 2977 3005 3031 pro
3036 2961 3134 3027 iis,
3166 2961 3255 3033 qui
3285 2978 3349 3016 ex
3383 2962 3558 3032 capite

1964 3065 2056 3111 tuo
2087 3055 2342 3125 pendent.
2375 3054 2444 3108 Et
2469 3069 2567 3110 cur
2592 3063 2877 3124 paupertas
2913 3053 3164 3124 fugienda
3190 3054 3402 3109 videtur
3423 3095 3438 3122 ,
3469 3055 3557 3109 in-

1964 3147 2150 3217 quies?
2184 3145 2318 3213 Quia
2347 3147 2448 3200 alia
2480 3160 2692 3216 quoque
2720 3146 2858 3199 bona
2891 3146 3040 3199 multi
3073 3155 3423 3212 aversantur,
3452 3161 3560 3200 non

1967 3237 2110 3308 quod
2144 3236 2429 3307 fugienda,
2475 3237 2568 3291 sed
2606 3236 2750 3307 quod
2779 3248 2900 3292 actu
2941 3237 3179 3293 difﬁcilia
3224 3239 3353 3294 sint.
3399 3238 3561 3308 lgitttr

1967 3341 2256 3400 paupertas
2289 3345 2393 3384 non
2439 3329 2686 3400 fugienda
2715 3372 2728 3394 ,
2773 3331 2869 3384 sed
2921 3332 3178 3386 exercitio
3203 3332 3434 3388 difﬁcilis
3457 3343 3559 3388 est.

1968 3424 2152 3494 itaque
2180 3425 2222 3477 si
2253 3425 2373 3490 quis
2398 3423 2539 3476 illam
2574 3421 2712 3477 ferre
2739 3433 2940 3492 posset,
2972 3422 3113 3477 haud
3143 3423 3388 3494 fugienda
3415 3424 3564 3480 vidc-

1969 3527 2138 3572 retur.
2164 3513 2272 3570 Cur
2299 3515 2440 3570 enim
2469 3515 2612 3569 illam
2635 3530 2741 3569 non
2766 3515 3154 3569 aversabantur
3177 3515 3443 3585 apostoli?
3467 3531 3563 3570 cur

1971 3611 2117 3665 illam
2149 3610 2300 3664 multi
2331 3609 2555 3678 eligunt,
2584 3624 2685 3662 nec
2713 3609 2874 3661 modo
2904 3609 3047 3661 illam
3081 3624 3185 3663 non
3216 3620 3561 3676 aversantur,

1972 3701 2066 3753 sed
2097 3699 2161 3752 ad
2195 3699 2338 3751 illam
2372 3696 2696 3751 accurrunt?
2727 3697 2878 3766 Quod
2909 3699 3051 3752 enim
3085 3715 3214 3754 vere
3257 3700 3564 3770 fugiendum

1973 3802 2077 3857 est,
2111 3791 2322 3846 ncnnisi
2351 3790 2555 3845 insanis
2585 3791 2876 3860 Optandum
2905 3790 3134 3846 videtur.

2048 3883 2334 3953 Paupertas
2363 3881 2659 3951 prwsidium
2699 3881 3132 3938 munitum.-Si
3177 3893 3355 3937 autem
3394 3881 3568 3953 philo-

1975 3979 2129 4048 sophi
2155 3979 2292 4030 inter
2313 3976 2558 4030 homines
2583 3976 2862 4040 sublimes,
2890 3976 2955 4030 ad
2977 3976 3113 4030 haue
3131 3977 3282 4046 quasi
3304 3976 3371 4031 ad
3392 3976 3566 4032 locum

1979 4080 2147 4126 tutum
2174 4079 2228 4124 et
2253 4085 2440 4124 sanum
2463 4071 2706 4136 veniunt,
2727 4071 2858 4124 nihil
2889 4071 3080 4125 mirum
3105 4079 3206 4133 est,
3234 4073 3276 4124 si
3300 4071 3389 4125 alii
3413 4085 3570 4125 secus

1979 4166 2326 4219 arbitrentur.
2355 4163 2488 4217 Nam
2515 4163 2664 4217 dives
2695 4162 2830 4216 nihil
2857 4163 2999 4216 aliud
3034 4163 3162 4216 mihi
3191 4163 3403 4216 videtur
3425 4178 3567 4228 esse,

1979 4271 2137 4327 quam
2165 4257 2294 4310 urbs
2321 4256 2437 4308 sine
2465 4270 2618 4308 muro
2640 4254 2692 4308 in
2721 4254 2942 4325 planitie
2969 4255 3160 4324 posita,
3193 4269 3310 4324 qua:
3338 4253 3572 4324 undique

1983 4347 2322 4403 insidiatores
2362 4347 2599 4400 attrahat
2627 4364 2639 4400 :
2669 4353 2956 4416 paupertas
2999 4361 3127 4400 vero
3157 4344 3462 4414 prmsidium
3491 4355 3573 4400 est

1983 4441 2245 4496 munitum
2265 4481 2279 4504 ,
2310 4453 2417 4494 tere
2447 4439 2615 4493 multo
2641 4438 3052 4501 circumdatum,
3084 4453 3302 4493 accessu
3331 4438 3568 4494 difficile.

1915 4599 1922 4604 α
1985 4534 2091 4600 Αι,
2143 4531 2351 4601 inquies
2375 4573 2390 4596 ,
2427 4541 2613 4584 contra
2649 4547 2736 4585 res
2765 4547 2824 4584 se
2855 4530 3048 4596 habet;
3083 4530 3133 4583 bi
3165 4532 3308 4585 enim
3339 4546 3481 4601 saepe
3508 4529 3574 4585 ad

1988 4624 2216 4679 tribunal
2244 4624 2550 4684 trahuntur,
2583 4622 2635 4674 hi
2664 4622 2952 4688 laeduntur,
2982 4633 3036 4676 et
3062 4623 3199 4677 male
3231 4623 3447 4678 habent.
3471 4624 3574 4677 Sed

1987 4733 2094 4770 non
2118 4730 2382 4786 pauperes
2399 4713 2714 4784 simpliciter
2733 4722 2878 4778 sunt,
2905 4713 2998 4768 sed
3026 4729 3288 4784 pauperes
3309 4718 3395 4783 qui
3418 4715 3574 4769 ditari

1988 4805 2229 4877 cupiunt.
2260 4805 2370 4875 Ego
2395 4819 2524 4858 vero
2549 4819 2654 4858 non
2684 4803 2752 4858 de
2782 4804 2888 4856 illis
2916 4803 3124 4874 loquor,
3157 4803 3250 4859 sed
3278 4804 3344 4858 dc
3373 4805 3458 4869 iis,
3487 4808 3573 4872 qui

1991 4899 2043 4953 in
2093 4905 2405 4966 paupertate
2449 4896 2652 4949 versari
2701 4893 2935 4948 student.
2974 4895 3067 4949 Dic
3097 4895 3239 4948 enim
3271 4894 3436 4961 mihi,
3483 4913 3582 4950 cur

1992 5006 2150 5044 nemo
2182 5004 2309 5052 eos,
2355 4989 2444 5057 qui
2485 4989 2536 5042 in
2583 4987 2854 5041 montibus
2880 4987 3118 5056 degunt,
3153 4989 3203 5040 in
3250 4987 3337 5055 jus
3383 4987 3582 5041 trahit?

1993 5081 2233 5151 quamvis
2264 5081 2307 5134 si
2335 5090 2621 5150 paupertas
2652 5078 2806 5134 facile
2834 5079 3172 5149 opprimitur,
3206 5080 3325 5134 illos
3353 5081 3582 5133 maxime

1996 5171 2129 5225 trahi
2161 5179 2471 5240 Oporterel,
2504 5171 2595 5241 qui
2644 5182 2768 5224 sunt
2816 5171 3052 5224 outuium
3104 5171 3446 5241 pauperrimi.
3475 5170 3576 5224 Cur

1996 5262 2270 5316 mendicos
2303 5277 2464 5316 nemo
2495 5261 2655 5314 trahit
2683 5259 2746 5313 ad
2773 5261 3048 5331 judicent?
3077 5277 3173 5314 cur
3199 5277 3360 5318 nemo
3387 5259 3504 5312 illos
3531 5261 3594 5313 vi.

1998 5355 2082 5410 vel
2119 5355 2382 5409 calumnia
2415 5354 2656 5423 impetit?
2685 5370 2862 5408 nonne
2887 5353 3009 5424 quia
3042 5352 3092 5405 in
3125 5351 3319 5406 tutiore
3343 5351 3462 5405 loco
3481 5351 3586 5403 ha-

1992 5446 2209 5502 bitant?
2247 5446 2415 5512 Quam
2450 5445 2632 5498 multis
2672 5445 3034 5500 infelicissima
3063 5443 3273 5496 videtur
3300 5453 3586 5512 paupertas
3617 5496 3631 5502 ,,

1998 5548 2053 5592 et
2100 5537 2448 5592 mendicitas?
2495 5538 2630 5604 Quid
2683 5538 2862 5606 igitur,
2917 5549 3138 5604 quaeso,
3191 5533 3459 5589 bonumne
3505 5547 3588 5590 est

2000 5631 2340 5686 mendicare?
2371 5632 2600 5695 Bonum,
2631 5629 2673 5683 si
2704 5629 2772 5683 sit
2801 5629 2890 5699 qui
2917 5627 3222 5682 consoletur
3247 5636 3300 5682 et
3331 5627 3590 5682 miserea-

2003 5735 2108 5792 tur,
2138 5725 2183 5780 si
2215 5726 2282 5778 sit
2309 5725 2398 5794 qui
2432 5724 2713 5794 largiatur:
2737 5721 2874 5776 hanc
2901 5721 3062 5774 vitam
3090 5719 3317 5774 otiosam
3347 5729 3402 5775 et
3429 5735 3587 5780 secue

2001 5834 2115 5883 ram
2145 5833 2264 5872 esse
2293 5832 2448 5871 nemo
2478 5832 2579 5872 non
2611 5815 2774 5868 novit.
2804 5814 2915 5885 Ego
2939 5819 3246 5880 autemnon
3275 5811 3378 5872 hoc
3397 5811 3608 5882 laudo,
