3946 6430
475 358 572 414 Ill

471 469 632 531 absit,
651 466 746 522 sed
770 464 935 536 probo
961 463 1009 519 si
1035 462 1155 533 quis
1186 478 1315 532 opes
1341 478 1448 516 non
1477 460 1773 516 desideret.
1802 460 1897 514 Dic
1921 459 2065 513 enim

475 559 609 614 mihi
630 598 646 624 ,
678 574 815 628 quos
840 557 1013 625 potius
1036 554 1246 618 beatos,
1276 553 1497 617 dixeris,
1528 569 1594 607 an
1623 552 1831 606 virtutis
1855 550 2066 606 studio-

472 667 584 714 sos,
616 667 683 704 an
715 665 809 704 eos
834 648 922 717 qui
956 645 1141 717 procul
1170 645 1238 699 ab
1283 645 1368 699 illa
1417 645 1578 698 sunt?
1622 643 1905 699 Studiosos
1948 643 2066 697 sine

471 743 659 797 dubio.
691 741 822 798 Uter
845 757 974 811 ergo
1001 741 1222 795 idoneus
1253 748 1337 793 est
1364 738 1429 792 ad
1461 738 1608 791 utilia
1632 737 1980 796 addisccnda,
2011 746 2066 790 et

473 835 540 888 ad
585 833 940 903 philosophia:
982 831 1341 901 splendorem,
1389 845 1456 883 an
1501 828 1588 882 hic
1631 845 1697 882 an
1740 828 1870 882 ille?
1914 826 2066 880 Hunc

471 929 656 998 utique
682 942 803 982 esse
832 927 1003 996 palam
1026 937 1126 980 est.
1155 923 1210 980 Si
1239 939 1344 977 nou
1373 923 1581 984 eredas,
1608 923 1656 976 id
1684 922 1852 976 disce.
1885 919 2067 974 Addu-

471 1031 625 1075 catur
653 1020 773 1089 quis
797 1034 827 1072 e
857 1017 974 1072 foro
1001 1016 1440 1072 mendicantium.
1468 1015 1556 1084 qui
1586 1015 1655 1066 sit
1683 1028 1879 1076 caecus,
1912 1012 2062 1066 clau-

471 1112 593 1177 dus,
619 1112 869 1175 mutilus;
896 1110 1031 1165 alios
1049 1122 1261 1179 queque
1283 1119 1502 1176 aspectu
1529 1108 1811 1168 formosus,
1839 1118 2068 1170 corpore

476 1204 731 1258 robustus
754 1217 818 1257 ac
845 1201 1076 1265 vividus,
1104 1199 1297 1272 opibus
1322 1199 1622 1262 abundans,
1647 1211 1840 1267 genere
1865 1195 2060 1258 clarus,

476 1302 710 1365 potentia
740 1295 942 1350 valens.
982 1292 1057 1366 (a)
1092 1294 1198 1348 llos
1225 1294 1403 1362 itaque
1429 1291 1496 1345 ad
1529 1288 1882 1360 philos0phia:
1905 1287 2067 1342 disci-

477 1389 674 1455 plinam
705 1388 1032 1442 adducamus
1052 1427 1066 1449 ,
1105 1393 1159 1440 et
1201 1383 1508 1448 videamus,
1539 1392 1660 1436 uter
1687 1397 1871 1435 eorum
1899 1379 2065 1447 magis

470 1479 772 1534 doctrinam
815 1479 1071 1548 excipiat.
1121 1477 1200 1530 Sit
1250 1491 1379 1545 ergo
1427 1476 1654 1542 primum
1707 1481 2062 1540 praeceptum,

470 1570 700 1625 llnmilis
720 1579 836 1625 esto
861 1579 916 1624 et
947 1568 1249 1630 modestus;
1284 1566 1385 1620 hoc
1408 1565 1550 1620 enim
1579 1563 1826 1617 Christus
1855 1577 2055 1631 praece-

472 1665 549 1737 pit
575 1681 588 1715 :
610 1673 724 1717 uter
749 1663 916 1732 magis
950 1661 1052 1714 hoc
1070 1659 1293 1729 implere
1315 1657 1544 1728 poterit?
1573 1655 1750 1722 Beati,
1783 1662 1866 1724 qui
1893 1658 2064 1725 lugent

472 1756 683 1826 (Matth.
719 1756 771 1810 5.
802 1755 858 1825 5)
885 1773 897 1807 :
921 1754 1042 1824 quis
1071 1753 1214 1807 dicto
1253 1752 1423 1821 magis
1470 1750 1750 1804 attendet?
1781 1751 1926 1805 Beati
1962 1751 2062 1802 lm-

472 1846 629 1900 miles
653 1863 665 1898 :
692 1856 808 1898 uter
849 1847 1017 1913 magis
1053 1843 1275 1898 audiet?
1303 1841 1452 1894 Beati
1480 1843 1670 1894 mundo
1697 1842 1848 1895 corde
1870 1857 1888 1894 :
1909 1841 2059 1904 beati,

469 1939 558 2006 qui
597 1938 822 1991 esuriant
849 1946 895 1990 et
923 1937 1100 1990 sitiunt
1129 1935 1384 2004 justitiam
1407 1951 1426 1988 .'
1447 1933 1612 2000 beati,
1661 1935 1745 2003 qui
1790 1950 2063 2002 persequu-

474 2029 660 2082 tionem
689 2028 955 2098 patiuntur
982 2037 1188 2098 prapter
1215 2027 1473 2098 justitiam
1502 2023 1662 2098 (Ibid.
1693 2042 1738 2078 v.
1771 2025 1822 2079 8.
1852 2026 1906 2080 6.
1935 2021 2060 2095 10);

472 2121 593 2190 quis
621 2120 736 2176 haec
761 2121 915 2176 facile
943 2119 1213 2190 excipiet?
1242 2120 1308 2174 Et
1335 2119 1380 2173 si
1414 2119 1514 2185 vis,
1549 2118 1667 2172 haec
1708 2118 1918 2186 utrique
1963 2117 2063 2171 ad-

467 2221 738 2282 aptemus.
782 2219 972 2268 Annon
1013 2213 1102 2267 ille
1127 2220 1297 2266 tumet
1322 2211 1556 2281 undique
1593 2220 1649 2264 et
1687 2210 1932 2274 inﬂatur;
1977 2209 2065 2264 hic

471 2323 603 2362 vero
635 2307 911 2363 humiliter
952 2324 1169 2377 prorsus
1215 2306 1377 2362 sentit
1423 2321 1488 2360 ac
1535 2305 1801 2360 demissus
1829 2305 1948 2359 est?
1976 2303 2066 2358 Sic

475 2402 659 2470 utique
699 2417 758 2456 se
806 2416 894 2454 res
947 2400 1129 2454 habet.
1174 2401 1266 2453 Est
1310 2409 1360 2454 et
1403 2397 1544 2467 apud
1584 2406 1835 2452 externos
1865 2396 2065 2450 dictum

473 2492 906 2550 situilc:Servns
950 2491 1164 2560 quidem
1197 2491 1485 2559 Epictetus.
1526 2503 1753 2557 corpore
1804 2501 2062 2549 mancus,

473 2593 789 2654 paupertate
822 2564 935 2644 Irus
961 2625 975 2647 ,
1021 2594 1076 2637 et
1117 2576 1321 2636 amicus
1361 2581 1742 2636 itmnortalium
1774 2581 1869 2651 (ὁ).
1903 2580 1976 2632 Ita
2007 2596 2066 2634 se

476 2677 638 2731 habet
696 2691 918 2744 pauper.
976 2674 1160 2728 Divitis
1215 2682 1394 2729 autem
1453 2673 1628 2726 anima
1682 2680 1856 2726 scatet
1907 2672 2066 2726 malis

471 2768 744 2833 omnibus,
771 2766 1100 2836 arrogantia,
1125 2780 1258 2820 vana
1283 2764 1474 2836 gloria,
1501 2763 1885 2834 cupiditatibus
1909 2763 2068 2818 innu-

473 2861 659 2924 meris,
690 2861 790 2925 ira,
820 2859 1034 2924 furore,
1070 2858 1315 2922 avaritia,
1345 2857 1629 2927 injustitia,
1661 2859 1886 2927 aliisque
1916 2873 2065 2912 mor-

470 2953 574 3008 bis.
599 2952 781 3006 Palam
804 2965 933 3020 ergo
952 2960 1034 3006 est
1056 2949 1224 3016 illam,
1242 2964 1403 3017 quam
1426 2949 1564 3002 hanc
1583 2948 1651 3002 ad
1675 2947 2065 3017 philosophiam

473 3045 739 3112 aptiorem
785 3057 926 3097 esse.
973 3041 1206 3095 Omnino
1245 3039 1454 3094 discere
1495 3040 1734 3108 quwritis
1763 3081 1778 3104 ,
1830 3050 1948 3094 utra
1997 3040 2068 3093 sit

473 3137 691 3192 suavior
717 3155 731 3192 :
759 3136 859 3190 hoc
888 3136 1033 3191 enim
1065 3149 1094 3187 a
1123 3134 1305 3188 multis
1329 3133 1499 3203 quaeri
1526 3132 1711 3198 video,
1742 3143 1860 3188 utra
1885 3134 1956 3188 sit
1976 3132 2066 3202 ju-

477 3231 726 3287 cundior.
760 3230 918 3286 Certe
949 3230 1048 3283 hac
1075 3229 1126 3282 in
1160 3244 1218 3283 re
1247 3227 1380 3282 nihil
1405 3226 1759 3281 dubitandum
1786 3237 1867 3282 est
1899 3245 1910 3282 :
1943 3244 2065 3282 nam

473 3325 566 3392 qui
594 3323 811 3378 sanitati
842 3322 1060 3392 prepior
1085 3331 1203 3388 est,
1235 3321 1282 3374 is
1324 3321 1376 3374 in
1406 3320 1679 3389 voluptate
1707 3321 1871 3374 multa
1900 3319 2064 3388 degit.

475 3415 630 3481 Uter,
663 3430 869 3486 quzeso,
903 3414 969 3469 ad
997 3415 1165 3483 legem
1195 3413 1354 3479 hanc,
1386 3428 1544 3480 quam
1573 3412 1940 3482 redintegrare
1967 3428 2065 3466 vo—

479 3507 688 3572 lumus,
717 3517 801 3561 est
825 3507 1018 3573 aptior,
1049 3520 1252 3575 pauper
1289 3519 1355 3557 an
1384 3504 1570 3558 dives?
1596 3503 1714 3573 quis
1742 3504 1898 3558 facile
1918 3504 2068 3572 jura-

475 3599 602 3654 bit?
643 3598 733 3668 qui
778 3597 900 3653 ﬁliis
949 3597 1231 3663 irascitur,
1279 3595 1366 3666 qui
1413 3611 1534 3653 cum
1574 3595 1870 3652 innumeris
1915 3605 2066 3664 pacta

535 3757 607 3818 (a)
631 3760 892 3820 Sequentia
912 3755 1038 3818 apud
1062 3754 1308 3820 Platonem
1332 3753 1555 3820 feruntur
1580 3752 1612 3809 ι.
1640 3752 1673 3802 6
1693 3753 1758 3802 de
1783 3752 2064 3820 Republica.

477 3813 724 3880 lliiieque'
761 3813 1368 3880 ChrysoStomus,_Platoni
1403 3823 1568 3865 tamen
1590 3828 1689 3864 non
1714 3813 1882 3877 parum
1907 3815 2067 3864 infen-

474 3895 578 3947 sus,
614 3878 719 3947 ligo
741 3878 1079 3942 desn'mpsisse
1101 3878 1325 3947 videtur._
1456 3936 1466 3947 .

538 3936 607 4020 Lb)
633 3941 770 4020 ΔΗτίξίι
806 3936 1073 3990 consonant
1104 3954 1214 4001 cum
1248 3941 1404 4002 epigr.
1454 3936 1539 3988 illo
1573 3937 1592 4000 (
1628 3937 1825 3988 Anthol.
1871 3936 1964 3988 Pal.
2006 3941 2066 3999 7,

472 4005 643 4054 676):

584 4007 602 4067 )
785 4077 915 4122 Μῶλος
940 4067 1138 4124 lii-sinam;
1161 4076 1311 4126 τινόμην
1332 4075 1392 4114 καὶ
1408 4077 1550 4122 σώματι
1569 4075 1680 4126 κηρὸς
1693 4103 1706 4120 ,

873 4139 947 4190 Kal
966 4141 1090 4177 πινίαν
1110 4130 1204 4190 i905,
1220 4137 1282 4177 καὶ
1303 4137 1401 4189 93.10;
1417 4138 1621 4188 ᾀθανάτοις.

1802 4324 2149 4386 HOMILIA
2189 4325 2364 4386 XIV.

470 4479 601 4534 Car.
644 4479 696 4532 5.
727 4493 777 4528 v.
808 4476 897 4529 '54.
932 4474 1158 4542 Surgens
1173 4482 1340 4531 autem
1369 4471 1575 4550 quidam
1603 4471 1654 4522 in
1681 4470 1894 4526 concilio
1923 4469 2067 4523 Pha-

539 4573 715 4625 riswns
736 4611 751 4636 ,
811 4567 1010 4628 nomine
1044 4562 1313 4625 Gamaliel,
1369 4563 1493 4632 legis
1532 4563 1725 4628 doctor,
1757 4561 2067 4616 honorabilis

544 4662 788 4715 universa:
814 4658 965 4730 plebi,
982 4658 1136 4729 jussit
1163 4661 1302 4728 foras
1331 4655 1396 4707 ad
1432 4659 1573 4710 breve
1609 4654 1833 4707 homines
1860 4655 1992 4723 ﬁeri.

547 4755 600 4808 1.
630 4754 723 4809 llic
753 4731 1010 4808 Gamaliel
1032 4750 1177 4806 Pauli
1206 4749 1391 4810 doctor
1417 4756 1533 4802 erat
1559 4767 1572 4803 :
1602 4746 2066 4817 admirationeque

472 4844 688 4916 dignum
719 4857 821 4915 est,
852 4843 1142 4914 quomodo,
1173 4840 1370 4916 judicio
1413 4839 1596 4896 valens
1621 4849 1676 4893 et
1697 4840 1750 4892 in
1781 4837 1898 4910 lege
1923 4839 2065 4909 peri-

475 4948 579 5001 tus,
623 4935 858 4989 nondum
889 4933 1169 4988 crederet:
1202 4947 1374 5006 neque
1421 4931 1592 5000 potuit
1617 4929 1834 4983 omnino
1885 4929 2062 4983 incre-

473 5028 632 5082 dulus
663 5041 898 5090 manere,
955 5034 1013 5080 ut
1061 5025 1233 5096 palam
1287 5033 1369 5077 est
1419 5038 1484 5077 ex
1529 5022 1646 5090 ejus
1694 5021 1893 5086 verbis,
1945 5036 2065 5090 qua:

473 5118 806 5174 consulendo
835 5116 1008 5171 affert.
1040 5115 1203 5176 Iussit
1233 5115 1396 5180 enim,
1443 5113 1630 5183 inquit,
1655 5116 1794 5183 foras
1828 5111 1896 5164 ad
1923 5112 2066 5165 breve

476 5210 703 5269 homines
719 5208 852 5277 ﬁeri.
879 5205 1014 5262 Vide
1041 5206 1376 5278 prudentiam
1407 5203 1801 5268 concionantis,
1853 5211 1908 5257 et
1933 5216 2066 5272 quo-

476 5304 640 5358 modo
669 5301 848 5358 statim
901 5299 1021 5366 illos
1078 5298 1134 5354 in
1188 5307 1390 5352 metum
1440 5296 1708 5364 conjiciat.
1737 5294 1816 5350 Ne
1847 5310 1979 5349 vero
2007 5294 2064 5349 in

473 5395 836 5466 suspicionem
877 5401 1108 5458 vemret,
1140 5389 1284 5460 quod
1313 5389 1500 5444 eadem
1547 5405 1666 5458 quas
1703 5388 1778 5442 illi
1813 5389 2060 5454 sentiret,

474 5502 567 5541 eos
596 5485 687 5556 qui
718 5487 770 5540 in
796 5482 1026 5541 concilio
1053 5481 1331 5547 sedebant,
1362 5496 1425 5534 ac
1463 5479 1506 5532 si
1540 5495 1650 5534 sum
1681 5479 1949 5549 Opinionis
1979 5495 2066 5532 es-

475 5584 599 5630 sent
644 5577 968 5646 alloquitur;
1012 5589 1110 5628 nec
1151 5572 1317 5626 multa
1361 5571 1528 5625 utitur
1578 5570 1934 5632 vehementia,
1969 5569 2065 5623 sed

477 5668 626 5732 quasi
647 5650 918 5719 cum'viris
944 5661 1127 5718 furore
1156 5662 1338 5726 ebriis,
1360 5663 1429 5716 ita
1457 5661 1584 5716 dicit
1612 5679 1624 5714 :
1649 5662 1736 5716 '55.
1774 5660 1877 5713 Viri
1890 5658 2066 5713 Israe-

479 5755 602 5819 litw,
644 5756 883 5816 attendite
913 5756 1052 5808 vobis
1079 5770 1234 5822 super
1279 5753 1564 5806 hominibus
1606 5753 1717 5806 istis
1742 5752 1864 5822 quid
1902 5751 2068 5804 acturi

481 5845 606 5898 sitis.
642 5845 719 5901 Ne
760 5856 982 5911 temere,
1023 5847 1214 5917 inquit,
1241 5862 1414 5924 neque
1448 5847 1638 5907 leviter
1666 5845 1934 5910 feramini.
1972 5845 2063 5900 56.

1176 349 1217 404 S
1273 345 1551 403 JOANNIS
1587 343 2059 403 CllRYSOSTOMl
2099 345 2414 401 ARCHIEP.
2455 345 2987 403 CONSTAN'I‘INOP.

2173 459 2323 522 iniit;
2365 475 2432 514 au
2462 462 2552 530 qui
2581 475 2774 530 panem
2804 477 2969 516 unum
2998 475 3062 517 ac
3089 472 3293 517 vestem
3325 461 3584 531 petiturus
3607 479 3781 520 acce-

2171 557 2282 610 dit?
2311 556 2446 612 Huic
2487 556 2632 612 nulla
2672 557 3100 627 juramentorum
3132 557 3464 620 necessitas,
3506 559 3552 613 si
3593 559 3777 627 velit,

2171 646 2266 702 sed
2295 661 2511 716 semper
2539 649 2768 718 negotiis
2793 663 2994 704 vacuus
3015 657 3125 715 est;
3155 651 3264 703 imo
3287 664 3419 704 vero
3445 650 3510 714 is,
3537 650 3630 720 qui
3661 666 3777 706 non

2165 738 2350 808 jurare
2374 739 2594 803 didicit,
2629 754 2773 808 saepe
2799 739 3013 794 divitias
3043 748 3279 810 spernet,
3312 751 3366 794 et
3392 740 3460 793 ab
3492 739 3596 794 hoc
3625 740 3782 796 bono

2170 847 2324 886 more
2350 832 2562 886 virtutis
2589 833 2701 886 vias
2733 833 2930 901 ubique
2959 842 3170 902 paratas
3197 833 3379 886 videre
3398 833 3522 898 erit,
3548 847 3777 888 omnes-

2170 939 2274 993 que
2314 923 2380 978 ad
2419 925 2722 994 :equitatem
2762 924 3091 990 tendentes,
3136 923 3202 977 ad
3231 924 3540 978 divitiarum
3568 923 3776 994 despe-

2169 1027 2339 1079 ctum,
2367 1015 2434 1069 ad
2463 1016 2740 1085 pietatem,
2766 1015 2834 1070 ad
2859 1017 3055 1070 anima:
3079 1025 3280 1071 rectam
3303 1015 3774 1082 constitutionem,

2168 1107 2234 1160 ad
2257 1108 2750 1176 compunctionem.

2241 1197 2430 1252 Contra
2453 1201 2766 1269 juramenta.
2794 1229 2862 1239 —
2891 1199 2968 1254 Ne
3001 1200 3169 1253 simus
3205 1214 3334 1270 ergo
3383 1199 3753 1271 negligentes,

2169 1291 2370 1356 dilecti,
2395 1292 2488 1346 sed
2521 1292 2740 1346 multam
2768 1291 3120 1346 adhibeamus
3137 1291 3499 1361 diligentiam:
3523 1291 3618 1362 qui
3645 1306 3774 1347 sese

2170 1383 2547 1447 emendaruut,
2576 1393 2632 1437 ut
2668 1383 2720 1438 id
2742 1382 2884 1453 quod
2911 1383 3256 1437 emendatum
3283 1392 3366 1438 est
3403 1393 3762 1446 conservent,

2172 1490 2240 1529 ne
2265 1474 2420 1529 facile
2449 1474 2713 1540 dil‘ﬂnant,
2747 1491 2880 1529 neve
2921 1486 3065 1530 retro
3090 1484 3408 1541 vertantur;
3448 1477 3540 1546 qui
3586 1485 3756 1530 autem

2169 1567 2343 1623 adhuc
2385 1579 2533 1623 retro
2574 1569 2744 1624 relicti
2781 1577 2926 1632 sunt,
2974 1576 3034 1623 ut
3063 1579 3381 1640 resurgant,
3410 1579 3465 1624 et
3492 1581 3690 1625 curent
3715 1575 3763 1626 id

2167 1659 2310 1730 quod
2355 1659 2535 1715 deﬁcit
2565 1662 2806 1730 implere.
2848 1660 3173 1737 luterimqne
3219 1663 3275 1728 ii,
3303 1663 3393 1732 qui
3423 1677 3483 1718 se
3512 1665 3772 1720 emenda-

2169 1758 2312 1813 runt,
2338 1751 2443 1806 illis
2469 1752 2558 1822 qui
2591 1753 2826 1806 nondum
2872 1751 2923 1807 id
2961 1760 3274 1822 potuerunt,
3305 1755 3457 1824 quasi
3489 1755 3544 1810 in
3574 1757 3775 1828 pelago

2169 1845 2439 1909 nantibus,
2477 1860 2668 1898 manus
2702 1843 3061 1914 porrigentes,
3104 1845 3252 1916 ipsos
3278 1846 3330 1900 in
3368 1855 3524 1916 portu
3557 1864 3585 1900 a
3611 1848 3764 1918 jura-

2169 1937 2362 1989 mentis
2392 1950 2560 1990 vacuo
2598 1936 2878 2005 recipiant.
2910 1935 3107 1991 Portus
3135 1937 3334 2007 quippe
3358 1947 3502 1992 tutus
3522 1949 3629 2006 est,
3656 1957 3770 1996 non

2163 2029 2347 2097 jurare
2377 2046 2390 2078 :
2421 2038 2626 2098 portus,
2657 2037 2715 2082 ut
2747 2044 2816 2084 ne
2859 2030 2978 2099 quis
3016 2029 3395 2099 submergatur
3419 2031 3486 2084 ab
3514 2031 3775 2087 irruenti-

2167 2117 2268 2172 bus
2297 2119 2486 2173 ventis.
2509 2119 2663 2192 .Licet
2689 2120 2831 2174 enim
2854 2120 2952 2186 ira,
2984 2120 3110 2176 licet
3131 2119 3418 2188 damnum,
3450 2123 3574 2176 licet
3617 2121 3774 2177 furor

2170 2208 2382 2264 aliudve
2404 2209 2736 2278 ell'ervescat,
2752 2211 2929 2265 anima
2952 2211 3002 2264 in
3029 2221 3142 2265 tuto
3163 2220 3274 2277 est;
3299 2211 3368 2266 ita
3391 2220 3446 2268 ut
3467 2212 3596 2267 nihil
3621 2214 3775 2268 emit-

2172 2313 2250 2357 tat
2277 2303 2420 2373 quod
2461 2304 2644 2359 dicere
2685 2319 2791 2358 non
2823 2304 2983 2360 liceat
3014 2321 3028 2357 :
3061 2320 3236 2375 neque
3261 2305 3402 2359 enim
3433 2305 3532 2359 sibi
3555 2308 3639 2361 vel
3671 2322 3774 2360 ne-

2167 2397 2473 2450 cessitatem
2516 2397 2600 2451 vel
2657 2396 2828 2466 legem
2863 2397 3164 2452 constituit.
3210 2396 3364 2461 Vide,
3394 2397 3518 2467 quid
3542 2407 3775 2468 propter

2164 2485 2528 2555 juramentum
2550 2488 2737 2542 iecerit
2762 2487 3005 2542 Herodes
3031 2505 3045 2542 :
3069 2499 3229 2558 caput
3250 2487 3604 2543 Prmcursoris
3633 2505 3778 2558 prm-

2169 2577 2331 2642 cidit;
2364 2576 2585 2646 Propter
2606 2578 2900 2646 iuramenta
2915 2579 3071 2642 enim,
3100 2578 3291 2648 inquit,
3310 2587 3357 2632 et
3381 2588 3589 2649 propter
3614 2580 3777 2632 simul

2168 2669 2534 2724 discumbentes
2582 2669 2743 2722 noluit
2783 2668 2926 2722 illaut
2974 2669 3216 2740 repellere
3266 2668 3468 2740 (Marc.
3529 2671 3584 2723 6.
3629 2669 3771 2740 26).

2169 2761 2304 2828 Quid
2333 2761 2926 2832 pr0pterjuramentnm
2966 2777 3136 2830 passa:
3170 2771 3296 2816 sunt
3332 2763 3503 2817 tribus
3553 2762 3768 2833 (ludis.

2168 2852 2258 2904 2t.
2293 2852 2422 2923 l0),
2454 2853 2598 2908 circa
2631 2853 2828 2908 tribum
2858 2853 3320 2924 Benjamin?quid
3350 2869 3541 2924 passus
3559 2865 3648 2910 est
3673 2871 3768 2926 pro

2164 2943 2472 3012 juratnento
2501 2944 2666 3000 Satil?
2688 2945 2779 3000 ille
2801 2944 3016 3016 quidem
3055 2945 3347 3015 pejeravit;
3375 2946 3618 3002 Herodes
3641 2964 3761 3004 vero

2173 3034 2409 3103 perjurio
2451 3035 2776 3090 deterioretn
2818 3036 3022 3092 cazdem
3071 3036 3219 3092 fecit.
3244 3037 3478 3092 Rursum
3507 3039 3673 3094 Jesus
3701 3041 3770 3094 ob

2165 3125 2526 3195 juramentmn
2559 3126 2873 3182 Gabaonitis
2902 3127 3124 3196 factum,
3152 3137 3348 3199 quanta
3371 3144 3558 3199 passus
3582 3130 3657 3184 sit
3685 3145 3774 3184 no-

2171 3220 2258 3272 sti.
2297 3217 2576 3273 Satanicus
2604 3220 2748 3274 enim
2780 3220 3004 3290 laqueus
3029 3229 3112 3275 est
3135 3220 3522 3289 juramentum.
3551 3221 3772 3277 Dirum-

2172 3325 2360 3379 paums
2400 3326 2528 3381 ergo
2559 3309 2734 3378 funes,
2779 3320 2836 3366 et
2870 3326 2971 3367 nos
2997 3313 3069 3366 ita
3098 3312 3489 3368 constituemus
3511 3315 3576 3367 'ut
3610 3313 3776 3370 facile

2169 3417 2475 3457 caveamus.
2526 3403 2847 3460 Liberemur
2895 3421 2926 3458 a
2984 3404 3177 3474 laqueo
3220 3413 3450 3472 satanaa;
3483 3406 3775 3462 timeamus

2175 3493 2510 3548 Dominicutn
2545 3505 2902 3567 praeceptum:
2949 3497 3002 3551 in
3040 3498 3298 3566 optimam
3323 3500 3771 3557 consuetudinem

2171 3602 2271 3641 nos
2296 3586 2621 3642 deducamus
2653 3604 2668 3643 :
2709 3598 2768 3642 ut
2795 3589 3085 3658 progressi,
3114 3599 3171 3643 et
3202 3589 3306 3643 hoc
3344 3597 3400 3644 et
3426 3589 3528 3643 alia
3560 3605 3776 3660 praece-

2174 3691 2258 3750 pta
2291 3681 2598 3752 implentes,
2628 3685 2887 3750 promissa
2906 3683 3246 3752 diligentibus
3269 3686 3438 3752 ipsum
3470 3697 3779 3755 consequa-

2171 3791 2292 3828 mur
2317 3774 2479 3838 bona,
2519 3777 2689 3844 gratia
2734 3785 2790 3830 et
2838 3776 3166 3846 benignitate
3206 3777 3416 3832 Domini
3447 3779 3616 3833 nostri
3644 3779 3775 3835 Jesu

2170 3864 2392 3929 Christi,
2425 3866 2641 3936 quicum
2679 3866 2824 3920 Patri
2851 3876 2908 3921 et
2932 3867 3152 3938 Spiritui
3183 3875 3373 3922 sancto
3401 3868 3605 3938 gloria,
3659 3870 3771 3923 im-

2173 3958 2400 4029 perium,
2435 3959 2626 4023 honor,
2654 3972 2797 4013 nunc
2821 3967 2876 4013 et
2896 3973 3132 4028 semper,
3155 3968 3212 4016 et
3236 3959 3290 4015 in
3320 3961 3516 4016 saecula
3543 3961 3766 4016 stewloo

2175 4068 2315 4108 rum.
2345 4053 2537 4107 Amen.

2180 4490 2198 4522 ε
2225 4473 2363 4525 Ante
2384 4470 2525 4525 enim
2558 4469 2654 4525 bos
2670 4469 2786 4526 dies
2808 4469 3045 4525 surrexit
3067 4469 3338 4538 Theudas,
3357 4470 3542 4528 dicens
3571 4485 3630 4524 se
3647 4485 3777 4529 esse

2173 4562 2404 4633 aliquem
2437 4579 2450 4616 :
2473 4563 2557 4618 cui
2575 4563 2844 4619 consentit
2865 4579 3123 4618 numerus
3145 4564 3380 4617 virorum
3403 4563 3616 4619 circiter
3639 4577 3778 4633 qua-

2173 4655 2577 4726 dringentorum
2617 4675 2629 4710 :
2660 4657 2749 4727 qui
2777 4656 2987 4710 occisus
3027 4667 3143 4722 est;
3175 4665 3231 4711 et
3262 4671 3450 4712 omnes
3474 4656 3563 4726 qui
3585 4657 3775 4713 crede-

2173 4749 2302 4803 bant
2328 4749 2400 4812 ei,
2431 4747 2672 4817 dissipati
2700 4758 2824 4803 sunt
2844 4757 2900 4804 et
2922 4748 3122 4804 redacti
3145 4748 3211 4804 ad
3235 4749 3481 4804 nihilum.
3515 4768 3535 4802 θ
3568 4749 3777 4807 Exem-

2174 4840 2274 4909 plis
2298 4839 2419 4894 illos
2443 4839 2510 4895 ad
2531 4855 2715 4894 sanam
2743 4853 2977 4894 mentem
3000 4841 3147 4895 ducit
3165 4857 3179 4905 ;
3200 4849 3254 4896 et
3272 4841 3440 4904 illum,
3472 4841 3560 4908 qui
3589 4836 3780 4910 plures

2172 4929 2480 4996 seduxerat,
2514 4931 2733 4986 dentom
2762 4930 2918 4984 aﬂ'ert
2963 4929 3030 4986 ad
3075 4931 3290 4986 illorum
3322 4931 3775 4989 consolationem.

2171 5023 2474 5091 Antequam
2525 5037 2652 5076 vero
2705 5022 2952 5092 exempla
3002 5022 3261 5093 proferat,
3315 5023 3482 5077 dicit:
3515 5024 3780 5081 Atlendite

2172 5113 2309 5167 vobis
2338 5129 2358 5166 :
2394 5113 2457 5166 iis
2499 5129 2628 5166 vero
2682 5113 2879 5178 allatis,
2934 5114 3256 5168 sententiam
3297 5113 3503 5183 profert
3521 5116 3705 5172 dicens
3758 5134 3772 5169 :

2179 5222 2198 5255 ε
2229 5205 2293 5258 Et
2324 5219 2465 5258 nunc
2501 5203 2682 5273 itaque
2709 5203 2829 5258 dico
2871 5204 3044 5270 vobis,
3075 5204 3338 5259 Discedite
3367 5205 3434 5258 ab
3467 5205 3775 5261 hominibus

2174 5295 2308 5348 istis.
2334 5295 2423 5349 37.
2454 5293 2586 5348 Post
2611 5292 2756 5350 hunc
2779 5296 3012 5350 surrexit
3039 5295 3205 5350 ludas
3230 5295 3483 5352 Galilzeus
3504 5297 3556 5352 in
3581 5297 3775 5352 diebus

2179 5384 2550 5453 professionis,
2577 5395 2632 5439 et
2655 5387 2848 5442 avertit
2897 5387 3150 5456 populum
3198 5388 3422 5443 multum
3454 5400 3574 5459 post
3607 5405 3693 5456 se;
3719 5404 3777 5446 et

2173 5477 2286 5545 ipse
2307 5492 2516 5546 quoque
2544 5477 2732 5545 periit;
2763 5487 2815 5532 et
2853 5495 3060 5545 ottines,
3092 5488 3352 5550 quotquot
3373 5496 3768 5538 consenserunt

2172 5567 2242 5629 ei,
2262 5567 2489 5636 dispersi
2519 5577 2663 5622 sunt.
2686 5569 2775 5623 58.
2805 5569 2869 5622 Et
2917 5585 3058 5624 nunc
3084 5570 3263 5640 itaque
3292 5571 3411 5626 dico
3437 5573 3615 5638 vobis,
3650 5574 3775 5630 Dis-

2171 5658 2345 5714 cedite
2370 5661 2437 5714 ab
2465 5659 2768 5715 hominibus
2787 5661 2926 5724 istis,
2966 5671 3021 5715 et
3047 5663 3206 5716 sinlte
3239 5663 3359 5714 illos
3395 5680 3408 5715 :
3443 5664 3694 5732 quoniam
3723 5667 3774 5719 si

2171 5763 2339 5806 estex
2369 5751 2674 5807 hominibus
2699 5751 2981 5806 consilium
3008 5753 3108 5806 hoc
3125 5762 3214 5806 aut
3235 5768 3391 5824 opus,
3414 5754 3773 5819 dissolvetur;

2173 5845 2260 5900 59.
2291 5845 2334 5901 si
2355 5862 2483 5906 vero
2509 5862 2573 5903 es
2599 5845 2708 5901 Deo
2733 5855 2835 5914 est,
2858 5861 2962 5901 non
2989 5846 3230 5918 poteritis
3247 5845 3544 5903 dissolvere
3561 5845 3713 5907 illud.
3745 5863 3772 5901 ι
