3946 6428
174 372 247 434 “3
1048 350 1114 405 IN
1150 338 1343 404 ACTA‘
1372 343 1905 404 APOSTOLORUM.
1948 344 2179 403 HOMIL.
2220 348 2357 403 XIV.

170 498 225 546 Ac
257 480 297 539 si
315 480 535 536 diceret:
563 474 891 542 Exspectate,
926 478 979 522 et
1008 468 1051 520 si
1082 483 1148 520 cx
1178 463 1371 534 seipsis
1400 463 1472 517 illi
1505 464 1675 517 coacti

169 588 273 638 sunt,
297 570 406 625 nihil
434 564 685 636 impediet
708 560 985 632 quominus
1024 557 1410 612 dissolvantur.
1447 551 1530 607 Ne
1551 557 1682 624 forte

172 680 208 722 et
228 666 301 720 Deo
318 673 586 729 repugnare
611 652 944 708 inveniauiini.
971 649 1038 703 Et
1058 664 1121 704 ex
1162 646 1504 716 impossibili,
1532 655 1586 699 et
1613 661 1679 700 ex

180 756 298 814 inutili
314 751 488 807 avertit
511 764 625 803 eos.
653 745 761 800 Nec
789 744 936 805 dicit.
985 759 1017 798 a
1062 756 1168 812 quo
1195 740 1499 810 interempti
1540 739 1678 803 sint;

192 843 556 913 sedsimpliciter,
587 838 722 909 quod
744 837 850 891 sint
877 835 1142 903 dissipati,
1169 833 1309 888 forte
1340 832 1669 901 superﬂuum

199 943 320 993 lucens
336 937 466 1005 plura
488 932 703 986 addere.
736 929 812 984 Ex
844 929 907 983 iis
930 943 1079 994 vero,
1106 942 1226 998 quae
1264 926 1553 997 subiungit,
1582 924 1681 979 do-

196 1030 619 1087 trt:Sihumauum
644 1024 711 1077 sit
759 1038 907 1091 opus,
946 1028 1162 1075 nonest
1215 1019 1358 1088 quod
1386 1019 1462 1073 rei
1493 1033 1675 1072 curam

194 1128 317 1190 agatis;
347 1122 414 1174 sin
438 1118 691 1177 divinum,
717 1113 971 1185 quidquid
1002 1112 1255 1179 feceritis,
1288 1128 1394 1167 non
1438 1111 1681 1181 poteritis

192 1228 380 1284 superare.
401 1210 477 1266 Sic
502 1223 677 1263 sermo
700 1207 911 1275 sapiens
953 1206 1101 1259 visus
1145 1213 1228 1259 est
1257 1223 1270 1256 :
1292 1220 1413 1258 nam
1440 1203 1677 1273 persuasi

187 1316 271 1359 sunt
288 1315 330 1357 ut
344 1318 426 1357 non
454 1300 753 1356 occiderent
782 1299 922 1360 illos,
956 1297 1049 1352 sed
1081 1296 1416 1367 ﬁagellarent
1447 1306 1675 1350 tantum.

187 1398 462 1451 Consenserunt
505 1402 677 1444 autem
725 1389 837 1455 illi,
891 1390 1091 1458 inquit;
1142 1389 1233 1443 40.
1277 1399 1323 1442 et
1351 1399 1679 1442 convocantes

186 1486 524 1559 apostolos,c¢sis
550 1484 993 1548 denuntiauerunt,
1031 1499 1093 1535 ne
1129 1484 1451 1553 loquerentur
1493 1483 1544 1535 in
1583 1498 1676 1535 no-

192 1583 293 1635 mine
314 1579 483 1645 latim
498 1579 794 1631 dimiserunt
823 1593 927 1630 eos.
950 1574 1105 1640 Vide,
1134 1586 1257 1645 post
1279 1575 1676 1646 quotmiracula

201 1674 458 1745 lligcllantnrl
480 1672 543 1725 Et
564 1681 742 1725 tamen
767 1671 960 1724 iterum
983 1669 1226 1723 doctrina
1250 1668 1673 1723 extendebatur:

205 1783 283 1818 nam
302 1777 337 1819 et
357 1766 395 1817 in
416 1763 558 1817 domo
585 1772 641 1817 et
673 1763 723 1817 in
754 1762 953 1831 templo
998 1760 1285 1815 docebant.
1321 1761 1413 1815 41.
1449 1778 1467 1811 ι
1506 1758 1575 1812 Ει
1602 1759 1676 1813 illi

195 1856 337 1927 quidem
370 1855 490 1908 ibant
530 1854 828 1924 gaudentes
868 1869 898 1907 a
945 1862 1235 1922 conspectu
1263 1854 1495 1918 concilii,
1544 1868 1679 1922 quo-

185 1951 283 2000 niam
310 1947 422 2016 digni
447 1947 596 1999 habiti
629 1955 758 2001 sunt
795 1960 889 2016 pro
912 1948 1130 2000 nomine
1158 1945 1357 2001 Christi
1389 1956 1673 2001 contume-

184 2040 269 2091 liam
304 2038 529 2107 patizte.
576 2039 724 2091 omni
772 2047 949 2092 autem
1002 2037 1088 2093 die
1140 2054 1249 2092 non
1295 2039 1577 2093 cessabant
1622 2039 1673 2092 in

181 2130 318 2197 templo
358 2140 406 2183 et
447 2132 571 2183 circa
616 2131 809 2184 domos
841 2129 1102 2184 docentes
1146 2139 1199 2183 et
1251 2132 1675 2200 evangelizantes

185 2219 305 2273 lesuni
346 2222 581 2275 Christum
603 2264 615 2275 .
652 2219 813 2292 (Cap.
842 2217 919 2285 6.)
952 2222 1004 2276 l.
1035 2220 1093 2275 In
1118 2222 1305 2277 diebus
1327 2234 1505 2277 autem
1536 2224 1672 2289 illis,

186 2325 379 2368 crescente
418 2331 627 2369 numero
664 2314 1069 2385 discipulorum,
1100 2315 1296 2370 factum
1331 2328 1414 2372 est
1435 2334 1676 2372 murmur

186 2405 403 2459 (ineorum
430 2407 683 2463 adversus
712 2407 988 2471 Hebraeos,
1019 2423 1083 2462 eo
1106 2409 1248 2479 quod
1274 2409 1675 2479 deSpicerentur

128 2512 132 2516 '
188 2500 223 2548 in
241 2498 465 2553 ministerio
491 2499 806 2569 quotidiano
836 2499 1008 2554 vidute
1040 2516 1247 2555 eorum.
1289 2521 1307 2553 ι
1344 2502 1457 2555 Non
1488 2502 1539 2556 in
1570 2503 1674 2558 illis

196 2590 341 2644 οωιιὶιο
374 2591 480 2647 dicit
519 2592 750 2656 diebus;
779 2592 873 2645 sed
901 2593 1021 2662 quia
1076 2592 1191 2647 haec
1220 2603 1304 2647 est
1333 2596 1673 2649 consuetudo

202 2682 406 2751 Scripta-2,
437 2695 487 2739 ut
536 2702 665 2756 qua:
704 2685 878 2739 futura
916 2694 1089 2751 erant,
1141 2687 1292 2757 quasi
1328 2688 1507 2742 statim
1534 2687 1672 2743 faeta

204 2774 329 2831 dicat:
349 2776 429 2833 ideo
446 2780 520 2835 sic
564 2779 824 2849 loquitur.
869 2779 1195 2835 Hellenisms
1223 2789 1350 2851 puto
1382 2781 1470 2835 hic
1492 2783 1672 2837 vocari

197 2870 522 2940 eosqniGrzece
560 2873 958 2943 loquebantur;
993 2873 1045 2927 lii
1094 2875 1237 2929 enim
1269 2873 1454 2929 Graeca
1494 2874 1671 2944 lingua

190 2964 394 3029 utebantur,
426 2967 543 3021 licet
590 2966 811 3021 Hebraei
844 2977 1047 3020 essent.
1085 2967 1223 3023 Ecce
1260 2967 1365 3021 alia
1419 2969 1667 3035 tentatio;

193 3054 260 3106 imo
276 3069 310 3111 et
328 3070 385 3124 tu,
407 3063 444 3115 si
463 3063 753 3117 observare
774 3062 922 3126 velis,
959 3062 1251 3131 perspicies
1271 3062 1340 3116 ab
1362 3061 1511 3116 initio
1531 3061 1671 3116 bella

190 3155 224 3198 et
239 3146 331 3205 intus
349 3162 391 3206 et
410 3154 525 3208 foris
552 3153 745 3208 fuisse.
777 3152 832 3206 2.
865 3152 1227 3214 Convocantes,
1258 3152 1450 3223 inquit,
1475 3152 1671 3207 duode—

182 3239 244 3289 o'n
268 3242 578 3301 multitudinem
632 3245 1015 3315 discipulorum,
1073 3246 1308 3299 dixerunt
1366 3260 1385 3298 :
1433 3243 1555 3299 Non
1597 3254 1671 3298 est

176 3344 308 3397 equum
330 3353 403 3389 nos
427 3338 764 3407 derelinquere
786 3338 984 3391 verbum
1014 3336 1133 3401 Dei,
1156 3346 1200 3389 et
1218 3337 1505 3390 ministrare
1528 3353 1670 3389 men-

171 3426 228 3475 sit.
269 3426 377 3482 Bene
412 3447 425 3484 :
462 3431 785 3485 necessariis
825 3430 965 3484 enim
1017 3430 1185 3499 magis
1216 3430 1518 3484 necessaria
1544 3436 1671 3482 sunt

171 3520 430 3583 pri-ferenda.
458 3523 581 3578 Vide
606 3535 813 3588 autem,
853 3523 1123 3593 quomodo
1166 3522 1345 3577 statim
1387 3532 1441 3577 et
1475 3521 1665 3575 horum

176 3613 521 3681 Clll‘llllhilbeanl,
550 3626 603 3670 et
627 3616 1059 3685 prmdicationeni
1078 3631 1184 3668 non
1200 3615 1489 3684 negligant.
1507 3614 1667 3679 Quasi

175 3712 287 3755 autem
320 3708 713 3762 venerabiliores
766 3707 838 3761 illi
889 3717 1091 3772 essent,
1134 3706 1254 3760 ideo
1294 3704 1664 3774 pra-feruntur.

176 3791 206 3843 ὅ.
239 3795 579 3855 «Considerate
617 3815 769 3870 ergo,
814 3800 1025 3863 fratres,
1068 3797 1211 3851 viros
1245 3813 1311 3850 ex
1356 3796 1504 3849 vobis
1542 3795 1667 3848 boni

178 3888 380 3944 testimonii
407 3903 626 3963 septem,
662 3894 848 3961 plenos
888 3890 1089 3960 Spiritu
1131 3901 1185 3945 et
1208 3890 1492 3959 sapientia,
1532 3903 1667 3959 quos

174 3982 467 4039 constituemus
494 4001 656 4053 super
687 3985 787 4037 hoc
809 3998 962 4053 opus.
987 3986 1040 4038 4.
1072 3982 1181 4037 Nos
1202 3998 1329 4036 vero
1359 3981 1583 4035 orationi
1613 3989 1669 4036 et

175 4072 385 4130 ministerio
398 4077 532 4131 verbi
558 4079 820 4132 instantes
847 4077 1066 4130 erimus.
1094 4077 1145 4131 5.
1176 4076 1241 4129 Et
1266 4076 1461 4144 placuit
1489 4088 1668 4129 sermo

173 4174 292 4215 eumn
309 4168 429 4220 omni
465 4168 824 4223 multitudine.
856 4166 925 4220 Et
962 4167 1240 4237 elegerunt
1292 4164 1623 4234 Stephanum
1648 4206 1662 4228 ,

171 4253 288 4307 Virum
313 4259 494 4325 plenum
530 4262 635 4315 ﬁde
659 4271 713 4314 et
738 4260 937 4329 Spiritu
978 4270 1185 4313 sancto.
1228 4278 1247 4311 ι
1285 4258 1483 4335 Utique
1504 4268 1558 4313 et
1590 4257 1665 4311 illi

175 4343 265 4405 ltleni
288 4349 365 4403 ﬁde
384 4364 537 4417 erant,
563 4368 702 4422 quos
733 4363 788 4406 et
813 4354 1118 4422 elegerunt;
1152 4360 1291 4405 utne
1320 4351 1506 4405 eadem
1533 4364 1666 4405 c0n--

174 4435 377 4505 turgerent,
404 4462 510 4514 qum
541 4448 590 4500 in
620 4446 779 4511 Juda,
800 4447 920 4500 etin
944 4446 1147 4499 Anauia
1168 4454 1222 4499 et
1248 4445 1530 4514 Sapphira.
1560 4463 1577 4495 ‹
1603 4445 1667 4499 Et

175 4524 409 4599 l’iiilippnni,
440 4550 489 4592 et
515 4539 869 4603 Prochorum,
911 4549 963 4594 et
1009 4538 1348 4604 Nicanorem,
1390 4548 1444 4591 et
1481 4538 1664 4591 Timo-

178 4632 333 4686 nein,ct
356 4628 671 4695 Parmenam,
703 4643 755 4687 et
799 4632 1075 4686 Nicolaunt
1107 4633 1435 4703 proselytum
1474 4632 1665 4685 Antio-

181 4710 337 4770 chenum
362 4739 371 4771 ε
399 4724 444 4775 6.
471 4741 599 4794 quos
628 4734 930 4779 statuerunt
953 4740 1132 4778 coram
1155 4724 1431 4793 apostolis,
1462 4734 1517 4779 et
1545 4740 1666 4778 cum

190 4814 375 4876 orassent,
402 4814 757 4883 imposuerunt
782 4818 862 4872 eis
889 4832 1095 4871 manus.
1125 4818 1177 4871 7.
1221 4817 1284 4870 Et
1320 4817 1537 4871 verbum
1565 4816 1667 4871 Do—

199 4894 277 4947 mini
292 4914 510 4963 crescebat
529 4953 542 4975 ,
572 4922 626 4965 et
657 4911 1114 4979 multiplicabatur
1148 4927 1404 4964 numerus
1428 4910 1666 4979 discipu-

202 4979 313 5039 lorum
327 4993 362 5047 in
395 4998 679 5057 Jerusalem
714 5021 725 5056 :
757 5003 922 5056 multa
952 5002 1113 5057 etiam
1148 5003 1301 5057 turba
1329 5002 1665 5057 sacerdotum

197 5072 514 5145 ωιιηυὶυὶηιῆἀεί.
545 5113 563 5145 ι
590 5092 697 5147 Sed
726 5094 864 5147 dicta
885 5094 1073 5148 iterum
1100 5104 1427 5161 repetamus—
1446 5093 1569 5155 νὶνὶ,
1590 5104 1669 5147 αι-

187 5166 319 5220 Irndite
340 5176 443 5232 φράξε,
471 5183 602 5237 vide
623 5186 749 5237 mihi
771 5184 1237 5249 [liccamaliclcn],
1254 5185 1523 5254 quomodo
1545 5201 1665 5240 cum

182 5268 485 5345 tiiaiisuetndine
515 5283 567 5328 et
612 5275 791 5344 paucis
821 5276 1086 5345 loquatur,
1120 5292 1219 5331 nec
1248 5286 1457 5331 veteres
1484 5286 1669 5331 narret

178 5342 372 5424 historias,
399 5372 486 5420 etsi
518 5342 717 5437 posset,
758 5370 851 5423 sed
891 5384 1077 5435 novas,
1106 5387 1225 5439 qua:
1252 5370 1486 5424 maxime
1508 5370 1572 5422 ad
1607 5369 1670 5423 ﬁ-

179 5438 259 5495 dun
291 5450 557 5514 frnnandam
599 5464 857 5516 valerent.
890 5462 1014 5516 Ideo
1050 5462 1260 5517 occulte
1301 5463 1553 5526 insinuat,
1584 5461 1669 5515 di-

178 5542 265 5586 ῖεῐιε
289 5554 299 5589 ξ
326 5540 437 5600 Nam
471 5564 583 5605 ante
612 5553 701 5606 hos
739 5554 867 5619 dies,
890 5553 1040 5623 quasi
1070 5553 1372 5619 declarans,
1404 5570 1511 5607 nou
1544 5562 1670 5608 ante

179 5628 442 5723 ""‘tltosdies.
464 5643 517 5698 Si
544 5649 721 5700 statim
743 5647 985 5715 dixisset,
1021 5648 1281 5703 Dimittite
1322 5650 1488 5713 viros,
1513 5649 1564 5703 in
1589 5665 1672 5703 su-

178 5720 397 5782 spicionem
417 5737 659 5805 venisset,
692 5749 747 5794 et
776 5754 954 5795 sermo
982 5758 1087 5796 non
1121 5742 1191 5796 ita
1216 5742 1425 5797 validus
1448 5742 1668 5809 fuisset;

181 5814 262 5863 “"11
281 5824 501 5892 exetnplis
516 5841 689 5885 autem
714 5832 819 5885 vim
848 5836 1071 5906 accepit.
1098 5834 1221 5891 Ideo
1244 5850 1347 5892 non
1367 5852 1530 5890 unum
1552 5850 1668 5891 me-

3283 357 3381 414 με

1790 471 1985 527 morat,
2020 464 2113 517 sed
2145 472 2201 518 et
2241 464 2489 519 alterum.
2538 467 2696 536 Atqui
2724 476 2936 537 poterat
2964 477 3018 523 et
3045 470 3257 524 tertium
3280 472 3380 525 atl-

1787 554 1918 609 dere
1946 571 2011 610 ex
2041 555 2356 622 abundanti,
2388 567 2443 612 et
2480 572 2635 612 suum
2677 560 2999 615 conﬁrmare
3049 577 3379 631 sermonem,

1788 646 2014 717 illosque
2040 664 2068 701 a
2099 649 2443 721 sanguinario
2489 653 2766 723 preposito
2805 654 3095 711 abducere.
3124 654 3384 713 Discedite

1786 738 1849 791 ab
1872 738 2177 795 hominibus.

1857 831 1912 885 2.
1948 831 2099 892 Vide.
2129 848 2288 902 quam
2319 834 2390 888 sit
2410 836 2647 891 moribus
2671 849 3001 895 mansuetus.
3033 838 3218 911 Neque
3253 842 3378 897 lon-

1786 938 1934 993 gum,
1968 924 2061 977 sed
2084 924 2301 980 brevem
2334 927 2471 981 texit
2493 942 2800 985 sermonem
2833 948 2848 994 ;
2900 949 3072 1002 neque
3102 935 3222 989 illos
3244 950 3367 1003 cum

1789 1015 1969 1071 furore
1997 1030 2280 1073 memorat.
2341 1019 2405 1073 Et
2432 1037 2603 1076 omnes
2629 1034 2871 1095 quotquot
2900 1038 3259 1081 consenserunt
3289 1029 3335 1082 ei
3352 1068 3371 1095 ,

1784 1108 1999 1179 dispersi
2022 1122 2159 1164 sunt.
2196 1112 2305 1167 Hoc
2327 1112 2533 1178 dicens,
2571 1131 2675 1170 non
2709 1117 2759 1171 iu
2802 1118 3072 1173 Clu-istum
3126 1122 3371 1188 blasphe-

1785 1210 1937 1267 tnat;
1994 1203 2087 1256 sed
2140 1203 2190 1257 id
2219 1246 2233 1269 ,
2284 1206 2423 1273 quod
2458 1209 2687 1261 maxime
2732 1210 2981 1274 volebat,
3037 1213 3263 1279 perlicit.
3310 1213 3373 1269 Si

1781 1294 1864 1355 sit,
1908 1295 2096 1363 inquit,
2130 1312 2194 1350 ea;
2249 1298 2575 1366 hominibus,
2635 1301 2954 1359 dissolvetur.
3012 1304 3109 1358 Hic
3162 1306 3373 1361 videtur

1782 1385 1901 1438 illos
1922 1387 2233 1456 syllogismo
2263 1389 2541 1457 impetere,
2572 1408 2635 1446 ac
2655 1392 2835 1447 dicere
2865 1413 2878 1448 :
2916 1395 3057 1465 Ergo
3084 1397 3207 1465 quia
3268 1396 3371 1453 hoc

1783 1479 2099 1534 dissolutum
2131 1498 2237 1536 non
2285 1483 2401 1548 fuit,
2457 1501 2561 1539 non
2591 1496 2672 1539 est
2701 1486 3013 1543 humanum.
3065 1489 3147 1542 Ne
3172 1494 3301 1561 forte
3330 1501 3377 1544 et

1781 1569 1891 1623 Deo
1919 1590 2203 1643 repugnare
2227 1576 2575 1630 inveniamini.
2612 1578 2723 1632 Hoc
2753 1578 2988 1643 dicebat,
3019 1596 3087 1634 ex
3111 1581 3366 1651 impossi-

1782 1665 1871 1718 iiili
1904 1676 1956 1719 et
1990 1667 2164 1720 inutili
2196 1668 2318 1721 illos
2341 1671 2662 1739 reprimens.
2692 1670 2753 1727 Si
2776 1688 2890 1726 uero
2918 1688 2981 1727 ea:
3010 1672 3117 1727 Deo
3139 1684 3231 1739 est,
3262 1692 3365 1728 non

1781 1758 2026 1825 poteritis.
2078 1758 2193 1813 Non
2244 1760 2415 1826 dixit,
2464 1764 2517 1817 Si
2568 1763 2814 1818 Christus
2870 1766 2941 1819 sit
3000 1766 3176 1830 Deus;
3236 1783 3371 1835 opus

1780 1848 1921 1901 enim
1979 1849 2042 1903 iis
2098 1850 2443 1906 declarabat:
2501 1871 2673 1923 neque
2733 1855 3020 1911 afﬁrmavit
3050 1858 3134 1910 vel
3186 1858 3375 1911 burna-

1781 1954 1939 2004 nnm,
1986 1941 2066 1995 vel
2112 1942 2349 1996 divinum
2396 1960 2555 2008 esse;
2603 1947 2697 2000 sed
2722 1947 2900 2000 futuro
2950 1951 3176 2017 tempori
3208 1950 3370 2004 ﬁdem

1781 2033 2061 2099 permisit,
2097 2043 2154 2087 ut
2199 2036 2469 2091 suaderet.
2531 2038 2598 2091 Et
2640 2040 2683 2093 si
2729 2041 2934 2105 suasit,
2986 2041 3195 2111 inquies
3221 2083 3234 2105 ,
3275 2059 3374 2097 cur

1782 2125 2167 2194 ﬁagellarunt?
2204 2128 2518 2184 lndubitatae
2570 2132 2790 2201 quidem
2841 2133 3105 2187 dictorum
3152 2135 3372 2203 justitia:

1781 2219 2047 2274 obsistere
2077 2238 2182 2275 non
2231 2231 2541 2292 potuerunt,
2584 2225 2678 2278 sed
2719 2234 2897 2279 tamen
2954 2226 3186 2280 furorem
3215 2241 3371 2281 suum

1786 2314 2143 2391 impleverunt
2206 2333 2219 2369 :
2276 2316 2511 2387 alioquin
2565 2333 2697 2372 vero
2746 2319 2825 2372 sic
2872 2336 2928 2371 se
2986 2320 3106 2373 illos
3169 2329 3374 2386 perter-

1780 2405 1979 2459 riluros
2010 2406 2321 2475 sperabant.
2352 2408 2503 2475 Quod
2535 2419 2711 2463 autem
2743 2410 2856 2464 lucc
2884 2410 2988 2463 illis
3011 2426 3116 2464 non
3139 2426 3375 2479 prtesen-

1780 2499 1920 2552 tibus
1948 2499 2171 2565 diceret,
2200 2501 2301 2555 hoc
2333 2502 2452 2556 illos
2478 2504 2647 2572 magis
2674 2504 2897 2557 attraxit
2926 2523 2937 2559 :
2980 2519 3042 2558 ac
3096 2504 3365 2558 sermonis

1776 2592 2046 2655 suavitas,
2099 2593 2475 2663 dictorumque
2524 2596 2729 2664 justitia
2760 2595 2810 2649 id
2837 2596 2946 2650 illis
2988 2596 3176 2650 suasit.
3234 2595 3370 2651 Fere

1778 2698 2007 2752 namque
2036 2694 2089 2736 et
2114 2684 2197 2738 hic
2229 2685 2569 2754 evangelium
2593 2686 2955 2754 pnedicabat;
2992 2689 3099 2742 imo
3119 2688 3233 2743 haec
3256 2690 3369 2745 fere

1775 2774 2006 2838 dicebat,
2036 2791 2157 2829 cum
2181 2776 2384 2843 justitia
2414 2779 2559 2846 ipsos
2578 2778 2891 2848 alloquens;
2924 2780 3245 2837 Persuasum
3274 2784 3369 2839 lia-

1776 2868 1915 2923 betis
1938 2885 2036 2926 vos
2057 2884 2163 2924 non
2224 2885 2382 2939 posse
2432 2871 2746 2928 dissolvere.
2794 2873 2901 2928 Cur
2942 2890 3047 2928 non
3106 2876 3370 2931 credidis-

1777 2961 1881 3014 Iis?
1906 2960 2036 3015 Tam
2070 2978 2258 3032 magna
2291 2972 2374 3017 est
2402 2964 2732 3034 praedicatio,
2766 2966 3004 3020 utetiam
3036 2968 3103 3022 ab
3134 2968 3365 3023 inimicis

1777 3055 2137 3109 testin‘ionium
2184 3056 2397 3111 habeat.
2431 3057 2541 3113 Illic
2569 3059 2945 3130 quadringenti
2976 3073 3318 3117 surrexerunt
3344 3104 3360 3129 ,

1773 3155 1827 3199 et
1880 3157 2061 3215 postea
2122 3164 2311 3219 magna
2364 3151 2681 3205 multitudo:
2735 3139 2843 3207 hic.
2874 3153 3153 3209 duodecim
3208 3155 3363 3225 primi

1772 3247 1945 3293 erant.
1979 3237 2053 3292 Ne
2080 3255 2208 3309 ergo
2234 3258 2325 3294 vos
2368 3241 2772 3311 perterrefaciat
2801 3245 3153 3300 multitudinis
3179 3262 3365 3303 acces-

1773 3332 1871 3385 sio.
1903 3332 1962 3385 Si
1989 3333 2120 3385 enim
2156 3350 2217 3387 ea:
2242 3334 2527 3389 hominibus
2554 3338 2707 3407 fuerit
2733 3354 2859 3406 opus
2882 3338 2995 3401 hoc,
3028 3339 3351 3395 dissolvetur.

1773 3423 1986 3477 Poterat
2014 3436 2067 3479 et
2092 3426 2231 3479 aliud
2264 3425 2570 3498 Aigyptium
2618 3429 2831 3494 dicere;
2883 3430 2976 3484 scd
3013 3433 3124 3501 jam
3176 3448 3363 3502 super-

1772 3516 1933 3571 fluum
1963 3520 2061 3572 hoc
2084 3517 2285 3573 fuisset.
2323 3518 2523 3583 Videu’,
2546 3520 2813 3589 quomodo
2835 3530 3037 3575 terrore
3057 3537 3361 3578 sermonem

1771 3611 2136 3665 concluserit?
2164 3610 2288 3666 Ideo
2316 3627 2421 3664 non
2445 3612 2757 3681 simpliciter
2772 3614 3091 3667 sententiam
3117 3615 3355 3683 profert,

1774 3713 1827 3753 ιιι
1856 3716 1921 3756 ne
1949 3701 2193 3756 videatur
2209 3717 2306 3771 pro
2330 3702 2435 3755 illis
2456 3703 2668 3767 dicere;
2724 3702 2817 3757 sed
2842 3719 2908 3757 ex
2938 3706 3016 3758 rei
3043 3715 3239 3759 eventu
3266 3722 3357 3759 ra-

1772 3794 2074 3849 tiocinatur.
2140 3793 2258 3849 Non
2286 3810 2449 3850 ausus
2477 3804 2559 3851 cst
2584 3811 2711 3850 vero
2735 3795 3031 3863 afﬁrmare,
3056 3798 3358 3854 doctrinam

1772 3888 1914 3941 illam
1944 3904 2052 3942 non
2076 3887 2388 3955 humanam,
2413 3889 2506 3945 sed
2534 3905 2599 3944 ex
2629 3891 2737 3944 Deo
2766 3905 2921 3946 esse:
2952 3891 3075 3962 quia
3105 3893 3147 3946 si
3178 3892 3355 3948 dixis-

1771 3990 1849 4035 set
1882 3997 1945 4035 ex
1977 3982 2086 4035 Deo
2114 3996 2234 4036 esse
2263 4023 2279 4050 ,
2323 3983 2771 4038 contradixissent
2795 3984 2871 4038 illi
2903 4000 2918 4049 ;
2974 3985 3020 4039 si
3070 3994 3245 4039 autem
3294 4001 3364 4043 ex

1772 4071 2079 4127 hominibus
2105 4074 2349 4140 dixisset,
2403 4075 2469 4131 ad
2496 4076 2876 4147 insurgendutn
2904 4081 3153 4147 propensi
3184 4090 3360 4134 erant.

1771 4161 1894 4217 ideo
1925 4165 2043 4219 illos
2075 4164 2233 4220 ﬁnem
2272 4178 2585 4235 exspectare
2606 4168 2760 4237 jubet
2786 4210 2800 4232 ,
2830 4170 3034 4234 dicens,
3078 4171 3353 4230 Discedite.

1772 4256 1848 4310 llli
1880 4272 2006 4311 vero
2036 4273 2248 4312 rursum
2285 4259 2578 4327 minantur,
2604 4262 2841 4316 scientes
2862 4262 3078 4330 quidem
3125 4279 3183 4317 se
3226 4265 3359 4319 nihil

1772 4367 1929 4421 posse
1979 4352 2255 4420 perlicere,
2305 4368 2404 4408 suo
2445 4336 2623 4409 autem
2696 4370 2846 4410 more
2890 4355 3170 4411 facientes.
3216 4357 3362 4412 Talis

1772 4445 1913 4499 enim
1944 4458 2031 4498 res
2051 4452 2134 4498 est
2154 4445 2381 4512 malitia,
2424 4463 2545 4515 qua:
2586 4447 2935 4517 impossibilia
2986 4463 3131 4517 saepe
3164 4458 3357 4510 tentat.

1774 4533 1899 4589 Post
1926 4536 2059 4588 hunc
2084 4546 2255 4590 autem
2284 4538 2502 4591 surrexit
2550 4537 2719 4591 Judas
2742 4540 2840 4608 (α).
2899 4538 3044 4605 Haec,
3076 4540 3118 4594 si
3141 4540 3362 4611 Joseplti

1772 4629 1939 4682 libros
1962 4629 2323 4697 inspexeritis,
2352 4632 2654 4686 accuratius
2677 4633 2929 4688 ediscetis
2958 4653 2971 4689 :
3005 4634 3093 4689 ille
3121 4650 3356 4706 namque

1774 4720 1964 4773 horum
1998 4721 2275 4775 historiam
2326 4722 2613 4792 diligenter
2661 4735 2865 4779 narrat.
2916 4725 3100 4780 Vidcn‘
3142 4729 3357 4795 qualem

1773 4831 1883 4868 rem
1912 4828 2075 4867 ausus
2117 4825 2201 4869 est
2228 4815 2429 4878 dicere,
2485 4817 2626 4885 quod
2654 4815 2738 4871 Ea:
2765 4817 2873 4871 Deo
2899 4861 2914 4884 ,
2944 4821 3069 4889 quia
3118 4830 3301 4889 postea
3334 4838 3364 4874 a

1775 4908 1934 4961 rebus
1965 4908 2092 4976 ipsis
2117 4907 2275 4962 ﬁdem
2297 4910 2544 4977 accepit?
2598 4909 2733 4965 Vere
2787 4927 2979 4980 magna
3016 4912 3209 4967 ﬁducia
3231 4957 3244 4980 ,
3306 4926 3365 4970 ct

1774 5001 1916 5055 nulla
1961 5016 2308 5070 personarmn
2349 5002 2612 5070 acceptio.
2645 5003 3014 5059 Consenserunt
3062 5016 3229 5062 autem
3263 5009 3359 5074 illi,

1776 5092 1964 5160 inquit.
1991 5090 2058 5143 Et
2084 5102 2411 5146 convocantes
2468 5096 2745 5162 apostolos,
2804 5112 2975 5151 c:nsos
3018 5098 3359 5154 dimiserunt.

1774 5186 2011 5239 Reveriti
2042 5194 2167 5239 sunt
2192 5188 2516 5242 Sententiam
2545 5188 2678 5253 viri;
2734 5189 2961 5260 ideoque
2986 5192 3308 5247 destiterunt
3333 5208 3361 5243 a

1776 5280 2056 5348 proposito
2086 5279 2361 5333 occidendi
2390 5282 2661 5350 apostolos
2696 5300 2709 5336 :
2760 5281 3061 5353 ﬂagellatos
3089 5293 3268 5339 autem
3298 5284 3364 5337 il-

1777 5370 1858 5424 los
1884 5369 2179 5423 dimittunt.
2223 5368 2288 5423 Et
2318 5370 2397 5424 illi
2442 5372 2646 5442 quidem
2676 5373 2815 5426 ibant
2867 5375 3142 5445 gaudentes
3187 5393 3218 5427 a
3246 5392 3369 5430 cou-

1776 5470 1948 5530 spectn
1972 5461 2195 5527 concilii,
2226 5461 2466 5531 quoniam
2494 5464 2634 5534 digni
2678 5464 2835 5518 habiti
2883 5475 3000 5519 sunt
3045 5483 3137 5533 pro
3165 5468 3374 5522 nomine

1777 5553 1966 5609 Christi
1992 5555 2351 5607 contumeliam
2377 5556 2503 5622 pati.
2534 5557 2737 5623 Quibus
2768 5558 2932 5626 signis
2955 5557 3058 5611 hoc
3080 5574 3186 5611 non
3208 5561 3369 5614 mira-

1779 5646 1935 5701 bilius
1962 5655 2044 5700 est
2072 5647 2095 5697 ?
2120 5645 2389 5715 Nusquam
2409 5647 2512 5702 hoc
2536 5648 2678 5716 apud
2708 5658 2917 5703 veteres
2946 5649 3192 5720 contigit.
3236 5650 3367 5706 Nam

1843 5777 2358 5845 (a)gVide_Josephum
2380 5779 2545 5845 Antig.
2562 5778 2676 5845 god.
2696 5778 2899 5845 l._18,7c.
2918 5781 2975 5845 gl,
3002 5782 3086 5845 ubi
3117 5782 3259 5835 Judac
3276 5786 3373 5845 Ga-

1782 5840 1907 5893 lilzei
1924 5842 2171 5921 historiam
2205 5840 2388 5903 refert;
2413 5849 2466 5892 et
2497 5840 2533 5892 l.
2557 5842 2639 5905 30,
2658 5857 2704 5895 c.
2723 5843 2773 5905 2,
2798 5844 2881 5895 ubi
2900 5840 2967 5894 de
2980 5844 3178 5911 'rheuda
3202 5842 3341 5911 agit.‘
