3946 6446
562 373 666 432 ‘ltii

560 486 825 544 Jeremias
851 483 1064 556 quidem
1095 481 1390 554 flagellatus
1419 490 1503 536 est
1530 487 1752 550 propter
1777 478 1999 532 verbum
2027 473 2146 540 Dei,

565 579 694 635 Elite
719 585 773 631 et
801 577 918 631 aliis
948 575 1132 630 minati
1163 582 1319 628 sunt:
1356 573 1451 628 sed
1481 572 1567 626 hic
1594 581 1646 625 et
1688 586 1756 625 ex
1789 569 1889 623 hac
1920 583 1977 622 re
2002 576 2056 620 et
2083 581 2150 619 ex

567 669 736 738 signis
767 670 1014 722 virtutem
1047 667 1138 720 Dei
1175 665 1536 720 declararunt.
1570 662 1684 717 Non
1711 661 1846 714 dixit
1873 658 2017 730 quod
2044 671 2151 710 non

567 760 850 822 dolerent;
897 759 988 810 sed
1037 757 1177 827 quod
1206 757 1328 810 licet
1348 755 1590 810 dolentes
1619 753 1931 823 gauderent.
1969 747 2152 804 Unde-

565 865 687 904 nam
736 849 790 904 id
834 848 1050 919 liquet?
1097 849 1170 902 Ex
1202 847 1442 917 sequenti
1490 847 1736 900 libertate
1789 841 2040 896 dicendi:
2081 839 2152 892 ita

563 959 780 1015 semper
798 944 958 998 etiam
989 952 1111 1011 post
1137 943 1317 1011 plagas
1341 937 1677 1008 pra-dicundo
1703 934 1992 990 instabant.
2029 931 2153 986 Ideo

564 1034 618 1090 id
639 1035 936 1096 declarans,
963 1039 1038 1087 ait
1068 1052 1081 1088 :
1113 1032 1181 1086 In
1212 1036 1399 1102 templo
1422 1041 1468 1084 et
1495 1032 1629 1083 circa
1651 1029 1828 1081 domos
1851 1043 1953 1080 non
1982 1040 2152 1078 cessa-

565 1125 686 1178 baut
735 1128 969 1180 docentes
1009 1133 1054 1177 et
1094 1124 1494 1192 evangelisantes
1534 1119 1793 1174 Christum
1835 1115 2035 1170 Jesum.
2085 1113 2154 1168 In

565 1217 740 1272 diebus
777 1229 947 1272 autem
978 1219 1099 1272 illis.
1130 1217 1334 1285 Quibus
1357 1214 1580 1269 diebus?
1615 1212 1748 1268 Cum
1785 1212 1897 1265 lucc
1926 1209 2150 1273 fierent;

565 1325 682 1364 cum
713 1310 939 1382 flagella,
963 1327 1083 1364 cum
1110 1311 1267 1365 minze
1289 1353 1303 1373 ,
1327 1326 1448 1363 cum
1471 1307 1716 1376 discipuli
1737 1304 2153 1373 multiplicaren-

569 1413 688 1455 tur:
722 1412 846 1456 tunc
875 1401 1092 1455 Factum
1117 1413 1188 1456 est
1217 1417 1466 1456 murmur.
1495 1399 1561 1454 Et
1589 1397 1830 1452 fortassis
1857 1395 1929 1450 ob
1970 1391 2150 1448 multi-

565 1493 802 1548 tudinem
848 1494 1115 1562 contigit:
1149 1510 1254 1546 non
1303 1494 1448 1545 enim
1495 1498 1669 1559 potest
1717 1488 1768 1542 iu
1815 1485 2155 1540 multitudine

566 1595 746 1639 tantus
770 1585 903 1639 ordo
931 1586 1154 1639 servari.
1189 1585 1254 1638 Et
1289 1600 1474 1654 magna
1508 1582 1653 1636 turba
1682 1580 2000 1633 sacerdotum
2034 1576 2153 1630 obe-

564 1676 732 1730 diebat
754 1677 892 1742 ﬁdei.
918 1676 1010 1730 His
1029 1675 1419 1736 subiudiealur,
1443 1689 1508 1728 ex
1530 1673 1612 1737 iis,
1633 1672 1722 1742 qui
1744 1670 1940 1725 Christi
1966 1682 2153 1723 necem

566 1771 852 1824 machinati
873 1780 1016 1836 sunt,
1046 1769 1244 1824 multos
1271 1767 1580 1821 credidisse.

639 1861 978 1918 Ministerium
1014 1863 1362 1931 quotidianum
1389 1859 1530 1927 quid.
1563 1856 1856 1910 —Factum
1894 1863 1968 1910 est
2015 1869 2158 1907 mur—

565 1970 698 2020 nmr,
725 1955 859 2025 quod
882 1957 1260 2028 despicerentur
1282 1955 1333 2007 in
1363 1953 1659 2024 quotidiana
1684 1950 1963 2004 ministerio
1991 1948 2157 2002 vidule

563 2062 759 2101 eorum.
811 2047 953 2117 Ergo
982 2047 1349 2119 quotidianqu
1399 2046 1754 2099 ministerium
1797 2059 1923 2111 erga
1967 2042 2155 2096 viduas

563 2149 699 2194 erat.
733 2139 799 2195 Et
830 2142 985 2205 vide,
1017 2140 1289 2212 quomodo
1329 2139 1417 2193 hic
1455 2139 1808 2192 ministerium
1857 2147 2051 2202 vocet,
2103 2146 2158 2191 et

566 2244 672 2284 non
718 2231 896 2284 statim
925 2231 1357 2302 eleemosynam;
1390 2231 1572 2301 sicque
1604 2240 1659 2283 et
1687 2244 1782 2284 eos
1817 2230 1907 2299 qui
1935 2230 2154 2296 darent,

566 2333 618 2376 et
658 2337 754 2378 eos
783 2324 874 2391 qui
901 2325 1240 2395 accipereut,
1275 2323 1516 2378 extollat.
1547 2322 1661 2378 Hoc
1689 2338 1794 2378 non
1841 2338 1907 2378 ex
1957 2322 2158 2377 malitia

565 2414 856 2479 oriebatur,
915 2415 1007 2469 sed
1039 2415 1280 2471 fortassis
1323 2430 1390 2470 ex
1433 2415 1601 2470 turba:
1651 2415 1993 2486 negligentia.
2035 2414 2158 2470 Ideo

567 2504 671 2560 hoc
716 2507 768 2560 in
805 2507 1034 2560 medium
1064 2508 1284 2576 protulit
1329 2505 1478 2579 (non
1508 2523 1729 2577 parvum
1775 2509 1916 2562 enim
1958 2508 2157 2562 malum

565 2599 729 2667 erat),
753 2598 895 2668 quod
922 2601 1030 2654 cito
1058 2600 1353 2654 curandum
1380 2601 1634 2670 oportuit.
1667 2599 1849 2654 Viden’
1887 2602 2158 2670 quomodo

565 2687 624 2743 in
650 2689 913 2759 principio
938 2691 1075 2745 mala
1117 2707 1221 2745 non
1251 2690 1379 2746 foris
1411 2701 1612 2747 tantum
1639 2734 1656 2756 ,
1687 2692 1780 2748 sed
1812 2693 1971 2748 etiam
2015 2693 2158 2748 intus

565 2792 746 2837 essent
768 2782 792 2835 ?
816 2783 894 2838 Tu
925 2800 1052 2838 vero
1083 2801 1190 2839 non
1237 2785 1410 2839 solum
1457 2783 1704 2840 attendas
1730 2785 1872 2856 quod
1914 2796 2157 2841 curatum

566 2875 754 2940 fuerit,
790 2876 884 2930 sed
924 2877 1084 2930 etiam
1112 2877 1255 2946 quod
1289 2893 1538 2946 magnum
1585 2885 1732 2931 esset
1775 2878 1993 2931 malum.
2026 2877 2162 2932 Con-

565 2967 784 3021 siderate
807 2983 950 3038 ergo,
975 2968 1190 3037 fratres,
1222 2969 1355 3022 viros
1383 2985 1446 3022 ea:
1470 2967 1606 3023 vobis
1629 2977 1835 3038 septem.
1866 2968 1981 3022 Non
2012 2969 2062 3023 id
2091 2983 2160 3024 ex

568 3061 786 3129 proprio
809 3068 936 3115 nutu
959 3059 1176 3126 faciunt,
1192 3059 1286 3115 sed
1307 3059 1451 3128 prius
1473 3075 1532 3114 se
1548 3070 1802 3115 excusant
1823 3065 1962 3130 apud
1983 3061 2163 3116 multi-

569 3152 828 3207 tudinem.
857 3153 934 3207 Ita
968 3161 1021 3206 et
1045 3166 1184 3205 nunc
1208 3151 1322 3205 fieri
1351 3159 1644 3221 oporteret.
1675 3151 1795 3204 Non
1829 3162 1899 3206 est
1926 3169 2156 3219 aequum,

571 3243 755 3307 aiunt,
808 3258 900 3296 nos
947 3240 1290 3310 derelinquere
1347 3242 1547 3296 verbum
1596 3241 1728 3307 Dei,
1779 3252 1825 3296 et
1877 3244 2162 3297 ministrare

572 3335 779 3390 mensis.
810 3335 988 3388 Primo
1017 3335 1403 3390 absurditatem
1434 3334 1671 3404 profert,
1719 3335 2008 3390 ostendens
2053 3352 2158 3392 non

570 3441 730 3498 posse
767 3436 1048 3497 utrumque
1095 3437 1341 3482 accurate
1388 3428 1628 3497 praestari
1673 3445 1687 3483 :
1729 3429 2159 3500 quandoquidem

570 3535 694 3574 cum
744 3519 1019 3574 Matthiam
1049 3520 1305 3574 ordinare
1335 3522 1608 3591 oportuit,
1655 3522 1826 3590 primo
1865 3523 1940 3576 rei
1969 3533 2155 3578 osten-

570 3613 706 3667 dunt
733 3613 1103 3668 necessitatem
1121 3655 1136 3680 ,
1161 3613 1287 3684 quia
1310 3629 1446 3668 unus
1477 3613 1766 3682 defecerat,
1797 3624 1851 3670 et
1878 3616 2158 3671 duodecim

569 3719 691 3759 esse
717 3705 1021 3775 oportebat.
1055 3704 1230 3758 Etiam
1269 3704 1357 3760 hic
1401 3707 1772 3761 necessitatem
1812 3707 2102 3762 ostendunt
2143 3725 2158 3762 :

572 3813 673 3852 nec
703 3797 832 3852 illud
855 3807 980 3852 ante
1006 3797 1277 3861 fecerunt,
1303 3797 1398 3852 sed
1427 3807 1806 3868 exspectaruut
1824 3797 1997 3854 donec
2017 3815 2161 3853 mur-

573 3903 696 3942 mur
715 3888 984 3953 oriretur;
1014 3902 1187 3958 neque
1209 3895 1386 3943 tamen
1411 3888 1550 3958 passi
1571 3897 1694 3943 sunt
1723 3898 1781 3944 ut
1807 3888 1908 3944 hoc
1935 3891 2159 3946 multum

571 3988 861 4034 cresceret.

663 4070 717 4124 5.
761 4071 828 4124 Et
870 4070 1026 4135 vide;
1073 4070 1332 4142 judicium
1386 4071 1492 4127 illis
1530 4075 1880 4143 permittunt,
1927 4084 1982 4130 et
2039 4076 2162 4131 illos

575 4161 868 4232 prmferunt
895 4163 988 4233 qui
1017 4163 1268 4217 omnibus
1297 4164 1601 4234 placerent,
1634 4175 1688 4220 et
1729 4169 1966 4220 onmium
2007 4169 2159 4223 testi-

574 4257 758 4311 monio
783 4256 990 4327 probati
1014 4267 1215 4313 essent.
1249 4257 1381 4312 Cum
1411 4260 1643 4328 oportuit
1664 4260 1937 4314 Matthiam
1966 4277 2160 4332 propo-

573 4363 703 4404 nere
728 4390 743 4414 ,
799 4348 1043 4419 Oportet,
1097 4350 1378 4418 inquiunt,
1413 4367 1475 4404 ea:
1499 4351 1561 4405 iis
1583 4391 1600 4418 ,
1640 4352 1726 4420 qui
1751 4353 2008 4406 nobiscum
2047 4363 2161 4407 sunt

573 4441 712 4493 onmi
739 4450 961 4511 tempore
983 4459 1004 4505 ;
1030 4441 1115 4496 hic
1141 4451 1318 4495 autem
1347 4457 1451 4496 non
1482 4445 1560 4498 sic
1590 4462 1604 4498 :
1632 4459 1737 4498 non
1768 4447 1909 4500 enim
1937 4448 2041 4501 tale
2068 4463 2164 4504 ne-

573 4531 772 4600 gotimn
803 4540 939 4588 erat.
976 4532 1097 4586 Ideo
1126 4532 1227 4586 hoc
1265 4548 1367 4586 non
1403 4535 1532 4587 sorti
1565 4536 1956 4605 permiserunt;
1991 4553 2162 4608 neque

574 4637 695 4677 cum
727 4625 822 4693 ipsi
850 4635 1070 4694 possent
1096 4623 1299 4697 Spiritu
1327 4627 1454 4681 moti
1478 4627 1696 4698 eligere,
1728 4629 1777 4684 id
1806 4630 2036 4696 faciunt;
2065 4633 2160 4688 sed

574 4730 642 4768 ex
672 4717 956 4770 multorum
978 4719 1283 4773 testimonio
1301 4720 1442 4788 quod
1465 4720 1715 4790 placitum
1737 4731 1880 4777 esset
1899 4730 2158 4780 statuunt.

573 4805 819 4874 Alioquin
848 4823 995 4874 vero,
1031 4825 1310 4863 numerum
1342 4809 1587 4879 definire,
1615 4812 1887 4880 ordinare,
1911 4815 1975 4868 ad
2000 4817 2159 4870 talem

576 4913 754 4965 usuin,
785 4900 852 4954 ad
883 4901 1002 4955 illos
1029 4902 1331 4972 pertinebat
1363 4905 1378 4934 ⁸
1405 4921 1420 4969 ;
1449 4903 1649 4973 eligere
1673 4915 1848 4960 autem
1878 4908 2020 4962 viros
2056 4909 2162 4963 illis

578 4993 925 5060 permittunt,
949 5003 1005 5046 ut
1043 5010 1110 5049 ue
1135 4993 1444 5049 viderentur
1473 4994 1539 5050 ad
1559 4997 1910 5066 quormudam
1937 5000 2160 5069 gratiam

575 5098 740 5153 agere
770 5101 783 5139 :
811 5085 934 5152 quia
961 5095 1016 5138 et
1043 5085 1182 5140 Deus
1212 5086 1377 5156 Moysi
1404 5088 1645 5157 permisit
1670 5089 1867 5160 eligere
1896 5092 2158 5158 seniores,

574 5193 710 5248 quos
739 5188 980 5232 noverat.
1023 5179 1181 5233 Multa
1211 5181 1352 5234 enim
1381 5182 1637 5250 sapientia
1666 5198 1804 5253 opus
1829 5193 1911 5239 est
1953 5185 2006 5253 in
2038 5186 2161 5240 tali-

575 5271 676 5328 bus
705 5271 1212 5343 dispensatiouibus.
1253 5272 1332 5328 Ne
1363 5279 1563 5345 putetis
1591 5277 1754 5345 etiim,
1784 5279 1906 5347 quia
1936 5278 2160 5334 verbum

575 5381 684 5421 non
714 5365 845 5437 ipsis
873 5366 1239 5420 concreditum
1272 5367 1469 5434 fuerat,
1498 5384 1603 5422 non
1637 5384 1772 5439 opus
1795 5371 2042 5427 habuisse
2070 5386 2161 5426 sa-

579 5461 773 5529 pientia
805 5478 819 5512 :
844 5459 1008 5516 multa
1033 5471 1181 5517 certe
1205 5476 1340 5531 Opus
1368 5462 1620 5519 habuere.
1656 5463 1770 5518 Nos
1799 5480 1911 5518 vero
1946 5467 2163 5518 orationi

566 5566 626 5610 et
662 5557 940 5611 ministerio
983 5557 1117 5610 verbi
1160 5558 1404 5611 instantes
1433 5559 1636 5613 erimus.
1671 5557 1738 5613 Et
1779 5559 1929 5612 initio
1957 5568 2010 5613 et
2057 5558 2164 5614 fi‘ue

577 5661 698 5701 sese
724 5658 997 5702 excusant.
1037 5647 1295 5702 Instantes
1336 5649 1520 5703 erimus
1543 5691 1558 5713 ,
1596 5650 1863 5719 inquiunt.
1901 5649 1990 5703 Sic
2019 5650 2162 5703 enim

581 5737 890 5806 Oportebat,
919 5754 1029 5793 non
1060 5740 1270 5806 leviter,
1299 5754 1404 5794 non
1435 5749 1752 5810 utcumque,
1778 5740 1872 5794 sed
1893 5754 2013 5793 cum
2041 5755 2165 5810 per-

643 5847 664 5880 ¹
699 5849 861 5900 ttorel.
884 5851 1030 5917 tegit,
1053 5850 1144 5904 stbt
1167 5854 1465 5918 adscribunt,
1490 5868 1598 5919 pro,
1624 5852 1693 5906 ad
1715 5850 1822 5908 illos
1843 5851 2129 5917 pertinebat.

1356 367 1414 422 S.
1445 361 1725 422 JOANNIS
1761 357 2236 416 CHRYSOSTOMI
2268 353 2582 412 ARCHIEP.
2622 351 3154 410 CONSTANTINOP.

3823 361 3924 419 ιιι

2259 473 2584 527 severantia.
2615 469 2683 526 Et
2713 471 2928 542 placuit,
2951 473 3143 543 inquit,
3169 491 3334 529 sermo
3359 493 3530 531 coram
3557 457 3740 533 omisi
3767 483 3923 534 mut

2260 566 2494 619 titudine.
2543 565 2609 618 Et
2639 564 2742 619 hoc
2784 566 2994 620 illorum
3037 569 3348 636 sapientiam
3380 571 3640 627 decebat.
3683 574 3924 631 Omne

2259 658 2458 713 dictum
2508 658 2826 724 laudarunt;
2861 660 2931 712 ita
2960 660 3238 728 prudentia
3281 663 3497 732 plenum
3527 675 3695 722 erat.
3769 687 3795 720 ε
3865 671 3924 724 Ε

2261 751 2566 820 elegerunt,
2594 751 2762 820 inquit
2791 751 3031 820 (rursum
3065 753 3163 821 ipsi
3186 752 3443 824 eligunt),
3477 755 3894 826 Stephanum

2259 841 2430 895 virum
2462 844 2675 910 plenum
2723 843 2826 896 fide
2855 853 2909 897 et
2938 843 3137 913 Spiritu
3179 857 3363 901 sancto
3383 889 3396 911 ,
3429 858 3484 903 et
3515 849 3897 922 Philippum

2261 941 2316 988 et
2344 932 2671 988 Procborum
2690 975 2706 1000 ,
2734 945 2791 990 et
2817 935 3157 998 Nicanorem,
3185 947 3242 991 et
3273 937 3556 995 Timonem
3580 985 3598 1006 ,
3637 949 3709 997 et
3767 944 3924 998 Par-

2261 1042 2494 1093 menam,
2522 1038 2577 1082 et
2603 1027 2877 1084 Nicolaum
2905 1031 3232 1102 proselytum
3259 1033 3674 1089 Antiochenam
3713 1055 3732 1091 :
3765 1052 3924 1107 quos

2260 1127 2558 1173 statuerunt
2589 1135 2772 1174 coram
2822 1121 3101 1190 apostolis.
3137 1122 3201 1176 Et
3245 1134 3460 1179 orantes
3487 1127 3924 1197 imposuerant

2261 1208 2366 1262 illis
2393 1225 2602 1263 manus.
2637 1231 2657 1261 ι
2690 1211 2826 1266 Hinc
2856 1212 3029 1282 palam
3059 1222 3142 1267 est
3161 1256 3176 1280 ,
3204 1216 3344 1284 quod
3375 1222 3820 1288 segregaverint
3847 1225 3917 1276 il-

2261 1301 2342 1355 los
2379 1317 2410 1355 a
2440 1303 2818 1367 multitudine;
2851 1313 2907 1358 et
2954 1305 3023 1358 illi
3059 1306 3307 1371 tralumt,
3339 1325 3443 1363 non
3489 1314 3748 1380 apostoli
3795 1315 3901 1370 du-

2260 1404 2408 1448 cunt.
2442 1395 2595 1458 Vide,
2626 1412 2784 1464 quam
2828 1413 2934 1450 non
2981 1398 3249 1469 superflue
3296 1402 3529 1471 scriptor
3555 1405 3838 1475 loquatur
3872 1426 3893 1462 :

2261 1501 2368 1539 non
2400 1487 2541 1541 enim
2571 1487 2702 1542 dicit
2731 1489 3003 1558 quomodo
3029 1532 3043 1555 ,
3072 1491 3168 1545 sed
3199 1493 3514 1564 simpliciter
3533 1498 3687 1566 quod
3719 1501 3878 1553 ordi-

2262 1578 2370 1632 nati
2421 1578 2527 1632 siut
2582 1581 2998 1649 perorationem
3048 1600 3062 1636 :
3112 1582 3213 1638 hoc
3256 1586 3398 1640 enim
3444 1597 3528 1642 est
3565 1589 3883 1646 ordinatio.

2268 1668 2455 1724 Manus
2485 1671 2582 1726 viri
2612 1674 3025 1742 superponitur;
3069 1684 3236 1731 totum
3267 1693 3392 1732 vero
3418 1680 3557 1736 Deus
3583 1694 3891 1751 operatur,

2262 1761 2485 1832 ejusque
2507 1779 2696 1818 mzmus
2713 1773 2797 1818 est
2816 1781 2933 1834 qum
2958 1767 3124 1836 tangit
3145 1779 3303 1837 caput
3324 1771 3572 1837 ordinati,
3603 1775 3652 1827 si
3681 1791 3896 1844 quem-

2262 1854 2548 1908 admodum
2607 1865 2820 1925 oportet
2868 1857 3164 1912 ordinetur.
3198 1859 3264 1913 Et
3301 1878 3483 1926 sermo,
3521 1864 3748 1933 inquit,
3789 1866 3896 1921 Dei

2262 1946 2548 2013 crescebat,
2600 1956 2647 1999 et
2701 1947 3130 2018 multiplicabatur
3167 1969 3406 2007 numerus
3457 1955 3883 2026 discipulorum.

2261 2037 2377 2092 Non
2407 2038 2523 2093 sine
2551 2054 2712 2094 causa
2742 2040 2842 2095 hoc
2869 2042 3022 2109 dixit,
3070 2043 3163 2097 sed
3197 2053 3252 2098 ut
3279 2047 3584 2102 ostenderet
3615 2091 3632 2114 ,
3665 2064 3882 2118 quanta

2263 2129 2333 2183 sit
2363 2131 2721 2203 eleemosynae
2766 2143 2820 2187 et
2850 2134 2974 2188 boni
3008 2135 3213 2190 ordinis
3246 2138 3433 2193 virtus.
3482 2143 3560 2194 Ac
3601 2140 3879 2212 deinceps

2261 2237 2382 2290 qua:
2405 2221 2732 2291 Stephanum
2759 2234 3004 2294 spectant
3025 2239 3336 2283 narraturus
3365 2241 3481 2285 est:
3514 2232 3645 2286 ideo
3677 2242 3736 2287 et
3750 2250 3879 2288 cau-

2263 2330 2352 2369 sas
2382 2315 2592 2370 illorum
2642 2320 2954 2387 praemittit:
2988 2319 3054 2373 Et
3085 2323 3233 2376 multi
3252 2364 3266 2386 ,
3302 2324 3504 2394 inquit,
3535 2329 3874 2384 sacerdotum

2262 2407 2552 2462 obediebant
2577 2410 2713 2480 fidei.
2738 2411 2869 2479 Quia
2901 2413 3042 2467 enim
3078 2415 3325 2469 videbant
3357 2418 3658 2488 principem
3689 2431 3750 2475 et
3777 2423 3870 2478 do-

2262 2511 2464 2556 ctorem
2495 2503 2607 2557 haec
2635 2506 3011 2574 proferentem,
3045 2524 3108 2562 ex
3131 2510 3382 2577 operibus
3398 2511 3507 2580 jam
3556 2514 3863 2582 periculum

2264 2593 2548 2647 faciebant.
2583 2594 2649 2648 Et
2673 2595 3028 2653 admiratione
3051 2599 3268 2670 dignum
3297 2613 3411 2669 est,
3453 2604 3596 2673 quod
3632 2608 3871 2676 populus

2265 2700 2372 2737 non
2405 2685 2606 2740 scissus
2627 2686 2786 2741 fuerit
2809 2689 2860 2742 in
2889 2689 3152 2745 electione
3174 2694 3433 2760 virorum,
3457 2697 3738 2766 quomodo
3760 2717 3866 2754 non

2264 2779 2531 2847 reprobati
2563 2779 2669 2833 sint
2694 2780 2762 2834 ab
2790 2781 2893 2834 illis
2915 2783 3163 2852 apostoli.

2337 2869 2624 2942 Presbyteri
2673 2882 2720 2926 et
2753 2871 2971 2928 Diaconi
3021 2893 3202 2929 nomen
3231 2877 3432 2947 quando
3465 2881 3762 2935 admissum.
3785 2911 3857 2924 —-

2263 2961 2432 3029 Quam
2462 2979 2590 3033 ergo
2627 2963 2936 3034 dignitatem
2970 2965 3270 3022 habuerunt
3301 2968 3411 3036 illi,
3437 2979 3491 3024 et
3511 2986 3677 3040 quam
3705 2987 3850 3027 acce-

2267 3065 2459 3126 perunt
2494 3056 2884 3112 ordinationem
2907 3101 2921 3123 ,
2947 3058 3056 3129 jam
3087 3059 3402 3115 discendum
3431 3070 3532 3116 est.
3570 3063 3713 3118 Num
3741 3065 3855 3119 dis-

2264 3151 2570 3205 couorum?
2611 3153 2770 3222 Atqui
2824 3153 2938 3208 inec
2986 3155 3037 3207 in
3087 3153 3341 3209 Ecclesiis
3392 3171 3497 3210 non
3553 3167 3712 3221 erat;
3766 3159 3856 3212 sed

2266 3243 2705 3313 presbyterorum
2753 3254 2870 3298 erat
2900 3246 3226 3299 (economia.
3271 3245 3433 3315 Atqui
3477 3247 3656 3301 nullus
3685 3247 3856 3303 adhuc

2264 3335 2548 3405 episcopus
2589 3346 2740 3401 erat,
2793 3348 3146 3408 praeterquam
3177 3340 3408 3408 apostoli
3449 3350 3678 3396 tantum.
3712 3342 3854 3399 Unde

2264 3435 2395 3496 puto
2433 3441 2532 3482 nec
2571 3427 2917 3482 diaconorum
2948 3444 3048 3483 nec
3077 3430 3515 3502 presbyterorum
3548 3442 3675 3488 tunc
3702 3434 3848 3489 fuisse

2265 3533 2460 3572 nomen
2479 3518 2774 3574 admissum
2795 3535 2893 3574 nec
2912 3520 3285 3588 manifestum;
3309 3523 3404 3578 sed
3429 3523 3538 3593 jam
3561 3525 3627 3578 ad
3648 3524 3752 3580 hoc
3764 3542 3847 3578 or-

2264 3611 2430 3666 dinati
2461 3620 2603 3666 sunt.
2640 3612 2748 3668 Nec
2775 3613 3090 3682 simpliciter
3116 3614 3217 3669 hoc
3238 3631 3429 3670 munus
3459 3616 3565 3671 illis
3581 3619 3856 3674 concredi-

2268 3711 2378 3758 tum
2406 3713 2524 3766 est;
2554 3705 2645 3760 sed
2670 3707 2870 3776 precati
2901 3716 3042 3773 sunt,
3071 3717 3128 3761 ut
3153 3717 3388 3778 potestas
3417 3709 3520 3764 illis
3536 3712 3857 3767 concedere-

2267 3801 2371 3848 tur.
2397 3793 2530 3849 Vide
2571 3804 2775 3862 autem,
2798 3813 3003 3867 quzeso,
3028 3799 3074 3852 si
3119 3810 3324 3868 septem
3367 3801 3498 3856 viris
3534 3811 3640 3857 erat
3681 3819 3850 3872 opus,

2267 3893 2428 3939 tantm
2444 3886 2691 3941 fortassis
2708 3887 3000 3942 afﬂuebant
3015 3893 3276 3959 pecunia},
3293 3901 3437 3946 tanta
3451 3904 3564 3947 erat
3579 3894 3848 3950 viduarum

2265 3979 2570 4034 multitudo.
2593 3980 2733 4050 Ergo
2764 3997 2869 4036 non
2900 3983 3217 4052 simpliciter
3240 4001 3430 4054 preces
3455 3986 3842 4053 emittebautur,

2265 4070 2358 4125 sed
2375 4085 2496 4124 cum
2519 4071 2681 4124 multa
2700 4073 2993 4127 attentione
3013 4090 3026 4139 ;
3053 4074 3279 4144 hocque,
3304 4075 3528 4145 perinde
3549 4087 3693 4146 atque
3711 4094 3850 4147 prae-

2263 4161 2485 4229 dicatio,
2519 4164 2890 4232 perficiebatur
2918 4181 2930 4218 :
2954 4165 3184 4234 plurima
3207 4167 3349 4221 enim
3387 4168 3631 4238 precibus
3656 4182 3849 4237 opera-

2265 4253 2478 4310 bantur.
2499 4254 2588 4310 Sic
2604 4255 2894 4326 spiritualia
2917 4256 3361 4328 praaferebantur,
3383 4260 3460 4313 sic
3475 4259 3540 4314 ad
3563 4261 3850 4330 peregrina-

2266 4349 2440 4404 tiones
2470 4349 2836 4416 mittebantur,
2857 4351 2934 4405 sic
2958 4351 3073 4405 istis
3101 4354 3320 4407 verbum
3349 4353 3706 4408 concreditum
3732 4354 3842 4408 fuit.

2264 4439 2449 4510 Neque
2486 4441 2615 4496 dicit
2652 4441 2775 4506 hoc,
2821 4457 2994 4512 neque
3021 4443 3231 4497 extollit
3255 4458 3387 4510 eos;
3421 4444 3514 4498 sed
3541 4445 3697 4510 dicit,
3739 4460 3836 4500 non

2265 4550 2476 4604 aequum
2502 4549 2621 4589 esse
2646 4535 2990 4590 commissum
3014 4551 3147 4606 opus
3170 4538 3491 4605 relinquere.
3515 4537 3600 4592 Sic
3627 4553 3652 4590 a
3673 4538 3836 4606 Moyse

2267 4627 2492 4682 instituti
2517 4626 2744 4694 fuerant,
2771 4643 2838 4682 ne
2857 4629 3034 4682 oumia
3058 4628 3261 4700 agenda
3283 4631 3630 4699 susciperent.
3649 4630 3830 4685 Idcirco

2269 4721 2462 4777 Paulus
2479 4722 2572 4787 ait,
2605 4720 2673 4776 Ut
2691 4737 2970 4791 pauperum
2987 4731 3181 4775 tantum
3203 4738 3447 4776 memores
3465 4723 3616 4776 simus
3629 4721 3695 4792 (G
3699 4725 3748 4777 al
3755 4767 3764 4775 .
3780 4721 3832 4777 Ξ.

2265 4813 2376 4882 10).
2402 4811 2682 4882 Quomodo
2707 4821 2886 4868 autem
2912 4814 3010 4866 hos
3033 4814 3421 4868 antecesserint
3440 4813 3603 4868 disce.
3630 4813 3837 4882 Jejuna-

2266 4907 2414 4971 bant,
2445 4904 2857 4974 perseverabant
2899 4905 2952 4958 in
2969 4905 3231 4960 oratione.
3258 4905 3372 4960 Hoc
3392 4907 3550 4960 etiam
3577 4922 3706 4960 nunc
3727 4908 3834 4964 εἰει-ἰ

2265 5005 2557 5066 Oportcret.
2577 4995 2694 5050 Non
2719 4996 3039 5066 simpliciter
3057 5006 3234 5052 autem
3254 4997 3558 5067 spirituales
3573 5041 3587 5065 ,
3610 4998 3696 5054 sed
3721 4999 3841 5067 Spi-

2266 5091 2370 5144 ritu
2399 5099 2454 5144 et
2473 5089 2730 5159 sapientia
2757 5090 2943 5158 plenos
2959 5089 3112 5153 dixit,
3131 5089 3423 5154 ostendens
3459 5106 3654 5161 magnae
3669 5091 3839 5161 phila-

2266 5181 2471 5250 sophia:
2498 5181 2661 5236 fuisse
2687 5183 3057 5236 accusationes
3081 5182 3216 5236 ferre
3240 5181 3540 5237 viduarum.
3558 5184 3673 5252 Qua:
3699 5186 3834 5244 enim

2267 5273 2488 5340 utilitas,
2517 5273 2561 5327 si
2587 5272 2927 5344 dispensator
2973 5289 3077 5327 non
3109 5271 3315 5328 furetur
3351 5274 3584 5344 quidem,
3611 5273 3693 5330 sed
3719 5292 3830 5332 um-

2267 5367 2352 5418 nia
2387 5364 2613 5434 perdat?
2634 5367 2715 5420 vel
2743 5367 2786 5418 si
2819 5365 2966 5420 ferox
2991 5367 3058 5420 sit
3084 5375 3138 5422 et
3162 5367 3556 5422 exacerbetnr?
3584 5366 3682 5422 liae
3703 5369 3752 5422 in
3777 5384 3831 5423 re

2267 5455 2615 5509 admirandus
2642 5466 2759 5510 erat
2789 5456 3086 5526 Philippus.
3119 5458 3195 5512 De
3244 5457 3336 5512 illo
3382 5475 3607 5528 namque
3648 5458 3765 5514 dicit
3807 5478 3824 5509 τ

2267 5547 2337 5602 Et
2378 5549 2591 5618 ingressi
2626 5549 2676 5601 in
2724 5549 2929 5602 domum
2974 5549 3210 5620 Philippi
3258 5553 3606 5620 evangelista,
3646 5553 3722 5620 qui
3765 5577 3826 5616 ea;

2268 5647 2458 5708 septem
2483 5638 2586 5691 illis
2611 5652 2717 5692 erat
2737 5681 2751 5705 ,
2801 5642 3078 5695 mansimus
3108 5641 3248 5712 apud
3275 5641 3422 5696 illum
3475 5644 3605 5712 (Act.
3641 5644 3719 5697 21.
3749 5645 3822 5708 8).

2273 5729 2460 5785 Viden‘
2487 5730 2616 5785 nihil
2648 5731 2884 5786 humano
2904 5748 3056 5788 more
3078 5733 3419 5804 dispensari?
3448 5735 3514 5789 Et
3552 5734 3829 5801 multiplica-

2274 5824 2425 5880 batur
2449 5840 2686 5880 numerus
2710 5825 3072 5898 discipulorum
3099 5827 3154 5884 in
3179 5825 3489 5886 Jerusalem.
3513 5829 3823 5902 Jerosolytnis
