3946 6444
492 379 596 438 H7

489 499 583 554 δου
605 497 666 552 :6
684 496 908 567 πλῆθος.
931 497 1004 551 Τὸ
1024 497 1356 567 θαυμαστὸν,
1377 495 1509 549 ἔνθα
1537 494 1749 564 ἐσφάγη
1765 495 1794 546 6
1814 490 2070 562 Χριστὸς,

493 584 612 636 ἐκεῖ
638 579 835 650 ηὐξετο
871 581 932 634 :6
955 581 1237 652 κήρυγμα.
1275 581 1384 633 Καὶ
1411 579 1473 632 οὐ
1511 579 1669 648 μόνον
1694 578 1794 630 οὐκ
1819 574 2073 629 ἐσκανδα·

491 665 755 735 λίσθησάν
778 681 924 728 τινες
960 663 1069 717 τῶν
1108 663 1387 735 μαθητῶν,
1411 662 1644 733 ὁρῶντες
1671 661 1798 725 τοὺς
1821 660 1919 731 μέν
1939 661 2073 712 ἀπο-

495 749 715 814 στόλους
749 748 1202 820 μαστιζομένους,
1225 750 1352 812 τοὺς
1384 748 1442 800 δέ
1470 745 1849 807 ἀπειλοῦντας,
1880 744 2072 805 ἄλλους

492 833 552 886 :6
607 833 833 903 Πνεῦμα
888 833 1271 904 πειράζοντας,
1323 834 1542 902 ἐτέρους
1574 832 1630 884 δὲ
1681 828 2068 898 γογγύζοντας⁸

492 915 630 969 ἀλλὰ
653 916 889 986 μάλιστα
940 915 1035 970 καὶ
1065 916 1418 986 προσετίθετο
1470 914 1578 966 τῶν
1607 912 2014 966 πιστευσάντων
2048 911 2076 962 ό

493 999 750 1070 ἀριθμός·
797 998 970 1063 οὕτως
1004 1000 1112 1053 ἀπὸ
1142 1000 1236 1053 τοῦ
1292 1001 1420 1070 περὶ
1481 997 1727 1051 Ἀνανίαν
1768 997 2076 1067 συμϐάντος

494 1082 997 1152 ἐσωφρονίσθησαν,
1031 1083 1124 1135 καὶ
1153 1082 1353 1136 πλείων
1381 1084 1409 1135 6
1435 1082 1601 1150 φόϐος
1623 1082 1805 1144 αὐτοῖς
1831 1081 2073 1148 γέγονεν.

495 1164 640 1235 Ὅρα
681 1165 737 1218 δέ
798 1184 909 1235 μοι,
952 1167 1069 1228 πῶς
1119 1167 1364 1219 ἐπεδίδου
1398 1166 1459 1218 :6
1493 1165 1715 1234 πλῆθος.
1750 1163 1907 1218 Μετὰ
1953 1164 2078 1224 τοὺς

494 1250 859 1320 πειρασμούς,
880 1251 1000 1304 τότε
1028 1251 1322 1316 ἐπέδωκεν,
1353 1251 1473 1319 οὐχὶ
1509 1249 1615 1321 πρὸ
1633 1248 1846 1301 τούτου.
1877 1247 2076 1299 Σκόπει

492 1333 549 1384 δὲ
585 1334 676 1385 καί.
707 1334 848 1405 πόση
880 1332 1261 1403 φιλανθρωπία
1288 1331 1382 1384 τοῦ
1405 1332 1560 1385 Θεοῦ.
1610 1331 1701 1395 Ἐξ
1728 1331 1950 1384 ἐκείνων
1971 1329 2077 1397 γὰρ

492 1415 601 1467 τῶν
630 1415 935 1486 ἀρχιερέων
958 1414 1067 1467 τῶν
1095 1415 1232 1485 πρὸς
1261 1415 1422 1482 φόνον
1463 1415 1589 1478 τοὺς
1618 1414 1808 1482 ὄχλους
1838 1411 2078 1483 παροξυ-

493 1501 712 1563 νόντων,
736 1499 844 1553 τῶν
865 1498 1089 1554 τοιαῦτα
1111 1498 1358 1568 βοώντων
1381 1498 1476 1552 καὶ
1493 1497 1780 1566 λεγόντων·
1813 1498 2078 1560 ’Ἄλλους

493 1581 751 1648 ἔσωσεν,
793 1581 1012 1636 ἑαυτὸν
1067 1584 1138 1636 οὐ
1185 1581 1438 1635 δύναται
1485 1579 1698 1634 σῶσαι·
1756 1581 1821 1631 ἐκ
1873 1577 2078 1632 τούτων

495 1665 745 1730 Πολλοὶ,
782 1664 969 1735 φησὶν,
997 1665 1316 1734 ὑπήκουον
1347 1663 1424 1733 τῇ
1454 1664 1674 1718 πίστει.

559 1835 620 1888 δ’.
644 1834 816 1888 Αὐτοῦ
843 1834 1026 1890 τοίνυν
1040 1834 1135 1893 καὶ
1151 1835 1312 1906 ἡμεῖς
1326 1832 1610 1904 γενώμεθα
1630 1834 1863 1905 μιμηταί
1871 1875 1883 1888 .
1901 1834 2077 1906 Προσ-

492 1917 711 1982 εδέξατο
763 1918 1002 1982 αὐτοὺς,
1058 1919 1154 1972 καὶ
1195 1919 1296 1972 οὐκ
1349 1917 1602 1982 ἐξέϐαλεν
1658 1930 1707 1971 ι.
1756 1916 1912 1971 Οὕτω
1952 1917 2078 1980 τοὺς

491 2002 722 2072 ἐχθροὺς
743 2003 1103 2074 ἀμειϐὠμεθα
1128 2003 1257 2066 τοὺς
1283 2001 1354 2056 τὰ
1385 2001 1552 2072 μυρία
1585 2001 1734 2072 ἡμᾶς
1767 2001 2078 2070 ἐργασαμέ-

489 2103 614 2151 νους
635 2086 683 2158 [1
701 2085 964 2160 ι6]δεινά.
990 2088 1170 2158 Ὅπερ
1187 2087 1253 2141 ἂν
1263 2086 1478 2156 ἔχωμεν
1499 2084 1919 2149 ἀγαθὸν,αὐτοῖς
1939 2101 2078 2154 παρ-

491 2169 746 2240 έχωμενι)
763 2186 774 2197 ·
806 2169 881 2241 μὴ
903 2170 1266 2241 παρέλθωμεν
1284 2169 1480 2231 αὐτοὺς
1497 2166 1863 2229 εὐποιοῦντες.
1877 2168 1940 2219 Εἰ
1968 2168 2076 2238 γὰρ

489 2255 568 2325 τῷ
599 2252 793 2308 παθεῖν
824 2254 1028 2316 κακῶς,
1076 2254 1356 2324 ἐμπλῆσαι
1404 2252 1485 2304 δεῖ
1514 2251 1606 2304 τὸν
1659 2251 1829 2322 θυμὸν
1872 2249 2074 2315 αὐτῶν,

492 2337 676 2408 πολλῷ
727 2337 930 2407 μᾶλλον
987 2337 1064 2407 τῷ
1111 2337 1420 2406 εὐποιῆσαι·
1471 2335 1630 2388 τοῦτο
1695 2335 1806 2406 γὰρ
1855 2334 2078 2389 ἔλαττον

491 2419 724 2474 ἐκείνου.
760 2420 875 2472 Οὐκ
909 2419 1024 2473 ἔστι
1078 2419 1187 2489 γὰρ
1239 2421 1352 2472 ἴσον
1399 2419 1692 2488 εὑποιῆσαι
1721 2417 1855 2488 ἐχθρ
1889 2437 1939 2483 ν,
1983 2420 2079 2472 καλ⁸

494 2501 716 2575 μείζονα
741 2502 965 2573 θελῆσαι
1001 2503 1192 2575 παθεῖν
1219 2502 1250 2574 ἢ
1285 2502 1593 2571 βούλεσθαι·
1623 2501 1734 2556 ἀπὸ
1759 2501 1950 2554 τούτου
1983 2504 2078 2556 καὶ

490 2567 577 2638 ἐπ’
604 2587 786 2640 ἐκεῖνα
821 2567 1044 2656 ήξομεῦ.
1074 2586 1244 2640 Τοῦτο
1295 2585 1512 2656 ἀξίωμα
1553 2585 1663 2637 τῶν
1691 2584 1786 2638 τοῦ
1828 2586 2076 2653 Χριστοῦ

493 2669 776 2740 μαθητῶν.
820 2668 1201 2740 Ἐσταύρωσαν
1225 2669 1386 2722 αὐτὸν
1411 2669 1634 2722 ἐλθόντα
1662 2668 1756 2721 ἐπὶ
1787 2669 2079 2739 εὐεργεσίᾳ

489 2751 555 2821 τῇ
586 2749 789 2812 αὐτῶν,
819 2751 947 2814 τοὺς
981 2750 1232 2821 μαθητάς
1256 2749 1421 2803 αὐτοῦ
1455 2748 1780 2819 ἐμάστιξαν,
1813 2749 1907 2800 καὶ
1937 2746 2080 2817 μετὰ

487 2833 663 2888 ταῦτα
680 2835 760 2896 εἰς
777 2834 878 2904 τὴν
900 2833 1070 2905 αὐτὴν
1089 2835 1286 2897 αὐτοὺς
1311 2833 1434 2902 ἄγει
1456 2836 1569 2896 τοῖς
1597 2832 1864 2904 μαθηταῖς
1887 2831 2076 2901 τιμὴν,

487 2915 690 2984 ὁμοίως
712 2917 896 2980 αὐτοῖς
923 2916 1236 2986 μεταδιδοὺς
1262 2915 1370 2968 τῶν
1405 2914 1594 2968 αὐτοῦ.
1627 2915 1882 2984 Μιμηταὶ
1909 2913 2080 2982 γενώ-

493 2999 654 3070 μεθα,
686 2999 1006 3070 παρακαλῶ,
1043 2999 1136 3052 τοῦ
1191 2999 1448 3069 Χριστοῦ·
1481 2997 1625 3052 κατὰ
1653 2998 1812 3050 τοῦτο
1839 2997 1954 3050 ἐστι
1986 3016 2079 3066 μι-

495 3081 775 3152 μήσασθαι
830 3081 1014 3136 αὐτόν·
1070 3081 1230 3134 τοῦτο
1267 3081 1379 3134 ἴσον
1445 3083 1591 3133 ποιεῖ
1641 3080 1717 3150 τῷ
1748 3079 1888 3149 Θεῷ,
1922 3079 2080 3133 τοῦτο

494 3166 681 3237 μεῖζον
714 3165 916 3237 ἢκατὰ
942 3165 1228 3237 ἄνθρωπόν
1259 3167 1428 3218 ἐστιν.
1469 3164 1757 3235 Ἐχὼμεθα
1791 3167 1887 3234 τῆς
1921 3166 2076 3234 ἐλεη-

495 3250 752 3321 μοσύνης·
791 3250 928 3319 αῦτη
986 3249 1334 3317 παιδαγωγὸς
1368 3249 1464 3300 καλ⁵
1511 3249 1834 3312 διδάσκαλος
1862 3249 2078 3319 ἐκείνης

489 3333 590 3404 τῆς
611 3334 930 3400 φιλοσοφίας
963 3335 1131 3387 ἐστίν.
1175 3334 1231 3386 ’0
1273 3331 1462 3403 μαθὼν
1519 3333 1691 3387 ἐλεεῖν
1720 3334 1812 3386 τὸν
1851 3335 1909 3386 ἐν
1941 3351 2079 3403 συμ-

493 3419 654 3488 φορᾷ.
684 3419 992 3488 μαθήσεται
1015 3419 1108 3471 καὶ
1133 3418 1206 3489 μὴ
1233 3420 1613 3488 μνησικακεῖν·
1636 3420 1664 3470 6
1687 3417 1872 3488 μαθὼν
1892 3416 2074 3482 τοῦτο,

491 3503 586 3555 καὶ
612 3502 840 3573 ἐχθροὺς
878 3503 1190 3572 εὐεργετεῖν
1241 3503 1548 3574 δυνήσεται.
1601 3503 1879 3572 Μάθωμεν
1909 3520 2078 3556 κατα-

491 3585 725 3639 κλᾶσθαι
758 3589 869 3650 τοῖς
897 3587 1007 3640 τῶν
1057 3587 1286 3657 πλησίον
1319 3589 1528 3650 κακοῖς,
1582 3587 1678 3640 καὶ
1715 3587 2077 3658 μαθησόμεθα

489 3669 586 3722 καί⁸
640 3670 706 3724 τά
739 3671 886 3724 κακὰ
916 3671 1094 3726 αὐτῶν
1139 3672 1349 3742 φέρειν.
1377 3672 1550 3725 Αὐτὸν
1577 3674 1945 3743 ἐρωτήσωμεν
1983 3672 2076 3727 τὸν

489 3754 678 3817 κακῶς
702 3755 848 3824 ἡμᾶς
882 3755 1212 3818 διατιθέντα,
1238 3759 1285 3808 εί
1309 3755 1383 3826 μὴ
1411 3756 1822 3823 καταγινώσκει
1854 3756 2072 3823 ἑαυτοῦ,

489 3835 647 3907 εἰμὴ
693 3837 864 3890 ἐθέλοι
897 3837 1226 3907 φιλοσοφεῖν,
1271 3841 1319 3891 εί
1367 3840 1440 3910 μὴ
1482 3839 1654 3909 θυμοῦ
1701 3839 1763 3892 τὸ
1793 3841 1900 3892 πᾶν
1937 3836 2074 3894 εἷναί

489 3935 676 3987 φησιν,
704 3921 752 3972 εί
793 3920 868 3990 μὴ
892 3921 1280 3991 μικροψυχίας,
1307 3923 1354 3974 εἰ
1385 3921 1459 3992 μή
1494 3922 1892 3992 ταλαιπωρίας,
1919 3925 1968 3974 εἰ
1999 3924 2072 3992 μὴ

492 4000 736 4071 βούλοιτο
766 4003 875 4056 τῶν
906 4003 1279 4074 ὑϐριζομένων
1309 3999 1448 4057 εἶναι
1489 4005 1581 4058 καὶ
1615 4003 1912 4072 σιγώντων,
1938 4006 2073 4060 ἀλλὰ

495 4085 572 4158 μὴ
601 4085 708 4140 τῶν
731 4086 1062 4157 ὑϐριζόντων
1093 4087 1185 4140 καὶ
1215 4089 1578 4158 μαινομένων,
1610 4090 1659 4142 εἰ
1690 4089 1765 4160 μὴ
1789 4090 2074 4160 θαυμάσας

490 4169 678 4224 ἄπεισι
699 4170 791 4225 τὸν
821 4171 1082 4229 παθόντα.
1111 4173 1201 4243 Μὴ
1233 4172 1296 4244 δὴ
1329 4173 1576 4244 νομίσῃς,
1615 4175 1696 4227 6::
1723 4175 1878 4228 τοῦτο
1909 4179 2072 4230 εὐκα-

485 4254 858 4326 ταφρονήτους
907 4257 1069 4308 ποιεῖ.
1121 4254 1285 4308 Οὐδὲν
1329 4253 1501 4318 οὑτως
1562 4257 2074 4329 εὐκαταφρονήτους

489 4339 650 4396 ποιεῖ,
684 4337 759 4400 ὡς
788 4337 847 4389 :6
883 4336 1150 4405 ὑϐρίζειν·
1195 4339 1349 4392 οὐδὲν
1401 4340 1572 4404 οὕτως
1612 4343 1947 4414 αἰδεσίμους,
1997 4345 2074 4409 ὡς

487 4418 547 4471 :6
583 4418 971 4489 ὑϐριζομένους
1004 4420 1210 4490 φέρειν.
1257 4422 1316 4474 '0
1350 4423 1448 4490 μὲν
1474 4425 1582 4493 γάρ
1609 4425 1756 4478 ἐστιν
1787 4427 2070 4497 ὑϐριστὴς,

486 4501 596 4552 όδέ
647 4502 959 4571 φιλόσοφος’
1005 4503 1100 4554 καί¹
1128 4505 1156 4555 ὁ
1201 4503 1300 4572 μὲν
1348 4504 1638 4576 ἀνθρώπου
1682 4508 1911 4578 χείρων,
1962 4509 2072 4562 ὀδέ

489 4583 740 4652 ἀγγέλων
769 4585 792 4635 ῖ
793 4602 902 4648 σος.
929 4585 1046 4637 Κᾶν
1064 4602 1122 4637 τε
1142 4586 1250 4656 γὰρ
1275 4586 1510 4641 ἐλάττων
1534 4584 1601 4658 ἦν
1621 4589 1713 4642 τοῦ
1737 4591 2070 4660 ὑϐρίζοντος,

488 4666 585 4718 καὶ
612 4666 806 4730 οὕτως,
845 4668 894 4720 εἰ
930 4667 1192 4736 βούλοιτο,
1219 4667 1438 4733 δυνατὸς
1471 4669 1715 4742 ὑπῆρχεν
1738 4673 2068 4742 ἀμύνασθαι.

492 4750 704 4812 Ἀλλως
763 4750 819 4804 δὲ
880 4752 972 4804 καὶ
1018 4751 1250 4806 ἐλεεῖται
1282 4753 1381 4822 μὲν
1439 4755 1589 4825 παρὰ
1621 4755 1839 4809 πάντων
1893 4751 2068 4820 οὗτος,

487 4833 693 4896 ἐκεῖνος
708 4833 766 4886 δέ
796 4836 1055 4904 μισεῖται.
1079 4833 1144 4887 Τί
1166 4830 1288 4901 οῦν;
1315 4836 1414 4888 οὐκ
1439 4836 1686 4890 ἐντεῦθεν
1710 4837 1819 4909 ἄρα
1840 4850 1861 4876 ο
1891 4835 2071 4909 πολλῷ

491 4913 716 4983 βελτίων
759 4913 912 4969 ἔσται
960 4909 1152 4984 οῦτοςς
1203 4916 1291 4986 Τῷ
1341 4917 1441 4987 μὲν
1475 4919 1581 4990 γὰρ
1623 4919 1698 4983 ὡς
1736 4926 2068 4992 μαινομένῳ,

488 4996 664 5067 τούτῳ
687 4997 742 5050 δέ
766 4996 841 5060 ὡς
865 4998 990 5050 νοῦν
1027 4999 1203 5069 ἔχοντι
1233 5000 1587 5070 προσέξουσιν
1614 5003 1870 5068 ἅπαντες.
1899 5005 2069 5060 Ὅταν

487 5077 584 5134 οῦν
609 5081 990 5150 κακηγορῆσαί
1017 5100 1139 5136 τινα
1161 5084 1265 5136 ὑπό
1284 5101 1428 5144 τινος
1450 5086 1755 5160 ἀναγκάζῃ,
1787 5089 1909 5144 είπὲ
1933 5091 2067 5160 πρὸς

489 5165 674 5218 αὐτόν·
721 5163 795 5215 Οὐ
819 5163 1054 5235 δύναμαι
1089 5166 1248 5219 αὐτὸν
1275 5168 1447 5219 εἰπεῖν
1479 5169 1682 5242 κακῶς·
1715 5171 1926 5227 δέδοικα
1961 5175 2070 5245 γὰρ

493 5249 568 5320 μή
597 5263 714 5310 πως
735 5247 835 5329 οὐκ
863 5243 930 5317 ἦν
964 5248 1220 5313 τοιοῦτος.
1251 5251 1502 5305 Μάλιστα
1529 5254 1627 5322 μὲν
1662 5256 1719 5306 ἐν
1755 5255 1963 5329 διανοίᾳ
1995 5243 2069 5328 μή

491 5334 674 5404 εἴπῃς·
732 5327 867 5385 ἀλλὰ
925 5333 1060 5402 μηδέ
1101 5334 1236 5404 πρὸς
1295 5335 1474 5390 ἄλλον.
1523 5336 1613 5407 Μὴ
1663 5339 1895 5412 ἐντύχῃς
1928 5327 2070 5396 κατὰ

493 5415 678 5468 τούτου
707 5416 786 5484 τῷ
839 5414 976 5484 θεῷ·
1025 5414 1092 5470 ἂν
1130 5417 1242 5488 ἴδῃς
1276 5418 1461 5482 κακῶς
1507 5418 1793 5485 ἀκούοντα,
1843 5426 2067 5494 ἄμυνον·

492 5498 634 5563 εἰπὲ,
667 5497 760 5550 τοῦ
796 5499 1000 5562 πάθους
1032 5501 1148 5552 ἐστὶ
1197 5501 1263 5552 τὰ
1319 5504 1562 5572 ῥήματα,
1618 5505 1678 5557 οὐ
1722 5507 1815 5558 τοῦ
1857 5509 2067 5581 ἀνδρός·

493 5581 632 5646 εἰπὲ,
674 5581 772 5651 τῆς
803 5581 993 5652 ὀργῆς,
1041 5584 1100 5635 οὐ
1133 5583 1225 5635 τοῦ
1258 5585 1430 5652 φίλου·
1459 5585 1557 5652 τῆς
1606 5589 1823 5657 μανίας,
1859 5592 1918 5642 οὐ
1973 5594 2071 5662 τῆς

491 5662 687 5733 ψυχῆς.
725 5665 910 5718 Ταῦτα
940 5665 1281 5736 λογιζώμεθα
1327 5669 1411 5736 ἐφ’
1435 5669 1653 5741 ἑκάστῳ
1682 5671 1788 5725 τῶν
1823 5675 2072 5748 ἁμαρτη-

550 5866 570 5891 ⁸
593 5869 764 5919 Morel.
780 5881 842 5938 _et.
871 5887 994 5921 unus
1013 5875 1117 5923 cod.
1147 5878 1226 5924 καί
1250 5879 1479 5938 ἐξέϐαλεν,
1499 5882 1644 5930 male.
1713 5884 1740 5921 δ
1766 5881 1817 5930 In
1845 5897 1942 5932 uno
1965 5884 2071 5936 cod.

492 5931 673 6006 ᾁῡςυηι
694 5933 837 6007 ξριςζικ
860 5939 1107 6007 ἀγαθὸνέ...
1126 5931 1435 6007 παρέχωμεν,
1458 5931 1513 5991 ét
1533 5944 1654 5993 intra
1666 5943 1812 5993 habet
1835 5931 2074 6006 ἐμπλῆσαί

492 5996 621 6044 ἐστιν
707 5998 729 6026 °
762 5996 1006 6058 Hec,'0:‘n:
1022 5996 1231 6048 ἐντεῦθεν
1251 5996 1361 6063 ἆρα,
1384 5996 1566 6053 desunt
1589 6007 1641 6054 in
1668 6020 1764 6056 uno
1787 5996 1895 6056 cod.

1163 381 1222 439 S.
1255 377 1540 437 JOANNIS
1573 375 2063 434 CHRYSOSTOMI
2100 376 2419 440 ARCHIEP.
2453 379 2997 440 CONSTANTINOP.

3655 387 3832 442 118-

2182 492 2388 562 μάτων.
2412 495 2504 565 Μὴ
2529 499 2849 568 περιμείνῃς
2868 499 3178 573 ἀναφθῆναι
3204 499 3269 553 :6
3305 497 3439 571 πῦρ,
3480 497 3620 554 ἀλλὰ
3649 502 3794 569 πρὸ

2177 575 2368 629 τούτου
2395 578 2658 650 κάτασχε·
2693 582 2767 652 μὴ
2789 580 3000 652 παροξύ
3019 601 3097 654 ⁹ῃς
3125 583 3188 637 :6
3216 583 3424 652 θηρίον,
3462 583 3597 636 ἀλλὰ
3627 585 3797 655 μηδὲ

2178 658 2580 731 παροξυνθῆναι
2635 666 3014 736 συγχωρήσῃς·
3053 667 3153 719 οὑκ
3211 665 3291 719 ἔτι
3331 665 3442 736 γὰρ
3488 667 3679 737 κύριος
3726 660 3795 718 εἷ

2176 749 2488 815 κατασχεῖν,
2512 747 2578 800 ἂν
2605 749 2638 818 ή
2663 747 2794 816 φλόξ
2829 749 3068 819 ἀναφθῇ.
3101 748 3166 802 Τί
3195 749 3304 818 γὰρ
3330 745 3484 800 εἶπεν
3509 766 3524 811 ;
3563 750 3792 817 ἀνόητε

2174 825 2268 877 καὶ
2299 828 2485 898 μωρέ;
2523 829 2618 892 Τίς
2650 826 2744 883 οῦν
2773 831 3074 894 ὑπεύθυνος
3098 829 3176 900 τῷ
3209 819 3436 902 ῥήματι,
3470 831 3498 882 6
3521 831 3789 892 ἁκούων,

2173 906 2206 976 ἢ
2239 908 2485 976 όλέγων;
2537 912 2596 965 '0
2628 913 2726 982 μὲν
2756 913 2864 984 γὰρ
2896 913 2997 967 κᾶν
3045 914 3252 984 σφόδρα
3296 910 3534 986 σοφὸςῇ,
3571 913 3791 983 μωροῦ

2174 989 2330 1056 δόξαν
2355 992 2565 1048 ἐλαϐεν·
2603 998 2630 1048 6
2660 996 2716 1049 δὲ
2741 997 2844 1050 κᾶν
2874 997 3104 1067 ἀνόητος
3128 995 3185 1070 ᾖ,
3223 995 3388 1064 σοφοῦ
3420 997 3514 1050 καὶ
3540 997 3790 1064 φιλοσό-

2176 1090 2300 1139 φου.
2344 1075 2440 1138 Τίς
2462 1077 2709 1147 ἀνόητος,
2733 1081 2853 1133 εἰπέ
2896 1097 3006 1150 μοι,
3037 1082 3065 1134 6
3104 1079 3275 1148 ἐτέρῳ
3303 1079 3600 1152 προφέρων
3627 1077 3655 1117 ά
3700 1079 3790 1131 τὰ

2175 1158 2274 1210 οὐκ
2301 1157 2446 1224 ὄντα,
2478 1162 2510 1230 ἢ
2547 1165 2574 1215 6
2606 1162 2742 1232 μηδὲ
2785 1163 2929 1216 οὑτω
2978 1163 3254 1232 κινηθείς;
3292 1165 3354 1216 Εἰ
3393 1164 3502 1234 γάρ
3530 1163 3592 1216 :6
3629 1164 3790 1234 μηδὲ

2176 1241 2466 1310 κινηθέντα
2492 1246 2786 1311 κινεῖσθαι,
2845 1246 3183 1314 φιλοσοφίας·
3219 1246 3281 1298 τὸ
3311 1246 3446 1316 μηδὲ
3481 1245 3787 1310 κινοῦντος

2177 1324 2526 1392 πλήττεσθαι,
2552 1328 2726 1398 πόσης
2745 1329 2964 1393 ἁνοίαςί
3001 1329 3168 1382 Οὔπω
3187 1330 3332 1397 λέγω
3361 1332 3514 1393 ποῖος
3538 1329 3788 1382 ἀπόκει-

2175 1422 2264 1459 ται
2293 1405 2441 1480 [11η
2465 1411 2735 1482 τιμωρίας
2754 1412 2919 1476 τόπος
2946 1415 3058 1476 τοῖς
3088 1413 3159 1466 τὰ
3179 1412 3405 1466 τοιαῦτα
3443 1412 3781 1476 ὀνειδίζουσι

2177 1490 2273 1543 καὶ
2305 1489 2688 1563 βλασφημοῦσι
2718 1495 2808 1546 τὸν
2841 1494 3068 1564 πλησίον
3125 1505 3170 1548 ο.
3239 1495 3398 1548 Ἀλλὰ
3432 1495 3522 1562 τί;
3567 1497 3779 1564 ἄτιμον

2177 1573 2272 1626 καὶ
2300 1574 2356 1640 ἐξ
2409 1575 2644 1646 ἀτίμων,
2685 1579 2780 1630 καὶ
2833 1577 3031 1648 εὐτελῆ
3071 1579 3166 1632 καὶ
3219 1578 3279 1643 ἐξ
3308 1577 3539 1632 εὐτελῶν
3571 1575 3771 1643 dum;

2177 1656 2347 1709 Πάλιν
2376 1659 2458 1717 εἰς
2487 1659 2680 1712 ἐαυτὸν
2706 1659 2766 1712 :6
2797 1659 2998 1724 ὄνειδος
3026 1661 3402 1733 περιέτρεψεν.
3445 1660 3504 1714 ’0
3529 1661 3634 1731 μὲν
3660 1661 3776 1731 γὰρ

2176 1739 2358 1810 τίμιος
2384 1743 2633 1809 φανεῖται
2656 1744 2752 1796 καὶ
2772 1742 3074 1812 αἰδέσιμος,
3105 1746 3134 1797 6
3161 1744 3219 1797 δὲ
3241 1743 3465 1813 εὐτελὴς
3491 1743 3688 1804 δντως·
3715 1745 3784 1795 τὸ

2177 1823 2285 1892 γὰρ
2312 1822 2382 1875 τὰ
2409 1823 2635 1878 τοιαῦτα
2659 1828 2739 1890 εἰς
2764 1825 2918 1890 τάξιν
2947 1826 3185 1890 ὀνείδους
3225 1827 3546 1897 προφέρειν,
3570 1826 3782 1894 γένους

2177 1904 2452 1960 εὐτέλειαν
2485 1906 2648 1976 λέγω,
2681 1911 2885 1980 μικρᾶς
2910 1909 3080 1972 ὅντως
3107 1909 3306 1979 ψυχῆς·
3331 1911 3360 1962 6
3390 1909 3448 1962 δὲ
3472 1909 3651 1980 μέγας
3676 1910 3782 1962 καὶ

2179 1987 2493 2059 θαυμαστὸς
2525 1991 2699 2055 ἔσται,
2732 1993 2828 2047 ἆτε
2861 1994 3012 2048 οὐδὲν
3044 1994 3347 2064 ἡγούμενος
3397 1993 3459 2045 :6
3494 1993 3774 2056 τοιοῦτον,

2179 2069 2437 2126 ἀλλὀῦτω
2461 2073 2822 2144 διακείμενος,
2844 2075 2920 2138 ὡς
2937 2075 3002 2129 ἂν
3025 2078 3074 2130 εἰ
3103 2077 3321 2148 ήκουεν,
3341 2077 3422 2128 6::
3444 2075 3556 2146 ἐχοι
3580 2093 3637 2128 τι
3660 2076 3782 2129 τῶν

2177 2153 2353 2208 ἄλλων
2376 2156 2650 2228 διαφέρον.
2688 2159 2849 2212 Ἀλλά
2881 2161 3066 2230 μοιχὸν
3091 2162 3183 2214 καὶ
3205 2161 3272 2212 τὰ
3295 2159 3430 2214 ἄλλα
3455 2160 3603 2229 ἐρεῖς
3653 2160 3782 2211 Ἐν-

2175 2235 2349 2291 ταῦθα
2379 2241 2472 2292 καὶ
2499 2239 2664 2311 γελᾷν
2693 2244 2819 2312 χρή·
2867 2243 2995 2296 ὅταν
3019 2242 3128 2315 γὰρ
3159 2243 3219 2296 τὸ
3250 2242 3489 2304 συνειδὸς
3525 2243 3602 2312 μὴ
3636 2241 3779 2310 βάλ-

2177 2321 2356 2391 ληται,
2386 2324 2506 2377 οὐδέ
2529 2325 2720 2398 καιρὸν
2749 2326 2814 2379 ἂν
2845 2327 2958 2396 ἔχοι
2989 2329 3017 2378 6
3051 2327 3245 2397 θυμός.
3291 2326 3687 2396 Ἐννοήσαντας
3713 2326 3778 2378 δὲ

2177 2405 2273 2458 καὶ
2293 2407 2414 2460 τίνα
2437 2408 2622 2476 ἐξάγει
2655 2410 2734 2472 εἰς
2755 2409 2918 2479 μέσον
2938 2410 3150 2480 πονηρὰ
3197 2410 3293 2463 καὶ
3322 2411 3493 2478 μιαρά
3515 2410 3580 2477 ρή
3589 2426 3774 2478 ματα,

2175 2491 2296 2544 οὐδὲ
2342 2493 2513 2558 οὕτως
2571 2495 2756 2563 ἀλγεῖν
2811 2496 2939 2564 χρή.
2991 2495 3172 2564 Ὅπερ
3235 2493 3343 2563 γὰρ
3389 2492 3576 2562 ἔμελλε
3618 2493 3774 2561 μετὰ

2174 2574 2350 2629 ταῦτα
2383 2577 2611 2642 ἕκαστος
2665 2577 3028 2648 μαθήσεσθαι,
3063 2578 3223 2631 τοῦτο
3250 2577 3350 2648 ήδη
3404 2575 3769 2644 ἐξεκάλυψεν·

2177 2659 2368 2714 ἐαυτὸν
2419 2661 2604 2716 λοιπὸν
2626 2663 2866 2716 ἄπιστον
2905 2665 3039 2716 πᾶσι
3095 2663 3454 2730 κατέστησεν,
3511 2661 3608 2715 ἆτε
3664 2662 3776 2714 οὐκ

2176 2743 2354 2798 εἰδότα
2377 2745 2782 2813 συγκαλύπτειν
2813 2747 2884 2800 τὰ
2913 2746 3007 2799 τοῦ
3057 2745 3283 2816 πλησίον
3311 2745 3481 2808 κακὰ,
3513 2745 3609 2797 καὶ
3633 2745 3774 2797 ἐαυ-

2175 2829 2266 2880 τὸν
2329 2829 2529 2898 μᾶλλον
2566 2829 2800 2900 ᾔσχυνεν
2852 2829 2885 2900 ἢ
2937 2831 3146 2904 ἕτερον,
3199 2829 3296 2882 καὶ
3342 2828 3520 2882 πάντα
3568 2827 3772 2897 λιμένα

2179 2913 2518 2982 προσέχωσε,
2549 2915 2648 2976 τὰς
2671 2914 2903 2978 εὐθύνας
2922 2915 3180 2984 ἐποίησεν
3208 2912 3388 2982 ἐαυτῷ
3407 2912 3649 2982 φοϐερὰς
3670 2909 3767 2964 τοῦ

2181 2995 2463 3065 μέλλοντος
2484 2999 2790 3067 κριτηρίου.
2813 2999 2889 3050 Οὐ
2905 3000 3013 3068 γὰρ
3027 2998 3172 3052 οὑτω
3217 2998 3428 3062 τοῦτον,
3459 2997 3533 3058 ὡς
3556 2999 3765 3049 ἐκεῖνον

2176 3081 2693 3153 άποστραφήσονται
2727 3084 2949 3147 πάντες,
2967 3084 3109 3157 ἆπερ
3137 3084 3444 3153 ἐκκαλύψαι
3471 3085 3572 3136 οὐκ
3596 3085 3771 3153 ἐχρῆν

2177 3166 2632 3236 ἀπαμφιάσαντα.
2667 3169 2740 3222 Σὺ
2760 3169 2817 3221 δὲ
2843 3170 3010 3240 μηδὲν
3035 3171 3196 3240 εἴπῃς
3226 3163 3301 3222 ὧν
3335 3167 3603 3231 σύνοιδας,
3629 3169 3773 3222 ἀλλὰ

2180 3250 2424 3321 σίγησον,
2447 3253 2498 3303 εἰ
2527 3251 2709 3321 βούλει
2737 3251 2836 3323 τὴν
2859 3251 3118 3324 λαμπρὰν
3141 3253 3299 3316 δόξαν
3323 3253 3530 3306 λαϐεῖν.
3557 3253 3631 3304 Οὐ
3658 3253 3770 3322 γὰρ

2180 3334 2340 3403 μόνον
2373 3335 2698 3406 ἀνατρέψεις
2725 3337 2792 3388 τὰ
2823 3335 3104 3406 λεχθέντα,
3155 3337 3276 3389 οὐδὲ
3311 3336 3596 3405 καλύψεις,
3626 3337 3773 3388 ἀλλὰ

2176 3417 2271 3470 καὶ
2297 3418 2484 3488 ἕτερον
2516 3420 2726 3490 ἐργάσῃ
2765 3419 2948 3471 καλόν·
2987 3419 3171 3472 οὐκέτι
3208 3419 3453 3489 ποιήσεις
3487 3419 3598 3490 γὰρ
3623 3420 3769 3472 κατὰ

2178 3501 2375 3553 σαυτοῦ
2405 3501 2502 3572 τὴν
2533 3502 2716 3572 ψῆφον
2744 3503 3050 3574 ἐνεχθῆναι.
3087 3503 3146 3556 '0
3177 3503 3326 3556 δεῖνά
3378 3520 3438 3554 σε
3469 3503 3661 3566 κακῶς
3688 3505 3766 3555 λέ-

2173 3601 2299 3652 γει;
2337 3585 2471 3639 Εἰπὲ
2505 3585 2594 3638 σύ·
2626 3587 2690 3638 Εἰ
2745 3586 2924 3639 πάντα
2957 3584 3093 3656 ᾔδει,
3129 3586 3230 3638 οὐκ
3262 3585 3327 3637 ἂν
3366 3585 3606 3638 τοσαῦτα
3641 3583 3770 3638 εἷπε

2177 3670 2331 3741 μόνα.
2369 3669 2750 3740 Ἐθαυμάσατε
2775 3671 2868 3723 καὶ
2893 3668 3231 3739 ἐξεπλάγητε
3256 3669 3316 3723 τὸ
3341 3669 3562 3739 λεχθέν;
3604 3670 3771 3722 Ἀλλά

2177 3751 2463 3823 μιμεῖσθαι
2489 3755 2614 3824 χρή.
2645 3753 2744 3807 Διά
2770 3753 2881 3824 γὰρ
2912 3751 3070 3804 τοῦτο
3103 3754 3280 3806 πάντα
3305 3754 3433 3822 ὑμῖν
3463 3751 3531 3804 τὰ
3561 3751 3769 3818 ἔξωθεν

2173 3838 2438 3908 εἰρημένα
2457 3837 2708 3905 λέγομεν,
2733 3839 2830 3907 οὐχ
2849 3837 2924 3900 ὡς
2945 3837 3046 3889 οὐκ
3069 3837 3309 3904 ἐχουσῶν
3335 3837 3504 3907 μυρία
3532 3838 3770 3890 τοιαῦτα

2172 3921 2280 3972 τῶν
2310 3920 2561 3990 Γραφῶν,
2614 3921 2729 3973 ἀλλ’
2765 3921 2841 3983 ὡς
2898 3919 3098 3990 μᾶλλον
3150 3921 3405 3991 ἐντρέψαι
3443 3921 3766 3989 δυναμένων

2171 4003 2396 4056 τούτων·
2435 4005 2556 4056 ἐπεὶ
2575 4004 2724 4074 καὶὴ
2757 4003 2947 4074 Γραφὴ
2969 4001 3077 4056 οῐδε
3108 4005 3242 4074 πρὸς
3261 4004 3528 4075 ἐντροπὴν
3551 4004 3758 4070 λέγειν,

2171 4087 2246 4150 ὡς
2269 4089 2397 4141 ὅταν
2418 4087 2570 4158 λέγῃ·
2621 4089 2766 4156 Οὐχὶ
2796 4089 2893 4140 καὶ
2935 4090 2989 4141 οἱ
3039 4087 3261 4142 ἐθνικοὶ
3288 4087 3352 4141 τὸ
3377 4089 3524 4141 αὐτὸ
3554 4089 3764 4142 ποιοῦ-

2172 4188 2312 4235 cur;
2343 4172 2401 4225 '0
2424 4171 2481 4224 δέ
2510 4173 2796 4241 προφήτης
2825 4170 3091 4241 Ἱερεμίας
3120 4173 3248 4234 τοὺς
3273 4171 3366 4224 τοῦ
3383 4170 3585 4241 Ῥηχὰϐ
3607 4174 3759 4235 υίοὺς

2173 4256 2496 4325 παρήγαγεν
2520 4257 2600 4315 εἰς
2627 4255 2790 4324 μέσον
2829 4254 2924 4324 τὴν
2955 4254 3230 4324 πατρικὴν
3251 4255 3470 4323 ἐντολὴν
3498 4257 3750 4325 παραϐῆι

2171 4357 2259 4393 ναι
2293 4340 2366 4410 μὴ
2393 4339 2882 4409 καταδεξαμένους.
2913 4335 3081 4391 Εἶπον
3103 4339 3291 4403 κακῶς
3314 4341 3361 4392 οί
3390 4342 3519 4409 περὶ
3536 4340 3759 4408 Μαρίαν

2169 4422 2262 4476 τὸν
2293 4421 2516 4482 Μωσέα,
2548 4423 2640 4476 καὶ
2673 4423 2771 4492 τῆς
2799 4423 3072 4485 κολάσεως
3101 4423 3298 4484 αὐτοὺς
3326 4421 3530 4485 εὐθέως
3554 4421 3760 4493 ἐξῄτη-

2174 4521 2254 4568 σε,
2289 4506 2382 4557 καὶ
2412 4505 2532 4558 οὐδὲ
2554 4506 2676 4558 ὅσον
2702 4506 2894 4574 μαθεῖν
2922 4523 3098 4568 τινας,
3137 4506 3216 4558 6::
3245 4504 3487 4567 ἐκδικίας
3519 4502 3537 4542 ί
3565 4505 3755 4575 ἔτυχε,

2174 4587 2567 4658 συνεχώρησεν.
2621 4587 2759 4640 Ἀλλ’
2795 4589 2894 4658 οὐχ
2957 4591 3118 4658 ἡμεῖς
3170 4588 3364 4653 οὑτως·
3406 4587 3543 4642 ἀλλὰ
3595 4589 3758 4642 τοῦτο

2175 4671 2408 4739 μάλιστα
2435 4670 2739 4740 βουλόμεθα
2759 4671 2966 4732 πάντας
2995 4671 3209 4741 μαθεῖν,
3229 4673 3310 4724 ὅτι
3339 4672 3438 4724 οὐκ
3469 4673 3759 4742 ἀτιμωρη-

2169 4755 2224 4806 τὶ
2253 4753 2552 4825 παρῆλθον.
2585 4755 2762 4824 Μέχρι
2795 4756 2940 4818 τίνος
2963 4756 3072 4809 άπὸ
3102 4759 3205 4826 γῆς
3238 4757 3505 4826 πνέομενς
3536 4755 3652 4808 Οὐκ
3677 4756 3758 4808 ἔνι

2174 4842 2353 4912 μάχην
2391 4841 2451 4906 ἐξ
2488 4842 2604 4906 ἐνὸς
2659 4843 2920 4913 συστῆναι
2961 4845 3180 4916 μέρους.
3223 4845 3362 4908 Τοὺς
3397 4846 3757 4916 μαινομένους

2170 4926 2238 4980 ἂν
2265 4926 2325 4990 ἐξ
2350 4927 2626 4997 ἑκατέρων
2656 4926 2765 4979 τῶν
2796 4927 2978 4998 μερῶν
3005 4928 3256 5002 ἐλκύσῃς,
3293 4929 3492 4997 μᾶλλον
3525 4929 3760 4998 παροξυ-

2171 5011 2302 5072 νεϊς·
2331 5010 2396 5063 ἂν
2441 5009 2500 5062 δέ
2533 5013 2598 5062 ἐκ
2646 5009 2892 5081 δεξιᾶ.ξῆ
2934 5011 2992 5077 ἐξ
3034 5014 3351 5082 ἀριστερᾶς,
3402 5012 3632 5075 ἔσϐεσας
3662 5013 3755 5067 τὸν

2172 5093 2363 5165 θυμόν.
2406 5094 2464 5146 ’0
2491 5092 2742 5163 πλήττων
2791 5094 2858 5146 ἂν
2900 5095 2997 5164 μὲν
3057 5095 3155 5167 ἔχῃ
3193 5095 3282 5147 τὸν
3331 5095 3404 5166 μὴ
3439 5094 3753 5164 δεχόμενον.

2175 5177 2375 5247 μᾶλλον
2394 5177 2705 5246 ἐπαίρεται·
2754 5176 2822 5230 ἂν
2847 5177 2905 5229 δὲ
2929 5176 3169 5243 εἴκοντα,
3221 5178 3420 5248 μᾶλλον
3471 5178 3749 5240 ἐκλύεται,

2171 5262 2266 5313 καί
2290 5263 2371 5324 εἰς
2395 5261 2556 5314 αὐτὸν
2588 5262 2619 5330 ή
2659 5261 2841 5331 πληγὴ
2871 5262 3284 5331 περιτρέπεται.
3313 5263 3388 5315 Οὐ
3420 5262 3527 5328 γάρ
3571 5262 3751 5322 οὓτως

2171 5341 2352 5398 ἐκλύει
2377 5343 2474 5414 τὴν
2501 5343 2728 5414 δύναμιν
2755 5343 2849 5396 τοῦ
2873 5344 3273 5411 άνταγωνιστοῦ
3305 5345 3399 5398 ἄνθ
3413 5361 3595 5417 ρωπος
3608 5361 3749 5411 παγ-

2172 5426 2486 5496 κρατιάζειν
2514 5425 2690 5490 εἰδὼς,
2721 5427 2796 5488 ὡς
2821 5427 3103 5497 ἄνθρωπος
3135 5428 3484 5498 ὑϐριζόμενος
3541 5430 3636 5480 καὶ
3673 5425 3748 5496 μὴ

2172 5509 2534 5581 ἀνθυϐρίζων.
2567 5511 2885 5580 Αἰσχυνθελς
2919 5510 3028 5580 γὰρ
3072 5514 3274 5574 ἐκεῖνος
3327 5512 3511 5564 λοιπὸν
3560 5513 3748 5563 ἄπεισι

2173 5597 2265 5648 καὶ
2319 5595 2745 5664 καταγνωσθεὶς,
2801 5595 3014 5664 πρῶτον
3055 5597 3151 5666 μὲν
3183 5597 3247 5647 ἐκ
3280 5596 3372 5648 τοῦ
3425 5596 3746 5657 συνειδότος,

2171 5679 2422 5750 δεύτερον
2444 5680 2501 5732 δὲ
2531 5681 2681 5750 παρὰ
2707 5679 2816 5732 τῶν
2845 5679 3096 5749 ὁρώντων
3125 5681 3399 5733 ἁπάντων.
3426 5679 3535 5733 Καὶ
3554 5694 3745 5749 παροι-

2239 5940 2265 5980 δ
2293 5942 2428 6008 υᾲιιιιε
2452 5943 2559 6008 9051:
2587 5944 2894 6008 προσφέρωνἈ
2953 5947 2977 6008 ’ἲ
3002 5942 3346 6008 Βλασφημοῦσι
3369 5945 3493 5995 κατδι
3519 5944 3601 5992 τὸν
3634 5942 3742 6004 πλιί

2179 6006 2251 6052 sic
2278 6006 2380 6052 alii.
2454 6003 2472 6039 ί
2512 6003 2664 6053 Morél
2693 6003 2818 6052 male
2842 6005 3044 6060 ἀδικίας.
