3946 6474
68 548 94 592 \

96 618 129 663 is.

206 397 278 456 ll'l

231 543 487 602 metuebat
505 548 870 612 multitudo.
893 555 999 611 Res
1020 556 1298 624 mirabilis,
1330 559 1416 614 ubi
1445 561 1656 615 occisus
1683 561 1856 616 fuerat

249 639 492 704 ChristuS.
521 642 642 700 illic
685 650 984 705 crescebat
1031 651 1375 720 prmdicatio:
1407 669 1508 708 nec
1556 654 1716 710 modo
1745 669 1852 709 non

249 737 587 794 scandalizati
614 749 754 796 sunt
780 743 998 812 quidam
1023 760 1085 799 ex
1115 744 1410 814 discipulis,
1445 747 1684 801 videntes
1713 762 1842 814 apo-

254 831 411 886 smlos
438 830 732 902 ﬂagellari,
765 835 907 888 alios
935 835 1144 901 minari,
1175 837 1306 891 alios
1329 837 1587 908 Spiritum
1610 848 1848 903 tentare,

250 925 376 980 alios
414 941 802 993 murmurare;
834 928 928 984 sed
958 937 1015 985 et
1044 930 1276 985 maxime
1299 933 1595 1000 augebatur
1631 930 1856 985 creden-

258 1021 377 1072 tium
401 1033 674 1072 numerus
699 1037 712 1071 :
738 1021 818 1074 sic
841 1020 908 1074 ab
929 1021 1150 1076 Ananizc
1171 1037 1299 1076 casu
1327 1022 1394 1075 ad
1424 1023 1703 1076 meliorem
1744 1021 1855 1076 fru-

263 1128 367 1180 gent
405 1112 837 1177 reducebantur,
869 1122 924 1168 et
974 1113 1147 1184 major
1196 1115 1299 1168 illis
1351 1115 1510 1168 timor
1553 1124 1686 1168 erat.
1719 1112 1854 1168 Vide

267 1206 377 1259 mihi
411 1220 608 1275 porro,
652 1208 924 1277 quomodo
961 1209 1197 1264 creverit
1225 1208 1532 1263 multitudo.
1570 1209 1699 1263 Post
1733 1218 1852 1263 ten-

261 1300 484 1354 tationes
510 1300 706 1365 crevit,
733 1315 836 1353 non
865 1309 1009 1354 ante.
1033 1299 1356 1356 Consideres
1383 1316 1532 1364 vero,
1565 1310 1762 1370 quanta
1785 1301 1854 1354 sit

255 1397 344 1450 Dei
369 1396 704 1463 benignitas.
732 1395 813 1450 Ex
836 1395 941 1451 illis
961 1396 1103 1450 enim
1136 1395 1466 1464 principibus
1487 1395 1850 1456 sacerdotum,

246 1490 340 1558 qui
373 1489 447 1542 ad
477 1488 682 1542 eadem
719 1488 903 1542 turbas
931 1488 1314 1554 concitabant,
1363 1487 1453 1558 qui
1483 1487 1606 1540 talia
1652 1488 1853 1539 clama-

248 1579 392 1634 bant
447 1589 507 1633 et
550 1577 830 1643 dicebant,
887 1580 1028 1632 Alios
1075 1579 1243 1633 salvos
1290 1580 1447 1650 fecit,
1480 1578 1703 1648 scipsum
1754 1592 1854 1629 non

254 1681 438 1741 potest
465 1671 650 1724 salvum
675 1672 843 1741 facere
866 1671 1081 1741 (Matth.
1112 1671 1204 1724 27.
1237 1670 1364 1740 42);
1405 1684 1472 1724 ex
1503 1669 1628 1732 illis,
1661 1668 1852 1739 inquit,

268 1763 438 1818 Multi
467 1763 744 1816 obediebant
772 1764 910 1830 ﬁdei.

346 1855 399 1909 4.
423 1851 617 1908 Caritas
633 1869 750 1923 ergo
786 1854 1018 1909 ἱηὶηιίυυε
1049 1862 1098 1906 et
1128 1852 1473 1908 misericordia
1495 1851 1858 1906 commendan-

271 1945 616 2013 tun—Ejus
665 1945 844 2015 itaque
895 1954 948 1998 et
1001 1960 1100 1998 nos
1152 1945 1451 1999 imitatores
1496 1945 1684 1999 simus.
1730 1942 1856 1996 lllos

268 2039 526 2107 suscepit,
553 2053 655 2092 nec
674 2038 883 2108 repulit.
910 2036 998 2093 Sic
1018 2038 1266 2103 inimicis,
1287 2039 1374 2108 qui
1397 2039 1552 2092 nobis
1578 2040 1855 2092 innumera

262 2133 492 2187 intulere
519 2133 682 2198 mala,
710 2132 968 2188 beneficia
1000 2134 1377 2203 rependamns.
1411 2134 1464 2188 Si
1494 2133 1620 2202 quid
1652 2134 1850 2187 bonum

261 2222 549 2289 habemus,
583 2223 686 2277 illis
713 2223 1028 2288 tribuamus,
1056 2240 1124 2278 ne
1144 2223 1530 2278 benefaciendo
1570 2232 1856 2292 praeterea-

271 2333 387 2370 mus
433 2316 580 2370 illos.
621 2316 676 2370 Si
724 2319 864 2370 enim
900 2317 1034 2368 mala
1086 2315 1340 2385 patiendo
1389 2316 1613 2385 implere
1644 2322 1858 2384 Oportet

264 2409 477 2463 illorum
494 2407 756 2474 furorem,
779 2411 944 2462 multo
960 2409 1126 2479 magis
1141 2408 1524 2463 benefaciendo
1548 2425 1560 2460 :
1586 2407 1690 2462 hoc
1712 2408 1856 2462 enim

264 2504 442 2554 minus
472 2512 558 2554 est
585 2501 698 2555 illo.
741 2501 855 2555 Non
878 2495 1018 2555 enim
1049 2516 1144 2571 par
1168 2516 1254 2556 res
1279 2512 1382 2564 est,
1408 2499 1725 2555 benefacere
1754 2499 1858 2553 ini-

262 2610 429 2660 m.co,
462 2605 519 2649 et
546 2593 750 2664 majora
776 2594 914 2648 velle
955 2594 1088 2662 pati;
1122 2593 1188 2647 ab
1221 2593 1321 2658 hoc
1349 2593 1415 2647 ad
1443 2594 1530 2666 illa
1558 2593 1853 2647 veniemus.

265 2686 392 2739 llasc
423 2685 654 2756 dignitas
684 2697 764 2741 est
793 2686 1177 2756 discipulorum
1209 2685 1426 2740 Christi.
1472 2684 1862 2739 Crucitixerant

267 2777 442 2839 illum,
469 2780 558 2846 qui
585 2777 650 2830 ad
672 2778 1112 2832 benefaciendum
1138 2779 1243 2831 illis
1271 2787 1524 2842 venerat;
1567 2775 1860 2845 discipulos

267 2871 416 2923 illius
441 2869 870 2940 flagellaverant;
903 2881 957 2924 et
996 2881 1178 2941 postea
1211 2872 1334 2925 illos
1371 2870 1438 2924 ad
1468 2870 1718 2924 emndem
1756 2885 1862 2940 quo

266 2963 563 3030 discipulos
590 2965 846 3018 honorem
877 2963 1406 3034 ducit,similiterque
1449 2978 1545 3018 sua
1575 2963 1680 3018 illis
1715 2978 1858 3018 com-

267 3056 579 3110 municavit.
613 3054 933 3121 lmitatores,
965 3071 1165 3126 qumso,
1197 3056 1394 3111 Christi
1441 3059 1644 3112 simus:
1680 3058 1732 3111 in
1761 3056 1863 3112 hoc

273 3157 486 3216 oportet
514 3148 662 3202 illum
700 3148 896 3202 imitari
921 3165 935 3212 ;
971 3148 1071 3202 hoc
1093 3149 1233 3202 enim
1260 3151 1518 3217 mqualcm
1547 3150 1656 3203 Deo
1696 3149 1820 3203 facit
1845 3166 1859 3214 ;

273 3243 379 3295 hoc
424 3243 700 3311 plusquam
740 3242 1031 3295 humanum
1080 3251 1182 3296 est.
1227 3240 1602 3314 Eleemosynaa
1641 3259 1861 3310 operam

269 3335 504 3390 deuius:
536 3333 650 3388 ιιωο
680 3334 1000 3404 pmdagogus
1025 3343 1078 3388 et
1099 3334 1288 3388 doctor
1314 3344 1396 3389 est
1443 3335 1584 3388 illius
1628 3335 1863 3404 philoso-

273 3428 433 3496 phiae.
463 3428 562 3494 Qui
589 3427 775 3482 didicit
799 3429 1038 3482 misereri
1071 3427 1204 3497 ejus,
1230 3429 1320 3497 qui
1353 3429 1403 3482 in
1428 3428 1730 3483 calamitate
1759 3440 1860 3495 est,

271 3522 446 3576 discet
471 3523 634 3576 etiam
681 3522 994 3590 injuriarum
1025 3523 1267 3578 oblivisci
1309 3541 1320 3574 :
1357 3523 1446 3594 qui
1493 3523 1595 3579 hoc
1641 3524 1862 3589 didicit,

277 3617 504 3672 inimicis
545 3617 706 3672 etiam
736 3617 1058 3673 benefacere
1100 3620 1314 3688 poterit.
1369 3618 1646 3673 Discamus
1679 3621 1862 3689 proxi-

278 3727 481 3764 monim
504 3711 659 3766 malis
682 3712 847 3782 frangi
875 3753 890 3780 ,
914 3722 969 3766 et
993 3712 1262 3767 discemus
1289 3713 1502 3766 illorum
1533 3714 1694 3767 etiam
1726 3715 1864 3767 mala

269 3803 436 3859 ferre.
463 3805 617 3858 Illum
645 3805 1054 3874 interrogemus,
1086 3805 1178 3875 qui
1203 3806 1340 3859 male
1362 3820 1484 3876 erga
1527 3819 1624 3858 nos
1645 3805 1867 3860 atiectus

267 3908 570 3958 est,annon
598 3895 921 3951 condemnet
951 3897 1184 3966 scipsum
1208 3937 1223 3962 ,
1257 3913 1435 3952 annon
1468 3897 1597 3951 velit
1628 3898 1865 3966 philoso-

273 3986 448 4056 phari,
475 4002 656 4040 annon
687 3996 852 4042 totum
887 3989 1014 4041 oriri
1056 3988 1202 4042 dicat
1230 3989 1296 4043 ab
1319 3989 1395 4043 ira
1425 3997 1480 4043 et
1517 3990 1788 4044 simultate
1814 3998 1869 4045 et

272 4079 522 4143 miseria;
551 4095 676 4131 num
707 4079 834 4132 velit
859 4095 926 4133 ex
961 4095 1183 4133 numero
1209 4080 1417 4134 illorum
1441 4095 1580 4143 esse,
1617 4082 1716 4151 qui
1739 4096 1866 4136 con-

273 4173 552 4226 tumeliam
586 4170 766 4225 ferunt
796 4184 852 4226 et
886 4172 1079 4236 silent,
1115 4187 1221 4225 non
1253 4184 1432 4226 autem
1463 4173 1677 4227 illorum
1703 4215 1718 4241 ,
1772 4175 1865 4243 qui

267 4265 652 4319 contumeliam
685 4264 884 4319 faciunt
917 4276 968 4320 et
1005 4266 1220 4331 furum;
1257 4281 1434 4321 annon
1461 4281 1581 4322 eum
1613 4268 1702 4337 qui
1737 4268 1868 4338 pati-

271 4369 358 4412 tur
387 4357 711 4412 admiretur.
739 4357 816 4412 Ne
843 4367 997 4427 putes
1030 4359 1131 4412 hoc
1159 4359 1593 4428 contemptibiles
1619 4359 1866 4415 reddere.

267 4451 411 4504 Nihil
460 4451 531 4504 ita
579 4451 1010 4521 contemptibiles
1053 4453 1228 4506 reddit
1273 4463 1332 4506 ut
1362 4453 1739 4510 contumeliam
1785 4453 1868 4507 in-

268 4544 446 4608 ferre;
504 4544 635 4598 nihil
683 4549 753 4598 ita
803 4546 1172 4611 venerabiles,
1208 4554 1265 4601 ut
1291 4545 1673 4601 contumeliam
1703 4547 1867 4602 ferre.

265 4637 364 4693 llle
405 4653 643 4707 namque
691 4647 774 4692 est
823 4638 1265 4703 contumeliosus,
1317 4637 1406 4694 hic
1465 4637 1865 4709 philosophus:

268 4730 363 4784 ille
430 4727 586 4799 pejor
651 4727 902 4796 homine,
970 4729 1056 4784 hic
1106 4729 1306 4802 angelis
1364 4746 1478 4800 par.
1524 4729 1676 4785 Licet
1722 4731 1866 4785 enim

273 4821 451 4873 tuinor
502 4827 648 4873 esset
713 4820 1140 4881 contumelioso;
1208 4828 1484 4886 attamen,
1552 4820 1598 4876 si
1667 4821 1867 4887 vellet,

279 4922 460 4978 posset
494 4927 618 4967 eum
658 4912 860 4967 ulcisci.
893 4913 1145 4982 Alioquin
1174 4928 1300 4968 vero
1337 4913 1422 4967 hic
1446 4913 1868 4968 misericordiam

285 5003 524 5059 omnium
542 5006 640 5061 sibi
666 5007 915 5073 attrahet,
953 5008 1042 5064 ille
1065 5023 1194 5062 vero
1221 5023 1420 5062 exosus
1442 5007 1562 5062 erit.
1592 5007 1727 5076 Quid
1766 5008 1868 5079 igi-

281 5095 422 5148 tur?
455 5109 615 5151 nonne
658 5099 781 5154 inde
825 5099 911 5155 hic
959 5100 1125 5154 multo
1157 5101 1494 5169 praestantior
1532 5098 1674 5154 erit?
1713 5100 1867 5153 Illum

275 5199 523 5258 namque
548 5197 601 5242 ut
634 5190 896 5246 furentem
925 5235 939 5258 ,
967 5191 1109 5246 hunc
1136 5203 1190 5244 ιιι
1237 5191 1552 5260 prudentem
1599 5191 1870 5245 habebunt

269 5296 494 5336 omnes.
525 5280 648 5337 Cum
677 5301 810 5357 ergo
835 5294 888 5340 te
909 5287 1052 5355 cogit
1080 5284 1366 5355 quispiam,
1402 5294 1457 5338 ut
1487 5285 1719 5354 aliquem
1760 5285 1866 5340 eri-

262 5377 518 5442 mineris,
545 5379 630 5433 dic
660 5379 733 5433 illi
761 5397 774 5432 :
807 5379 922 5434 Non
955 5395 1168 5450 possum
1195 5379 1292 5448 ipsi
1325 5378 1681 5443 maledicere;
1708 5380 1870 5434 timeo

265 5470 416 5523 enim
443 5486 512 5525 ne
558 5471 698 5528 forte
724 5488 828 5526 non
860 5473 931 5528 sit
957 5473 1095 5526 talis.
1125 5470 1268 5526 Cave
1293 5480 1472 5526 autem
1503 5471 1734 5525 maxime
1754 5511 1770 5536 ,
1805 5487 1871 5526 ne

264 5560 320 5614 in
373 5570 554 5616 mente
620 5562 863 5626 dixeris,
921 5578 1054 5617 neve
1124 5563 1277 5616 alteri
1334 5566 1412 5616 sic
1473 5561 1727 5632 loquaris.
1792 5563 1870 5618 Ne

265 5653 506 5720 preceris
545 5653 711 5709 Deum
762 5664 947 5708 contra
990 5655 1137 5707 illum
1175 5673 1185 5706 :
1220 5655 1262 5707 si
1302 5655 1500 5708 videris
1540 5655 1686 5709 illum
1731 5655 1870 5710 male

264 5746 479 5811 audire,
509 5747 770 5802 defende:
797 5747 904 5809 dic,
933 5746 1241 5811 Iracundize,
1263 5763 1368 5802 non
1388 5748 1509 5812 viri,
1533 5747 1689 5801 verba
1711 5759 1866 5814 sunt;

264 5837 385 5903 iraa,
411 5855 518 5894 non
538 5841 734 5905 amici;
771 5838 967 5894 furoris
990 5880 1006 5905 ,
1040 5854 1144 5894 non
1173 5840 1383 5895 animae.
1417 5842 1542 5895 llaac
1579 5842 1719 5894 circa
1759 5841 1869 5894 sin-

262 5931 394 6000 gula
417 5945 629 6003 peccata
655 5933 975 6006 cogitemus.
997 5931 1075 5989 Ne
1098 5942 1377 6004 exspectes
1401 5933 1574 5991 donec
1607 5934 1744 6005 ignis
1769 5948 1866 5990 ac-

1266 424 1332 480 ιλΝ
1369 425 1550 482 ACTA
1592 423 2111 486 APOSTOLORUM.
2154 429 2384 488 llOMlL.
2426 431 2566 489 XIV.

3446 449 3548 507 “8

1959 545 2238 612 condatur,
2267 547 2361 602 sed
2387 557 2514 603 ante
2541 550 2838 620 comprime
2869 570 2884 607 :
2927 570 2995 610 ne
3037 556 3206 612 feram
3235 564 3541 621 exacerbes.

1962 641 2414 696 necexacerbari
2461 642 2648 696 sinas:
2701 661 2806 700 non
2862 649 3062 717 poteris
3108 667 3454 722 compescere
3502 660 3547 713 si

1960 728 2172 786 ﬂamma
2217 733 2560 788 accendatur.
2591 735 2728 803 Quid
2758 739 2903 793 enim
2925 740 3093 800 dixit?
3135 743 3305 803 Stulte
3337 756 3392 800 et
3423 748 3553 801 insi-

1960 821 2153 889 piens?
2208 822 2342 879 Uter
2396 826 2561 880 verbo
2611 827 2875 884 obnoxius
2927 842 3046 898 est,
3103 837 3189 904 qui
3246 837 3432 903 audit,
3480 854 3549 894 an

1961 915 2049 984 qui
2078 913 2246 971 dicit?
2275 917 2373 972 Hic
2401 935 2650 988 namque,
2677 923 2794 977 etsi
2829 925 2982 980 valde
3003 928 3217 996 sapiens
3245 931 3332 993 sit,
3358 931 3553 987 stultus

1961 1009 2326 1078 reputabitur;
2377 1012 2467 1066 ille
2519 1028 2680 1078 vero,
2726 1018 2834 1070 etsi
2877 1019 3166 1074 admodum
3219 1023 3414 1076 stultus
3445 1025 3548 1088 sit,

1961 1101 2175 1169 sapiens
2204 1112 2258 1156 et
2287 1104 2634 1173 philoSOphus
2667 1106 2970 1162 habebitur.
2993 1111 3145 1176 Uter,
3180 1127 3383 1182 quaeso,
3416 1115 3553 1168 stul-

1965 1199 2049 1246 tus
2073 1233 2088 1257 ,
2120 1192 2208 1261 qui
2238 1193 2391 1248 alteri
2421 1194 2622 1262 profert
2649 1212 2711 1251 ea
2738 1213 2856 1267 quae
2895 1215 3000 1252 non
3049 1211 3174 1255 sunt
3197 1243 3214 1268 ,
3261 1217 3328 1256 an
3373 1205 3417 1258 is
3461 1206 3552 1275 qui

1961 1297 2136 1352 neque
2163 1283 2241 1338 sic
2267 1287 2555 1341 movetur?
2585 1287 2716 1341 Nam
2748 1289 2793 1343 si
2823 1289 3126 1360 philosOphi
3175 1303 3290 1357 est,
3337 1297 3548 1350 etiamsi

1962 1377 2222 1446 inciteris,
2254 1395 2361 1434 non
2391 1382 2632 1447 moveri;
2681 1384 2895 1438 nemine
2933 1396 3182 1442 movente
3208 1391 3548 1459 exasperari,

1961 1480 2174 1538 quanta:
2201 1470 2518 1538 insipientia:
2546 1472 2743 1528 fuerit?
2769 1474 3013 1530 Nondum
3045 1476 3196 1545 dico,
3229 1497 3349 1549 qua:
3395 1498 3551 1552 pugna

1961 1562 2193 1630 reposita
2259 1563 2330 1616 sit
2377 1563 2477 1631 iis,
2531 1565 2621 1635 qui
2677 1566 2729 1620 in
2787 1569 3088 1635 proximum
3145 1574 3435 1641 opprobria
3499 1583 3555 1628 et

1964 1653 2273 1724 blasphema
2299 1657 2440 1712 dicta
2461 1658 2761 1728 proferunt.
2782 1661 2888 1716 Sed
2916 1663 3080 1732 quid?
3100 1664 3460 1735 ignobilemne
3487 1685 3552 1723 ex

1868 1803 1870 1805 ν
1963 1744 2284 1815 ignobilibus
2307 1747 2460 1814 dixit,
2482 1758 2540 1804 et
2559 1751 2720 1806 vilem
2747 1768 2810 1806 ex
2836 1754 3027 1808 vilibus
3049 1758 3264 1811 ortum?
3287 1758 3482 1814 lterum
3503 1762 3555 1816 in
3621 1805 3626 1810 .

1963 1839 2195 1906 seipsum
2227 1841 2390 1895 vertit
2417 1845 2785 1912 opprobrium.
2818 1846 2950 1902 Nam
2998 1850 3088 1905 ille
3125 1852 3342 1922 quidem
3388 1856 3556 1910 hono-

1963 1930 2146 1985 rabilis
2169 1946 2234 1986 ac
2255 1935 2586 1990 reverendus
2617 1939 2916 2006 apparebit,
2941 1939 3026 1994 hic
3047 1958 3176 1998 vero
3217 1944 3342 1999 vilis
3370 1963 3384 1996 :
3434 1947 3558 2002 talia

1962 2023 2107 2078 enim
2137 2025 2190 2078 in
2222 2028 2570 2094 opprobrium
2600 2029 2866 2099 proferre,
2894 2035 3110 2102 generis
3157 2053 3349 2107 nempe
3377 2039 3554 2093 vilita-

1967 2123 2094 2177 tem,
2121 2116 2296 2185 pusilli
2325 2127 2408 2172 est
2445 2120 2632 2177 animi.
2673 2120 2768 2176 Ille
2796 2139 2927 2177 vero
2958 2141 3180 2195 magnus
3217 2137 3271 2182 et
3301 2131 3560 2185 mirabilis

1963 2218 2080 2274 est,
2113 2208 2204 2277 qui
2229 2208 2360 2263 nihil
2391 2212 2497 2266 tale
2536 2213 2770 2279 sentiat,
2820 2217 2914 2277 sed
2948 2219 3016 2271 ita
3047 2218 3270 2275 allectus
3301 2221 3374 2274 sit
3407 2238 3470 2276 ac
3514 2226 3557 2278 si

1964 2301 2276 2371 audivisset,
2301 2317 2360 2356 se
2387 2305 2587 2374 aliquid
2615 2307 2894 2362 excellens
2917 2325 3027 2379 pra:
3057 2310 3178 2366 aliis
3211 2312 3428 2368 habere.
3453 2315 3559 2369 Sed

1965 2392 2235 2448 moechum
2258 2403 2313 2448 et
2341 2396 2536 2450 similia
2557 2397 2744 2452 dicet?
2773 2400 2866 2454 llic
2893 2401 3170 2456 ridendum
3199 2413 3316 2458 est:
3348 2407 3563 2476 quando

1966 2484 2107 2538 enim
2137 2487 2465 2541 conscientia
2497 2505 2603 2542 non
2642 2492 2860 2559 pnngit,
2911 2494 3090 2547 tmllns
3118 2505 3202 2548 est
3245 2497 3338 2551 irae
3389 2498 3558 2554 locus.

1967 2574 2022 2630 Si
2050 2577 2253 2647 cogites
2282 2595 2410 2634 vero
2429 2621 2444 2642 ,
2475 2597 2632 2650 quam
2664 2582 2802 2638 fteda
2833 2593 2888 2638 et
2918 2585 3058 2639 mala
3088 2588 3250 2642 verba
3282 2588 3559 2660 proferat,

1967 2682 2141 2737 neque
2171 2670 2250 2724 sic
2290 2681 2374 2725 est
2422 2671 2740 2727 dolendum.
2772 2674 2903 2728 Nam
2955 2677 3100 2746 quod
3136 2680 3330 2749 cuique
3380 2694 3560 2750 postea

1969 2773 2154 2815 notum
2183 2761 2419 2818 futurum
2442 2774 2579 2831 erat,
2603 2766 2704 2821 hoc
2725 2767 2838 2835 jam
2868 2767 2983 2836 ipse
3006 2771 3299 2824 revelavit:
3334 2773 3564 2844 indeque

1968 2855 2219 2911 omnibus
2239 2871 2298 2912 se
2315 2857 2420 2912 ﬁde
2441 2858 2716 2928 indignum
2734 2862 3031 2929 constituit,
3051 2872 3239 2933 utpote
3255 2865 3344 2934 qui
3366 2866 3565 2922 nescie-

1969 2947 2038 3000 rit
2068 2949 2296 3016 proximi
2341 2959 2562 3019 peccata
2607 2962 2824 3023 tegere;
2858 2969 3022 3025 seque
3050 2956 3219 3027 magis
3248 2957 3452 3028 pudore
3479 2959 3562 3015 af-

1969 3037 2096 3092 fecit
2119 3081 2134 3107 ,
2162 3055 2320 3109 quam
2371 3043 2573 3110 alium;
2605 3059 2820 3100 omnem
2847 3047 3113 3102 obstruxit
3161 3062 3406 3120 portum,
3446 3070 3561 3121 pm-

1972 3146 2174 3202 nasque
2197 3133 2296 3188 sibi
2322 3149 2512 3206 graves
2534 3138 2586 3190 in
2614 3137 2793 3193 futuro
2813 3139 3016 3209 judicio
3038 3146 3264 3212 paravit.
3285 3145 3399 3199 Non
3423 3150 3563 3202 enim

1972 3223 2134 3290 ltunc,
2165 3236 2222 3280 ut
2275 3227 2422 3281 illum
2473 3232 2866 3287 aversabuntur
2916 3249 3142 3300 omnes,
3190 3239 3278 3307 qui
3339 3241 3562 3309 tegenda

1971 3319 2312 3374 revelaverit.
2337 3321 2418 3374 Tn
2456 3337 2585 3376 vero
2608 3339 2674 3377 ne
2704 3326 2911 3380 reveles
2934 3343 2996 3380 ea
3020 3368 3034 3392 ,
3064 3345 3291 3398 quorum
3319 3318 3575 3386 conscius

1971 3429 2031 3470 es
2056 3431 2070 3480 ;
2101 3413 2194 3468 sed
2221 3424 2357 3482 tace,
2389 3415 2433 3469 si
2463 3417 2543 3470 vis
2566 3417 2761 3471 bonam
2791 3417 2989 3475 habere
3020 3420 3233 3476 famam.
3261 3422 3378 3477 Non
3406 3425 3568 3480 modo

1972 3511 2115 3565 enim
2147 3509 2460 3576 subvertes,
2495 3519 2550 3565 et
2581 3519 2728 3582 teges
2755 3528 2815 3567 ea
2835 3554 2850 3579 ,
2881 3530 3000 3583 qua:
3030 3515 3170 3570 dicta
3200 3527 3326 3585 sunt
3347 3559 3361 3583 ,
3392 3518 3486 3572 sed
3514 3527 3572 3588 et

1973 3602 2112 3656 aliud
2140 3602 2340 3656 bonum
2388 3603 2700 3672 operaberis
2726 3623 2738 3658 :
2769 3620 2879 3661 non
2918 3607 3029 3674 jam
3058 3605 3220 3662 facies
3248 3619 3435 3663 contra
3485 3620 3567 3665 te-

1974 3694 2148 3764 ipsum
2177 3694 2302 3749 ferri
2325 3695 2667 3750 sententiam.
2690 3697 2809 3753 'l'ibi
2836 3699 3103 3768 quispiam
3133 3702 3444 3758 maledicit?
3477 3705 3571 3761 Dic

1976 3795 2032 3842 tu
2061 3805 2075 3840 :
2104 3787 2159 3842 Si
2187 3788 2366 3842 omnia
2396 3798 2599 3853 nosset,
2625 3806 2732 3844 non
2762 3789 2878 3845 hmc
2905 3792 3078 3847 soltnn
3108 3795 3350 3851 dixisset.
3384 3798 3573 3852 Admi-

1974 3879 2076 3934 rati
2120 3880 2250 3935 estis
2303 3896 2425 3935 cum
2473 3891 2693 3951 stupore
2745 3883 2795 3937 id
2836 3884 2976 3954 quod
3029 3886 3176 3940 dixi?
3221 3887 3326 3943 Sed
3377 3890 3570 3944 imitari

1975 3980 2208 4042 oportet.
2241 3972 2366 4028 Ideo
2398 3973 2541 4028 enim
2571 3974 2688 4030 haec
2716 3978 2916 4041 omnia,
2947 3994 3066 4048 qua:
3105 3979 3174 4033 ab
3219 3983 3418 4037 exteris
3446 3998 3570 4052 pro-

1976 4065 2082 4118 lata
2113 4072 2277 4130 sunt,
2319 4064 2587 4130 diximus,
2639 4082 2749 4121 non
2775 4068 2918 4138 quod
2950 4071 3240 4141 Scriptura:
3290 4075 3605 4130 innumera-

1977 4158 2102 4212 talia
2137 4175 2243 4212 non
2277 4158 2545 4224 habeant;
2575 4161 2667 4214 sed
2696 4161 2838 4230 quod
2871 4161 2988 4216 Ιιίεο
3027 4165 3196 4233 magis
3228 4167 3433 4234 possint
3478 4182 3575 4236 pu-

1976 4249 2106 4304 dore
2134 4249 2464 4306 sutl‘undere.
2495 4250 2627 4306 Nam
2658 4251 2937 4320 Scriptura
2963 4267 3175 4324 quoque
3202 4256 3269 4309 ad
3312 4257 3572 4325 pudorem

1977 4345 2235 4400 inducere
2263 4347 2429 4411 solet,
2479 4355 2537 4400 ut
2564 4361 2684 4400 cum
2715 4347 2844 4401 dicit
2875 4367 2888 4404 :
2940 4347 3130 4402 Nonne
3157 4363 3205 4403 et
3247 4352 3432 4405 ctlmici
3479 4353 3576 4408 hoc

1978 4439 2172 4510 faciunt
2203 4439 2414 4511 (Matth.
2446 4442 2500 4497 5.
2529 4442 2658 4511 47)?
2681 4441 2948 4512 Propheta
2978 4460 3108 4499 vero
3146 4445 3409 4504 Jeremias
3439 4449 3576 4504 ﬁlios

1977 4530 2196 4586 Rechab
2223 4533 2275 4586 in
2298 4534 2531 4587 medium
2555 4532 2776 4587 adduxit
2796 4532 2930 4603 (Jer.
2962 4536 3050 4591 55.
3075 4535 3154 4608 5),
3182 4539 3270 4608 qui
3295 4550 3576 4608 paternum

1979 4633 2306 4694 prreceptum
2361 4625 2664 4696 transgredi
2717 4626 3026 4683 noluerunt.
3090 4629 3368 4687 Maledixit
3411 4634 3576 4690 Maria

1977 4717 2146 4788 Moysi
2173 4715 2359 4789 (Num.
2388 4716 2477 4789 12)
2509 4736 2522 4772 :
2554 4726 2612 4773 at
2639 4718 2730 4772 ille
2751 4719 2932 4774 statim
2961 4735 3177 4789 poenam
3209 4723 3276 4776 ab
3303 4723 3416 4792 ipsa
3450 4741 3575 4794 pre-

1977 4812 2129 4868 cibus
2152 4812 2365 4879 avertit,
2391 4827 2567 4882 neque
2595 4814 2866 4868 concessit
2891 4824 2949 4868 ut
2973 4815 3224 4881 sciretur,
3254 4831 3314 4871 se
3340 4818 3578 4874 vindiea-

1979 4913 2090 4958 tum
2122 4903 2305 4960 fuisse.
2355 4907 2425 4958 At
2453 4919 2549 4959 nos
2581 4920 2685 4960 non
2744 4906 2862 4965 sic:
2911 4906 3006 4962 sed
3053 4907 3154 4962 hoc
3204 4893 3436 4966 maxime
3485 4927 3581 4965 vo-

1979 4995 2202 5062 lumus,
2268 5003 2327 5050 ut
2362 4996 2576 5051 sciatur-
2618 4997 2870 5066 injuriam
2929 5013 3033 5052 non
3095 4997 3318 5054 inultam
3388 5000 3574 5059 fuisse.

1977 5087 2266 5158 Quousque
2291 5087 2360 5142 de
2389 5099 2527 5142 terra
2550 5088 2916 5158 spirabimus?
2943 5089 3061 5144 Non
3095 5099 3271 5160 potest
3295 5106 3471 5162 pugna
3510 5110 3576 5148 ex

1979 5196 2083 5234 una
2133 5182 2309 5234 solum
2357 5190 2506 5249 parte
2553 5191 2821 5235 constare.
2865 5180 3126 5236 Furentes
3173 5183 3219 5237 si
3257 5199 3323 5238 ex
3354 5194 3579 5254 utraque

1978 5283 2130 5344 parte
2180 5274 2359 5326 trahas
2387 5314 2401 5338 ,
2437 5274 2604 5343 magis
2633 5275 3013 5343 exasperatus;
3046 5275 3090 5330 si
3130 5290 3160 5330 a
3187 5276 3407 5332 dextera
3437 5277 3577 5334 vela

1978 5365 2194 5421 sinistra
2215 5407 2229 5429 ,
2265 5365 2500 5421 furorem
2528 5367 2852 5436 exsunguis.
2872 5368 2970 5434 Qui
3002 5384 3107 5424 non
3132 5370 3418 5439 patientem
3451 5385 3576 5424 ver-

1978 5459 2150 5523 berat,
2178 5457 2349 5528 magis
2373 5459 2684 5524 extollitur;
2711 5460 2799 5528 qui
2833 5459 3112 5514 cedentem
3138 5501 3152 5524 ,
3185 5462 3358 5530 magis
3380 5459 3581 5514 dissol-

1977 5551 2141 5616 vitur,
2170 5551 2298 5605 etin
2342 5551 2518 5620 ipsum
2549 5551 2700 5620 plaga
2727 5553 3076 5608 convertitur.
3103 5552 3220 5606 Non
3254 5553 3323 5606 ita
3346 5564 3572 5624 antago-

1981 5646 2135 5700 nistae
2169 5644 2272 5696 vim
2296 5652 2514 5712 superat
2540 5645 2620 5697 vir
2647 5646 2698 5698 in
2731 5645 2876 5700 omni
2909 5658 3096 5713 pugnae
3118 5659 3316 5714 genere
3344 5645 3587 5714 peritus;

1979 5755 2037 5798 ut
2065 5745 2154 5812 qui
2206 5743 2400 5814 injuria
2435 5741 2712 5808 afficitur,
2753 5757 2852 5796 nec
2900 5741 3164 5809 rependit.
3217 5740 3575 5798 Adversarius

1979 5837 2122 5891 enim
2151 5851 2271 5890 cum
2302 5834 2507 5905 pudore
2535 5833 2764 5889 discedit
2789 5833 3139 5903 improbatus,
3192 5835 3366 5904 primo
3387 5849 3417 5889 a
3447 5850 3576 5904 pro-

1976 5931 2093 6002 pria
2117 5927 2467 5998 conscientia,
2514 5925 2755 5984 secundo
2799 5942 2828 5982 a
2858 5929 3250 5999 spectatoribus
3291 5929 3566 5984 omnibus.
