  <div class='ocr_page' id='page_1' title='image "/cluster/home/n/w/nwhite01/storage/ocr_20150623/60:no.9/coo.31924054869601/123.png"; bbox 0 0 3946 6446; ppageno 0'>
   <div class='ocr_carea' id='block_1_1' title="bbox 437 413 540 471">
    <p class='ocr_par' dir='ltr' id='par_1_1' title="bbox 437 413 540 471">
     <span class='ocr_line' id='line_1_1' title="bbox 437 413 540 471; baseline -0.01 0"><span class='ocrx_word' id='word_1_1' title='bbox 437 413 540 471; x_wconf 75' lang='lat' dir='ltr'><strong>H9</strong></span> 
     </span>
    </p>
   </div>
   <div class='ocr_carea' id='block_1_2' title="bbox 436 517 2027 600">
    <p class='ocr_par' dir='ltr' id='par_1_2' title="bbox 436 517 2027 600">
     <span class='ocr_line' id='line_1_2' title="bbox 436 517 2027 600; baseline -0.01 -14"><span class='ocrx_word' id='word_1_2' title='bbox 436 532 638 600; x_wconf 87' lang='lat' dir='ltr'><strong>Estque</strong></span> <span class='ocrx_word' id='word_1_3' title='bbox 658 529 710 584; x_wconf 92' lang='lat' dir='ltr'><strong>in</strong></span> <span class='ocrx_word' id='word_1_4' title='bbox 742 525 1026 598; x_wconf 82' lang='lat' dir='ltr'><strong>proverbio</strong></span> <span class='ocrx_word' id='word_1_5' title='bbox 1047 523 1314 595; x_wconf 83' lang='lat' dir='ltr'><strong>vulgatum</strong></span> <span class='ocrx_word' id='word_1_6' title='bbox 1348 522 1485 591; x_wconf 89' lang='lat' dir='ltr'><strong>:Qui</strong></span> <span class='ocrx_word' id='word_1_7' title='bbox 1511 521 1756 586; x_wconf 79' lang='lat' dir='ltr'><strong>honorat,</strong></span> <span class='ocrx_word' id='word_1_8' title='bbox 1775 532 1833 573; x_wconf 90' lang='lat' dir='ltr'><strong>se</strong></span> <span class='ocrx_word' id='word_1_9' title='bbox 1855 517 2027 587; x_wconf 87' lang='lat' dir='ltr'><strong>ipsum</strong></span> 
     </span>
    </p>
   </div>
   <div class='ocr_carea' id='block_1_3' title="bbox 441 611 1927 688">
    <p class='ocr_par' dir='ltr' id='par_1_3' title="bbox 441 611 1927 688">
     <span class='ocr_line' id='line_1_3' title="bbox 441 611 1927 688; baseline -0.009 -12"><span class='ocrx_word' id='word_1_10' title='bbox 441 623 691 676; x_wconf 76' lang='lat' dir='ltr'><strong>honorat.</strong></span> <span class='ocrx_word' id='word_1_11' title='bbox 719 620 860 688; x_wconf 86' lang='lat' dir='ltr'><strong>Ergo</strong></span> <span class='ocrx_word' id='word_1_12' title='bbox 884 627 938 674; x_wconf 90' lang='lat' dir='ltr'><strong>et</strong></span> <span class='ocrx_word' id='word_1_13' title='bbox 964 616 1389 673; x_wconf 84' lang='lat' dir='ltr'><strong>contumeliosus</strong></span> <span class='ocrx_word' id='word_1_14' title='bbox 1412 613 1514 668; x_wconf 83' lang='lat' dir='ltr'><strong>sibi</strong></span> <span class='ocrx_word' id='word_1_15' title='bbox 1543 612 1644 682; x_wconf 87' lang='lat' dir='ltr'><strong>ipsi</strong></span> <span class='ocrx_word' id='word_1_16' title='bbox 1675 611 1795 665; x_wconf 89' lang='lat' dir='ltr'><strong>talis</strong></span> <span class='ocrx_word' id='word_1_17' title='bbox 1823 618 1927 665; x_wconf 90' lang='lat' dir='ltr'><strong>est.</strong></span> 
     </span>
    </p>
   </div>
   <div class='ocr_carea' id='block_1_4' title="bbox 508 702 2028 778">
    <p class='ocr_par' dir='ltr' id='par_1_4' title="bbox 508 702 2028 778">
     <span class='ocr_line' id='line_1_4' title="bbox 508 702 2028 778; baseline -0.007 -14"><span class='ocrx_word' id='word_1_18' title='bbox 508 710 672 764; x_wconf 84' lang='lat' dir='ltr'><strong>Nemo</strong></span> <span class='ocrx_word' id='word_1_19' title='bbox 690 711 891 764; x_wconf 67' lang='lat' dir='ltr'><strong>(reditur</strong></span> <span class='ocrx_word' id='word_1_20' title='bbox 914 711 1013 764; x_wconf 67' lang='lat' dir='ltr'><strong>nisi</strong></span> <span class='ocrx_word' id='word_1_21' title='bbox 1039 726 1071 762; x_wconf 92' lang='lat' dir='ltr'><strong>a</strong></span> <span class='ocrx_word' id='word_1_22' title='bbox 1096 709 1359 778; x_wconf 79' lang='lat' dir='ltr'><strong>seipso.—-</strong></span> <span class='ocrx_word' id='word_1_23' title='bbox 1380 706 1548 760; x_wconf 85' lang='lat' dir='ltr'><strong>Nemo</strong></span> <span class='ocrx_word' id='word_1_24' title='bbox 1576 719 1674 758; x_wconf 91' lang='lat' dir='ltr'><strong>nos</strong></span> <span class='ocrx_word' id='word_1_25' title='bbox 1706 702 1903 756; x_wconf 67' lang='lat' dir='ltr'><strong>laedere</strong></span> <span class='ocrx_word' id='word_1_26' title='bbox 1929 716 2028 770; x_wconf 89' lang='lat' dir='ltr'><strong>po-</strong></span> 
     </span>
    </p>
   </div>
   <div class='ocr_carea' id='block_1_5' title="bbox 432 796 2028 868">
    <p class='ocr_par' dir='ltr' id='par_1_5' title="bbox 432 796 2028 868">
     <span class='ocr_line' id='line_1_5' title="bbox 432 796 2028 868; baseline -0.004 -14"><span class='ocrx_word' id='word_1_27' title='bbox 432 801 577 866; x_wconf 88' lang='lat' dir='ltr'><strong>terit,</strong></span> <span class='ocrx_word' id='word_1_28' title='bbox 600 801 794 855; x_wconf 84' lang='lat' dir='ltr'><strong>iterum</strong></span> <span class='ocrx_word' id='word_1_29' title='bbox 812 800 953 861; x_wconf 88' lang='lat' dir='ltr'><strong>dico.</strong></span> <span class='ocrx_word' id='word_1_30' title='bbox 975 800 1075 855; x_wconf 86' lang='lat' dir='ltr'><strong>nisi</strong></span> <span class='ocrx_word' id='word_1_31' title='bbox 1095 814 1192 853; x_wconf 90' lang='lat' dir='ltr'><strong>nos</strong></span> <span class='ocrx_word' id='word_1_32' title='bbox 1213 798 1313 868; x_wconf 89' lang='lat' dir='ltr'><strong>ipsi</strong></span> <span class='ocrx_word' id='word_1_33' title='bbox 1334 813 1348 862; x_wconf 90' lang='lat'><strong>;</strong></span> <span class='ocrx_word' id='word_1_34' title='bbox 1372 812 1470 852; x_wconf 90' lang='lat' dir='ltr'><strong>nec</strong></span> <span class='ocrx_word' id='word_1_35' title='bbox 1487 796 1605 866; x_wconf 86' lang='lat' dir='ltr'><strong>quis</strong></span> <span class='ocrx_word' id='word_1_36' title='bbox 1629 810 1714 849; x_wconf 91' lang='lat' dir='ltr'><strong>me</strong></span> <span class='ocrx_word' id='word_1_37' title='bbox 1739 808 2028 864; x_wconf 81' lang='lat' dir='ltr'><strong>pauperem</strong></span> 
     </span>
    </p>
   </div>
   <div class='ocr_carea' id='block_1_6' title="bbox 432 886 2024 963">
    <p class='ocr_par' dir='ltr' id='par_1_6' title="bbox 432 886 2024 963">
     <span class='ocr_line' id='line_1_6' title="bbox 432 886 2024 963; baseline -0.004 -16"><span class='ocrx_word' id='word_1_38' title='bbox 432 894 614 958; x_wconf 94' lang='lat' dir='ltr'><strong>faciet,</strong></span> <span class='ocrx_word' id='word_1_39' title='bbox 647 894 747 948; x_wconf 86' lang='lat' dir='ltr'><strong>nisi</strong></span> <span class='ocrx_word' id='word_1_40' title='bbox 764 893 1012 963; x_wconf 87' lang='lat' dir='ltr'><strong>egoipse.</strong></span> <span class='ocrx_word' id='word_1_41' title='bbox 1038 892 1154 962; x_wconf 86' lang='lat' dir='ltr'><strong>Age</strong></span> <span class='ocrx_word' id='word_1_42' title='bbox 1177 905 1328 961; x_wconf 85' lang='lat' dir='ltr'><strong>ergo,</strong></span> <span class='ocrx_word' id='word_1_43' title='bbox 1360 890 1439 944; x_wconf 88' lang='lat' dir='ltr'><strong>sic</strong></span> <span class='ocrx_word' id='word_1_44' title='bbox 1455 904 1567 944; x_wconf 91' lang='lat' dir='ltr'><strong>rem</strong></span> <span class='ocrx_word' id='word_1_45' title='bbox 1591 886 1987 960; x_wconf 87' lang='lat' dir='ltr'><strong>perpendamus</strong></span> <span class='ocrx_word' id='word_1_46' title='bbox 2011 904 2024 941; x_wconf 91' lang='lat'><strong>:</strong></span> 
     </span>
    </p>
   </div>
   <div class='ocr_carea' id='block_1_7' title="bbox 432 978 2022 1053">
    <p class='ocr_par' dir='ltr' id='par_1_7' title="bbox 432 978 2022 1053">
     <span class='ocr_line' id='line_1_7' title="bbox 432 978 2022 1053; baseline -0.006 -14"><span class='ocrx_word' id='word_1_47' title='bbox 432 985 497 1039; x_wconf 81' lang='lat' dir='ltr'><strong>sit</strong></span> <span class='ocrx_word' id='word_1_48' title='bbox 513 983 643 1038; x_wconf 90' lang='lat' dir='ltr'><strong>mihi</strong></span> <span class='ocrx_word' id='word_1_49' title='bbox 657 985 833 1039; x_wconf 91' lang='lat' dir='ltr'><strong>anima</strong></span> <span class='ocrx_word' id='word_1_50' title='bbox 851 999 1071 1053; x_wconf 89' lang='lat' dir='ltr'><strong>pauper,</strong></span> <span class='ocrx_word' id='word_1_51' title='bbox 1085 991 1137 1037; x_wconf 94' lang='lat' dir='ltr'><strong>et</strong></span> <span class='ocrx_word' id='word_1_52' title='bbox 1156 995 1342 1036; x_wconf 88' lang='lat' dir='ltr'><strong>omnes</strong></span> <span class='ocrx_word' id='word_1_53' title='bbox 1360 978 1488 1034; x_wconf 89' lang='lat' dir='ltr'><strong>mihi</strong></span> <span class='ocrx_word' id='word_1_54' title='bbox 1509 978 1758 1048; x_wconf 88' lang='lat' dir='ltr'><strong>pecunias</strong></span> <span class='ocrx_word' id='word_1_55' title='bbox 1777 984 2022 1047; x_wconf 88' lang='lat' dir='ltr'><strong>erogent;</strong></span> 
     </span>
    </p>
   </div>
   <div class='ocr_carea' id='block_1_8' title="bbox 430 1068 2031 1147">
    <p class='ocr_par' dir='ltr' id='par_1_8' title="bbox 430 1068 2031 1147">
     <span class='ocr_line' id='line_1_8' title="bbox 430 1068 2031 1147; baseline -0.005 -17"><span class='ocrx_word' id='word_1_56' title='bbox 430 1076 559 1147; x_wconf 84' lang='lat' dir='ltr'><strong>quid</strong></span> <span class='ocrx_word' id='word_1_57' title='bbox 581 1076 742 1131; x_wconf 88' lang='lat' dir='ltr'><strong>inde?</strong></span> <span class='ocrx_word' id='word_1_58' title='bbox 760 1077 938 1131; x_wconf 91' lang='lat' dir='ltr'><strong>Donec</strong></span> <span class='ocrx_word' id='word_1_59' title='bbox 956 1076 1046 1129; x_wconf 92' lang='lat' dir='ltr'><strong>illa</strong></span> <span class='ocrx_word' id='word_1_60' title='bbox 1071 1083 1331 1134; x_wconf 86' lang='lat' dir='ltr'><strong>mutetur,</strong></span> <span class='ocrx_word' id='word_1_61' title='bbox 1354 1071 1535 1126; x_wconf 84' lang='lat' dir='ltr'><strong>omnia</strong></span> <span class='ocrx_word' id='word_1_62' title='bbox 1562 1071 1757 1125; x_wconf 77' lang='lat' dir='ltr'><strong>frustra</strong></span> <span class='ocrx_word' id='word_1_63' title='bbox 1782 1078 1925 1124; x_wconf 88' lang='lat' dir='ltr'><strong>sunt.</strong></span> <span class='ocrx_word' id='word_1_64' title='bbox 1950 1068 2031 1125; x_wconf 87' lang='lat' dir='ltr'><strong>Sit</strong></span> 
     </span>
    </p>
   </div>
   <div class='ocr_carea' id='block_1_9' title="bbox 434 1161 2025 1239">
    <p class='ocr_par' dir='ltr' id='par_1_9' title="bbox 434 1161 2025 1239">
     <span class='ocr_line' id='line_1_9' title="bbox 434 1161 2025 1239; baseline -0.005 -16"><span class='ocrx_word' id='word_1_65' title='bbox 434 1170 613 1224; x_wconf 87' lang='lat' dir='ltr'><strong>anima</strong></span> <span class='ocrx_word' id='word_1_66' title='bbox 631 1169 759 1223; x_wconf 90' lang='lat' dir='ltr'><strong>mihi</strong></span> <span class='ocrx_word' id='word_1_67' title='bbox 783 1184 992 1239; x_wconf 83' lang='lat' dir='ltr'><strong>magna,</strong></span> <span class='ocrx_word' id='word_1_68' title='bbox 1015 1176 1069 1222; x_wconf 93' lang='lat' dir='ltr'><strong>ct</strong></span> <span class='ocrx_word' id='word_1_69' title='bbox 1086 1166 1265 1221; x_wconf 88' lang='lat' dir='ltr'><strong>cuncti</strong></span> <span class='ocrx_word' id='word_1_70' title='bbox 1295 1164 1550 1236; x_wconf 83' lang='lat' dir='ltr'><strong>pecunias</strong></span> <span class='ocrx_word' id='word_1_71' title='bbox 1571 1178 1718 1218; x_wconf 88' lang='lat' dir='ltr'><strong>meas</strong></span> <span class='ocrx_word' id='word_1_72' title='bbox 1739 1161 2025 1232; x_wconf 85' lang='lat' dir='ltr'><strong>accipiant;</strong></span> 
     </span>
    </p>
   </div>
   <div class='ocr_carea' id='block_1_10' title="bbox 432 1250 2027 1333">
    <p class='ocr_par' dir='ltr' id='par_1_10' title="bbox 432 1250 2027 1333">
     <span class='ocr_line' id='line_1_10' title="bbox 432 1250 2027 1333; baseline -0.006 -17"><span class='ocrx_word' id='word_1_73' title='bbox 432 1264 559 1333; x_wconf 91' lang='lat' dir='ltr'><strong>quid</strong></span> <span class='ocrx_word' id='word_1_74' title='bbox 593 1262 752 1318; x_wconf 83' lang='lat' dir='ltr'><strong>inde?</strong></span> <span class='ocrx_word' id='word_1_75' title='bbox 783 1264 962 1317; x_wconf 90' lang='lat' dir='ltr'><strong>Donec</strong></span> <span class='ocrx_word' id='word_1_76' title='bbox 988 1262 1132 1315; x_wconf 82' lang='lat' dir='ltr'><strong>illam</strong></span> <span class='ocrx_word' id='word_1_77' title='bbox 1161 1275 1265 1314; x_wconf 93' lang='lat' dir='ltr'><strong>nou</strong></span> <span class='ocrx_word' id='word_1_78' title='bbox 1298 1250 1584 1329; x_wconf 81' lang='lat' dir='ltr'><strong>pauperem</strong></span> <span class='ocrx_word' id='word_1_79' title='bbox 1616 1255 1809 1311; x_wconf 82' lang='lat' dir='ltr'><strong>reddas</strong></span> <span class='ocrx_word' id='word_1_80' title='bbox 1830 1297 1844 1320; x_wconf 92' lang='lat'><strong>,</strong></span> <span class='ocrx_word' id='word_1_81' title='bbox 1896 1254 2027 1307; x_wconf 84' lang='lat' dir='ltr'><strong>nihil</strong></span> 
     </span>
    </p>
   </div>
   <div class='ocr_carea' id='block_1_11' title="bbox 434 1345 2029 1422">
    <p class='ocr_par' dir='ltr' id='par_1_11' title="bbox 434 1345 2029 1422">
     <span class='ocr_line' id='line_1_11' title="bbox 434 1345 2029 1422; baseline -0.007 -13"><span class='ocrx_word' id='word_1_82' title='bbox 434 1353 563 1410; x_wconf 87' lang='lat' dir='ltr'><strong>hinc</strong></span> <span class='ocrx_word' id='word_1_83' title='bbox 583 1353 785 1408; x_wconf 90' lang='lat' dir='ltr'><strong>damni.</strong></span> <span class='ocrx_word' id='word_1_84' title='bbox 815 1353 896 1409; x_wconf 89' lang='lat' dir='ltr'><strong>Sit</strong></span> <span class='ocrx_word' id='word_1_85' title='bbox 917 1352 1045 1407; x_wconf 91' lang='lat' dir='ltr'><strong>mihi</strong></span> <span class='ocrx_word' id='word_1_86' title='bbox 1067 1352 1273 1422; x_wconf 87' lang='lat' dir='ltr'><strong>impura</strong></span> <span class='ocrx_word' id='word_1_87' title='bbox 1305 1351 1410 1404; x_wconf 89' lang='lat' dir='ltr'><strong>vita</strong></span> <span class='ocrx_word' id='word_1_88' title='bbox 1434 1389 1452 1415; x_wconf 92' lang='lat'><strong>,</strong></span> <span class='ocrx_word' id='word_1_89' title='bbox 1477 1358 1532 1403; x_wconf 89' lang='lat' dir='ltr'><strong>et</strong></span> <span class='ocrx_word' id='word_1_90' title='bbox 1550 1362 1739 1403; x_wconf 85' lang='lat' dir='ltr'><strong>omnes</strong></span> <span class='ocrx_word' id='word_1_91' title='bbox 1762 1345 2029 1401; x_wconf 90' lang='lat' dir='ltr'><strong>contraria</strong></span> 
     </span>
    </p>
   </div>
   <div class='ocr_carea' id='block_1_12' title="bbox 435 1439 2030 1515">
    <p class='ocr_par' dir='ltr' id='par_1_12' title="bbox 435 1439 2030 1515">
     <span class='ocr_line' id='line_1_12' title="bbox 435 1439 2030 1515; baseline -0.008 -15"><span class='ocrx_word' id='word_1_92' title='bbox 435 1445 502 1500; x_wconf 91' lang='lat' dir='ltr'><strong>de</strong></span> <span class='ocrx_word' id='word_1_93' title='bbox 523 1461 607 1499; x_wconf 86' lang='lat' dir='ltr'><strong>me</strong></span> <span class='ocrx_word' id='word_1_94' title='bbox 623 1445 822 1511; x_wconf 84' lang='lat' dir='ltr'><strong>dicant;</strong></span> <span class='ocrx_word' id='word_1_95' title='bbox 846 1444 973 1515; x_wconf 87' lang='lat' dir='ltr'><strong>quid</strong></span> <span class='ocrx_word' id='word_1_96' title='bbox 1004 1443 1160 1499; x_wconf 89' lang='lat' dir='ltr'><strong>inde?</strong></span> <span class='ocrx_word' id='word_1_97' title='bbox 1185 1443 1334 1497; x_wconf 88' lang='lat' dir='ltr'><strong>Licet</strong></span> <span class='ocrx_word' id='word_1_98' title='bbox 1354 1441 1557 1505; x_wconf 86' lang='lat' dir='ltr'><strong>dicant,</strong></span> <span class='ocrx_word' id='word_1_99' title='bbox 1581 1449 1635 1493; x_wconf 92' lang='lat' dir='ltr'><strong>at</strong></span> <span class='ocrx_word' id='word_1_100' title='bbox 1654 1454 1757 1493; x_wconf 93' lang='lat' dir='ltr'><strong>non</strong></span> <span class='ocrx_word' id='word_1_101' title='bbox 1783 1439 1834 1492; x_wconf 90' lang='lat' dir='ltr'><strong>in</strong></span> <span class='ocrx_word' id='word_1_102' title='bbox 1853 1445 2030 1495; x_wconf 86' lang='lat' dir='ltr'><strong>mente</strong></span> 
     </span>
    </p>
   </div>
   <div class='ocr_carea' id='block_1_13' title="bbox 432 1533 2032 1605">
    <p class='ocr_par' dir='ltr' id='par_1_13' title="bbox 432 1533 2032 1605">
     <span class='ocr_line' id='line_1_13' title="bbox 432 1533 2032 1605; baseline -0.006 -18"><span class='ocrx_word' id='word_1_103' title='bbox 432 1536 751 1605; x_wconf 82' lang='lat' dir='ltr'><strong>approbant.</strong></span> <span class='ocrx_word' id='word_1_104' title='bbox 773 1537 1001 1590; x_wconf 71' lang='lat' dir='ltr'><strong>liursum</strong></span> <span class='ocrx_word' id='word_1_105' title='bbox 1020 1535 1089 1588; x_wconf 87' lang='lat' dir='ltr'><strong>sit</strong></span> <span class='ocrx_word' id='word_1_106' title='bbox 1107 1533 1237 1587; x_wconf 92' lang='lat' dir='ltr'><strong>mihi</strong></span> <span class='ocrx_word' id='word_1_107' title='bbox 1257 1533 1360 1587; x_wconf 86' lang='lat' dir='ltr'><strong>vita</strong></span> <span class='ocrx_word' id='word_1_108' title='bbox 1373 1547 1528 1602; x_wconf 87' lang='lat' dir='ltr'><strong>pura,</strong></span> <span class='ocrx_word' id='word_1_109' title='bbox 1546 1539 1600 1582; x_wconf 89' lang='lat' dir='ltr'><strong>et</strong></span> <span class='ocrx_word' id='word_1_110' title='bbox 1614 1542 1802 1583; x_wconf 90' lang='lat' dir='ltr'><strong>omnes</strong></span> <span class='ocrx_word' id='word_1_111' title='bbox 1819 1535 2032 1580; x_wconf 85' lang='lat' dir='ltr'><strong>contra-</strong></span> 
     </span>
    </p>
   </div>
   <div class='ocr_carea' id='block_1_14' title="bbox 433 1619 2031 1697">
    <p class='ocr_par' dir='ltr' id='par_1_14' title="bbox 433 1619 2031 1697">
     <span class='ocr_line' id='line_1_14' title="bbox 433 1619 2031 1697; baseline -0.006 -16"><span class='ocrx_word' id='word_1_112' title='bbox 433 1627 723 1691; x_wconf 88' lang='lat' dir='ltr'><strong>riadicant;</strong></span> <span class='ocrx_word' id='word_1_113' title='bbox 748 1639 802 1683; x_wconf 91' lang='lat' dir='ltr'><strong>et</strong></span> <span class='ocrx_word' id='word_1_114' title='bbox 819 1628 943 1697; x_wconf 91' lang='lat' dir='ltr'><strong>quid</strong></span> <span class='ocrx_word' id='word_1_115' title='bbox 968 1626 1091 1681; x_wconf 91' lang='lat' dir='ltr'><strong>inde</strong></span> <span class='ocrx_word' id='word_1_116' title='bbox 1112 1626 1136 1679; x_wconf 87' lang='lat'><strong>?</strong></span> <span class='ocrx_word' id='word_1_117' title='bbox 1154 1626 1285 1680; x_wconf 87' lang='lat' dir='ltr'><strong>Nam</strong></span> <span class='ocrx_word' id='word_1_118' title='bbox 1320 1626 1369 1678; x_wconf 93' lang='lat' dir='ltr'><strong>in</strong></span> <span class='ocrx_word' id='word_1_119' title='bbox 1401 1621 1727 1678; x_wconf 84' lang='lat' dir='ltr'><strong>conscientia</strong></span> <span class='ocrx_word' id='word_1_120' title='bbox 1758 1636 1852 1674; x_wconf 89' lang='lat' dir='ltr'><strong>sua</strong></span> <span class='ocrx_word' id='word_1_121' title='bbox 1872 1619 1922 1673; x_wconf 92' lang='lat' dir='ltr'><strong>id</strong></span> <span class='ocrx_word' id='word_1_122' title='bbox 1944 1621 2031 1673; x_wconf 91' lang='lat' dir='ltr'><strong>da-</strong></span> 
     </span>
    </p>
   </div>
   <div class='ocr_carea' id='block_1_15' title="bbox 433 1712 2028 1788">
    <p class='ocr_par' dir='ltr' id='par_1_15' title="bbox 433 1712 2028 1788">
     <span class='ocr_line' id='line_1_15' title="bbox 433 1712 2028 1788; baseline -0.005 -15"><span class='ocrx_word' id='word_1_123' title='bbox 433 1730 652 1774; x_wconf 87' lang='lat' dir='ltr'><strong>mnant:</strong></span> <span class='ocrx_word' id='word_1_124' title='bbox 678 1735 784 1774; x_wconf 90' lang='lat' dir='ltr'><strong>non</strong></span> <span class='ocrx_word' id='word_1_125' title='bbox 808 1720 950 1773; x_wconf 90' lang='lat' dir='ltr'><strong>enim</strong></span> <span class='ocrx_word' id='word_1_126' title='bbox 981 1718 1220 1788; x_wconf 86' lang='lat' dir='ltr'><strong>persuasi</strong></span> <span class='ocrx_word' id='word_1_127' title='bbox 1243 1717 1444 1771; x_wconf 89' lang='lat' dir='ltr'><strong>dicunt.</strong></span> <span class='ocrx_word' id='word_1_128' title='bbox 1463 1714 1530 1770; x_wconf 90' lang='lat' dir='ltr'><strong>Ut</strong></span> <span class='ocrx_word' id='word_1_129' title='bbox 1547 1717 1689 1770; x_wconf 92' lang='lat' dir='ltr'><strong>enim</strong></span> <span class='ocrx_word' id='word_1_130' title='bbox 1713 1712 1896 1766; x_wconf 89' lang='lat' dir='ltr'><strong>laudes</strong></span> <span class='ocrx_word' id='word_1_131' title='bbox 1921 1727 2028 1765; x_wconf 91' lang='lat' dir='ltr'><strong>non</strong></span> 
     </span>
    </p>
   </div>
   <div class='ocr_carea' id='block_1_16' title="bbox 432 1803 2030 1879">
    <p class='ocr_par' dir='ltr' id='par_1_16' title="bbox 432 1803 2030 1879">
     <span class='ocr_line' id='line_1_16' title="bbox 432 1803 2030 1879; baseline -0.003 -18"><span class='ocrx_word' id='word_1_132' title='bbox 432 1819 644 1879; x_wconf 82' lang='lat' dir='ltr'><strong>oportet</strong></span> <span class='ocrx_word' id='word_1_133' title='bbox 673 1810 977 1875; x_wconf 87' lang='lat' dir='ltr'><strong>admittere,</strong></span> <span class='ocrx_word' id='word_1_134' title='bbox 1007 1810 1085 1864; x_wconf 86' lang='lat' dir='ltr'><strong>sic</strong></span> <span class='ocrx_word' id='word_1_135' title='bbox 1115 1824 1215 1863; x_wconf 88' lang='lat' dir='ltr'><strong>nec</strong></span> <span class='ocrx_word' id='word_1_136' title='bbox 1243 1810 1628 1863; x_wconf 88' lang='lat' dir='ltr'><strong>accusationes.</strong></span> <span class='ocrx_word' id='word_1_137' title='bbox 1662 1804 1728 1858; x_wconf 89' lang='lat' dir='ltr'><strong>Et</strong></span> <span class='ocrx_word' id='word_1_138' title='bbox 1772 1820 1869 1858; x_wconf 92' lang='lat' dir='ltr'><strong>cur</strong></span> <span class='ocrx_word' id='word_1_139' title='bbox 1914 1803 2030 1857; x_wconf 73' lang='lat' dir='ltr'><strong>hmc</strong></span> 
     </span>
    </p>
   </div>
   <div class='ocr_carea' id='block_1_17' title="bbox 435 1897 2030 1971">
    <p class='ocr_par' dir='ltr' id='par_1_17' title="bbox 435 1897 2030 1971">
     <span class='ocr_line' id='line_1_17' title="bbox 435 1897 2030 1971; baseline -0.004 -15"><span class='ocrx_word' id='word_1_140' title='bbox 435 1901 596 1957; x_wconf 81' lang='lat' dir='ltr'><strong>dico?</strong></span> <span class='ocrx_word' id='word_1_141' title='bbox 635 1902 804 1958; x_wconf 90' lang='lat' dir='ltr'><strong>Nemo</strong></span> <span class='ocrx_word' id='word_1_142' title='bbox 846 1904 999 1957; x_wconf 92' lang='lat' dir='ltr'><strong>nobis</strong></span> <span class='ocrx_word' id='word_1_143' title='bbox 1038 1918 1289 1971; x_wconf 85' lang='lat' dir='ltr'><strong>umquam</strong></span> <span class='ocrx_word' id='word_1_144' title='bbox 1323 1899 1561 1954; x_wconf 89' lang='lat' dir='ltr'><strong>insidiari</strong></span> <span class='ocrx_word' id='word_1_145' title='bbox 1593 1897 1823 1968; x_wconf 87' lang='lat' dir='ltr'><strong>poterit,</strong></span> <span class='ocrx_word' id='word_1_146' title='bbox 1859 1911 2030 1966; x_wconf 90' lang='lat' dir='ltr'><strong>neque</strong></span> 
     </span>
    </p>
   </div>
   <div class='ocr_carea' id='block_1_18' title="bbox 435 1986 2028 2055">
    <p class='ocr_par' dir='ltr' id='par_1_18' title="bbox 435 1986 2028 2055">
     <span class='ocr_line' id='line_1_18' title="bbox 435 1986 2028 2055; baseline -0.003 -12"><span class='ocrx_word' id='word_1_147' title='bbox 435 1995 777 2048; x_wconf 83' lang='lat' dir='ltr'><strong>accusatione</strong></span> <span class='ocrx_word' id='word_1_148' title='bbox 816 1991 1239 2055; x_wconf 87' lang='lat' dir='ltr'><strong>circumvenire,</strong></span> <span class='ocrx_word' id='word_1_149' title='bbox 1296 1990 1340 2045; x_wconf 92' lang='lat' dir='ltr'><strong>si</strong></span> <span class='ocrx_word' id='word_1_150' title='bbox 1394 1990 1745 2044; x_wconf 84' lang='lat' dir='ltr'><strong>voluerimus.</strong></span> <span class='ocrx_word' id='word_1_151' title='bbox 1798 1986 1912 2042; x_wconf 85' lang='lat' dir='ltr'><strong>Hoc</strong></span> <span class='ocrx_word' id='word_1_152' title='bbox 1958 1988 2028 2040; x_wconf 90' lang='lat' dir='ltr'><strong>ita</strong></span> 
     </span>
    </p>
   </div>
   <div class='ocr_carea' id='block_1_19' title="bbox 436 2080 2032 2154">
    <p class='ocr_par' dir='ltr' id='par_1_19' title="bbox 436 2080 2032 2154">
     <span class='ocr_line' id='line_1_19' title="bbox 436 2080 2032 2154; baseline -0.002 -18"><span class='ocrx_word' id='word_1_153' title='bbox 436 2083 842 2139; x_wconf 88' lang='lat' dir='ltr'><strong>consideremus</strong></span> <span class='ocrx_word' id='word_1_154' title='bbox 879 2105 891 2140; x_wconf 92' lang='lat'>:</span> <span class='ocrx_word' id='word_1_155' title='bbox 924 2085 1099 2139; x_wconf 81' lang='lat' dir='ltr'><strong>trahat</strong></span> <span class='ocrx_word' id='word_1_156' title='bbox 1126 2100 1224 2139; x_wconf 91' lang='lat' dir='ltr'><strong>nos</strong></span> <span class='ocrx_word' id='word_1_157' title='bbox 1254 2083 1375 2154; x_wconf 88' lang='lat' dir='ltr'><strong>quis</strong></span> <span class='ocrx_word' id='word_1_158' title='bbox 1398 2082 1463 2136; x_wconf 89' lang='lat' dir='ltr'><strong>ad</strong></span> <span class='ocrx_word' id='word_1_159' title='bbox 1492 2082 1669 2136; x_wconf 88' lang='lat' dir='ltr'><strong>forum</strong></span> <span class='ocrx_word' id='word_1_160' title='bbox 1691 2120 1707 2146; x_wconf 87' lang='lat'><strong>,</strong></span> <span class='ocrx_word' id='word_1_161' title='bbox 1738 2080 2032 2135; x_wconf 86' lang='lat' dir='ltr'><strong>calumnie-</strong></span> 
     </span>
    </p>
   </div>
   <div class='ocr_carea' id='block_1_20' title="bbox 436 2170 2030 2243">
    <p class='ocr_par' dir='ltr' id='par_1_20' title="bbox 436 2170 2030 2243">
     <span class='ocr_line' id='line_1_20' title="bbox 436 2170 2030 2243; baseline -0.003 -14"><span class='ocrx_word' id='word_1_162' title='bbox 436 2182 525 2229; x_wconf 91' lang='lat' dir='ltr'><strong>tur</strong></span> <span class='ocrx_word' id='word_1_163' title='bbox 550 2191 565 2240; x_wconf 92' lang='lat'><strong>;</strong></span> <span class='ocrx_word' id='word_1_164' title='bbox 598 2176 642 2229; x_wconf 86' lang='lat' dir='ltr'><strong>si</strong></span> <span class='ocrx_word' id='word_1_165' title='bbox 668 2177 746 2229; x_wconf 85' lang='lat' dir='ltr'><strong>vis</strong></span> <span class='ocrx_word' id='word_1_166' title='bbox 774 2218 789 2242; x_wconf 99' lang='lat'><strong>,</strong></span> <span class='ocrx_word' id='word_1_167' title='bbox 816 2184 870 2230; x_wconf 88' lang='lat' dir='ltr'><strong>et</strong></span> <span class='ocrx_word' id='word_1_168' title='bbox 892 2176 1131 2230; x_wconf 89' lang='lat' dir='ltr'><strong>animum</strong></span> <span class='ocrx_word' id='word_1_169' title='bbox 1160 2175 1350 2230; x_wconf 76' lang='lat' dir='ltr'><strong>efferat</strong></span> <span class='ocrx_word' id='word_1_170' title='bbox 1376 2191 1391 2239; x_wconf 92' lang='lat'><strong>;</strong></span> <span class='ocrx_word' id='word_1_171' title='bbox 1425 2183 1478 2229; x_wconf 91' lang='lat' dir='ltr'><strong>et</strong></span> <span class='ocrx_word' id='word_1_172' title='bbox 1504 2171 1633 2243; x_wconf 91' lang='lat' dir='ltr'><strong>quid</strong></span> <span class='ocrx_word' id='word_1_173' title='bbox 1660 2171 1762 2225; x_wconf 91' lang='lat' dir='ltr'><strong>hoc</strong></span> <span class='ocrx_word' id='word_1_174' title='bbox 1784 2210 1800 2236; x_wconf 92' lang='lat'><strong>,</strong></span> <span class='ocrx_word' id='word_1_175' title='bbox 1825 2170 1869 2225; x_wconf 87' lang='lat' dir='ltr'><strong>si</strong></span> <span class='ocrx_word' id='word_1_176' title='bbox 1897 2186 2030 2239; x_wconf 91' lang='lat' dir='ltr'><strong>pau-</strong></span> 
     </span>
    </p>
   </div>
   <div class='ocr_carea' id='block_1_21' title="bbox 435 2262 2028 2334">
    <p class='ocr_par' dir='ltr' id='par_1_21' title="bbox 435 2262 2028 2334">
     <span class='ocr_line' id='line_1_21' title="bbox 435 2262 2028 2334; baseline -0.001 -18"><span class='ocrx_word' id='word_1_177' title='bbox 435 2265 602 2334; x_wconf 83' lang='lat' dir='ltr'><strong>lisper</strong></span> <span class='ocrx_word' id='word_1_178' title='bbox 647 2265 763 2319; x_wconf 74' lang='lat' dir='ltr'><strong>lucc</strong></span> <span class='ocrx_word' id='word_1_179' title='bbox 813 2267 1079 2321; x_wconf 90' lang='lat' dir='ltr'><strong>immerito</strong></span> <span class='ocrx_word' id='word_1_180' title='bbox 1127 2265 1306 2321; x_wconf 83' lang='lat' dir='ltr'><strong>feras?</strong></span> <span class='ocrx_word' id='word_1_181' title='bbox 1335 2265 1446 2319; x_wconf 92' lang='lat' dir='ltr'><strong>lloc</strong></span> <span class='ocrx_word' id='word_1_182' title='bbox 1470 2265 1643 2334; x_wconf 89' lang='lat' dir='ltr'><strong>ipsum</strong></span> <span class='ocrx_word' id='word_1_183' title='bbox 1677 2262 1875 2317; x_wconf 89' lang='lat' dir='ltr'><strong>malum</strong></span> <span class='ocrx_word' id='word_1_184' title='bbox 1909 2272 2028 2328; x_wconf 89' lang='lat' dir='ltr'><strong>est,</strong></span> 
     </span>
    </p>
   </div>
   <div class='ocr_carea' id='block_1_22' title="bbox 434 2356 2032 2429">
    <p class='ocr_par' dir='ltr' id='par_1_22' title="bbox 434 2356 2032 2429">
     <span class='ocr_line' id='line_1_22' title="bbox 434 2356 2032 2429; baseline -0.002 -17"><span class='ocrx_word' id='word_1_185' title='bbox 434 2357 665 2426; x_wconf 78' lang='lat' dir='ltr'><strong>inquies.</strong></span> <span class='ocrx_word' id='word_1_186' title='bbox 717 2358 829 2414; x_wconf 87' lang='lat' dir='ltr'><strong>Hoc</strong></span> <span class='ocrx_word' id='word_1_187' title='bbox 873 2360 1047 2429; x_wconf 89' lang='lat' dir='ltr'><strong>ipsum</strong></span> <span class='ocrx_word' id='word_1_188' title='bbox 1088 2360 1283 2415; x_wconf 92' lang='lat' dir='ltr'><strong>bonum</strong></span> <span class='ocrx_word' id='word_1_189' title='bbox 1324 2368 1405 2413; x_wconf 90' lang='lat' dir='ltr'><strong>est</strong></span> <span class='ocrx_word' id='word_1_190' title='bbox 1432 2359 1449 2389; x_wconf 82' lang='grc'>¹</span> <span class='ocrx_word' id='word_1_191' title='bbox 1476 2399 1491 2423; x_wconf 87' lang='grc'><em>,</em></span> <span class='ocrx_word' id='word_1_192' title='bbox 1548 2356 1689 2427; x_wconf 91' lang='lat' dir='ltr'><strong>quod</strong></span> <span class='ocrx_word' id='word_1_193' title='bbox 1734 2356 2032 2411; x_wconf 90' lang='lat' dir='ltr'><strong>immeritus</strong></span> 
     </span>
    </p>
   </div>
   <div class='ocr_carea' id='block_1_23' title="bbox 436 2446 2030 2521">
    <p class='ocr_par' dir='ltr' id='par_1_23' title="bbox 436 2446 2030 2521">
     <span class='ocr_line' id='line_1_23' title="bbox 436 2446 2030 2521; baseline -0.001 -20"><span class='ocrx_word' id='word_1_194' title='bbox 436 2449 675 2518; x_wconf 87' lang='lat' dir='ltr'><strong>patiaris.</strong></span> <span class='ocrx_word' id='word_1_195' title='bbox 723 2450 826 2505; x_wconf 85' lang='lat' dir='ltr'><strong>Sed</strong></span> <span class='ocrx_word' id='word_1_196' title='bbox 890 2451 1061 2521; x_wconf 90' lang='lat' dir='ltr'><strong>quid?</strong></span> <span class='ocrx_word' id='word_1_197' title='bbox 1113 2468 1179 2505; x_wconf 90' lang='lat' dir='ltr'><strong>an</strong></span> <span class='ocrx_word' id='word_1_198' title='bbox 1230 2450 1478 2505; x_wconf 86' lang='lat' dir='ltr'><strong>meritum</strong></span> <span class='ocrx_word' id='word_1_199' title='bbox 1528 2450 1635 2519; x_wconf 91' lang='lat' dir='ltr'><strong>pati</strong></span> <span class='ocrx_word' id='word_1_200' title='bbox 1706 2446 2030 2518; x_wconf 82' lang='lat' dir='ltr'><strong>oportebat?</strong></span> 
     </span>
    </p>
   </div>
   <div class='ocr_carea' id='block_1_24' title="bbox 434 2540 2027 2612">
    <p class='ocr_par' dir='ltr' id='par_1_24' title="bbox 434 2540 2027 2612">
     <span class='ocr_line' id='line_1_24' title="bbox 434 2540 2027 2612; baseline -0.002 -17"><span class='ocrx_word' id='word_1_201' title='bbox 434 2540 648 2610; x_wconf 87' lang='lat' dir='ltr'><strong>Aliquid</strong></span> <span class='ocrx_word' id='word_1_202' title='bbox 664 2543 854 2597; x_wconf 89' lang='lat' dir='ltr'><strong>iterum</strong></span> <span class='ocrx_word' id='word_1_203' title='bbox 866 2544 1037 2597; x_wconf 90' lang='lat' dir='ltr'><strong>dicam</strong></span> <span class='ocrx_word' id='word_1_204' title='bbox 1060 2561 1072 2596; x_wconf 89' lang='lat'><strong>:</strong></span> <span class='ocrx_word' id='word_1_205' title='bbox 1097 2541 1455 2612; x_wconf 87' lang='lat' dir='ltr'><strong>Philosophus</strong></span> <span class='ocrx_word' id='word_1_206' title='bbox 1469 2541 1682 2611; x_wconf 86' lang='lat' dir='ltr'><strong>quidam</strong></span> <span class='ocrx_word' id='word_1_207' title='bbox 1698 2551 2027 2604; x_wconf 84' lang='lat' dir='ltr'><strong>exterorum,</strong></span> 
     </span>
    </p>
   </div>
   <div class='ocr_carea' id='block_1_25' title="bbox 441 2632 2029 2703">
    <p class='ocr_par' dir='ltr' id='par_1_25' title="bbox 441 2632 2029 2703">
     <span class='ocr_line' id='line_1_25' title="bbox 441 2632 2029 2703; baseline -0.001 -18"><span class='ocrx_word' id='word_1_208' title='bbox 441 2641 501 2686; x_wconf 92' lang='lat' dir='ltr'><strong>ut</strong></span> <span class='ocrx_word' id='word_1_209' title='bbox 526 2633 730 2687; x_wconf 84' lang='lat' dir='ltr'><strong>audivit</strong></span> <span class='ocrx_word' id='word_1_210' title='bbox 768 2635 1071 2703; x_wconf 85' lang='lat' dir='ltr'><strong>quempiam</strong></span> <span class='ocrx_word' id='word_1_211' title='bbox 1118 2634 1317 2689; x_wconf 89' lang='lat' dir='ltr'><strong>obiisse</strong></span> <span class='ocrx_word' id='word_1_212' title='bbox 1337 2674 1352 2699; x_wconf 89' lang='lat'><strong>,</strong></span> <span class='ocrx_word' id='word_1_213' title='bbox 1387 2650 1507 2689; x_wconf 91' lang='lat' dir='ltr'><strong>cum</strong></span> <span class='ocrx_word' id='word_1_214' title='bbox 1537 2633 1752 2703; x_wconf 89' lang='lat' dir='ltr'><strong>quidam</strong></span> <span class='ocrx_word' id='word_1_215' title='bbox 1778 2648 1841 2685; x_wconf 79' lang='lat' dir='ltr'><strong>ex</strong></span> <span class='ocrx_word' id='word_1_216' title='bbox 1866 2632 2029 2684; x_wconf 90' lang='lat' dir='ltr'><strong>disci-</strong></span> 
     </span>
    </p>
   </div>
   <div class='ocr_carea' id='block_1_26' title="bbox 436 2722 2033 2796">
    <p class='ocr_par' dir='ltr' id='par_1_26' title="bbox 436 2722 2033 2796">
     <span class='ocr_line' id='line_1_26' title="bbox 436 2722 2033 2796; baseline -0.001 -19"><span class='ocrx_word' id='word_1_217' title='bbox 436 2726 577 2793; x_wconf 88' lang='lat' dir='ltr'><strong>pulis</strong></span> <span class='ocrx_word' id='word_1_218' title='bbox 605 2725 807 2780; x_wconf 86' lang='lat' dir='ltr'><strong>diceret</strong></span> <span class='ocrx_word' id='word_1_219' title='bbox 849 2726 983 2796; x_wconf 91' lang='lat' dir='ltr'><strong>ipsi,</strong></span> <span class='ocrx_word' id='word_1_220' title='bbox 1021 2725 1110 2779; x_wconf 68' lang='lat' dir='ltr'><strong>Va:</strong></span> <span class='ocrx_word' id='word_1_221' title='bbox 1140 2725 1265 2779; x_wconf 90' lang='lat' dir='ltr'><strong>mihi</strong></span> <span class='ocrx_word' id='word_1_222' title='bbox 1286 2766 1300 2791; x_wconf 92' lang='lat'><strong>,</strong></span> <span class='ocrx_word' id='word_1_223' title='bbox 1333 2724 1462 2795; x_wconf 87' lang='lat' dir='ltr'><strong>quia</strong></span> <span class='ocrx_word' id='word_1_224' title='bbox 1510 2724 1707 2793; x_wconf 88' lang='lat' dir='ltr'><strong>injuste</strong></span> <span class='ocrx_word' id='word_1_225' title='bbox 1735 2740 1749 2788; x_wconf 92' lang='lat'><strong>;</strong></span> <span class='ocrx_word' id='word_1_226' title='bbox 1786 2722 1874 2777; x_wconf 90' lang='lat' dir='ltr'><strong>ille</strong></span> <span class='ocrx_word' id='word_1_227' title='bbox 1902 2738 2033 2776; x_wconf 89' lang='lat' dir='ltr'><strong>con-</strong></span> 
     </span>
    </p>
   </div>
   <div class='ocr_carea' id='block_1_27' title="bbox 433 2812 2030 2887">
    <p class='ocr_par' dir='ltr' id='par_1_27' title="bbox 433 2812 2030 2887">
     <span class='ocr_line' id='line_1_27' title="bbox 433 2812 2030 2887; baseline -0.001 -17"><span class='ocrx_word' id='word_1_228' title='bbox 433 2832 654 2881; x_wconf 87' lang='lat' dir='ltr'><strong>versus,</strong></span> <span class='ocrx_word' id='word_1_229' title='bbox 700 2818 806 2874; x_wconf 87' lang='lat' dir='ltr'><strong>Sed</strong></span> <span class='ocrx_word' id='word_1_230' title='bbox 853 2818 1011 2887; x_wconf 87' lang='lat' dir='ltr'><strong>quid,</strong></span> <span class='ocrx_word' id='word_1_231' title='bbox 1054 2818 1160 2885; x_wconf 85' lang='lat' dir='ltr'><strong>ait,</strong></span> <span class='ocrx_word' id='word_1_232' title='bbox 1215 2833 1283 2872; x_wconf 90' lang='lat' dir='ltr'><strong>an</strong></span> <span class='ocrx_word' id='word_1_233' title='bbox 1326 2816 1474 2886; x_wconf 90' lang='lat' dir='ltr'><strong>justc</strong></span> <span class='ocrx_word' id='word_1_234' title='bbox 1516 2815 1781 2871; x_wconf 78' lang='lat' dir='ltr'><strong>voluisses</strong></span> <span class='ocrx_word' id='word_1_235' title='bbox 1820 2812 1933 2885; x_wconf 85' lang='lat' dir='ltr'><strong>(a)?</strong></span> <span class='ocrx_word' id='word_1_236' title='bbox 1962 2813 2030 2868; x_wconf 88' lang='lat' dir='ltr'><strong>Et</strong></span> 
     </span>
    </p>
   </div>
   <div class='ocr_carea' id='block_1_28' title="bbox 499 2972 2029 3038">
    <p class='ocr_par' dir='ltr' id='par_1_28' title="bbox 499 2972 2029 3038">
     <span class='ocr_line' id='line_1_28' title="bbox 499 2972 2029 3038; baseline 0.001 -19"><span class='ocrx_word' id='word_1_237' title='bbox 499 2975 516 3004; x_wconf 80' lang='grc' dir='ltr'>ι</span> <span class='ocrx_word' id='word_1_238' title='bbox 543 2973 707 3022; x_wconf 82' lang='lat' dir='ltr'><strong>Morel.</strong></span> <span class='ocrx_word' id='word_1_239' title='bbox 737 2972 877 3035; x_wconf 86' lang='lat' dir='ltr'><strong>legit,</strong></span> <span class='ocrx_word' id='word_1_240' title='bbox 904 2973 1088 3038; x_wconf 74' lang='lat' dir='ltr'><strong>malum</strong></span> <span class='ocrx_word' id='word_1_241' title='bbox 1120 2979 1231 3033; x_wconf 80' lang='lat' dir='ltr'><strong>est;</strong></span> <span class='ocrx_word' id='word_1_242' title='bbox 1270 2987 1383 3038; x_wconf 64' lang='lat' dir='ltr'><strong>quae</strong></span> <span class='ocrx_word' id='word_1_243' title='bbox 1417 2973 1565 3023; x_wconf 88' lang='lat' dir='ltr'><strong>lectio</strong></span> <span class='ocrx_word' id='word_1_244' title='bbox 1596 2973 1856 3038; x_wconf 81' lang='lat' dir='ltr'><strong>quadrabit</strong></span> <span class='ocrx_word' id='word_1_245' title='bbox 1877 2973 1922 3021; x_wconf 91' lang='lat' dir='ltr'><strong>si</strong></span> <span class='ocrx_word' id='word_1_246' title='bbox 1950 2972 2029 3038; x_wconf 83' lang='lat' dir='ltr'><strong>in-</strong></span> 
     </span>
    </p>
   </div>
   <div class='ocr_carea' id='block_1_29' title="bbox 436 3034 2030 3096">
    <p class='ocr_par' dir='ltr' id='par_1_29' title="bbox 436 3034 2030 3096">
     <span class='ocr_line' id='line_1_29' title="bbox 436 3034 2030 3096; baseline -0.001 -12"><span class='ocrx_word' id='word_1_247' title='bbox 436 3038 741 3096; x_wconf 84' lang='lat' dir='ltr'><strong>terrogantis</strong></span> <span class='ocrx_word' id='word_1_248' title='bbox 764 3034 901 3085; x_wconf 86' lang='lat' dir='ltr'><strong>more</strong></span> <span class='ocrx_word' id='word_1_249' title='bbox 924 3035 1005 3085; x_wconf 89' lang='lat' dir='ltr'><strong>hic</strong></span> <span class='ocrx_word' id='word_1_250' title='bbox 1039 3034 1351 3096; x_wconf 75' lang='lat' dir='ltr'><strong>proferatur:</strong></span> <span class='ocrx_word' id='word_1_251' title='bbox 1376 3046 1494 3085; x_wconf 92' lang='lat' dir='ltr'><strong>tunc</strong></span> <span class='ocrx_word' id='word_1_252' title='bbox 1527 3034 1657 3084; x_wconf 83' lang='lat' dir='ltr'><strong>enim</strong></span> <span class='ocrx_word' id='word_1_253' title='bbox 1690 3036 1763 3084; x_wconf 90' lang='lat' dir='ltr'><strong>sic</strong></span> <span class='ocrx_word' id='word_1_254' title='bbox 1795 3041 1928 3096; x_wconf 83' lang='lat' dir='ltr'><strong>totus</strong></span> <span class='ocrx_word' id='word_1_255' title='bbox 1947 3034 2030 3096; x_wconf 64' lang='grc' dir='ltr'><strong>ΔΙο-</strong></span> 
     </span>
    </p>
   </div>
   <div class='ocr_carea' id='block_1_30' title="bbox 445 3094 1962 3158">
    <p class='ocr_par' dir='ltr' id='par_1_30' title="bbox 445 3094 1962 3158">
     <span class='ocr_line' id='line_1_30' title="bbox 445 3094 1962 3158; baseline -0.001 -11"><span class='ocrx_word' id='word_1_256' title='bbox 445 3110 533 3147; x_wconf 89' lang='lat' dir='ltr'><strong>cus</strong></span> <span class='ocrx_word' id='word_1_257' title='bbox 557 3094 760 3146; x_wconf 72' lang='lat' dir='ltr'><strong>habebit</strong></span> <span class='ocrx_word' id='word_1_258' title='bbox 785 3111 795 3144; x_wconf 93' lang='lat'><strong>:</strong></span> <span class='ocrx_word' id='word_1_259' title='bbox 826 3106 924 3146; x_wconf 80' lang='lat' dir='ltr'><strong>Hoc</strong></span> <span class='ocrx_word' id='word_1_260' title='bbox 952 3094 1135 3147; x_wconf 85' lang='lat' dir='ltr'><strong>malum</strong></span> <span class='ocrx_word' id='word_1_261' title='bbox 1158 3104 1227 3148; x_wconf 80' lang='lat' dir='ltr'><strong>est</strong></span> <span class='ocrx_word' id='word_1_262' title='bbox 1249 3098 1376 3158; x_wconf 86' lang='lat' dir='ltr'><strong>quod</strong></span> <span class='ocrx_word' id='word_1_263' title='bbox 1411 3096 1680 3147; x_wconf 85' lang='lat' dir='ltr'><strong>immeritus</strong></span> <span class='ocrx_word' id='word_1_264' title='bbox 1712 3094 1917 3158; x_wconf 79' lang='lat' dir='ltr'><strong>patiaris</strong></span> <span class='ocrx_word' id='word_1_265' title='bbox 1940 3094 1962 3145; x_wconf 70' lang='lat'><strong>3’</strong></span> 
     </span>
    </p>
   </div>
   <div class='ocr_carea' id='block_1_31' title="bbox 502 3156 2027 3221">
    <p class='ocr_par' dir='ltr' id='par_1_31' title="bbox 502 3156 2027 3221">
     <span class='ocr_line' id='line_1_31' title="bbox 502 3156 2027 3221; baseline -0.001 -15"><span class='ocrx_word' id='word_1_266' title='bbox 502 3158 658 3221; x_wconf 61' lang='lat' dir='ltr'><strong>(a)’[n</strong></span> <span class='ocrx_word' id='word_1_267' title='bbox 690 3158 820 3208; x_wconf 90' lang='lat' dir='ltr'><strong>hunc</strong></span> <span class='ocrx_word' id='word_1_268' title='bbox 852 3157 1011 3208; x_wconf 91' lang='lat' dir='ltr'><strong>locum</strong></span> <span class='ocrx_word' id='word_1_269' title='bbox 1045 3160 1150 3208; x_wconf 67' lang='lat' dir='ltr'><strong>haec</strong></span> <span class='ocrx_word' id='word_1_270' title='bbox 1180 3156 1332 3209; x_wconf 85' lang='lat' dir='ltr'><strong>habet</strong></span> <span class='ocrx_word' id='word_1_271' title='bbox 1355 3168 1593 3208; x_wconf 70' lang='lat' dir='ltr'><strong>Dou&#39;taeus</strong></span> <span class='ocrx_word' id='word_1_272' title='bbox 1616 3161 1664 3207; x_wconf 87' lang='lat' dir='ltr'><strong>in</strong></span> <span class='ocrx_word' id='word_1_273' title='bbox 1695 3156 1824 3208; x_wconf 85' lang='lat' dir='ltr'><strong>Edit.</strong></span> <span class='ocrx_word' id='word_1_274' title='bbox 1850 3156 2027 3207; x_wconf 81' lang='lat' dir='ltr'><strong>Savil.:</strong></span> 
     </span>
    </p>
   </div>
   <div class='ocr_carea' id='block_1_32' title="bbox 1159 401 2986 466">
    <p class='ocr_par' dir='ltr' id='par_1_32' title="bbox 1159 401 2986 466">
     <span class='ocr_line' id='line_1_32' title="bbox 1159 401 2986 466; baseline -0.001 -1"><span class='ocrx_word' id='word_1_275' title='bbox 1159 407 1214 465; x_wconf 89' lang='lat' dir='ltr'><strong>S.</strong></span> <span class='ocrx_word' id='word_1_276' title='bbox 1255 407 1534 466; x_wconf 81' lang='lat' dir='ltr'><strong>JOANNIS</strong></span> <span class='ocrx_word' id='word_1_277' title='bbox 1573 402 2047 462; x_wconf 78' lang='lat' dir='ltr'><strong>CIIRYSOSTOMl</strong></span> <span class='ocrx_word' id='word_1_278' title='bbox 2089 401 2409 466; x_wconf 81' lang='lat' dir='ltr'><strong>ARCHIEP.</strong></span> <span class='ocrx_word' id='word_1_279' title='bbox 2449 405 2986 464; x_wconf 75' lang='lat' dir='ltr'><strong>CONSTANTINOP.</strong></span> 
     </span>
    </p>
   </div>
   <div class='ocr_carea' id='block_1_33' title="bbox 3622 417 3736 473">
    <p class='ocr_par' dir='ltr' id='par_1_33' title="bbox 3622 417 3736 473">
     <span class='ocr_line' id='line_1_33' title="bbox 3622 417 3736 473; baseline 0.018 -1"><span class='ocrx_word' id='word_1_280' title='bbox 3622 417 3736 473; x_wconf 73' lang='grc'><strong>120</strong></span> 
     </span>
    </p>
   </div>
   <div class='ocr_carea' id='block_1_34' title="bbox 2138 517 3735 601">
    <p class='ocr_par' dir='ltr' id='par_1_34' title="bbox 2138 517 3735 601">
     <span class='ocr_line' id='line_1_34' title="bbox 2138 517 3735 601; baseline 0.008 -27"><span class='ocrx_word' id='word_1_281' title='bbox 2138 517 2372 574; x_wconf 80' lang='lat' dir='ltr'><strong>Joannes</strong></span> <span class='ocrx_word' id='word_1_282' title='bbox 2394 535 2575 577; x_wconf 92' lang='lat' dir='ltr'><strong>nonne</strong></span> <span class='ocrx_word' id='word_1_283' title='bbox 2596 521 2791 591; x_wconf 88' lang='lat' dir='ltr'><strong>injuste</strong></span> <span class='ocrx_word' id='word_1_284' title='bbox 2814 532 3059 577; x_wconf 90' lang='lat' dir='ltr'><strong>mortuus</strong></span> <span class='ocrx_word' id='word_1_285' title='bbox 3080 526 3197 579; x_wconf 85' lang='lat' dir='ltr'><strong>est?</strong></span> <span class='ocrx_word' id='word_1_286' title='bbox 3217 524 3385 592; x_wconf 84' lang='lat' dir='ltr'><strong>Quem</strong></span> <span class='ocrx_word' id='word_1_287' title='bbox 3405 543 3532 600; x_wconf 90' lang='lat' dir='ltr'><strong>ergo</strong></span> <span class='ocrx_word' id='word_1_288' title='bbox 3554 533 3735 601; x_wconf 79' lang='lat' dir='ltr'><strong>magis</strong></span> 
     </span>
    </p>
   </div>
   <div class='ocr_carea' id='block_1_35' title="bbox 2135 613 3739 690">
    <p class='ocr_par' dir='ltr' id='par_1_35' title="bbox 2135 613 3739 690">
     <span class='ocr_line' id='line_1_35' title="bbox 2135 613 3739 690; baseline 0.008 -24"><span class='ocrx_word' id='word_1_289' title='bbox 2135 613 2447 679; x_wconf 89' lang='lat' dir='ltr'><strong>miseraris,</strong></span> <span class='ocrx_word' id='word_1_290' title='bbox 2494 630 2691 669; x_wconf 91' lang='lat' dir='ltr'><strong>eumne</strong></span> <span class='ocrx_word' id='word_1_291' title='bbox 2738 616 2826 685; x_wconf 92' lang='lat' dir='ltr'><strong>qui</strong></span> <span class='ocrx_word' id='word_1_292' title='bbox 2875 616 3043 685; x_wconf 89' lang='lat' dir='ltr'><strong>juste,</strong></span> <span class='ocrx_word' id='word_1_293' title='bbox 3094 631 3160 671; x_wconf 88' lang='lat' dir='ltr'><strong>an</strong></span> <span class='ocrx_word' id='word_1_294' title='bbox 3201 634 3322 673; x_wconf 90' lang='lat' dir='ltr'><strong>eum</strong></span> <span class='ocrx_word' id='word_1_295' title='bbox 3368 620 3456 690; x_wconf 92' lang='lat' dir='ltr'><strong>qui</strong></span> <span class='ocrx_word' id='word_1_296' title='bbox 3488 622 3739 690; x_wconf 79' lang='lat' dir='ltr'><strong>injuste’</strong></span> 
     </span>
    </p>
   </div>
   <div class='ocr_carea' id='block_1_36' title="bbox 2135 703 3733 775">
    <p class='ocr_par' dir='ltr' id='par_1_36' title="bbox 2135 703 3733 775">
     <span class='ocr_line' id='line_1_36' title="bbox 2135 703 3733 775; baseline 0.008 -18"><span class='ocrx_word' id='word_1_297' title='bbox 2135 719 2313 759; x_wconf 88' lang='lat' dir='ltr'><strong>nonne</strong></span> <span class='ocrx_word' id='word_1_298' title='bbox 2356 703 2502 760; x_wconf 89' lang='lat' dir='ltr'><strong>hunc</strong></span> <span class='ocrx_word' id='word_1_299' title='bbox 2541 706 2796 761; x_wconf 89' lang='lat' dir='ltr'><strong>miserum</strong></span> <span class='ocrx_word' id='word_1_300' title='bbox 2831 706 2969 762; x_wconf 89' lang='lat' dir='ltr'><strong>dicis</strong></span> <span class='ocrx_word' id='word_1_301' title='bbox 2992 749 3009 775; x_wconf 87' lang='lat'><strong>,</strong></span> <span class='ocrx_word' id='word_1_302' title='bbox 3038 708 3185 763; x_wconf 90' lang='lat' dir='ltr'><strong>illum</strong></span> <span class='ocrx_word' id='word_1_303' title='bbox 3216 726 3346 764; x_wconf 88' lang='lat' dir='ltr'><strong>vero</strong></span> <span class='ocrx_word' id='word_1_304' title='bbox 3380 713 3589 767; x_wconf 85' lang='lat' dir='ltr'><strong>beatum</strong></span> <span class='ocrx_word' id='word_1_305' title='bbox 3612 720 3641 768; x_wconf 72' lang='grc' dir='ltr'><strong><em>τ</em></strong></span> <span class='ocrx_word' id='word_1_306' title='bbox 3670 715 3733 769; x_wconf 81' lang='grc' dir='ltr'><strong>ιη</strong></span> 
     </span>
    </p>
   </div>
   <div class='ocr_carea' id='block_1_37' title="bbox 2134 797 3730 874">
    <p class='ocr_par' dir='ltr' id='par_1_37' title="bbox 2134 797 3730 874">
     <span class='ocr_line' id='line_1_37' title="bbox 2134 797 3730 874; baseline 0.008 -25"><span class='ocrx_word' id='word_1_307' title='bbox 2134 812 2240 866; x_wconf 90' lang='lat' dir='ltr'><strong>quo</strong></span> <span class='ocrx_word' id='word_1_308' title='bbox 2265 812 2392 868; x_wconf 87' lang='lat' dir='ltr'><strong>ergo</strong></span> <span class='ocrx_word' id='word_1_309' title='bbox 2414 797 2625 852; x_wconf 70' lang='lat' dir='ltr'><strong>lteditur</strong></span> <span class='ocrx_word' id='word_1_310' title='bbox 2649 801 2807 854; x_wconf 92' lang='lat' dir='ltr'><strong>homo</strong></span> <span class='ocrx_word' id='word_1_311' title='bbox 2829 816 2858 854; x_wconf 92' lang='lat' dir='ltr'><strong>a</strong></span> <span class='ocrx_word' id='word_1_312' title='bbox 2876 813 3071 868; x_wconf 91' lang='lat' dir='ltr'><strong>morte,</strong></span> <span class='ocrx_word' id='word_1_313' title='bbox 3101 804 3189 872; x_wconf 88' lang='lat' dir='ltr'><strong>qui</strong></span> <span class='ocrx_word' id='word_1_314' title='bbox 3216 805 3437 859; x_wconf 91' lang='lat' dir='ltr'><strong>multum</strong></span> <span class='ocrx_word' id='word_1_315' title='bbox 3466 807 3730 874; x_wconf 88' lang='lat' dir='ltr'><strong>lucratur,</strong></span> 
     </span>
    </p>
   </div>
   <div class='ocr_carea' id='block_1_38' title="bbox 2135 890 3727 961">
    <p class='ocr_par' dir='ltr' id='par_1_38' title="bbox 2135 890 3727 961">
     <span class='ocr_line' id='line_1_38' title="bbox 2135 890 3727 961; baseline 0.008 -17"><span class='ocrx_word' id='word_1_316' title='bbox 2135 890 2330 946; x_wconf 88' lang='lat' dir='ltr'><strong>nedum</strong></span> <span class='ocrx_word' id='word_1_317' title='bbox 2353 891 2478 961; x_wconf 91' lang='lat' dir='ltr'><strong>quid</strong></span> <span class='ocrx_word' id='word_1_318' title='bbox 2500 892 2679 947; x_wconf 90' lang='lat' dir='ltr'><strong>damni</strong></span> <span class='ocrx_word' id='word_1_319' title='bbox 2704 894 2936 949; x_wconf 85' lang='lat' dir='ltr'><strong>referat?</strong></span> <span class='ocrx_word' id='word_1_320' title='bbox 2961 895 3092 950; x_wconf 88' lang='lat' dir='ltr'><strong>Nam</strong></span> <span class='ocrx_word' id='word_1_321' title='bbox 3116 898 3160 951; x_wconf 89' lang='lat' dir='ltr'><strong>si</strong></span> <span class='ocrx_word' id='word_1_322' title='bbox 3190 914 3252 952; x_wconf 84' lang='lat' dir='ltr'><strong>cx</strong></span> <span class='ocrx_word' id='word_1_323' title='bbox 3283 898 3564 954; x_wconf 81' lang='lat' dir='ltr'><strong>immortali</strong></span> <span class='ocrx_word' id='word_1_324' title='bbox 3590 919 3727 956; x_wconf 85' lang='lat' dir='ltr'><strong>mor-</strong></span> 
     </span>
    </p>
   </div>
   <div class='ocr_carea' id='block_1_39' title="bbox 2135 983 3729 1064">
    <p class='ocr_par' dir='ltr' id='par_1_39' title="bbox 2135 983 3729 1064">
     <span class='ocr_line' id='line_1_39' title="bbox 2135 983 3729 1064; baseline 0.009 -28"><span class='ocrx_word' id='word_1_325' title='bbox 2135 984 2295 1038; x_wconf 90' lang='lat' dir='ltr'><strong>talem</strong></span> <span class='ocrx_word' id='word_1_326' title='bbox 2324 983 2562 1053; x_wconf 82' lang='lat' dir='ltr'><strong>fecisset,</strong></span> <span class='ocrx_word' id='word_1_327' title='bbox 2580 986 2716 1042; x_wconf 90' lang='lat' dir='ltr'><strong>forte</strong></span> <span class='ocrx_word' id='word_1_328' title='bbox 2732 988 2985 1045; x_wconf 88' lang='lat' dir='ltr'><strong>damnum</strong></span> <span class='ocrx_word' id='word_1_329' title='bbox 3001 1001 3175 1057; x_wconf 89' lang='lat' dir='ltr'><strong>esset;</strong></span> <span class='ocrx_word' id='word_1_330' title='bbox 3200 993 3245 1047; x_wconf 92' lang='lat' dir='ltr'><strong>si</strong></span> <span class='ocrx_word' id='word_1_331' title='bbox 3268 1009 3397 1048; x_wconf 83' lang='lat' dir='ltr'><strong>vero</strong></span> <span class='ocrx_word' id='word_1_332' title='bbox 3418 996 3729 1064; x_wconf 82' lang='lat' dir='ltr'><strong>mortalem,</strong></span> 
     </span>
    </p>
   </div>
   <div class='ocr_carea' id='block_1_40' title="bbox 2133 1081 3727 1151">
    <p class='ocr_par' dir='ltr' id='par_1_40' title="bbox 2133 1081 3727 1151">
     <span class='ocr_line' id='line_1_40' title="bbox 2133 1081 3727 1151; baseline 0.009 -21"><span class='ocrx_word' id='word_1_333' title='bbox 2133 1088 2188 1131; x_wconf 91' lang='lat' dir='ltr'><strong>et</strong></span> <span class='ocrx_word' id='word_1_334' title='bbox 2211 1092 2276 1132; x_wconf 80' lang='lat' dir='ltr'><strong>ex</strong></span> <span class='ocrx_word' id='word_1_335' title='bbox 2301 1087 2488 1133; x_wconf 91' lang='lat' dir='ltr'><strong>natura</strong></span> <span class='ocrx_word' id='word_1_336' title='bbox 2510 1095 2603 1133; x_wconf 89' lang='lat' dir='ltr'><strong>sua</strong></span> <span class='ocrx_word' id='word_1_337' title='bbox 2631 1081 2789 1150; x_wconf 89' lang='lat' dir='ltr'><strong>paulo</strong></span> <span class='ocrx_word' id='word_1_338' title='bbox 2817 1092 2937 1151; x_wconf 86' lang='lat' dir='ltr'><strong>post</strong></span> <span class='ocrx_word' id='word_1_339' title='bbox 2952 1085 3269 1138; x_wconf 90' lang='lat' dir='ltr'><strong>moriturum</strong></span> <span class='ocrx_word' id='word_1_340' title='bbox 3304 1085 3579 1142; x_wconf 85' lang='lat' dir='ltr'><strong>festinavit</strong></span> <span class='ocrx_word' id='word_1_341' title='bbox 3598 1105 3727 1146; x_wconf 88' lang='lat' dir='ltr'><strong>cum</strong></span> 
     </span>
    </p>
   </div>
   <div class='ocr_carea' id='block_1_41' title="bbox 2134 1167 3733 1241">
    <p class='ocr_par' dir='ltr' id='par_1_41' title="bbox 2134 1167 3733 1241">
     <span class='ocr_line' id='line_1_41' title="bbox 2134 1167 3733 1241; baseline 0.01 -21"><span class='ocrx_word' id='word_1_342' title='bbox 2134 1167 2301 1238; x_wconf 83' lang='lat' dir='ltr'><strong>gloria</strong></span> <span class='ocrx_word' id='word_1_343' title='bbox 2330 1168 2599 1225; x_wconf 88' lang='lat' dir='ltr'><strong>abducere</strong></span> <span class='ocrx_word' id='word_1_344' title='bbox 2624 1212 2641 1237; x_wconf 89' lang='lat'><strong>,</strong></span> <span class='ocrx_word' id='word_1_345' title='bbox 2674 1171 2801 1241; x_wconf 90' lang='lat' dir='ltr'><strong>quid</strong></span> <span class='ocrx_word' id='word_1_346' title='bbox 2833 1172 2958 1228; x_wconf 90' lang='lat' dir='ltr'><strong>hinc</strong></span> <span class='ocrx_word' id='word_1_347' title='bbox 2984 1175 3199 1229; x_wconf 85' lang='lat' dir='ltr'><strong>damni?</strong></span> <span class='ocrx_word' id='word_1_348' title='bbox 3221 1177 3301 1231; x_wconf 91' lang='lat' dir='ltr'><strong>Sit</strong></span> <span class='ocrx_word' id='word_1_349' title='bbox 3331 1179 3485 1234; x_wconf 87' lang='lat' dir='ltr'><strong>nobis</strong></span> <span class='ocrx_word' id='word_1_350' title='bbox 3514 1183 3733 1237; x_wconf 87' lang='lat' dir='ltr'><strong>animus</strong></span> 
     </span>
    </p>
   </div>
   <div class='ocr_carea' id='block_1_42' title="bbox 2138 1266 3728 1334">
    <p class='ocr_par' dir='ltr' id='par_1_42' title="bbox 2138 1266 3728 1334">
     <span class='ocr_line' id='line_1_42' title="bbox 2138 1266 3728 1334; baseline 0.009 -18"><span class='ocrx_word' id='word_1_351' title='bbox 2138 1273 2284 1317; x_wconf 85' lang='lat' dir='ltr'><strong>recte</strong></span> <span class='ocrx_word' id='word_1_352' title='bbox 2330 1266 2679 1334; x_wconf 88' lang='lat' dir='ltr'><strong>compositus,</strong></span> <span class='ocrx_word' id='word_1_353' title='bbox 2725 1276 2781 1320; x_wconf 90' lang='lat' dir='ltr'><strong>et</strong></span> <span class='ocrx_word' id='word_1_354' title='bbox 2834 1269 3033 1321; x_wconf 92' lang='lat' dir='ltr'><strong>nullum</strong></span> <span class='ocrx_word' id='word_1_355' title='bbox 3089 1271 3421 1326; x_wconf 81' lang='lat' dir='ltr'><strong>extrinsecus</strong></span> <span class='ocrx_word' id='word_1_356' title='bbox 3470 1274 3728 1330; x_wconf 83' lang='lat' dir='ltr'><strong>damnum</strong></span> 
     </span>
    </p>
   </div>
   <div class='ocr_carea' id='block_1_43' title="bbox 2136 1352 3726 1434">
    <p class='ocr_par' dir='ltr' id='par_1_43' title="bbox 2136 1352 3726 1434">
     <span class='ocr_line' id='line_1_43' title="bbox 2136 1352 3726 1434; baseline 0.012 -29"><span class='ocrx_word' id='word_1_357' title='bbox 2136 1352 2407 1409; x_wconf 82' lang='lat' dir='ltr'><strong>adveniet.</strong></span> <span class='ocrx_word' id='word_1_358' title='bbox 2461 1356 2567 1411; x_wconf 89' lang='lat' dir='ltr'><strong>Sed</strong></span> <span class='ocrx_word' id='word_1_359' title='bbox 2620 1373 2724 1413; x_wconf 91' lang='lat' dir='ltr'><strong>non</strong></span> <span class='ocrx_word' id='word_1_360' title='bbox 2751 1374 2809 1413; x_wconf 89' lang='lat' dir='ltr'><strong>es</strong></span> <span class='ocrx_word' id='word_1_361' title='bbox 2857 1360 2907 1413; x_wconf 92' lang='lat' dir='ltr'><strong>in</strong></span> <span class='ocrx_word' id='word_1_362' title='bbox 2932 1362 3103 1431; x_wconf 87' lang='lat' dir='ltr'><strong>gloria</strong></span> <span class='ocrx_word' id='word_1_363' title='bbox 3128 1363 3152 1415; x_wconf 67' lang='grc' dir='ltr'><strong>ἶ)</strong></span> <span class='ocrx_word' id='word_1_364' title='bbox 3181 1363 3248 1417; x_wconf 85' lang='grc' dir='ltr'><strong>Ει</strong></span> <span class='ocrx_word' id='word_1_365' title='bbox 3276 1366 3401 1434; x_wconf 89' lang='lat' dir='ltr'><strong>quid</strong></span> <span class='ocrx_word' id='word_1_366' title='bbox 3428 1367 3570 1423; x_wconf 84' lang='lat' dir='ltr'><strong>hoc?</strong></span> <span class='ocrx_word' id='word_1_367' title='bbox 3591 1369 3726 1424; x_wconf 87' lang='lat' dir='ltr'><strong>Nam</strong></span> 
     </span>
    </p>
   </div>
   <div class='ocr_carea' id='block_1_44' title="bbox 2138 1446 3727 1525">
    <p class='ocr_par' dir='ltr' id='par_1_44' title="bbox 2138 1446 3727 1525">
     <span class='ocr_line' id='line_1_44' title="bbox 2138 1446 3727 1525; baseline 0.013 -26"><span class='ocrx_word' id='word_1_368' title='bbox 2138 1446 2279 1516; x_wconf 90' lang='lat' dir='ltr'><strong>quod</strong></span> <span class='ocrx_word' id='word_1_369' title='bbox 2334 1447 2384 1501; x_wconf 92' lang='lat' dir='ltr'><strong>in</strong></span> <span class='ocrx_word' id='word_1_370' title='bbox 2432 1450 2622 1517; x_wconf 86' lang='lat' dir='ltr'><strong>opibus</strong></span> <span class='ocrx_word' id='word_1_371' title='bbox 2646 1492 2661 1515; x_wconf 93' lang='lat'><strong>,</strong></span> <span class='ocrx_word' id='word_1_372' title='bbox 2695 1451 2924 1521; x_wconf 89' lang='lat' dir='ltr'><strong>idipsum</strong></span> <span class='ocrx_word' id='word_1_373' title='bbox 2958 1455 3008 1508; x_wconf 91' lang='lat' dir='ltr'><strong>in</strong></span> <span class='ocrx_word' id='word_1_374' title='bbox 3036 1457 3201 1525; x_wconf 82' lang='lat' dir='ltr'><strong>gloria</strong></span> <span class='ocrx_word' id='word_1_375' title='bbox 3234 1467 3335 1513; x_wconf 90' lang='lat' dir='ltr'><strong>est.</strong></span> <span class='ocrx_word' id='word_1_376' title='bbox 3365 1460 3420 1515; x_wconf 88' lang='lat' dir='ltr'><strong>Si</strong></span> <span class='ocrx_word' id='word_1_377' title='bbox 3446 1463 3588 1516; x_wconf 91' lang='lat' dir='ltr'><strong>enim</strong></span> <span class='ocrx_word' id='word_1_378' title='bbox 3617 1480 3727 1519; x_wconf 85' lang='lat' dir='ltr'><strong>ma-</strong></span> 
     </span>
    </p>
   </div>
   <div class='ocr_carea' id='block_1_45' title="bbox 2135 1537 3723 1625">
    <p class='ocr_par' dir='ltr' id='par_1_45' title="bbox 2135 1537 3723 1625">
     <span class='ocr_line' id='line_1_45' title="bbox 2135 1537 3723 1625; baseline 0.015 -37"><span class='ocrx_word' id='word_1_379' title='bbox 2135 1537 2362 1607; x_wconf 85' lang='lat' dir='ltr'><strong>gnificus</strong></span> <span class='ocrx_word' id='word_1_380' title='bbox 2402 1538 2555 1595; x_wconf 88' lang='lat' dir='ltr'><strong>fuero</strong></span> <span class='ocrx_word' id='word_1_381' title='bbox 2577 1583 2592 1604; x_wconf 89' lang='lat'><strong>,</strong></span> <span class='ocrx_word' id='word_1_382' title='bbox 2638 1543 2787 1596; x_wconf 90' lang='lat' dir='ltr'><strong>nullo</strong></span> <span class='ocrx_word' id='word_1_383' title='bbox 2824 1560 2959 1615; x_wconf 88' lang='lat' dir='ltr'><strong>opus</strong></span> <span class='ocrx_word' id='word_1_384' title='bbox 2987 1546 3226 1612; x_wconf 88' lang='lat' dir='ltr'><strong>habebo;</strong></span> <span class='ocrx_word' id='word_1_385' title='bbox 3255 1552 3337 1603; x_wconf 94' lang='lat' dir='ltr'><strong>sin</strong></span> <span class='ocrx_word' id='word_1_386' title='bbox 3366 1567 3516 1607; x_wconf 75' lang='lat' dir='ltr'><strong>vana:</strong></span> <span class='ocrx_word' id='word_1_387' title='bbox 3543 1557 3723 1625; x_wconf 67' lang='lat' dir='ltr'><strong>glorias</strong></span> 
     </span>
    </p>
   </div>
   <div class='ocr_carea' id='block_1_46' title="bbox 2136 1629 3728 1713">
    <p class='ocr_par' dir='ltr' id='par_1_46' title="bbox 2136 1629 3728 1713">
     <span class='ocr_line' id='line_1_46' title="bbox 2136 1629 3728 1713; baseline 0.014 -32"><span class='ocrx_word' id='word_1_388' title='bbox 2136 1629 2364 1698; x_wconf 92' lang='lat' dir='ltr'><strong>cupidus</strong></span> <span class='ocrx_word' id='word_1_389' title='bbox 2400 1672 2416 1693; x_wconf 90' lang='lat'><strong>,</strong></span> <span class='ocrx_word' id='word_1_390' title='bbox 2472 1642 2674 1701; x_wconf 92' lang='lat' dir='ltr'><strong>quanto</strong></span> <span class='ocrx_word' id='word_1_391' title='bbox 2727 1636 2875 1705; x_wconf 90' lang='lat' dir='ltr'><strong>plura</strong></span> <span class='ocrx_word' id='word_1_392' title='bbox 2924 1653 3242 1708; x_wconf 86' lang='lat' dir='ltr'><strong>consequar,</strong></span> <span class='ocrx_word' id='word_1_393' title='bbox 3295 1651 3442 1697; x_wconf 90' lang='lat' dir='ltr'><strong>tanto</strong></span> <span class='ocrx_word' id='word_1_394' title='bbox 3486 1646 3728 1713; x_wconf 82' lang='lat' dir='ltr'><strong>pluribus</strong></span> 
     </span>
    </p>
   </div>
   <div class='ocr_carea' id='block_1_47' title="bbox 2137 1722 3732 1807">
    <p class='ocr_par' dir='ltr' id='par_1_47' title="bbox 2137 1722 3732 1807">
     <span class='ocr_line' id='line_1_47' title="bbox 2137 1722 3732 1807; baseline 0.013 -31"><span class='ocrx_word' id='word_1_395' title='bbox 2137 1722 2331 1792; x_wconf 86' lang='lat' dir='ltr'><strong>egebo.</strong></span> <span class='ocrx_word' id='word_1_396' title='bbox 2379 1724 2529 1780; x_wconf 88' lang='lat' dir='ltr'><strong>Tunc</strong></span> <span class='ocrx_word' id='word_1_397' title='bbox 2577 1742 2705 1782; x_wconf 79' lang='lat' dir='ltr'><strong>vero</strong></span> <span class='ocrx_word' id='word_1_398' title='bbox 2748 1730 3084 1798; x_wconf 90' lang='lat' dir='ltr'><strong>splendidior</strong></span> <span class='ocrx_word' id='word_1_399' title='bbox 3132 1750 3227 1788; x_wconf 91' lang='lat' dir='ltr'><strong>ero</strong></span> <span class='ocrx_word' id='word_1_400' title='bbox 3270 1746 3322 1791; x_wconf 88' lang='lat' dir='ltr'><strong>et</strong></span> <span class='ocrx_word' id='word_1_401' title='bbox 3363 1739 3551 1807; x_wconf 81' lang='lat' dir='ltr'><strong>majori</strong></span> <span class='ocrx_word' id='word_1_402' title='bbox 3582 1742 3732 1796; x_wconf 90' lang='lat' dir='ltr'><strong>fruar</strong></span> 
     </span>
    </p>
   </div>
   <div class='ocr_carea' id='block_1_48' title="bbox 2137 1819 3731 1901">
    <p class='ocr_par' dir='ltr' id='par_1_48' title="bbox 2137 1819 3731 1901">
     <span class='ocr_line' id='line_1_48' title="bbox 2137 1819 3731 1901; baseline 0.013 -31"><span class='ocrx_word' id='word_1_403' title='bbox 2137 1819 2302 1887; x_wconf 80' lang='lat' dir='ltr'><strong>gloria</strong></span> <span class='ocrx_word' id='word_1_404' title='bbox 2331 1861 2347 1885; x_wconf 98' lang='lat'><strong>,</strong></span> <span class='ocrx_word' id='word_1_405' title='bbox 2377 1820 2421 1873; x_wconf 91' lang='lat' dir='ltr'><strong>si</strong></span> <span class='ocrx_word' id='word_1_406' title='bbox 2450 1820 2677 1890; x_wconf 82' lang='lat' dir='ltr'><strong>gloriam</strong></span> <span class='ocrx_word' id='word_1_407' title='bbox 2704 1837 3103 1895; x_wconf 83' lang='lat' dir='ltr'><strong>contempsere.</strong></span> <span class='ocrx_word' id='word_1_408' title='bbox 3152 1830 3279 1885; x_wconf 70' lang='lat' dir='ltr'><strong>Haec</strong></span> <span class='ocrx_word' id='word_1_409' title='bbox 3307 1847 3426 1886; x_wconf 90' lang='lat' dir='ltr'><strong>cum</strong></span> <span class='ocrx_word' id='word_1_410' title='bbox 3457 1836 3731 1901; x_wconf 83' lang='lat' dir='ltr'><strong>sciamus,</strong></span> 
     </span>
    </p>
   </div>
   <div class='ocr_carea' id='block_1_49' title="bbox 2137 1913 3735 1994">
    <p class='ocr_par' dir='ltr' id='par_1_49' title="bbox 2137 1913 3735 1994">
     <span class='ocr_line' id='line_1_49' title="bbox 2137 1913 3735 1994; baseline 0.013 -31"><span class='ocrx_word' id='word_1_411' title='bbox 2137 1913 2364 1980; x_wconf 82' lang='lat' dir='ltr'><strong>gratiam</strong></span> <span class='ocrx_word' id='word_1_412' title='bbox 2400 1913 2692 1971; x_wconf 84' lang='lat' dir='ltr'><strong>habeamus</strong></span> <span class='ocrx_word' id='word_1_413' title='bbox 2720 1915 2935 1973; x_wconf 82' lang='lat' dir='ltr'><strong>Christo</strong></span> <span class='ocrx_word' id='word_1_414' title='bbox 2965 1920 3077 1976; x_wconf 89' lang='lat' dir='ltr'><strong>Deo</strong></span> <span class='ocrx_word' id='word_1_415' title='bbox 3104 1934 3312 1989; x_wconf 91' lang='lat' dir='ltr'><strong>nostro,</strong></span> <span class='ocrx_word' id='word_1_416' title='bbox 3346 1928 3434 1994; x_wconf 89' lang='lat' dir='ltr'><strong>qui</strong></span> <span class='ocrx_word' id='word_1_417' title='bbox 3464 1930 3623 1983; x_wconf 83' lang='lat' dir='ltr'><strong>talem</strong></span> <span class='ocrx_word' id='word_1_418' title='bbox 3654 1933 3735 1983; x_wconf 79' lang='lat' dir='ltr'><strong>v-i-</strong></span> 
     </span>
    </p>
   </div>
   <div class='ocr_carea' id='block_1_50' title="bbox 2141 2005 3731 2091">
    <p class='ocr_par' dir='ltr' id='par_1_50' title="bbox 2141 2005 3731 2091">
     <span class='ocr_line' id='line_1_50' title="bbox 2141 2005 3731 2091; baseline 0.013 -33"><span class='ocrx_word' id='word_1_419' title='bbox 2141 2014 2249 2059; x_wconf 86' lang='lat' dir='ltr'><strong>tam</strong></span> <span class='ocrx_word' id='word_1_420' title='bbox 2291 2005 2445 2061; x_wconf 90' lang='lat' dir='ltr'><strong>nobis</strong></span> <span class='ocrx_word' id='word_1_421' title='bbox 2475 2008 2698 2078; x_wconf 85' lang='lat' dir='ltr'><strong>largitus</strong></span> <span class='ocrx_word' id='word_1_422' title='bbox 2724 2020 2806 2065; x_wconf 91' lang='lat' dir='ltr'><strong>est</strong></span> <span class='ocrx_word' id='word_1_423' title='bbox 2828 2052 2841 2074; x_wconf 89' lang='lat'><strong>,</strong></span> <span class='ocrx_word' id='word_1_424' title='bbox 2874 2021 2930 2066; x_wconf 90' lang='lat' dir='ltr'><strong>et</strong></span> <span class='ocrx_word' id='word_1_425' title='bbox 2959 2013 3102 2068; x_wconf 89' lang='lat' dir='ltr'><strong>illam</strong></span> <span class='ocrx_word' id='word_1_426' title='bbox 3130 2015 3387 2073; x_wconf 88' lang='lat' dir='ltr'><strong>adeamus</strong></span> <span class='ocrx_word' id='word_1_427' title='bbox 3412 2020 3476 2073; x_wconf 89' lang='lat' dir='ltr'><strong>ad</strong></span> <span class='ocrx_word' id='word_1_428' title='bbox 3503 2023 3731 2091; x_wconf 78' lang='lat' dir='ltr'><strong>gloriam</strong></span> 
     </span>
    </p>
   </div>
   <div class='ocr_carea' id='block_1_51' title="bbox 2139 2098 3735 2182">
    <p class='ocr_par' dir='ltr' id='par_1_51' title="bbox 2139 2098 3735 2182">
     <span class='ocr_line' id='line_1_51' title="bbox 2139 2098 3735 2182; baseline 0.013 -33"><span class='ocrx_word' id='word_1_429' title='bbox 2139 2098 2345 2166; x_wconf 81' lang='lat' dir='ltr'><strong>ipsius:</strong></span> <span class='ocrx_word' id='word_1_430' title='bbox 2393 2101 2514 2168; x_wconf 88' lang='lat' dir='ltr'><strong>quia</strong></span> <span class='ocrx_word' id='word_1_431' title='bbox 2559 2100 2732 2170; x_wconf 89' lang='lat' dir='ltr'><strong>ipsum</strong></span> <span class='ocrx_word' id='word_1_432' title='bbox 2759 2102 2918 2159; x_wconf 89' lang='lat' dir='ltr'><strong>decet</strong></span> <span class='ocrx_word' id='word_1_433' title='bbox 2953 2106 3122 2175; x_wconf 84' lang='lat' dir='ltr'><strong>gloria</strong></span> <span class='ocrx_word' id='word_1_434' title='bbox 3173 2124 3293 2163; x_wconf 91' lang='lat' dir='ltr'><strong>cum</strong></span> <span class='ocrx_word' id='word_1_435' title='bbox 3339 2110 3498 2168; x_wconf 89' lang='lat' dir='ltr'><strong>Patre</strong></span> <span class='ocrx_word' id='word_1_436' title='bbox 3530 2117 3735 2182; x_wconf 87' lang='lat' dir='ltr'><strong>princi-</strong></span> 
     </span>
    </p>
   </div>
   <div class='ocr_carea' id='block_1_52' title="bbox 2140 2191 3734 2269">
    <p class='ocr_par' dir='ltr' id='par_1_52' title="bbox 2140 2191 3734 2269">
     <span class='ocr_line' id='line_1_52' title="bbox 2140 2191 3734 2269; baseline 0.013 -27"><span class='ocrx_word' id='word_1_437' title='bbox 2140 2191 2229 2258; x_wconf 89' lang='lat' dir='ltr'><strong>pio</strong></span> <span class='ocrx_word' id='word_1_438' title='bbox 2258 2202 2476 2246; x_wconf 90' lang='lat' dir='ltr'><strong>carente</strong></span> <span class='ocrx_word' id='word_1_439' title='bbox 2502 2234 2517 2258; x_wconf 92' lang='lat'><strong>,</strong></span> <span class='ocrx_word' id='word_1_440' title='bbox 2550 2202 2604 2248; x_wconf 91' lang='lat' dir='ltr'><strong>et</strong></span> <span class='ocrx_word' id='word_1_441' title='bbox 2629 2205 2817 2250; x_wconf 85' lang='lat' dir='ltr'><strong>sancto</strong></span> <span class='ocrx_word' id='word_1_442' title='bbox 2844 2195 3043 2266; x_wconf 87' lang='lat' dir='ltr'><strong>Spiritu</strong></span> <span class='ocrx_word' id='word_1_443' title='bbox 3071 2200 3187 2269; x_wconf 89' lang='lat' dir='ltr'><strong>ejus</strong></span> <span class='ocrx_word' id='word_1_444' title='bbox 3210 2243 3226 2269; x_wconf 93' lang='lat'><strong>,</strong></span> <span class='ocrx_word' id='word_1_445' title='bbox 3257 2202 3310 2257; x_wconf 92' lang='lat' dir='ltr'><strong>in</strong></span> <span class='ocrx_word' id='word_1_446' title='bbox 3335 2205 3527 2259; x_wconf 79' lang='lat' dir='ltr'><strong>srecula</strong></span> <span class='ocrx_word' id='word_1_447' title='bbox 3559 2224 3734 2263; x_wconf 67' lang='lat' dir='ltr'><strong>saecu-</strong></span> 
     </span>
    </p>
   </div>
   <div class='ocr_carea' id='block_1_53' title="bbox 2140 2282 2584 2344">
    <p class='ocr_par' dir='ltr' id='par_1_53' title="bbox 2140 2282 2584 2344">
     <span class='ocr_line' id='line_1_53' title="bbox 2140 2282 2584 2344; baseline 0.018 -10"><span class='ocrx_word' id='word_1_448' title='bbox 2140 2282 2331 2337; x_wconf 89' lang='lat' dir='ltr'><strong>lorum.</strong></span> <span class='ocrx_word' id='word_1_449' title='bbox 2362 2286 2554 2339; x_wconf 87' lang='lat' dir='ltr'><strong>Amen.</strong></span> <span class='ocrx_word' id='word_1_450' title='bbox 2572 2330 2584 2344; x_wconf 95' lang='lat'><strong>.</strong></span> 
     </span>
    </p>
   </div>
   <div class='ocr_carea' id='block_1_54' title="bbox 2146 2478 3731 2552">
    <p class='ocr_par' dir='ltr' id='par_1_54' title="bbox 2146 2478 3731 2552">
     <span class='ocr_line' id='line_1_54' title="bbox 2146 2478 3731 2552; baseline 0.018 -29"><span class='ocrx_word' id='word_1_451' title='bbox 2146 2495 2170 2523; x_wconf 73' lang='grc' dir='ltr'>ι</span> <span class='ocrx_word' id='word_1_452' title='bbox 2192 2478 2285 2529; x_wconf 84' lang='lat' dir='ltr'><strong>Sed</strong></span> <span class='ocrx_word' id='word_1_453' title='bbox 2325 2479 2445 2543; x_wconf 81' lang='lat' dir='ltr'><strong>quid</strong></span> <span class='ocrx_word' id='word_1_454' title='bbox 2452 2479 2496 2552; x_wconf 85' lang='lat'><strong>_?</strong></span> <span class='ocrx_word' id='word_1_455' title='bbox 2530 2495 2593 2531; x_wconf 91' lang='lat' dir='ltr'><strong>an</strong></span> <span class='ocrx_word' id='word_1_456' title='bbox 2626 2483 2759 2552; x_wconf 68' lang='lat' dir='ltr'><strong>juste</strong></span> <span class='ocrx_word' id='word_1_457' title='bbox 2798 2486 3022 2552; x_wconf 69' lang='lat' dir='ltr'><strong>voluisses</strong></span> <span class='ocrx_word' id='word_1_458' title='bbox 3046 2490 3071 2538; x_wconf 85' lang='lat'><strong><em>?</em></strong></span> <span class='ocrx_word' id='word_1_459' title='bbox 3091 2507 3113 2535; x_wconf 68' lang='grc' dir='ltr'><strong>ι</strong></span> <span class='ocrx_word' id='word_1_460' title='bbox 3150 2502 3265 2543; x_wconf 77' lang='lat' dir='ltr'><strong>meo</strong></span> <span class='ocrx_word' id='word_1_461' title='bbox 3303 2497 3506 2547; x_wconf 82' lang='lat' dir='ltr'><strong>Socratis</strong></span> <span class='ocrx_word' id='word_1_462' title='bbox 3528 2508 3637 2549; x_wconf 81' lang='lat' dir='ltr'><strong>sunt</strong></span> <span class='ocrx_word' id='word_1_463' title='bbox 3657 2503 3731 2552; x_wconf 85' lang='lat' dir='ltr'><strong>ad</strong></span> 
     </span>
    </p>
   </div>
   <div class='ocr_carea' id='block_1_55' title="bbox 2138 2543 3733 2613">
    <p class='ocr_par' dir='ltr' id='par_1_55' title="bbox 2138 2543 3733 2613">
     <span class='ocr_line' id='line_1_55' title="bbox 2138 2543 3733 2613; baseline 0.016 -25"><span class='ocrx_word' id='word_1_464' title='bbox 2138 2543 2505 2613; x_wconf 36' lang='lat' dir='ltr'><strong>uxoremn-verba</strong></span> <span class='ocrx_word' id='word_1_465' title='bbox 2522 2583 2535 2601; x_wconf 89' lang='lat'><strong>,</strong></span> <span class='ocrx_word' id='word_1_466' title='bbox 2562 2543 2803 2613; x_wconf 34' lang='lat' dir='ltr'><strong>utre/ert</strong></span> <span class='ocrx_word' id='word_1_467' title='bbox 2835 2550 3047 2602; x_wconf 80' lang='lat' dir='ltr'><strong>Laertius</strong></span> <span class='ocrx_word' id='word_1_468' title='bbox 3066 2593 3079 2612; x_wconf 95' lang='lat'><strong>,</strong></span> <span class='ocrx_word' id='word_1_469' title='bbox 3105 2554 3153 2604; x_wconf 84' lang='lat' dir='ltr'><strong>in</strong></span> <span class='ocrx_word' id='word_1_470' title='bbox 3197 2543 3733 2613; x_wconf 57' lang='lat' dir='ltr'><strong>ma‘sbciiai&#39;a”?&amp;£:?.</strong></span> 
     </span>
    </p>
   </div>
   <div class='ocr_carea' id='block_1_56' title="bbox 2140 2602 3731 2685">
    <p class='ocr_par' dir='ltr' id='par_1_56' title="bbox 2140 2602 3731 2685">
     <span class='ocr_line' id='line_1_56' title="bbox 2140 2602 3731 2685; baseline 0.016 -36"><span class='ocrx_word' id='word_1_471' title='bbox 2140 2615 2282 2685; x_wconf 33' lang='lat' dir='ltr'><strong>rigor.</strong></span> <span class='ocrx_word' id='word_1_472' title='bbox 2290 2602 2613 2685; x_wconf 48' lang='lat' dir='ltr'><strong>flgi‘dieeret,</strong></span> <span class='ocrx_word' id='word_1_473' title='bbox 2632 2602 2819 2685; x_wconf 69' lang='lat' dir='ltr'><strong>Iqjuste</strong></span> <span class='ocrx_word' id='word_1_474' title='bbox 2852 2602 3092 2685; x_wconf 43' lang='lat' dir='ltr'><strong>mor‘e&#39;ris&#39;;</strong></span> <span class='ocrx_word' id='word_1_475' title='bbox 3110 2602 3115 2603; x_wconf 18' lang='grc' dir='ltr'>ί</span> <span class='ocrx_word' id='word_1_476' title='bbox 3130 2602 3633 2685; x_wconf 51' lang='lat' dir='ltr'><strong>junéﬁﬁéia&#39;fﬂiizé‘</strong></span> 
     </span>
    </p>
   </div>
   <div class='ocr_carea' id='block_1_57' title="bbox 2139 2662 3735 2749">
    <p class='ocr_par' dir='ltr' id='par_1_57' title="bbox 2139 2662 3735 2749">
     <span class='ocr_line' id='line_1_57' title="bbox 2139 2662 3735 2749; baseline 0.013 -32"><span class='ocrx_word' id='word_1_477' title='bbox 2139 2662 2352 2749; x_wconf 42' lang='grc' dir='ltr'><strong>ίιίὶξξςίςε</strong></span> <span class='ocrx_word' id='word_1_478' title='bbox 2371 2662 2624 2749; x_wconf 46' lang='lat' dir='ltr'><strong>ﬂectentis</strong></span> <span class='ocrx_word' id='word_1_479' title='bbox 2664 2662 2926 2749; x_wconf 45' lang='lat' dir='ltr'><strong>Quatenus.</strong></span> <span class='ocrx_word' id='word_1_480' title='bbox 2956 2662 3473 2749; x_wconf 56' lang='lat' dir='ltr'><strong>xeodpiaaahiéiiiii</strong></span> <span class='ocrx_word' id='word_1_481' title='bbox 3488 2662 3643 2749; x_wconf 50' lang='lat' dir='ltr'><strong>ﬂio</strong></span> 
     </span>
    </p>
   </div>
   <div class='ocr_carea' id='block_1_58' title="bbox 2138 2730 3731 2800">
    <p class='ocr_par' dir='ltr' id='par_1_58' title="bbox 2138 2730 3731 2800">
     <span class='ocr_line' id='line_1_58' title="bbox 2138 2730 3731 2800; baseline 0.018 -28"><span class='ocrx_word' id='word_1_482' title='bbox 2138 2730 2438 2800; x_wconf 73' lang='lat' dir='ltr'><strong>Speratis_sic</strong></span> <span class='ocrx_word' id='word_1_483' title='bbox 2458 2730 2605 2800; x_wconf 72' lang='lat' dir='ltr'><strong>habet</strong></span> <span class='ocrx_word' id='word_1_484' title='bbox 2628 2747 2640 2781; x_wconf 91' lang='lat'><strong>:</strong></span> <span class='ocrx_word' id='word_1_485' title='bbox 2677 2734 2882 2794; x_wconf 67' lang='lat' dir='ltr'><strong>quidam</strong></span> <span class='ocrx_word' id='word_1_486' title='bbox 2905 2746 3065 2789; x_wconf 80' lang='lat' dir='ltr'><strong>autem</strong></span> <span class='ocrx_word' id='word_1_487' title='bbox 3085 2730 3731 2800; x_wconf 51' lang='lat' dir='ltr'><strong>dum.&#39;horii}e&quot;g};6ﬂ;</strong></span> 
     </span>
    </p>
   </div>
   <div class='ocr_carea' id='block_1_59' title="bbox 2139 2790 3733 2871">
    <p class='ocr_par' dir='ltr' id='par_1_59' title="bbox 2139 2790 3733 2871">
     <span class='ocr_line' id='line_1_59' title="bbox 2139 2790 3733 2871; baseline 0.019 -38"><span class='ocrx_word' id='word_1_488' title='bbox 2139 2790 2401 2871; x_wconf 43' lang='lat'><strong>10213.31:</strong></span> <span class='ocrx_word' id='word_1_489' title='bbox 2412 2793 2634 2871; x_wconf 44' lang='grc' dir='ltr'><strong>Δηιίῖῇᾐῃρ</strong></span> <span class='ocrx_word' id='word_1_490' title='bbox 2656 2790 2850 2871; x_wconf 79' lang='lat' dir='ltr'><strong>Sbc_rati_</strong></span> <span class='ocrx_word' id='word_1_491' title='bbox 2862 2800 3089 2871; x_wconf 76' lang='lat' dir='ltr'><strong>addictus</strong></span> <span class='ocrx_word' id='word_1_492' title='bbox 3108 2790 3130 2862; x_wconf 20' lang='grc' dir='ltr'><strong>,ί</strong></span> <span class='ocrx_word' id='word_1_493' title='bbox 3140 2790 3203 2854; x_wconf 74' lang='lat' dir='ltr'><strong>et</strong></span> <span class='ocrx_word' id='word_1_494' title='bbox 3216 2790 3468 2871; x_wconf 12' lang='lat' dir='ltr'><strong>rising-uitia</strong></span> 
     </span>
    </p>
   </div>
   <div class='ocr_carea' id='block_1_60' title="bbox 2136 2854 3731 2935">
    <p class='ocr_par' dir='ltr' id='par_1_60' title="bbox 2136 2854 3731 2935">
     <span class='ocr_line' id='line_1_60' title="bbox 2136 2854 3731 2935; baseline -0.001 0"><span class='ocrx_word' id='word_1_495' title='bbox 2136 2854 2615 2935; x_wconf 55' lang='grc' dir='ltr'><strong>ΞἾίΖξὶἮίέἔὲἦη.-Είὲῗὲ</strong></span> <span class='ocrx_word' id='word_1_496' title='bbox 2636 2871 2707 2935; x_wconf 63' lang='lat'><strong>-&#39;.,‘</strong></span> <span class='ocrx_word' id='word_1_497' title='bbox 3000 2876 3050 2935; x_wconf 47' lang='grc' dir='ltr'><strong>.οῄ</strong></span> <span class='ocrx_word' id='word_1_498' title='bbox 3081 2854 3431 2935; x_wconf 60' lang='grc' dir='ltr'><strong>δὸςταέεεῖιιρἷ</strong></span> <span class='ocrx_word' id='word_1_499' title='bbox 3452 2854 3589 2922; x_wconf 48' lang='lat' dir='ltr'><strong>iniit?</strong></span> <span class='ocrx_word' id='word_1_500' title='bbox 3603 2854 3731 2935; x_wconf 62' lang='grc' dir='ltr'><strong>ὗὲὶὲῗ</strong></span> 
     </span>
    </p>
   </div>
   <div class='ocr_carea' id='block_1_61' title="bbox 2138 2917 3725 2992">
    <p class='ocr_par' dir='ltr' id='par_1_61' title="bbox 2138 2917 3725 2992">
     <span class='ocr_line' id='line_1_61' title="bbox 2138 2917 3725 2992; baseline 0.016 -31"><span class='ocrx_word' id='word_1_501' title='bbox 2138 2917 2305 2992; x_wconf 58' lang='lat' dir='ltr'><strong>sertim</strong></span> <span class='ocrx_word' id='word_1_502' title='bbox 2328 2917 2519 2992; x_wconf 42' lang='lat' dir='ltr'><strong>ait-tetra</strong></span> <span class='ocrx_word' id='word_1_503' title='bbox 2540 2917 2858 2992; x_wconf 76' lang='lat' dir='ltr'><strong>intolerabile,</strong></span> <span class='ocrx_word' id='word_1_504' title='bbox 2882 2917 3009 2984; x_wconf 74' lang='lat' dir='ltr'><strong>quod</strong></span> <span class='ocrx_word' id='word_1_505' title='bbox 3032 2933 3079 2976; x_wconf 87' lang='lat' dir='ltr'><strong>te</strong></span> <span class='ocrx_word' id='word_1_506' title='bbox 3110 2917 3725 2992; x_wconf 42' lang='lat' dir='ltr'><strong>uideam&#39;injustenin-oi-ien‘</strong></span> 
     </span>
    </p>
   </div>
   <div class='ocr_carea' id='block_1_62' title="bbox 2139 2981 3729 3057">
    <p class='ocr_par' dir='ltr' id='par_1_62' title="bbox 2139 2981 3729 3057">
     <span class='ocr_line' id='line_1_62' title="bbox 2139 2981 3729 3057; baseline 0.019 -38"><span class='ocrx_word' id='word_1_507' title='bbox 2139 2981 2311 3057; x_wconf 35' lang='lat' dir='ltr'><strong>teni:</strong></span> <span class='ocrx_word' id='word_1_508' title='bbox 2323 2981 2518 3057; x_wconf 46' lang='lat' dir='ltr'><strong>ﬁcitur</strong></span> <span class='ocrx_word' id='word_1_509' title='bbox 2552 2988 2714 3057; x_wconf 49' lang='lat' dir='ltr'><strong>autem</strong></span> <span class='ocrx_word' id='word_1_510' title='bbox 2747 2981 2992 3057; x_wconf 75' lang='lat' dir='ltr'><strong>Socrates,_</strong></span> <span class='ocrx_word' id='word_1_511' title='bbox 3012 2988 3285 3057; x_wconf 63' lang='lat' dir='ltr'><strong>Apollodori</strong></span> <span class='ocrx_word' id='word_1_512' title='bbox 3308 2981 3456 3055; x_wconf 63' lang='lat' dir='ltr'><strong>capiti</strong></span> <span class='ocrx_word' id='word_1_513' title='bbox 3479 2981 3729 3050; x_wconf 60' lang='lat' dir='ltr'><strong>blandiens</strong></span> 
     </span>
    </p>
   </div>
   <div class='ocr_carea' id='block_1_63' title="bbox 2140 3042 3733 3121">
    <p class='ocr_par' dir='ltr' id='par_1_63' title="bbox 2140 3042 3733 3121">
     <span class='ocr_line' id='line_1_63' title="bbox 2140 3042 3733 3121; baseline 0.016 -37"><span class='ocrx_word' id='word_1_514' title='bbox 2140 3042 2796 3121; x_wconf 41' lang='lat' dir='ltr'><strong>remdisieifunemo</strong></span> <span class='ocrx_word' id='word_1_515' title='bbox 2818 3042 3084 3121; x_wconf 62' lang='lat' dir='ltr'><strong>cgrissinge,</strong></span> <span class='ocrx_word' id='word_1_516' title='bbox 3108 3064 3186 3121; x_wconf 72' lang='lat' dir='ltr'><strong>me</strong></span> <span class='ocrx_word' id='word_1_517' title='bbox 3216 3054 3349 3115; x_wconf 85' lang='lat' dir='ltr'><strong>juste</strong></span> <span class='ocrx_word' id='word_1_518' title='bbox 3368 3042 3733 3121; x_wconf 55' lang='lat' dir='ltr'><strong>&#39;qit‘nhi‘iiijiigié</strong></span> 
     </span>
    </p>
   </div>
   <div class='ocr_carea' id='block_1_64' title="bbox 2139 3102 3733 3182">
    <p class='ocr_par' dir='ltr' id='par_1_64' title="bbox 2139 3102 3733 3182">
     <span class='ocr_line' id='line_1_64' title="bbox 2139 3102 3733 3182; baseline 0.017 -36"><span class='ocrx_word' id='word_1_519' title='bbox 2139 3102 2809 3182; x_wconf 19' lang='lat' dir='ltr'><strong>mftlientp‘en‘t‘eiderenlt‘attes</strong></span> <span class='ocrx_word' id='word_1_520' title='bbox 2838 3107 2863 3159; x_wconf 74' lang='lat'><strong>.9</strong></span> <span class='ocrx_word' id='word_1_521' title='bbox 2881 3127 2906 3155; x_wconf 71' lang='grc' dir='ltr'><strong>ι</strong></span> <span class='ocrx_word' id='word_1_522' title='bbox 2947 3120 2999 3161; x_wconf 90' lang='lat' dir='ltr'><strong>et</strong></span> <span class='ocrx_word' id='word_1_523' title='bbox 3023 3102 3152 3163; x_wconf 78' lang='lat' dir='ltr'><strong>hunc</strong></span> <span class='ocrx_word' id='word_1_524' title='bbox 3174 3102 3341 3165; x_wconf 66' lang='lat' dir='ltr'><strong>locum</strong></span> <span class='ocrx_word' id='word_1_525' title='bbox 3359 3102 3522 3182; x_wconf 69' lang='lat' dir='ltr'><strong>magis</strong></span> <span class='ocrx_word' id='word_1_526' title='bbox 3539 3102 3733 3173; x_wconf 53' lang='lat' dir='ltr'><strong>{ideo}?</strong></span> 
     </span>
    </p>
   </div>
   <div class='ocr_carea' id='block_1_65' title="bbox 2142 3158 2827 3228">
    <p class='ocr_par' dir='ltr' id='par_1_65' title="bbox 2142 3158 2827 3228">
     <span class='ocr_line' id='line_1_65' title="bbox 2142 3158 2827 3228; baseline 0.015 -18"><span class='ocrx_word' id='word_1_527' title='bbox 2142 3158 2510 3223; x_wconf 78' lang='lat' dir='ltr'><strong>Chrysostomus</strong></span> <span class='ocrx_word' id='word_1_528' title='bbox 2532 3167 2827 3228; x_wconf 82' lang='lat' dir='ltr'><strong>signiﬁcare.</strong></span> 
     </span>
    </p>
   </div>
   <div class='ocr_carea' id='block_1_66' title="bbox 441 3280 3736 3325">
    <p class='ocr_par' dir='ltr' id='par_1_66' title="bbox 441 3280 3736 3325">
     <span class='ocr_line' id='line_1_66' title="bbox 441 3280 3736 3325; baseline 0.003 -30"><span class='ocrx_word' id='word_1_529' title='bbox 441 3280 3736 3325; x_wconf 27' lang='lat' dir='ltr'><strong>wax</strong></span> 
     </span>
    </p>
   </div>
   <div class='ocr_carea' id='block_1_67' title="bbox 1825 3357 2361 3421">
    <p class='ocr_par' dir='ltr' id='par_1_67' title="bbox 1825 3357 2361 3421">
     <span class='ocr_line' id='line_1_67' title="bbox 1825 3357 2361 3421; baseline 0.002 -3"><span class='ocrx_word' id='word_1_530' title='bbox 1825 3357 2176 3421; x_wconf 84' lang='lat' dir='ltr'><strong>HOMILIA</strong></span> <span class='ocrx_word' id='word_1_531' title='bbox 2220 3359 2361 3420; x_wconf 82' lang='lat' dir='ltr'><strong>XV.</strong></span> 
     </span>
    </p>
   </div>
   <div class='ocr_carea' id='block_1_68' title="bbox 438 3503 2030 3578">
    <p class='ocr_par' dir='ltr' id='par_1_68' title="bbox 438 3503 2030 3578">
     <span class='ocr_line' id='line_1_68' title="bbox 438 3503 2030 3578; baseline -0.004 -16"><span class='ocrx_word' id='word_1_532' title='bbox 438 3504 566 3562; x_wconf 75' lang='lat' dir='ltr'><strong>CAP.</strong></span> <span class='ocrx_word' id='word_1_533' title='bbox 608 3506 658 3561; x_wconf 88' lang='lat'><strong>6.</strong></span> <span class='ocrx_word' id='word_1_534' title='bbox 700 3522 756 3562; x_wconf 72' lang='grc' dir='ltr'><strong>ν.</strong></span> <span class='ocrx_word' id='word_1_535' title='bbox 800 3506 853 3562; x_wconf 91' lang='lat'><strong>8.</strong></span> <span class='ocrx_word' id='word_1_536' title='bbox 898 3506 1191 3578; x_wconf 77' lang='lat' dir='ltr'><strong>Stephanus</strong></span> <span class='ocrx_word' id='word_1_537' title='bbox 1220 3515 1387 3561; x_wconf 82' lang='lat' dir='ltr'><strong>autem</strong></span> <span class='ocrx_word' id='word_1_538' title='bbox 1416 3506 1593 3576; x_wconf 77' lang='lat' dir='ltr'><strong>plenus</strong></span> <span class='ocrx_word' id='word_1_539' title='bbox 1623 3505 1725 3575; x_wconf 82' lang='lat' dir='ltr'><strong>ﬁde</strong></span> <span class='ocrx_word' id='word_1_540' title='bbox 1768 3513 1814 3558; x_wconf 87' lang='lat' dir='ltr'><strong>et</strong></span> <span class='ocrx_word' id='word_1_541' title='bbox 1846 3503 2030 3557; x_wconf 83' lang='lat' dir='ltr'><strong>virtute</strong></span> 
     </span>
    </p>
   </div>
   <div class='ocr_carea' id='block_1_69' title="bbox 508 3596 1764 3669">
    <p class='ocr_par' dir='ltr' id='par_1_69' title="bbox 508 3596 1764 3669">
     <span class='ocr_line' id='line_1_69' title="bbox 508 3596 1764 3669; baseline -0.002 -18"><span class='ocrx_word' id='word_1_542' title='bbox 508 3598 723 3669; x_wconf 77' lang='lat' dir='ltr'><strong>faciebat</strong></span> <span class='ocrx_word' id='word_1_543' title='bbox 745 3599 979 3669; x_wconf 81' lang='lat' dir='ltr'><strong>prodigia</strong></span> <span class='ocrx_word' id='word_1_544' title='bbox 1004 3608 1050 3651; x_wconf 87' lang='lat' dir='ltr'><strong>et</strong></span> <span class='ocrx_word' id='word_1_545' title='bbox 1078 3599 1225 3667; x_wconf 82' lang='lat' dir='ltr'><strong>signa</strong></span> <span class='ocrx_word' id='word_1_546' title='bbox 1254 3615 1439 3669; x_wconf 88' lang='lat' dir='ltr'><strong>magna</strong></span> <span class='ocrx_word' id='word_1_547' title='bbox 1471 3597 1523 3651; x_wconf 85' lang='lat' dir='ltr'><strong>in</strong></span> <span class='ocrx_word' id='word_1_548' title='bbox 1554 3596 1764 3668; x_wconf 87' lang='lat' dir='ltr'><strong>populo.</strong></span> 
     </span>
    </p>
   </div>
   <div class='ocr_carea' id='block_1_70' title="bbox 511 3690 2027 3762">
    <p class='ocr_par' dir='ltr' id='par_1_70' title="bbox 511 3690 2027 3762">
     <span class='ocr_line' id='line_1_70' title="bbox 511 3690 2027 3762; baseline -0.001 -16"><span class='ocrx_word' id='word_1_549' title='bbox 511 3693 563 3748; x_wconf 80' lang='grc'><strong>1.</strong></span> <span class='ocrx_word' id='word_1_550' title='bbox 596 3690 661 3746; x_wconf 84' lang='grc' dir='ltr'><strong>1η</strong></span> <span class='ocrx_word' id='word_1_551' title='bbox 686 3694 1006 3747; x_wconf 84' lang='lat' dir='ltr'><strong>ordinatione</strong></span> <span class='ocrx_word' id='word_1_552' title='bbox 1035 3693 1262 3762; x_wconf 74' lang='lat' dir='ltr'><strong>Spiritus</strong></span> <span class='ocrx_word' id='word_1_553' title='bbox 1291 3702 1498 3746; x_wconf 77' lang='lat' dir='ltr'><strong>sanctus</strong></span> <span class='ocrx_word' id='word_1_554' title='bbox 1527 3693 1744 3745; x_wconf 84' lang='lat' dir='ltr'><strong>accedit.</strong></span> <span class='ocrx_word' id='word_1_555' title='bbox 1771 3720 1843 3731; x_wconf 89' lang='lat'>—</span> <span class='ocrx_word' id='word_1_556' title='bbox 1869 3690 2027 3754; x_wconf 80' lang='lat' dir='ltr'><strong>Vide,</strong></span> 
     </span>
    </p>
   </div>
   <div class='ocr_carea' id='block_1_71' title="bbox 438 3772 2031 3854">
    <p class='ocr_par' dir='ltr' id='par_1_71' title="bbox 438 3772 2031 3854">
     <span class='ocr_line' id='line_1_71' title="bbox 438 3772 2031 3854; baseline 0.001 -17"><span class='ocrx_word' id='word_1_557' title='bbox 438 3784 708 3853; x_wconf 89' lang='lat' dir='ltr'><strong>quomodo</strong></span> <span class='ocrx_word' id='word_1_558' title='bbox 737 3787 877 3839; x_wconf 90' lang='lat' dir='ltr'><strong>inter</strong></span> <span class='ocrx_word' id='word_1_559' title='bbox 904 3795 1111 3854; x_wconf 83' lang='lat' dir='ltr'><strong>septem</strong></span> <span class='ocrx_word' id='word_1_560' title='bbox 1141 3785 1260 3838; x_wconf 92' lang='lat' dir='ltr'><strong>illos</strong></span> <span class='ocrx_word' id='word_1_561' title='bbox 1284 3800 1421 3838; x_wconf 90' lang='lat' dir='ltr'><strong>unus</strong></span> <span class='ocrx_word' id='word_1_562' title='bbox 1447 3783 1759 3852; x_wconf 66' lang='lat' dir='ltr'><strong>praecellens</strong></span> <span class='ocrx_word' id='word_1_563' title='bbox 1776 3772 1939 3847; x_wconf 83' lang='lat' dir='ltr'><strong>esset,</strong></span> <span class='ocrx_word' id='word_1_564' title='bbox 1968 3797 2031 3838; x_wconf 89' lang='lat' dir='ltr'><strong>ac</strong></span> 
     </span>
    </p>
   </div>
   <div class='ocr_carea' id='block_1_72' title="bbox 442 3876 2029 3945">
    <p class='ocr_par' dir='ltr' id='par_1_72' title="bbox 442 3876 2029 3945">
     <span class='ocr_line' id='line_1_72' title="bbox 442 3876 2029 3945; baseline 0.001 -18"><span class='ocrx_word' id='word_1_565' title='bbox 442 3876 644 3945; x_wconf 90' lang='lat' dir='ltr'><strong>primas</strong></span> <span class='ocrx_word' id='word_1_566' title='bbox 676 3884 902 3931; x_wconf 88' lang='lat' dir='ltr'><strong>teneret.</strong></span> <span class='ocrx_word' id='word_1_567' title='bbox 932 3876 1045 3931; x_wconf 84' lang='lat' dir='ltr'><strong>Etsi</strong></span> <span class='ocrx_word' id='word_1_568' title='bbox 1071 3877 1213 3931; x_wconf 89' lang='lat' dir='ltr'><strong>enim</strong></span> <span class='ocrx_word' id='word_1_569' title='bbox 1244 3876 1514 3930; x_wconf 90' lang='lat' dir='ltr'><strong>ordinatio</strong></span> <span class='ocrx_word' id='word_1_570' title='bbox 1534 3876 1838 3930; x_wconf 89' lang='lat' dir='ltr'><strong>communis</strong></span> <span class='ocrx_word' id='word_1_571' title='bbox 1864 3884 2029 3942; x_wconf 87' lang='lat' dir='ltr'><strong>esset,</strong></span> 
     </span>
    </p>
   </div>
   <div class='ocr_carea' id='block_1_73' title="bbox 440 3966 2031 4037">
    <p class='ocr_par' dir='ltr' id='par_1_73' title="bbox 440 3966 2031 4037">
     <span class='ocr_line' id='line_1_73' title="bbox 440 3966 2031 4037; baseline 0 -17"><span class='ocrx_word' id='word_1_572' title='bbox 440 3976 495 4020; x_wconf 88' lang='lat' dir='ltr'><strong>at</strong></span> <span class='ocrx_word' id='word_1_573' title='bbox 528 3966 614 4021; x_wconf 91' lang='lat' dir='ltr'><strong>hic</strong></span> <span class='ocrx_word' id='word_1_574' title='bbox 658 3966 915 4036; x_wconf 84' lang='lat' dir='ltr'><strong>majorem</strong></span> <span class='ocrx_word' id='word_1_575' title='bbox 959 3968 1184 4035; x_wconf 76' lang='lat' dir='ltr'><strong>gratiam</strong></span> <span class='ocrx_word' id='word_1_576' title='bbox 1223 3967 1461 4021; x_wconf 79' lang='lat' dir='ltr'><strong>attraxit.</strong></span> <span class='ocrx_word' id='word_1_577' title='bbox 1509 3968 1681 4020; x_wconf 82' lang='lat' dir='ltr'><strong>Antea</strong></span> <span class='ocrx_word' id='word_1_578' title='bbox 1726 3981 1856 4020; x_wconf 88' lang='lat' dir='ltr'><strong>vero</strong></span> <span class='ocrx_word' id='word_1_579' title='bbox 1881 3966 2031 4037; x_wconf 87' lang='lat' dir='ltr'><strong>signa</strong></span> 
     </span>
    </p>
   </div>
   <div class='ocr_carea' id='block_1_74' title="bbox 428 4057 2031 4125">
    <p class='ocr_par' dir='ltr' id='par_1_74' title="bbox 428 4057 2031 4125">
     <span class='ocr_line' id='line_1_74' title="bbox 428 4057 2031 4125; baseline 0.001 -12"><span class='ocrx_word' id='word_1_580' title='bbox 428 4075 547 4114; x_wconf 80' lang='lat' dir='ltr'><strong>non</strong></span> <span class='ocrx_word' id='word_1_581' title='bbox 591 4058 856 4122; x_wconf 83' lang='lat' dir='ltr'><strong>faciebat,</strong></span> <span class='ocrx_word' id='word_1_582' title='bbox 887 4059 981 4115; x_wconf 90' lang='lat' dir='ltr'><strong>sed</strong></span> <span class='ocrx_word' id='word_1_583' title='bbox 1031 4061 1118 4114; x_wconf 88' lang='lat' dir='ltr'><strong>ubi</strong></span> <span class='ocrx_word' id='word_1_584' title='bbox 1164 4058 1479 4114; x_wconf 85' lang='lat' dir='ltr'><strong>manifestus</strong></span> <span class='ocrx_word' id='word_1_585' title='bbox 1526 4057 2031 4125; x_wconf 89' lang='lat' dir='ltr'><strong>fuit;ntostende-</strong></span> 
     </span>
    </p>
   </div>
   <div class='ocr_carea' id='block_1_75' title="bbox 441 4151 2030 4223">
    <p class='ocr_par' dir='ltr' id='par_1_75' title="bbox 441 4151 2030 4223">
     <span class='ocr_line' id='line_1_75' title="bbox 441 4151 2030 4223; baseline 0 -17"><span class='ocrx_word' id='word_1_586' title='bbox 441 4161 590 4207; x_wconf 86' lang='lat' dir='ltr'><strong>retur</strong></span> <span class='ocrx_word' id='word_1_587' title='bbox 615 4168 721 4207; x_wconf 91' lang='lat' dir='ltr'><strong>non</strong></span> <span class='ocrx_word' id='word_1_588' title='bbox 744 4153 913 4207; x_wconf 89' lang='lat' dir='ltr'><strong>solam</strong></span> <span class='ocrx_word' id='word_1_589' title='bbox 944 4155 1169 4223; x_wconf 79' lang='lat' dir='ltr'><strong>gratiam</strong></span> <span class='ocrx_word' id='word_1_590' title='bbox 1192 4151 1442 4207; x_wconf 81' lang='lat' dir='ltr'><strong>sufficere</strong></span> <span class='ocrx_word' id='word_1_591' title='bbox 1460 4194 1476 4216; x_wconf 91' lang='lat'><strong>,</strong></span> <span class='ocrx_word' id='word_1_592' title='bbox 1514 4152 1609 4207; x_wconf 89' lang='lat' dir='ltr'><strong>sed</strong></span> <span class='ocrx_word' id='word_1_593' title='bbox 1639 4152 2030 4207; x_wconf 87' lang='lat' dir='ltr'><strong>ordinationem</strong></span> 
     </span>
    </p>
   </div>
   <div class='ocr_carea' id='block_1_76' title="bbox 446 4244 2031 4315">
    <p class='ocr_par' dir='ltr' id='par_1_76' title="bbox 446 4244 2031 4315">
     <span class='ocr_line' id='line_1_76' title="bbox 446 4244 2031 4315; baseline 0.001 -18"><span class='ocrx_word' id='word_1_594' title='bbox 446 4246 683 4314; x_wconf 81' lang='lat' dir='ltr'><strong>requiri,</strong></span> <span class='ocrx_word' id='word_1_595' title='bbox 715 4255 771 4300; x_wconf 92' lang='lat' dir='ltr'><strong>ut</strong></span> <span class='ocrx_word' id='word_1_596' title='bbox 801 4246 1034 4314; x_wconf 90' lang='lat' dir='ltr'><strong>Spiritus</strong></span> <span class='ocrx_word' id='word_1_597' title='bbox 1058 4246 1301 4301; x_wconf 81' lang='lat' dir='ltr'><strong>accessio</strong></span> <span class='ocrx_word' id='word_1_598' title='bbox 1331 4244 1438 4300; x_wconf 84' lang='lat' dir='ltr'><strong>fiat.</strong></span> <span class='ocrx_word' id='word_1_599' title='bbox 1470 4245 1621 4314; x_wconf 85' lang='lat' dir='ltr'><strong>Quod</strong></span> <span class='ocrx_word' id='word_1_600' title='bbox 1650 4246 1693 4301; x_wconf 90' lang='lat' dir='ltr'><strong>si</strong></span> <span class='ocrx_word' id='word_1_601' title='bbox 1721 4255 1875 4300; x_wconf 88' lang='lat' dir='ltr'><strong>antea</strong></span> <span class='ocrx_word' id='word_1_602' title='bbox 1907 4245 2031 4315; x_wconf 91' lang='lat' dir='ltr'><strong>Spi-</strong></span> 
     </span>
    </p>
   </div>
   <div class='ocr_carea' id='block_1_77' title="bbox 443 4336 2032 4406">
    <p class='ocr_par' dir='ltr' id='par_1_77' title="bbox 443 4336 2032 4406">
     <span class='ocr_line' id='line_1_77' title="bbox 443 4336 2032 4406; baseline 0.001 -16"><span class='ocrx_word' id='word_1_603' title='bbox 443 4337 547 4391; x_wconf 88' lang='lat' dir='ltr'><strong>ritu</strong></span> <span class='ocrx_word' id='word_1_604' title='bbox 593 4338 732 4406; x_wconf 88' lang='lat' dir='ltr'><strong>pleni</strong></span> <span class='ocrx_word' id='word_1_605' title='bbox 782 4348 968 4404; x_wconf 88' lang='lat' dir='ltr'><strong>erant,</strong></span> <span class='ocrx_word' id='word_1_606' title='bbox 1010 4346 1065 4392; x_wconf 90' lang='lat' dir='ltr'><strong>at</strong></span> <span class='ocrx_word' id='word_1_607' title='bbox 1115 4338 1168 4392; x_wconf 91' lang='lat' dir='ltr'><strong>id</strong></span> <span class='ocrx_word' id='word_1_608' title='bbox 1221 4353 1251 4391; x_wconf 90' lang='lat' dir='ltr'><strong>a</strong></span> <span class='ocrx_word' id='word_1_609' title='bbox 1294 4339 1528 4392; x_wconf 84' lang='lat' dir='ltr'><strong>lavacro.</strong></span> <span class='ocrx_word' id='word_1_610' title='bbox 1582 4336 1636 4392; x_wconf 90' lang='lat'><strong>9.</strong></span> <span class='ocrx_word' id='word_1_611' title='bbox 1689 4337 2032 4394; x_wconf 74' lang='lat' dir='ltr'><strong>Surrexerunt</strong></span> 
     </span>
    </p>
   </div>
   <div class='ocr_carea' id='block_1_78' title="bbox 441 4426 2033 4501">
    <p class='ocr_par' dir='ltr' id='par_1_78' title="bbox 441 4426 2033 4501">
     <span class='ocr_line' id='line_1_78' title="bbox 441 4426 2033 4501; baseline 0.003 -21"><span class='ocrx_word' id='word_1_612' title='bbox 441 4438 607 4481; x_wconf 86' lang='lat' dir='ltr'><strong>autem</strong></span> <span class='ocrx_word' id='word_1_613' title='bbox 645 4430 851 4499; x_wconf 82' lang='lat' dir='ltr'><strong>quidam</strong></span> <span class='ocrx_word' id='word_1_614' title='bbox 885 4429 949 4483; x_wconf 84' lang='lat' dir='ltr'><strong>de</strong></span> <span class='ocrx_word' id='word_1_615' title='bbox 981 4445 1263 4501; x_wconf 79' lang='lat' dir='ltr'><strong>synagoga.</strong></span> <span class='ocrx_word' id='word_1_616' title='bbox 1320 4426 1825 4485; x_wconf 90' lang='lat' dir='ltr'><strong>Consurrectionem</strong></span> <span class='ocrx_word' id='word_1_617' title='bbox 1875 4438 2033 4486; x_wconf 72' lang='lat' dir='ltr'><strong>vocat</strong></span> 
     </span>
    </p>
   </div>
   <div class='ocr_carea' id='block_1_79' title="bbox 442 4520 2032 4593">
    <p class='ocr_par' dir='ltr' id='par_1_79' title="bbox 442 4520 2032 4593">
     <span class='ocr_line' id='line_1_79' title="bbox 442 4520 2032 4593; baseline 0.001 -17"><span class='ocrx_word' id='word_1_618' title='bbox 442 4520 912 4577; x_wconf 73' lang='lat' dir='ltr'><strong>cxacerbationem</strong></span> <span class='ocrx_word' id='word_1_619' title='bbox 953 4532 1007 4577; x_wconf 89' lang='lat' dir='ltr'><strong>et</strong></span> <span class='ocrx_word' id='word_1_620' title='bbox 1046 4523 1180 4577; x_wconf 90' lang='lat' dir='ltr'><strong>iram</strong></span> <span class='ocrx_word' id='word_1_621' title='bbox 1224 4537 1434 4577; x_wconf 90' lang='lat' dir='ltr'><strong>eorum.</strong></span> <span class='ocrx_word' id='word_1_622' title='bbox 1477 4523 1574 4577; x_wconf 86' lang='lat' dir='ltr'><strong>Hic</strong></span> <span class='ocrx_word' id='word_1_623' title='bbox 1615 4522 1737 4577; x_wconf 91' lang='lat' dir='ltr'><strong>vide</strong></span> <span class='ocrx_word' id='word_1_624' title='bbox 1784 4538 2032 4593; x_wconf 88' lang='lat' dir='ltr'><strong>magnam</strong></span> 
     </span>
    </p>
   </div>
   <div class='ocr_carea' id='block_1_80' title="bbox 442 4613 2029 4677">
    <p class='ocr_par' dir='ltr' id='par_1_80' title="bbox 442 4613 2029 4677">
     <span class='ocr_line' id='line_1_80' title="bbox 442 4613 2029 4677; baseline 0.002 -10"><span class='ocrx_word' id='word_1_625' title='bbox 442 4613 873 4677; x_wconf 87' lang='lat' dir='ltr'><strong>multitudinem;</strong></span> <span class='ocrx_word' id='word_1_626' title='bbox 910 4614 1019 4668; x_wconf 90' lang='lat' dir='ltr'><strong>imo</strong></span> <span class='ocrx_word' id='word_1_627' title='bbox 1048 4614 1208 4669; x_wconf 90' lang='lat' dir='ltr'><strong>aliam</strong></span> <span class='ocrx_word' id='word_1_628' title='bbox 1233 4614 1589 4671; x_wconf 83' lang='lat' dir='ltr'><strong>accusationis</strong></span> <span class='ocrx_word' id='word_1_629' title='bbox 1615 4614 1864 4672; x_wconf 89' lang='lat' dir='ltr'><strong>formam.</strong></span> <span class='ocrx_word' id='word_1_630' title='bbox 1896 4615 2029 4670; x_wconf 87' lang='lat' dir='ltr'><strong>Nam</strong></span> 
     </span>
    </p>
   </div>
   <div class='ocr_carea' id='block_1_81' title="bbox 443 4704 2031 4774">
    <p class='ocr_par' dir='ltr' id='par_1_81' title="bbox 443 4704 2031 4774">
     <span class='ocr_line' id='line_1_81' title="bbox 443 4704 2031 4774; baseline 0.002 -15"><span class='ocrx_word' id='word_1_631' title='bbox 443 4713 725 4774; x_wconf 84' lang='lat' dir='ltr'><strong>postquam</strong></span> <span class='ocrx_word' id='word_1_632' title='bbox 766 4704 1027 4760; x_wconf 85' lang='lat' dir='ltr'><strong>Gamaliel</strong></span> <span class='ocrx_word' id='word_1_633' title='bbox 1069 4705 1184 4761; x_wconf 91' lang='lat' dir='ltr'><strong>illos</strong></span> <span class='ocrx_word' id='word_1_634' title='bbox 1229 4706 1585 4772; x_wconf 88' lang='lat' dir='ltr'><strong>cobibuerat,</strong></span> <span class='ocrx_word' id='word_1_635' title='bbox 1628 4722 1698 4761; x_wconf 90' lang='lat' dir='ltr'><strong>ne</strong></span> <span class='ocrx_word' id='word_1_636' title='bbox 1742 4708 1840 4762; x_wconf 90' lang='lat' dir='ltr'><strong>bac</strong></span> <span class='ocrx_word' id='word_1_637' title='bbox 1876 4707 1943 4762; x_wconf 92' lang='lat' dir='ltr'><strong>de</strong></span> <span class='ocrx_word' id='word_1_638' title='bbox 1973 4722 2031 4763; x_wconf 90' lang='lat' dir='ltr'><strong>re</strong></span> 
     </span>
    </p>
   </div>
   <div class='ocr_carea' id='block_1_82' title="bbox 440 4796 2031 4863">
    <p class='ocr_par' dir='ltr' id='par_1_82' title="bbox 440 4796 2031 4863">
     <span class='ocr_line' id='line_1_82' title="bbox 440 4796 2031 4863; baseline 0.003 -13"><span class='ocrx_word' id='word_1_639' title='bbox 440 4796 771 4863; x_wconf 83' lang='lat' dir='ltr'><strong>incusarent,</strong></span> <span class='ocrx_word' id='word_1_640' title='bbox 799 4798 957 4851; x_wconf 88' lang='lat' dir='ltr'><strong>aliam</strong></span> <span class='ocrx_word' id='word_1_641' title='bbox 987 4797 1250 4853; x_wconf 90' lang='lat' dir='ltr'><strong>inducunt</strong></span> <span class='ocrx_word' id='word_1_642' title='bbox 1276 4800 1697 4853; x_wconf 86' lang='lat' dir='ltr'><strong>accusationem.</strong></span> <span class='ocrx_word' id='word_1_643' title='bbox 1724 4818 1743 4851; x_wconf 76' lang='grc' dir='ltr'>ς</span> <span class='ocrx_word' id='word_1_644' title='bbox 1768 4798 2031 4854; x_wconf 82' lang='lat' dir='ltr'><strong>Surrexe-</strong></span> 
     </span>
    </p>
   </div>
   <div class='ocr_carea' id='block_1_83' title="bbox 439 4890 2032 4963">
    <p class='ocr_par' dir='ltr' id='par_1_83' title="bbox 439 4890 2032 4963">
     <span class='ocr_line' id='line_1_83' title="bbox 439 4890 2032 4963; baseline 0.001 -20"><span class='ocrx_word' id='word_1_645' title='bbox 439 4897 567 4944; x_wconf 88' lang='lat' dir='ltr'><strong>runt</strong></span> <span class='ocrx_word' id='word_1_646' title='bbox 579 4900 779 4956; x_wconf 89' lang='lat' dir='ltr'><strong>autem,</strong></span> <span class='ocrx_word' id='word_1_647' title='bbox 804 4890 994 4960; x_wconf 84' lang='lat' dir='ltr'><strong>inquit,</strong></span> <span class='ocrx_word' id='word_1_648' title='bbox 1019 4890 1234 4961; x_wconf 89' lang='lat' dir='ltr'><strong>quidam</strong></span> <span class='ocrx_word' id='word_1_649' title='bbox 1253 4890 1321 4945; x_wconf 87' lang='lat' dir='ltr'><strong>de</strong></span> <span class='ocrx_word' id='word_1_650' title='bbox 1343 4906 1635 4963; x_wconf 82' lang='lat' dir='ltr'><strong>synagoga,</strong></span> <span class='ocrx_word' id='word_1_651' title='bbox 1661 4907 1780 4960; x_wconf 65' lang='lat' dir='ltr'><strong>qum</strong></span> <span class='ocrx_word' id='word_1_652' title='bbox 1796 4892 2032 4961; x_wconf 89' lang='lat' dir='ltr'><strong>appella-</strong></span> 
     </span>
    </p>
   </div>
   <div class='ocr_carea' id='block_1_84' title="bbox 444 4981 2027 5054">
    <p class='ocr_par' dir='ltr' id='par_1_84' title="bbox 444 4981 2027 5054">
     <span class='ocr_line' id='line_1_84' title="bbox 444 4981 2027 5054; baseline 0.002 -20"><span class='ocrx_word' id='word_1_653' title='bbox 444 4991 531 5036; x_wconf 90' lang='lat' dir='ltr'><strong>tur</strong></span> <span class='ocrx_word' id='word_1_654' title='bbox 551 4981 946 5036; x_wconf 85' lang='lat' dir='ltr'><strong>Libertinorum</strong></span> <span class='ocrx_word' id='word_1_655' title='bbox 965 4990 1020 5037; x_wconf 92' lang='lat' dir='ltr'><strong>et</strong></span> <span class='ocrx_word' id='word_1_656' title='bbox 1035 4982 1421 5054; x_wconf 88' lang='lat' dir='ltr'><strong>Cyrenensium</strong></span> <span class='ocrx_word' id='word_1_657' title='bbox 1441 4992 1495 5037; x_wconf 90' lang='lat' dir='ltr'><strong>et</strong></span> <span class='ocrx_word' id='word_1_658' title='bbox 1512 4983 2027 5050; x_wconf 83' lang='lat' dir='ltr'><strong>Alexandrinorum,</strong></span> 
     </span>
    </p>
   </div>
   <div class='ocr_carea' id='block_1_85' title="bbox 441 5073 2028 5144">
    <p class='ocr_par' dir='ltr' id='par_1_85' title="bbox 441 5073 2028 5144">
     <span class='ocr_line' id='line_1_85' title="bbox 441 5073 2028 5144; baseline 0 -16"><span class='ocrx_word' id='word_1_659' title='bbox 441 5083 497 5128; x_wconf 89' lang='lat' dir='ltr'><strong>et</strong></span> <span class='ocrx_word' id='word_1_660' title='bbox 522 5090 707 5129; x_wconf 88' lang='lat' dir='ltr'><strong>eorum</strong></span> <span class='ocrx_word' id='word_1_661' title='bbox 725 5074 813 5144; x_wconf 90' lang='lat' dir='ltr'><strong>qui</strong></span> <span class='ocrx_word' id='word_1_662' title='bbox 834 5083 986 5128; x_wconf 87' lang='lat' dir='ltr'><strong>erant</strong></span> <span class='ocrx_word' id='word_1_663' title='bbox 1004 5090 1073 5128; x_wconf 79' lang='lat' dir='ltr'><strong>ex</strong></span> <span class='ocrx_word' id='word_1_664' title='bbox 1091 5073 1274 5130; x_wconf 88' lang='lat' dir='ltr'><strong>Cilicia</strong></span> <span class='ocrx_word' id='word_1_665' title='bbox 1298 5084 1353 5129; x_wconf 89' lang='lat' dir='ltr'><strong>et</strong></span> <span class='ocrx_word' id='word_1_666' title='bbox 1375 5075 1517 5138; x_wconf 87' lang='lat' dir='ltr'><strong>Asia,</strong></span> <span class='ocrx_word' id='word_1_667' title='bbox 1543 5074 1879 5144; x_wconf 89' lang='lat' dir='ltr'><strong>disputantes</strong></span> <span class='ocrx_word' id='word_1_668' title='bbox 1906 5091 2028 5130; x_wconf 91' lang='lat' dir='ltr'><strong>cum</strong></span> 
     </span>
    </p>
   </div>
   <div class='ocr_carea' id='block_1_86' title="bbox 439 5165 2032 5235">
    <p class='ocr_par' dir='ltr' id='par_1_86' title="bbox 439 5165 2032 5235">
     <span class='ocr_line' id='line_1_86' title="bbox 439 5165 2032 5235; baseline 0.001 -15"><span class='ocrx_word' id='word_1_669' title='bbox 439 5165 750 5235; x_wconf 86' lang='lat' dir='ltr'><strong>Stephano;</strong></span> <span class='ocrx_word' id='word_1_670' title='bbox 788 5166 873 5220; x_wconf 81' lang='grc'><strong>10.</strong></span> <span class='ocrx_word' id='word_1_671' title='bbox 908 5174 1087 5220; x_wconf 84' lang='lat' dir='ltr'><strong>etnon</strong></span> <span class='ocrx_word' id='word_1_672' title='bbox 1120 5175 1372 5235; x_wconf 82' lang='lat' dir='ltr'><strong>poterant</strong></span> <span class='ocrx_word' id='word_1_673' title='bbox 1398 5166 1652 5221; x_wconf 89' lang='lat' dir='ltr'><strong>resistere</strong></span> <span class='ocrx_word' id='word_1_674' title='bbox 1673 5168 1949 5235; x_wconf 72' lang='lat' dir='ltr'><strong>sapientia:</strong></span> <span class='ocrx_word' id='word_1_675' title='bbox 1978 5176 2032 5221; x_wconf 88' lang='lat' dir='ltr'><strong>et</strong></span> 
     </span>
    </p>
   </div>
   <div class='ocr_carea' id='block_1_87' title="bbox 441 5256 2025 5327">
    <p class='ocr_par' dir='ltr' id='par_1_87' title="bbox 441 5256 2025 5327">
     <span class='ocr_line' id='line_1_87' title="bbox 441 5256 2025 5327; baseline -0.001 -15"><span class='ocrx_word' id='word_1_676' title='bbox 441 5256 684 5326; x_wconf 81' lang='lat' dir='ltr'><strong>Spiritui,</strong></span> <span class='ocrx_word' id='word_1_677' title='bbox 704 5256 797 5327; x_wconf 91' lang='lat' dir='ltr'><strong>qui</strong></span> <span class='ocrx_word' id='word_1_678' title='bbox 824 5256 1159 5326; x_wconf 88' lang='lat' dir='ltr'><strong>loquebatur.</strong></span> <span class='ocrx_word' id='word_1_679' title='bbox 1179 5257 1265 5310; x_wconf 77' lang='grc'><strong>11.</strong></span> <span class='ocrx_word' id='word_1_680' title='bbox 1287 5256 1437 5310; x_wconf 86' lang='lat' dir='ltr'><strong>Tunc</strong></span> <span class='ocrx_word' id='word_1_681' title='bbox 1455 5258 1838 5312; x_wconf 86' lang='lat' dir='ltr'><strong>summiseruut</strong></span> <span class='ocrx_word' id='word_1_682' title='bbox 1862 5258 2025 5323; x_wconf 85' lang='lat' dir='ltr'><strong>viros,</strong></span> 
     </span>
    </p>
   </div>
   <div class='ocr_carea' id='block_1_88' title="bbox 441 5348 2030 5419">
    <p class='ocr_par' dir='ltr' id='par_1_88' title="bbox 441 5348 2030 5419">
     <span class='ocr_line' id='line_1_88' title="bbox 441 5348 2030 5419; baseline 0.003 -20"><span class='ocrx_word' id='word_1_683' title='bbox 441 5360 515 5419; x_wconf 79' lang='lat' dir='ltr'><strong>qtt</strong></span> <span class='ocrx_word' id='word_1_684' title='bbox 569 5349 813 5404; x_wconf 87' lang='lat' dir='ltr'><strong>dicerent</strong></span> <span class='ocrx_word' id='word_1_685' title='bbox 860 5364 919 5403; x_wconf 89' lang='lat' dir='ltr'><strong>se</strong></span> <span class='ocrx_word' id='word_1_686' title='bbox 959 5348 1229 5403; x_wconf 84' lang='lat' dir='ltr'><strong>audivisse</strong></span> <span class='ocrx_word' id='word_1_687' title='bbox 1257 5364 1378 5403; x_wconf 91' lang='lat' dir='ltr'><strong>eum</strong></span> <span class='ocrx_word' id='word_1_688' title='bbox 1418 5348 1686 5403; x_wconf 90' lang='lat' dir='ltr'><strong>dicentem</strong></span> <span class='ocrx_word' id='word_1_689' title='bbox 1720 5350 1881 5403; x_wconf 85' lang='lat' dir='ltr'><strong>verba</strong></span> <span class='ocrx_word' id='word_1_690' title='bbox 1913 5350 2030 5403; x_wconf 86' lang='lat' dir='ltr'><strong>bla-</strong></span> 
     </span>
    </p>
   </div>
   <div class='ocr_carea' id='block_1_89' title="bbox 440 5439 2029 5513">
    <p class='ocr_par' dir='ltr' id='par_1_89' title="bbox 440 5439 2029 5513">
     <span class='ocr_line' id='line_1_89' title="bbox 440 5439 2029 5513; baseline -0.002 -16"><span class='ocrx_word' id='word_1_691' title='bbox 440 5442 698 5512; x_wconf 66' lang='lat' dir='ltr'><strong>sphemiae</strong></span> <span class='ocrx_word' id='word_1_692' title='bbox 728 5440 779 5496; x_wconf 93' lang='lat' dir='ltr'><strong>in</strong></span> <span class='ocrx_word' id='word_1_693' title='bbox 810 5440 1047 5513; x_wconf 83' lang='lat' dir='ltr'><strong>Moysem</strong></span> <span class='ocrx_word' id='word_1_694' title='bbox 1074 5448 1128 5495; x_wconf 87' lang='lat' dir='ltr'><strong>et</strong></span> <span class='ocrx_word' id='word_1_695' title='bbox 1166 5440 1217 5494; x_wconf 92' lang='lat' dir='ltr'><strong>in</strong></span> <span class='ocrx_word' id='word_1_696' title='bbox 1266 5440 1454 5495; x_wconf 92' lang='lat' dir='ltr'><strong>Deum.</strong></span> <span class='ocrx_word' id='word_1_697' title='bbox 1488 5458 1507 5492; x_wconf 80' lang='grc' dir='ltr'><strong><em>ι</em></strong></span> <span class='ocrx_word' id='word_1_698' title='bbox 1540 5439 1610 5495; x_wconf 89' lang='lat' dir='ltr'><strong>Ut</strong></span> <span class='ocrx_word' id='word_1_699' title='bbox 1634 5440 2029 5495; x_wconf 91' lang='lat' dir='ltr'><strong>accusationem</strong></span> 
     </span>
    </p>
   </div>
   <div class='ocr_carea' id='block_1_90' title="bbox 443 5534 2029 5607">
    <p class='ocr_par' dir='ltr' id='par_1_90' title="bbox 443 5534 2029 5607">
     <span class='ocr_line' id='line_1_90' title="bbox 443 5534 2029 5607; baseline 0.001 -20"><span class='ocrx_word' id='word_1_700' title='bbox 443 5536 742 5601; x_wconf 88' lang='lat' dir='ltr'><strong>instituant,</strong></span> <span class='ocrx_word' id='word_1_701' title='bbox 770 5534 969 5590; x_wconf 86' lang='lat' dir='ltr'><strong>Contra</strong></span> <span class='ocrx_word' id='word_1_702' title='bbox 1001 5535 1187 5599; x_wconf 91' lang='lat' dir='ltr'><strong>Deum,</strong></span> <span class='ocrx_word' id='word_1_703' title='bbox 1214 5534 1479 5601; x_wconf 90' lang='lat' dir='ltr'><strong>inquiunt,</strong></span> <span class='ocrx_word' id='word_1_704' title='bbox 1503 5543 1558 5589; x_wconf 89' lang='lat' dir='ltr'><strong>et</strong></span> <span class='ocrx_word' id='word_1_705' title='bbox 1583 5545 1767 5589; x_wconf 90' lang='lat' dir='ltr'><strong>contra</strong></span> <span class='ocrx_word' id='word_1_706' title='bbox 1794 5534 2029 5607; x_wconf 83' lang='lat' dir='ltr'><strong>Moysem</strong></span> 
     </span>
    </p>
   </div>
   <div class='ocr_carea' id='block_1_91' title="bbox 444 5625 2029 5697">
    <p class='ocr_par' dir='ltr' id='par_1_91' title="bbox 444 5625 2029 5697">
     <span class='ocr_line' id='line_1_91' title="bbox 444 5625 2029 5697; baseline 0.001 -18"><span class='ocrx_word' id='word_1_707' title='bbox 444 5626 698 5695; x_wconf 85' lang='lat' dir='ltr'><strong>loquitur.</strong></span> <span class='ocrx_word' id='word_1_708' title='bbox 736 5627 863 5682; x_wconf 86' lang='lat' dir='ltr'><strong>Ideo</strong></span> <span class='ocrx_word' id='word_1_709' title='bbox 900 5636 1080 5681; x_wconf 83' lang='lat' dir='ltr'><strong>autem</strong></span> <span class='ocrx_word' id='word_1_710' title='bbox 1121 5625 1488 5696; x_wconf 89' lang='lat' dir='ltr'><strong>disputabant,</strong></span> <span class='ocrx_word' id='word_1_711' title='bbox 1518 5635 1575 5681; x_wconf 90' lang='lat' dir='ltr'><strong>ut</strong></span> <span class='ocrx_word' id='word_1_712' title='bbox 1612 5637 1867 5697; x_wconf 87' lang='lat' dir='ltr'><strong>cogerent</strong></span> <span class='ocrx_word' id='word_1_713' title='bbox 1904 5644 2029 5682; x_wconf 88' lang='lat' dir='ltr'><strong>eum</strong></span> 
     </span>
    </p>
   </div>
   <div class='ocr_carea' id='block_1_92' title="bbox 448 5716 2032 5789">
    <p class='ocr_par' dir='ltr' id='par_1_92' title="bbox 448 5716 2032 5789">
     <span class='ocr_line' id='line_1_92' title="bbox 448 5716 2032 5789; baseline 0.003 -21"><span class='ocrx_word' id='word_1_714' title='bbox 448 5716 647 5783; x_wconf 82' lang='lat' dir='ltr'><strong>aliquid</strong></span> <span class='ocrx_word' id='word_1_715' title='bbox 693 5716 957 5785; x_wconf 82' lang='lat' dir='ltr'><strong>proferre.</strong></span> <span class='ocrx_word' id='word_1_716' title='bbox 1006 5716 1098 5772; x_wconf 92' lang='lat' dir='ltr'><strong>llle</strong></span> <span class='ocrx_word' id='word_1_717' title='bbox 1138 5732 1269 5771; x_wconf 90' lang='lat' dir='ltr'><strong>vero</strong></span> <span class='ocrx_word' id='word_1_718' title='bbox 1312 5717 1512 5773; x_wconf 89' lang='lat' dir='ltr'><strong>clarius</strong></span> <span class='ocrx_word' id='word_1_719' title='bbox 1568 5718 1927 5789; x_wconf 88' lang='lat' dir='ltr'><strong>loquebatur,</strong></span> <span class='ocrx_word' id='word_1_720' title='bbox 1977 5728 2032 5773; x_wconf 88' lang='lat' dir='ltr'><strong>et</strong></span> 
     </span>
    </p>
   </div>
   <div class='ocr_carea' id='block_1_93' title="bbox 443 5803 2031 5876">
    <p class='ocr_par' dir='ltr' id='par_1_93' title="bbox 443 5803 2031 5876">
     <span class='ocr_line' id='line_1_93' title="bbox 443 5803 2031 5876; baseline 0.004 -17"><span class='ocrx_word' id='word_1_721' title='bbox 443 5803 581 5861; x_wconf 89' lang='lat' dir='ltr'><strong>forte</strong></span> <span class='ocrx_word' id='word_1_722' title='bbox 606 5807 737 5875; x_wconf 69' lang='lat' dir='ltr'><strong>legis</strong></span> <span class='ocrx_word' id='word_1_723' title='bbox 763 5810 1116 5863; x_wconf 89' lang='lat' dir='ltr'><strong>cessationem</strong></span> <span class='ocrx_word' id='word_1_724' title='bbox 1142 5816 1344 5863; x_wconf 88' lang='lat' dir='ltr'><strong>tantum</strong></span> <span class='ocrx_word' id='word_1_725' title='bbox 1367 5808 1613 5876; x_wconf 78' lang='lat' dir='ltr'><strong>dicebat;</strong></span> <span class='ocrx_word' id='word_1_726' title='bbox 1646 5810 1732 5865; x_wconf 85' lang='lat' dir='ltr'><strong>vel</strong></span> <span class='ocrx_word' id='word_1_727' title='bbox 1760 5826 1863 5865; x_wconf 92' lang='lat' dir='ltr'><strong>non</strong></span> <span class='ocrx_word' id='word_1_728' title='bbox 1886 5809 2031 5865; x_wconf 88' lang='lat' dir='ltr'><strong>dice-</strong></span> 
     </span>
    </p>
   </div>
   <div class='ocr_carea' id='block_1_94' title="bbox 444 5896 2026 5974">
    <p class='ocr_par' dir='ltr' id='par_1_94' title="bbox 444 5896 2026 5974">
     <span class='ocr_line' id='line_1_94' title="bbox 444 5896 2026 5974; baseline 0.004 -24"><span class='ocrx_word' id='word_1_729' title='bbox 444 5896 535 5951; x_wconf 81' lang='lat' dir='ltr'><strong>bat</strong></span> <span class='ocrx_word' id='word_1_730' title='bbox 564 5896 780 5969; x_wconf 89' lang='lat' dir='ltr'><strong>quidem</strong></span> <span class='ocrx_word' id='word_1_731' title='bbox 849 5900 944 5955; x_wconf 90' lang='lat' dir='ltr'><strong>sed</strong></span> <span class='ocrx_word' id='word_1_732' title='bbox 974 5899 1295 5957; x_wconf 83' lang='lat' dir='ltr'><strong>insinuahat.</strong></span> <span class='ocrx_word' id='word_1_733' title='bbox 1330 5900 1461 5956; x_wconf 84' lang='lat' dir='ltr'><strong>Nam</strong></span> <span class='ocrx_word' id='word_1_734' title='bbox 1489 5903 1534 5957; x_wconf 74' lang='lat' dir='ltr'><strong>si</strong></span> <span class='ocrx_word' id='word_1_735' title='bbox 1563 5902 1735 5974; x_wconf 83' lang='lat' dir='ltr'><strong>palam</strong></span> <span class='ocrx_word' id='word_1_736' title='bbox 1764 5903 2026 5969; x_wconf 73' lang='lat' dir='ltr'><strong>dixisset,</strong></span> 
     </span>
    </p>
   </div>
   <div class='ocr_carea' id='block_1_95' title="bbox 2152 3513 3724 3583">
    <p class='ocr_par' dir='ltr' id='par_1_95' title="bbox 2152 3513 3724 3583">
     <span class='ocr_line' id='line_1_95' title="bbox 2152 3513 3724 3583; baseline 0.013 -20"><span class='ocrx_word' id='word_1_737' title='bbox 2152 3526 2256 3564; x_wconf 94' lang='lat' dir='ltr'><strong>non</strong></span> <span class='ocrx_word' id='word_1_738' title='bbox 2284 3526 2418 3581; x_wconf 90' lang='lat' dir='ltr'><strong>opus</strong></span> <span class='ocrx_word' id='word_1_739' title='bbox 2461 3513 2649 3569; x_wconf 91' lang='lat' dir='ltr'><strong>fuisset</strong></span> <span class='ocrx_word' id='word_1_740' title='bbox 2677 3517 2981 3574; x_wconf 80' lang='lat' dir='ltr'><strong>subornatis</strong></span> <span class='ocrx_word' id='word_1_741' title='bbox 3011 3522 3139 3575; x_wconf 85' lang='lat' dir='ltr'><strong>viris</strong></span> <span class='ocrx_word' id='word_1_742' title='bbox 3178 3539 3275 3578; x_wconf 87' lang='lat' dir='ltr'><strong>nec</strong></span> <span class='ocrx_word' id='word_1_743' title='bbox 3297 3524 3443 3580; x_wconf 85' lang='lat' dir='ltr'><strong>falsis</strong></span> <span class='ocrx_word' id='word_1_744' title='bbox 3479 3528 3724 3583; x_wconf 86' lang='lat' dir='ltr'><strong>testibus.</strong></span> 
     </span>
    </p>
   </div>
   <div class='ocr_carea' id='block_1_96' title="bbox 2142 3602 3732 3693">
    <p class='ocr_par' dir='ltr' id='par_1_96' title="bbox 2142 3602 3732 3693">
     <span class='ocr_line' id='line_1_96' title="bbox 2142 3602 3732 3693; baseline 0.013 -38"><span class='ocrx_word' id='word_1_745' title='bbox 2142 3602 2378 3659; x_wconf 74' lang='lat' dir='ltr'><strong>Diversa:</strong></span> <span class='ocrx_word' id='word_1_746' title='bbox 2405 3617 2582 3661; x_wconf 89' lang='lat' dir='ltr'><strong>autem</strong></span> <span class='ocrx_word' id='word_1_747' title='bbox 2605 3623 2891 3680; x_wconf 65' lang='lat' dir='ltr'><strong>synagoga:</strong></span> <span class='ocrx_word' id='word_1_748' title='bbox 2912 3606 3087 3678; x_wconf 88' lang='lat' dir='ltr'><strong>erant,</strong></span> <span class='ocrx_word' id='word_1_749' title='bbox 3116 3609 3509 3671; x_wconf 55' lang='lat' dir='ltr'><strong>Libertino’rnm</strong></span> <span class='ocrx_word' id='word_1_750' title='bbox 3539 3630 3593 3673; x_wconf 88' lang='lat' dir='ltr'><strong>et</strong></span> <span class='ocrx_word' id='word_1_751' title='bbox 3623 3621 3732 3693; x_wconf 87' lang='lat' dir='ltr'><strong>Cy-</strong></span> 
     </span>
    </p>
   </div>
   <div class='ocr_carea' id='block_1_97' title="bbox 2139 3696 3729 3774">
    <p class='ocr_par' dir='ltr' id='par_1_97' title="bbox 2139 3696 3729 3774">
     <span class='ocr_line' id='line_1_97' title="bbox 2139 3696 3729 3774; baseline 0.012 -26"><span class='ocrx_word' id='word_1_752' title='bbox 2139 3696 2472 3752; x_wconf 87' lang='lat' dir='ltr'><strong>renensium.</strong></span> <span class='ocrx_word' id='word_1_753' title='bbox 2549 3699 2655 3754; x_wconf 87' lang='lat' dir='ltr'><strong>Sed</strong></span> <span class='ocrx_word' id='word_1_754' title='bbox 2730 3704 3070 3774; x_wconf 80' lang='lat' dir='ltr'><strong>Cyrenenses</strong></span> <span class='ocrx_word' id='word_1_755' title='bbox 3143 3710 3279 3762; x_wconf 91' lang='lat' dir='ltr'><strong>ultra</strong></span> <span class='ocrx_word' id='word_1_756' title='bbox 3344 3711 3729 3768; x_wconf 82' lang='lat' dir='ltr'><strong>Alexandriam</strong></span> 
     </span>
    </p>
   </div>
   <div class='ocr_carea' id='block_1_98' title="bbox 2139 3792 3726 3872">
    <p class='ocr_par' dir='ltr' id='par_1_98' title="bbox 2139 3792 3726 3872">
     <span class='ocr_line' id='line_1_98' title="bbox 2139 3792 3726 3872; baseline 0.012 -32"><span class='ocrx_word' id='word_1_757' title='bbox 2139 3798 2299 3853; x_wconf 87' lang='lat' dir='ltr'><strong>sunt,</strong></span> <span class='ocrx_word' id='word_1_758' title='bbox 2347 3792 2436 3858; x_wconf 92' lang='lat' dir='ltr'><strong>qui</strong></span> <span class='ocrx_word' id='word_1_759' title='bbox 2464 3801 2518 3845; x_wconf 91' lang='lat' dir='ltr'><strong>et</strong></span> <span class='ocrx_word' id='word_1_760' title='bbox 2561 3793 2670 3848; x_wconf 89' lang='lat' dir='ltr'><strong>illic</strong></span> <span class='ocrx_word' id='word_1_761' title='bbox 2709 3810 2804 3865; x_wconf 89' lang='lat' dir='ltr'><strong>per</strong></span> <span class='ocrx_word' id='word_1_762' title='bbox 2843 3809 3029 3866; x_wconf 86' lang='lat' dir='ltr'><strong>gentes</strong></span> <span class='ocrx_word' id='word_1_763' title='bbox 3075 3814 3371 3872; x_wconf 82' lang='lat' dir='ltr'><strong>synagogas</strong></span> <span class='ocrx_word' id='word_1_764' title='bbox 3418 3804 3726 3869; x_wconf 86' lang='lat' dir='ltr'><strong>habebant;</strong></span> 
     </span>
    </p>
   </div>
   <div class='ocr_carea' id='block_1_99' title="bbox 2138 3880 3731 3965">
    <p class='ocr_par' dir='ltr' id='par_1_99' title="bbox 2138 3880 3731 3965">
     <span class='ocr_line' id='line_1_99' title="bbox 2138 3880 3731 3965; baseline 0.012 -33"><span class='ocrx_word' id='word_1_765' title='bbox 2138 3893 2202 3933; x_wconf 89' lang='lat' dir='ltr'><strong>ac</strong></span> <span class='ocrx_word' id='word_1_766' title='bbox 2240 3880 2377 3934; x_wconf 89' lang='lat' dir='ltr'><strong>forte</strong></span> <span class='ocrx_word' id='word_1_767' title='bbox 2424 3882 2532 3936; x_wconf 90' lang='lat' dir='ltr'><strong>illic</strong></span> <span class='ocrx_word' id='word_1_768' title='bbox 2575 3886 2905 3951; x_wconf 90' lang='lat' dir='ltr'><strong>manebant,</strong></span> <span class='ocrx_word' id='word_1_769' title='bbox 2957 3906 3023 3944; x_wconf 92' lang='lat' dir='ltr'><strong>ne</strong></span> <span class='ocrx_word' id='word_1_770' title='bbox 3050 3905 3191 3960; x_wconf 68' lang='lat' dir='ltr'><strong>Stt‘pe</strong></span> <span class='ocrx_word' id='word_1_771' title='bbox 3214 3895 3447 3963; x_wconf 90' lang='lat' dir='ltr'><strong>migrare</strong></span> <span class='ocrx_word' id='word_1_772' title='bbox 3474 3910 3731 3965; x_wconf 81' lang='lat' dir='ltr'><strong>cogeren-</strong></span> 
     </span>
    </p>
   </div>
   <div class='ocr_carea' id='block_1_100' title="bbox 2142 3973 3721 4054">
    <p class='ocr_par' dir='ltr' id='par_1_100' title="bbox 2142 3973 3721 4054">
     <span class='ocr_line' id='line_1_100' title="bbox 2142 3973 3721 4054; baseline 0.011 -29"><span class='ocrx_word' id='word_1_773' title='bbox 2142 3982 2272 4027; x_wconf 87' lang='lat' dir='ltr'><strong>tur:</strong></span> <span class='ocrx_word' id='word_1_774' title='bbox 2322 3973 2581 4031; x_wconf 87' lang='lat' dir='ltr'><strong>Libertini</strong></span> <span class='ocrx_word' id='word_1_775' title='bbox 2633 3990 2850 4041; x_wconf 90' lang='lat' dir='ltr'><strong>autem,</strong></span> <span class='ocrx_word' id='word_1_776' title='bbox 2901 3974 3265 4041; x_wconf 82' lang='lat' dir='ltr'><strong>Romanorum</strong></span> <span class='ocrx_word' id='word_1_777' title='bbox 3314 3988 3486 4042; x_wconf 89' lang='lat' dir='ltr'><strong>liberti</strong></span> <span class='ocrx_word' id='word_1_778' title='bbox 3530 4001 3721 4054; x_wconf 85' lang='lat' dir='ltr'><strong>erant,</strong></span> 
     </span>
    </p>
   </div>
   <div class='ocr_carea' id='block_1_101' title="bbox 2139 4064 3724 4149">
    <p class='ocr_par' dir='ltr' id='par_1_101' title="bbox 2139 4064 3724 4149">
     <span class='ocr_line' id='line_1_101' title="bbox 2139 4064 3724 4149; baseline 0.01 -31"><span class='ocrx_word' id='word_1_779' title='bbox 2139 4073 2193 4118; x_wconf 92' lang='lat' dir='ltr'><strong>et</strong></span> <span class='ocrx_word' id='word_1_780' title='bbox 2223 4064 2301 4117; x_wconf 92' lang='lat' dir='ltr'><strong>sic</strong></span> <span class='ocrx_word' id='word_1_781' title='bbox 2324 4066 2845 4142; x_wconf 88' lang='lat' dir='ltr'><strong>appellabantur(a).</strong></span> <span class='ocrx_word' id='word_1_782' title='bbox 2871 4071 2939 4128; x_wconf 91' lang='lat' dir='ltr'><strong>Ut</strong></span> <span class='ocrx_word' id='word_1_783' title='bbox 2970 4082 3146 4129; x_wconf 81' lang='lat' dir='ltr'><strong>autem</strong></span> <span class='ocrx_word' id='word_1_784' title='bbox 3179 4077 3248 4130; x_wconf 91' lang='lat' dir='ltr'><strong>ibi</strong></span> <span class='ocrx_word' id='word_1_785' title='bbox 3282 4079 3433 4132; x_wconf 90' lang='lat' dir='ltr'><strong>multi</strong></span> <span class='ocrx_word' id='word_1_786' title='bbox 3462 4080 3724 4149; x_wconf 80' lang='lat' dir='ltr'><strong>peregrini</strong></span> 
     </span>
    </p>
   </div>
   <div class='ocr_carea' id='block_1_102' title="bbox 2140 4159 3730 4243">
    <p class='ocr_par' dir='ltr' id='par_1_102' title="bbox 2140 4159 3730 4243">
     <span class='ocr_line' id='line_1_102' title="bbox 2140 4159 3730 4243; baseline 0.01 -31"><span class='ocrx_word' id='word_1_787' title='bbox 2140 4159 2484 4226; x_wconf 86' lang='lat' dir='ltr'><strong>habitabant,</strong></span> <span class='ocrx_word' id='word_1_788' title='bbox 2535 4164 2605 4218; x_wconf 90' lang='lat' dir='ltr'><strong>ita</strong></span> <span class='ocrx_word' id='word_1_789' title='bbox 2647 4174 2703 4219; x_wconf 90' lang='lat' dir='ltr'><strong>et</strong></span> <span class='ocrx_word' id='word_1_790' title='bbox 2749 4182 3046 4237; x_wconf 84' lang='lat' dir='ltr'><strong>synagogas</strong></span> <span class='ocrx_word' id='word_1_791' title='bbox 3091 4171 3392 4237; x_wconf 85' lang='lat' dir='ltr'><strong>habebant,</strong></span> <span class='ocrx_word' id='word_1_792' title='bbox 3446 4175 3500 4227; x_wconf 92' lang='lat' dir='ltr'><strong>in</strong></span> <span class='ocrx_word' id='word_1_793' title='bbox 3537 4176 3730 4243; x_wconf 89' lang='lat' dir='ltr'><strong>quibus</strong></span> 
     </span>
    </p>
   </div>
   <div class='ocr_carea' id='block_1_103' title="bbox 2138 4254 3729 4323">
    <p class='ocr_par' dir='ltr' id='par_1_103' title="bbox 2138 4254 3729 4323">
     <span class='ocr_line' id='line_1_103' title="bbox 2138 4254 3729 4323; baseline 0.011 -17"><span class='ocrx_word' id='word_1_794' title='bbox 2138 4254 2420 4323; x_wconf 90' lang='lat' dir='ltr'><strong>oportebat</strong></span> <span class='ocrx_word' id='word_1_795' title='bbox 2439 4263 2494 4310; x_wconf 90' lang='lat' dir='ltr'><strong>et</strong></span> <span class='ocrx_word' id='word_1_796' title='bbox 2518 4256 2778 4314; x_wconf 89' lang='lat' dir='ltr'><strong>lectiones</strong></span> <span class='ocrx_word' id='word_1_797' title='bbox 2804 4268 2859 4315; x_wconf 93' lang='lat' dir='ltr'><strong>et</strong></span> <span class='ocrx_word' id='word_1_798' title='bbox 2884 4262 3156 4319; x_wconf 90' lang='lat' dir='ltr'><strong>orationes</strong></span> <span class='ocrx_word' id='word_1_799' title='bbox 3188 4265 3324 4319; x_wconf 88' lang='lat' dir='ltr'><strong>fieri.</strong></span> <span class='ocrx_word' id='word_1_800' title='bbox 3356 4266 3433 4320; x_wconf 90' lang='lat' dir='ltr'><strong>Tu</strong></span> <span class='ocrx_word' id='word_1_801' title='bbox 3455 4283 3579 4322; x_wconf 84' lang='lat' dir='ltr'><strong>vero</strong></span> <span class='ocrx_word' id='word_1_802' title='bbox 3599 4270 3729 4323; x_wconf 88' lang='lat' dir='ltr'><strong>mihi</strong></span> 
     </span>
    </p>
   </div>
   <div class='ocr_carea' id='block_1_104' title="bbox 2139 4348 3731 4423">
    <p class='ocr_par' dir='ltr' id='par_1_104' title="bbox 2139 4348 3731 4423">
     <span class='ocr_line' id='line_1_104' title="bbox 2139 4348 3731 4423; baseline 0.01 -22"><span class='ocrx_word' id='word_1_803' title='bbox 2139 4348 2441 4418; x_wconf 90' lang='lat' dir='ltr'><strong>perpendas</strong></span> <span class='ocrx_word' id='word_1_804' title='bbox 2468 4351 2649 4417; x_wconf 78' lang='lat' dir='ltr'><strong>velim,</strong></span> <span class='ocrx_word' id='word_1_805' title='bbox 2687 4354 2957 4423; x_wconf 91' lang='lat' dir='ltr'><strong>quomodo</strong></span> <span class='ocrx_word' id='word_1_806' title='bbox 2983 4365 3038 4410; x_wconf 91' lang='lat' dir='ltr'><strong>et</strong></span> <span class='ocrx_word' id='word_1_807' title='bbox 3064 4356 3150 4410; x_wconf 91' lang='lat' dir='ltr'><strong>hic</strong></span> <span class='ocrx_word' id='word_1_808' title='bbox 3170 4367 3387 4412; x_wconf 88' lang='lat' dir='ltr'><strong>coactus</strong></span> <span class='ocrx_word' id='word_1_809' title='bbox 3416 4360 3613 4415; x_wconf 77' lang='lat' dir='ltr'><strong>docere</strong></span> <span class='ocrx_word' id='word_1_810' title='bbox 3639 4377 3731 4416; x_wconf 86' lang='lat' dir='ltr'><strong>co—</strong></span> 
     </span>
    </p>
   </div>
   <div class='ocr_carea' id='block_1_105' title="bbox 2139 4444 3727 4518">
    <p class='ocr_par' dir='ltr' id='par_1_105' title="bbox 2139 4444 3727 4518">
     <span class='ocr_line' id='line_1_105' title="bbox 2139 4444 3727 4518; baseline 0.008 -23"><span class='ocrx_word' id='word_1_811' title='bbox 2139 4450 2314 4509; x_wconf 90' lang='lat' dir='ltr'><strong>netur,</strong></span> <span class='ocrx_word' id='word_1_812' title='bbox 2342 4452 2398 4499; x_wconf 92' lang='lat' dir='ltr'><strong>et</strong></span> <span class='ocrx_word' id='word_1_813' title='bbox 2426 4444 2502 4498; x_wconf 91' lang='lat' dir='ltr'><strong>illi</strong></span> <span class='ocrx_word' id='word_1_814' title='bbox 2533 4460 2747 4500; x_wconf 91' lang='lat' dir='ltr'><strong>rursum</strong></span> <span class='ocrx_word' id='word_1_815' title='bbox 2775 4447 2846 4501; x_wconf 91' lang='lat' dir='ltr'><strong>ob</strong></span> <span class='ocrx_word' id='word_1_816' title='bbox 2873 4449 3019 4518; x_wconf 88' lang='lat' dir='ltr'><strong>signa</strong></span> <span class='ocrx_word' id='word_1_817' title='bbox 3050 4464 3156 4503; x_wconf 89' lang='lat' dir='ltr'><strong>non</strong></span> <span class='ocrx_word' id='word_1_818' title='bbox 3189 4450 3348 4504; x_wconf 91' lang='lat' dir='ltr'><strong>modo</strong></span> <span class='ocrx_word' id='word_1_819' title='bbox 3374 4451 3441 4505; x_wconf 89' lang='lat' dir='ltr'><strong>ad</strong></span> <span class='ocrx_word' id='word_1_820' title='bbox 3470 4454 3727 4508; x_wconf 84' lang='lat' dir='ltr'><strong>invidiam</strong></span> 
     </span>
    </p>
   </div>
   <div class='ocr_carea' id='block_1_106' title="bbox 2138 4535 3730 4611">
    <p class='ocr_par' dir='ltr' id='par_1_106' title="bbox 2138 4535 3730 4611">
     <span class='ocr_line' id='line_1_106' title="bbox 2138 4535 3730 4611; baseline 0.008 -23"><span class='ocrx_word' id='word_1_821' title='bbox 2138 4535 2493 4604; x_wconf 84' lang='lat' dir='ltr'><strong>concitentur,</strong></span> <span class='ocrx_word' id='word_1_822' title='bbox 2522 4537 2617 4592; x_wconf 89' lang='lat' dir='ltr'><strong>sed</strong></span> <span class='ocrx_word' id='word_1_823' title='bbox 2642 4538 2825 4606; x_wconf 89' lang='lat' dir='ltr'><strong>etiam,</strong></span> <span class='ocrx_word' id='word_1_824' title='bbox 2855 4541 2978 4609; x_wconf 90' lang='lat' dir='ltr'><strong>quia</strong></span> <span class='ocrx_word' id='word_1_825' title='bbox 3003 4543 3167 4596; x_wconf 86' lang='lat' dir='ltr'><strong>verbo</strong></span> <span class='ocrx_word' id='word_1_826' title='bbox 3187 4543 3492 4611; x_wconf 84' lang='lat' dir='ltr'><strong>superabat,</strong></span> <span class='ocrx_word' id='word_1_827' title='bbox 3514 4554 3567 4599; x_wconf 89' lang='lat' dir='ltr'><strong>et</strong></span> <span class='ocrx_word' id='word_1_828' title='bbox 3589 4546 3730 4600; x_wconf 86' lang='lat' dir='ltr'><strong>into-</strong></span> 
     </span>
    </p>
   </div>
   <div class='ocr_carea' id='block_1_107' title="bbox 2140 4627 3729 4699">
    <p class='ocr_par' dir='ltr' id='par_1_107' title="bbox 2140 4627 3729 4699">
     <span class='ocr_line' id='line_1_107' title="bbox 2140 4627 3729 4699; baseline 0.007 -18"><span class='ocrx_word' id='word_1_829' title='bbox 2140 4627 2375 4682; x_wconf 90' lang='lat' dir='ltr'><strong>lerabilis</strong></span> <span class='ocrx_word' id='word_1_830' title='bbox 2402 4631 2531 4699; x_wconf 83' lang='lat' dir='ltr'><strong>ipsis</strong></span> <span class='ocrx_word' id='word_1_831' title='bbox 2558 4640 2695 4696; x_wconf 90' lang='lat' dir='ltr'><strong>erat,</strong></span> <span class='ocrx_word' id='word_1_832' title='bbox 2714 4629 2877 4685; x_wconf 90' lang='lat' dir='ltr'><strong>falsos</strong></span> <span class='ocrx_word' id='word_1_833' title='bbox 2901 4641 3064 4687; x_wconf 87' lang='lat' dir='ltr'><strong>testes</strong></span> <span class='ocrx_word' id='word_1_834' title='bbox 3089 4635 3433 4690; x_wconf 89' lang='lat' dir='ltr'><strong>constituant.</strong></span> <span class='ocrx_word' id='word_1_835' title='bbox 3465 4636 3729 4693; x_wconf 84' lang='lat' dir='ltr'><strong>Nolebant</strong></span> 
     </span>
    </p>
   </div>
   <div class='ocr_carea' id='block_1_108' title="bbox 2137 4720 3730 4797">
    <p class='ocr_par' dir='ltr' id='par_1_108' title="bbox 2137 4720 3730 4797">
     <span class='ocr_line' id='line_1_108' title="bbox 2137 4720 3730 4797; baseline 0.006 -24"><span class='ocrx_word' id='word_1_836' title='bbox 2137 4720 2279 4774; x_wconf 87' lang='lat' dir='ltr'><strong>enim</strong></span> <span class='ocrx_word' id='word_1_837' title='bbox 2308 4721 2455 4775; x_wconf 91' lang='lat' dir='ltr'><strong>illum</strong></span> <span class='ocrx_word' id='word_1_838' title='bbox 2485 4722 2600 4776; x_wconf 90' lang='lat' dir='ltr'><strong>sine</strong></span> <span class='ocrx_word' id='word_1_839' title='bbox 2623 4738 2781 4777; x_wconf 88' lang='lat' dir='ltr'><strong>causa</strong></span> <span class='ocrx_word' id='word_1_840' title='bbox 2806 4724 3073 4789; x_wconf 90' lang='lat' dir='ltr'><strong>occidere,</strong></span> <span class='ocrx_word' id='word_1_841' title='bbox 3105 4725 3198 4780; x_wconf 90' lang='lat' dir='ltr'><strong>sed</strong></span> <span class='ocrx_word' id='word_1_842' title='bbox 3225 4742 3347 4781; x_wconf 91' lang='lat' dir='ltr'><strong>cum</strong></span> <span class='ocrx_word' id='word_1_843' title='bbox 3379 4728 3651 4797; x_wconf 81' lang='lat' dir='ltr'><strong>suffragio,</strong></span> <span class='ocrx_word' id='word_1_844' title='bbox 3674 4740 3730 4783; x_wconf 91' lang='lat' dir='ltr'><strong>ut</strong></span> 
     </span>
    </p>
   </div>
   <div class='ocr_carea' id='block_1_109' title="bbox 2139 4812 3719 4881">
    <p class='ocr_par' dir='ltr' id='par_1_109' title="bbox 2139 4812 3719 4881">
     <span class='ocr_line' id='line_1_109' title="bbox 2139 4812 3719 4881; baseline 0.008 -15"><span class='ocrx_word' id='word_1_845' title='bbox 2139 4818 2192 4867; x_wconf 87' lang='lat' dir='ltr'><strong>et</strong></span> <span class='ocrx_word' id='word_1_846' title='bbox 2215 4812 2412 4869; x_wconf 90' lang='lat' dir='ltr'><strong>famam</strong></span> <span class='ocrx_word' id='word_1_847' title='bbox 2443 4814 2653 4869; x_wconf 92' lang='lat' dir='ltr'><strong>illorum</strong></span> <span class='ocrx_word' id='word_1_848' title='bbox 2678 4816 2934 4873; x_wconf 68' lang='lat' dir='ltr'><strong>laederent</strong></span> <span class='ocrx_word' id='word_1_849' title='bbox 2957 4835 2972 4881; x_wconf 89' lang='lat'><strong>;</strong></span> <span class='ocrx_word' id='word_1_850' title='bbox 2995 4828 3051 4873; x_wconf 90' lang='lat' dir='ltr'><strong>et</strong></span> <span class='ocrx_word' id='word_1_851' title='bbox 3078 4819 3181 4873; x_wconf 89' lang='lat' dir='ltr'><strong>illis</strong></span> <span class='ocrx_word' id='word_1_852' title='bbox 3209 4821 3407 4875; x_wconf 88' lang='lat' dir='ltr'><strong>relictis</strong></span> <span class='ocrx_word' id='word_1_853' title='bbox 3431 4821 3496 4876; x_wconf 89' lang='lat' dir='ltr'><strong>ad</strong></span> <span class='ocrx_word' id='word_1_854' title='bbox 3521 4824 3619 4877; x_wconf 92' lang='lat' dir='ltr'><strong>hos</strong></span> <span class='ocrx_word' id='word_1_855' title='bbox 3639 4839 3719 4879; x_wconf 81' lang='lat' dir='ltr'><strong>ve-</strong></span> 
     </span>
    </p>
   </div>
   <div class='ocr_carea' id='block_1_110' title="bbox 2138 4908 3728 4987">
    <p class='ocr_par' dir='ltr' id='par_1_110' title="bbox 2138 4908 3728 4987">
     <span class='ocr_line' id='line_1_110' title="bbox 2138 4908 3728 4987; baseline 0.009 -27"><span class='ocrx_word' id='word_1_856' title='bbox 2138 4908 2311 4973; x_wconf 91' lang='lat' dir='ltr'><strong>niunt,</strong></span> <span class='ocrx_word' id='word_1_857' title='bbox 2337 4918 2391 4962; x_wconf 93' lang='lat' dir='ltr'><strong>ut</strong></span> <span class='ocrx_word' id='word_1_858' title='bbox 2422 4909 2501 4964; x_wconf 91' lang='lat' dir='ltr'><strong>sic</strong></span> <span class='ocrx_word' id='word_1_859' title='bbox 2530 4910 2650 4965; x_wconf 90' lang='lat' dir='ltr'><strong>illos</strong></span> <span class='ocrx_word' id='word_1_860' title='bbox 2670 4911 2830 4966; x_wconf 89' lang='lat' dir='ltr'><strong>etiam</strong></span> <span class='ocrx_word' id='word_1_861' title='bbox 2860 4914 3357 4982; x_wconf 86' lang='lat' dir='ltr'><strong>perterrefacerent.</strong></span> <span class='ocrx_word' id='word_1_862' title='bbox 3385 4915 3495 4971; x_wconf 87' lang='lat' dir='ltr'><strong>Nec</strong></span> <span class='ocrx_word' id='word_1_863' title='bbox 3522 4919 3728 4987; x_wconf 87' lang='lat' dir='ltr'><strong>dicunt,</strong></span> 
     </span>
    </p>
   </div>
   <div class='ocr_carea' id='block_1_111' title="bbox 2138 5002 3729 5077">
    <p class='ocr_par' dir='ltr' id='par_1_111' title="bbox 2138 5002 3729 5077">
     <span class='ocr_line' id='line_1_111' title="bbox 2138 5002 3729 5077; baseline 0.008 -21"><span class='ocrx_word' id='word_1_864' title='bbox 2138 5002 2429 5073; x_wconf 84' lang='lat' dir='ltr'><strong>Loquitur:</strong></span> <span class='ocrx_word' id='word_1_865' title='bbox 2453 5004 2570 5067; x_wconf 89' lang='lat' dir='ltr'><strong>sed,</strong></span> <span class='ocrx_word' id='word_1_866' title='bbox 2605 5003 2726 5059; x_wconf 88' lang='lat' dir='ltr'><strong>Non</strong></span> <span class='ocrx_word' id='word_1_867' title='bbox 2746 5016 2905 5059; x_wconf 80' lang='lat' dir='ltr'><strong>cessat</strong></span> <span class='ocrx_word' id='word_1_868' title='bbox 2933 5007 3088 5077; x_wconf 82' lang='lat' dir='ltr'><strong>loqui,</strong></span> <span class='ocrx_word' id='word_1_869' title='bbox 3122 5018 3180 5063; x_wconf 92' lang='lat' dir='ltr'><strong>ut</strong></span> <span class='ocrx_word' id='word_1_870' title='bbox 3204 5013 3598 5066; x_wconf 86' lang='lat' dir='ltr'><strong>accusationem</strong></span> <span class='ocrx_word' id='word_1_871' title='bbox 3630 5031 3729 5068; x_wconf 88' lang='lat' dir='ltr'><strong>au-</strong></span> 
     </span>
    </p>
   </div>
   <div class='ocr_carea' id='block_1_112' title="bbox 2138 5096 3727 5173">
    <p class='ocr_par' dir='ltr' id='par_1_112' title="bbox 2138 5096 3727 5173">
     <span class='ocr_line' id='line_1_112' title="bbox 2138 5096 3727 5173; baseline 0.007 -24"><span class='ocrx_word' id='word_1_872' title='bbox 2138 5105 2316 5165; x_wconf 87' lang='lat' dir='ltr'><strong>geant.</strong></span> <span class='ocrx_word' id='word_1_873' title='bbox 2351 5096 2441 5151; x_wconf 74' lang='grc'><strong>12.</strong></span> <span class='ocrx_word' id='word_1_874' title='bbox 2475 5116 2493 5150; x_wconf 85' lang='grc'><strong><em>‹</em></strong></span> <span class='ocrx_word' id='word_1_875' title='bbox 2518 5097 2940 5154; x_wconf 88' lang='lat' dir='ltr'><strong>Commoverunt</strong></span> <span class='ocrx_word' id='word_1_876' title='bbox 2963 5110 3141 5156; x_wconf 88' lang='lat' dir='ltr'><strong>autem</strong></span> <span class='ocrx_word' id='word_1_877' title='bbox 3169 5104 3409 5158; x_wconf 90' lang='lat' dir='ltr'><strong>seniores</strong></span> <span class='ocrx_word' id='word_1_878' title='bbox 3428 5114 3482 5159; x_wconf 90' lang='lat' dir='ltr'><strong>et</strong></span> <span class='ocrx_word' id='word_1_879' title='bbox 3503 5106 3727 5173; x_wconf 90' lang='lat' dir='ltr'><strong>scribas,</strong></span> 
     </span>
    </p>
   </div>
   <div class='ocr_carea' id='block_1_113' title="bbox 2136 5193 3728 5261">
    <p class='ocr_par' dir='ltr' id='par_1_113' title="bbox 2136 5193 3728 5261">
     <span class='ocr_line' id='line_1_113' title="bbox 2136 5193 3728 5261; baseline 0.006 -18"><span class='ocrx_word' id='word_1_880' title='bbox 2136 5198 2192 5243; x_wconf 90' lang='lat' dir='ltr'><strong>et</strong></span> <span class='ocrx_word' id='word_1_881' title='bbox 2231 5200 2614 5247; x_wconf 89' lang='lat' dir='ltr'><strong>concurrentes</strong></span> <span class='ocrx_word' id='word_1_882' title='bbox 2655 5201 2947 5260; x_wconf 90' lang='lat' dir='ltr'><strong>rapuerunt</strong></span> <span class='ocrx_word' id='word_1_883' title='bbox 2996 5193 3168 5261; x_wconf 92' lang='lat' dir='ltr'><strong>illum,</strong></span> <span class='ocrx_word' id='word_1_884' title='bbox 3210 5204 3263 5251; x_wconf 89' lang='lat' dir='ltr'><strong>et</strong></span> <span class='ocrx_word' id='word_1_885' title='bbox 3308 5196 3643 5252; x_wconf 82' lang='lat' dir='ltr'><strong>adduxerunt</strong></span> <span class='ocrx_word' id='word_1_886' title='bbox 3676 5200 3728 5253; x_wconf 91' lang='lat' dir='ltr'><strong>in</strong></span> 
     </span>
    </p>
   </div>
   <div class='ocr_carea' id='block_1_114' title="bbox 2138 5282 3727 5358">
    <p class='ocr_par' dir='ltr' id='par_1_114' title="bbox 2138 5282 3727 5358">
     <span class='ocr_line' id='line_1_114' title="bbox 2138 5282 3727 5358; baseline 0.005 -23"><span class='ocrx_word' id='word_1_887' title='bbox 2138 5282 2443 5345; x_wconf 86' lang='lat' dir='ltr'><strong>concilium,</strong></span> <span class='ocrx_word' id='word_1_888' title='bbox 2480 5282 2566 5336; x_wconf 79' lang='grc'><strong>15.</strong></span> <span class='ocrx_word' id='word_1_889' title='bbox 2596 5294 2650 5337; x_wconf 91' lang='lat' dir='ltr'><strong>et</strong></span> <span class='ocrx_word' id='word_1_890' title='bbox 2680 5292 2980 5338; x_wconf 91' lang='lat' dir='ltr'><strong>statuerunt</strong></span> <span class='ocrx_word' id='word_1_891' title='bbox 3026 5284 3184 5339; x_wconf 91' lang='lat' dir='ltr'><strong>falsos</strong></span> <span class='ocrx_word' id='word_1_892' title='bbox 3235 5295 3396 5342; x_wconf 91' lang='lat' dir='ltr'><strong>testes</strong></span> <span class='ocrx_word' id='word_1_893' title='bbox 3418 5330 3434 5354; x_wconf 91' lang='lat'><strong>,</strong></span> <span class='ocrx_word' id='word_1_894' title='bbox 3464 5290 3550 5358; x_wconf 93' lang='lat' dir='ltr'><strong>qui</strong></span> <span class='ocrx_word' id='word_1_895' title='bbox 3577 5288 3727 5343; x_wconf 83' lang='lat' dir='ltr'><strong>dice-</strong></span> 
     </span>
    </p>
   </div>
   <div class='ocr_carea' id='block_1_115' title="bbox 2138 5372 3729 5447">
    <p class='ocr_par' dir='ltr' id='par_1_115' title="bbox 2138 5372 3729 5447">
     <span class='ocr_line' id='line_1_115' title="bbox 2138 5372 3729 5447; baseline 0.002 -21"><span class='ocrx_word' id='word_1_896' title='bbox 2138 5381 2257 5427; x_wconf 88' lang='lat' dir='ltr'><strong>rent</strong></span> <span class='ocrx_word' id='word_1_897' title='bbox 2283 5390 2295 5426; x_wconf 93' lang='lat'>:</span> <span class='ocrx_word' id='word_1_898' title='bbox 2329 5372 2500 5427; x_wconf 82' lang='lat' dir='ltr'><strong>Homo</strong></span> <span class='ocrx_word' id='word_1_899' title='bbox 2530 5373 2631 5428; x_wconf 91' lang='lat' dir='ltr'><strong>iste</strong></span> <span class='ocrx_word' id='word_1_900' title='bbox 2657 5390 2760 5428; x_wconf 90' lang='lat' dir='ltr'><strong>non</strong></span> <span class='ocrx_word' id='word_1_901' title='bbox 2792 5385 2968 5429; x_wconf 90' lang='lat' dir='ltr'><strong>cessat</strong></span> <span class='ocrx_word' id='word_1_902' title='bbox 2996 5376 3138 5447; x_wconf 90' lang='lat' dir='ltr'><strong>loqui</strong></span> <span class='ocrx_word' id='word_1_903' title='bbox 3171 5379 3330 5433; x_wconf 83' lang='lat' dir='ltr'><strong>verba</strong></span> <span class='ocrx_word' id='word_1_904' title='bbox 3365 5380 3621 5435; x_wconf 84' lang='lat' dir='ltr'><strong>adversus</strong></span> <span class='ocrx_word' id='word_1_905' title='bbox 3650 5381 3729 5434; x_wconf 82' lang='lat' dir='ltr'><strong>lo-</strong></span> 
     </span>
    </p>
   </div>
   <div class='ocr_carea' id='block_1_116' title="bbox 2138 5468 3728 5541">
    <p class='ocr_par' dir='ltr' id='par_1_116' title="bbox 2138 5468 3728 5541">
     <span class='ocr_line' id='line_1_116' title="bbox 2138 5468 3728 5541; baseline 0.006 -22"><span class='ocrx_word' id='word_1_906' title='bbox 2138 5480 2258 5520; x_wconf 90' lang='lat' dir='ltr'><strong>cum</strong></span> <span class='ocrx_word' id='word_1_907' title='bbox 2281 5478 2521 5521; x_wconf 90' lang='lat' dir='ltr'><strong>sanctum</strong></span> <span class='ocrx_word' id='word_1_908' title='bbox 2544 5476 2599 5522; x_wconf 91' lang='lat' dir='ltr'><strong>et</strong></span> <span class='ocrx_word' id='word_1_909' title='bbox 2616 5468 2808 5538; x_wconf 89' lang='lat' dir='ltr'><strong>legem.</strong></span> <span class='ocrx_word' id='word_1_910' title='bbox 2825 5489 2843 5522; x_wconf 85' lang='grc'>›</span> <span class='ocrx_word' id='word_1_911' title='bbox 2865 5469 2980 5524; x_wconf 85' lang='grc' dir='ltr'><strong>Νοη</strong></span> <span class='ocrx_word' id='word_1_912' title='bbox 2996 5481 3189 5535; x_wconf 88' lang='lat' dir='ltr'><strong>cessat,</strong></span> <span class='ocrx_word' id='word_1_913' title='bbox 3212 5473 3475 5541; x_wconf 87' lang='lat' dir='ltr'><strong>inquiunt,</strong></span> <span class='ocrx_word' id='word_1_914' title='bbox 3498 5485 3552 5529; x_wconf 91' lang='lat' dir='ltr'><strong>ut</strong></span> <span class='ocrx_word' id='word_1_915' title='bbox 3575 5476 3728 5529; x_wconf 87' lang='lat' dir='ltr'><strong>illum</strong></span> 
     </span>
    </p>
   </div>
   <div class='ocr_carea' id='block_1_117' title="bbox 2142 5558 3739 5622">
    <p class='ocr_par' dir='ltr' id='par_1_117' title="bbox 2142 5558 3739 5622">
     <span class='ocr_line' id='line_1_117' title="bbox 2142 5558 3739 5622; baseline 0.007 -10"><span class='ocrx_word' id='word_1_916' title='bbox 2142 5558 2193 5612; x_wconf 91' lang='lat' dir='ltr'><strong>id</strong></span> <span class='ocrx_word' id='word_1_917' title='bbox 2219 5569 2505 5613; x_wconf 88' lang='lat' dir='ltr'><strong>conantem</strong></span> <span class='ocrx_word' id='word_1_918' title='bbox 2540 5560 2797 5615; x_wconf 91' lang='lat' dir='ltr'><strong>indicent.</strong></span> <span class='ocrx_word' id='word_1_919' title='bbox 2841 5563 2929 5617; x_wconf 71' lang='grc' dir='ltr'><strong>Μ.</strong></span> <span class='ocrx_word' id='word_1_920' title='bbox 2964 5581 2981 5613; x_wconf 77' lang='grc' dir='ltr'>ι</span> <span class='ocrx_word' id='word_1_921' title='bbox 3006 5564 3321 5617; x_wconf 84' lang='lat' dir='ltr'><strong>Audivimus</strong></span> <span class='ocrx_word' id='word_1_922' title='bbox 3346 5568 3487 5621; x_wconf 89' lang='lat' dir='ltr'><strong>enim</strong></span> <span class='ocrx_word' id='word_1_923' title='bbox 3519 5570 3739 5622; x_wconf 86' lang='lat' dir='ltr'><strong>eumdi-</strong></span> 
     </span>
    </p>
   </div>
   <div class='ocr_carea' id='block_1_118' title="bbox 2138 5652 3727 5720">
    <p class='ocr_par' dir='ltr' id='par_1_118' title="bbox 2138 5652 3727 5720">
     <span class='ocr_line' id='line_1_118' title="bbox 2138 5652 3727 5720; baseline 0.004 -13"><span class='ocrx_word' id='word_1_924' title='bbox 2138 5662 2365 5715; x_wconf 87' lang='lat' dir='ltr'><strong>cenlem,</strong></span> <span class='ocrx_word' id='word_1_925' title='bbox 2386 5652 2645 5720; x_wconf 87' lang='lat' dir='ltr'><strong>Quoniam</strong></span> <span class='ocrx_word' id='word_1_926' title='bbox 2669 5654 2823 5710; x_wconf 84' lang='lat' dir='ltr'><strong>Jesus</strong></span> <span class='ocrx_word' id='word_1_927' title='bbox 2848 5654 3152 5711; x_wconf 85' lang='lat' dir='ltr'><strong>Nazarenus</strong></span> <span class='ocrx_word' id='word_1_928' title='bbox 3177 5655 3261 5711; x_wconf 90' lang='lat' dir='ltr'><strong>hic</strong></span> <span class='ocrx_word' id='word_1_929' title='bbox 3284 5657 3524 5714; x_wconf 89' lang='lat' dir='ltr'><strong>destruet</strong></span> <span class='ocrx_word' id='word_1_930' title='bbox 3549 5660 3727 5716; x_wconf 87' lang='lat' dir='ltr'><strong>locum</strong></span> 
     </span>
    </p>
   </div>
   <div class='ocr_carea' id='block_1_119' title="bbox 2139 5746 3733 5818">
    <p class='ocr_par' dir='ltr' id='par_1_119' title="bbox 2139 5746 3733 5818">
     <span class='ocr_line' id='line_1_119' title="bbox 2139 5746 3733 5818; baseline 0.006 -19"><span class='ocrx_word' id='word_1_931' title='bbox 2139 5746 2297 5801; x_wconf 90' lang='lat' dir='ltr'><strong>istum</strong></span> <span class='ocrx_word' id='word_1_932' title='bbox 2320 5788 2337 5813; x_wconf 97' lang='lat'><strong>,</strong></span> <span class='ocrx_word' id='word_1_933' title='bbox 2360 5756 2415 5802; x_wconf 88' lang='lat' dir='ltr'><strong>et</strong></span> <span class='ocrx_word' id='word_1_934' title='bbox 2438 5748 2663 5803; x_wconf 89' lang='lat' dir='ltr'><strong>mutabit</strong></span> <span class='ocrx_word' id='word_1_935' title='bbox 2686 5749 3128 5813; x_wconf 88' lang='lat' dir='ltr'><strong>consuetudines,</strong></span> <span class='ocrx_word' id='word_1_936' title='bbox 3160 5763 3293 5818; x_wconf 85' lang='lat' dir='ltr'><strong>quas</strong></span> <span class='ocrx_word' id='word_1_937' title='bbox 3325 5751 3540 5805; x_wconf 85' lang='lat' dir='ltr'><strong>tradidit</strong></span> <span class='ocrx_word' id='word_1_938' title='bbox 3573 5753 3733 5811; x_wconf 89' lang='lat' dir='ltr'><strong>nobis</strong></span> 
     </span>
    </p>
   </div>
   <div class='ocr_carea' id='block_1_120' title="bbox 2200 5892 3661 5972">
    <p class='ocr_par' dir='ltr' id='par_1_120' title="bbox 2200 5892 3661 5972">
     <span class='ocr_line' id='line_1_120' title="bbox 2200 5892 3661 5972; baseline -0.001 -12"><span class='ocrx_word' id='word_1_939' title='bbox 2200 5909 2274 5972; x_wconf 82' lang='lat' dir='ltr'><strong>(tt)</strong></span> <span class='ocrx_word' id='word_1_940' title='bbox 2298 5908 2529 5959; x_wconf 84' lang='lat' dir='ltr'><strong>Libertini</strong></span> <span class='ocrx_word' id='word_1_941' title='bbox 2555 5909 2855 5958; x_wconf 81' lang='lat' dir='ltr'><strong>vocabantur</strong></span> <span class='ocrx_word' id='word_1_942' title='bbox 2887 5892 2918 5957; x_wconf 77' lang='lat' dir='ltr'><strong>li</strong></span> <span class='ocrx_word' id='word_1_943' title='bbox 2954 5907 3037 5970; x_wconf 84' lang='lat' dir='ltr'><strong>qui</strong></span> <span class='ocrx_word' id='word_1_944' title='bbox 3071 5905 3361 5957; x_wconf 79' lang='lat' dir='ltr'><strong>libertorum</strong></span> <span class='ocrx_word' id='word_1_945' title='bbox 3396 5907 3479 5958; x_wconf 83' lang='lat' dir='ltr'><strong>filii</strong></span> <span class='ocrx_word' id='word_1_946' title='bbox 3503 5918 3661 5960; x_wconf 86' lang='lat' dir='ltr'><strong>erant.</strong></span> 
     </span>
    </p>
   </div>
  </div>
