3946 6478
249 465 336 523 ω

273 592 493 662 ωηερε.
528 591 732 660 Iesus,
803 596 1051 666 inquiunt
1078 637 1094 663 ,
1126 594 1427 649 Nazarenus
1454 637 1469 659 ,
1514 595 1664 664 quasi
1711 604 1898 650 contu-

292 688 500 741 nteliose
524 727 541 749 ,
572 684 818 742 destruet
858 688 1019 739 locum
1047 688 1215 749 istum,
1246 696 1292 739 et
1328 687 1539 739 mutabit
1577 686 1901 739 consuetudi-

290 794 388 833 nes.
416 777 529 832 line
571 778 741 831 etiam
789 777 1061 833 Christum
1102 786 1436 840 accusantes,
1474 777 1765 831 dicebant:
1800 776 1899 842 Qui

299 872 499 925 destruis
536 871 790 937 tetnplum
819 870 913 925 Dei
945 868 1155 941 (Matth.
1174 870 1265 923 27.
1290 870 1406 939 40).
1431 869 1591 923 Multa
1608 869 1806 938 quippe
1830 868 1895 921 il-

303 965 359 1017 lis
382 963 684 1016 reverentia
705 972 823 1015 erat
846 977 970 1031 erga
996 962 1274 1031 templum,
1298 970 1480 1030 utpote
1501 961 1589 1030 qui
1612 961 1716 1013 illic
1737 959 1896 1014 sedes

304 1068 484 1123 ponere
511 1053 745 1116 vellent,
780 1054 1010 1121 itemque
1029 1067 1152 1122 erga
1184 1051 1382 1122 Moysis
1414 1065 1627 1104 nomen.
1656 1048 1723 1102 Et
1750 1047 1889 1114 vide,

295 1145 563 1215 quomodo
585 1144 790 1213 duplex
816 1144 885 1197 sit
905 1142 1174 1197 accusatio
1204 1160 1215 1195 :
1242 1141 1495 1207 Destruet,
1523 1141 1784 1210 inquiunt,
1810 1139 1889 1193 lo~

292 1254 400 1288 cuin
426 1245 475 1290 et
503 1236 720 1288 mutabit
745 1234 1149 1288 consuetudines.
1198 1232 1312 1286 Non
1355 1232 1514 1286 modo
1538 1231 1733 1299 duplex
1756 1273 1770 1294 ,
1794 1230 1887 1284 sed

284 1329 443 1383 etiam
468 1330 693 1390 acerba,
726 1336 777 1381 et
806 1327 961 1396 plena
991 1325 1263 1396 periculis.
1292 1326 1379 1380 i5.
1411 1325 1472 1378 Et
1497 1326 1745 1378 intuentes
1771 1339 1887 1378 eum

279 1436 475 1481 attines,
491 1419 580 1487 qui
595 1419 829 1472 sedebant
851 1419 903 1471 in
922 1416 1156 1480 concilio,
1174 1417 1402 1470 viderunt
1425 1416 1607 1487 facient
1627 1415 1735 1483 ejus
1759 1423 1880 1467 tant-

276 1528 437 1581 quam
467 1512 653 1581 [aciem
677 1508 863 1580 angeli.
894 1508 985 1563 Sic
1011 1508 1121 1563 ﬁeri
1147 1515 1355 1575 potest,
1386 1514 1455 1561 ut‘
1471 1506 1561 1576 qui
1603 1505 1655 1558 in
1692 1504 1883 1558 minori

278 1605 460 1674 gradu
487 1613 607 1658 sunt
626 1603 946 1656 clarescant.
990 1600 1126 1668 Quid
1149 1599 1293 1655 enim
1315 1641 1327 1664 ,
1352 1613 1536 1670 quasso
1553 1639 1567 1661 ,
1594 1597 1682 1652 hic
1705 1597 1883 1652 minus

286 1698 547 1762 habebat,
587 1710 741 1766 quam
768 1693 1030 1764 apostoli?
1085 1708 1265 1747 nonne
1297 1692 1449 1761 signa
1478 1698 1729 1760 operatus
1752 1686 1880 1743 est?

291 1804 471 1844 n-mne
491 1789 707 1842 multam
734 1785 971 1840 exhibuit
996 1782 1245 1855 loquendi
1265 1782 1605 1838 libertatem?
1630 1778 1880 1834 Viderunt

289 1884 470 1954 [ueiens
498 1884 628 1952 ejus,
648 1891 899 1949 tamquam
922 1878 1104 1948 {aciem
1128 1876 1318 1947 angeli,
1340 1876 1529 1945 inquit.
1561 1874 1686 1929 llmc
1708 1872 1878 1942 gratia

285 1984 415 2038 erat,
447 1973 563 2027 bare
582 1972 748 2042 gloria
771 1970 965 2041 Moysis
991 1979 1125 2024 erat.
1167 1968 1476 2025 Gratiosum
1500 1976 1679 2022 autem
1704 1966 1873 2033 illum,

284 2080 337 2122 ut
369 2067 580 2121 videtur
600 2064 752 2131 mihi,
780 2065 904 2118 fecit
928 2064 1087 2129 Deus,
1123 2062 1259 2116 forte
1278 2061 1401 2132 quia
1428 2060 1670 2130 qumdam
1701 2058 1875 2114 dictu-

278 2174 369 2213 rus
392 2166 537 2224 erat,
556 2166 614 2210 ut
635 2156 813 2210 statim
835 2154 918 2209 vel
940 2169 1004 2209 ex
1028 2164 1245 2221 aspectu
1274 2153 1392 2207 illos
1416 2149 1872 2220 pcrterrefaceret.

276 2250 508 2304 Possunt
537 2249 681 2303 enim
700 2289 715 2313 ,
752 2254 974 2316 possunt
1003 2246 1184 2314 utique
1214 2244 1389 2298 vultus
1417 2243 1582 2312 gratia
1612 2240 1873 2311 spirituali

273 2343 440 2411 pleni,
466 2340 730 2395 amabiles
749 2338 1196 2400 desiderantibus,
1222 2334 1508 2389 venerandi
1531 2344 1585 2389 et
1608 2334 1872 2388 terribiles

269 2431 581 2487 odientibus
602 2445 743 2485 esse.
768 2428 865 2483 Vel
889 2427 1134 2482 fortassis
1158 2427 1261 2481 hoc
1280 2423 1432 2490 dixit,
1458 2425 1607 2494 quasi
1632 2438 1867 2487 causam,

252 2530 496 2596 propter
525 2539 686 2595 quam
729 2522 867 2591 passi
894 2529 1019 2575 sunt
1048 2520 1194 2574 illum
1226 2518 1554 2573 concionari.
1579 2517 1715 2583 Quid
1741 2530 1871 2570 vero

267 2620 523 2689 princeps
547 2613 923 2670 sacerdotum?
950 2611 1103 2681 (Cap.
1137 2612 1217 2679 7.)
1248 2610 1300 2664 1.
1331 2609 1392 2665 Si
1419 2609 1545 2674 Iure,
1579 2608 1766 2677 inquit,
1797 2607 1869 2660 ita

264 2726 320 2763 se
337 2708 571 2761 habent?
596 2705 803 2769 Viden’,
833 2719 990 2774 quam
1018 2710 1294 2757 mansueta
1318 2710 1371 2755 et
1394 2700 1523 2754 nihil
1552 2700 1773 2753 molesta
1797 2699 1869 2752 sit

266 2796 660 2868 interrogatio?
685 2794 811 2850 Ideo
834 2794 922 2849 ille
952 2792 1159 2863 placide
1188 2790 1415 2857 orditur,
1442 2799 1498 2845 et
1519 2793 1596 2844 ait
1626 2808 1639 2842 :
1663 2790 1716 2843 2.
1757 2787 1865 2843 Viri

262 2895 450 2960 fratres
478 2904 527 2945 et
558 2900 723 2961 patres
747 2930 762 2954 ,
793 2887 966 2941 audite
993 2902 1013 2940 :
1040 2884 1178 2939 Deus
1219 2885 1396 2955 gloriae
1443 2884 1684 2954 apparuit
1732 2881 1865 2951 patri

262 2995 438 3037 nostra
467 2982 707 3046 Abralnr,
740 2996 853 3033 cum
888 2987 1014 3033 esset
1052 2978 1105 3031 in
1152 2975 1543 3045 Mesopotamia,
1569 2974 1864 3043 priusquam

262 3084 550 3128 moraretur
577 3074 630 3126 in
655 3070 909 3127 Charran.
958 3069 1150 3125 Statim
1182 3083 1209 3119 a
1243 3067 1509 3137 principio
1554 3067 1860 3136 Opinionem

260 3165 475 3219 illorum
506 3163 684 3227 tollit,
711 3171 764 3217 et
786 3162 903 3217 sine
943 3160 1050 3216 ulla
1093 3159 1397 3229 suspicione
1440 3157 1701 3224 adstruit,
1730 3156 1861 3211 nihil

260 3271 383 3310 esse
414 3254 695 3325 templum,
726 3252 857 3308 nihil
886 3251 1324 3315 consuetudines,
1354 3263 1527 3318 neque
1550 3248 1693 3317 ipsos
1717 3264 1860 3317 pra:-

260 3350 589 3404 dicationem
630 3361 752 3401 esse
781 3345 1110 3400 cobibituros
1134 3359 1149 3408 ;
1174 3343 1450 3412 Deumque
1493 3354 1709 3408 semper
1760 3353 1855 3405 ea,

259 3458 377 3511 qua:
395 3440 649 3495 videntur
668 3438 1039 3509 impossibilia,
1063 3437 1241 3491 facere
1260 3442 1315 3490 et
1339 3449 1544 3503 parare.
1576 3431 1709 3487 Vide
1729 3444 1859 3501 ergo

259 3539 339 3590 his
392 3535 607 3590 contexi
660 3533 974 3588 concionem
997 3574 1011 3597 ,
1044 3545 1145 3600 qua
1184 3527 1513 3590 ostenditur,
1540 3525 1660 3579 illos
1693 3524 1855 3578 multa

262 3645 470 3699 semper
491 3628 583 3683 Dei
603 3626 927 3697 benignitate
954 3624 1211 3688 fruentes,
1235 3620 1501 3677 contraria
1529 3616 1854 3672 benefactori

258 3721 597 3790 rependisse,
623 3727 675 3773 et
704 3715 1053 3786 impossibilia
1086 3723 1311 3769 tentare.
1363 3711 1501 3765 Dens
1539 3710 1717 3781 gloria:
1754 3724 1853 3776 ap-

255 3811 427 3881 paruit
452 3812 584 3880 patri
610 3818 782 3863 nostro
810 3806 1057 3871 Abralue,
1092 3807 1143 3860 5.
1175 3814 1222 3858 et
1249 3804 1377 3858 dixit
1418 3802 1487 3856 ad
1525 3802 1715 3855 illum:
1748 3798 1852 3852 Exi

254 3906 318 3957 de
362 3915 499 3957 terra
526 3914 629 3960 tua.
655 3911 702 3955 et
728 3901 839 3955 ueni
865 3901 917 3954 in
945 3909 1130 3953 terram
1152 3940 1167 3966 ,
1189 3914 1342 3969 quam
1370 3904 1711 3951 monstravere
1737 3893 1847 3947 tibi.

256 3995 418 4067 (Gen.
458 3994 547 4049 te.
602 3993 686 4064 1).

322 4088 380 4142 2.
410 4085 696 4155 Templum
724 4082 958 4138 nondum
985 4091 1120 4146 erat,
1151 4077 1473 4135 sacriﬁcium
1501 4090 1607 4131 non
1636 4082 1772 4138 erat,
1795 4081 1851 4129 et

252 4177 429 4232 divina
476 4177 685 4231 visione
727 4174 972 4244 dignatus
1018 4180 1103 4227 est
1141 4169 1431 4234 Abraham,
1456 4167 1542 4238 qui
1572 4164 1847 4236 Persas(a)

253 4269 632 4340 progenitores
659 4266 860 4330 habuit,
885 4272 940 4320 et
968 4263 1020 4318 in
1043 4263 1217 4317 aliena
1247 4269 1389 4316 terra
1416 4267 1551 4315 erat.
1576 4257 1646 4312 Et
1670 4271 1768 4311 cur
1793 4256 1844 4311 in

248 4363 471 4418 exordio
502 4361 686 4425 Deum,
715 4359 900 4429 gloriae
927 4355 1212 4426 appellavit
1241 4352 1446 4409 Deum?
1483 4349 1617 4417 Quia
1643 4349 1731 4404 ille
1761 4349 1843 4404 inv

246 4454 450 4525 glorios
469 4451 597 4506 fecit
615 4450 910 4520 gloriosos;
933 4456 1058 4502 etut
1078 4444 1417 4508 ostenderet,
1434 4442 1480 4496 si
1499 4441 1621 4495 illos
1642 4438 1843 4509 gloriﬁ-

245 4544 385 4600 cavit
410 4587 425 4609 ,
449 4541 624 4596 multo
657 4540 825 4611 magis
859 4539 991 4593 istos
1028 4534 1452 4608 gloriﬁcaturum
1478 4545 1622 4587 esse.
1652 4529 1840 4585 Viden’

240 4638 521 4712 quomodo
542 4637 664 4690 illos
691 4651 721 4690 a
748 4636 1023 4703 corporeis
1043 4630 1292 4694 abducat,
1317 4638 1371 4683 et
1390 4643 1420 4680 a
1444 4627 1563 4681 loco
1587 4624 1838 4695 primum,

242 4733 366 4802 quia
384 4731 454 4786 de
474 4730 594 4782 loco
609 4726 898 4797 agebatur?
913 4723 1051 4778 Deus
1064 4721 1261 4793 gloriae.
1291 4719 1349 4776 Si
1371 4720 1512 4774 Deus
1531 4725 1615 4772 est
1629 4715 1837 4786 glorize,

245 4823 420 4891 palam
449 4829 534 4876 est
555 4819 705 4874 illum
728 4832 835 4872 non
864 4830 1023 4888 egere
1049 4814 1217 4885 gloria
1244 4822 1447 4874 nostra,
1476 4823 1648 4881 neque
1668 4807 1838 4880 gloria

251 4911 601 4981 templi;ipse
634 4922 864 4979 namque
895 4915 975 4963 est
1010 4905 1194 4978 gloriae
1226 4904 1365 4957 fons.
1394 4900 1472 4957 Ne
1497 4915 1625 4970 ergo
1642 4898 1837 4969 putetis

254 5017 357 5055 vos
383 5003 458 5055 sic
480 5002 623 5057 illum
648 4999 1045 5071 gloriﬁcaturos
1067 5011 1209 5053 esse.
1251 4995 1318 5049 Et
1338 5009 1453 5058 cur,
1482 4991 1709 5061 inquies,
1735 4989 1838 5044 hoc

250 5093 526 5162 Scriptura
548 5094 611 5149 de
638 5092 945 5148 Abrahamo
968 5089 1141 5145 dicit?
1167 5087 1301 5155 Quia
1328 5086 1505 5141 minus
1530 5080 1834 5138 necessaria

242 5201 357 5239 non
386 5184 568 5238 relert.
603 5183 753 5253 Quod
782 5183 924 5237 enim
956 5182 1095 5236 scire
1123 5193 1223 5233 nos
1248 5175 1584 5247 expediebat,
1620 5173 1722 5227 hoc
1746 5186 1834 5228 so-

234 5277 350 5331 lmn
381 5291 481 5329 nos
505 5276 704 5340 docuit,
754 5274 897 5345 quod
941 5272 1133 5328 videns
1162 5270 1324 5323 ﬁlium
1363 5283 1483 5322 cum
1522 5266 1612 5320 illo
1636 5264 1832 5334 migra-

228 5370 339 5432 vit;
374 5378 568 5423 cmtera
602 5383 728 5422 vero
759 5367 943 5430 tacuit,
998 5380 1064 5418 eo
1112 5362 1254 5432 quod
1311 5360 1419 5414 cito
1465 5366 1707 5412 mortuus
1761 5356 1832 5409 sit

230 5472 516 5531 pnetquam
561 5460 891 5514 habitaverat
921 5456 973 5510 in
997 5454 1260 5509 Charran.
1314 5451 1412 5505 Exi
1443 5450 1505 5503 de
1531 5450 1830 5519 eoynatione

229 5564 339 5604 tua.
376 5552 474 5607 ilic
500 5551 734 5606 ostendit
763 5549 865 5603 hos
902 5562 1009 5601 non
1051 5561 1172 5600 esse
1217 5544 1355 5598 ﬁlios
1380 5542 1630 5597 Abrahae.
1679 5540 1827 5606 Quo-

231 5642 432 5696 modo?
476 5643 604 5710 Quia
633 5643 721 5697 ille
750 5641 1061 5709 obsequens
1105 5646 1239 5701 erat,
1272 5636 1323 5689 hi
1357 5644 1536 5688 autem
1586 5635 1830 5702 pervica-

226 5749 348 5798 t-es;
368 5735 475 5787 imo
488 5750 548 5791 ex
576 5735 638 5789 iis
657 5748 777 5805 qua:
795 5732 984 5802 jussus
1006 5727 1124 5781 facit
1140 5726 1416 5793 discimus,
1443 5725 1590 5778 illum
1610 5722 1825 5793 quidem

290 5871 361 5931 (α)
397 5871 650 5925 Fautiliare
688 5877 773 5924 est
796 5866 1147 5930 Chrysostomo
1162 5861 1441 5920 Orientales
1479 5874 1610 5935 pene
1651 5873 1825 5912 omnes

232 5946 392 5986 taetre
414 5943 595 5989 Persas.
1136 5938 1137 5945 ‘

1297 480 1364 536 IN
1406 479 1585 538 ACTA
1628 479 2156 538 APOSTOLORUM.
2199 480 2430 538 HOMIL.
2475 482 2588 539 XV.

3504 495 3606 550 £2!

2011 595 2219 651 labores
2263 598 2603 664 sustinuisse,
2632 597 2729 653 hos
2777 613 2903 653 vero
2950 601 3152 657 fructus
3194 602 3526 676 decerpere,
3552 624 3607 666 et

2008 688 2378 757 progenitores
2399 702 2588 743 omnes
2619 689 2669 742 in
2698 692 2951 745 aerumnis
2980 691 3167 749 fuisse.
3191 695 3248 748 4.
3282 713 3301 748 t
3330 695 3395 750 Et
3416 712 3605 769 egres-

2004 792 2096 831 sus
2118 777 2184 832 de
2207 788 2344 833 terra
2368 778 2762 847 Chaldreorum,
2782 781 3042 838 habitavit
3059 784 3111 838 in
3129 784 3389 842 Cbarran:
3408 798 3462 843 et
3478 790 3605 847 inde

2004 880 2283 944 postquam
2326 883 2572 930 mortuus
2593 884 2677 931 est
2701 885 2853 948 pater
2874 878 2988 947 ejus
3013 921 3030 945 ,
3073 883 3344 936 transtulit
3372 883 3517 938 illum
3548 884 3601 939 in

2002 971 2195 1017 terram
2224 962 2378 1019 istam
2403 985 2415 1020 :
2441 967 2493 1020 in
2513 982 2616 1037 qua
2642 982 2781 1023 nunc
2809 983 2903 1023 vos
2926 970 3209 1025 habitatis:
3232 971 3283 1026 5.
3303 979 3358 1027 et
3383 989 3489 1027 non
3506 974 3602 1030 dc-

1997 1053 2071 1107 dit
2096 1056 2169 1109 illi
2199 1054 2565 1114 luereditatem
2592 1060 2642 1114 in
2663 1075 2745 1124 ea,
2764 1076 2936 1130 neque
2962 1076 3175 1131 passum
3195 1063 3363 1133 pedis.
3393 1081 3412 1116 ι
3442 1064 3596 1132 Vide,

1998 1147 2268 1215 quomodo
2291 1149 2412 1203 illos
2436 1165 2464 1204 a
2496 1159 2633 1205 terra
2658 1151 2908 1206 abducat.
2933 1152 3049 1208 Non
3069 1153 3204 1209 dixit
3224 1154 3388 1222 enim,
3410 1154 3594 1222 Dabit;

1995 1237 2111 1303 sed,
2146 1236 2267 1293 Non
2295 1239 2452 1308 dedit,
2474 1241 2755 1296 declarans
2776 1244 2954 1297 omnia
2982 1245 3049 1299 ab
3076 1244 3187 1309 illo,
3222 1246 3354 1300 nihil
3377 1247 3443 1301 ab
3468 1247 3597 1316 ipsis

1995 1329 2181 1385 fuisse.
2230 1330 2390 1386 Venit
2427 1334 2569 1387 enim
2611 1336 2795 1389 relicta
2840 1335 3161 1407 cognatione
3184 1346 3238 1390 et
3264 1338 3453 1407 patria.
3487 1339 3594 1393 Cur

1992 1432 2122 1489 ergo
2145 1435 2250 1475 non
2276 1421 2458 1476 dedit?
2483 1424 2618 1489 Quia
2652 1423 2819 1494 ﬁgura
2847 1436 2964 1481 erat
2990 1427 3210 1482 alterius
3250 1438 3408 1483 terra:
3428 1444 3588 1500 quam

1992 1512 2237 1578 promisit
2263 1528 2322 1569 se
2354 1514 2427 1569 illi
2459 1514 2728 1571 daturum.
2766 1517 2928 1573 Vides
2949 1560 2965 1584 ,
2998 1534 3121 1574 eum
3151 1534 3255 1574 non
3283 1521 3399 1576 sine
3427 1534 3588 1577 causa

1988 1612 2290 1659 sermonem
2328 1608 2645 1664 resumere?
2678 1608 2796 1663 Non
2826 1610 2964 1664 dedit
3003 1611 3107 1675 illi,
3143 1611 3329 1680 inquit.
3370 1612 3437 1666 Et
3467 1631 3589 1685 pro-

1987 1693 2123 1748 misit
2164 1696 2345 1749 semini
2384 1698 2494 1763 ejus
2524 1710 2635 1769 post
2674 1699 2817 1754 illuni
2839 1743 2853 1768 ,
2886 1718 3002 1755 cum
3036 1718 3137 1757 non
3167 1703 3369 1757 haberet
3396 1705 3584 1773 ﬁlium.

1989 1784 2121 1841 llinc
2150 1803 2364 1843 rursum
2401 1791 2704 1846 ostenditur
2736 1794 2825 1849 Dei
2858 1795 3094 1863 potentia
3118 1837 3133 1863 ,
3164 1796 3307 1866 quod
3334 1811 3399 1851 ea
3427 1796 3585 1852 faciat

1984 1894 2103 1947 qua:
2130 1880 2477 1950 impossibilia
2509 1884 2779 1939 videntur.
2814 1886 2948 1940 Eum
2978 1888 3143 1954 enim,
3173 1889 3261 1958 qui
3290 1888 3340 1942 in
3365 1888 3583 1944 Perside

1982 1982 2116 2037 erat,
2154 1981 2302 2028 tanto
2331 1976 2505 2044 spatio
2533 1989 2822 2043 remotum,
2854 1980 2988 2034 dixit
3018 1996 3076 2035 se
3103 1981 3379 2036 dominum
3412 1981 3582 2036 Palm-

1980 2064 2135 2117 stiua:
2168 2063 2454 2122 faeturum.
2498 2067 2604 2124 Sed
2644 2070 2781 2124 dicta
2826 2072 3072 2139 superius
3112 2083 3436 2143 repetamus.
3486 2073 3581 2127 ln-

1980 2164 2174 2212 tuentes
2211 2159 2262 2211 in
2301 2176 2414 2213 eunt
2439 2202 2454 2227 ,
2485 2161 2688 2231 inquit,
2717 2164 2950 2217 viderunt
2974 2164 3155 2234 faciem
3187 2166 3295 2236 ejus
3320 2175 3579 2234 tamquam

1978 2252 2159 2319 faciem
2186 2250 2375 2320 angeli.
2406 2251 2554 2307 Unde
2583 2254 2633 2306 in
2661 2254 2933 2323 Stephano
2956 2257 3122 2325 gratia
3155 2256 3415 2311 ﬂorebat?
3442 2274 3578 2312 non-

1976 2354 2043 2394 ne
2070 2356 2135 2396 ex
2171 2342 2317 2397 tlde?
2342 2342 2395 2397 Id
2422 2353 2571 2399 certe
2600 2345 2771 2414 palam
2798 2356 2911 2412 est;
2943 2362 3062 2401 nam
3090 2361 3249 2417 supra
3278 2348 3347 2402 de
3372 2346 3465 2402 illo
3489 2349 3576 2403 di-

1975 2434 2085 2501 xit,
2118 2435 2334 2505 plenum
2366 2436 2470 2492 ﬁde
2510 2436 2692 2494 fuisse.
2724 2439 2907 2495 Potest
2931 2451 3110 2495 autem
3152 2440 3335 2495 haberi
3366 2444 3531 2511 gratia
3553 2486 3570 2506 ,

1972 2538 2093 2594 qua:
2141 2542 2246 2580 non
2289 2529 2360 2582 sit
2400 2529 2733 2584 curationum
2778 2549 2791 2585 :
2834 2530 2957 2586 ideo
2998 2532 3072 2585 ait
3102 2533 3389 2603 Apostolus
3421 2550 3436 2587 :
3468 2534 3574 2588 Alii

1972 2618 2144 2684 datur,
2178 2619 2381 2689 inquit,
2419 2622 2586 2692 gratia
2610 2624 2931 2677 curationum
2952 2664 2965 2687 ,
2995 2624 3085 2678 alii
3115 2641 3278 2679 sermo
3307 2626 3572 2693 sapientia:

1970 2709 2059 2780 (l.
2091 2708 2209 2764 Cor.
2240 2711 2327 2765 12.
2361 2712 2454 2779 9).
2489 2713 2587 2767 llic
2614 2724 2793 2768 autem
2822 2714 3033 2769 videtur
3059 2714 3186 2768 mihi
3232 2716 3378 2770 illum
3413 2718 3568 2771 valde

1968 2800 2260 2868 gratiosum
2304 2801 2466 2857 fuisse
2505 2802 2826 2858 subindicari
2851 2845 2866 2870 ,
2897 2819 3019 2857 cum
3050 2804 3276 2871 dicitur,
3318 2804 3568 2860 Viderunt

1968 2894 2149 2962 faciem
2192 2894 2301 2959 eius
2346 2904 2605 2965 tamquam
2646 2896 2828 2967 faciem
2873 2896 3079 2967 angeli;
3113 2898 3253 2966 quod
3298 2899 3457 2953 etiam
3495 2898 3565 2953 de

1966 2984 2205 3039 Barnaba
2233 2984 2434 3039 dictum
2464 2985 2581 3040 fuit.
2611 2986 2765 3042 Unde
2803 2988 3001 3043 sciurus
3030 2988 3300 3058 simplices
3327 3000 3380 3044 et
3411 2989 3567 3044 inno-

1965 3083 2147 3129 centes
2188 3076 2239 3129 iu
2281 3076 2469 3146 primis
2511 3077 2562 3131 in
2604 3077 2960 3133 admiratione
2997 3092 3117 3134 esse
3140 3080 3180 3144 ί,
3224 3080 3564 3151 maximeque

1962 3170 2248 3238 gratiosos.
2281 3168 2424 3223 Tunc
2459 3169 2814 3226 summiserant
2840 3172 2974 3225 viros
2998 3172 3084 3242 qui
3110 3170 3361 3237 dicerent,
3390 3189 3443 3227 se
3467 3190 3563 3226 nu-

1962 3260 2147 3314 divisse
2189 3260 2335 3315 illum
2371 3262 2616 3316 dicentem
2658 3262 2805 3317 verba
2848 3263 3165 3333 blaspheme.
3195 3264 3271 3320 De
3304 3267 3561 3334 apostolis

1961 3354 2176 3424 quidem
2208 3353 2478 3421 dicebant,
2510 3354 2650 3425 quod
2680 3356 3126 3411 resurrectionem
3156 3359 3557 3426 annuntiarcut,

1960 3453 2013 3499 et
2039 3443 2179 3514 quod
2223 3444 2386 3497 multa
2424 3446 2574 3499 turba
2606 3446 2936 3511 conﬂueret;
2973 3447 3056 3501 hic
3087 3456 3263 3501 autem
3296 3448 3437 3517 quod
3467 3464 3557 3503 sa-

1960 3544 2237 3591 narentur.
2268 3536 2311 3591 Ο
2343 3537 2735 3606 insipientiam!
2784 3537 2857 3592 De
2897 3538 3089 3608 quibus
3128 3541 3407 3608 opm-tebat
3434 3556 3554 3609 gra-

1958 3627 2059 3681 tias
2084 3642 2243 3697 agere
2262 3668 2276 3691 ,
2306 3626 2374 3682 de
2418 3628 2483 3681 iis
2521 3627 2949 3696 redarguebant;
2980 3636 3033 3682 et
3061 3643 3155 3682 eos
3181 3630 3269 3699 qui
3301 3631 3555 3699 operibus

1955 3719 2299 3789 superabant,
2345 3734 2405 3774 se
2451 3718 2630 3775 verbis
2680 3729 3024 3789 superaturos
3075 3734 3195 3774 esse
3242 3721 3550 3790 sperabant,

1954 3810 2095 3881 quod
2141 3811 2302 3865 etiam
2354 3825 2479 3880 erga
2537 3808 2809 3865 Christum
2847 3810 3141 3876 faciebant;
3172 3820 3224 3865 et
3255 3826 3468 3881 semper
3500 3813 3552 3865 iu

1954 3901 2116 3955 verba
2157 3915 2281 3956 sese
2324 3900 2729 3955 convertebant.
2764 3900 2888 3954 Illos
2930 3901 3073 3955 enim
3119 3910 3323 3957 temere
3361 3917 3552 3973 rapere

1953 3991 2371 4054 erubescebant,
2413 3992 2543 4045 nihil
2585 3991 2840 4046 habentes
2871 4006 2976 4062 quo
3005 3991 3438 4047 criminarentur.
3484 3995 3546 4049 Et

1950 4083 2110 4146 vide,
2143 4080 2413 4151 quomodo
2453 4097 2556 4136 non
2602 4082 2810 4150 iudices
2854 4082 2951 4151 ipsi
2992 4082 3382 4147 testiﬁcentur;
3425 4099 3547 4139 nam

1950 4173 2209 4230 confutati
2243 4172 2501 4239 fuissent;
2535 4174 2629 4228 sed
2658 4174 2793 4227 alios
2835 4172 3031 4228 frustra
3070 4174 3318 4228 mercede
3345 4175 3550 4228 contiu-

1949 4273 2109 4331 cunt,
2142 4272 2198 4317 ut
2228 4279 2296 4318 ne
2325 4263 2596 4318 videretur
2625 4278 2711 4317 res
2749 4277 2869 4317 esse
2907 4263 3165 4316 violenta.
3211 4262 3322 4317 Hoc
3369 4264 3545 4331 ipsum

1947 4358 2108 4413 etiam
2137 4354 2354 4411 Christo
2383 4352 2673 4423 contigisse
2703 4352 2906 4407 videas.
2941 4351 3188 4405 Vidistin‘
3214 4353 3322 4405 vim
3353 4353 3547 4421 praedi-

1946 4448 2190 4514 cationis,
2220 4455 2276 4502 et
2294 4446 2564 4517 quomodo
2589 4446 2765 4517 vigeat
2790 4460 2898 4499 non
2928 4445 3089 4499 modo
3115 4460 3234 4501 cum
3268 4459 3555 4515 praecones-

1947 4542 2313 4613 ﬁagellantur,
2346 4538 2440 4595 sed
2476 4539 2636 4594 etiam
2675 4552 2797 4593 cum
2838 4536 3171 4608 lapidantur,
3200 4550 3321 4591 cum
3350 4536 3414 4592 ad
3449 4538 3566 4608 tri:

1946 4635 2110 4691 bunal
2150 4642 2413 4706 aguntur,
2455 4646 2579 4687 cum
2627 4630 2863 4700 undique
2919 4628 3231 4700 pelluntur?
3260 4629 3393 4684 Hinc
3432 4627 3538 4684 illis

1943 4729 2075 4785 falsa
2108 4725 2543 4790 testiﬁcantibus,
2580 4739 2685 4778 non
2724 4721 2887 4779 modo
2916 4738 3022 4777 non
3055 4722 3409 4792 superabant,
3442 4721 3538 4776 sed

1944 4835 2044 4877 nec
2060 4819 2322 4875 obsistere
2336 4816 2586 4871 valebant
2602 4816 2645 4882 ²,
2661 4814 2760 4871 etsi
2783 4813 2936 4869 valde
2954 4813 3291 4883 impudentes
3314 4820 3494 4868 essent
3517 4828 3537 4869 :
3556 4849 3565 4857 -

1941 4913 2023 4970 sic
2049 4912 2170 4968 illos
2198 4908 2407 4965 fortiter
2429 4905 2657 4971 devicit,
2689 4905 2788 4960 etsi
2829 4903 2995 4959 multa
3024 4902 3426 4973 ineongrucntia
3458 4886 3562 4958 fa-'

1940 5011 2143 5068 cercnt,
2177 5011 2228 5056 ut
2259 5009 2313 5056 et
2342 5013 2466 5070 erga
2493 4997 2798 5062 Christum,
2830 5010 2955 5052 cum
2997 4996 3176 5049 omnia
3207 4996 3442 5051 facerent
3477 5003 3540 5051 ut

1940 5095 2091 5150 illum
2136 5102 2310 5147 morte
2350 5091 2662 5155 afliccrent,
2702 5087 2773 5142 ita
2820 5094 2877 5141 ut
2918 5085 3135 5141 demum
3178 5085 3352 5155 palam
3391 5094 3539 5140 esset

1937 5185 2207 5250 omnibus,
2231 5198 2338 5237 non
2366 5181 2653 5236 humanam
2677 5193 2799 5234 esse
2821 5192 3075 5248 pugnam,
3102 5176 3199 5232 sed
3225 5176 3317 5231 Dei
3342 5184 3533 5231 contra

1936 5278 2203 5334 homines.
2245 5272 2522 5343 Perpende
2564 5282 2743 5327 autem
2783 5270 2910 5341 quid
2951 5269 3145 5323 iaciant
3187 5268 3261 5322 illi
3302 5267 3533 5337 appositi

1938 5372 2052 5427 falsi
2078 5380 2239 5426 testes
2263 5369 2329 5423 ab
2351 5368 2435 5433 iis,
2463 5367 2551 5438 qui
2578 5365 2916 5437 sanguinario
2942 5364 3121 5418 animo
3151 5361 3296 5415 illum
3326 5362 3377 5415 in
3400 5376 3531 5412 cnn-

1935 5465 2114 5519 cilium
2144 5469 2450 5531 rapuerant.
2478 5459 2777 5513 Audiuimus
2806 5456 2953 5510 illum
2982 5456 3224 5509 dicentem
3250 5454 3397 5505 verba
3418 5452 3530 5505 bla-

1934 5557 2141 5629 sphenta
2168 5564 2343 5608 contra
2369 5551 2598 5623 Moysen:
2623 5566 2681 5603 ac
2706 5547 2892 5603 Deum.
2917 5547 2963 5602 Ο
2984 5545 3320 5617 impudentes
3344 5544 3357 5596 l
3388 5544 3532 5605 0pc-

1999 5738 2014 5769 ι
2056 5734 2179 5783 Alius
2210 5734 2361 5783 habet
2388 5768 2401 5791 ,
2438 5729 2590 5781 salvos
2637 5741 2766 5791 esse,
2801 5740 2891 5787 pro
2917 5761 2930 5784 ,
2960 5723 3015 5791 _i_n
3062 5721 3384 5791 admiratione
3407 5732 3529 5791 esse.

1996 5802 2016 5830 ²
2043 5806 2170 5845 Uuus
2192 5799 2262 5845 sic
2285 5783 2436 5845 habet
2462 5809 2473 5842 :
2498 5828 2510 5840 .
2640 5783 2863 5847 Undique
2894 5783 3136 5844 pelluntur
3162 5784 3185 5835 Ξ)
3220 5792 3265 5847 et
3289 5783 3385 5834 illis
3408 5784 3530 5847 ipsis

1934 5844 2293 5921 emt/iteuttbus,
2314 5869 2407 5907 non
2431 5854 2572 5906 modo
2596 5844 2925 5914 vincebantur,
2951 5851 3040 5900 scd
3069 5860 3129 5900 ne
3162 5846 3385 5899 resistere
3418 5844 3528 5911 qui-

1935 5918 2045 5973 dem
2071 5918 2302 5970 valebant.
