3946 6428
450 566 509 607 ra
535 557 720 606 contra
746 545 910 603 Deam
936 543 1248 616 blasphrma
1280 541 1470 607 facitis,
1500 548 1555 595 ct
1583 556 1688 594 non
1717 541 1951 602 curatis;
1981 547 2038 593 et

448 643 518 697 de
561 641 744 713 Moyse
786 636 1000 692 solliciti
1048 651 1170 690 esse
1217 633 1513 691 simulatis?
1558 632 1684 689 Ideo
1727 630 2039 701 proponitur

446 733 678 804 Moyses,
703 729 825 799 quia
836 744 968 798 qua:
993 727 1087 782 Dei
1106 736 1279 792 erant,
1302 741 1408 781 non
1437 723 1662 779 multum
1684 722 1963 787 curabant,
1983 730 2039 776 et

447 824 646 894 ubique
671 820 907 893 Moysem
929 825 1392 876 commemorant:
1417 815 1641 885 Moyses,
1668 813 1930 884 inquiunt,
1958 811 2040 866 hic

443 915 532 983 qui
560 912 735 968 adlisit
765 928 855 966 nos
888 910 1037 982 (.Ael.
1058 909 1122 964 Ἰ.
1160 908 1231 964 40
1250 909 1290 978 ).
1322 907 1475 962 facile
1500 902 2040 974 mobilempopultuu

449 1006 743 1061 irritantes.
773 1003 931 1073 Atqui
962 1000 1233 1072 quomodo
1271 999 1354 1053 vir
1392 996 1738 1067 blasphemus
1762 995 1832 1050 ita
1862 993 2041 1049 vince-

450 1094 873 1166 ret?.quomcdo
900 1093 980 1148 vir
1021 1091 1369 1163 bIaSphemus
1414 1089 1537 1143 talia
1581 1088 1731 1157 signa
1763 1085 1814 1139 in
1843 1082 2042 1155 populo

439 1187 690 1244 “faceret?
713 1185 818 1242 Sed
847 1185 967 1240 talis
995 1197 1082 1239 res
1107 1191 1190 1239 est
1216 1181 1434 1245 invidia,
1465 1179 1657 1233 stultos
1681 1175 1921 1232 efﬁciens
1947 1189 2044 1230 eos

448 1294 586 1351 quos
613 1277 844 1343 invasit,
878 1286 933 1331 ut
971 1289 1144 1345 neque
1174 1272 1238 1328 iis
1265 1271 1545 1327 attendant
1574 1284 1692 1341 qua
1733 1268 2039 1338 Ιωιιιιιιιῑιιν.

448 1371 749 1428 Audiuimus
771 1370 936 1434 illum,
967 1367 1235 1437 inquiunt,
1265 1365 1549 1436 loquentem
1572 1360 1870 1431 blaspliema
1898 1356 2045 1411 verba

440 1476 628 1522 contra
668 1462 902 1534 Mog/sem
938 1460 1218 1523 et'Deuur;
1257 1472 1321 1512 ac
1362 1470 1597 1521 rursum,
1629 1452 1730 1507 Hic
1757 1452 1907 1507 homo
1941 1465 2043 1504 non

449 1567 621 1613 erssat-
640 1556 789 1610 verba
828 1553 967 1625 loqui
1003 1561 1179 1606 contra
1198 1549 1381 1605 locum
1402 1557 1650 1602 sanctum
1685 1553 1731 1599 et
1768 1543 1925 1613 legem
1944 1581 1959 1606 ,
1991 1547 2045 1595 et

445 1648 731 1720 adjiciunt,
758 1648 887 1714 Qua:
904 1643 1120 1700 tradidit
1143 1641 1285 1695 nobis
1314 1638 1553 1709 Moyses;
1579 1650 1685 1690 non
1712 1633 1851 1688 ultra
1877 1631 2040 1685 Deus.

501 1742 579 1798 ιδ.
615 1738 798 1796 Viden’
828 1733 1290 1807 quomodoillum-
1311 1731 1381 1787 ob
1422 1739 1822 1785 oversamwem
1863 1720 2043 1801 publi-

438 1848 570 1888 [eam
616 1829 911 1901 impietatis
950 1824 1248 1882 accusant?
1275 1820 1428 1890 Quod
1446 1828 1636 1874 autent
1665 1830 1772 1872 non
1790 1810 2047 1886 .potuerit

453 1927 544 1983 ille
575 1924 696 1981 talia
720 1921 974 1977 audacter
1005 1918 1148 1989 loqui
1173 1959 1188 1983 ,
1217 1916 1411 1985 cuique
1438 1909 1781 1967 manifestum
1810 1914 1894 1961 est
1928 1921 1942 1958 :
1971 1903 2044 1958 ita

453 2019 598 2074 mitis
623 2017 705 2072 vel
729 2016 781 2071 in
806 2014 941 2070 facie
959 2022 1089 2069 erat.
1121 2011 1285 2081 Igitur
1308 2007 1399 2064 ubi
1422 2022 1535 2062 non
1554 1999 2043 2060 calumniabantur,

452 2109 586 2166 nihil
621 2109 729 2163 tale
767 2106 900 2162 dicit
937 2104 1216 2172 Scriptura
1248 2118 1262 2155 :
1286 2100 1415 2170 quia
1446 2111 1575 2152 vero
1602 2102 1773 2150 totum
1801 2090 1904 2146 hoc
1929 2088 2048 2142 loco

454 2201 852 2264 calumnia-est,
882 2198 1004 2267 jure
1034 2195 1180 2251 illam
1205 2191 1427 2263 corrigit
1458 2188 1622 2253 Deus,
1646 2185 1729 2242 vel
1756 2199 1852 2256 per
1877 2183 2048 2253 ipsum

455 2296 684 2351 vultum.
714 2289 961 2361 Apostoli
989 2296 1145 2344 certe
1177 2302 1284 2343 non
1315 2281 1596 2340 calumniis
1624 2276 2044 2348 impetcbantur,

456 2386 552 2442 sed
596 2382 1058 2456 prohibebantur;
1090 2377 1190 2433 .bic
1231 2390 1363 2432 vero
1403 2370 1686 2430 calumniis
1727 2366 2045 2456 impetitur:

458 2454 685 2548 ideoque
721 2484 847 2530 ante
882 2471 1063 2528 omnia
1104 2470 1280 2525 vultus
1305 2468 1723 2537 ipsumpurgat.
1756 2459 1918 2515 Forte
1945 2454 2049 2512 hoc

456 2570 789 2628 sacerdotem
832 2564 1038 2639 pudore
1078 2559 1409 2619 all'ecit..Ubi
1434 2572 1565 2614 vero
1584 2555 1761 2620 dixit,
1785 2551 2054 2607 Promise-

457 2672 537 2717 ται
560 2703 578 2730 ,
609 2658 845 2716 ostendit
887 2655 1298 2728 promissionem
1340 2649 1507 2706 fuisse
1546 2648 1739 2702 factam
1766 2651 2052 2713 antequam

459 2754 609 2809 locus
637 2751 927 2822 deputatus
954 2756 1139 2812 esset,
1168 2754 1454 2815 antequam
1484 2736 1826 2796 circumcisio
1848 2774 1864 2801 ,
1897 2741 2052 2789 ante-

456 2860 617 2916 quam
653 2840 975 2899 sacrillciinn
1005 2845 1062 2895 et
1093 2835 1352 2908 templum
1387 2841 1535 2889 esset
1569 2848 1584 2885 :
1614 2838 1672 2885 et
1704 2828 1823 2883 illos
1849 2838 1958 2880 non
1987 2838 2055 2878 ex

458 2938 657 2993 uterito
684 2933 961 3004 accepisse
999 2926 1468 2985 cireumcisionem
1505 2933 1682 2991 neque
1718 2918 1891 2990 legem
1914 2955 1930 2981 ,
1958 2911 2056 2969 sed

458 3025 782 3087 obedientiae
803 3033 1015 3079 tantum
1051 3017 1355 3076 mercedem
1386 3014 1550 3070 fuisse
1578 3020 1799 3067 terram.
1827 3008 1899 3063 At
1926 3020 2059 3059 uou-
2128 3013 2141 3019 '

465 3122 593 3178 dum
623 3116 1037 3177 circumcisione
1062 3107 1522 3181 data.promissio
1547 3103 1799 3175 impletur
1828 3117 1846 3155 :
1876 3114 1942 3154 ac
1962 3111 2060 3168 per

462 3213 688 3284 ﬁguram
719 3208 872 3274 illos,
909 3206 1020 3261 Deo
1040 3197 1608 3274 jubcnte,.probatur,
1634 3191 1934 3265 reliquisse
1961 3204 2058 3260 pa-

475 3283 634 3360 triam
655 3311 707 3359 et
725 3301 1107 3372 cognationem.
1122 3294 1237 3367 (illa
1267 3288 1677 3362 namquepatria
1694 3283 1884 3352 cst,.ad
1900 3296 2059 3354 quam

467 3393 685 3457 duxerit
720 3392 910 3464 Deus),
949 3400 1001 3446 et
1018 3388 1121 3444 ebic
1159 3384 1511 3443 hereditatem
1530 3396 1636 3437 non
1670 3379 1871 3435 habere
1893 3394 1907 3432 :
1933 3390 2097 3435 nam-

465 3486 512 3540 si
538 3485 658 3556 quis
682 3498 798 3540 rem
826 3488 1076 3538 accurate
1103 3477 1394 3543 examinet,
1422 3474 1602 3531 Persa:
1615 3478 1744 3527 sunt
1768 3466 1939 3524 .lndzri
1963 3474 2062 3533 ;et

467 3579 661 3645 innuit,
691 3575 836 3648 quod
862 3575 1022 3631 etiam
1049 3573 1254 3642 absque
1288 3569 1456 3641 signis
1483 3560 1962 3634 obtemperandum
1993 3558 2065 3614 sit

469 3673 587 3749 Deo
610 3668 872 3742 loquenti,
894 3667 1104 3723 etiamsi
1131 3663 1309 3735 gravia
1332 3659 1577 3732 quaedam
1597 3654 1858 3712 accidant.
1874 3652 2065 3721 Quan-

470 3742 760 3835 doquidem
800 3757 1100 3832 patriarcha
1126 3765 1182 3811 ct
1210 3762 1434 3825 paterno
1463 3748 1711 3820 sepulcro
1735 3752 1791 3802 et
1815 3742 2065 3799 omnibus

469 3854 711 3921 relictis,
749 3852 861 3908 Deo
911 3845 1320 3917 obtemperavit.
1380 3840 1536 3912 Quod
1595 3839 1642 3895 si
1705 3836 1863 3907 hujus
1915 3843 2067 3905 pater

475 3961 584 4001 non
653 3942 834 4000 socius
872 3940 1016 3996 illius
1078 3938 1177 3993 fuit
1226 3934 1505 4006 migrantis
1566 3931 1623 3986 in
1683 3927 2066 3993 Palaestinam,

475 4038 646 4093 multo
683 4035 862 4091 minus
891 4032 981 4088 lilii
1015 4037 1174 4086 erunt
1219 4033 1498 4084 consortes
1522 4063 1536 4088 ,
1559 4018 1790 4077 {etiamsi
1820 4029 2067 4087 magnam

481 4129 583 4185 viae
613 4135 819 4199 partem
861 4123 1221 4186 emetiuntur,
1275 4113 1689 4188 quiavirtntem
1733 4106 1913 4180 ipatris
1962 4120 2069 4161 non

484 4221 784 4280 imitantur.
818 4214 889 4271 Et
916 4211 1204 4285 repromisit
1243 4210 1368 4263 dare
1400 4206 1545 4261 illaut
1584 4203 1629 4258 ei
1656 4212 1703 4257 et
1727 4199 1906 4255 semini
1937 4203 2070 4269 ejus,

480 4312 674 4383 inquit,
711 4317 823 4382 post
860 4307 1026 4363 illum.
1071 4303 1235 4360 Multa
1290 4300 1381 4356 hic
1399 4297 1519 4382 .Dei
1571 4293 1875 4366 benignitas
1917 4290 2074 4347 exhi‘

483 4405 673 4471 betur,
720 4401 884 4456 multa
929 4397 1160 4454 Abrahae
1208 4394 1361 4449 lides.
1407 4390 1540 4447 Nam
1587 4387 1731 4460 quod
1790 4385 2069 4449 crederet,

484 4497 613 4551 Cum
636 4491 866 4548 nondum
890 4498 1018 4544 esset
1044 4489 1089 4543 ei
1118 4486 1276 4557 ﬁlius,
1309 4483 1413 4539 hoc
1457 4481 1572 4552 ejus
1613 4491 1669 4536 et
1712 4475 2074 4532 obedientiam

488 4597 546 4644 et
594 4586 755 4641 fidem
788 4579 1023 4639 ostendit
1050 4596 1081 4633 .:
1112 4575 1368 4649 quamvis
1404 4589 1466 4628 ea
1490 4613 1506 4639 ,
1541 4587 1663 4641 quae
1705 4569 1843 4625 facta
1889 4574 2072 4631 erant,

489 4677 817 4735 contrarium
863 4676 1227 4728 monstrarent
1257 4685 1272 4724 :
1303 4679 1495 4735 nempe
1538 4660 1679 4734 quod
1723 4674 1846 4716 cum
1894 4657 2078 4713 venis-

493 4782 611 4836 sel,
670 4784 739 4825 ne
778 4765 1071 4836 vestigium
1135 4761 1350 4833 quidem
1406 4757 1559 4830 pedis
1602 4769 1760 4811 suum
1820 4750 2076 4817 haberet,

491 4877 664 4932 neque
691 4859 879 4924 lilium,
903 4872 1022 4928 quae
1048 4854 1168 4910 (idet
1192 4850 1460 4908 contraria
1485 4856 1656 4904 erant.
1674 4845 1813 4902 Haec
1835 4858 1931 4899 nos
1950 4855 2084 4912 quo—

491 4974 596 5029 riui:
610 4953 1040 5015 coruiderautes,
1066 4962 1186 5018 quae
1207 4947 1348 5001 Deus
1368 4941 1692 5014 promiserit.
1715 4937 2079 5002 admittamus,

493 5051 705 5109 etiamsi
732 5045 1003 5104 contraria
1041 5042 1323 5099 evenerint
1349 5058 1364 5096 :
1392 5037 1637 5110 quamvis
1660 5033 1801 5106 apud
1831 5046 1932 5087 nos
1956 5045 2087 5085 con-

496 5145 658 5201 traria
698 5155 807 5197 non
848 5140 994 5202 sint,
1031 5135 1128 5193 sed
1174 5134 1330 5189 valde
1367 5131 1780 5201 consequentia.
1803 5125 1909 5183 Ubi
1941 5123 2083 5178 enim

495 5235 881 5315 promissiones
916 5239 1078 5296 sum,
1114 5229 1159 5285 si
1180 5226 1469 5284 scontraria
1507 5222 1797 5286 eveniunt,
1836 5218 1922 5273 illa
1956 5228 2088 5270 .vere

496 5306 767 5388 contraria
796 5332 921 5380 sunt
944 5339 961 5389 ;
989 5320 1130 5391 apud
1158 5327 1457 5373 nosautem
1484 5327 1642 5370 secus
1667 5329 1682 5367 :
1711 5324 1833 5366 nam
1860 5307 1949 5363 hic
1971 5306 2089 5376 qui-

499 5426 621 5483 dem
643 5421 989 5480 afflictionem
1008 5413 1160 5479 dixit,
1180 5411 1286 5467 lllic
1305 5409 1564 5480 requiem.
1587 5404 1695 5461 Cur
1713 5398 2091 5459 confundimus

501 5511 788 5587 tempora?
824 5524 922 5567 cur
955 5505 1132 5561 omnia
1163 5518 1254 5558 sus
1282 5501 1456 5571 deque
1494 5491 1793 5553 vertimus?
1823 5489 2049 5561 Angeris
2071 5527 2088 5553 ,

504 5608 592 5663 die
613 5579 749 5662 inihi
768 5644 787 5673 ,
817 5603 938 5675 quia
965 5600 1019 5656 in
1050 5604 1362 5670 paupertate
1389 5591 1525 5648 vivis
1544 5630 1559 5653 ,
1589 5596 1644 5644 et
1670 5585 1792 5642 ideo
1819 5579 2093 5675 turbaris?

505 5699 585 5755 Ne
615 5672 879 5754 turbet-is:
913 5696 1037 5768 jure
1062 5688 1379 5753 turbareris,
1408 5684 1454 5739 si
1483 5681 1592 5739 illic
1620 5675 1892 5734 tribulatio
1920 5672 2095 5729 futura

506 5800 653 5849 esset
681 5807 696 5844 :
727 5790 841 5859 ipsa
878 5765 1021 5843 enim
1064 5780 1334 5841 tribulatio
1363 5776 1573 5849 quietis
1601 5780 1685 5828 est
1721 5782 1902 5830 causa.
1925 5765 2097 5820 ‘Inﬁro

509 5885 659 5938 utitur
683 5923 700 5953 ,
731 5858 932 5951 inquit,
964 5876 1073 5931 lucc
1109 5891 1210 5931 non
1242 5881 1312 5929 est
1346 5871 1414 5926 ad
1452 5877 1661 5923 mortem
1686 5861 1865 5938 (dealt.
1900 5859 1987 5914 ll.
2018 5858 2094 5929 ι).

1188 430 1244 488 S.
1282 427 1561 487 JOANNIS
1596 424 2073 486 CllllYSOS‘l‘ﬂMl
2112 423 2431 482 ARCHIEP.
2469 421 3000 481 GONSTANTINOP.

3604 426 3770 484 ’.ιᾚ

2113 535 2236 591 illla
2267 537 2536 593 tribulatio
2569 548 2653 595 est
2690 541 2895 610 punitio
2917 582 2933 606 ,
2975 543 3088 599 haec
3127 552 3302 600 suntm
3328 542 3773 610 ,‘lttslitulioret

2142 629 2467 685 emendatio.
2494 631 2778 688 Certamen
2808 644 2892 689 est
2927 650 3162 707 praesens
3192 646 3402 707 tempus
3431 654 3444 690 :
3470 652 3737 707 ergospn

2129 724 2306 794 :gilatu
2335 733 2419 780 est
2444 741 2580 794 opus
2607 743 2622 781 :
2653 726 2853 783 bellum
2883 739 2937 784 et
2967 744 3140 800 pugna
3168 739 3270 785 est.
3300 728 3472 785 Nemo
3502 730 3775 784 ln'beuo

2144 815 2383 886 requiem
2413 817 2628 886 miserit,
2662 819 2914 874 nemoein
2959 819 3103 876 bello
3137 820 3329 890 quaerit
3363 819 3771 888 voluminum.

2147 917 2246 959 nec
2267 904 2335 959 de
2356 903 2556 960 divitiis
2577 907 2838 964 sollicitus
2860 917 3097 972 estanec
3116 909 3185 964 de
3210 925 3377 964 uxore
3398 925 3416 971 ;
3444 910 3537 963 sed
3562 926 3771 965 iustus:

2148 1000 2355 1049 tantum
2394 1004 2599 1065 sper-tat
2621 1039 2637 1063 ,
2667 1000 2938 1068 quomodo
2974 1000 3223 1055 inimicos
3258 1010 3494 1069 superet.
3529 1001 3649 1056 Hoc
3670 1014 3773 1069 -ος

2147 1101 2248 1142 nos
2276 1085 2564 1154 faciamus;
2585 1091 2721 1146 es-si
2751 1092 3044 1158 vincamus,
3071 1102 3127 1149 et
3152 1108 3275 1147 cum
3305 1094 3517 1163 tropaeis
3545 1109 3765 1148 rever-

2133 1184 2345 1244 tamur,
2366 1182 2561 1235 omnia
2577 1182 2916 1238 nobiedabit-
2930 1184 3092 1239 Dens.
3125 1185 3236 1239 Hoc
3258 1185 3443 1239 solum
3456 1200 3768 1251 curemass,

2144 1271 2419 1338 quomodo
2456 1271 2726 1329 diabolum
2772 1274 3050 1331 vincamus
3079 1294 3093 1330 :
3120 1276 3235 1331 imo
3259 1292 3406 1331 'vero
3454 1277 3555 1332 hoc
3599 1293 3769 1346 σψηι

2148 1358 2256 1413 ndn
2301 1363 2468 1417 nostri
2513 1365 2674 1420 studii
2711 1368 2950 1431 est,sed
2980 1368 3177 1439 gratiae
3209 1370 3299 1424 Dei
3334 1377 3521 1424 totum.
3554 1369 3766 1438 Unum

2149 1452 2471 1511 nobiscum:
2488 1458 2599 1523 sit,
2630 1467 2689 1514 ut
2718 1460 2872 1515 nobis
2896 1459 3013 1531 ejus
3036 1463 3258 1531 gratiam
3283 1462 3621 1518 attrahamus
3639 1496 3674 1527 ,-
3690 1475 3763 1518 ut

2141 1545 2282 1602 illud
2311 1548 2466 1604 nobis
2493 1552 2762 1608 auxilium-
2778 1554 3148 1609 conciliemus.
3174 1555 3244 1611 Si
3273 1554 3411 1610 Dens
3437 1573 3531 1625 pro
3555 1557 3757 1621 mltis,

2146 1636 2263 1709 quis
2291 1651 2468 1694 contra
2495 1658 2593 1697 nos
2614 1642 2792 1712 (Rom.
2819 1643 3044 1717 8.51)?
3074 1645 3269 1714 inquit.
3306 1645 3417 1701 lloc
3445 1662 3614 1701 unum
3641 1663 3761 1702 est.

2151 1743 2331 1784 remus
2351 1771 2367 1795 ,
2399 1743 2455 1787 ut
2486 1733 2574 1788 hic
2613 1734 2767 1790 nobis
2804 1750 2912 1791 non
2946 1735 3210 1793 efficiatur
3236 1737 3516 1806 inimicus,
3545 1748 3763 1794 (It-null

2142 1831 2425 1879 avertatur
2450 1838 2480 1878 a
2510 1825 2683 1881 nobis.

2210 1916 2276 1970 4.
2317 1915 2703 1973 Nntrtribulari
2724 1960 2740 1984 ,
2769 1919 2863 1975 sed
2901 1935 3121 1990 peccare
3151 1921 3348 1976 malum
3377 1921 3585 1979 est..Et
3612 1923 3749 1977 htvc

2152 2006 2331 2077 gravis
2358 2008 2633 2066 tribulatio
2653 2018 2756 2077 est,
2790 2013 3001 2068 etiamsi
3016 2013 3320 2068 .intdeliciis
3342 2027 3605 2084 agamus;
3637 2030 3759 2069 nou

2153 2096 2276 2152 dico
2301 2098 2353 2152 in
2384 2098 2598 2167 futuro,
2634 2101 2728 2156 sed
2747 2104 2909 2157 etiam
2936 2104 2989 2159 in
3022 2105 3292 2174 praesenti.
3332 2104 3617 2172 Quomodo
3646 2120 3760 2173 pu—

2156 2198 2238 2244 tas
2266 2190 2502 2246 morderi
2532 2194 2915 2248 conscientiam
2940 2195 3223 2248 nostram?
3256 2210 3365 2265 quo
3391 2204 3667 2249 tormento
3703 2196 3761 2249 id

2155 2281 2395 2339 deterius
2439 2300 2545 2339 non
2586 2284 2788 2340 fuerit?
2830 2286 3033 2342 Vellem
3078 2286 3761 2359 diligenterinterrogare

2158 2389 2291 2437 eos,
2323 2376 2415 2445 qui
2447 2378 2499 2429 in
2532 2377 2687 2431 malis
2718 2378 2922 2443 vivunt,
2954 2394 3299 2449 enumquam
3343 2379 3396 2433 in
3428 2380 3756 2434 memoriam

2158 2478 2498 2540 peccatorum
2529 2486 2750 2526 suorum
2778 2472 3022 2536 veniant,
3053 2486 3231 2527 annon
3263 2481 3491 2526 tremant
3514 2511 3531 2536 ,
3563 2485 3757 2526 annon

2159 2561 2486 2630 formident,
2517 2578 2695 2618 annon
2729 2562 2988 2618 doleant?
3014 2578 3197 2618 annon
3232 2563 3417 2619 beatos
3449 2563 3759 2633 pradicant

2157 2665 2288 2717 eos,
2317 2654 2407 2723 qui
2435 2653 2490 2707 in
2517 2653 2757 2723 jejunio,
2792 2654 2843 2708 in
2877 2654 3266 2718 montibus,in
3300 2653 3637 2724 philosophia
3666 2655 3756 2708 vi-

2158 2754 2308 2802 vunt.
2333 2745 2426 2801 Vis
2449 2746 2560 2802 illic
2578 2747 2815 2816 quietem
2837 2746 3077 2802 habere?
3105 2746 3202 2801 llic
3228 2745 3631 2801 tribulationem
3657 2761 3758 2816 pa-

2162 2846 2277 2894 tere
2314 2848 2535 2908 propter
2563 2836 2891 2903 libri-itum;
2938 2838 3073 2893 nihil
3116 2838 3242 2893 huic
3283 2837 3483 2909 requiei
3514 2852 3614 2907 par
3642 2845 3748 2893 est.

2161 2930 2479 2988 Gaudebant
2520 2931 2750 3000 apostoli
2797 2930 3383 3003 dumellagellarentur.
3416 2929 3631 2986 :Panlns
3662 2930 3750 2984 sic

2162 3028 2417 3083 admonet
2445 3067 2461 3094 ,
2510 3025 2738 3081 Gaudete
2777 3026 2830 3079 in
2879 3024 3099 3081 Domino
3127 3022 3403 3096 (Philipp.
3446 3024 3502 3078 4.
3530 3022 3627 3090 4).
3684 3022 3755 3077 Et

2164 3117 2437 3190 quomodo
2461 3125 2639 3189 potest
2664 3117 2786 3188 quis
2811 3116 3045 3187 gaudere
3068 3154 3083 3183 ,
3114 3115 3324 3186 inquies
3347 3156 3362 3181 ,
3396 3113 3484 3169 ubi
3501 3112 3753 3176 vincula,

2167 3219 2434 3268 tormenta
2455 3252 2473 3277 ,
2506 3209 2828 3265 tribunalia?
2876 3209 2998 3264 Istic
3024 3208 3256 3263 maxime
3287 3206 3515 3278 gauderi
3536 3212 3757 3275 potest.

2165 3302 2447 3373 Quomodo
2471 3309 2650 3357 autem
2671 3302 2838 3372 possit
2864 3300 3122 3372 gauderi,
3147 3299 3238 3354 ubi
3261 3299 3376 3354 haec
3396 3305 3545 3361 sunt,
3576 3295 3759 3350 disce.

2169 3395 2271 3464 Qui
2310 3392 2644 3450 nu-lliussibi
2685 3393 2934 3449 conscius
2961 3400 3076 3456 est,
3128 3386 3758 3461 plurimumdaetabitur;

2168 3487 2241 3541 ita
2271 3495 2326 3540 ut
2350 3527 2365 3552 ,
2392 3499 2520 3555 quo
2550 3483 2809 3554 majorem
2838 3482 3039 3538 dixeris
3068 3479 3467 3537 tribulationem
3489 3516 3506 3545 ,
3533 3492 3602 3533 eo
3634 3493 3757 3533 ma-

2164 3577 2338 3649 jorem
2380 3576 2530 3632 dicas
2559 3576 2910 3646 voluptatem.
2956 3572 3228 3629 Dic'enim
3264 3570 3392 3626 mibi
3416 3607 3433 3636 ,
3474 3569 3633 3625 miles
3665 3567 3763 3641 qui

2171 3671 2318 3726 mille
2344 3669 2563 3724 vulnera
2595 3667 2804 3737 accepit
2822 3709 2837 3731 ,
2870 3680 3050 3722 nonne
3078 3662 3274 3720 redibit
3296 3676 3418 3718 cum
3443 3674 3635 3730 magna
3669 3674 3763 3712 vo-

2170 3764 2407 3834 luptate,
2451 3762 2566 3830 ipsa
2594 3760 2816 3815 vulnera
2847 3759 2899 3812 in
2943 3764 3316 3827 argumentum
3358 3752 3560 3808 habens
3585 3752 3761 3807 auda-

2170 3855 2270 3910 cia:
2293 3894 2308 3920 ,
2342 3851 2645 3923 splendoris
2668 3860 2723 3905 et
2749 3847 3050 3906 claritatis?
3090 3847 3158 3903 Et
3196 3856 3253 3900 tu
3281 3846 3327 3900 si
3355 3858 3547 3915 posses
3570 3858 3760 3897 erum-

2172 3959 2303 4017 pere
2331 3944 2384 4000 in
2429 3943 2578 3998 illam
2615 3957 2822 4009 vocem,
2870 3955 3030 4011 quam
3073 3938 3290 4010 protulit
3334 3936 3550 3995 Paulus.
3602 3934 3757 4004 Stig-

2173 4046 2312 4091 mata
2338 4035 2464 4090 Jesu
2495 4044 2638 4107 porto
2671 4033 2692 4105 (
2723 4033 2843 4088 Gul.
2875 4033 2929 4088 6.
2953 4032 3020 4087 l7
3047 4030 3091 4103 ).
3125 4043 3311 4101 posses
3337 4035 3483 4085 certe
3511 4039 3755 4096 magnus,

2175 4129 2356 4186 clarus
2380 4138 2434 4185 et
2456 4128 2687 4183 illustris
2709 4141 2851 4183 esse.
2880 4124 2988 4181 Sed
3013 4138 3121 4179 nou
3151 4131 3235 4179 est
3262 4119 3601 4192 persequutio
3619 4117 3645 4172 ?
3666 4118 3766 4174 Sta

2177 4232 2365 4280 conttra
2396 4221 2642 4292 gloriam;
2659 4228 2724 4275 et
2743 4219 2787 4274 si
2808 4218 2930 4290 quis
2952 4216 3282 4273 contrarium
3309 4211 3584 4283 quidpiam
3610 4209 3766 4270 dixe-

2176 4315 2284 4382 rit,
2332 4328 2401 4369 ne
2431 4310 2673 4367 timueris
2700 4311 2840 4365 male
2867 4309 3055 4364 audire
3086 4316 3303 4377 propter
3327 4304 3600 4360 Christum
3633 4318 3649 4356 :
3682 4311 3765 4356 sta

2178 4415 2365 4463 contra
2396 4404 2569 4460 fastus
2592 4401 2932 4475 tyrannidem
2956 4440 2972 4467 ,
3022 4408 3107 4455 sta
3139 4407 3330 4454 contra
3360 4397 3455 4452 ira:
3493 4408 3725 4465 pugnam
3746 4431 3762 4458 ,

2181 4510 2263 4558 sta
2303 4508 2490 4555 contra
2514 4495 2967 4566 concupiscentia!
2992 4499 3353 4548 tormentum.
3390 4487 3471 4544 Et
3519 4488 3636 4542 hzec
3664 4487 3766 4544 sti-

2180 4605 2381 4666 gmata,
2412 4592 2529 4647 haec
2553 4600 2817 4646 tormenta
2844 4594 2989 4647 sunt.
3017 4584 3112 4640 Dic
3133 4584 3278 4639 enim
3307 4568 3462 4646 mihi,
3492 4578 3620 4650 quid
3647 4592 3770 4649 graa

2182 4688 2302 4742 vius
2330 4686 2384 4741 in
2415 4683 2698 4741 tormentis
2721 4689 2808 4738 est
2826 4681 2888 4735 ‘?
2915 4693 3093 4734 annon
3120 4674 3263 4748 quod
3301 4674 3481 4729 anima
3509 4671 3696 4727 doleat
3718 4677 3771 4725 et

2182 4779 2413 4834 uratur?
2445 4778 2555 4832 Illic
2579 4775 2723 4832 enim
2744 4787 2940 4843 corpus
2964 4770 3250 4833 dividitur.;
3281 4766 3369 4822 hic
3393 4773 3572 4820 autem
3602 4773 3770 4818 totum

2187 4874 2328 4930 illius
2369 4881 2472 4927 est.
2511 4869 2846 4927 Circa-illam
2889 4865 3047 4922 dolor
3091 4873 3177 4919 est
3217 4860 3431 4930 quando
3479 4856 3769 4920 irascitur,

2187 4963 2402 5037 quando
2428 4961 2668 5027 invidet,
2704 4959 2930 5031 quando
2954 4955 3079 5028 quid
3109 4954 3284 5011 simile
3311 4951 3477 5016 facit;
3508 4951 3619 5005 imo
3644 4963 3772 5003 vero

2187 5054 2403 5128 quando
2424 5054 2647 5124 patitur.
2694 5053 2809 5107 Hoc
2832 5050 2979 5106 enim
3008 5062 3116 5104 non
3146 5055 3229 5103 est
3259 5046 3433 5099 facere
3454 5083 3471 5109 ,
3502 5039 3597 5096 sed
3628 5038 3733 5109 pati
3753 5075 3772 5098 υ

2191 5161 2385 5217 nempe
2426 5144 2584 5203 irasci
2631 5152 2687 5200 et
2731 5143 2970 5199 invidere
3015 5154 3036 5194 :
3078 5139 3306 5207 ideoque
3355 5134 3473 5188 haec
3517 5137 3773 5185 vocantur

2191 5239 2384 5294 anima:
2409 5235 2602 5300 morbi,
2636 5235 2852 5289 vulnera
2874 5273 2891 5299 ,
2921 5232 3112 5303 plagam
3136 5229 3277 5284 Vere
3302 5238 3533 5294 namque
3557 5218 3772 5277 morbus

2193 5341 2278 5388 est
2303 5340 2360 5388 et
2387 5329 2578 5386 morbo
2602 5328 2839 5400 gravius.
2900 5362 2905 5367 -

2258 5424 2359 5480 Ἰνα
2394 5399 2646 5490 quomodo
2673 5417 2918 5473 sedanda.
2950 5446 3023 5459 —
3041 5414 3302 5484 Cogitate,
3335 5406 3609 5473 iracundi,
3633 5399 3773 5476 quod

2197 5531 2320 5575 cum
2350 5513 2541 5570 morbo
2564 5510 2619 5566 id
2645 5510 2871 5566 faciatis.
2919 5507 3064 5579 Ergo
3088 5506 3181 5577 qui
3220 5517 3326 5559 non
3359 5501 3608 5557 irascitur
3629 5535 3644 5561 ,
3677 5507 3773 5550 nec

2197 5610 2419 5683 patitur.
2452 5603 2641 5661 Viden‘
2670 5617 2792 5658 eum
2816 5642 2833 5668 ,
2882 5600 2968 5656 cui
3007 5594 3332 5654 contumelia
3364 5593 3621 5655 infertur,
3674 5599 3772 5640 non

2202 5671 2310 5775 pati
2332 5741 2351 5760 .
2379 5696 2476 5755 sed
2504 5711 2628 5754 eum
2657 5694 2748 5766 qui
2777 5688 3158 5748 contumeliam
3191 5684 3389 5753 infert,
3436 5692 3494 5738 ut
3531 5681 3641 5752 jam
3669 5671 3772 5733 disi

2270 5861 2289 5894 ⁸
2323 5856 2382 5909 ιιι
2409 5867 2507 5909 uno
2528 5854 2646 5909 Cod.
2674 5850 2876 5916 legitur,
2896 5844 3015 5914 quid
3037 5842 3169 5898 hisee
3188 5838 3442 5897 tormentis
3459 5835 3650 5906 gratius
3666 5823 3777 5884 est)
