3946 6424
498 387 604 448 123

495 505 718 560 ποιεῖτε.
751 499 962 558 Οὐκοῦν
983 500 1012 553 6
1050 500 1501 573 μὴ’ὀργιζόμενος
1537 501 1601 556 υῠ
1633 500 1855 570 πάσχει.
1889 497 2077 568 Ὁρᾷς,

495 589 577 642 δτι
599 588 629 641 ό
660 583 1014 658 ὑϐριζόμενος
1051 582 1112 636 06
1163 585 1384 655 πάσχει,
1415 583 1532 640 ἀλλ’
1581 585 1611 636 6
1645 581 1900 654 ὑϐρίζων,
1940 581 2077 651 ὅπερ

495 671 633 743 ἔφην
665 670 760 723 καὶ
789 669 920 740 ήδη;
959 668 1082 723 Ὅτι
1111 666 1220 738 γὰρ
1246 668 1468 737 πάσχει,
1505 666 1663 738 δῆλον
1701 666 1801 737 μὲν
1846 664 1942 717 καὶ
1966 661 2073 716 ἀπὸ

493 753 589 808 τοῦ
626 751 797 814 πάθος
845 750 1129 803 καλεῖσθαι
1179 749 1241 805 τὸ
1288 749 1550 816 τοιοῦτον,
1585 748 1746 814 δῆλον
1794 747 1850 800 δὲ
1885 747 1980 800 καὶ
2009 747 2074 798 ὲκ

493 834 589 889 τοῦ
638 836 908 908 σώματος·
966 831 1140 888 ταῦτα
1195 831 1308 904 γάρ
1350 831 1460 884 ἀπὸ
1506 831 1678 901 ὀργῆς
1724 828 1968 882 τίκτεται
2007 826 2077 879 τά

493 918 668 990 πάθη,
722 915 1072 988 άμϐλυωπία,
1119 915 1494 986 παραπληξία,
1543 915 1640 966 καὶ
1691 912 1862 983 μυρία
1889 909 2073 981 ἔτερα.

506 999 670 1054 Ἀλλά
691 999 785 1052 τὸν
843 998 1008 1052 παῖδα
1054 996 1265 1068 ῦϐρισε,
1301 998 1487 1068 φησὶν,
1533 994 1672 1049 άλλά
1714 993 1806 1046 τὸν
1835 991 2073 1059 οἰκέτην.

495 1081 589 1152 Μὴ
609 1081 839 1152 νομίσῃς
870 1077 1010 1134 εἶναι
1059 1080 1346 1134 ἀσθένειαν
1367 1079 1428 1133 τὸ
1452 1079 1526 1150 μὴ
1561 1079 1657 1132 καὶ
1705 1075 1870 1139 αὑτὸς
1919 1073 2079 1127 τοῦτο

495 1165 748 1235 ποιῆσαι.
776 1165 912 1218 Είπὲ
936 1165 1046 1236 γάρ
1097 1181 1208 1235 μοι,
1255 1161 1437 1227 καλῶς
1485 1162 1711 1231 γέγονεν
1735 1177 1751 1226 ;
1779 1161 1894 1214 Οὐκ
1923 1153 2078 1228 οἶμαι

496 1249 693 1302 εἰπεῖν·
729 1245 928 1301 οὐκοῦν
973 1247 1050 1318 μή
1079 1248 1314 1318 ποιήσῃς
1346 1245 1409 1300 τὸ
1441 1245 1518 1317 μὴ
1562 1243 1743 1307 καλῶς
1769 1242 2074 1311 γινόμενον.

497 1327 630 1387 Οἶδα
650 1324 760 1386 οἷαι
779 1332 838 1384 ὲν
856 1333 973 1400 τοῖς
991 1329 1256 1394 τοιούτοις
1281 1330 1335 1382 αί
1356 1329 1518 1400 ὀργαὶ
1546 1327 1844 1381 τίκτονται.
1877 1324 1942 1376 Τί
1961 1318 2075 1390 οῦν,

497 1413 569 1470 ἂν
599 1416 934 1486 καταφρονῇ,
965 1415 1152 1483 φησὶν,
1183 1413 1250 1468 ἂν
1271 1412 1434 1466 πάλιν
1463 1412 1622 1485 εἴπῃς
1659 1408 1940 1479 Ἔλεγξον,
1959 1408 2079 1460 ἐπι-

495 1496 751 1568 τίμησον,
782 1496 1186 1568 παρακάλεσον·
1218 1495 1484 1568 πραότητι
1509 1491 1648 1565 ὀργὴ
1673 1492 1878 1545 λύεται·
1907 1505 2077 1560 προσ-

498 1580 672 1636 ελθὼν
701 1579 1017 1648 ὲγκάλεσον.
1051 1577 1228 1650 ’Υπὲρ
1257 1577 1354 1648 μὲν
1380 1578 1490 1650 γὰρ
1517 1577 1625 1630 τῶν
1658 1577 1738 1638 είς
1785 1574 1929 1646 ἡμᾶς
1959 1570 2079 1624 οὑδὲ

499 1659 660 1715 τοῦτο
707 1663 886 1715 ποιεῖν
916 1662 1043 1732 χρὴ,
1089 1661 1230 1732 ὑπὲρ
1259 1660 1314 1713 δὲ
1361 1659 1470 1713 τῶν
1497 1657 1692 1722 άλλων,
1727 1656 1822 1709 καὶ
1866 1653 2080 1725 ἀνάγκη

499 1744 660 1799 τοῦτο
687 1745 752 1818 δή
784 1747 978 1798 ποιεῖν.
1007 1743 1097 1814 Μὴ
1128 1744 1263 1796 ἰδίαν
1291 1741 1448 1813 ὕϐριν
1471 1740 1698 1811 νομίσῃς
1721 1738 1783 1792 τὸ
1805 1737 1896 1792 τὸν
1916 1735 2082 1789 παῖδα

501 1817 847 1899 ὑϐρισθῆναι·
876 1827 980 1881 κᾶν
1015 1827 1187 1898 ἀλγῇς
1237 1825 1377 1894 ὑπὲρ
1412 1823 1643 1886 ἐκείνου,
1685 1821 1760 1893 μὴ
1814 1821 1888 1882 ὼς
1919 1817 2082 1880 αὑτὸς

502 1911 803 1982 ὑϐρισθείς·
826 1911 887 1963 οὑ
917 1909 1026 1981 γάρ
1050 1909 1237 1980 ἐπειδὴ
1255 1909 1284 1962 6
1309 1910 1436 1970 παῖς
1467 1905 1654 1969 κακῶς
1677 1902 1899 1969 ἔπαθεν,
1923 1901 2075 1973 669!-

502 1994 638 2065 σθης
668 1995 756 2058 σὺ,
779 1993 892 2046 ἀλλ’
920 1995 950 2046 6
977 1993 1214 2064 ποιήσας
1235 1989 1443 2054 κακῶς.
1466 1990 1667 2043 Σϐέσον
1688 1987 1787 2059 τὴν
1809 1987 2084 2058 μάχαιραν

499 2076 601 2149 τὴν
633 2076 834 2141 ὀξεῖαν,
874 2077 932 2128 ἰν
956 2078 1023 2148 τῇ
1076 2075 1220 2148 θήκῃ
1247 2073 1471 2128 κείσθω.
1507 2075 1605 2127 Ἂν
1651 2071 1862 2142 ἔχωμεν
1913 2069 2085 2139 αὑτὴν

500 2159 738 2230 γυμνήν,
770 2157 1030 2221 πολλάκις
1059 2159 1152 2213 καὶ
1178 2159 1280 2212 οὑκ
1313 2157 1466 2220 ὄντος
1497 2153 1692 2226 καιροῦ
1742 2149 2079 2224 χρησόμεθα,

502 2242 858 2313 ἐφελκόμενοι
912 2243 1005 2296 ὑπ’
1053 2243 1242 2312 αὑτῆς·
1275 2240 1342 2295 ἂν
1391 2239 1448 2294 δὲ
1572 2235 1950 2308 κεκρυμμένη,
1981 2235 2083 2290 κᾶν

502 2324 664 2397 χρεία
693 2325 938 2395 γένηται,
970 2323 1326 2398 σϐεσθήσεται
1366 2324 1400 2392 ή
1435 2322 1597 2394 ὀργή.
1637 2320 1807 2390 ’Υπὲρ
1834 2317 1999 2372 αὑτοῦ
2021 2317 2083 2372 06

505 2408 756 2478 βούλεται
779 2409 926 2479 ἡμᾶς
947 2406 1262 2477 ὀργίζεσθαι
1284 2407 1314 2459 6
1344 2403 1579 2476 Χριστὸς
1605 2404 1860 2476 (ἄκουσον
1890 2400 1998 2472 γὰρ
2031 2400 2083 2454 τί

504 2507 639 2562 φησι
677 2489 814 2559 πρὸς
840 2489 929 2542 τὸν
955 2489 1183 2559 Πέτρον·
1218 2489 1626 2556 Ἀπόστρεψον
1643 2485 1760 2554 τὴν
1778 2481 2084 2553 μάχαιράν

503 2571 788 2646 [Νῆσον
809 2570 1021 2639 εἰςτὴν
1037 2569 1274 2641 θήκην)·
1295 2570 1470 2624 καὶσὺ
1495 2569 1636 2640 ὑπὲρ
1658 2567 1843 2630 παιδὸς
1861 2566 2078 2638 ὀργίζῃ;

497 2655 722 2718 ’Δίδαξον
750 2653 956 2708 καὶτὸν
987 2653 1152 2706 παῖδα
1203 2652 1532 2722 φιλοσοφεῖν·
1559 2650 1679 2704 εἰπὲ
1704 2649 1852 2720 αὑτῷ
1882 2649 1952 2702 τά
1985 2647 2082 2702 τοῦ

501 2735 769 2789 Δεσπότου
806 2735 1125 2805 παθήματα·
1166 2733 1403 2804 μίμησαί
1464 2749 1558 2787 σου
1589 2733 1683 2786 τὸν
1731 2729 2080 2785 Διδάσκαλον.

502 2818 632 2872 Ὅτε
670 2818 895 2890 ἔμελλον
920 2817 1016 2872 καὶ
1035 2817 1190 2872 αὑτοὶ
1236 2816 1617 2886 ἀτιμάζεσθαι,
1648 2817 1748 2870 οὑκ
1801 2809 1976 2878 εἶπεν,
2001 2815 2084 2868 ὅτι

513 2901 836 2972 Ἐκδικήσω·
866 2900 1004 2954 ἀλλὰ
1031 2899 1122 2967 τίς
1161 2900 1299 2968 Ἐμὲ
1317 2899 1594 2966 ἐδίωξαν,
1626 2901 1726 2954 καί
1773 2899 1929 2968 ὑμᾶς
1955 2898 2086 2952 διώ-

503 2985 742 3051 ξουσιν.
775 2983 986 3037 Οὐκοῦν
1019 2982 1215 3052 φέρετε
1237 2981 1524 3050 γενναίως·
1559 2983 1619 3035 οὑ
1659 2982 1767 3052 γάρ
1788 2979 1924 3051 ἐμοῦ
1961 2980 2084 3050 βελ-

502 3066 650 3130 τίους
673 3065 850 3134 ὑμεῖς.
877 3064 1062 3118 Ταῦτα
1086 3064 1181 3117 καὶ
1198 3063 1261 3117 σὺ
1292 3062 1427 3135 πρὸς
1444 3063 1537 3116 τὸν
1557 3063 1672 3117 υἰὸν
1694 3065 1787 3116 καὶ
1808 3063 1900 3116 τὸν
1923 3063 2086 3116 παῖδα

503 3148 647 3205 εἰπέ·
680 3151 795 3202 Οὑκ
819 3145 980 3202 εἰτοῦ
1004 3148 1276 3202 Δεσπότου
1312 3165 1404 3201 σου
1428 3145 1674 3218 βελτίων.
1718 3145 1882 3198 Ἀλλά
1909 3145 2087 3216 χήρας

505 3229 820 3309 εἶναιδοκεῖ
845 3231 916 3285 τά
971 3232 1194 3302 ῥήματα
1249 3229 1350 3302 τῆς
1385 3229 1726 3300 φιλοσοφίας.
1782 3227 1962 3298 Οἰμοι,
2003 3227 2086 3280 δτι

504 3318 652 3388 λόγῳ
685 3315 1034 3388 παραστῆσαι
1065 3314 1164 3370 οὑκ
1187 3311 1288 3379 ἔνι,
1324 3313 1402 3377 ὡς
1436 3311 1542 3367 ὑπὸ
1566 3311 1667 3382 τῆς
1694 3310 1886 3382 πείρας
1917 3309 2086 3379 αὑτῆς

507 3399 820 3470 διδαχθῆναι
841 3400 1038 3451 ἔνεστι.
1061 3397 1170 3450 Καὶ
1191 3395 1281 3450 ἵνα
1310 3395 1512 3467 μάθῃς,
1535 3395 1592 3448 ὲν
1623 3394 1771 3464 μέσῳ
1795 3392 1887 3446 δύο
1915 3391 2088 3455 ἑστὼς

507 3482 945 3554 διαμαχομένων,
986 3479 1146 3551 γενοῦ
1172 3479 1274 3550 τῆς
1305 3479 1521 3550 μερίδος
1561 3477 1671 3531 τῶν
1693 3476 2084 3546 ἀδικουμένων,

509 3567 604 3620 καὶ
627 3566 700 3637 μὴ
725 3565 833 3619 τῶν
861 3565 1208 3630 ἀδικούντων,
1243 3563 1309 3618 ἂν
1339 3561 1414 3634 μὴ
1452 3559 1604 3634 παρὰ
1625 3559 1806 3630 σαυτῷ
1837 3558 1905 3612 τὰ
1929 3575 2084 3627 vum-

505 3651 670 3722 τήρια
691 3650 826 3721 ίδῃς,
859 3647 925 3702 ἃν
953 3646 1027 3718 μὴ
1058 3647 1344 3718 λαμπροὺς
1365 3645 1538 3718 λάϐῃς
1570 3644 1885 3712 στεφάνους.
1921 3643 2084 3712 Ὅρα,

509 3734 629 3797 πῶς
661 3731 946 3802 ὑϐρίζεται
974 3732 1004 3785 6
1028 3730 1182 3794 Θεὸς,
1219 3729 1315 3784 καὶ
1343 3727 1460 3792 πῶς
1513 3726 1869 3796 ἀποκρίνεται
1899 3726 2088 3797 πράως

509 3818 604 3873 καί⁸
635 3816 878 3888 ήμέρως.
927 3813 1053 3869 Ποῦ
1101 3813 1255 3876 ἐστι,
1296 3813 1483 3884 φησιν,
1537 3813 1718 3866 Ἅϐελ
1763 3813 1797 3864 ὀ
1823 3809 2088 3877 ἁδελφός

510 3914 628 3954 σου
649 3912 669 3960 ,'
702 3897 811 3950 Καὶ
836 3896 890 3950 τί
918 3898 1156 3962 ὲκεῖνος;
1183 3895 1280 3963 Μὴ
1302 3895 1505 3964 φύλαξ
1524 3891 1638 3963 ἐγώ
1656 3895 1771 3962 εἰμι
1788 3891 1893 3946 τοῦ
1909 3892 2087 3946 ἀδελ-

511 3981 632 4050 φοῦ
648 3997 768 4050 μου
787 3995 805 4043 ;
839 3977 904 4032 Τί
934 3977 1228 4032 αὑθαδέστε
1238 3994 1329 4048 ρον
1348 3976 1568 4042 τούτου;
1602 3973 1703 4029 κᾶν
1721 3974 1869 4044 παρά
1885 3989 1948 4041 γε
1968 3971 2086 4026 υἰοῦ

511 4064 744 4134 ἤκουσεν
764 4061 828 4116 άν
854 4077 969 4126 τις;
1002 4060 1050 4114 εἰ
1076 4059 1183 4131 γάρ
1216 4059 1366 4130 παρὰ
1410 4055 1665 4128 ἀδελφοῦ,
1700 4059 1800 4128 οὑχ
1839 4057 1994 4128 ὑϐριν
2022 4056 2089 4110 ἂν

511 4145 755 4217 ἡγήσατο
803 4143 864 4197 τὸ
901 4144 1172 4215 πρᾶγμα;
1237 4141 1379 4196 Ἀλλ’
1410 4142 1439 4194 6
1466 4140 1599 4204 Θεὸς
1651 4139 1816 4194 πάλιν
1868 4138 2090 4209 ἡμέρως

513 4230 890 4298 ἀποκρίνεται·
942 4225 1116 4294 Φωνὴ
1169 4225 1419 4294 αἵματος
1461 4222 1570 4277 τοῦ
1617 4220 1884 4290 ἀδελφοῦ
1937 4234 2088 4284 σου,

512 4311 667 4382 φησί,
691 4309 816 4378 ,βοᾷ
849 4310 994 4376 πρός
1018 4325 1114 4378 με.
1155 4307 1294 4362 Ἀλλ’
1315 4309 1344 4361 6
1369 4306 1500 4370 Θεὸς
1529 4303 1798 4375 άνώτερός
1825 4304 1973 4356 ἐστιν
1995 4301 2090 4373 69-

511 4394 638 4463 γῆς.
666 4394 850 4465 φησίν.
891 4391 1055 4446 Ἀλλὰ
1087 4391 1178 4446 διὰ
1203 4390 1362 4444 τοῦτο
1419 4387 1692 4459 κατῆλθεν
1722 4389 1751 4439 6
1808 4385 1904 4440 τοῦ
1953 4384 2090 4439 Θεοῦ

514 4475 664 4540 Υἱὸς,
695 4476 782 4529 ἵνα
809 4475 868 4529 σὲ
890 4474 1010 4528 θεὸν
1040 4476 1244 4545 ποιήσῃ
1271 4471 1416 4525 κατὰ
1435 4470 1664 4540 δύναμιν
1684 4467 1783 4538 τὴν
1812 4467 2090 4538 ἀνθρωπί-

511 4573 634 4628 νην.
667 4556 806 4610 uxr
838 4556 900 4609 06
933 4555 1186 4627 δύναμαι,
1236 4554 1423 4624 φησὶν,
1454 4551 1739 4624 ἄνθρωπος
1765 4548 1858 4603 ῶν.
1882 4547 2092 4602 Οὐκοῦν

514 4640 648 4714 φέρε
670 4638 989 4708 ἀνθρώπους
1023 4655 1105 4694 σοι
1129 4638 1559 4709 παραγάγωμεν.
1585 4634 1696 4688 Καὶ
1732 4633 1805 4704 μή
1843 4649 1910 4702 με
1935 4632 2088 4703 νομί-

547 4737 614 4796 ῃς
652 4722 862 4777 Παῦλον
889 4723 1033 4793 ὲρεῖν
1057 4720 1192 4792 μηδὲ
1215 4721 1440 4791 Πέτρονι
1467 4716 1606 4773 άλλά
1626 4732 1780 4780 τινας
1803 4714 1912 4768 τῶν
1933 4714 2089 4768 ὲλατ-

511 4806 681 4859 τόνων
705 4806 797 4858 καὶ
829 4805 1032 4876 σφόδρα
1056 4804 1370 4874 κατωτέρω.
1396 4803 1470 4856 Τὸ
1495 4800 1783 4872 παιδάριον
1816 4798 1964 4853 Ἠλεὶ
1987 4798 2089 4868 τὴν

518 4887 714 4940 Ἅνναν
743 4887 933 4957 ῦϐρισε
984 4887 1164 4956 λέγον·
1199 4885 1486 4956 Περιελοῦ
1531 4884 1640 4938 τὸν
1662 4878 1832 4936 οἶνόν
1858 4894 1996 4936 σου.
2025 4878 2096 4932 Τί

489 4969 707 5024 ’τούτου
762 4970 1259 5041 ὑϐριστικώτερονς
1313 4969 1378 5022 Τί
1409 4963 1504 5021 οῦν
1537 4966 1754 5036 ἐκείνης
1799 4962 1968 5031 Γυνὴ
2021 4962 2092 5016 ἐν

513 5051 754 5121 σκληρᾷ
781 5051 970 5122 ἡμέρᾳ
994 5052 1112 5122 ἐγώ
1143 5055 1278 5121 εἰμι.
1310 5051 1476 5105 Οὐδὲν
1503 5050 1672 5112 ὅντως
1703 5046 1932 5116 θλίψεως
1953 5046 2087 5100 ἴσον·

513 5136 831 5208 φιλοσοφίας
887 5138 1070 5207 μήτηρ
1101 5136 1270 5190 ἐστίν.
1309 5135 1377 5188 Ἦ
1439 5132 1577 5202 αὑτὴ
1606 5131 1663 5186 δὲ
1695 5129 1836 5196 αῦτη
1865 5129 1960 5183 καὶ
1991 5128 2092 5198 τὴν

512 5219 799 5289 άντίζηλον
858 5218 1028 5288 αὑτῆς
1060 5218 1278 5290 ἔχουσα,
1332 5217 1430 5286 οὑχ
1456 5215 1680 5286 ὕϐρισεν
1733 5213 1923 5282 αὑτήν·
1955 5209 2092 5266 ἀλλὰ

513 5303 601 5368 τί;
634 5301 779 5373 Πρὸς
811 5301 903 5355 τὸν
958 5302 1089 5355 Θεὸν
1149 5299 1506 5370 καταφεύγει,
1539 5297 1634 5350 καὶ
1666 5294 1934 5365 εὐχομένη
1970 5291 2091 5345 οὑδὲ

518 5387 788 5459 μέμνηται
814 5386 1006 5456 αὑτῆς,
1047 5385 1169 5438 οὑδὲ
1197 5383 1368 5453 λέγει,
1413 5380 1630 5451 Ἐπειδὴ
1654 5377 1932 5459 *όνειδίζει-
1951 5390 2019 5443 με
2042 5375 2086 5459 -ή

513 5455 988 5540 δεῖναξὲπάμυνόν
1019 5483 1131 5537 μοι·
1164 5465 1308 5521 οὑτω
1332 5464 1620 5535 φιλόσοφος
1649 5457 1715 5528 ἦν
1745 5461 1778 5530 ή
1814 5455 1950 5526 γυνὴ
1976 5457 2088 5540 (αἰ-

518 5539 831 5622 σχυνθῶμεν
860 5553 908 5606 οἰ
935 5549 1171 5622 ἄνδρες)·
1222 5549 1398 5603 καίτοι
1435 5546 1548 5600 ἴστε
1575 5586 1590 5612 ,
1651 5543 1732 5596 ὅτι
1781 5541 1942 5612 ζήλου
1977 5539 2089 5594 ἴσον

517 5632 688 5686 οὐδέν.

589 5799 650 5844 ε’.
693 5792 753 5845 Ὀ
788 5793 1024 5862 τελώνης
1047 5792 1324 5866 ὑϐρισθεὶς
1350 5793 1500 5863 παρὰ
1528 5789 1620 5845 τοῦ
1644 5764 1962 5860 Φαρισαίου.
1991 5785 2091 5838 οὑκ

519 5873 842 5945 ἀνθύϐρισε,
872 5877 1049 5928 καίτοι
1099 5892 1186 5942 γε,
1235 5877 1285 5927 εἰ
1335 5874 1606 5939 ἐϐούλετο,
1649 5873 1912 5942 ἠδύνατο·
1955 5868 2091 5923 ἀλλὰ

523 5957 824 6029 φιλοσόφως
872 5959 1068 6030 ήνεγκε
1101 5957 1292 6025 λέγων·
1335 5955 1631 6024 ’Μάσθητί
1661 5973 1761 6026 μοι
1796 5953 1870 6018 τῷ
1904 5953 2088 6024 ἀμαρ-

1132 385 1193 442 S.
1230 384 1518 443 JOANNIS
1555 381 2050 442 CHRYSOSTOMI
2089 379 2420 440 ABCHIEP.
2459 380 3002 441 CONSTANTINOP.

3663 383 3763 442 ηε

2175 494 2361 562 τωλῷ.
2401 497 2461 551 Ὀ
2499 497 2836 569 Μεμφιϐἁαλ
2869 497 2974 552 ὑπὸ
3009 496 3100 552 τοῦ
3139 493 3326 550 δούλου
3363 495 3766 567 κατηγορηθεὶς

2177 579 2271 632 καί
2302 581 2764 650 συκοφαντηθείς,
2795 581 2946 635 οὐδὲν
2985 577 3106 634 οὒτε
3145 574 3330 645 εἶπεν,
3374 577 3507 633 οὔτε
3537 576 3766 649 ἔπραξεν

2181 662 2259 724 εἰς
2290 662 2451 716 αὐτόν
2473 680 2528 716 τι
2558 664 2791 737 πονηρὸν
2811 676 2861 730 ι,
2887 663 3009 717 οὑδὲ
3039 663 3133 718 ἐπὶ
3155 662 3249 716 τοῦ
3281 661 3557 732 βασιλέως
3581 660 3761 715 αὑτοῦ.

2179 743 2368 797 Βούλει
2423 745 2519 798 καὶ
2568 747 2774 817 πόρνης
2811 745 3042 800 ἀκοῦσαι
3100 743 3462 813 φιλοσοφίανς
3501 743 3766 797 ’Ἄκουσον

2177 826 2272 880 τοῦ
2306 828 2542 898 Χριστοῦ
2580 828 2831 897 λέγοντος
2848 870 2864 894 ,
2905 829 3069 899 ήνίκα
3096 830 3216 892 ταῖς
3239 827 3420 899 θριξὶν
3444 825 3618 896 αὑτῆς
3645 828 3766 890 τοὺς

2180 908 2344 973 πόδας
2368 909 2658 980 άπέμασσε
2677 927 2691 942 ·
2743 907 2996 966 Τελῶναι
3020 910 3119 964 καί
3146 910 3364 978 πόρναι
3389 909 3764 978 προάγουσιν

2177 990 2334 1059 ὑμᾶς
2355 995 2443 1058 εἰς
2466 996 2582 1060 τὴν
2613 994 2958 1058 βασιλείαν.
2990 987 3144 1056 Εἶδες
3181 991 3351 1062 αὑτήν
3383 990 3638 1044 ἑστῶσαν
3673 993 3764 1045 καὶ

2177 1073 2519 1145 δακρύουσαν
2543 1113 2560 1140 ,
2591 1076 2687 1130 καὶ
2711 1074 2780 1129 τά
2807 1077 2982 1130 οἰκεῖα
3024 1075 3403 1146 ἁμαρτήματα
3429 1074 3762 1144 ἀπολούομὲ-

2177 1172 2310 1226 νην;
2345 1157 2506 1228 Ὅρα,
2530 1158 2648 1220 πῶς
2675 1158 2770 1211 καὶ
2795 1158 2930 1229 πρὸς
2955 1157 3046 1212 τὸν
3063 1159 3356 1228 Φαρισαῖον
3383 1158 3488 1210 οὑκ
3519 1156 3758 1228 ὠργίσθη

2178 1237 2542 1311 ὀνειδιζομένη
2563 1256 2576 1270 ·
2608 1241 2658 1294 εἰ
2689 1240 2802 1312 ⁴ᾔδει
2824 1241 2952 1312 γὰρ,
2985 1242 3169 1312 φησὶν,
3202 1241 3285 1293 ὅτι
3314 1239 3645 1311 ἁμαρτωλός
3675 1240 3758 1291 ἐσ-

2180 1339 2264 1376 τιν
2287 1321 2424 1394 αῦτη
2467 1323 2680 1394 ήγυνὴ,
2703 1325 2804 1377 οὑκ
2828 1324 2896 1378 ἂν
2925 1325 3107 1378 εῐασεν
3140 1323 3331 1392 αὑτήν.
3368 1323 3486 1376 Καὶ
3516 1323 3617 1374 οὑκ
3646 1317 3756 1376 εἷπε

2182 1405 2318 1476 πρὸς
2337 1406 2497 1458 αὑτόν
2515 1423 2530 1436 ·
2557 1406 2623 1459 Τί
2647 1407 2787 1477 γάρ;
2813 1407 2934 1459 είπέ
2958 1423 3046 1476 μοι
3063 1423 3078 1438 ·
3102 1406 3166 1461 σὺ
3189 1405 3435 1474 καθαρὸς
3458 1404 3570 1459 άπὸ
3589 1406 3757 1476 ἁμαρ·

2179 1485 2439 1557 τημάτων
2477 1483 2562 1554 εἷς
2596 1487 2746 1560 [ἰὶϐι
2778 1487 2915 1542 ἀλλὰ
2962 1486 3125 1542 πλέον
3158 1487 3389 1556 ἔπασχε,
3434 1487 3599 1547 πλέον
3628 1487 3753 1540 ώδύ-

2185 1586 2306 1641 ρετο
2340 1570 2434 1623 καὶ
2463 1569 2768 1642 θερμότερα
2791 1570 2860 1624 τὰ
2888 1569 3099 1642 δάκρυα
3123 1569 3296 1640 ήφίει.
3333 1571 3398 1623 Εἰ
3422 1569 3482 1623 δὲ
3511 1571 3754 1637 γυναῖκες

2181 1653 2276 1706 καὶ
2308 1652 2533 1707 τελῶναι
2566 1652 2662 1706 καὶ
2691 1653 2889 1724 πόρναι
2920 1651 3290 1724 φιλοσοφοῦσι,
3331 1653 3429 1706 καί⁸
3459 1653 3638 1712 ταῦτα
3662 1653 3756 1724 πρὸ

2181 1735 2282 1806 τῆς
2301 1735 2546 1806 χάριτος,
2573 1735 2720 1799 τίνος
2751 1735 2986 1806 ἐσόμεθα
3004 1737 3164 1805 ἡμεῖς
3179 1735 3208 1775 ιι
3239 1733 3387 1800 άξιοι
3410 1735 3755 1804 συγγνώμης,

2187 1818 2326 1890 μετὰ
2358 1817 2456 1888 τὴν
2505 1817 2776 1888 τοσαύτην
2829 1817 2992 1888 χάριν
3019 1817 3226 1888 θηρίων
3279 1818 3490 1890 μᾶλλον
3539 1816 3753 1871 ἐκπολεο

2191 1898 2289 1972 μού
2296 1916 2466 1972 μενοι,
2485 1899 2771 1964 δάκνοντες
2797 1900 2892 1955 καὶ
2917 1899 3297 1974 λακτίζοντεςὶ

2255 2099 2422 2154 Οὑδὲν
2447 2099 2796 2171 αἰσχρότερον
2826 2099 3021 2172 θυμοῦ,
3050 2099 3204 2154 οὑδὲν
3235 2099 3588 2169 ἀτιμότερον,
3618 2098 3756 2152 οὑδὲν

2183 2183 2479 2254 δεινότερον
2499 2223 2514 2247 ,
2554 2183 2705 2235 οὐδὲν
2736 2182 3094 2252 ἀηδέστερον,
3128 2181 3279 2235 οὐδὲν
3336 2181 3752 2252 βλαϐερώτερον.

2185 2265 2368 2319 Ταῦτα
2391 2265 2556 2334 λέγω,
2586 2265 2684 2335 οὑχ
2723 2265 2810 2318 ἵνα
2844 2265 2978 2336 πρὸς
3015 2265 3215 2336 ἄνδρας
3244 2257 3405 2334 ὦμεν
3431 2265 3628 2335 ἥμεροι
3671 2263 3756 2333 μό-

2185 2366 2307 2414 νον,
2354 2347 2490 2402 άλλὰ
2523 2347 2626 2402 κᾶν
2656 2349 2795 2418 γυνή
2827 2347 2986 2410 λάλος
3021 2343 3079 2418 ᾖ,
3109 2348 3197 2401 ἴνα
3247 2347 3464 2420 φέρῃς·
3516 2347 3650 2398 ἔστω
3684 2362 3754 2398 σοι

2185 2430 2494 2501 παλαίστρα
2526 2429 2618 2483 καὶ
2657 2430 2954 2500 γυμνάσιον
2976 2431 3012 2498 ή
3040 2430 3201 2500 γυνή.
3228 2428 3361 2493 Πῶς
3385 2429 3497 2501 γάρ
3527 2430 3624 2483 οὑκ
3648 2427 3754 2482 άτο·

2185 2531 2302 2578 πον,
2332 2513 2608 2583 γυμνάσια
2640 2514 2740 2584 μὲν
2771 2511 3122 2584 ἀναδέχεσθαι
3145 2512 3298 2565 οὐδὲν
3337 2513 3530 2584 κέρδος
3563 2511 3752 2582 ἔχοντα,

2182 2595 2310 2650 ἔνθα
2339 2595 2593 2666 θλίϐομεν
2621 2595 2680 2647 τὸ
2724 2595 2903 2667 σῶμα·
2933 2595 3210 2666 γυμνάσια
3243 2594 3301 2648 δὲ
3366 2596 3442 2667 μὴ
3496 2597 3661 2647 ποιεῖν
3687 2590 3752 2644 0!-

2183 2679 2336 2744 καδε,
2393 2679 2486 2732 καί
2526 2678 2630 2750 πρὸ
2684 2679 2795 2732 τῶν
2845 2677 3073 2747 ἀγώνων
3123 2677 3397 2746 στέφανον
3444 2680 3574 2748 ἡμῖν
3625 2691 3746 2744 παρ’

2183 2761 2403 2831 έχοντα;
2429 2761 2670 2833 ’Υϐρίζει
2688 2763 2722 2833 ή
2742 2762 2878 2832 γυνή
2901 2779 2918 2827 ;
2948 2761 3039 2833 Μὴ
3062 2760 3194 2832 γένῃ
3219 2761 3285 2815 σὺ
3309 2762 3486 2835 γυνή·
3511 2758 3745 2830 γυναικῶ⁹

2182 2844 2269 2908 δες
2298 2849 2406 2917 γὰρ
2442 2846 2504 2899 τὸ
2550 2846 2824 2917 ὑϐρίζειν·
2872 2846 3028 2909 νόσος
3071 2847 3190 2898 ἐστὶ
3231 2845 3440 2917 ψυχῆς,
3482 2843 3742 2913 ἐλάττωμα

2184 2928 2319 2981 ἔστι.
2369 2928 2459 2998 Μὴ
2487 2929 2714 3000 νομίσῃς
2761 2927 2980 2992 ἀνάξιόν
3018 2944 3111 2980 σου
3157 2924 3300 2982 εἶναι
3326 2967 3344 2992 ,
3385 2929 3579 3000 δτανή
3627 2924 3738 2995 γυνὴ

2187 3008 2404 3079 ὑϐρίσῃ.
2445 3009 2708 3075 Ἀνάξιον,
2763 3011 2894 3064 ὅταν
2951 3010 3016 3063 σὺ
3070 3010 3170 3080 μὲν
3205 3009 3469 3082 ὑϐρίζῃς,
3500 3006 3738 3078 ἑκείνηδίι

2187 3091 2484 3162 φιλοσοφῇ·
2535 3092 2657 3147 τότε
2707 3092 3057 3162 ἀσχημονεῖς,
3081 3092 3205 3148 τότε
3262 3094 3565 3165 ὑϐρίσθης·
3595 3091 3658 3145 ἂν
3695 3088 3743 3143 δὲ

2187 3173 2462 3244 ὑϐρισθεὶς
2491 3175 2740 3247 ἐνέγκῃς,
2774 3179 2871 3245 τῆς
2895 3174 3076 3245 ἰσχύος
3105 3176 3208 3247 τῆς
3237 3177 3342 3247 σῆς
3375 3175 3544 3247 πολλή
3572 3177 3603 3245 ή
3637 3173 3742 3228 επί-

2184 3255 2368 3324 δειξις.
2408 3258 2483 3310 Οὑ
2531 3256 2628 3322 τὰς
2659 3261 2924 3326 γυναῖκας
2954 3259 3165 3329 ὲνάγων
3214 3261 3299 3324 εἰς
3339 3260 3556 3332 ὑϐρεις,
3593 3257 3746 3312 ταῦτα

2185 3337 2360 3406 λέγω·
2406 3340 2491 3411 μὴ’
2529 3340 2768 3408 γένοιτο·
2808 3340 2922 3393 ἀλλ’
2964 3341 3019 3395 εἰ
3040 3358 3139 3394 που
3190 3341 3287 3395 καί⁸
3345 3341 3582 3412 συμϐαίη
3624 3338 3746 3391 κατά

2188 3422 2481 3492 σατανικὴν
2517 3421 2858 3494 περίστασιν,
2899 3423 2986 3477 ἵνα
3027 3425 3255 3494 φέρητε.
3296 3425 3535 3495 Ἀνδρῶν
3567 3418 3747 3474 ἔστιτὸ

2186 3502 2370 3573 φέρειν
2396 3502 2503 3556 τῶν
2536 3503 2771 3575 ἰσχυρῶν
2799 3505 2924 3571 τοὺς
2944 3505 3208 3567 ἀσθενεῖς.
3241 3507 3365 3560 Κᾶν
3397 3501 3608 3574 οἰκέτης
3636 3502 3740 3554 άντ·

2185 3584 2315 3656 είπῃ
2338 3624 2353 3648 ,
2386 3585 2748 3656 φιλοσόφησον
2785 3586 2850 3640 σύ
2872 3605 2886 3620 ·
2929 3587 3026 3662 μὴ,
3089 3587 3143 3640 τί
3186 3589 3402 3652 ἐκεῖνος
3443 3587 3587 3651 ἄξιός
3614 3586 3746 3637 ἐστιν

2183 3666 2438 3731 ἀκοῦσαι,
2467 3666 2627 3741 εἰπῃς
2657 3667 2690 3739 ἢ
2716 3669 2950 3741 πράξῃς,
2978 3667 3114 3722 ἀλλὰ
3139 3669 3192 3722 τί
3220 3670 3304 3723 δεῖ
3327 3687 3386 3723 σε
3421 3671 3513 3723 καὶ
3545 3669 3746 3736 ποιῆσαι

2187 3751 2282 3803 καί
2309 3751 2502 3803 εἰπεῖν.
2543 3749 2830 3819 Μηδέποτε
2867 3751 3034 3821 κόρην
3071 3751 3334 3822 ὑϐρίζων,
3369 3751 3590 3823 αἰσχρὸν
3615 3747 3750 3816 ῥῆμα

2187 3831 2422 3903 ἐκϐάλῃς
2447 3846 2460 3861 ·
2503 3830 2774 3901 μηδέποτε
2821 3833 3040 3901 οἰκέτην
3073 3833 3270 3905 μιαρὸν
3298 3836 3483 3905 είπῃς.
3535 3833 3748 3888 Ἐκεῖνος

2188 3913 2287 3983 οὑχ
2313 3911 2566 3984 ὑϐρίσθη,
2589 3913 2725 3967 άλλά
2749 3911 2834 3966 σύ.
2873 3915 2987 3967 Ούκ
3026 3915 3172 3968 ἔστιν
3211 3917 3268 3969 ὲν
3297 3917 3478 3988 ἑαυτῷ
3510 3911 3640 3967 εἶναι
3665 3908 3746 3961 τὸν
3864 3913 3871 3922 “

2189 3993 2562 4065 ὀργιζόμενον,
2596 3994 2784 4066 ὥσπερ
2829 3995 2950 4050 οὑδὲ
2983 3997 3221 4066 πέλαγος
3267 3999 3681 4069 κυμαινόμενον,
3715 3988 3744 4058 ἦ

2191 4076 2374 4146 πηγὴν
2415 4076 2598 4148 μένειν
2633 4076 2904 4149 καθαρὰν,
2937 4077 3197 4150 βορϐόρου
3231 4081 3400 4135 ποθὲν
3442 4076 3746 4150 ἐμπεσόντος

2192 4159 2366 4231 αὑτῇ·
2407 4157 2552 4212 οὕτω
2598 4161 2774 4214 πάντα
2814 4161 3052 4231 ἀναμὶξ,
3086 4161 3286 4231 μᾶλλον
3316 4165 3376 4216 δὲ
3410 4162 3552 4216 οὕτω
3591 4157 3748 4212 πάντα

2185 4243 2303 4296 ἅνω
2331 4241 2426 4294 καὶ
2469 4240 2621 4293 κάτω
2649 4244 2877 4309 γίνεται.
2913 4242 3032 4296 Κᾶν
3061 4246 3365 4317 τυπτήσῃς,
3417 4244 3519 4297 κᾶν
3547 4236 3749 4309 610966-

2194 4325 2290 4396 ξῃς
2329 4323 2422 4377 τὸν
2447 4324 2784 4392 χιτωνίσκον,
2832 4326 2896 4379 σὺ
2924 4326 3147 4396 μείζονα
3178 4325 3275 4398 τὴν
3315 4327 3519 4399 βλάβην
3545 4320 3749 4399 ὑπέμὲι.

2189 4423 2290 4468 νας
2312 4421 2325 4433 ⁸
2369 4406 2564 4476 ἔκεῑνῳ
2598 4406 2697 4476 μὲν
2741 4406 2852 4478 γάρ
2885 4408 3014 4478 περὶ
3066 4407 3129 4461 τὸ
3171 4397 3332 4480 σῶμα
3365 4410 3460 4463 καὶ
3496 4404 3620 4475 περί
3662 4397 3748 4468 τὴν

2191 4488 2396 4559 ἐσθῆτα
2427 4489 2460 4559 ή
2488 4487 2691 4560 πληγὴ,
2728 4489 2813 4543 σοὶ
2856 4489 2914 4542 δὲ
2944 4489 3075 4560 περί
3115 4491 3218 4563 τήν
3259 4491 3467 4564 ψυχήν.
3523 4483 3748 4564 Ἐκείνην

2189 4573 2457 4643 διέτεμες,
2499 4572 2715 4643 ἐκείνην
2747 4571 3026 4643 ἔτρωσας,
3061 4573 3154 4628 τὸν
3175 4562 3406 4646 ήνίοχον
3445 4571 3630 4631 ἔϐαλες
3653 4562 3750 4619 ἀπὸ

2191 4656 2301 4710 τῶν
2333 4657 2515 4710 ἵππων
2539 4656 2708 4719 κάτω,
2744 4655 2935 4710 ὕπτιον
2959 4655 3225 4726 σύρεσθαι
3258 4647 3746 4729 παρεσκεύασαςέβ

2194 4740 2287 4793 καὶ
2323 4739 2523 4793 ταυτὸν
2554 4739 2784 4808 γίνεται,
2825 4733 2938 4793 οἷον
2973 4739 3068 4794 ἐὰν
3105 4739 3320 4810 ἡνίοχος
3341 4726 3524 4810 Ἵέτέρῳ
3553 4726 3758 4805 ὀργῶ·-

2197 4836 2357 4890 μενος
2380 4820 2541 4874 ἕλοιτ’
2571 4820 2638 4874 ἂν
2669 4820 2947 4893 σύρεσθαι.
2974 4822 3093 4876 Κᾶν
3123 4821 3480 4893 ὲπιπλήττῃς,
3516 4816 3615 4870 κᾶν
3641 4826 3748 4893 voti

2195 4888 2373 4973 θετῇς,
2407 4903 2512 4956 κᾶν
2538 4901 2716 4956 ὁτιοῦν
2740 4888 2925 4974 ποιῇς,
2955 4904 3124 4976 ὀργῆς
3161 4888 3329 4976 χωρὶς
3359 4888 3453 4956 καὶ
3479 4894 3663 4968 θυμοῦ.
3689 4888 3747 4945 Εἰ

2193 4984 2300 5056 γάρ
2344 4987 2373 5038 6
2420 4984 2763 5055 ἐπιπλήττων
2817 4986 2997 5056 ίατρός
3043 4987 3158 5040 ἐστι
3194 4987 3289 5040 τοῦ
3343 4981 3746 5054 ἁμαρτάνοντος,

2194 5069 2312 5133 πῶς
2334 5068 2400 5123 ἂν
2436 5068 2648 5122 δύναιτο
2675 5069 3007 5140 θεραπεῦσαι
3036 5071 3242 5142 ἕτερον,
3283 5069 3473 5124 ἑαυτὸν
3502 5064 3746 5135 πρότερον

2191 5151 2468 5218 κακώσας,
2515 5151 2704 5208 ἑαυτὸν
2751 5153 2826 5222 μή
2861 5153 3212 5224 θεραπεύων;
3250 5154 3316 5207 Et
3335 5168 3455 5214 τις,
3496 5145 3614 5200 εἰπέ
3643 5155 3744 5224 μοι.

2196 5235 2379 5307 ἰατρὸς
2413 5235 2719 5308 -πορεύοιτο
2754 5220 2944 5308 ἓτερον
2989 5235 3343 5307 θεραπεύειν,
3373 5231 3628 5302 πρότερον
3644 5220 3744 5308 ’τὴν

2192 5301 2352 5388 χεῖρα
2382 5301 2758 5389 τραύματίσας
2776 5301 2874 5388 τὴν
2897 5301 3110 5382 ἑαυτοῦ,
3137 5318 3400 5388 πρότερον
3420 5301 3546 5370 τοὺς
3568 5301 3744 5389 δφβαλ”

2193 5401 2329 5469 μοὺς
2355 5385 2636 5471 πηρώσας,
2670 5400 2811 5454 οὑτω
2832 5385 3075 5453 ’ποιεῖται
3105 5385 3317 5455 ἑκείνου
3338 5396 3436 5466 τήν
3481 5385 3740 5456 ἰατρείανς

2193 5483 2350 5551 Οὐχὶ,
2381 5482 2566 5551 φησίν.
2589 5481 2746 5536 οὕτω
2771 5482 2867 5536 καί
2900 5483 2964 5536 σὺ
2987 5483 3092 5536 κᾶν
3119 5481 3470 5550 ἑπιπλήττῃς,
3502 5471 3605 5551 κᾶν
3635 5478 3740 5551 νου·

2193 5545 2374 5634 θετῇς,
2393 5545 2624 5635 -καθαρά
2651 5563 2998 5636 βλεπέτωσάν
3025 5581 3119 5618 σου
3147 5565 3197 5617 οἰ
3223 5545 3505 5630 ὀφθαλμοί.
3535 5549 3621 5618 Μὴ
3664 5545 3740 5596 ⁸ο·

2193 5646 2372 5720 λὼσῃς
2413 5648 2502 5702 τὸν
2530 5647 2676 5715 νοῦν,
2723 5648 2848 5701 ἐπεὶ
2879 5647 2998 5711 πῶς
3048 5649 3082 5719 ή
3132 5643 3392 5720 θεραπεία
3431 5636 3733 5707 γενήσεταιὸ

2259 5895 2284 5958 9
2332 5895 2466 5946 Unus
2486 5895 2676 5958 ἔπραξέν
2711 5911 2754 5942 τι
2777 5893 2994 5955 πονηρόν.
3119 5892 3246 5943 Idem
3277 5885 3398 5944 τίνος
3430 5880 3564 5944 ἐσμὲν
3595 5865 3730 5935 ἡμεῖς’

2201 5959 2223 5989 ε
2256 5957 2388 6007 linus
2406 5951 2569 6006 ὕπτιον
2603 5957 2816 6020 φέρεσθαι
2838 5951 3210 6020 παρεσκεύασας.
3749 5959 3767 6012 ’ί
