3946 6428
491 410 594 467 12⁸1

491 523 735 580 medicus
754 528 838 575 est
866 513 1160 590 peccantis.
1187 514 1458 586 quomodo
1486 514 1652 583 possit
1679 514 1842 566 alium
1868 525 2080 575 curare,

490 632 613 671 cum
644 614 742 669 sibi
774 611 871 681 ipsi
902 608 1049 679 prius
1073 608 1268 662 malum
1297 606 1557 669 intulerit,
1588 619 1687 658 nec
1715 603 1951 671 seipsmn
1988 616 2084 655 cu-

490 709 608 764 ret?
635 706 690 761 Si
716 706 836 774 quis
855 745 871 767 ,
902 716 1087 773 quasso
1107 743 1122 766 ,
1152 699 1393 755 medicus
1417 699 1580 752 alium
1623 707 1906 751 curaturus
1944 695 2081 759 iret,

492 811 767 871 postquam
798 797 947 868 prius
989 810 1205 850 manum
1238 808 1388 849 suam
1428 791 1725 846 sauciassct
1751 830 1764 853 ,
1796 798 2081 858 postquam

497 895 645 964 prius
677 894 869 945 cenios
895 897 1243 950 exeavcasset,
1274 900 1401 939 num
1425 885 1503 938 sic
1534 884 1682 937 illum
1709 881 1961 936 curaret?
1989 880 2086 934 Mi-

493 986 657 1049 nime,
691 981 920 1053 inquies.
951 980 1042 1035 Sic
1072 987 1122 1034 et
1153 987 1204 1031 tu
1236 978 1362 1032 licet
1390 976 1655 1044 increpes,
1691 973 1815 1027 licet
1841 985 2083 1035 moneas,

490 1091 627 1147 pura
655 1074 871 1129 videant
904 1071 1042 1125 oculi
1084 1070 1182 1123 tui.
1225 1068 1301 1122 Ne
1344 1067 1527 1122 turbes
1558 1080 1815 1130 mentem,
1848 1062 2085 1133 alioquin

490 1164 763 1237 quomodo
811 1162 1017 1218 medela
1062 1160 1202 1217 erit?
1246 1159 1360 1214 Non
1403 1166 1624 1226 possunt
1663 1156 1719 1210 in
1750 1155 1937 1210 eadem
1966 1170 2087 1210 esse

497 1256 885 1327 tranquillitate
922 1255 1014 1325 qui
1047 1266 1152 1307 non
1185 1252 1433 1306 irascitur
1458 1259 1514 1305 et
1543 1248 1633 1318 qui
1664 1248 1931 1301 irascitur.
1975 1246 2087 1301 Cur

490 1351 714 1405 doctore
742 1347 975 1401 decusso
1003 1344 1073 1401 de
1104 1343 1322 1406 throno,
1355 1339 1501 1395 httttzi
1526 1339 1797 1409 jacentcm
1840 1338 2085 1406 alloque-

489 1439 602 1495 ris?
641 1438 759 1494 Non
806 1436 959 1492 vides
979 1436 1210 1506 judiecs,
1244 1434 1482 1504 quicum
1517 1429 1808 1500 judicaturi
1841 1437 2000 1493 sunt,
2032 1428 2085 1482 iu

524 1566 1677 1593 Μ

1220 399 1280 458 5.
1319 397 1597 458 JOANNIS
1632 393 2113 454 CIIRYSOSTOMI
2154 394 2472 454 ARCHIEP.
2505 397 3041 458 CONSTANTINOP.

3695 406 3794 469 ηε

2196 509 2391 566 throno
2433 512 2656 582 sedent,
2692 516 2743 571 in
2775 515 2955 573 habitu
2995 519 3249 575 decenti?
3284 519 3379 579 Sic
3422 532 3477 579 et
3509 533 3568 579 tu
3600 526 3795 593 meite,

2191 619 2323 658 orna
2375 604 2608 660 animam
2657 620 2798 664 tuam
2850 616 3043 667 vestitu
3082 612 3363 682 judiciali;
3408 615 3534 671 haec
3565 634 3690 673 vera
3722 633 3797 678 est

2189 697 2414 765 teqn'tas
2465 714 2480 750 :
2520 708 2575 752 et
2602 710 2726 756 tunc
2753 702 2806 755 in
2839 702 3032 757 throno
3074 704 3236 773 judex
3265 706 3420 762 sede.
3450 708 3561 763 Sed
3596 727 3702 766 non
3737 716 3799 767 ti-

2197 788 2384 853 mebit,
2419 791 2649 861 inquies.
2674 792 2785 848 lmo
2807 798 2975 863 magis
2998 798 3222 852 timebit.
3252 798 3411 854 Tunc
3433 817 3572 855 vero
3591 805 3797 860 etiamsi

2189 879 2331 947 justa
2363 881 2583 949 dixeris,
2618 884 2667 938 id
2700 885 2863 941 iururi
2887 904 3076 943 servus
3103 890 3420 960 imputabit;
3450 894 3496 947 si
3529 910 3659 948 vero
3680 912 3794 953 cum

2193 977 2604 1032 mansuetudine
2624 1018 2643 1043 ,
2672 981 2909 1050 seipsum
2955 982 3229 1038 damnabit
3259 1000 3273 1035 :
3305 986 3573 1054 quodque
3604 991 3791 1057 pra-ei-

2192 1077 2355 1133 puum
2385 1074 2503 1128 est.
2538 1076 2590 1122 te
2618 1070 2756 1125 Deus
2796 1081 3075 1142 acceptum
3114 1073 3371 1142 habebit,
3404 1086 3462 1131 et
3490 1078 3572 1131 sic
3603 1080 3793 1147 pozeris

2192 1165 2395 1210 a-terua
2416 1158 2552 1212 bona
2569 1162 2846 1231 cmisequi,
2864 1165 3055 1233 gratia,
3085 1166 3439 1223 miseratione
3469 1180 3527 1223 et
3556 1170 3793 1241 benigni.

2194 1258 2301 1302 tate
2332 1251 2541 1307 Domini
2567 1258 2732 1310 nostri
2762 1257 2888 1312 Jesu
2908 1258 3133 1326 Christi,
3159 1263 3379 1331 quicum
3414 1264 3564 1318 Patri
3591 1281 3789 1335 unaun

2195 1338 2418 1409 Spiritui
2462 1356 2649 1400 sancto
2689 1349 2860 1416 gloria
2885 1390 2900 1414 ,
2948 1351 3229 1419 impcrimn
3254 1392 3269 1415 ,
3316 1356 3501 1410 bonur
3527 1396 3545 1423 ,
3580 1373 3716 1410 nune
3744 1368 3790 1411 ct

2194 1444 2409 1502 semper
2427 1474 2445 1503 ,
2476 1445 2530 1490 et
2557 1440 2611 1492 in
2640 1441 2833 1495 smcula
2865 1444 3205 1500 sreculurum.
3233 1451 3433 1503 Amen.

1687 1562 3774 1600 Ἢ

1873 1634 2222 1699 HOMILIA
2269 1642 2440 1705 XVI.

494 1804 623 1859 CAP.
652 1803 706 1858 7.
737 1818 788 1856 ν.
820 1800 872 1855 6.
902 1799 1161 1869 Loqtmtus
1181 1804 1253 1849 est
1269 1800 1435 1846 autem
1454 1795 1528 1848 sic
1559 1786 1697 1842 Deus
1727 1782 2085 1869 dicen_s:Quia

563 1895 655 1948 erit
685 1910 854 1946 semen
885 1892 996 1959 ejus
1024 1888 1198 1941 accola
1233 1886 1285 1937 in
1333 1895 1466 1937 terra
1512 1882 1682 1934 aliena
1714 1920 1730 1944 ,
1771 1888 1818 1931 et
1859 1873 2087 1931 servituri

562 2004 649 2041 eos
677 1984 967 2054 subjicient,
999 1990 1049 2036 et
1077 1981 1210 2035 male
1229 1976 1517 2033 tractabant
1545 1991 1629 2029 eos
1656 1972 1807 2027 annis
1835 1967 2082 2041 quadrin-

561 2082 758 2151 gentis;
790 2079 841 2130 7.
875 2087 920 2129 et
958 2085 1157 2147 gentent
1194 2072 1279 2126 cui
1320 2070 1584 2126 servierint
1615 2108 1631 2132 ,
1670 2064 1920 2137 judicabo
1948 2077 2041 2129 ego
2064 2100 2083 2126 ,

563 2174 688 2229 dicit
716 2172 893 2236 Deus;
923 2180 971 2225 et
998 2178 1109 2239 post
1139 2168 1248 2221 laec
1269 2166 1497 2229 exibunt,
1530 2171 1575 2216 et
1597 2160 1815 2216 servient
1863 2156 1989 2210 mihi
2032 2155 2087 2209 in

567 2268 679 2320 loco
703 2265 821 2318 isto.

568 2364 619 2413 t.
657 2356 788 2410 Vide
812 2362 939 2409 ante
967 2361 1099 2422 quot
1120 2365 1293 2406 annos
1321 2345 1608 2419 promissio
1631 2353 1687 2400 et
1713 2340 2089 2413 promissionis

496 2450 723 2514 modus;
753 2457 807 2503 et
838 2461 1099 2516 nusquam
1131 2442 1481 2505 sacrificium,
1512 2452 1777 2506 nusquam
1802 2432 2090 2488 circumci-

495 2545 600 2597 sio.
626 2542 724 2595 llic
750 2538 1023 2603 ostendit,
1057 2537 1221 2590 Deum
1256 2533 1570 2603 permisisse
1593 2539 1650 2583 ut
1676 2528 1748 2582 illi
1780 2526 2089 2595 afﬂigeren-

497 2646 603 2699 tur,
640 2649 739 2687 nec
784 2632 1001 2699 impune
1045 2631 1159 2683 fore
1206 2641 1301 2681 eos
1335 2665 1351 2690 ,
1400 2624 1490 2694 qui
1524 2623 1845 2677 afﬂixerant.
1880 2616 2091 2672 Gentem

494 2737 687 2792 autent,
717 2725 800 2778 cui
826 2722 1085 2778 servierint
1111 2762 1126 2786 ,
1141 2718 1387 2790 judicabo
1416 2733 1537 2789 ego,
1567 2716 1689 2769 dicit
1713 2714 1870 2768 Deus.
1905 2711 2093 2767 Viden‘

494 2819 587 2890 qui
607 2817 874 2891 promisit,
900 2816 989 2887 qui
1019 2815 1167 2869 dedit
1195 2823 1415 2878 terram,
1454 2809 1603 2879 prius
1627 2808 1762 2863 mala
1791 2805 2048 2876 permittit
2072 2820 2087 2856 :

497 2916 577 2967 sic
619 2920 675 2965 et
713 2927 854 2964 nttnc
887 2910 1015 2964 licet
1058 2921 1279 2977 regnent
1322 2903 1625 2973 promiserit
1660 2941 1676 2967 ,
1706 2899 2091 2954 tentationibus

499 3004 738 3061 exerceri
782 3003 929 3056 sinit.
979 3001 1036 3055 Si
1079 2998 1165 3053 hic
1207 3008 1327 3067 post
1365 2995 1787 3065 quadringentos
1816 3006 1985 3045 annos
2024 2990 2091 3043 lio

499 3099 701 3161 bertas,
734 3092 861 3164 quid
891 3092 1085 3145 mirum
1110 3131 1124 3155 ,
1154 3089 1199 3144 si
1228 3089 1457 3158 idipsnm
1491 3086 1543 3139 in
1576 3099 1743 3155 regno
1770 3081 1908 3137 ﬁat?
1938 3084 2090 3135 Atta-

502 3205 626 3245 men
660 3187 761 3240 hoc
790 3185 918 3240 fecit
947 3224 962 3249 ,
1012 3198 1113 3238 nee
1143 3192 1353 3251 tempus
1392 3179 1565 3250 potuit
1608 3177 1799 3232 falsum
1830 3191 1950 3230 esse
1978 3190 2095 3229 ser-

505 3295 723 3336 monem
754 3274 1109 3346 comprobare
1135 3314 1149 3338 ,
1181 3274 1282 3327 etsi
1321 3288 1428 3327 non
1476 3270 1680 3324 modica
1708 3268 1952 3338 oppressi
1986 3267 2095 3321 sint

502 3372 781 3427 servitute.
813 3369 1001 3438 Neque
1029 3366 1162 3420 satis
1191 3365 1288 3434 ipsi
1318 3363 1418 3418 luit
1446 3363 1565 3417 illos
1597 3360 1888 3430 punivisse,
1918 3360 2010 3413 sed
2039 3370 2094 3415 et

504 3464 593 3518 his
646 3462 785 3516 bona
827 3458 1115 3531 promittit.
1152 3457 1372 3512 Videtur
1417 3464 1597 3509 autem
1641 3454 1770 3508 mihi
1826 3453 1911 3507 hic
1957 3451 2095 3506 velle

505 3558 635 3627 ipsis
657 3554 915 3611 benelicia
947 3553 1002 3607 in
1029 3551 1343 3606 memoriam
1374 3563 1648 3604 revocare.
1675 3546 1730 3602 8.
1763 3545 1829 3600 Et
1857 3546 1995 3600 dedit
2020 3546 2096 3599 illi

504 3656 861 3701 testamentum
890 3643 1291 3697 cireumcisionis
1325 3682 1341 3707 ,
1383 3651 1430 3694 et
1473 3641 1545 3693 sic
1590 3640 1761 3710 genuit
1794 3637 1964 3693 Isaac.
2000 3638 2097 3693 llic

501 3741 609 3812 iam
637 3738 922 3794 demissius
950 3735 1202 3806 loquitur.
1232 3732 1297 3788 Et
1317 3732 1626 3787 circumcidit
1647 3747 1758 3785 eum
1778 3731 1860 3784 die
1882 3741 2098 3785 octavo:

504 3842 551 3885 et
580 3831 732 3885 lsaac
757 3828 920 3883 Iacob
943 3868 958 3893 ,
985 3837 1032 3881 et
1060 3826 1223 3881 Iacob
1247 3826 1512 3879 duodecim
1538 3826 1877 3896 patriarchas.
1908 3824 1976 3876 Et
2006 3840 2099 3893 pa-

508 3923 745 3976 triarcha:
781 3919 1099 3985 wiuulautes,
1126 3917 1318 3988 Joseph
1345 3917 1674 3971 vendiderunt
1704 3918 1755 3970 in
1783 3913 2095 3985 Aigyptum.

510 4016 627 4070 Hoc
647 4023 702 4069 et
729 4013 779 4067 in
808 4012 1024 4067 Christo
1069 4013 1265 4065 factum
1292 4018 1411 4064 est:
1443 4024 1566 4063 nam
1608 4008 1750 4063 illius
1783 4000 1950 4078 ﬁgura
1980 4013 2099 4060 erat

507 4107 735 4178 Joseph;
766 4105 996 4175 ideoque
1025 4103 1367 4160 subindicans
1394 4102 1546 4166 illud,
1577 4112 1739 4157 totam
1768 4102 1899 4156 texit
1928 4099 2100 4154 histo-

507 4206 668 4255 rLam.
707 4198 839 4255 Cum
881 4200 1023 4254 enim
1073 4197 1207 4253 nihil
1251 4206 1436 4252 contra
1478 4197 1624 4251 illum
1677 4195 1939 4251 baberent
1968 4195 2099 4264 ,sed

511 4294 719 4348 veniret.
752 4293 839 4349 ille
868 4303 922 4347 ut
941 4292 1119 4348 cibum
1136 4291 1373 4357 afferret,
1390 4291 1528 4345 male
1550 4291 1724 4359 ipsum
1751 4296 2098 4359 exceperunt.

513 4388 584 4442 Et
622 4386 743 4440 vide
772 4385 861 4439 hic
890 4385 1080 4438 iterant
1107 4383 1513 4452 promissionem
1541 4382 1629 4435 diu
1658 4380 2098 4450 exspectandam,

513 4494 634 4548 qua:
677 4489 853 4532 tamen
902 4476 1063 4529 ﬁnem
1095 4475 1311 4544 accipit.
1353 4474 1419 4526 Et
1457 4483 1564 4529 erat
1610 4472 1747 4528 Deus
1772 4490 1886 4527 cum
1917 4490 1975 4526 eo
2005 4488 2023 4527 :
2050 4484 2105 4529 et

518 4573 621 4625 huc
648 4570 860 4624 illorum
882 4569 1075 4638 gratia.
1105 4567 1193 4623 10.
1219 4566 1285 4620 Et
1312 4567 1498 4635 eripuit
1527 4583 1641 4620 eum
1671 4583 1733 4621 ea:
1758 4567 1991 4621 omnibus
2015 4569 2106 4620 tri-

516 4662 853 4719 bulationibus
874 4664 1004 4732 ejus.
1030 4662 1126 4716 Hic
1153 4661 1388 4716 ostendit
1410 4661 1529 4715 illos
1560 4661 1758 4715 inscios
1780 4660 1846 4716 ad
1869 4661 2106 4731 pr0phe-

519 4761 606 4813 ti:e
635 4766 885 4813 eventum
916 4756 1245 4820 contulisse;
1275 4756 1525 4824 ipsosque
1550 4764 1799 4808 auctores
1828 4753 1993 4808 fuisse
2016 4795 2030 4814 ,
2054 4762 2110 4808 et

518 4853 658 4905 mala
691 4851 743 4904 in
770 4850 915 4918 ipsos
944 4847 1221 4904 recidisse.
1266 4844 1333 4899 Et
1362 4846 1502 4899 dedit
1526 4846 1571 4899 ei
1595 4846 1815 4915 gratiam
1842 4854 1888 4898 et
1907 4845 2111 4916 sapien-

521 4944 644 4994 tiam
686 4942 739 4993 in
777 4948 1045 5009 conspectu
1087 4937 1378 4990 Pharaonis
1412 4935 1543 5006 regis
1587 4934 1827 5006 Egypti.
1870 4934 2109 5000 Gratiam

522 5034 689 5094 dedit,
718 5031 877 5101 idque
906 5030 1044 5100 apud
1074 5028 1357 5083 barbarum
1382 5042 1562 5097 regem
1584 5069 1599 5093 ,
1627 5042 1784 5082 servo
1805 5069 1819 5094 ,
1853 5028 2063 5097 captivo
2093 5044 2108 5083 :

523 5140 681 5196 quem
711 5122 903 5178 fratres
922 5120 1137 5192 quidem
1160 5118 1532 5185 vendiderant,
1546 5118 1633 5174 ille
1658 5134 1787 5173 vero
1808 5118 2110 5174 honoravit.

524 5221 611 5275 il.
652 5216 799 5271 Venit
819 5224 989 5268 autem
1009 5219 1171 5285 fames
1196 5213 1250 5266 in
1287 5213 1569 5265 universam
1597 5220 1781 5265 terram
1811 5210 2033 5283 2Egypti
2067 5222 2114 5285 et

523 5312 794 5375 Chanaan,
821 5316 867 5361 et
888 5284 1147 5360 tribulatio
1174 5320 1359 5375 magna
1385 5319 1406 5368 ;
1432 5313 1479 5356 et
1507 5318 1610 5357 non
1638 5303 1951 5357 inveniebant
1979 5284 2115 5357 cibos

529 5413 701 5466 patres
735 5399 915 5455 nostri.
947 5398 1033 5452 12.
1064 5397 1192 5452 Cum
1235 5395 1456 5449 audisset
1484 5405 1653 5448 autem
1676 5394 1837 5449 Jacob
1865 5411 1975 5450 esse
1998 5399 2115 5464 fru-

528 5505 697 5549 menta
732 5495 786 5548 in
833 5490 1070 5562 JEgypto
1092 5530 1107 5554 ,
1140 5488 1273 5541 misit
1312 5497 1480 5556 patres
1512 5496 1709 5540 nostros
1754 5489 1993 5557 primunt.
2027 5487 2114 5541 15.

534 5585 599 5641 Et
630 5588 686 5640 in
711 5585 933 5640 secundo
972 5582 1201 5653 cognitus
1225 5589 1295 5634 est
1314 5578 1507 5644 Joseph
1532 5595 1564 5631 a
1591 5577 1832 5647 fratribus
1853 5578 1977 5631 suis.
2013 5577 2115 5633 De-

534 5676 858 5733 scenderunt
882 5672 1137 5743 emptori,
1167 5680 1223 5725 et
1249 5671 1338 5724 illo
1360 5684 1493 5737 opus
1516 5666 1771 5722 habuere.
1793 5668 1929 5734 Quid
1959 5668 2120 5738 igitur

535 5770 665 5827 ille?
694 5768 811 5822 Non
839 5782 903 5823 ea
924 5766 980 5819 in
1001 5780 1059 5819 re
1078 5764 1250 5820 solum
1279 5762 1660 5831 benignitatem
1687 5774 1837 5814 suam
1859 5760 2116 5827 ostendit;

535 5866 631 5922 sed
657 5862 820 5920 etiam
842 5857 1108 5917 Pharaoni
1137 5855 1191 5914 id
1221 5854 1475 5915 iudicavit
1522 5854 1752 5926 illosque
1775 5853 2015 5911 deduxit.
2053 5852 2118 5908 Et

2189 1787 2406 1843 innotuit
2437 1790 2703 1848 Pharaoni
2729 1813 2888 1865 genus
2907 1796 3123 1870 Ioseph.
3146 1800 3232 1855 I4.
3266 1801 3484 1857 Mittens
3512 1813 3677 1858 autem
3700 1804 3789 1860 Ιοο

2188 1883 2336 1950 sep/1,
2359 1887 2617 1940 accersivit
2660 1887 2823 1942 Iacob
2867 1900 3062 1960 patrem
3106 1910 3272 1956 suum,
3303 1907 3351 1948 et
3384 1912 3589 1949 omnem
3615 1915 3783 1968 cogna-

2192 1976 2380 2030 tionem
2419 1994 2568 2032 suam
2607 1980 2660 2032 in
2677 1983 2945 2036 animabus
2982 1990 3302 2055 septuaginta
3334 1989 3580 2057 quinque.
3609 1990 3691 2044 15.
3724 1989 3782 2043 Et

2192 2066 2447 2122 descendit
2466 2069 2629 2124 Jucob
2643 2072 2693 2124 in
2712 2071 3023 2143 Egyptum,
3043 2075 3416 2147 defunctusque
3430 2089 3505 2133 est
3521 2080 3628 2149 ipse
3645 2091 3688 2132 et
3704 2098 3783 2150 pa-

2193 2171 2292 2215 tres
2306 2163 2482 2216 nostri.
2507 2164 2595 2220 16.
2614 2164 2675 2219 Et
2692 2168 2925 2221 translati
2936 2179 3050 2222 sunt
3064 2170 3114 2222 in
3134 2169 3371 2237 Sichem,
3391 2184 3438 2225 et
3457 2176 3723 2243 pasitisuut
3736 2178 3781 2229 in

2193 2257 2444 2325 sepulcro,
2463 2258 2601 2326 quod
2616 2260 2733 2311 emit
2752 2260 3005 2313 Abraham
3025 2263 3184 2331 pretio
3197 2265 3404 2334 argenti
3418 2283 3451 2317 a
3469 2268 3593 2333 [iliis
3614 2267 3780 2321 Mentor

2195 2347 2290 2415 ﬁlii
2312 2346 2537 2401 Sic/tem.
2565 2348 2649 2403 Π.
2669 2348 2795 2404 Cum
2818 2361 2984 2405 autem
3005 2356 3453 2422 appmpinqriaret
3472 2367 3665 2426 tempus
3674 2376 3779 2429 pro-

2198 2439 2487 2507 missionis,
2519 2444 2584 2494 de
2610 2458 2712 2508 qua
2736 2442 2995 2505 iuraverat
3015 2442 3156 2497 Deus
3180 2445 3430 2510 Abrahae,
3460 2450 3610 2502 crevit
3640 2467 3780 2517 popu-

2195 2529 2275 2584 lus
2301 2572 2317 2595 ,
2359 2541 2407 2584 et
2448 2533 2818 2600 multiplicatus
2847 2543 2919 2587 est
2952 2536 3002 2587 in
3031 2534 3265 2605 .lz‘gypto
3295 2578 3317 2601 ,
3353 2538 3442 2592 18.
3469 2541 3774 2609 quoadusque

2194 2629 2415 2677 surrexit
2442 2640 2534 2678 rea:
2561 2626 2696 2679 alius
2721 2665 2737 2691 ,
2778 2628 2865 2696 qui
2910 2629 3162 2682 nesciebat
3190 2628 3419 2701 Joseph.
3450 2632 3651 2689 Rursus
3690 2634 3778 2687 alia

2194 2712 2514 2783 desperandi
2546 2732 2707 2771 causa
2741 2736 2753 2771 :
2787 2718 2956 2788 prima
2991 2718 3085 2773 luit
3111 2718 3278 2775 ﬁtmes
3306 2738 3335 2787 ;
3368 2724 3630 2788 secunda,
3655 2724 3778 2790 quod

2197 2806 2485 2862 inciderint
2517 2809 2569 2863 in
2592 2824 2782 2863 manus
2812 2809 2993 2863 fratris
3020 2827 3035 2875 ;
3063 2812 3214 2865 tertia
3240 2853 3256 2879 ,
3287 2828 3424 2869 cum
3448 2816 3642 2870 datura
3671 2830 3772 2883 rege

2197 2901 2462 2954 sententia
2500 2909 2557 2954 ut
2590 2901 2977 2957 interﬁciuntur
3009 2919 3022 2955 :
3052 2913 3286 2959 attamen
3334 2906 3388 2962 in
3439 2908 3523 2963 bis
3552 2908 3765 2961 omnibus

2196 2993 2392 3047 servati
2424 3002 2570 3047 sunt.
2603 2993 2806 3050 Deinde
2836 2997 3152 3064 sapientiam
3182 2998 3275 3052 Dei
3307 3002 3600 3057 ostendens
3623 3044 3638 3067 ,
3665 3002 3761 3055 ait:

2194 3083 2287 3138 20.
2321 3082 2387 3136 In
2425 3101 2524 3153 quo
2566 3094 2789 3156 tempore
2816 3096 2963 3140 natus
2989 3100 3062 3141 est
3094 3088 3302 3159 Moyses
3325 3132 3341 3153 ,
3391 3094 3481 3161 qui
3506 3094 3772 3163 fuitgratss

2203 3176 2329 3231 Deo.
2359 3178 2413 3233 Si
2446 3178 2573 3233 illud
2602 3179 2847 3235 mirabile
2870 3179 3007 3247 fuit,
3030 3182 3170 3251 quod
3194 3198 3223 3236 a
3257 3184 3517 3239 fmtribus
3552 3185 3770 3239 venditus

2197 3272 2266 3326 sit
2301 3289 2315 3326 :
2352 3271 2486 3327 illud
2513 3272 2833 3336 mirabilius,
2862 3272 3006 3342 quod
3033 3289 3123 3328 rex
3148 3290 3271 3329 eum
3313 3277 3617 3333 educat-erit
3646 3316 3661 3341 ,
3695 3274 3773 3345 qui

2203 3363 2354 3418 illum
2385 3364 2453 3419 ab
2484 3364 2709 3435 imperio
2738 3364 3050 3431 deiecturus
3080 3376 3215 3421 erat.

2270 3453 2592 3509 Resurrectio
2630 3457 2681 3508 in
2710 3458 2863 3510 veteri
2914 3457 3024 3527 lege
3047 3458 3292 3527 ﬁgurata.
3321 3491 3397 3502 —
3420 3461 3578 3517 Vides
3603 3460 3779 3527 ubique

2200 3547 2310 3603 fere
2351 3549 2626 3619 ﬁguratam
2673 3549 3163 3604 resurrectionem?
3213 3552 3379 3622 Atqui
3414 3569 3519 3608 non
3547 3562 3625 3608 est
3652 3551 3771 3605 idem

2200 3640 2368 3695 Deum
2401 3641 2570 3709 ipsum
2610 3640 2809 3709 aliquid
2840 3638 3045 3706 facere,
3069 3651 3122 3694 et
3153 3641 3394 3697 hmnano
3422 3643 3637 3697 arbitrio
3660 3638 3773 3706 quid

2201 3733 2340 3787 ﬁeri.
2373 3732 2497 3787 llaec
2540 3730 2719 3801 itaque
2753 3747 2860 3785 non
2889 3747 2955 3786 ex
3001 3730 3235 3785 lmmano
3268 3734 3547 3803 proposito
3578 3731 3770 3787 ﬁebant.

2208 3825 2271 3879 Et
2297 3834 2408 3879 erat
2431 3834 2602 3893 potens
2620 3824 2670 3878 in
2692 3823 2838 3877 verbo
2860 3834 2905 3877 et
2931 3840 3097 3892 opere.
3124 3824 3235 3878 lloe
3256 3826 3416 3892 dixit,
3441 3835 3493 3879 et
3516 3825 3655 3879 illum
3675 3834 3775 3874 ser-

2201 3927 2439 3972 vatorem
2462 3955 2478 3980 ,
2523 3923 2578 3971 et
2622 3916 2717 3969 hos
2747 3930 2871 3986 erga
2918 3916 3321 3972 benefactorem
3353 3918 3590 3988 ingratos
3612 3924 3773 3970 osten-

2203 4010 2356 4064 dens.
2390 4008 2459 4065 Ut
2494 4022 2623 4078 ergo
2651 4017 2777 4063 tunc
2823 4022 2851 4061 a
2894 4007 3092 4078 Josepb
3137 4010 3274 4064 mala
3320 4013 3558 4080 patiente
3599 4001 3773 4061 servati

2204 4113 2328 4158 sunt
2361 4121 2375 4157 :
2408 4103 2478 4156 ita
2506 4111 2560 4157 et
2586 4118 2726 4156 nunc
2754 4117 2781 4155 a
2811 4101 2996 4173 Moyse
3020 4102 3158 4156 male
3187 4113 3438 4173 excepto.
3467 4101 3600 4169 Quid
3627 4097 3771 4158 enim,

2206 4195 2250 4248 si
2280 4194 2427 4247 illum
2459 4208 2518 4248 re
2558 4208 2663 4245 non
2691 4191 3048 4247 occiderunt?
3090 4174 3358 4248 Sernmne
3400 4203 3548 4246 certe
3590 4184 3774 4242 occide-

2207 4296 2365 4351 runt,
2398 4288 2536 4341 sicut
2561 4295 2617 4340 et
2644 4286 2739 4340 illi.
2781 4286 2848 4340 Et
2892 4286 2966 4339 illi
2996 4284 3210 4354 quidem
3242 4300 3307 4338 ex
3361 4300 3456 4338 sua
3490 4285 3542 4337 in
3570 4280 3774 4334 alienant

2209 4390 2405 4435 terram
2437 4377 2726 4447 Josepbum
2759 4376 3137 4439 vendiderunt;
3185 4375 3236 4428 bi
3266 4391 3398 4431 vero
3426 4391 3490 4430 ex
3531 4373 3691 4425 aliena
3730 4367 3775 4417 in

2210 4474 2439 4529 alienam
2468 4471 2703 4541 Moysem
2729 4468 2976 4539 fugarunt
3002 4484 3017 4521 :
3050 4468 3121 4521 illi
3151 4467 3467 4522 alien-cutem
3493 4466 3663 4519 cibqu
3684 4501 3697 4523 ,
3733 4454 3776 4509 hi

2210 4564 2492 4620 consilium
2532 4563 2750 4616 dantem
2781 4560 3053 4629 quomodo
3101 4574 3223 4613 cum
3273 4559 3385 4613 Deo
3412 4572 3532 4612 esse
3562 4557 3776 4623 possent-

2211 4657 2300 4713 Sic
2322 4670 2507 4711 verum
2550 4654 2807 4723 probatur
2837 4667 2901 4706 ex
2940 4651 3036 4715 iis,
3065 4666 3184 4720 qua:
3216 4665 3361 4703 nunc
3387 4649 3776 4715 dispensautur,

2212 4750 2410 4805 dictum
2438 4746 2566 4802 illud
2592 4744 2939 4801 Gamalielis:
2977 4744 3040 4798 Si
3078 4759 3140 4796 ea:
3165 4741 3272 4795 Deo
3305 4742 3372 4796 sit
3395 4780 3413 4805 ,
3455 4754 3554 4792 non
3595 4727 3781 4803 potestis

2215 4840 2485 4897 dissolvere
2526 4836 2678 4892 illud.
2708 4836 2787 4890 Tu
2814 4848 2941 4889 vero
2970 4849 3091 4889 eum
3123 4834 3287 4887 discis
3312 4846 3441 4897 eos,
3473 4827 3560 4898 qui
3594 4817 3780 4877 insidiis

2215 4941 2535 5005 appetuntur
2554 4970 2569 4996 ,
2600 4928 3000 4983 insidiatoribus
3045 4927 3235 4980 salutis
3263 4939 3480 4979 causam
3530 4916 3669 4976 ﬁeri,
3697 4909 3780 4963 οι)-

2216 5037 2462 5096 stupesee
2481 5024 2548 5080 de
2589 5022 2681 5078 Dei
2711 5020 2973 5090 sapientia
3001 5029 3056 5073 et
3084 5019 3326 5074 solertia.
3356 5016 3486 5071 Nam
3517 5012 3559 5067 si
3592 5008 3661 5063 illi
3686 5016 3778 5096 non

2218 5092 2426 5174 insidiis
2456 5115 2679 5184 impetiti
2704 5114 2948 5177 inissent,
2974 5111 3026 5164 bi
3059 5126 3164 5164 non
3198 5109 3423 5163 fuissent
3452 5099 3663 5158 servati.
3691 5092 3779 5184 Fat

2219 5224 2334 5265 mes
2359 5216 2497 5272 erat,
2513 5220 2610 5260 nec
2631 5202 2964 5272 consumpsit
2980 5201 3121 5254 illos.
3140 5199 3321 5268 Neque
3337 5197 3439 5250 hoc
3460 5201 3674 5247 tantum;
3696 5176 3778 5235 sed

2219 5306 2379 5361 etiam
2407 5302 2476 5357 ab
2504 5300 2595 5356 illo
2620 5297 2817 5354 servati
2843 5304 2988 5359 sunt,
3012 5309 3170 5364 quem
3205 5292 3466 5362 perditum
3494 5277 3774 5370 sperabant.

2219 5397 2435 5452 Jussnm
2458 5390 2661 5460 regium
2681 5390 2798 5451 fuit,
2824 5402 2923 5441 nec
2938 5384 3171 5455 perdidit
3191 5398 3319 5445 eos;
3352 5381 3460 5434 imo
3487 5383 3610 5429 tunc
3631 5373 3780 5430 magls

2221 5495 2378 5540 aucta
2406 5493 2489 5537 est
2520 5478 2825 5544 multitudo,
2855 5492 2976 5530 cum
3001 5475 3111 5540 ille,
3140 5475 3229 5544 qui
3262 5475 3480 5527 noverat
3506 5476 3617 5523 eos,
3636 5465 3776 5508 mor-

2225 5588 2346 5633 tuus
2373 5584 2477 5631 est.
2500 5573 2839 5629 Servatorem
2865 5583 3021 5624 suum
3050 5566 3294 5621 volebant
3322 5556 3585 5618 occidere,
3614 5553 3770 5612 nihil“8

2224 5671 2303 5724 sic
2329 5670 2638 5738 potuerunt.
3538 5681 3545 5688 -
3635 5724 3647 5736 .
3688 5716 3716 5738 Α

2294 5730 2351 5812 2'.
2394 5752 2620 5817 Videu’,
2646 5748 2916 5821 quomodo
2946 5762 3042 5818 per
3067 5762 3187 5816 quin
3223 5730 3772 5836 diabolusprontifﬂg

2226 5865 2350 5908 nem
2383 5845 2479 5906 Dei
2505 5813 2714 5902 irritam
2740 5841 2919 5898 fame
2948 5813 3244 5895 conabatur
3264 5875 3280 5905 ,
3308 5845 3400 5902 per
3426 5824 3513 5883 illa
3535 5813 3759 5875 creverit!
