3946 6416
312 400 402 457 ιξθ
1270 389 1333 445 IN
1372 389 1553 444 ACTA
1592 381 2119 443 Al’OS’l‘OLORUN.
2160 382 2386 440 llOillL.
2432 381 2573 443 XVI.

308 518 445 570 Tunc
468 525 562 579 par
587 515 706 563 era‘.
726 506 918 563 dicere
941 507 1063 562 illos
1089 523 1104 561 :
1132 503 1356 574 Sapiens
1383 512 1468 559 est
1488 503 1659 568 Deus,
1691 514 1895 569 nosque

308 614 473 677 potest
494 605 623 657 nine
645 602 933 657 reducere.
958 597 1228 668 Sapientia
1252 611 1479 664 namque
1510 595 1601 649 Dei
1624 594 1676 649 in
1699 608 1766 649 eo
1792 606 1898 647 ma-

306 700 436 753 xima
465 703 619 759 erat,
650 691 797 763 quod
826 694 880 747 in
907 691 1145 747 adversis
1171 704 1303 760 gens
1332 689 1420 744 illa
1450 695 1740 752 cresceret,
1770 700 1888 742 scr-

308 793 463 845 vitate
481 829 497 850 ,
531 787 801 840 aerumnis
829 793 885 841 et
911 783 1146 839 caedibus
1172 789 1382 837 vexata.
1430 779 1555 835 Haec
1585 776 1894 848 magnitudo

318 880 681 956 promissionis
709 886 843 934 erat.
875 877 1005 932 Nam
1032 877 1076 931 si
1108 876 1161 930 in
1193 885 1332 931 terra
1363 888 1456 930 sua
1485 872 1764 935 crevisset,
1794 884 1899 925 non

323 980 384 1035 ita
408 975 655 1032 mirabile
702 972 910 1029 luisset.
937 969 1119 1041 Neque
1160 983 1325 1038 parvo
1366 977 1608 1036 tempore
1639 965 1692 1020 in
1726 964 1898 1018 aliena

323 1079 443 1125 terra
487 1067 709 1121 fuerant
734 1107 751 1131 ,
799 1063 892 1120 sed
918 1060 1318 1133 quadringentis
1346 1060 1520 1119 annis.
1555 1058 1690 1113 llinc
1722 1057 1884 1112 disci-

319 1179 443 1224 mus,
474 1160 609 1215 illos
630 1173 880 1228 magnam
903 1155 1290 1227 philosOphiam
1319 1169 1428 1223 prie
1452 1168 1511 1208 se
1541 1152 1765 1206 tulisse:
1791 1166 1897 1204 non

313 1256 444 1308 enim
499 1251 650 1306 sicut
691 1249 892 1304 domini
940 1247 1109 1303 servis
1138 1246 1241 1301 illis
1268 1245 1587 1307 utebantur,
1623 1240 1719 1299 sed
1765 1240 1904 1296 sicut

309 1346 509 1400 inimici
532 1354 590 1398 et
614 1340 850 1414 tyranni.
881 1339 1005 1393 Ideo
1028 1338 1273 1408 praadixit
1299 1336 1418 1391 illos
1442 1335 1493 1390 in
1519 1334 1763 1389 libertate
1790 1348 1905 1387 ma-

305 1454 405 1505 gna
451 1437 669 1489 futuros
710 1447 830 1488 esse
858 1450 871 1486 :
901 1430 953 1485 id
995 1430 1136 1485 enim
1178 1429 1277 1484 sibi
1307 1428 1420 1483 vult
1463 1424 1589 1481 illud
1615 1464 1631 1490 ,
1670 1424 1903 1479 Serviunt

304 1530 469 1594 mihi,
518 1536 567 1580 et
605 1527 705 1580 huc
742 1532 1084 1587 revertentur,
1118 1536 1216 1577 nec
1260 1521 1377 1575 sine
1404 1517 1743 1584 ultione._'Et
1781 1514 1903 1568 ani-

308 1614 929 1683 madverte,quomodo
978 1613 1220 1668 videatur
1263 1609 1463 1680 aliquid
1506 1605 1901 1663 circumcisionl

316 1712 638 1776 concedere,
668 1724 792 1763 cum
832 1706 962 1761 nihil
988 1706 1036 1760 ei
1065 1704 1300 1768 tribuat;
1327 1700 1587 1770 siquidem
1618 1696 1903 1766 promissio

322 1802 595 1874 praecessit
639 1802 784 1855 illam
809 1841 824 1866 ,
856 1814 974 1869 quae
1002 1795 1267 1866 posterior
1309 1795 1422 1847 fuit.
1459 1792 1523 1845 Et
1563 1788 1901 1861 patriarchae,

321 1895 522 1966 inquit,
547 1893 863 1947 aurulenta.
894 1889 992 1944 Hic
1017 1902 1122 1942 non
1145 1885 1291 1941 laedit
1306 1899 1423 1950 eos,
1454 1883 1547 1937 sed
1574 1879 1905 1951 gratificantur

321 1989 465 2057 ipsis.
516 1985 861 2040 Patriarehas
902 1991 1080 2036 autem
1120 1988 1277 2035 vocat
1319 1977 1722 2048 progenitores;
1770 1986 1905 2043 quo-

317 2081 458 2134 niam
486 2078 558 2132 de
589 2078 675 2131 his
704 2076 867 2130 altum
894 2074 1189 2143 sapiebant.
1212 2070 1464 2141 Alioquin
1489 2082 1623 2123 vero
1645 2065 1901 2132 ostendit,

313 2180 531 2226 sanctos
561 2186 671 2223 non
699 2166 865 2223 fuisse
884 2179 1243 2222 aerumnarum
1272 2171 1541 2231 expertes,
1570 2159 1667 2215 sed
1691 2158 1745 2212 in
1774 2158 1905 2227 ipsis

315 2262 579 2317 autumnis
591 2274 748 2327 opem
766 2266 1080 2327 asseqnutos
1092 2269 1231 2310 esse.
1257 2255 1334 2309 1111
1352 2268 1481 2308 vero
1494 2267 1598 2306 non
1618 2251 1779 2306 modo
1796 2264 1901 2304 non

316 2354 606 2409 solvebant
626 2352 791 2421 ipsas,
822 2348 918 2404 scd
946 2349 1107 2404 etiam
1123 2362 1246 2403 cum
1260 2344 1617 2414 aiﬂigentibus
1640 2357 1700 2397 se
1716 2357 1906 2411 coope-

315 2445 724 2509 rebantur,cum
737 2440 1045 2496 debuissent
1058 2438 1235 2508 potius
1247 2436 1362 2490 illas
1373 2434 1906 2502 exscindere.Quem-

319 2535 609 2590 admodum
646 2548 775 2602 ergo
805 2532 880 2586 illi
926 2530 1219 2600 Joscphum
1272 2526 1586 2590 vendentes,
1617 2525 1901 2579 clariorem

320 2628 466 2683 illum
491 2625 863 2689 reddiderunt,
888 2624 967 2678 sic
992 2638 1086 2677 rex
1117 2622 1373 2691 Moysem,
1402 2633 1522 2672 cum
1544 2617 1706 2686 jussit
1732 2616 1902 2672 occidi

322 2734 553 2790 pueros:
581 2718 681 2771 nisi
702 2716 845 2770 enim
873 2714 1138 2784 iussisset,
1171 2727 1276 2777 non
1306 2709 1735 2765 hoceventurum
1763 2716 1899 2762 erat.

391 2811 489 2865 Dei
554 2808 979 2879 proeidentia.—
1009 2805 1138 2861 Vide
1194 2802 1580 2874 providentiam
1643 2799 1758 2854 Dei.
1808 2798 1903 2853 Ille

324 2900 780 2976 lugat_Moysem;
828 2914 926 2953 nec
968 2898 1106 2952 Deus
1150 2894 1434 2966 prohibet,
1480 2892 1622 2963 quod
1665 2892 1900 2946 futurum

320 3006 434 3052 erat
463 2994 813 3063 dispensans,
836 3000 895 3045 ut
915 2991 1023 3044 illic
1048 2988 1145 3043 Dei
1190 2987 1397 3042 visione
1444 2984 1774 3054 dignaretur.
1813 2982 1904 3037 Sic

322 3100 373 3143 ct
404 3102 625 3140 sci-rum
664 3084 935 3137 venditum
969 3081 1039 3135 ibi
1072 3094 1247 3149 regem
1269 3077 1568 3141 constituit,
1599 3075 1687 3130 ubi
1712 3089 1904 3130 servus

320 3194 441 3234 esse
458 3176 762 3245 putabatur.
780 3174 927 3228 Sicut
958 3180 1133 3227 autem
1158 3170 1245 3224 hic
1274 3170 1346 3223 ibi
1378 3177 1582 3237 regnat,
1614 3166 1701 3223 ubi
1730 3166 1903 3237 ipsum

318 3269 707 3323 vendiderunt:
726 3266 800 3319 sic
818 3276 873 3320 et
892 3262 1135 3319 Christus
1157 3262 1209 3315 in
1233 3269 1405 3314 morte
1422 3268 1736 3328 potestatem
1752 3258 1905 3312 exhi-

324 3360 459 3413 buit.
492 3359 603 3412 Hoc
637 3372 741 3410 non
779 3355 996 3410 honoris
1030 3360 1230 3408 tantum
1250 3360 1383 3414 erat,
1404 3350 1652 3420 sedquod
1671 3349 1904 3405 etiamin

317 3468 411 3507 sua
434 3459 696 3520 potestate
724 3448 928 3502 ﬁderet.
948 3445 1056 3501 Sed
1079 3446 1187 3515 jam
1219 3458 1338 3514 qua:
1355 3443 1495 3499 dicta
1526 3451 1670 3508 sunt,
1689 3451 1906 3512 repeta-

319 3558 460 3598 mus.
503 3542 571 3595 Et
600 3541 855 3595 constituit
893 3554 1007 3593 eum
1042 3538 1372 3607 prtepositum
1397 3552 1549 3607 super
1573 3534 1862 3606 ﬁgyptum
1884 3575 1901 3601 ,

323 3647 367 3688 et
392 3649 549 3703 super
572 3648 770 3686 omnem
796 3631 1003 3684 domum
1023 3646 1188 3683 suurn.
1214 3628 1346 3682 Vide
1366 3637 1563 3697 quanta
1594 3643 1688 3695 per
1708 3626 1903 3680 famem

321 3736 609 3798 prmparet.
647 3723 709 3779 In
739 3724 1057 3793 septuaginta
1094 3724 1313 3793 quinque
1356 3722 1652 3785 animabus,
1703 3719 1902 3789 inquit,

320 3819 579 3873 descendit
598 3816 760 3870 Jacob
789 3817 841 3868 in
867 3813 1177 3884 digyptum,
1225 3823 1272 3865 et
1318 3812 1586 3883 defunctus
1615 3820 1689 3865 est
1717 3810 1826 3879 ipse
1859 3818 1906 3864 et

325 3925 491 3984 patres
518 3910 699 3965 nostri.
727 3908 792 3963 Et
818 3906 1051 3962 translati
1071 3914 1186 3959 sunt
1208 3905 1259 3957 in
1294 3903 1524 3969 Sicltem,
1549 3912 1595 3956 et
1621 3902 1771 3971 positi
1789 3909 1908 3957 sunt

321 4007 375 4057 iu
404 4003 637 4073 sepulcro
663 4042 677 4066 ,
702 3999 836 4070 quod
863 3998 980 4051 emit
1024 3996 1281 4052 Abraham
1316 3995 1474 4064 pretio
1495 3993 1692 4065 argenti
1728 4010 1760 4045 τι
1784 3993 1907 4060 filiis

324 4094 520 4150 Hemor
546 4092 642 4160 ﬁlii
674 4091 898 4145 Sicltem.
930 4086 1174 4142 Ostendit
1204 4087 1327 4142 illos
1356 4100 1527 4155 neque
1553 4085 1785 4153 sepulcri
1812 4086 1911 4140 d0-

322 4189 499 4243 minos
528 4186 711 4241 fuisse.
742 4182 809 4238 Ut
829 4191 1000 4237 autem
1020 4179 1441 4251 appmpiuquavit
1468 4187 1663 4246 tempus
1692 4178 1909 4247 promis-

321 4282 503 4343 siouis,
534 4294 683 4347 quam
699 4278 966 4347 juraverat
994 4273 1129 4327 Deus
1154 4272 1391 4336 Abrahae,
1418 4272 1572 4326 creuit
1595 4271 1833 4341 populus,
1864 4280 1909 4325 et

322 4373 691 4440 uultiplicatus
712 4377 782 4421 est
807 4368 861 4420 in
884 4365 956 4420 1E
961 4375 1114 4437 gypto
1132 4407 1147 4431 ,
1170 4363 1495 4435 quoadusque
1531 4364 1748 4419 surrexit
1776 4363 1909 4417 alius

324 4479 449 4524 res.
481 4460 572 4529 qui
597 4459 842 4515 nesciebat
864 4456 1079 4527 Ioseph.
1113 4455 1277 4522 Vide,
1305 4455 1577 4526 quomodo
1600 4471 1709 4511 non
1749 4455 1802 4509 in
1833 4462 1913 4509 tot

325 4556 484 4610 annis
511 4553 660 4606 auxit
688 4565 782 4606 eos
801 4591 816 4613 ,
848 4549 942 4605 sed
970 4564 1091 4603 cum
1135 4548 1256 4603 linis
1286 4547 1731 4617 apprOpinquavit
1760 4562 1774 4597 :
1809 4548 1909 4603 etsi

322 4647 433 4715 jam
466 4642 839 4714 quadringenti
866 4640 989 4697 anni
1010 4680 1026 4706 ,
1056 4640 1163 4695 imo
1189 4640 1369 4710 plures
1393 4681 1409 4706 ,
1438 4639 1827 4709 pratteriissent
1854 4639 1910 4693 in

329 4734 585 4805 ἐπρίω.
612 4733 675 4787 Et
700 4733 803 4787 hoc
822 4731 1067 4788 mirabile
1087 4741 1188 4788 est.
1220 4730 1308 4787 l9.
1334 4729 1454 4796 Hic,
1479 4731 1669 4800 inquit,
1693 4732 1911 4786 circum-

332 4829 532 4880 ssniens
560 4842 716 4895 genus
740 4834 1004 4891 nostrum,
1032 4824 1205 4895 afflixit
1235 4832 1401 4894 patres
1430 4832 1646 4887 nostros,
1674 4832 1727 4876 ut
1749 4839 1911 4893 expo-

344 4927 509 4971 nerent
535 4919 754 4987 infantes
773 4933 890 4970 suos
913 4957 929 4983 ,
958 4932 1021 4973 ne
1041 4916 1430 4984 vivi/icorcnmr.
1466 4914 1871 4971 Circumvenior“
1890 4955 1906 4982 ,

347 5008 543 5077 inquit,
586 5008 928 5064 subindicaus
977 5008 1363 5063 clandestinam
1411 5007 1613 5063 eaedem
1648 5024 1661 5059 :
1696 5008 1913 5063 nolebat

343 5100 489 5153 esum
513 5110 676 5167 aperte
698 5100 821 5154 illos
835 5098 1109 5163 occidere;
1145 5099 1264 5155 ideo
1289 5098 1438 5153 addit
1465 5116 1479 5153 :
1507 5097 1575 5152 Ut
1603 5108 1913 5167 seponerent

334 5189 558 5259 irth
585 5207 718 5246 suos.
743 5190 832 5245 20.
866 5188 931 5243 In
960 5206 1057 5259 qua
1077 5199 1301 5259 tempore
1338 5199 1486 5243 natus
1506 5198 1580 5242 ost
1610 5187 1837 5258 Moyses,
1867 5196 1914 5241 et

288 5341 302 5352 ,
330 5284 431 5356 fuit
454 5295 628 5354 gratus
654 5283 784 5339 Deo.
819 5284 930 5339 lloc
958 5282 1199 5338 mirabile
1224 5294 1345 5347 est,
1373 5282 1515 5352 quod
1544 5283 1589 5339 is
1608 5322 1624 5346 ,
1655 5282 1743 5352 qui
1774 5297 1913 5352 prte-

327 5376 501 5432 letttos
538 5375 742 5431 futurus
766 5386 886 5431 erat
907 5416 922 5440 ,
973 5391 1081 5430 non
1106 5387 1233 5431 ante
1262 5376 1347 5430 vel
1372 5382 1493 5444 post
1515 5416 1532 5442 ,
1564 5374 1660 5430 sed
1692 5374 1745 5429 in
1794 5388 1913 5429 tne-

325 5471 416 5526 dio
448 5467 631 5525 luntre
657 5479 928 5526 nascatur.
964 5467 1029 5523 Et
1054 5469 1274 5521 nutritus
1301 5476 1374 5522 est
1398 5468 1560 5521 tribus
1581 5467 1833 5533 mensibus
1858 5468 1913 5521 in

328 5564 479 5617 domo
515 5567 686 5631 patris.
722 5560 949 5630 Quando
978 5560 1134 5630 igitur
1155 5560 1387 5614 humana
1415 5559 1614 5612 nullam
1646 5573 1796 5628 spem
1826 5558 1917 5613 of-

329 5656 599 5720 lcrebant,
642 5665 697 5712 et
734 5656 885 5710 illum
929 5652 1262 5720 abjecerant,
1309 5660 1434 5704 tunc
1477 5650 1567 5703 Dei
1612 5650 1912 5704 oeconomia

329 5745 490 5801 fulsit.
516 5745 605 5803 Il.
636 5747 948 5820 Expositum
985 5752 1152 5797 autem
1193 5741 1335 5796 illum
1367 5740 1570 5796 sustulit
1608 5740 1720 5809 ﬁlia
1763 5740 1911 5796 Plia-

332 5849 517 5912 munis,
558 5855 607 5900 et
631 5842 846 5901 nutriuit
880 5853 996 5893 eum
1040 5835 1134 5890 sibi
1178 5835 1229 5891 in
1259 5834 1439 5905 ﬁlium.
1467 5832 1737 5905 Nusquam
1771 5844 1907 5893 tem-

3495 387 3599 443 l'50

2010 496 2176 567 plum,
2204 512 2466 569 nusquam
2487 496 2830 564 sacriﬁcium,
2854 497 2980 555 licet
2996 506 3076 556 tot
3103 507 3355 570 tantaque
3380 501 3590 570 dispen-

2007 600 2213 645 sentur.
2244 590 2312 645 Et
2340 590 2597 647 educatus
2625 601 2709 647 est
2733 592 2785 647 in
2810 593 3032 659 barbara
3061 594 3241 649 domo.
3270 595 3362 650 22.
3390 597 3455 649 Et
3476 614 3592 649 eru-

2008 681 2143 736 ditus
2165 693 2241 738 est
2268 682 2472 754 Moyses
2491 685 2544 738 in
2570 684 2709 739 omni
2733 684 2981 753 sapientia
3009 685 3399 756 Egyptiorum,
3428 697 3474 740 ct
3491 694 3595 741 eral

2010 783 2184 842 potens
2210 775 2261 828 in
2289 775 2450 831 verbis
2478 786 2525 830 et
2551 776 2605 830 in
2632 776 2886 844 operibus.
2918 777 3095 832 Mirari
3125 780 3297 843 subit,
3328 782 3593 849 quomodo
3648 758 3677 818 τέ

2007 866 2356 936 quadraginta
2385 870 2540 923 annis
2569 868 2677 924 illic
2703 868 2883 933 fuerit,
2917 884 3015 924 nec
3045 869 3411 940 deprehensus
3437 873 3507 926 sit
3528 888 3593 927 ex

2008 957 2445 1022 circumcisione;
2488 958 2598 1012 imo
2640 959 2816 1028 potius
2843 958 3115 1029 quomodo
3152 976 3341 1015 secure
3378 973 3599 1031 agentes

2010 1061 2103 1100 sna
2133 1047 2434 1117 despiciunt
2460 1058 2515 1105 et
2546 1048 2631 1105 hic
2653 1058 2709 1105 ct
2730 1049 2955 1119 Joseph,
2986 1061 3043 1106 ut
3066 1052 3202 1107 alios
3230 1062 3446 1107 servent
3468 1072 3480 1107 :
3504 1053 3597 1110 25.

2011 1134 2079 1191 Ut
2096 1149 2263 1191 autent
2288 1140 2549 1209 impletum
2566 1150 2640 1196 est
2658 1142 2736 1196 illi
2755 1142 3095 1213 quadraginta
3113 1160 3362 1199 annorum
3376 1152 3597 1214 tempus,

2007 1231 2231 1285 ascendit
2253 1231 2304 1286 in
2325 1248 2413 1286 cor
2437 1234 2567 1301 eius,
2594 1243 2648 1287 ut
2669 1234 2892 1290 uisitaret
2910 1239 3095 1306 fratres
3114 1253 3232 1291 suos
3257 1238 3391 1305 filios
3410 1237 3596 1293 Israel.

2007 1321 2097 1376 24.
2130 1321 2197 1376 Et
2221 1341 2334 1379 cum
2362 1326 2567 1381 uidisset
2591 1328 2861 1393 quemdam
2886 1328 3130 1397 injuriam
3156 1332 3427 1400 patientem
3452 1371 3467 1394 ,
3491 1333 3602 1386 trin-

2008 1413 2193 1469 dicattit
2222 1416 2388 1481 illum,
2420 1426 2465 1470 et
2491 1419 2609 1487 fecit
2629 1419 2869 1472 ultionem
2896 1420 2959 1485 ei,
2992 1420 3081 1491 qui
3103 1422 3345 1491 injuriam
3378 1426 3596 1478 sustine-

2008 1503 2118 1568 bat,
2153 1522 2387 1575 percusso
2411 1506 2682 1579 ﬁgi/ptio.
2710 1508 2802 1563 25.
2847 1510 3183 1565 Existimabat
3209 1522 3378 1566 autem
3409 1515 3597 1569 intelli-

2007 1610 2125 1663 gere
2152 1595 2336 1663 fratres
2356 1613 2490 1661 suos,
2516 1598 2757 1667 quoniam
2781 1598 2919 1653 Deus
2944 1616 3032 1667 per
3052 1617 3258 1653 manum
3278 1603 3436 1669 ipsius
3457 1604 3600 1658 daret

2009 1686 2220 1738 salutem
2249 1686 2353 1739 illis
2382 1703 2401 1739 :
2429 1696 2481 1739 at
2505 1687 2589 1740 illi
2608 1704 2709 1741 non
2738 1689 3116 1746 intellexerunt.
3144 1690 3301 1759 Vide,
3329 1695 3600 1761 quomodo

2009 1777 2246 1831 nondum
2280 1778 2537 1833 molestus
2562 1779 2825 1843 videatur,
2858 1780 2953 1834 sed
2980 1795 3102 1835 cum
3131 1792 3273 1837 tanta
3311 1786 3599 1841 concione-

2010 1876 2116 1933 tur,
2152 1868 2300 1922 illum
2328 1868 2514 1924 audire
2536 1871 2867 1938 sustineant;
2901 1873 2970 1926 ita
2988 1872 3111 1928 illos
3133 1875 3309 1928 vultus
3330 1877 3409 1930 sui
3430 1879 3599 1946 gratia

2008 1969 2244 2030 ceperat.
2280 1960 2641 2027 Existimabat,
2674 1965 2877 2034 inquit,
2906 1965 3187 2035 intelligere
3208 1968 3411 2037 fratres.
3438 1972 3599 2041 Atqui

2007 2054 2260 2123 operibus
2287 2056 2639 2124 patrocinium
2662 2057 3156 2124 demonstrabatur,
3185 2076 3358 2129 neque
3379 2073 3495 2117 erat
3516 2080 3602 2117 ra-

2011 2144 2229 2198 tiocinio
2248 2158 2385 2214 Opus
2408 2163 2422 2200 :
2450 2161 2626 2217 neque
2652 2157 2829 2203 tamen
2851 2149 2933 2206 sic
2958 2150 3356 2207 intellexerunt.
3387 2153 3597 2222 Viden’,

2007 2238 2279 2308 quomodo
2306 2255 2430 2297 eum
2461 2242 2872 2298 mansuetudine
2900 2245 3269 2309 concionetur,
3307 2259 3355 2301 et
3397 2262 3518 2303 enm
3549 2250 3600 2303 in

2007 2332 2102 2389 illa
2132 2332 2267 2387 iram
2305 2342 2679 2400 monstrasset,
2711 2336 2762 2389 in
2789 2334 2894 2391 hoc
2923 2337 3388 2394 malisnetndinem
3415 2351 3601 2395 osten-

2005 2423 2136 2480 dat?
2163 2424 2252 2480 26.
2280 2424 2525 2493 Sequenti
2543 2441 2659 2481 vero
2683 2426 2766 2480 die
2784 2428 3025 2497 apparuit
3052 2428 3157 2483 illis
3181 2429 3492 2500 litigantibus
3516 2448 3535 2485 :
3556 2443 3602 2485 et

2006 2516 2397 2575 reconcialiabat
2419 2518 2535 2571 illos
2556 2518 2607 2570 in
2636 2534 2758 2587 pace
2778 2559 2795 2583 ,
2827 2518 2998 2573 dicens
3026 2534 3045 2573 :
3083 2517 3212 2585 Viri,
3244 2525 3427 2590 fratres
3452 2523 3598 2588 estis,

2006 2618 2064 2663 ut
2090 2609 2215 2676 quid
2233 2610 2423 2665 nucetis
2448 2610 2787 2665 alterutrum?
2814 2610 2904 2665 27.
2935 2611 3037 2676 Qui
3058 2620 3236 2665 autem
3255 2614 3496 2683 injuriam
3522 2620 3603 2686 fa-

2006 2700 2169 2755 ciebat
2206 2701 2466 2768 proximo.
2507 2701 2695 2769 repulit
2725 2717 2839 2753 eum
2872 2701 3079 2755 dicens:
3111 2703 3236 2766 Quis
3265 2712 3311 2755 te
3346 2706 3602 2759 constituit

2008 2788 2288 2859 principem
2317 2798 2362 2842 et
2383 2788 2610 2859 judicent
2641 2806 2795 2859 super
2820 2792 2954 2844 nos?
2990 2791 3079 2845 28.
3112 2790 3376 2862 Numquid
3404 2795 3598 2863 interﬁ-

2006 2897 2117 2935 cere
2137 2897 2215 2935 me
2238 2891 2293 2935 tu
2312 2882 2408 2946 uis,
2429 2880 2556 2935 sicut
2583 2881 2691 2935 lteri
2717 2882 3009 2951 interfecisti
3033 2880 3335 2953 (Egyptian:
3350 2886 3375 2937 .9
3399 2884 3601 2941 Eodem

2007 2973 2188 3029 animo
2220 2983 2406 3029 contra
2435 2973 2706 3029 Christum
2744 2973 2993 3029 videntur
3023 2974 3205 3030 dicere
3235 2992 3248 3028 :
3287 2972 3407 3029 Non
3444 2977 3600 3031 habe-

2007 3083 2120 3121 mus
2158 3082 2326 3137 regem
2348 3107 2365 3134 ,
2402 3066 2499 3120 nisi
2526 3065 2774 3120 Ctesarem
2801 3064 2981 3136 (Joan.
3009 3066 3096 3121 19.
3132 3066 3241 3138 15).
3274 3065 3363 3123 Sic
3391 3083 3604 3138 semper

2006 3159 2187 3218 facere
2209 3162 2454 3216 solebant
2478 3159 2648 3216 Judaei
2671 3201 2686 3223 ,
2716 3175 2838 3215 cum
2868 3159 3126 3215 beneﬁcia
3154 3161 3479 3229 acciperent.
3514 3161 3603 3217 Vi-

2007 3252 2186 3307 distin’
2209 3252 2570 3319 insipientiam
2592 3250 2793 3315 ‘tEum,
2812 3251 2901 3321 qui
2931 3266 2990 3306 se
3015 3260 3325 3306 servaturos
3346 3261 3483 3314 erat,
3512 3266 3603 3307 ac~

2008 3354 2199 3399 cusant
2234 3358 2355 3397 cum
2390 3342 2604 3407 dicunt,
2641 3341 2788 3396 Sicut
2811 3342 2919 3394 lteri
2950 3343 3242 3412 interfecisti
3271 3341 3601 3412 AEgyptium.

2007 3438 2099 3499 29.
2134 3437 2290 3510 Fugit
2310 3448 2478 3493 autem
2502 3436 2705 3508 Moyses
2733 3438 2785 3491 in
2814 3437 2960 3491 verba
2991 3439 3087 3491 isto
3108 3454 3128 3492 :
3159 3449 3203 3491 rt
3224 3443 3390 3509 factas
3413 3451 3484 3492 est
3512 3440 3608 3494 ad-

2008 3532 2209 3587 certain
2240 3541 2375 3585 terra
2407 3529 2641 3595 Madian,
2672 3529 2758 3583 ubi
2790 3532 3046 3600 generavit
3071 3532 3206 3598 ﬁlios
3230 3532 3377 3586 duos.
3408 3531 3603 3602 Fugit,

2011 3639 2183 3694 neque
2211 3624 2331 3692 fuga
2354 3622 2713 3677 meonomiam
2740 3622 3015 3686 exstinxit,
3045 3632 3102 3676 ut
3130 3639 3303 3691 neque
3324 3640 3493 3678 mors.
3511 3626 3602 3680 50.

2010 3714 2078 3769 Et
2104 3715 2319 3783 expletis
2349 3718 2496 3769 annis
2534 3714 2905 3785 quadraginta,
2933 3718 3173 3785 apparuit
3211 3715 3288 3769 illi
3327 3719 3376 3770 in
3409 3718 3606 3773 deserto

2011 3809 2196 3863 montis
2224 3806 2355 3863 Sina
2376 3808 2587 3876 angelus
2612 3806 2824 3862 Domini
2848 3808 2900 3862 in
2930 3808 3047 3879 igne
3066 3810 3291 3879 flamma:
3315 3811 3446 3865 rubi.

2082 3902 2136 3957 ὅ.
2171 3900 2377 3967 Viden’,
2405 3901 2677 3971 quomodo
2715 3902 3019 3957 teconomia
3046 3916 3150 3956 non
3194 3912 3433 3971 tempore
3457 3905 3605 3958 scin-

2012 3995 2195 4051 ditur?
2222 3994 2356 4050 Cum
2398 3995 2653 4064 profugus
2695 4006 2871 4063 esset,
2920 4011 3043 4051 cum
3088 3997 3436 4065 peregrinus,
3482 4012 3607 4052 cum

2013 4087 2181 4143 multo
2208 4096 2447 4156 tempore
2465 4086 2516 4140 in
2541 4086 2715 4140 aliena
2741 4095 2881 4141 terra
2904 4086 3210 4150 mansisset,
3233 4097 3287 4140 et
3312 4088 3447 4140 lilios
3472 4087 3610 4141 duos

2012 4181 2369 4250 suscepisset,
2398 4196 2520 4236 cum
2547 4196 2652 4236 non
2680 4181 2818 4234 ultra
2840 4179 3067 4233 reditum
3090 4187 3450 4247 exspectaret,
3477 4188 3606 4233 tunc

2014 4272 2239 4341 angelus
2270 4272 2369 4340 ipsi
2400 4281 2641 4340 apparet.
2688 4269 2883 4325 Filium
2926 4270 3020 4324 Dei
3047 4278 3203 4324 vocat
3231 4270 3475 4339 angelum
3496 4311 3512 4336 ,
3550 4279 3609 4325 ut

2014 4375 2070 4420 ct
2095 4365 2392 4420 hominem.
2426 4365 2493 4418 Et
2517 4363 2607 4417 ubi
2632 4362 2893 4433 apparet?
2920 4363 2977 4417 ln
2999 4362 3238 4426 deserto,
3267 4379 3371 4417 non
3396 4364 3445 4416 in
3475 4371 3610 4417 tem-

2018 4457 2127 4526 plo.
2168 4455 2378 4519 Viden’,
2407 4464 2537 4522 quot
2567 4454 2695 4508 [iant
2736 4454 3027 4520 miracula,
3071 4462 3127 4509 et
3166 4468 3426 4522 nusquam
3469 4465 3609 4507 tem-

2015 4551 2193 4620 plum,
2229 4563 2493 4617 nusquam
2532 4546 2828 4602 sacrilicia?
2860 4546 3043 4615 Neque
3084 4546 3173 4600 hic
3210 4547 3527 4615 simpliciter
3558 4549 3608 4600 in

2014 4640 2251 4705 deserto,
2283 4638 2379 4694 sed
2408 4638 2462 4693 in
2494 4638 2648 4692 rubo.
2683 4638 2773 4692 51.
2805 4637 3010 4707 Moyses
3033 4648 3203 4692 autem
3222 4637 3414 4701 videns,
3439 4638 3611 4692 admi-

2016 4743 2157 4787 ratus
2182 4741 2255 4785 est
2286 4732 2479 4793 visum;
2507 4739 2554 4783 et
2579 4729 2844 4783 accedente
2874 4730 2963 4783 illo
2991 4739 3045 4784 ut
3077 4730 3440 4793 consideraret,
3475 4733 3616 4802 facta

2016 4837 2089 4880 est
2113 4841 2210 4879 vos:
2234 4823 2468 4877 Domini.
2516 4822 2657 4878 Ecce
2704 4836 2833 4877 voce
2862 4837 3075 4891 quoque
3105 4821 3355 4890 dignatus
3389 4832 3491 4875 est.
3521 4821 3611 4876 52.

2017 4919 2130 4992 Ego
2159 4938 2269 4974 sum
2296 4918 2436 4973 Deus
2465 4928 2669 4990 patrum
2700 4926 2931 4983 tuorum,
2977 4915 3119 4969 Deus
3156 4916 3447 4983 Abraham,
3482 4914 3617 4970 Deus

2018 5011 2192 5075 Isaac,
2224 5021 2273 5065 et
2298 5009 2433 5066 Deus
2461 5008 2645 5062 Iacob.
2670 5007 2787 5062 Non
2808 5006 2967 5063 modo
2996 5006 3084 5061 hic
3107 5006 3346 5061 ostendit
3368 5008 3619 5075 angelum

2016 5104 2106 5173 qui
2156 5102 2404 5171 apparuit
2429 5101 2516 5167 ei,
2556 5115 2678 5155 esse
2722 5100 2899 5169 magni
2945 5099 3155 5154 consilii
3185 5099 3470 5166 angelum;
3519 5098 3615 5153 sed

2018 5194 2181 5247 etiam
2210 5193 2480 5257 ostendit,
2524 5202 2779 5261 quantam
2809 5189 3193 5260 benignitatem
3228 5190 3369 5245 Dens
3412 5204 3507 5257 per
3536 5188 3619 5241 ri-

2019 5300 2135 5340 sum
2160 5284 2430 5339 eshibeat.
2462 5282 2809 5355 Trentefactus
2841 5290 3009 5335 autem
3038 5281 3243 5350 Moyses
3272 5297 3372 5333 non
3399 5280 3617 5333 audebat

2018 5377 2357 5433 considerare.
2389 5377 2479 5431 55.
2516 5375 2661 5429 Dixit
2690 5384 2861 5427 autem
2890 5373 2969 5427 illi
3003 5372 3257 5426 Dominus
3280 5386 3299 5425 .'
3327 5368 3479 5425 Solve
3505 5371 3617 5423 cal-

2019 5480 2330 5526 ceamentum
2379 5468 2564 5538 pedum
2603 5477 2843 5531 tuorum;
2887 5465 3028 5519 locus
3074 5465 3207 5520 enim
3247 5466 3299 5516 in
3337 5478 3436 5531 quo
3482 5472 3617 5519 stas.

2018 5573 2154 5617 terra
2179 5571 2357 5615 sancta
2395 5570 2489 5615 est.
2516 5558 2787 5628 Nusquam
2816 5556 3070 5625 templum
3093 5596 3109 5621 ,
3141 5563 3196 5608 et
3226 5554 3375 5607 locus
3400 5562 3620 5607 sanctus

2018 5663 2103 5708 est
2126 5630 2239 5723 .per
2277 5649 2667 5720 apparitionem
2718 5656 2775 5702 et
2820 5645 3190 5716 operationem
3236 5642 3475 5697 Christi-
3510 5642 3623 5698 lloc

2020 5745 2190 5799 multo
2218 5742 2628 5801 mirabiliusest,
2650 5752 2810 5808 quam
2830 5738 2977 5791 locus
3002 5733 3089 5788 ille
3115 5734 3167 5788 in
3191 5733 3392 5789 sanctis
3409 5742 3624 5788 sancto-

2024 5852 2181 5894 rum:
2215 5835 2322 5892 illic
2351 5834 2494 5891 enim
2526 5845 2815 5923 postquam
2842 5829 2921 5889 sic
2958 5828 3206 5900 apparuit
3244 5828 3420 5899 Deus,
3460 5843 3619 5885 nuut-
