3946 6424
483 402 586 461 131

480 530 643 589 quam
672 527 748 569 ste
775 510 1114 568 tremefactus
1136 520 1218 566 est
1242 513 1469 582 Moyses.
1496 508 1744 564 Vidistin‘
1768 508 2073 562 miscricor-

484 608 668 663 diam?
701 605 830 659 Vide
872 602 1083 657 tandem
1119 602 1555 656 sollicitudinem.
1587 602 1675 655 54.
1716 598 1900 653 Videas
1933 600 2072 663 ridi,

484 701 685 769 inquit,
716 698 1040 768 aﬂlictionem-
1060 696 1235 764 populi
1265 695 1395 759 mei,
1426 695 1515 762 qui
1538 702 1609 745 est
1647 694 1697 744 in
1730 690 1963 760 JEgypto
1982 731 1998 755 ,
2030 701 2085 743 et

483 794 719 863 gemitum
746 805 927 842 eorum
944 788 1134 845 (uidisti,
1166 798 1211 838 et
1231 786 1466 838 descendi
1490 784 1702 837 liberare
1726 798 1826 835 cos.
1856 779 1920 833 Et
1942 797 2079 834 nunc

481 883 613 945 ueni,
642 892 686 935 et
712 881 908 934 mittam
937 888 993 933 τε·
1014 880 1066 931 in
1089 876 1397 948 ﬁgypttmt.
1426 876 1577 940 Vide,
1607 874 1877 945 quomodo
1897 885 2079 928 osten-

482 972 572 1026 dat
603 987 669 1027 se
703 988 799 1040 per
828 971 1086 1025 beneficia
1108 1010 1123 1031 ,
1156 984 1253 1039 per
1297 967 1556 1036 supplicia
1601 975 1658 1021 et
1696 981 1793 1036 per
1823 964 2101 1018 miracula

482 1065 681 1119 dueere
710 1064 849 1122 illos.
878 1062 949 1115 illi
981 1077 1109 1115 vero
1132 1076 1348 1130 semper
1373 1057 1532 1114 iidem
1560 1068 1735 1113 erant.
1766 1058 1899 1112 I-Iinc
1918 1056 2077 1111 disci-

485 1169 639 1218 ntus,
671 1156 835 1209 Deam
869 1155 1064 1223 ubique
1091 1163 1411 1222 praesentem
1440 1166 1581 1207 esse.
1612 1150 1736 1205 Ilaec
1773 1159 1827 1205 et
1858 1164 1954 1203 nos
1981 1163 2079 1202 au-

485 1246 717 1311 dientes,
745 1245 798 1299 in
826 1244 1205 1298 afﬂictionibus
1230 1243 1295 1297 ad
1329 1258 1451 1297 eum
1478 1241 1872 1311 confugiamus.
1900 1239 1967 1293 Et
1995 1256 2081 1310 ge-

485 1339 664 1389 mitum
685 1378 699 1401 ,
735 1337 895 1406 inquit
920 1376 943 1402 ,.
976 1352 1149 1389 eorum
1194 1336 1386 1387 audiui.
1424 1334 1540 1388 Non
1568 1334 1885 1403 simpliciter
1911 1332 2076 1396 dixit,

484 1429 839 1495 Audiri;sed,
859 1431 1081 1495 l'ropter
1104 1427 1457 1480 calamitates.
1484 1424 1638 1491 Quod
1670 1425 1713 1477 si
1742 1424 1863 1493 quis
1890 1422 2034 1476 dicat
2062 1437 2077 1475 :

489 1519 551 1572 l-‘.t
580 1535 676 1573 cur
698 1520 816 1571 illos
842 1526 922 1572 ste
945 1519 1113 1587 afﬂigi
1130 1515 1410 1586 permisit?
1439 1516 1638 1577 audiat,
1664 1515 1981 1583 otnni'jnsto
2002 1513 2103 1567 af-v

486 1612 751 1664 fictiones
780 1624 996 1662 causam
1028 1623 1151 1662 esse
1177 1608 1521 1676 prarmiorum
1551 1623 1564 1659 :
1595 1606 1680 1660 vel
1708 1607 1828 1661 ideo
1856 1607 1975 1660 illos
2003 1605 2081 1658 af-

489 1703 593 1770 ﬂigi
638 1702 915 1769 permisit,
966 1708 1023 1753 ut
1052 1700 1301 1752 virtutem
1346 1715 1495 1751 suam
1541 1697 1664 1751 hinc
1709 1698 2089 1767 sp‘cndentem'

487 1792 803 1855 exhiberet,
850 1791 1077 1860 illosque
1111 1805 1205 1856 per
1236 1804 1501 1843 a-runmas
1543 1788 1879 1853 institueret,
1926 1800 1982 1841 nt
2028 1789 2083 1841 in

485 1883 738 1936 omnibus
770 1881 1295 1950 philosopharentur.
1330 1879 1463 1934 Vide
1505 1880 1634 1949 ergo
1663 1896 1783 1933 cum
1816 1890 2007 1934 essent
2029 1881 2097 1933 itr

486 1975 734 2034 deserto,
779 1988 885 2025 non
928 1971 1087 2024 modo
1118 1971 1465 2040 impinguati,
1514 1970 1830 2034 incraSsati,
1875 1969 2079 2023 dilatati

487 2073 646 2127 sunt,
679 2062 772 2116 sed
818 2063 979 2117 etiam
1012 2062 1413 2131 deri-liquerunt
1462 2062 1640 2115 Ilettm.
1692 2060 1899 2129 Ubique
1941 2060 2087 2114 enim

487 2154 650 2207 animi
679 2154 924 2209 remissio
947 2154 1142 2208 malum
1171 2164 1276 2220 est,
1302 2153 1517 2207 dilecte.
1546 2152 1668 2205 Ideo
1694 2152 1761 2206 ab
1784 2154 1933 2206 ittitio
1948 2152 2085 2206 dixit

490 2248 743 2300 Adamn:
795 2245 857 2298 In
902 2246 1089 2299 sudore
1133 2246 1298 2297 uultus
1338 2246 1410 2295 tui
1448 2244 1675 2296 catttetles
1715 2260 1894 2312 panem
1943 2255 2089 2296 tuitus

491 2336 643 2408 (Gen.
675 2338 727 2390 3.
752 2337 863 2407 l9).
892 2336 969 2391 Ne
996 2337 1154 2406 igitur
1173 2351 1239 2389 es
1263 2335 1555 2389 afﬂiCtione
1577 2334 1737 2387 multa
1763 2336 1813 2387 in
1838 2350 2083 2404 magnam

491 2430 930 2499 tranquillitatem
962 2429 1268 2494 venientes,
1300 2428 1673 2482 contumeliosi
1713 2437 1930 2493 essent,
1964 2428 2091 2483 illos

488 2525 649 2591 afﬂigi
685 2522 943 2592 permittit
973 2539 986 2576 :
1032 2537 1281 2591 magnum
1316 2522 1458 2575 enim
1490 2521 1684 2573 bonum
1724 2530 1807 2574 est
1842 2521 2091 2575 afﬂictio.

565 2617 859 2687 Aﬁiictionis
888 2613 1307 2670 bonrum—Audi
1355 2614 1604 2667 Davidem
1630 2614 1895 2667 dicentem
1930 2631 1943 2665 ι
1977 2614 2085 2666 Bo-

492 2725 612 2761 num
642 2708 766 2759 mihi
807 2708 925 2776 quia
965 2704 1241 2757 humiliastt'
1273 2720 1351 2757 me
1392 2702 1576 2776 (Psal.
1611 2705 1731 2759 118.
1766 2706 1826 2759 7I
1848 2703 1889 2771 ).
1930 2704 2083 2770 Quod

492 2801 535 2854 si
569 2798 773 2869 tnagnis
801 2807 856 2852 ct
883 2797 1209 2852 admirandis
1234 2797 1363 2851 viris
1391 2812 1578 2865 magna
1607 2811 1697 2851 res
1724 2807 1806 2851 est
1829 2795 2083 2864 afflictio,

494 2893 661 2947 multo
690 2891 860 2959 magis
885 2890 1057 2942 nobis.
1089 2888 1145 2943 Si
1177 2889 1372 2952 vultis,
1422 2888 1592 2957 ipsam
1637 2886 1979 2942 afﬂictionem
2030 2889 2086 2944 in

498 2983 672 3054 seipsa
700 2981 1092 3035 examinenms.
1127 2979 1209 3032 Sit
1233 2978 1355 3047 quis
1385 2979 1625 3048 gaudens
1646 3019 1661 3041 ,
1693 2979 1846 3033 laetus
1871 2988 1925 3033 et
1952 2979 2087 3033 efl‘u-

495 3090 589 3130 sus
612 3091 627 3139 ;
659 3074 784 3143 quid
813 3073 1023 3141 turpius
1047 3111 1063 3137 ,
1090 3072 1215 3141 quid
1247 3070 1581 3140 insipientins
1608 3073 1733 3126 illo?
1754 3072 1831 3128 Sit
1851 3073 1971 3144 quis
1992 3073 2091 3128 do-

492 3168 610 3221 lens
667 3173 721 3218 et
768 3178 1038 3227 intercus;
1087 3161 1214 3233 quid
1256 3161 1355 3227 illo
1397 3164 1564 3232 magis
1614 3164 2090 3233 philosophicum?

494 3258 698 3313 Idcirco
725 3254 957 3326 Sapiens
984 3252 1239 3308 admonet
1262 3294 1278 3318 ,
1309 3253 1495 3307 dicens
1528 3270 1542 3306 :
1578 3252 1766 3308 Melius
1790 3264 1861 3309 est
1882 3257 2085 3328 ingredi

493 3349 545 3402 in
573 3350 773 3401 domum
802 3347 967 3400 luctus
986 3385 1000 3408 ,
1030 3361 1181 3415 quam
1210 3346 1262 3398 in
1288 3345 1495 3399 domum
1520 3346 1652 3400 risus
1681 3346 1700 3418 (
1722 3346 1883 3402 Eccli.
1913 3350 1966 3402 7.
1994 3349 2087 3421 5).

495 3439 657 3495 Forte
700 3438 840 3492 dicta
889 3436 1142 3491 irridetis.
1191 3436 1295 3492 Sed
1345 3436 1657 3503 videamus,
1706 3438 1881 3508 qualis
1928 3439 2090 3496 fuerit

494 3532 665 3586 Adam
717 3530 768 3583 in
816 3530 1100 3599 paradiso,
1148 3537 1202 3582 et
1244 3527 1418 3599 qualis
1464 3538 1647 3597 postea
1680 3544 1695 3582 :
1726 3532 1898 3599 qualis
1928 3531 2090 3588 fuerit

495 3623 624 3677 Cain
664 3630 823 3686 ante,
856 3620 1033 3690 qualis
1065 3628 1273 3689 postea.
1314 3619 1431 3674 Non
1459 3630 1564 3675 stat
1594 3623 1645 3675 in
1671 3637 1767 3678 sua
1798 3625 1925 3680 sede
1967 3626 2089 3679 ani-

495 3728 615 3767 tum
637 3754 654 3779 ,
696 3712 791 3766 sed
835 3712 987 3782 quasi
1016 3727 1044 3764 a
1076 3711 1309 3781 quodam
1336 3725 1495 3766 vento
1524 3712 1731 3767 tollitur
1753 3729 1783 3767 a
1816 3716 2091 3785 voluptate

495 3818 551 3861 et
576 3806 708 3859 levis
751 3803 1011 3869 efﬁcitur,
1052 3804 1184 3858 nihil
1232 3803 1437 3857 habens
1480 3803 1713 3859 ﬁrmum.
1762 3806 1973 3861 Etenim
2020 3808 2088 3863 ad

498 3897 881 3969 promissiones
904 3905 987 3949 est
1010 3895 1197 3961 facilis,
1226 3904 1280 3949 et
1311 3895 1379 3949 ad
1402 3895 1758 3965 pollicendum
1786 3910 2086 3969 promptus,

502 4002 557 4044 et
589 4004 776 4058 magna
800 3998 884 4043 est
910 3988 1313 4042 ratiociniorutn
1344 3987 1635 4042 fluctuatio.
1668 3989 1803 4046 llinc
1829 3992 1967 4047 risus
2007 3995 2088 4048 in-

503 4081 855 4148 tempestivus
884 4119 900 4143 ,
956 4078 1139 4133 lanitia
1187 4078 1395 4133 ratione
1450 4078 1744 4146 destituta,
1800 4082 2086 4138 verborum

500 4188 691 4242 magna
719 4181 773 4226 ct
802 4171 1067 4241 superﬂua
1089 4172 1384 4240 nugacitas.
1410 4170 1611 4239 Ecquid
1636 4171 1703 4225 de
1724 4172 1842 4227 aliis
1863 4172 2087 4244 loquor?

498 4268 575 4322 De
617 4277 923 4321 sanctorum
970 4264 1153 4334 aliquo
1197 4278 1447 4334 agamus,
1496 4264 1877 4334 videamusque
1914 4267 2090 4335 qualis

497 4362 567 4414 sit
595 4362 645 4415 in
675 4360 948 4429 voluptate
972 4398 987 4421 ,
1015 4366 1070 4412 et
1097 4356 1269 4426 qualis
1310 4358 1361 4410 in
1394 4371 1652 4412 maerore.
1704 4358 1877 4413 Vultis
1926 4358 2085 4413 Davi-

497 4451 620 4504 dem
647 4448 1087 4506 consideremus?
1117 4447 1250 4501 Cum
1297 4462 1427 4517 ergo
1474 4449 1565 4502 ille
1610 4449 1663 4502 in
1714 4449 1989 4518 voluptate
2032 4460 2088 4504 et

498 4542 681 4597 lmtitia
711 4549 1020 4594 versaretur
1047 4552 1077 4591 a
1110 4538 1291 4593 multis
1322 4539 1540 4607 tropteis
1560 4579 1575 4604 ,
1605 4554 1634 4591 a
1663 4538 1906 4603 victoria,
1937 4554 1966 4591 a
1989 4555 2085 4593 co-

500 4633 669 4698 ronis,
692 4647 721 4685 a
750 4630 987 4695 deliciis,
1019 4644 1047 4681 a
1080 4628 1274 4684 fiducia
1301 4670 1315 4692 ,
1346 4629 1467 4683 vide
1491 4645 1610 4698 qua:
1636 4629 1835 4683 dixerit
1864 4639 1918 4684 et
1944 4629 2088 4685 fece-

498 4729 567 4784 rit
595 4743 610 4781 :
641 4726 750 4797 Ego
774 4734 943 4777 autem
963 4723 1070 4777 disi
1094 4724 1145 4775 in
1172 4722 1486 4775 abundantia
1518 4738 1648 4786 utea,
1692 4718 1813 4775 Non
1856 4721 2089 4776 movebar

498 4822 549 4872 in
581 4830 823 4874 teter-nunt
852 4814 1034 4887 (Psal.
1062 4813 1155 4869 9.9.
1187 4815 1217 4868 7
1245 4814 1285 4884 ).
1317 4812 1451 4866 Cum
1484 4824 1663 4867 autem
1696 4814 1747 4866 in
1794 4812 2087 4869 afflictione

500 4910 626 4973 fuit,
657 4908 778 4964 audi
803 4907 929 4976 quid
956 4907 1100 4960 dicat
1128 4922 1142 4960 :
1176 4904 1240 4959 Et
1265 4905 1309 4958 si
1335 4905 1520 4959 dixerit
1546 4905 1691 4966 mihi,
1720 4904 1880 4959 Nolui
1896 4915 1961 4971 te,
1975 4920 2087 4960 ecce

494 5016 627 5072 ego;
656 4999 809 5070 faciat
838 4998 962 5050 mihi
989 4996 1123 5064 quod
1151 4996 1394 5066 placitum
1416 5005 1490 5049 est
1511 5012 1682 5049 coram
1703 4996 1813 5064 ipso
1838 4995 1927 5067 (2.
1956 4996 2082 5067 Reg.

498 5093 585 5148 t5.
607 5092 680 5145 26
701 5092 740 5159 ).
762 5088 899 5155 Quid
922 5087 1006 5142 his
1033 5086 1213 5143 verbis
1232 5088 1400 5155 magis
1432 5086 1856 5155 pltilosophicum
1874 5086 1898 5138 ?
1919 5087 2086 5155 Quid-

496 5184 623 5254 quid
654 5182 763 5235 Deo
792 5180 959 5248 tnagis
1004 5186 1214 5247 gratum
1266 5176 1457 5241 fuerit,
1507 5177 1716 5247 inquit,
1765 5176 1815 5231 id
1862 5178 1972 5232 ﬁat.
2019 5179 2085 5233 Et

497 5290 708 5332 rursum
752 5271 898 5327 Sauli
940 5270 1153 5325 dicebat
1180 5285 1194 5322 :
1224 5268 1284 5323 Si
1332 5279 1501 5322 autem
1542 5267 1680 5321 Deus
1720 5280 1995 5324 commovet
2038 5279 2087 5325 te

492 5379 671 5422 contra
702 5383 812 5430 me,
855 5363 1124 5416 odoratum
1167 5362 1231 5415 sit
1275 5361 1579 5429 sacriﬁcium
1619 5371 1758 5412 tttttnt
1806 5360 1899 5431 (1.
1948 5360 2078 5431 Reg.

496 5458 586 5511 26.
622 5457 750 5524 I9).
785 5453 853 5507 Et
882 5464 1008 5507 tunc
1032 5492 1048 5517 ,
1077 5466 1202 5505 cum
1237 5461 1382 5506 esset
1435 5452 1487 5504 in
1536 5450 1826 5505 afﬂictione
1852 5491 1867 5514 ,
1919 5451 2081 5505 etiam

501 5548 730 5601 inimicis
755 5545 1042 5615 parcebat;
1071 5554 1252 5614 postea
1280 5558 1407 5598 vero
1436 5557 1606 5611 neque
1646 5543 1831 5595 amicis
1854 5583 1871 5607 ,
1909 5557 2083 5612 neque

500 5637 568 5690 iis
584 5637 744 5703 quise
769 5636 901 5690 ndtil
919 5638 1189 5690 latserant.
1210 5634 1418 5688 Rursus
1439 5633 1605 5687 Jacob
1623 5648 1745 5687 cum
1770 5634 1822 5686 in
1844 5620 2082 5686 scrutinia

497 5733 641 5778 esset
666 5761 682 5783 ,
710 5723 923 5779 dicebat
950 5744 964 5777 :
997 5724 1060 5777 Si
1096 5725 1288 5777 dederit
1318 5724 1441 5777 mihi
1466 5722 1603 5777 Dcus
1631 5738 1811 5790 partem
1837 5721 1906 5774 ad
1936 5738 2083 5774 matt-

499 5817 787 5875 ducanduttt
840 5832 886 5878 et
914 5819 1259 5875 vestimentum
1277 5838 1377 5892 quo
1402 5821 1604 5892 operiar
1630 5821 1649 5892 (
1671 5818 1799 5875 Gen.
1827 5818 1915 5876 28.
1940 5818 2011 5872 20
2037 5818 2078 5889 ).

1217 394 1273 453 8.
1305 395 1383 457 10
1395 394 1583 453 \NNIS
1620 390 2085 452 CIIRYSOSTOIII

2193 389 2447 450 RCIIIEI".
2488 393 2746 452 CONS'M
2756 396 3022 454 ΝΠΝΟΡ.

3728 398 3834 454 132

2182 507 2247 562 Et
2275 507 2417 562 ﬁlius
2446 508 2556 564 Noe
2582 521 2738 566 antea
2768 512 2897 565 nihil
2932 514 3037 568 tale
3066 512 3303 580 fecerat;
3354 514 3459 568 ulti
3508 524 3709 572 autem
3762 524 3834 574 de

2180 598 2365 655 salute
2382 603 2617 655 conlisus
2646 613 2727 656 est
2746 645 2761 669 ,
2792 604 2942 658 audis
2967 621 3125 674 quam
3151 607 3617 661 contumeliosus
3653 610 3835 665 factus

2180 692 2274 745 sit.
2317 692 2389 746 Et
2429 694 2686 747 Ezechias
2720 710 2841 748 cum
2871 697 2923 749 in
2947 698 3206 751 aerumnis
3231 708 3389 751 esset
3412 739 3428 760 ,
3468 699 3608 753 vide
3641 704 3828 770 qualia

2183 797 2279 852 pro
2314 784 2488 837 salute
2515 784 2700 839 fecerit
2728 803 2740 837 :
2771 801 2981 841 saccum
3012 788 3155 842 enim
3188 788 3405 855 induit,
3458 800 3521 843 et
3571 791 3629 843 itt
3684 802 3830 849 terra

2182 874 2360 939 sedit;
2389 875 2476 928 ttbi
2502 885 2681 929 autent
2712 878 2763 930 in
2788 878 3060 947 voluptate
3088 878 3215 943 fttit,
3248 882 3477 936 cecidit
3526 898 3648 952 pne
3702 886 3827 940 alti-

2182 966 2370 1021 tudine
2416 968 2596 1022 cordis
2642 969 2746 1023 sui.
2802 970 2926 1024 Ideo
2979 972 3189 1043 Moyses
3214 973 3499 1027 admonet
3527 1014 3544 1039 ,
3580 975 3778 1029 dicens
3811 994 3825 1031 :

2182 1056 2307 1112 Cum
2332 1060 2608 1114 comederis
2629 1072 2675 1113 et
2706 1063 2887 1116 biberis
2912 1073 2959 1117 et
2988 1074 3243 1117 saturatas
3272 1066 3493 1135 [uer-is,
3544 1069 3825 1124 recordare

2184 1148 2393 1203 Domini
2421 1150 2517 1204 Dei
2545 1154 2666 1221 tui:(
2692 1152 2842 1205 Deut.
2864 1157 2918 1207 6.
2951 1155 3019 1208 12
3036 1157 3073 1221 ).
3095 1155 3348 1224 Ριοωοθςιε
3373 1165 3471 1209 est
3492 1158 3651 1210 enini
3673 1158 3822 1215 locus

2183 1241 2497 1297 deliciarum
2518 1285 2533 1310 ,
2586 1253 2641 1298 et
2669 1245 2993 1300 oblivionem
3022 1247 3127 1301 Dci‘
3147 1247 3380 1300 inducit.
3423 1248 3575 1302 Cum
3606 1250 3815 1320 afflige-

2185 1345 2374 1387 rentur
2408 1335 2665 1390 Israelita:
2692 1376 2708 1402 ,
2759 1337 2927 1391 multo
2972 1339 3154 1406 plures
3196 1348 3401 1402 erant;
3457 1354 3594 1393 cunt
3638 1351 3815 1395 autent

2186 1425 2309 1479 iIFos
2334 1425 2658 1491 dimitteret,
2694 1435 2819 1481 tunc
2847 1444 3036 1482 omnes
3063 1428 3336 1496 peribant.
3371 1429 3447 1483 Et
3486 1446 3595 1484 cur
3638 1444 3808 1485 vetera

2184 1516 2429 1585 exempla
2458 1516 2623 1571 all'ero
2638 1517 2768 1571 ?'En
2792 1518 3106 1585 uoltis-ipsis
3135 1518 3463 1584 videamus,
3513 1522 3563 1574 si
3620 1522 3802 1591 placet.

2187 1607 2262 1660 Es
2294 1608 2492 1661 noSIris
2524 1609 2737 1676 plurinti
2767 1609 2817 1661 in
2843 1609 3002 1662 rebus
3032 1610 3311 1680 prosperis
3344 1610 3661 1673 inflantur,
3693 1629 3802 1665 mtt-

2188 1697 2343 1750 nibus
2374 1699 2610 1761 inimici,
2641 1698 2881 1752 iracundi
2901 1740 2915 1764 ,
2946 1700 3069 1753 dum
3114 1710 3389 1769 potestate
3445 1702 3640 1756 valent
3668 1719 3683 1768 ;
3718 1720 3805 1756 stt-

2187 1787 2327 1841 blata
2358 1803 2489 1842 vero
2520 1798 2820 1857 potestate,
2853 1792 3114 1845 mansueti
3143 1806 3289 1858 sunt,
3327 1793 3600 1855 humiles,
3634 1798 3802 1858 nates,

2190 1879 2242 1931 in
2267 1890 2472 1933 naturm
2500 1896 2609 1934 suae
2635 1884 3010 1951 cogitationem
3037 1886 3278 1939 veniunt.
3312 1886 3483 1952 Quod
3525 1902 3617 1941 res
3648 1889 3719 1942 ita
3751 1906 3806 1944 se

2187 1969 2423 2035 habeat,
2451 1976 2685 2028 ostendit
2716 1976 2877 2029 David
2902 2016 2927 2041 τ
2947 1977 3135 2031 dicens
3162 1995 3175 2031 :
3212 1977 3412 2031 Tenuit
3442 1997 3532 2033 eos
3573 1983 3802 2049 superbia

2188 2056 2251 2108 in'
2295 2058 2447 2124 [iacnt
2488 2073 2506 2109 :
2555 2059 2781 2127 prodibit
2821 2064 2966 2129 quasi
3011 2076 3074 2114 ea:
3118 2062 3277 2130 adipe
3330 2063 3588 2129 iniquitas
3638 2082 3801 2119 eorum

2190 2146 2208 2214 (
2232 2146 2391 2201 Psol.
2408 2147 2493 2201 72.
2527 2148 2580 2203 6.
2616 2148 2707 2219 7).
2742 2150 2865 2203 llaec
2888 2166 2919 2204 a
2950 2167 3036 2205 nte
3065 2153 3205 2205 dicta
3234 2163 3372 2206 sunt
3398 2194 3418 2220 ,
3452 2162 3514 2209 ut
3545 2170 3614 2209 ne
3635 2156 3800 2210 omni-

2189 2237 2754 2308 busmodisgandinm
2781 2257 3103 2310 quanamus.
3137 2244 3197 2297 Et
3222 2247 3539 2313 quomodo,
3573 2248 3795 2317 inquies.

2188 2331 2264 2384 ait
2300 2331 2498 2386 Paulus
2530 2350 2543 2385 :
2590 2333 2819 2387 Gaudete
2860 2351 3056 2404 semper
3097 2335 3388 2407 (Philipp.
3425 2338 3482 2393 4.
3518 2341 3553 2393 4
3583 2340 3641 2405 )ἳ
3690 2339 3796 2395 Νυη

2189 2423 2506 2493 simpliciter
2530 2425 2664 2479 dixit
2687 2464 2707 2491 ,
2736 2424 2979 2481 Gaudete
2998 2467 3025 2491 γ
3048 2427 3144 2482 sed
3171 2428 3428 2496 addidit,
3460 2429 3531 2485 In
3561 2432 3791 2488 Domino.

2261 2517 2313 2569 4.
2339 2513 2593 2569 Gaudium
2611 2518 2865 2587 quodnam
2884 2520 2947 2572 sit
2970 2519 3385 2577 bonum—Hoc
3406 2526 3698 2579 maximum
3724 2537 3794 2579 est

2188 2607 2477 2677 gaudium;
2512 2610 2603 2663 tali
2644 2610 2943 2678 gaudebant
2988 2616 3251 2682 apostoli;
3286 2616 3565 2685 gaudium
3600 2619 3786 2672 lucrum

2189 2699 2418 2754 aﬂ‘erens
2456 2717 2469 2754 :
2501 2701 2641 2770 quod
2668 2716 2698 2755 a
2721 2703 3056 2768 carceribus,
3084 2720 3126 2757 a-
3144 2704 3331 2775 ﬂagris
3354 2747 3371 2773 ,
3418 2724 3449 2761 a
3500 2724 3781 2778 persequu.

2192 2792 2460 2857 tionibus,
2494 2806 2527 2846 a
2557 2794 2694 2846 mala
2732 2792 2881 2847 fama
2899 2804 2953 2850 et
2981 2812 3009 2847 a
3040 2797 3285 2853 tristibus
3319 2802 3555 2854 omnino
3596 2802 3776 2871 princi-

2190 2883 2336 2951 plutn
2364 2892 2420 2937 et
2462 2883 2697 2939 radicem
2736 2884 2897 2940 habet
2937 2896 2991 2940 et
3037 2889 3385 2946 occasionem
3422 2911 3436 2947 :
3470 2892 3615 2947 unde
3648 2903 3693 2946 et
3728 2894 3772 2945 in

2192 2974 2393 3028 bonum
2423 2974 2581 3029 ﬁnem
2613 2978 2876 3045 pervenit.
2908 2976 3171 3033 Gaudium
3200 2996 3334 3037 vero
3362 2985 3556 3039 mundi
3598 2962 3732 3038 secus
3757 3002 3769 3036 :

2193 3068 2382 3138 incipit
2428 3072 2574 3124 enim
2621 3087 2651 3124 a
2702 3072 2990 3139 suavibus,
3035 3072 3349 3146 desinitque
3402 3079 3458 3132 in
3508 3077 3774 3132 tristitiam.

2192 3157 2376 3229 Neque
2420 3175 2521 3229 ego
2572 3162 2829 3229 prohibeo
2875 3164 3110 3233 gaudere
3154 3166 3207 3219 in
3258 3167 3533 3235 Domino,
3588 3169 3688 3223 imo
3726 3166 3771 3219 id

2192 3248 2348 3304 valde
2376 3249 2663 3303 admoneo.
2698 3250 3132 3322 Flagellabautur
3166 3259 3443 3324 apostoli,
3492 3268 3548 3313 et
3591 3257 3777 3327 gaude-

2194 3339 2318 3395 bant
2342 3356 2367 3406 ;
2392 3342 2777 3407 vinciebantur,
2798 3355 2850 3398 et
2875 3344 3073 3415 gratias
3098 3347 3362 3415 agebant;
3397 3348 3773 3419 lapidaltantur,

2192 3443 2245 3488 et
2271 3434 2653 3503 pra-dicabant.
2683 3436 2794 3491 Iloc
2822 3446 2876 3491 et
2905 3453 3003 3507 ego
3040 3438 3202 3493 velim
3248 3442 3514 3510 gaudium
3544 3460 3557 3494 :
3589 3441 3721 3511 quod
3751 3456 3777 3493 a

2194 3528 2343 3582 nullo
2372 3528 2641 3597 corporali
2687 3530 2893 3583 initiutn
2937 3530 3175 3597 haheat,
3206 3533 3306 3587 sed
3349 3548 3379 3586 a
3429 3532 3775 3603 spiritualihus

2193 3624 2377 3679 rebus.
2407 3623 2525 3679 Non
2567 3634 2738 3694 potest
2784 3625 2874 3694 qui
2914 3625 3206 3679 secundum
3256 3627 3524 3681 mundum
3565 3626 3772 3697 gaudet.

2195 3716 2433 3770 simulet
2460 3716 2755 3771 secundum
2790 3716 2953 3771 Deum
2981 3717 3214 3786 gaudere
3248 3734 3263 3771 :
3298 3721 3481 3775 omnis
3502 3720 3639 3774 enim
3659 3758 3673 3781 ,
3693 3716 3771 3783 qui

2193 3808 2484 3862 secundum
2508 3807 2761 3862 mundum
2791 3807 3024 3877 gaudet,
3068 3808 3136 3863 de
3175 3808 3384 3863 divitiis
3431 3810 3663 3881 gaudet,
3710 3806 3772 3860 de

2196 3901 2509 3969 voluptate,
2540 3900 2608 3955 de
2652 3900 2853 3969 gloria,
2897 3902 2966 3957 de
3013 3903 3283 3971 potentia,
3334 3903 3405 3958 de
3451 3900 3767 3971 arrogantia;

2193 3992 2280 4060 qui
2331 4006 2460 4045 vero
2501 3991 2794 4045 secundum
2846 3991 3049 4056 Deum,
3104 3992 3175 4048 de
3226 3994 3522 4063 ignominia
3573 4000 3771 4062 propter

2195 4082 2381 4146 illaut,
2431 4081 2501 4135 de
2544 4090 2899 4151 paupertate,
2943 4081 3010 4135 de
3061 4082 3271 4152 inopia,
3325 4083 3396 4139 de
3435 4084 3668 4152 jejunio,
3710 4080 3768 4133 de

2194 4173 2513 4229 humilitate.
2540 4174 2728 4229 \‘iden’
2751 4192 2909 4245 quam
2936 4178 3202 4231 contraria
3233 4178 3593 4247 argumenta?
3620 4176 3769 4240 Quot-

2191 4276 2321 4336 quot
2355 4266 2441 4321 hic
2469 4275 2618 4320 extra
2646 4267 2897 4337 gaudium
2922 4276 3046 4320 sunt
3067 4308 3081 4333 ,
3109 4278 3258 4320 extra
3294 4282 3588 4323 mmrorem
3618 4271 3763 4321 sunt;

2191 4368 2247 4415 et
2274 4366 2535 4429 quotquot
2564 4367 2710 4414 extra
2740 4374 3050 4423 mmroretn,
3077 4367 3202 4412 sunt
3226 4360 3393 4414 etiam
3442 4366 3589 4413 extra
3630 4352 3763 4407 volu-

2193 4463 2414 4523 ptatem.
2446 4451 2513 4505 Et
2537 4466 2722 4505 revera
2751 4450 2865 4505 lucc
2894 4459 3041 4516 sunt,
3070 4466 3189 4519 qua:
3215 4466 3405 4505 verum
3433 4448 3675 4519 gaudium
3695 4443 3759 4494 fa-

2191 4544 2338 4598 ciunt
2364 4583 2377 4607 ,
2410 4542 2661 4612 quoniam
2695 4540 2783 4594 illa
2816 4555 3010 4595 nomen
3061 4549 3265 4593 tantum
3316 4537 3495 4609 gaudii
3541 4534 3759 4593 habent,

2194 4644 2363 4688 totum
2383 4641 2561 4686 autem
2588 4632 2640 4685 in
2665 4646 2897 4685 ntmrore
2921 4633 3080 4685 situm
3107 4640 3208 4685 est.
3238 4631 3509 4698 Quantum
3536 4621 3762 4681 maeroris

2194 4725 2355 4782 habet
2382 4724 2683 4795 arrogans?
2711 4733 2968 4793 quantum
2997 4723 3321 4793 pnepeditur
3348 4723 3477 4776 dum
3520 4728 3758 4785 arrogan-

2194 4829 2274 4873 ter
2319 4817 2473 4889 agit?
2522 4816 2667 4872 Mille
2717 4816 2818 4871 sibi
2872 4824 3023 4885 parat.
3071 4812 3469 4876 contumelias,
3525 4818 3765 4876 magnum-

2190 4911 2415 4974 odium,
2458 4922 2706 4979 magnam
2755 4906 3124 4971 inimicitiam,
3177 4904 3435 4959 invidiam
3481 4900 3762 4968 ingentem.

2191 5002 2323 5058 Nam
2354 5002 2401 5055 si
2429 5015 2459 5053 a
2488 4999 2782 5069 majoribus
2810 4998 3137 5053 contumelia
3162 4996 3456 5058 afﬁciatur,
3496 4989 3669 5045 dolet:
3714 4980 3754 5036 Si

2192 5109 2298 5148 non
2327 5101 2512 5147 contra
2543 5105 2733 5145 omnes
2762 5091 3037 5160 insurgat,
3066 5088 3359 5143 mordetur.
3391 5079 3609 5139 Humilis
3637 5088 3761 5129 vero

2192 5184 2243 5238 in
2273 5184 2437 5237 multa
2467 5193 2553 5237 est
2575 5181 2871 5251 voluptate,
2894 5197 2924 5234 a
2958 5180 3107 5236 nullo
3132 5180 3388 5233 honorem
3417 5178 3751 5240 exspectatis:

2191 5275 2236 5329 si
2264 5275 2579 5338 honoretur,
2610 5271 2840 5343 gaudet;
2866 5271 2910 5326 si
2940 5286 3045 5325 nun
3077 5271 3400 5330 Itonorctur,
3431 5278 3541 5319 non
3582 5255 3747 5317 dolet.
3782 5305 3792 5316 .

2191 5366 2299 5421 imo
2322 5365 2518 5439 gaudet
2554 5364 2697 5435 quod
2727 5380 2831 5419 non
2864 5362 3154 5418 honoratus
3199 5362 3268 5417 sit
3297 5361 3335 5413 ⁸.
3371 5359 3546 5424 Itaque
3589 5350 3745 5403 bono.

2189 5471 2304 5511 rem
2352 5471 2457 5509 non
2496 5471 2737 5525 qnmrere
2769 5464 2823 5511 et
2853 5454 3102 5509 honorari
3127 5495 3143 5519 ,
3173 5453 3224 5508 id
3255 5462 3494 5519 magnam
3522 5439 3743 5506 νοιιιριιι-

2191 5555 2296 5601 tem
2329 5546 2486 5616 parit.
2515 5545 2626 5600 Illic
2656 5559 2786 5602 vero
2811 5546 3140 5600 contrarium
3166 5542 3390 5605 accidit;
3433 5531 3614 5607 qua-rit
3652 5525 3741 5580 lw‘

2253 5703 2268 5733 ί
2306 5700 2529 5750 Βοιιιιωο
2552 5701 2616 5751 ita
2652 5702 2943 5763 versionem,
2966 5698 3289 5763 Grecamhtc
3310 5678 3736 5763 nmmum?

2187 5742 3283 5876 ΞιιιἰιιῙἦὲἒῖνῖεῶἱόιῖὲνίξξῖἁδυῖἠζῖῑὶιὶῦ
3298 5753 3409 5807 satis
3431 5754 3565 5801 ltooct
3580 5742 3636 5791 θεέ
3655 5742 3745 5783 “ﬂ”

2208 5837 2382 5875 tutntur
2434 5837 2511 5876 ur.
