3946 6436
255 390 352 445 135

252 511 474 564 mn,
503 504 568 552 et
593 510 708 552 non
736 495 1054 551 lmnoratnr.
1099 493 1216 552 Non
1260 498 1512 552 similiter
1551 507 1732 552 autem
1777 497 1848 551 de

247 592 449 646 honore
477 591 689 660 gaudet
717 589 808 659 qui
838 590 1030 658 quierit
1055 603 1215 658 eum,
1261 600 1312 643 et
1350 591 1440 658 qui
1481 605 1588 642 non
1636 589 1846 659 quaerit.

249 681 878 756 llic-meumque
904 682 1210 750 acceperit,
1247 681 1378 736 nihil
1409 698 1468 736 se
1498 691 1647 752 putat
1693 697 1854 736 acce-

447 773 550 829 ξηιλ
573 787 711 828 vero
739 772 787 829 si
815 773 902 829 vel
930 774 1193 829 tantillum
1236 775 1485 842 dederis,
1533 777 1606 830 ita
1649 775 1848 844 accipit

263 868 377 924 sesi
403 876 584 920 totum
615 875 820 922 teneat.
854 867 1058 922 Rursus
1081 868 1171 936 qui
1219 869 1271 924 in
1315 869 1525 924 deliciis
1570 878 1848 934 versatur,

268 960 393 1013 mille
417 958 646 1028 negotia
677 957 840 1012 habet
867 975 880 1011 :
911 958 1122 1014 etiamsi
1151 959 1330 1014 faciles
1354 971 1408 1014 et
1435 960 1588 1030 quasi
1617 973 1683 1014 ex
1733 959 1853 1014 fon-

268 1053 388 1106 tibus
413 1050 634 1104 reditus
665 1050 765 1120 ipsi
791 1048 1054 1116 affluant,
1104 1060 1342 1106 attamen
1385 1054 1563 1116 mala,
1611 1065 1733 1122 quae
1781 1065 1849 1106 ex

231 1149 238 1151 “
265 1141 449 1196 deliciis
477 1141 796 1204 accedunt,
831 1141 1115 1220 formidat.
1147 1158 1356 1198 necnon
1387 1142 1549 1197 futuri
1593 1143 1848 1198 incertam

261 1234 623 1289 conditionem
656 1249 673 1286 :
706 1232 792 1286 hic
813 1247 944 1286 vero
968 1249 1185 1304 semper
1211 1235 1266 1289 in
1294 1244 1408 1289 tuto
1436 1245 1520 1291 est
1565 1244 1622 1290 et
1656 1236 1711 1290 in
1751 1251 1850 1291 vo-

255 1323 444 1392 luptate
465 1365 483 1388 ,
513 1323 668 1393 quod
703 1323 947 1377 tenuitati
975 1325 1148 1379 victus
1175 1325 1244 1379 sit
1272 1337 1539 1380 assuetus.
1567 1325 1682 1382 Non
1704 1326 1848 1380 enim

245 1416 400 1478 im;
417 1416 694 1470 uictu
719 1424 887 1484 putat,
921 1415 1060 1485 quod
1090 1416 1229 1470 lauta
1259 1433 1442 1472 mensa
1476 1434 1580 1473 non
1619 1417 1846 1484 fruatur,

242 1513 302 1560 ut
321 1503 660 1572 ωδε-ωτι,
687 1505 816 1559 dum
845 1506 1004 1560 futuri
1036 1507 1294 1562 incertam
1325 1509 1686 1564 conditionem
1743 1523 1851 1565 non

777 1611 844 1650 ex
890 1595 1098 1651 deliciis
1137 1599 1278 1652 mala
1320 1599 1600 1662 oriantur,
1643 1601 1857 1670 ignorat

249 1699 472 1742 nemos
745 1697 830 1743 est
854 1697 1033 1744 autem
1065 1691 1191 1745 illttd
1233 1690 1346 1761 jam
1393 1692 1596 1748 dicere.
1648 1693 1850 1764 Duplex

671 1779 914 1856 corporis
935 1821 951 1845 ,
1001 1781 1220 1852 inquam
1245 1823 1261 1848 ,
1311 1792 1364 1836 et
1388 1785 1582 1838 anima:
1613 1802 1626 1840 :
1657 1784 1853 1855 duplex

791 1871 963 1925 morbi
999 1888 1013 1926 :
1044 1889 1218 1943 neque
1265 1874 1315 1928 id
1365 1884 1606 1943 tantum,
1652 1877 1748 1932 sed
1796 1887 1854 1932 et

649 1961 741 2030 qui
771 1977 991 2032 magnas
1016 1963 1244 2019 afferant
1266 1967 1627 2023 calamitates.
1652 1969 1722 2023 At
1744 1984 1850 2023 non

259 2049 829 2125 abigit-galina;
856 2054 952 2109 sed
980 2055 1177 2124 duplex
1207 2066 1292 2111 est
1331 2060 1565 2121 sanitas,
1615 2059 1851 2130 duplicia

251 2143 682 2204 bonum
705 2147 959 2212 sanitatis,
990 2148 1182 2218 inquit,
1200 2151 1253 2204 in
1282 2159 1467 2206 ventre
1487 2168 1644 2220 parco
1661 2151 1850 2223 (Eccli.

253 2237 342 2291 3|.
372 2234 446 2290 94
466 2239 512 2305 ).
547 2233 756 2306 Ubique
787 2237 929 2292 enim
959 2238 1304 2295 mediocritas
1327 2241 1702 2298 desiderabilis
1731 2253 1812 2298 est
1835 2283 1852 2310 ,

253 2330 392 2399 quod
445 2345 578 2384 vero
627 2329 845 2384 modum
886 2347 992 2385 non
1038 2343 1257 2397 servat,
1302 2335 1671 2403 iujucundnm.
1721 2335 1857 2391 Vide

253 2422 398 2477 enim
427 2440 442 2476 :
476 2422 730 2476 scintilla:
765 2437 941 2491 parv:e
973 2438 1215 2494 magnam
1247 2425 1510 2494 lignorum
1545 2426 1853 2496 congeriem

257 2515 474 2584 impelle
497 2555 516 2584 ,
547 2523 606 2570 et
629 2531 738 2569 non
766 2515 902 2568 ultra
952 2515 1127 2585 ignem
1173 2517 1578 2586 splendentem,
1627 2519 1724 2574 sed
1768 2520 1856 2575 fu-

257 2621 406 2660 ruum
429 2603 648 2666 videbis
673 2605 828 2660 valde
855 2606 1154 2663 insuavem.

323 2697 546 2754 υτιίεἱαῖ
564 2716 695 2754 onus
713 2708 831 2754 sunt
849 2701 1258 2756 animm—Viro
1285 2702 1405 2757 forti
1432 2712 1486 2759 et
1506 2719 1701 2775 magno
1721 2720 1857 2761 onus

259 2793 476 2861 impone
522 2792 660 2846 vires
693 2807 991 2861 superans,
1035 2804 1090 2848 et
1118 2793 1324 2849 videbis
1363 2810 1486 2849 eum
1517 2811 1682 2852 onere
1712 2797 1858 2852 humi

256 2884 553 2951 iacentem.
583 2883 828 2952 Magnum
859 2899 995 2938 onus
1016 2883 1174 2952 iniice
1201 2885 1253 2939 in
1281 2887 1492 2953 navim,
1519 2897 1574 2941 et
1600 2903 1762 2956 grave
1783 2888 1862 2942 fa-

259 2977 369 3032 cies
397 2975 759 3044 naufragium.
801 2977 960 3032 Tales
997 2986 1123 3032 sunt
1161 2978 1390 3033 deliciae.
1430 2980 1581 3034 Sicut
1621 2983 1764 3036 enim
1805 2982 1859 3037 in

260 3072 485 3125 navibus
513 3085 674 3139 supra
704 3069 921 3124 modum
951 3071 1188 3126 oneratis
1219 3087 1441 3142 magnus
1469 3083 1554 3127 est
1579 3082 1860 3129 nautarum

262 3162 546 3221 tuumltus,
579 3162 940 3230 gubernatore
957 3176 1044 3226 eo,
1070 3162 1160 3232 qui
1206 3162 1258 3217 in
1303 3179 1459 3232 prora
1487 3165 1659 3233 sedet,
1689 3180 1754 3221 ac
1773 3182 1865 3222 ve-

258 3254 503 3308 ctorzbus
529 3255 804 3322 superiora
818 3261 872 3307 et
895 3253 1148 3308 inferiora
1169 3254 1220 3308 in
1243 3270 1394 3311 mare
1421 3257 1860 3326 projicientibus:

260 3346 343 3400 sic
371 3355 425 3398 et
454 3344 558 3397 hoc
583 3343 729 3408 loco,
754 3344 1028 3413 superiora
1059 3339 1370 3402 evoinentes
1406 3357 1460 3402 ct
1497 3347 1770 3415 inferiora,
1800 3364 1866 3406 ac

258 3437 472 3508 scipsos
530 3446 962 3506 cor-rumpentes,
1014 3449 1261 3508 pereunt.
1315 3440 1574 3510 Quodque
1623 3443 1864 3499 omnimn

259 3530 635 3600 turpissimum
657 3539 768 3592 est,
799 3545 859 3586 Os
890 3531 1241 3599 posteriorum
1274 3534 1502 3603 partium
1533 3549 1684 3588 usum
1716 3550 1867 3591 assu-

265 3623 382 3686 tnit,
413 3624 582 3690 fitque
613 3621 717 3676 illis
746 3621 1170 3692 ignominiosius.
1195 3623 1344 3691 Quod
1369 3625 1414 3678 si
1446 3625 1496 3678 in
1519 3639 1612 3680 ore
1633 3627 1702 3681 sit
1723 3635 1865 3681 tanta

260 3712 562 3780 turpitudo,
595 3713 770 3782 cogita
799 3720 997 3782 quanta
1027 3712 1095 3766 sit
1119 3714 1173 3767 in
1203 3713 1400 3768 anima.
1427 3713 1558 3768 Nam
1586 3716 1656 3770 ibi
1686 3718 1867 3771 omnia

257 3807 457 3876 Caligo,
491 3807 674 3862 omnia
706 3806 954 3876 procella:
973 3846 989 3871 ,
1030 3805 1208 3860 omnia
1236 3808 1471 3862 tenebrae
1491 3850 1508 3876 ,
1535 3809 1702 3864 multa
1733 3824 1867 3864 con-

260 3903 403 3959 lusio
449 3901 835 3973 cogitationum
888 3901 944 3956 in
983 3902 1226 3971 angustia
1273 3904 1640 3969 versantium,
1688 3903 1866 3958 anima

264 3991 660 4064 W
677 3992 1031 4049 exclamante.
1059 3991 1193 4049 Hinc
1215 3995 1310 4063 ipsi
1333 3995 1506 4049 ventri
1531 3995 1720 4062 dediti,
1745 4011 1868 4052 sese

265 4093 456 4139 mutuo
481 4081 830 4153 redarguunt,
852 4098 996 4154 aegre
1021 4083 1230 4151 ferunt,
1253 4094 1461 4141 stercus
1481 4086 1748 4141 internum
1772 4087 1867 4143 de-

264 4175 428 4245 jicere
446 4167 722 4230 festinant.
742 4175 991 4230 Attamen
1012 4185 1286 4246 postquam
1306 4177 1667 4247 proiecerunt,
1693 4193 1866 4248 neque

266 4267 344 4323 sic
385 4266 614 4338 agitatio
651 4265 901 4332 sedatur;
949 4266 1042 4322 sed
1083 4276 1140 4324 et
1177 4267 1356 4323 febres
1401 4269 1524 4323 hinc
1567 4277 1622 4324 et
1669 4270 1866 4327 morbi.

266 4356 481 4422 Etiam,
517 4357 722 4427 inquit,
753 4357 946 4413 infirmi
986 4369 1112 4414 sunt
1149 4368 1205 4415 et
1243 4361 1469 4431 turpiter
1495 4369 1656 4430 agunt
1696 4379 1710 4416 :
1752 4361 1868 4418 haec

266 4451 466 4506 frustra
503 4449 656 4504 nobis
677 4459 982 4516 narrantur,
1006 4449 1202 4506 frustra
1233 4451 1407 4506 morbi
1436 4462 1865 4510 enumerantur:

267 4540 517 4596 inlirmor
542 4555 662 4611 ego,
699 4541 903 4596 laceror
932 4550 988 4597 et
1018 4543 1242 4612 turpiter
1269 4559 1391 4613 ago,
1419 4544 1506 4612 qui
1545 4561 1650 4599 non
1694 4545 1866 4602 habeo

270 4632 410 4702 quod
440 4632 603 4687 edam
631 4649 646 4686 :
678 4631 776 4688 hos
804 4642 982 4688 autem
1015 4633 1068 4688 in
1095 4634 1302 4688 deliciis
1328 4648 1551 4705 agentes
1576 4637 1760 4694 videre
1785 4648 1870 4694 est

337 4727 986 4802 pingues,
1021 4728 1332 4798 gaudentes,
1363 4731 1516 4800 equis
1544 4741 1744 4787 vectos.
1779 4733 1867 4789 Va:

282 4799 729 4888 ιιῑῙιῖῐ-Ϊια-ιηὶθ
753 4819 896 4872 enim
927 4818 1084 4887 digna
1116 4818 1228 4874 htec
1261 4799 1426 4875 verba
1451 4831 1595 4876 sunt.
1633 4825 1738 4877 Eos
1763 4839 1866 4878 an-

286 4912 392 4961 tem
415 4909 503 4978 qui
530 4908 760 4980 podagra
787 4909 1062 4974 laborant,
1093 4911 1242 4966 sellis
1270 4922 1538 4980 gestatos,
1579 4915 1825 4984 alligatos
1844 4957 1862 4982 ,

1255 381 1542 438 IN'AC'I‘A
1580 378 2106 438 APOS'I‘OLORUM.
2150 381 2380 441 HOMIL.
2420 381 2588 442 XVII.

2725 328 2766 340 η

3442 397 3549 457 154

1955 511 2058 568 qua
2096 512 2162 553 ex
2205 510 2375 570 parte,
2411 517 2617 576 quanto,
2648 503 3040 575 respiciemus?
3077 505 3143 562 Et
3179 506 3283 563 nisi
3322 523 3438 565 rem
3475 509 3551 564 illi

1962 598 2210 660 putarent
2237 594 2681 650 contumeliosam
2709 609 2772 649 c
2801 597 3137 666 probrosam,
3170 599 3290 655 illos
3314 599 3422 670 jam
3454 615 3554 656 no-

1960 681 2106 737 mine
2133 697 2232 738 suo
2258 685 2687 755 compellassem.
2721 687 2829 742 Sed
2857 697 2984 742 sunt
3009 689 3224 758 quidam
3251 733 3265 756 ,
3311 691 3519 761 inquies
3539 735 3554 758 ,

1961 775 2050 842 qui
2094 773 2229 829 bene
2258 776 2473 844 valent,
2519 777 2642 848 quia
2681 793 2788 833 non
2821 779 2996 834 solum
3026 780 3231 836 deliciis
3259 782 3388 837 dant
3425 799 3559 854 ope-

1959 881 2095 932 ram,
2137 868 2230 923 sed
2271 869 2432 923 etiam
2475 870 2738 927 laborant.
2771 871 2968 926 Verum
3008 871 3075 927 da
3114 874 3242 927 mihi
3285 875 3560 932 hominem

1959 973 2176 1030 semper
2207 960 2675 1032 pinguescentem,
2707 964 2970 1028 Otiosum,
3006 963 3233 1020 inertem
3255 1007 3270 1030 ,
3301 968 3390 1036 qui
3424 969 3561 1024 bene

1960 1051 2153 1106 valeat.
2177 1051 2282 1107 Sed
2307 1069 2412 1107 non
2445 1054 2705 1111 invenies.
2736 1056 2956 1110 Etiamsi
2979 1057 3123 1111 enim
3148 1055 3424 1113 innumera
3449 1075 3563 1113 nte-

1960 1140 2204 1196 dicorum
2249 1144 2400 1199 turba
2447 1145 2622 1213 adsit,
2675 1147 2822 1201 illum
2873 1149 3043 1202 ventri
3085 1163 3301 1218 semper
3342 1164 3560 1219 Operam

1960 1233 2179 1289 dantem
2202 1250 2232 1288 a
2263 1237 2463 1291 morbis
2491 1253 2682 1294 eruere
2711 1254 2819 1293 non
2849 1249 3100 1309 poterunt
3147 1262 3160 1297 :
3205 1257 3381 1313 neque
3419 1244 3564 1299 enim

1963 1323 2014 1378 id
2047 1335 2232 1380 natura
2263 1327 2340 1382 rei
2377 1329 2651 1397 permittit.
2687 1330 2804 1398 Ego
2841 1347 2967 1385 vero
2997 1333 3324 1388 medicorum
3357 1335 3562 1390 dictum

1962 1416 2115 1472 vobis
2141 1417 2386 1473 afferam.
2420 1419 2499 1474 Ex
2525 1421 2610 1484 iis,
2639 1437 2759 1491 quae
2787 1421 2841 1476 in
2863 1433 3104 1478 ventrem
3129 1427 3430 1491 mittuntur,
3457 1443 3563 1482 non

1963 1512 2141 1564 omnia
2174 1510 2309 1566 fiunt
2337 1513 2654 1568 alimentum
2689 1531 2704 1566 :
2733 1532 2855 1569 nam
2879 1517 2929 1570 in
2961 1519 3070 1587 ipsa
3101 1519 3340 1574 ciborum
3374 1534 3562 1576 natura

1963 1616 2068 1655 non
2101 1611 2266 1657 totum
2296 1604 2472 1659 alendi
2511 1609 2617 1660 vim
2651 1605 2852 1673 habet,
2897 1609 2990 1662 sed
3032 1624 3154 1678 pars
3195 1611 3247 1664 in
3288 1625 3562 1666 secessum

1963 1696 2282 1760 secernitur,
2314 1712 2440 1766 pars
2482 1699 2533 1753 in
2564 1700 2878 1756 alimentum
2918 1702 3078 1757 cedit.
3121 1703 3176 1759 Si
3215 1719 3344 1774 ergo
3375 1706 3562 1760 mode—

1967 1796 2080 1842 rate
2110 1789 2286 1842 eilnun
2317 1805 2538 1846 sumens
2569 1799 2737 1846 totum
2770 1794 3036 1863 perticias,
3070 1795 3275 1862 singula
3305 1797 3356 1850 in
3385 1797 3562 1852 locum

1962 1892 2119 1931 suum
2149 1887 2402 1948 pergunt.
2435 1889 2491 1935 et
2517 1881 2662 1950 quod
2703 1897 2892 1937 sanum
2931 1885 3168 1952 utilequc
3188 1897 3291 1950 est,
3323 1888 3376 1941 iu
3408 1902 3564 1941 suum

1963 1982 2024 2022 se
2053 1968 2224 2023 locum
2252 1969 2496 2036 confert;
2523 1971 2665 2040 quod
2697 1984 2877 2028 autem
2910 1976 3238 2044 superfluum
3263 1989 3416 2032 estet
3441 1980 3564 2033 inu-

1965 2060 2075 2122 tile,
2106 2062 2310 2115 secedit
2339 2072 2392 2116 et
2421 2063 2691 2133 egeritur:
2724 2066 2806 2120 sin
2849 2081 2980 2121 vero
3016 2069 3178 2123 nimia
3215 2071 3285 2124 sit
3323 2071 3566 2126 ciborum

1964 2154 2118 2222 copia
2139 2196 2155 2220 ,
2187 2155 2348 2209 etiam
2379 2155 2430 2210 id
2449 2197 2464 2222 ,
2495 2157 2636 2227 quod
2667 2158 2844 2212 alendi
2873 2160 2981 2214 vim
3009 2160 3189 2228 habet,
3220 2164 3436 2218 noxium
3457 2174 3566 2230 est,

1967 2245 2126 2316 idque
2167 2247 2564 2316 persliicuitatis
2592 2267 2752 2306 causa
2781 2255 3032 2325 exemplo
3063 2255 3354 2326 proferam.
3378 2260 3564 2314 Infru-

1967 2347 2149 2391 mento
2176 2338 2318 2392 aliud
2348 2349 2432 2394 est
2458 2341 2631 2396 simila
2655 2385 2669 2409 ,
2701 2343 2842 2397 aliud
2873 2345 3038 2398 fat-ina
3061 2388 3076 2411 ,
3120 2347 3261 2400 aliud
3296 2347 3484 2402 furfur.
3512 2350 3567 2404 Si

1967 2442 2097 2498 ergo
2133 2429 2274 2483 mola
2306 2431 2530 2501 accipiet
2558 2447 2620 2487 ea
2644 2474 2658 2499 ,
2689 2449 2808 2504 qua:
2840 2444 3016 2503 potest
3047 2437 3268 2504 moi-rc,
3305 2438 3417 2492 haec
3447 2455 3570 2492 om-

1968 2520 2054 2572 nia
2082 2519 2371 2586 discernit;
2410 2523 2491 2576 sin
2524 2524 2675 2592 plura
2707 2525 2990 2594 conjicias,
3022 2529 3198 2581 omnia
3228 2529 3569 2584 conftmdun-

1971 2616 2072 2662 tur.
2109 2609 2315 2664 Rursus
2341 2612 2547 2677 viuum,
2578 2614 2623 2666 si
2654 2629 3036 2685 congruentem
3073 2620 3299 2688 accipiat
3325 2635 3568 2688 operam,

1968 2699 2012 2752 si
2051 2713 2150 2752 suo
2188 2709 2432 2769 tempore
2469 2702 2802 2768 conficiatur,
2846 2706 3020 2773 primo
3050 2707 3230 2762 omnia
3270 2709 3426 2764 simul
3464 2713 3568 2764 tui-

1969 2799 2205 2854 scentur,
2241 2799 2424 2860 postea
2470 2807 2596 2847 vero
2639 2793 2782 2848 aliud
2828 2796 2881 2849 in
2926 2796 3110 2852 faecem
3142 2798 3246 2852 abit
3271 2839 3287 2865 ,
3331 2799 3474 2854 aliud
3517 2803 3569 2857 in

1969 2897 2247 2952 Spumant,
2297 2883 2441 2938 aliud
2486 2895 2667 2940 manet
2693 2885 2761 2940 ad
2803 2903 2957 2941 usum
3001 2888 3288 2944 fructuiqu
3325 2909 3337 2944 :
3370 2901 3424 2946 et
3456 2894 3569 2947 ha:c

1970 2975 2108 3028 bona
2141 2989 2262 3044 pars
2289 2984 2407 3041 est,
2442 2991 2540 3032 nec
2571 2977 2722 3033 facile
2763 2989 3016 3035 mutatur.
3059 2980 3190 3035 Nam
3232 2989 3356 3037 ante
3397 2998 3572 3052 neque

1970 3068 2152 3119 vinum
2182 3083 2358 3138 neque
2387 3070 2482 3122 lie:
2511 3078 2627 3132 est,
2657 3086 2778 3124 cum
2809 3071 3016 3126 scilicet
3045 3074 3221 3127 omnia
3255 3075 3569 3131 miscentur.

1972 3155 2087 3210 Iloc
2111 3155 2163 3210 in
2195 3157 2328 3212 tnari
2358 3173 2572 3228 quoque
2597 3159 2782 3216 videre
2807 3171 2888 3216 est
2917 3162 2969 3216 in
2999 3179 3187 3234 magna
3234 3177 3570 3235 tempestate.

1973 3249 2042 3305 Ut
2070 3265 2202 3322 ergo
2232 3260 2357 3305 tunc
2387 3251 2560 3320 pisces
2597 3252 2840 3308 videmus
2884 3264 3128 3312 mortuos
3163 3259 3570 3330 superfluitarc,

1971 3342 2060 3412 qui
2092 3357 2201 3412 pra:
2229 3341 2426 3413 frigore
2454 3359 2558 3398 non
2587 3357 2807 3415 possunt
2841 3346 2894 3402 in
2923 3347 3143 3404 fundum
3175 3351 3414 3423 demergi
3445 3371 3460 3406 :
3501 3355 3572 3410 ita

1971 3445 2028 3491 et
2057 3437 2210 3492 nobis
2239 3438 2450 3492 accidit.
2481 3437 2707 3507 Quando
2736 3443 2879 3496 enim
2910 3457 3143 3514 superne
3165 3446 3352 3517 ingens
3379 3448 3576 3516 ingruit

1973 3528 2280 3583 voracitatis
2328 3520 2519 3596 imber,
2571 3533 2750 3585 omnia
2805 3547 3173 3602 conunovens,
3223 3539 3574 3607 cogitationes

1971 3630 2126 3674 antea
2155 3635 2335 3687 sanas,
2365 3629 2414 3675 et
2446 3621 2674 3690 quietas,
2703 3637 2801 3676 ceu
2831 3634 3068 3680 mortuas
3095 3638 3446 3694 supernatat-e
3472 3645 3569 3683 co-

1971 3715 2066 3785 git.
2098 3714 2234 3768 Cum
2265 3714 2426 3782 igitur
2446 3729 2508 3767 ex
2539 3714 2842 3784 hujusmodi
2866 3718 3124 3787 exemplis
3147 3719 3573 3776 demonstratum

1976 3806 2127 3860 nobis
2159 3804 2317 3859 ftterit
2355 3815 2616 3874 quantum
2660 3808 2731 3860 sit
2765 3807 3043 3876 damnum,
3074 3824 3348 3866 cessemus
3388 3811 3576 3867 beatos

1975 3898 2152 3953 dicere
2177 3897 2317 3962 illos,
2337 3912 2471 3966 quos
2492 3897 2720 3952 miseros
2737 3896 3029 3967 pradicare
3050 3909 3345 3969 oporteret,
3371 3917 3574 3971 nosque

1975 3990 2258 4057 deplorare
2286 4003 2352 4042 ex
2384 3987 2468 4053 iis,
2503 3989 2572 4042 ob
2602 4004 2722 4059 qua:
2747 3991 2933 4044 beatos
2960 3990 3142 4046 dicere
3181 4001 3488 4061 oporteret,
3520 4002 3575 4048 et

1975 4079 2331 4148 frugalitatem
2381 4079 2688 4148 diligamus.
2736 4085 2929 4136 Annon
2975 4084 3172 4138 auditis
3221 4085 3455 4140 medicos
3493 4086 3569 4139 di-

1975 4179 2187 4231 centes,
2219 4168 2513 4239 Indigentia
2537 4179 2621 4223 est
2651 4180 2821 4225 mater
2849 4172 3132 4226 sanitatis?
3159 4175 3268 4244 ligo
3309 4190 3437 4230 vero
3465 4192 3571 4231 non
3595 4171 3609 4184 ’

1975 4261 2272 4330 corporalis
2309 4260 2469 4314 modo
2507 4261 2754 4315 sanitatis
2797 4261 3139 4331 indigentiam
3179 4274 3407 4319 matrem
3452 4281 3573 4322 esse

1975 4355 2117 4420 dico,
2152 4355 2244 4410 sed
2273 4355 2434 4410 etiam
2466 4354 2779 4423 spiritualis.
2815 4356 2927 4410 lloc
2967 4367 3020 4410 et
3048 4357 3243 4410 Paulus
3271 4373 3432 4412 Verus
3462 4374 3574 4414 tne-

1975 4448 2126 4502 dicus
2147 4448 2362 4511 clamat,
2388 4447 2573 4502 dicens
2603 4466 2617 4501 :
2648 4447 2694 4500 11
2703 4448 2904 4502 abentes
2923 4449 3166 4502 alimenta
3194 4463 3240 4504 et
3266 4461 3572 4521 tegumenta,

1977 4543 2055 4595 Itis
2081 4541 2300 4595 contenti
2328 4541 2483 4594 rimus
2517 4541 2601 4608 (i.
2633 4539 2764 4595 Tim.
2788 4540 2839 4594 6.
2865 4540 2952 4611 8).
2976 4541 3420 4611 Obtempcrt-mus
3446 4556 3577 4613 ergo

1978 4636 2086 4699 illi,
2118 4645 2175 4688 ut
2203 4635 2318 4688 sani
2345 4650 2408 4688 ea
2427 4676 2444 4700 ,
2477 4650 2597 4702 quae
2625 4634 2828 4703 agenda
2859 4645 3002 4695 sunt,
3023 4650 3312 4703 operemur
3340 4637 3394 4690 in
3417 4635 3577 4691 Chri-

1976 4738 2060 4783 sto
2100 4727 2227 4782 Jesu
2278 4728 2500 4780 Domino
2538 4736 2762 4791 nostro,
2805 4728 3020 4795 quicum
3069 4728 3212 4781 Patri
3258 4737 3313 4783 et
3353 4728 3574 4799 Spiritui

1977 4829 2162 4876 sancto
2189 4821 2397 4891 gloria,
2429 4822 2707 4889 imperium
2730 4862 2744 4885 ,
2777 4820 2972 4888 honor,
3006 4837 3145 4876 nunc
3170 4833 3222 4876 et
3255 4837 3490 4894 seraper,
3523 4831 3578 4875 et

1979 4916 2032 4969 in
2060 4915 2252 4970 Saecula
2285 4913 2628 4968 saeculorum.
2661 4917 2854 4968 Amen.

355 5023 606 5078 "in.

277 5273 405 5331 Car.
441 5273 493 5328 7.
534 5289 586 5328 v.
629 5275 720 5332 35.
761 5274 914 5330 Hunc
957 5275 1206 5347 Moytem,
1254 5293 1401 5344 quem
1439 5286 1761 5348 negaverunt,
1787 5276 1869 5330 di-

344 5377 515 5422 centes
541 5383 561 5420 :
589 5367 714 5432 Quis
746 5377 795 5423 te
819 5369 1075 5423 constituit
1097 5369 1380 5439 principem
1404 5378 1447 5424 et
1467 5369 1692 5440 judicent
1713 5384 1868 5438 super

344 5460 479 5514 nos?
505 5461 637 5514 hunc
661 5459 804 5516 Deus
821 5461 1100 5531 principem
1121 5471 1168 5516 et
1187 5461 1554 5530 redemptorem
1581 5462 1714 5516 misit
1750 5477 1868 5516 cum

345 5569 504 5605 ruant:
525 5553 715 5624 angeli,
741 5553 829 5622 qui
853 5553 1093 5622 apparuit
1120 5552 1202 5606 illi
1225 5553 1281 5607 in
1308 5553 1454 5607 rubo.

346 5643 400 5698 i.
429 5641 653 5698 Multum
674 5657 983 5714 congruens
1005 5643 1107 5698 hoc
1126 5649 1208 5699 est
1233 5652 1548 5714 argumento
1569 5644 1866 5714 preposito.

287 5733 432 5788 llunc
477 5733 728 5806 ﬂagrem,
781 5734 976 5803 inquit.
1019 5734 1241 5802 Qualem
1287 5735 1470 5789 hunc?
1514 5736 1647 5790 Eum
1682 5737 1770 5806 qui
1811 5737 1865 5791 in

287 5825 570 5896 periculum
588 5826 743 5885 exitii
769 5828 938 5892 venit,
955 5839 1078 5882 eum
1098 5840 1259 5896 quem
1288 5825 1388 5898 ipsi
1403 5834 1864 5897 contempserant,

1602 5125 1948 5190 HOMlLlA
1991 5126 2195 5190 XVII.

1975 5289 2134 5346 quem
2178 5281 2506 5344 negaverant
2540 5272 2802 5336 dicentes,
2832 5273 2959 5341 Quis
3001 5285 3049 5329 te
3085 5276 3346 5328 constituit
3378 5274 3570 5343 princi.

1973 5364 2302 5437 pem(E:rod.
2331 5365 2388 5419 ‘1.
2412 5364 2502 5436 Η»)
2527 5364 2550 5417 ?
2573 5365 3027 5436 quemadmodum
3073 5377 3129 5420 et
3171 5365 3386 5419 Christo
3416 5363 3568 5418 dieeo

1973 5459 2120 5524 bant,
2153 5457 2274 5512 Non
2320 5456 2562 5512 habemus
2591 5474 2792 5528 regem,
2840 5459 2938 5512 nisi
2978 5455 3228 5510 (ἔωσι-ειη
3259 5455 3436 5526 (Joan.
3473 5455 3562 5511 19.

1977 5550 2088 5615 15).
2126 5549 2274 5604 Hunc
2304 5549 2442 5604 Deus
2480 5550 2756 5621 principem
2800 5558 2846 5603 et
2884 5547 3250 5616 redemptorem
3289 5546 3424 5600 misit
3455 5563 3574 5601 cum

1974 5660 2130 5698 manu
2160 5642 2361 5713 angeli;
2389 5641 2480 5712 qui
2505 5641 2716 5695 dixerat
2741 5640 2815 5703 ei,
2855 5638 2968 5710 Ego
2997 5655 3108 5691 sum
3153 5636 3288 5691 Deus
3315 5636 3572 5692 Abraham

1977 5735 2170 5808 (Exod.
2201 5737 2253 5790 5.
2281 5736 2359 5804 ti).
2392 5734 2488 5789 llic
2521 5741 2574 5788 et
2615 5733 2892 5795 miracula,
2936 5745 3056 5800 quae
3103 5729 3241 5784 facta
3283 5739 3429 5795 sunt,
3472 5747 3571 5802 per

1974 5827 2248 5884 Christum
2274 5825 2412 5882 facta
2439 5837 2561 5880 esse
2585 5820 2845 5886 ostendit,
2873 5821 2962 5878 56.
2996 5819 3118 5890 llic,
3149 5819 3200 5877 id
3227 5831 3330 5893 est,
3363 5819 3570 5889 Moyses
