3946 6422
548 492 631 556 (et
659 482 799 549 vide,
833 480 1105 554 quomodo
1133 479 1283 536 illum
1310 479 1648 550 Splendidum
1686 475 1959 546 exhibeat)
2012 477 2142 530 edu-

547 583 621 634 xit
648 579 786 639 illos,
823 578 1014 646 faciens
1039 575 1274 646 prodigia
1305 587 1354 627 et
1377 574 1526 643 signa
1564 573 1617 624 in
1653 579 1786 624 terra
1823 568 2068 639 Aiggpti,
2096 577 2144 620 et

549 673 600 724 in
629 671 758 723 mari
777 668 964 728 Rubro.
992 675 1040 720 et
1065 663 1115 718 iu
1139 667 1338 720 deserto
1357 665 1506 718 annis
1531 662 1893 733 quadraginta.
1921 661 2009 715 57.
2043 658 2144 712 llic

547 775 622 819 est
655 763 874 832 Moyses,
899 761 987 830 qni
1011 760 1140 813 dixit
1167 760 1290 825 ﬁliis
1320 755 1485 810 Israel
1505 770 1527 809 :
1550 753 1863 824 Prophetam
1885 751 2022 805 vobis
2053 767 2144 804 su-

549 856 744 910 scitabit
775 854 1020 907 Dominus
1047 850 1181 904 Deus
1205 866 1268 903 ea:
1296 848 1536 919 fratribus
1572 846 1747 900 vestris
1780 855 2035 912 tamquam
2064 859 2148 894 suo

547 947 726 1021 (Deut.
758 946 846 1001 t8.
889 945 1018 1016 l8);
1053 942 1105 997 id
1147 951 1250 1006 est,
1273 947 1662 1007 contemptum,
1698 935 1906 989 insidiis
1935 931 2142 1003 appeti-

549 1055 682 1097 tum.
717 1041 926 1094 Etenim
956 1037 1198 1090 voluerat
1230 1035 1401 1103 ipsum
1440 1030 1690 1086 occidere
1714 1026 1978 1090 llcrodes,
2005 1035 2059 1078 et
2088 1024 2140 1078 in

553 1134 783 1204 digypto
812 1142 1056 1186 servatus
1076 1137 1176 1199 est,
1202 1127 1337 1180 sicut
1363 1133 1418 1178 et
1445 1124 1531 1178 ille
1563 1137 1694 1191 puer
1715 1137 1837 1175 eum
1864 1127 2029 1183 esset,
2057 1117 2141 1170 in-

545 1228 700 1284 sidiis
725 1238 806 1279 est
831 1225 1117 1293 appetitus.
1149 1220 1238 1275 58.
1277 1217 1375 1270 llic
1405 1226 1497 1279 est,
1527 1216 1614 1285 qui
1633 1213 1730 1284 fuit
1769 1214 1823 1266 in
1856 1211 2064 1265 ecclesia
2089 1211 2142 1262 iu

549 1318 840 1380 solitudine,
865 1332 978 1368 cum
1002 1313 1203 1383 angelo.
1233 1309 1318 1380 qui
1337 1309 1636 1379 loquebatur
1655 1306 1701 1358 ei
1723 1305 1773 1357 in
1797 1313 1965 1356 monte
1985 1301 2138 1366 Sina,

546 1425 593 1466 et
622 1429 734 1465 cum
768 1409 995 1476 putribus
1025 1404 1244 1466 nostris;
1271 1402 1356 1472 qui
1381 1399 1573 1468 accepit
1594 1397 1740 1450 verba
1761 1396 1872 1449 sine
1894 1394 2020 1446 dare
2043 1409 2142 1446 uo-

548 1505 641 1558 bis.
670 1503 875 1556 Rursus
902 1513 1162 1566 nusquam
1194 1493 1472 1563 templum,
1507 1504 1768 1558 nusquam
1798 1485 2136 1541 sacriﬁcium.

547 1595 674 1649 Cum
720 1594 919 1662 angelo,
975 1587 1164 1658 inquit.
1219 1594 1273 1637 ut
1318 1585 1462 1636 daret
1506 1580 1650 1634 nobis
1693 1579 1839 1632 rerba
1867 1577 1997 1630 viae.
2045 1573 2143 1628 llic

549 1685 803 1744 ostendit,
840 1681 1010 1750 ipsum
1044 1694 1149 1732 non
1185 1684 1388 1730 tantum
1434 1673 1582 1741 signa
1615 1670 1822 1732 fecisse,
1856 1667 1946 1724 sed
1976 1665 2139 1721 etiam

550 1781 722 1849 legem
748 1775 980 1835 dedis~e,
1011 1779 1068 1825 ιιι
1096 1769 1339 1824 Christus
1362 1766 1501 1821 fecit.
1527 1759 1986 1829 Quemadmodum
2013 1773 2141 1825 ergo

551 1848 636 1922 hic
665 1867 836 1937 primo
865 1865 1010 1933 signa
1040 1861 1182 1926 facit,
1212 1870 1266 1914 et
1293 1870 1416 1911 tunc
1444 1857 1612 1924 legem
1640 1852 1732 1906 dat
1763 1869 1775 1904 :
1803 1852 1879 1905 sic
1906 1859 1960 1904 ct
1987 1848 2141 1902 Chri-

549 1975 684 2016 stus.
730 1958 834 2014 Sed
881 1971 986 2011 non
1036 1954 1322 2007 audierunt
1363 1949 1546 2010 illutn,
1585 1961 1798 2013 semper
1841 1956 2140 2011 repugnare

544 2054 711 2118 docti,
745 2059 864 2120 post
907 2049 1056 2118 signa
1107 2045 1213 2108 illa,
1249 2051 1371 2112 post
1397 2040 1634 2110 prodigia
1669 2054 1764 2106 per
1788 2033 2140 2104 quadraginta

544 2160 713 2201 annot
742 2141 907 2196 edita.
946 2138 1128 2206 Neque
1171 2138 1272 2188 hoc
1315 2143 1556 2193 tantum,
1593 2129 1688 2184 sed
1728 2137 1780 2180 ct
1808 2123 2137 2182 contrarium

545 2235 908 2290 cxhibncrunt
933 2246 948 2292 ;
975 2229 1114 2298 quod
1140 2225 1440 2286 declarans,
1467 2220 1658 2288 adjecit
1683 2236 1695 2272 :
1717 2218 1811 2271 39.
1843 2215 1934 2269 Cui
1963 2215 2142 2267 nolue-

545 2338 662 2381 runt
683 2325 886 2378 obedire
907 2329 1073 2388 patres
1095 2317 1255 2370 nostri
1269 2331 1287 2376 ;
1313 2315 1402 2368 sed
1425 2313 1738 2380 repulerunt,
1762 2318 1808 2361 et
1831 2307 1991 2359 aversi
2021 2313 2141 2358 sunt

544 2419 780 2474 cordibus
805 2413 914 2468 suis
941 2414 992 2466 in
1019 2409 1328 2481 .Eggptum,
1356 2407 1444 2462 40.
1465 2406 1685 2458 dicentes
1702 2402 1769 2454 ad
1794 2400 1963 2454 Aaron
1989 2412 2008 2452 .'
2032 2395 2139 2450 Fac

545 2512 686 2563 nobis
726 2509 866 2569 deos,
903 2505 987 2574 qui
1031 2505 1314 2572 prwcedant
1343 2515 1434 2552 nos
1468 2513 1486 2550 :
1520 2495 1722 2565 Moyses
1749 2497 1879 2546 enim
1909 2489 2012 2552 ltic,
2039 2489 2130 2558 qui

545 2603 717 2658 eduxit
753 2617 844 2652 nos
867 2597 930 2650 de
962 2608 1094 2648 terra
1130 2591 1370 2662 zEgypti,
1405 2589 1654 2642 nescimus
1689 2583 1812 2652 quid
1850 2586 2040 2653 factum
2074 2579 2138 2632 sit

542 2698 588 2748 ei
606 2693 796 2764 (Exod.
825 2691 914 2744 52.
949 2688 1024 2757 l).
1050 2687 1139 2740 «Η.
1165 2684 1229 2738 Et
1259 2682 1467 2735 vitulam
1490 2681 1711 2749 fecerunt
1740 2677 1790 2728 in
1815 2672 1988 2726 diebus
2012 2670 2135 2735 illis,

541 2797 590 2841 et
615 2787 899 2841 obtulerunt
925 2779 1140 2833 hostium
1163 2775 1460 2838 simulacro,
1490 2781 1534 2824 et
1557 2769 1862 2826 testabantur
1886 2767 1940 2819 iu
1963 2764 2134 2834 operi-

541 2879 636 2932 bus
665 2890 908 2928 inauuum
927 2886 1157 2924 suarum.
1182 2865 1272 2922 42.
1303 2862 1482 2919 Conre;
1501 2863 1557 2915 tit
1581 2871 1750 2914 autem
1773 2857 1930 2920 Deus,
1957 2866 2002 2908 et
2025 2865 2137 2909 tra-

543 2970 671 3023 didit
701 2968 817 3019 illos
845 2963 1030 3018 servire
1059 2960 1254 3012 militia:
1282 2956 1416 3018 cadi,
1449 2955 1578 3006 sicut
1602 2951 1846 3019 scriptum
1887 2958 1961 3002 est
1991 2950 2040 2998 in
2074 2945 2139 2998 li-

543 3063 634 3115 bro
663 3060 1020 3130 praphetarum
1042 3069 1061 3106 :
1094 3048 1358 3117 Numquid
1383 3045 1608 3099 victimas
1633 3052 1681 3097 et
1707 3039 1962 3108 sacriﬁcia
1987 3039 2136 3091 obtu-

544 3127 672 3206 listis
700 3150 821 3200 mihi
847 3148 994 3198 anilis
1031 3140 1370 3212 quadraginta
1407 3137 1458 3189 in
1493 3133 1713 3194 deserto,
1759 3130 1938 3182 domus
1971 3127 2139 3181 Israel

552 3247 728 3313 (:ltnos
776 3241 828 3295 5.
864 3236 1000 3306 25)?
1040 3234 1125 3288 4'5.
1177 3231 1240 3285 Et
1277 3230 1564 3293 suscepistis
1605 3223 1980 3276 tabernaculum
2024 3217 2140 3271 Mo-

546 3312 682 3398 loclt,
713 3346 758 3389 et
779 3333 920 3386 sidus
941 3328 1020 3382 dei
1043 3325 1189 3380 vestri
1217 3320 1504 3391 Rempltau,
1539 3317 1749 3386 figuras,
1773 3329 1899 3383 quas
1925 3312 2137 3380 fecistis,

544 3442 602 3485 ut
628 3423 907 3482 udoraretis
935 3437 1038 3476 eas.
1079 3417 1141 3470 Ει
1171 3413 1477 3480 transferam
1519 3426 1605 3464 t'os
1630 3417 1771 3460 trans
1803 3404 2134 3474 Babylonem.

550 3518 808 3581 Tradidit;
833 3515 932 3566 hoc
959 3513 1095 3564 idem
1117 3517 1202 3562 est
1228 3520 1311 3570 ac,
1331 3499 1590 3571 permisit.
1618 3498 1709 3553 Η.
1733 3493 2137 3549 Tabernaculum

544 3607 816 3665 testimonii
841 3614 948 3659 erat
975 3599 1202 3672 patribus
1231 3594 1416 3650 nostris
1456 3592 1510 3645 iu
1547 3591 1762 3650 deserto,
1796 3587 1923 3641 sicut
1949 3595 2141 3639 statue.-

544 3715 623 3758 rat
653 3703 755 3756 illis
787 3701 993 3768 loquens
1019 3696 1086 3747 ad
1124 3691 1373 3762 Mogsem,
1409 3697 1463 3741 ut
1490 3689 1674 3759 faceret
1703 3683 1834 3738 illud
1863 3679 2138 3735 secundum

544 3802 784 3867 formam,
812 3807 961 3860 quam
993 3788 1183 3841 ridcrat
1215 3781 1410 3853 (Exod.
1439 3779 1530 3834 25.
1563 3777 1675 3848 40).
1708 3777 1856 3832 Licet
1882 3775 2136 3830 taberna-

546 3887 726 3941 culum
757 3892 921 3946 esset,
949 3876 1211 3932 sacriﬁcia
1243 3889 1349 3928 non
1381 3879 1553 3926 crant.
1584 3869 1738 3937 Quod
1768 3882 1896 3922 vero
1923 3881 2029 3921 non
2053 3879 2139 3920 cs-

545 3989 690 4044 scnt,
723 3976 982 4047 propheta
1011 3971 1250 4025 declarat
1279 3967 1361 4021 his
1382 3965 1561 4020 verbis
1586 3981 1600 4018 :
1625 3960 1890 4031 Numquid
1915 3961 2138 4014 victimas

547 4082 594 4125 et
621 4068 873 4138 sacriﬁcia
893 4061 1147 4119 obtulistis
1179 4059 1347 4113 mihi?
1385 4055 1812 4112 Tabernaculuni
1845 4051 2136 4106 testimonii

503 4150 681 4228 ἐι-ιιι,
703 4173 760 4215 et
790 4158 920 4212 nihil
952 4157 1080 4226 ipsis
1108 4153 1378 4224 proderat,
1414 4149 1508 4204 sed
1529 4147 2003 4203 consumebantur.
2033 4143 2138 4199 Ne-

542 4270 652 4326 que
679 4250 905 4306 antehac
928 4250 1030 4303 illis
1057 4261 1229 4317 Signa,
1261 4258 1433 4313 neque
1461 4251 1641 4310 postea
1669 4237 1986 4309 profuerunt
2009 4235 2135 4290 illis.

544 4347 633 4402 45.
668 4344 816 4412 Quod
839 4352 888 4395 et
918 4340 1248 4399 induxerunt,
1278 4335 1610 4405 suscipientes
1637 4341 1806 4402 patres
1834 4329 2014 4382 nostri.
2049 4327 2138 4382 Vi-

545 4440 664 4493 den‘
694 4437 762 4491 ibi
793 4435 967 4488 locum
995 4441 1238 4486 sanctmn
1275 4443 1417 4491 esse,
1447 4426 1534 4480 ubi
1561 4435 1644 4479 est
1677 4423 1856 4478 Deus?
1887 4421 2035 4485 ldeo,
2070 4419 2137 4475 In

543 4534 762 4592 deserto,
791 4527 945 4589 dixit,
970 4533 1026 4577 ut
1053 4522 1224 4576 locum
1258 4521 1374 4574 loco
1403 4517 1668 4574 conferat.
1699 4515 1900 4570 Deinde
1927 4513 2135 4569 beneﬁ-

543 4620 685 4672 cium
715 4617 974 4686 sequitur.
1011 4613 1076 4668 Et
1099 4613 1427 4673 induxerunt,
1470 4609 1660 4679 inquit,
1695 4608 2024 4675 suscipientes
2043 4622 2136 4676 pa-

545 4724 646 4766 tres
671 4713 826 4765 nostri
857 4725 972 4762 cum
998 4707 1126 4762 Iesu
1151 4707 1202 4760 in
1230 4705 1594 4775 possessionem
1617 4702 1862 4771 gentium,
1889 4716 2014 4768 quas
2041 4715 2134 4753 ex-

545 4806 674 4876 pulit
719 4805 854 4858 Deus
892 4820 924 4855 a
964 4802 1094 4872 facie
1141 4810 1345 4870 patrum
1389 4806 1678 4850 nostrorum
1722 4811 1882 4863 usque
1918 4794 1988 4846 ad
2027 4795 2136 4846 dies

547 4897 730 4960 David,
763 4897 852 4952 46.
885 4895 969 4964 qui
999 4893 1184 4948 invenit
1211 4892 1430 4963 gratiam
1468 4901 1586 4942 ante
1615 4887 1800 4953 Deum,
1839 4897 1888 4942 et
1916 4889 2056 4958 petiit
2080 4897 2136 4941 ut

543 4991 784 5046 inveniret
806 4986 1186 5042 tabernaculum
1213 4985 1307 5038 Dei
1334 4983 1496 5038 Jacob
1527 4980 1700 5051 (Psal.
1733 4982 1856 5036 151.
1876 4981 1956 5050 5).
1979 4980 2137 5035 Petiit

543 5081 812 5140 nidiﬁcare
837 5079 1023 5146 David,
1049 5088 1103 5134 et
1134 5094 1239 5132 non
1269 5089 1587 5130 concessum
1618 5081 1702 5128 est
1732 5073 1804 5138 ei,
1845 5087 2038 5142 magno
2067 5071 2134 5125 li-

542 5185 706 5233 cetet
731 5173 1000 5238 mirabili;
1043 5171 1137 5225 sed
1182 5169 1408 5225 aediﬁcat
1448 5165 1693 5236 abjectus
1727 5165 1814 5220 illc
1852 5163 2130 5220 Salomon.

545 5272 670 5327 Ideo
694 5267 921 5324 ωιτη.
972 5265 1220 5320 Salomon
1259 5272 1428 5314 autem
1471 5259 1744 5329 atdiﬁcauit
1780 5258 1858 5312 illi
1900 5259 2130 5312 domum.

541 5364 630 5421 48.
661 5363 768 5420 Sed
795 5376 897 5415 non
923 5357 1212 5413 Altissimus
1253 5357 1307 5409 in
1345 5354 1650 5423 manufactis
1676 5353 1878 5423 teniplis
1915 5353 2130 5406 habitat.

541 5455 657 5510 Jam
688 5454 790 5508 hoc
819 5469 912 5523 per
932 5467 1014 5517 ea,
1038 5466 1158 5522 qua:
1183 5463 1343 5518 supra
1368 5447 1510 5502 dicta
1536 5456 1683 5512 sunt,
1713 5457 1989 5500 ostensum
2013 5453 2130 5511 est;

539 5546 840 5599 declaratur
859 5545 1018 5599 etiam
1035 5559 1102 5598 es
1120 5541 1427 5612 prophetica
1445 5553 1576 5594 voce
1597 5555 1611 5591 :
1634 5537 1904 5608 quomodo
1926 5546 2127 5598 autem,

539 5635 664 5688 audi
692 5637 988 5702 sequentia.
1028 5636 1174 5690 Sicut
1196 5632 1443 5704 pr0plieta
1472 5633 1635 5686 dicit:
1661 5631 1749 5686 49.
1783 5629 1974 5686 Caelum
2005 5629 2128 5682 mini

535 5725 681 5777 sedes
708 5733 801 5786 est,
845 5737 978 5781 terra
1023 5737 1191 5780 autem
1230 5725 1502 5779 scabellum
1545 5724 1732 5796 pedum
1773 5736 2021 5775 meorum.
2059 5718 2130 5773 Et

534 5823 691 5882 Quum
717 5811 919 5869 domum
943 5817 1260 5889 adiﬁcabitis
1285 5816 1430 5887 mihi,
1451 5816 1573 5872 dicit
1594 5812 1889 5886 Dominus?
1908 5807 2133 5880 autquis

1303 366 1363 424 S.
1401 364 1688 424 JOANNIS'
1713 363 2189 422 CllRYSOSTOT-ll
2226 362 2548 422 ARCllllt'l’.
2587 366 3123 424 CONSTANTINOP.
3721 381 3812 443 εδδ

2251 476 2392 530 locus
2413 478 2734 547 requietionis
2764 495 2889 533 utea:
2911 490 2984 533 est
3001 480 3028 532 .’
3056 479 3144 536 50.
3174 495 3343 534 nonne
3367 495 3553 536 manus
3587 500 3697 540 mea
3711 491 3820 556 fecit

2247 568 2356 622 lucc
2376 570 2547 623 omnia
2563 568 2716 638 (Isai.
2739 571 2826 624 66.
2854 571 2949 638 ω
2976 570 3056 625 Ne
3083 570 3370 635 miremini,
3401 573 3596 641 inquit,
3623 576 3665 628 si
3684 576 3825 632 Chri-

2246 671 2361 714 stus
2391 661 2476 723 iis,
2504 662 2595 730 qui
2618 677 2839 733 regnum
2865 664 3029 734 ipsius
3047 663 3310 731 rejiciunt,
3339 665 3481 720 bene
3506 665 3648 726 facit.
3668 683 3822 737 quan-

2246 749 2534 820 doquidem
2560 763 2614 806 et
2641 753 2694 807 in
2733 753 2914 824 Moyse
2951 753 3054 809 hoc
3095 755 3290 808 tactum
3319 766 3426 809 est.
3469 756 3535 809 Et
3573 772 3676 812 non
3703 760 3821 814 Slth

2247 841 2459 910 pliciter
2487 841 2609 895 illos
2654 845 2814 908 eruit,
2861 844 2952 897 sed
2999 844 3050 898 in
3094 844 3308 898 deserto
3355 856 3600 914 agentes.
3635 847 3820 917 Vidett‘,

2245 931 2386 1000 quod
2419 940 2636 1000 propter
2679 933 2800 987 illos
2841 933 2989 1003 signa
3041 933 3128 988 illa
3166 935 3306 988 edita
3351 934 3498 989 sint?
3539 934 3714 1006 Itaque
3741 943 3820 1008 qui

2245 1036 2367 1076 cum
2395 1021 2510 1077 Deo
2545 1022 2798 1093 loquutus
2824 1037 2928 1088 est,
2961 1025 3051 1094 qui
3082 1025 3218 1081 mirc
3247 1036 3534 1092 servatus,
3575 1030 3662 1098 qui
3695 1038 3818 1085 tanta

2246 1113 2371 1169 fecit
2399 1123 2451 1168 et
2468 1116 2672 1186 potuit;
2706 1117 2938 1171 ostendit
2963 1119 3184 1172 omnino
3203 1127 3462 1202 Oportcre
3487 1119 3689 1188 impleri
3711 1139 3818 1189 pro-

2247 1208 2507 1276 phetiam,
2537 1224 2638 1263 nec
2665 1221 2946 1264 aversatur
2971 1211 3072 1265 sibi
3117 1211 3238 1280 ipsi.
3265 1206 3387 1266 'Sed
3425 1212 3670 1280 superius
3695 1213 3814 1267 dicta

2246 1310 2570 1368 repetamus.
2607 1301 2704 1354 llic
2723 1312 2814 1365 est,
2848 1302 3034 1372 inquit,
3074 1302 3274 1372 Moyses
3295 1304 3384 1371 qui
3413 1304 3543 1357 dixit
3574 1319 3592 1356 :
3622 1301 3813 1371 Propiu-

2245 1401 2349 1444 tant
2389 1393 2524 1447 vobis
2557 1395 2819 1447 suscitabit
2863 1394 3112 1448 Dominus
3143 1406 3404 1464 tamquam
3434 1411 3535 1448 nte.
3577 1395 3682 1449 lloc
3708 1411 3810 1465 puto

2244 1484 2515 1540 Christum
2547 1489 2847 1554 respexisse
2875 1503 2995 1541 cum
3021 1486 3157 1540 dixit
3194 1503 3207 1539 :
3237 1485 3323 1540 Ex
3345 1486 3550 1540 Juda'is
3591 1488 3718 1540 salus
3747 1500 3802 1542 ut

2246 1575 2422 1644 (Joan.
2451 1577 2502 1629 4.
2533 1575 2650 1646 εει),
2675 1577 2911 1645 seipsum
2935 1575 3300 1630 subindicans.
3329 1575 3432 1628 llic
3453 1589 3546 1641 est,
3568 1579 3648 1645 qui
3670 1580 3749 1647 fuit
3766 1580 3802 1631 in

2245 1666 2440 1720 deserto
2469 1681 2584 1718 cum
2616 1667 2818 1735 angelo,
2858 1668 2944 1737 qui
2974 1666 3271 1737 loquebatur
3310 1668 3430 1737 ipsi.
3474 1667 3611 1723 Ecce
3649 1669 3806 1721 iterum

2245 1757 2480 1812 ostendit
2508 1757 2679 1827 ipsum
2701 1758 2915 1812 dedisse
2937 1757 3129 1827 legem,
3157 1757 3425 1827 siquidem
3450 1774 3570 1813 cum
3590 1759 3697 1827 ipso
3715 1769 3806 1811 erat

2246 1850 2298 1906 in
2329 1861 2468 1906 cmtu
2507 1851 2557 1904 in
2602 1851 2836 1905 deserto.
2891 1851 2989 1906 llic
3035 1866 3163 1905 vero
3214 1851 3536 1905 miraculum
3590 1868 3803 1921 magnum

2244 1946 2405 1998 etiam
2429 1954 2815 1998 commemorat
2845 1944 2895 1998 in
2926 1953 3106 1998 monte
3135 1944 3356 1998 factum.
3385 1944 3486 2011 Qui
3519 1945 3696 2012 accepit
3719 1962 3808 1998 ver-

2243 2041 2308 2090 ba
2335 2038 2468 2100 viae,
2497 2047 2552 2090 ut
2584 2037 2729 2092 daret
2765 2036 2928 2091 nobis.
2957 2037 3166 2106 Ubique
3207 2037 3474 2091 ttiirabilis
3497 2049 3579 2093 est
3605 2037 3801 2113 Moyses,

2245 2133 2477 2185 maxime
2504 2146 2631 2186 vero
2659 2131 2872 2200 quando
2913 2131 2997 2184 lex
3024 2130 3198 2186 danda
3225 2139 3370 2187 erat.
3416 2131 3552 2198 Quid
3589 2130 3681 2185 sibi
3715 2131 3804 2182 vult

2246 2222 2398 2287 illud,
2441 2221 2601 2275 Verba
2631 2224 2782 2276 vita?
2813 2222 2904 2276 Vel
2931 2237 3015 2288 ea,
3046 2237 3272 2293 quorum
3305 2222 3428 2276 ﬁnis
3453 2239 3545 2292 per
3561 2236 3802 2277 sermones

2246 2314 2664 2381 monstrabatur,
2696 2314 2774 2369 vel
2803 2315 3111 2384 prolihetias
3138 2315 3285 2368 dicit.
3323 2315 3457 2369 llinc
3483 2316 3706 2385 sequitur
3724 2315 3800 2368 cri-

2245 2407 2466 2460 minatio
2493 2407 2544 2461 in
2597 2408 2946 2475 patriarchas,
2977 2408 3066 2477 qui
3110 2416 3227 2476 post
3268 2408 3426 2478 signa
3469 2417 3520 2462 ct
3558 2408 3796 2470 miracula,

2245 2509 2523 2568 posulnam
2555 2507 2872 2566 acet-perant
2894 2500 3052 2553 verba
3073 2499 3213 2566 vilic,
3238 2498 3303 2552 Ei
3336 2501 3619 2562 noluerunt,
3640 2499 3799 2566 inquit,

2243 2590 2525 2645 obedientes
2549 2607 2675 2646 esse.
2693 2590 2857 2646 Recte
2880 2602 3055 2646 autem
3075 2592 3225 2656 dixit,
3244 2591 3415 2646 Verba
3435 2594 3564 2658 vita,
3581 2601 3631 2646 ut
3648 2601 3799 2646 osten-

2243 2685 2394 2739 dctet
2417 2698 2537 2739 eSSt:
2563 2698 2776 2752 quoquc
2805 2683 2965 2738 verba
2990 2699 3094 2737 non
3122 2683 3302 2738 vivent
3319 2685 3388 2750 ia,
3411 2685 3479 2738 de
3500 2684 3676 2754 quibus
3694 2682 3802 2737 Eze-

2243 2777 2384 2832 chiel
2413 2778 2522 2830 ait:
2553 2775 2616 2828 Et
2641 2776 2756 2830 dedi
2785 2776 2921 2830 vobis
2951 2784 3204 2846 prarcepta
3225 2793 3338 2829 noui
3361 2775 3490 2830 bona
3511 2773 3700 2845 (Ezeclt.
3725 2772 3795 2825 20.

2242 2870 2356 2941 25).
2386 2870 2427 2924 Τ
2431 2870 2530 2923 alia
2552 2884 2681 2938 ergo
2713 2868 3005 2937 respiciens
3032 2867 3186 2934 dixit,
3219 2865 3395 2922 Verba
3415 2869 3543 2922 ritar.
3564 2866 3660 2921 Sed
3670 2881 3790 2933 t'cptt-

2243 2962 2433 3026 lerunt,
2452 2971 2498 3014 et
2519 2963 2679 3015 auersi
2699 2972 2814 3015 sunt
2831 2961 3066 3015 cordibus
3086 2965 3192 3014 suis
3209 2960 3264 3014 in
3280 2960 3565 3033 ﬁgyptum
3584 2975 3604 3024 ;
3629 2958 3697 3012 ubi
3721 2957 3782 3009 in-

2243 3054 2610 3124 gemiscebant
2627 3055 2664 3120 ⁸,
2689 3055 2773 3109 ubi
2792 3054 3111 3118 clamabant,
3144 3053 3290 3109 unde
3309 3055 3474 3109 Deum
3494 3051 3783 3108 invocabant.

2245 3145 2314 3199 Et
2336 3147 2566 3200 dicebant
2603 3147 2829 3200 Aaroui:
2859 3144 2969 3199 Fac
2985 3145 3126 3200 nobis
3146 3147 3290 3212 deos,
3308 3148 3396 3218 qui
3417 3145 3786 3216 prrecedtmtuos.

2314 3239 2370 3293 2.
2412 3240 2716 3294 Judccorum
2754 3237 3210 3308 iusipientia.——O
3255 3236 3640 3309 insipientiam!
3685 3230 3790 3290 Fac.

2245 3332 2508 3402 inquiunt,
2556 3341 2612 3384 ut
2651 3319 3083 3400 precedent-nos.
3122 3330 3279 3398 Quo?
3308 3331 3362 3384 ln
3395 3330 3685 3398 Egyptum.
3721 3321 3794 3374 Vi-

2245 3424 2388 3489 den’,
2417 3441 2573 3494 quam
2600 3439 2742 3494 mgre
2767 3423 3125 3478 avellerentur
3150 3438 3178 3474 a
3211 3423 3456 3477 moribus
3476 3413 3794 3490 .‘Egyptiacis?

2244 3516 2380 3584 Quid
2413 3515 2589 3570 (ἰὴ-Μ
2625 3531 2732 3569 non
2775 3522 3055 3584 exspectas
3095 3529 3217 3567 cum
3257 3514 3349 3585 qui
3391 3522 3444 3568 te
3481 3511 3682 3573 eduxit;
3719 3502 3793 3560 8rd

2245 3622 2409 3677 negas
2449 3606 2788 3670 beneﬁcium,
2821 3616 2874 3660 et
2914 3619 2946 3660 a
2995 3602 3343 3660 benefactore
3381 3603 3551 3674 fugis?
3585 3602 3642 3654 l-Lt
3677 3595 3794 3657 vide,

2244 3701 2516 3772 quomodo
2556 3700 2879 3754 contumelia
2911 3697 3169 3752 afﬁciunt.
3216 3696 3425 3768 Moyses
3451 3695 3578 3749 enim
3609 3691 3698 3754 hic,
3727 3689 3795 3740 in-

2243 3793 2453 3862 quiunt,
2483 3792 2572 3863 qui
2599 3793 2772 3846 eduxit
2800 3807 2892 3844 nos
2918 3790 2982 3843 de
3005 3799 3140 3844 terra
3168 3787 3412 3860 Egypti.
3439 3786 3689 3852 Nusquam
3718 3775 3794 3832 Dei

2245 3899 2462 3950 nomen,
2495 3884 2587 3938 sed
2613 3883 2794 3937 otiinia
2833 3883 3001 3954 Moysi
3031 3881 3366 3936 adscribunt.
3399 3881 3462 3934 Et
3489 3892 3604 3934 cum
3629 3870 3797 3944 gratias

2243 3994 2402 4048 agere
2425 3985 2719 4047 Oporteret,
2752 3976 2989 4046 Moyscm
3017 3974 3070 4028 in
3103 3973 3342 4028 medium
3373 3972 3667 4027 adducunt:
3695 3974 3794 4016 cuin

2243 4079 2421 4123 autem
2452 4067 2555 4136 legi
2571 4065 2929 4120 obcdiendum
2955 4074 3089 4126 erat.
3115 4079 3220 4118 non
3239 4065 3352 4132 jam
3380 4063 3604 4133 Moyscm
3625 4069 3796 4110 mento.

2245 4170 2386 4216 rant.
2419 4160 2577 4228 Atqui
2613 4159 2842 4222 dixerat,
2888 4172 2948 4212 se
2982 4156 3300 4224 ascendere,
3334 4165 3391 4209 ut
3419 4143 3582 4223 legem
3617 4145 3796 4212 accipe-

2245 4263 2326 4308 ret
2351 4267 2366 4317 ;
2397 4253 2473 4307 illi
2506 4267 2634 4306 vero
2655 4267 2723 4306 ne
2753 4267 2847 4321 per
2875 4249 3224 4322 quadraginta
3256 4247 3472 4320 quidem
3500 4244 3609 4298 dies
3632 4249 3797 4305 exspe-

2243 4353 2476 4398 ctarunt.
2527 4341 2634 4396 Fac
2668 4342 2811 4397 nobis
2841 4342 2980 4396 deos.
3016 4339 3133 4396 Non
3175 4341 3447 4406 dixerunt,
3489 4337 3664 4393 Deum,
3700 4325 3795 4386 sed.

2245 4434 2380 4490 Deos
2405 4452 2424 4489 :
2446 4435 2524 4488 sic
2547 4433 3034 4499 debacchabantur,
3058 4442 3116 4486 ut
3136 4432 3407 4488 nescirent
3425 4427 3546 4499 quid
3567 4424 3794 4480 diccrrut.

2245 4528 2313 4582 Et
2334 4533 2558 4600 fecerunt
2579 4528 2793 4581 vitulum
2812 4528 2863 4580 in
2879 4526 3053 4580 diebus
3074 4526 3196 4592 illis,
3219 4535 3265 4578 et
3282 4523 3562 4578 obtulerunt
3579 4508 3799 4578 sacriﬁcia

2242 4623 2401 4677 idolo.
2437 4621 2680 4676 Vidlstin’
2709 4619 3066 4689 insipientiam
3111 4616 3424 4688 ingentem?
3454 4609 3550 4670 Ubi
3585 4603 3798 4678 apparuit

2246 4715 2388 4770 Deus
2410 4715 2596 4786 Moysi,
2631 4715 2682 4767 hi
2711 4714 2934 4768 vitulum
2963 4712 3240 4772 l'aciunt,et
3269 4709 3565 4765 immolant.
3593 4700 3650 4754 Et
3669 4696 3796 4751 icta-

2243 4809 2448 4873 bantur,
2472 4785 2662 4878 inquit,
2687 4807 2740 4859 in
2765 4805 2998 4876 Operibus
3020 4820 3259 4858 manuum
3286 4814 3514 4856 suarum.
3544 4795 3614 4849 De
3631 4785 3798 4878 quibus

2243 4872 2564 4956 erubescere
2587 4872 2891 4968 oportebat,
2919 4897 3257 4952 ltetabantur.
3292 4893 3358 4948 Et
3382 4888 3505 4960 quid
3537 4885 3732 4940 mirum,
3759 4872 3796 4925 si

2243 4992 2502 5062 ignoratis
2538 4992 2834 5055 Christum,
2875 4990 3091 5060 quando
3125 4998 3178 5044 ct
3217 4987 3452 5058 Moysem
3497 4971 3732 5049 ignoratis
3753 4979 3799 5020 et

2244 5084 2433 5150 Deum,
2465 5092 2543 5139 tot
2568 5083 2735 5151 signis
2759 5082 3095 5138 exhibitum?
3123 5080 3198 5136 Illi
3229 5093 3357 5136 vero
3387 5091 3487 5131 non
3517 5064 3793 5140 ignorarunt

2242 5177 2424 5253 modo,
2456 5175 2550 5230 sed
2575 5177 2759 5231 etalio
2786 5175 2946 5230 modo
2983 5175 3305 5229 contumelia
3347 5167 3647 5223 atl'ecerunt.
3685 5152 3792 5205 dum

2242 5271 2381 5326 idola
2412 5270 2668 5324 facerent.
2699 5269 2956 5325 Convertit
2981 5277 3148 5321 autem
3188 5266 3346 5330 Deus,
3390 5271 3435 5316 et
3462 5253 3658 5313 tradidit
3692 5245 3790 5299 illos

2239 5364 2426 5417 servire
2452 5363 2645 5416 militia:
2673 5362 2803 5416 cwli.
2846 5360 2980 5415 llinc
3015 5375 3194 5414 triorcs
3224 5356 3316 5421 illi,
3356 5353 3480 5408 hinc
3515 5336 3779 5421 sacriﬁcial

2239 5459 2336 5528 ipsi
2367 5457 2595 5527 primum
2625 5454 2779 5509 idolis
2795 5453 3184 5508 sacriﬁcarunt.
3209 5418 3318 5504 lloc
3334 5439 3622 5514 signiﬁcans
3643 5418 3782 5528 Dauid

2237 5521 2411 5603 dicit:
2447 5547 2512 5600 Et
2554 5552 2779 5618 fecerunt
2821 5545 3033 5600 vitulum
3071 5545 3124 5598 in
3163 5539 3374 5602 Cltoreb,
3401 5546 3445 5588 et
3483 5521 3782 5584 adorarent!“

2237 5641 2471 5712 sculptile
2501 5638 2672 5710 (Psal.
2704 5638 2826 5694 l05.
2859 5636 2971 5708 19).
3009 5635 3143 5692 Nam
3176 5631 3398 5690 aliichac
3435 5628 3674 5690 nusquam
3708 5620 3777 5659 ⁵³⁸

2302 5820 2319 5854 ³
2346 5819 2481 5881 lla-(3
2509 5815 2589 5870 ubi
2609 5811 2999 5880 ingerunt-ebant,
3024 5812 3204 5865 desunt
3227 5811 3277 5862 in
3297 5817 3392 5858 uno
3411 5799 3524 5854 Cod.
