3946 6432
204 354 292 414 137
1127 337 1189 394 ΙΝ
1231 334 1408 391 ACTA
1454 324 1979 389 APOSTOLORUM.
2022 324 2252 381 IIUMIL.
2296 322 2457 380 XVII.

203 466 365 525 eriﬁcii
403 475 614 525 nomen,
659 457 756 515 sed
785 463 1051 528 praecepta
1083 454 1221 517 viva,
1253 457 1308 504 et
1343 445 1552 516 eloquia
1592 442 1711 497 vita
1744 458 1757 495 :

206 572 437 630 nusquam
466 552 814 612 initiationes,
840 547 933 603 sed
958 545 1214 600 miracula
1246 552 1299 598 et
1324 540 1474 610 signa
1502 536 1760 593 exhibita.

206 629 329 710 Sicut
352 650 589 717 scriptum
619 654 693 698 est
725 644 777 697 in
821 640 950 694 libro
980 639 1362 709 prophetarum.
1399 632 1495 687 Hic
1526 629 1767 685 testimo-

208 746 325 800 niusu
354 755 456 793 non
491 738 609 793 sine
649 748 809 789 causa
846 731 1082 795 adducit,
1127 727 1224 784 sed
1265 734 1323 781 ut
1360 721 1609 780 ostendat
1657 735 1764 774 non

211 851 302 895 esse
327 831 600 890 sacriﬁciis
634 843 790 899 opus.
820 827 885 882 Et
915 824 1054 888 vide,
1086 822 1211 892 quid
1241 820 1405 875 dicat.
1445 816 1587 871 Num
1626 813 1767 867 victi-

221 947 296 985 nuts
314 939 353 984 et
379 925 634 994 sacriﬁcia
662 920 913 977 obtulistis
941 917 1066 972 mihi
1104 917 1159 969 in
1189 913 1386 967 deserto
1426 907 1768 979 quadraginta

222 1021 362 1077 unis?
388 1018 451 1072 Et
476 1015 743 1084 accepistis
773 1009 1157 1066 tabernaculum
1181 1006 1233 1060 Μ
1239 1005 1406 1068 οιοοΙι,
1434 1013 1480 1057 et
1501 1000 1643 1055 sidus
1672 998 1769 1053 Dei

221 1116 327 1172 mai
367 1108 668 1181 Rcmpban,
713 1105 905 1176 ﬁguras
947 1116 1072 1172 quas
1116 1098 1304 1172 ﬁxistis
1327 1136 1343 1162 ,
1385 1103 1440 1148 ut
1488 1091 1769 1147 adoraretis

220 1230 294 1269 ea.
316 1210 437 1265 Cum
460 1204 707 1274 emphasi
738 1203 1006 1272 loquitur;
1035 1200 1138 1252 hoc
1162 1211 1291 1251 vero
1318 1191 1585 1263 signiﬁcat
1612 1205 1625 1241 :
1650 1186 1767 1242 Non

218 1294 398 1377 potestis
444 1298 652 1363 dicere,
702 1308 797 1349 vos
851 1291 990 1363 quod
1037 1289 1165 1343 mihi
1215 1281 1613 1344 sacriﬁcaretis,
1662 1279 1770 1333 illis

213 1400 342 1455 etiam
366 1389 783 1452 saerilicavisse;
828 1395 884 1441 et
922 1384 1102 1439 hocin
1147 1380 1383 1444 deserto,
1423 1375 1513 1431 ubi
1539 1372 1772 1428 maxime

215 1494 299 1547 illis
329 1485 657 1559 praesidebat.
702 1480 772 1536 Et
814 1478 1077 1549 accepistis
1113 1470 1495 1529 tabernaculum
1541 1464 1769 1521 Molorlt.

215 1585 274 1640 Et
306 1583 404 1636 lucc
437 1579 533 1633 fuit
578 1588 743 1631 causa
788 1569 1196 1627 sacrificiorum.
1237 1564 1302 1619 Et
1345 1563 1649 1632 transferam
1688 1571 1774 1610 vos

223 1676 337 1729 ultra
358 1670 666 1742 Babylonem.
701 1666 791 1720 Sic
830 1672 886 1718 et
920 1659 1203 1731 captivitas
1244 1653 1514 1710 accusatio
1554 1648 1773 1704 malitiae

229 1775 309 1821 est.
334 1763 381 1818 Et
415 1739 707 1832 quomodo,
748 1754 989 1825 inquies,
1030 1758 1148 1807 erat
1190 1742 1596 1803 Tabernaculum
1637 1739 1777 1793 testi-

230 1831 510 1913 moniilldeo
540 1859 685 1915 erat,
708 1858 765 1903 ut
795 1857 983 1903 testem
1014 1844 1274 1900 haberent
1302 1841 1495 1895 Deum.
1528 1835 1689 1907 Igitur
1708 1831 1775 1887 ad

227 1952 305 2007 hoc
322 1950 474 2005 solum
505 1955 648 2001 erat.
688 1941 985 1999 Secundum
1024 1941 1263 2009 foratum,
1310 1931 1497 2001 inquit,
1540 1943 1654 2000 qua:
1687 1925 1776 1979 tibi

222 2052 450 2100 mnstrata
493 2040 595 2112 {uit
637 2039 691 2092 in
728 2042 917 2090 monte.
966 2031 1148 2100 Itaque
1178 2030 1229 2083 in
1270 2034 1452 2081 monte
1487 2019 1777 2090 descriptio

217 2140 326 2196 facta
349 2145 423 2194 est
449 2155 462 2190 :
493 2144 552 2191 et
582 2134 689 2188 hoc
718 2132 771 2187 in
799 2129 1013 2185 deserto
1054 2120 1556 2179 circumferebatur,
1595 2129 1693 2169 nec
1721 2112 1774 2167 in

215 2231 427 2302 quopiam
457 2228 580 2282 loco
608 2221 880 2278 manebat.
911 2213 1337 2273 Tabernaculum
1366 2223 1496 2265 vero
1527 2205 1774 2262 testimo—

216 2324 458 2388 niivoeat,
503 2332 619 2374 non
659 2316 762 2369 alia
802 2314 869 2368 de
906 2324 1089 2374 causa,
1132 2320 1294 2378 quam
1326 2302 1398 2358 ob
1438 2297 1693 2357 miracula
1723 2304 1778 2352 et

215 2423 467 2488 pracepta.
499 2412 757 2467 Attamen
787 2419 886 2461 nec
916 2402 1068 2469 illud,
1099 2415 1198 2456 uec
1224 2398 1300 2454 illi
1323 2394 1580 2464 templum
1608 2390 1778 2445 habe-

213 2480 335 2564 bant.
365 2480 499 2577 fit-go
526 2504 755 2574 ﬁguram
796 2498 940 2553 illam
970 2493 1188 2566 angelus
1230 2489 1472 2547 dederat.
1517 2483 1688 2556 Usque
1712 2480 1780 2534 ad

214 2602 301 2655 dies
325 2576 494 2664 David,
518 2595 715 2665 inquit.
746 2591 929 2660 Itaque
958 2600 1128 2657 usque
1149 2583 1217 2640 ad
1249 2591 1461 2649 tempus
1489 2576 1617 2634 illud
1647 2585 1782 2629 tem-

214 2694 337 2763 plum
362 2706 460 2745 non
503 2696 646 2750 erat,
690 2681 899 2740 etiamsi
926 2686 1113 2751 gentes
1150 2674 1393 2745 expulsas
1438 2671 1680 2731 fuissent,
1714 2665 1813 2735 de,

214 2785 380 2856 quibus
406 2781 475 2837 ait
502 2799 515 2836 :
555 2780 701 2847 Quas
728 2774 920 2846 expulit
957 2770 1094 2825 Deus
1119 2785 1153 2823 a
1188 2766 1319 2840 facie
1346 2772 1550 2835 patrum
1586 2767 1784 2813 nostra.

215 2893 328 2930 rum.
348 2875 455 2929 Hoc
479 2886 615 2927 vero
629 2869 781 2933 dixit,
807 2866 999 2922 iterum
1017 2859 1331 2924 ostendens,
1361 2852 1597 2910 nondum
1621 2849 1785 2904 fuisse

218 2963 464 3036 templum.
491 2961 636 3031 Quid
660 2958 816 3016 dico?
842 2966 918 3013 tot
948 2951 1224 3018 miracula,
1257 2959 1314 3007 et
1350 2959 1612 3017 nusquam
1643 2950 1785 2996 tem-

219 3059 380 3130 plum?
414 3055 501 3112 Sic
553 3063 614 3109 et
657 3054 887 3123 primum
939 3043 1363 3105 tabernaculum,
1414 3049 1469 3094 et
1520 3047 1783 3104 nuSquam

223 3126 466 3221 templum.
502 3148 569 3203 Et
599 3145 770 3216 petiit,
802 3153 857 3197 ut
887 3138 1153 3196 inveniret
1188 3135 1414 3207 gratiam
1440 3145 1621 3186 coram
1653 3126 1784 3181 Deo.

223 3219 372 3306 Pctiit,
399 3251 451 3298 et
476 3255 588 3295 non
616 3234 897 3293 :ediﬁcavit
924 3251 938 3288 :
972 3234 1042 3287 ita
1072 3245 1178 3285 non
1219 3239 1471 3297 magnum
1516 3219 1786 3293 quidpiam

227 3344 319 3391 erat
352 3328 606 3405 templum
630 3372 644 3397 ,
684 3328 895 3386 etiamsi
936 3325 1153 3398 quidam
1197 3334 1448 3392 magnum
1486 3313 1792 3388 putaverint

227 3443 322 3483 esse
340 3404 700 3485 Salomonem,
722 3420 862 3492 quod
888 3418 1144 3488 templum
1167 3409 1527 3475 aediﬁcaverit,
1554 3406 1643 3477 qui
1667 3404 1790 3460 ideo

227 3519 349 3575 illum
377 3519 508 3590 patri
532 3515 907 3588 prtetuleruut.
936 3507 1090 3578 Quod
1118 3514 1297 3561 autem
1329 3517 1434 3558 nou
1462 3499 1621 3556 fuerit
1639 3506 1793 3568 patre

230 3589 408 3679 melior,
434 3613 541 3667 imo
562 3621 742 3679 neque
762 3620 858 3676 par
887 3603 982 3669 illi,
1008 3600 1101 3656 sed
1129 3607 1330 3654 tantum
1350 3611 1414 3652 ex
1438 3589 1792 3665 quorumdam

229 3703 469 3773 opinione,
498 3702 550 3757 id
596 3699 834 3756 declarat
859 3696 937 3752 sic
959 3707 1187 3766 pergens
1216 3708 1230 3745 :
1261 3689 1368 3746 Sed
1408 3685 1698 3748 Altissimus
1741 3682 1796 3736 in

230 3797 501 3868 nmnufactis
542 3811 649 3849 non
687 3791 901 3856 habitat,
948 3789 1077 3843 sicut
1121 3784 1370 3858 propheta
1406 3780 1527 3835 dicit
1556 3794 1575 3834 .'
1604 3777 1799 3833 Caelum

232 3888 335 3942 milii
356 3887 490 3943 sedes
520 3894 636 3949 est;
666 3893 802 3938 terra
826 3889 993 3935 autem
1016 3876 1291 3933 scabellum
1332 3872 1519 3944 pedum
1546 3884 1792 3923 meorum.

233 3977 388 4048 Neque
413 3979 554 4035 enim
591 3976 706 4032 hate
738 3974 848 4029 Deo
864 3972 1019 4042 digna
1048 3978 1193 4034 sunt,
1223 3974 1407 4036 utpote
1432 3963 1590 4027 facta,
1616 3968 1799 4030 utpote

236 4086 396 4128 manus
422 4072 535 4143 ejus
552 4084 741 4141 opera.
773 4066 927 4132 Vide,
958 4061 1230 4135 quomodo
1261 4060 1381 4115 illos
1408 4056 1663 4129 paulatim
1688 4053 1798 4109 eri-

236 4172 325 4233 gat.
340 4162 579 4219 Ostendit
593 4163 736 4218 enim
754 4175 852 4231 per
872 4156 1210 4228 prophetam,
1239 4150 1515 4222 indignum
1539 4162 1659 4204 esse
1686 4148 1802 4202 haec

240 4252 296 4307 de
318 4255 415 4309 Deo
439 4254 643 4309 dicere.
673 4251 743 4306 Et
762 4248 960 4321 quade
1000 4260 1182 4309 causa,
1223 4242 1454 4313 inquies,
1491 4241 1577 4296 hic
1603 4237 1804 4294 acriter

241 4343 477 4411 loquitur?
520 4345 684 4400 Multa
723 4343 898 4398 inerat
940 4336 1194 4410 loquendi
1244 4334 1437 4390 ﬁducia
1481 4332 1747 4387 morituro
1783 4347 1802 4387 :

246 4450 348 4490 nam
364 4438 640 4509 putoillum
661 4436 764 4490 hoc
784 4447 997 4504 quoque
1020 4445 1090 4487 ex
1106 4427 1433 4485 revelatione
1451 4424 1689 4479 solvisse.
1711 4422 1802 4477 51.

251 4528 370 4583 Dura
394 4533 593 4595 cervice,
629 4541 676 4584 et
704 4524 1069 4582 incircumcisis
1099 4522 1335 4577 cordibus
1362 4529 1409 4575 et
1432 4517 1660 4572 auribus.
1697 4515 1808 4571 [loc

251 4634 429 4694 quoque
443 4623 813 4696 pr0pheticum
832 4629 935 4686 est,
956 4632 1130 4689 neque
1151 4617 1223 4671 illi
1241 4614 1538 4686 proprium.
1562 4610 1662 4666 Vos
1677 4626 1809 4667 sem-

255 4730 327 4781 per
352 4716 552 4784 Spiritui
578 4726 758 4771 sancto
790 4710 1045 4777 resistitis,
1084 4711 1214 4764 sicut
1255 4717 1423 4778 patres
1450 4705 1621 4769 vestri,
1652 4704 1725 4757 ita
1761 4710 1810 4756 et

261 4818 344 4860 vos.
364 4808 572 4877 Quando
615 4807 832 4863 nolebat
866 4819 989 4860 esse
1021 4801 1305 4864 sacriﬁcia,
1336 4814 1432 4854 vos
1462 4794 1808 4852 sacriﬁcaba-

270 4895 364 4959 VIS'.
409 4900 614 4971 quando
667 4899 906 4964 volebat,
937 4909 1151 4952 rursum
1217 4908 1325 4948 non
1385 4889 1809 4954 sacriﬁcabatis;

277 4991 441 5053 quando
477 4993 693 5049 nolebat
732 4991 862 5047 dare
905 4988 1058 5043 vobis
1086 4994 1377 5056 praecepta,
1427 4979 1810 5052 requirebatis;

281 5078 444 5144 modo
478 5085 797 5156 accepistis,
843 5081 1176 5153 neglexistis.
1218 5079 1427 5134 Rursus
1471 5090 1595 5131 cum
1647 5083 1815 5132 staret

280 5175 503 5247 templum,
544 5178 686 5233 idola
726 5176 1018 5241 colebatis;
1049 5171 1264 5243 quando
1303 5170 1415 5225 vult
1457 5168 1576 5224 sine
1615 5166 1818 5237 templo

269 5263 369 5330 mli,
398 5271 710 5325 contrarium
755 5267 948 5323 facitis.
996 5262 1276 5336 Perpende
1307 5280 1320 5318 :
1354 5276 1460 5317 non
1502 5259 1671 5325 dixit,
1704 5258 1817 5314 Deo

265 5357 495 5428 resistitis,
521 5364 636 5426 sed,
665 5361 885 5433 Spiritui
913 5375 934 5414 :
961 5358 1038 5414 sic
1064 5358 1264 5414 nullam
1296 5361 1522 5411 noverat
1560 5352 1816 5409 diﬁ'ereu—

266 5446 388 5503 tiam.
414 5453 662 5526 Quodque
698 5455 871 5523 majus
909 5460 1011 5518 est,
1055 5451 1203 5507 Sicut
1237 5460 1406 5520 patres
1448 5446 1618 5510 vestri,
1648 5445 1724 5499 ita
1770 5452 1818 5498 et

264 5554 352 5606 tos,
378 5543 555 5617 inquit.
586 5548 658 5603 Ita
679 5556 735 5604 et
760 5546 1009 5602 Christus
1030 5540 1411 5614 exprobrabat,
1440 5537 1564 5609 quia
1591 5535 1815 5591 multum

266 5644 451 5704 semper
475 5638 543 5694 de
573 5640 806 5708 patribus
846 5636 1232 5709 gloriabantur.
1264 5631 1355 5687 52.
1390 5631 1554 5699 Quem
1592 5627 1808 5697 prophe-

267 5730 409 5779 tarum
435 5745 534 5784 non
557 5741 666 5786 sunt
694 5731 983 5804 persequuti
1007 5736 1174 5799 patres
1200 5725 1396 5781 vestri?
1425 5723 1492 5776 Et
1526 5720 1821 5776 occideth

267 5827 354 5883 τοι»
383 5821 459 5890 qui
485 5825 882 5910 pftenuntiabant
916 5823 978 5876 de
1003 5821 1222 5876 adventu
1260 5815 1418 5872 Justi.
1452 5812 1642 5871 Adhuc
1677 5810 1818 5866 λειειὶ

3364 326 3467 385 138

1874 438 2025 504 dicit,
2054 438 2241 494 volens
2270 437 2389 494 illos
2418 438 2796 508 comprimere.
2824 438 2991 512 Cujus
3020 428 3269 499 vos'nunc
3292 449 3471 516 pradi-

1871 540 2004 586 tores
2025 539 2071 585 et
2092 529 2363 584 homicida:
2383 530 2569 601 fuistis.
2603 531 2714 585 Duo
2736 531 2841 587 illis
2871 533 3216 605 improperat,
3249 547 3303 592 ct
3328 541 3469 608 quod

1871 622 2187 693 ignorarint,
2240 631 2295 677 et
2342 622 2484 692 quod
2537 623 2854 679 occiderint.
2905 625 2996 682 55.
3058 626 3160 695 Qui
3205 633 3472 699 accepistis

1873 715 2033 786 legem
2075 732 2164 785 per
2202 715 2558 786 dispositiones
2580 717 2899 787 angelorum,
2941 729 2988 774 et
3026 737 3129 775 non
3159 723 3465 783 custodistis.

1946 808 2002 863 '5.
2042 807 2181 874 Quid
2206 818 2289 863 est
2335 808 2514 863 hoc‘?
2566 809 2793 877 Quidam
2840 821 3030 880 putant
3076 815 3249 884 ipsum
3292 816 3471 874 dicere

1876 898 2046 968 legem
2074 899 2143 953 ab
2172 899 2377 969 angelis
2407 898 2573 956 fuisse
2595 901 2934 972 dispositam.
2965 905 3033 959 At
3066 921 3154 962 res
3180 922 3286 964 non
3321 910 3392 965 ita
3411 925 3472 967 se

1876 989 2036 1046 habet
2067 1011 2082 1046 :
2116 992 2202 1047 ubi
2232 1008 2462 1064 namque
2488 994 2665 1064 angtli
2695 995 2791 1049 visi
2823 1007 2950 1051 sunt
2980 998 3151 1069 legem
3181 1001 3475 1058 ordinare?

1876 1081 1971 1136 sed
1997 1081 2311 1154 dispositam
2344 1085 2517 1155 legem
2544 1085 2711 1153 dicit;
2762 1087 2817 1143 id
2846 1096 2949 1154 est,
2981 1090 3227 1146 traditam
3274 1093 3350 1149 illi
3380 1110 3477 1164 per

1875 1176 2147 1246 angelum,
2173 1178 2262 1248 qui
2289 1179 2537 1248 apparuit
2567 1180 2640 1234 illi
2666 1182 2717 1235 in
2746 1176 2902 1240 rubo.
2928 1182 3115 1241 Nonne
3141 1185 3304 1243 homo
3325 1191 3474 1246 erat?

1877 1268 2019 1324 Nihil
2045 1285 2174 1340 ergo
2219 1272 2413 1326 mirum
2441 1283 2545 1335 est,
2572 1288 2667 1328 eos
2711 1276 2800 1345 qui
2852 1277 2940 1331 illa
2988 1276 3249 1345 fecerant,
3279 1292 3329 1338 et
3362 1283 3477 1341 lucc

1881 1362 2093 1418 fecisse.
2119 1363 2177 1419 Si
2203 1366 2584 1421 annuntiautes
2612 1368 2760 1421 illum
2790 1370 3083 1437 occidistis,
3116 1375 3284 1431 multo
3309 1380 3479 1449 magis

1882 1452 2079 1522 ipsum.
2115 1454 2211 1509 Hic
2256 1455 2380 1511 illos
2411 1466 2466 1510 et
2498 1459 2629 1523 Deo,
2659 1469 2712 1514 et
2761 1462 2987 1530 angelis,
3015 1475 3068 1517 et
3100 1465 3391 1538 prophetis,
3423 1480 3480 1526 et

1879 1546 2134 1617 Spiritui,
2185 1556 2241 1604 et
2285 1550 2535 1606 omnibus
2587 1552 2959 1610 iuobedientes
3002 1560 3284 1616 ostendit:
3329 1572 3381 1616 ut
3424 1575 3479 1618 et

1881 1639 2005 1695 alibi
2037 1639 2113 1693 ait
2156 1639 2476 1711 Scriptura:
2518 1642 2758 1711 Domine,
2802 1649 3077 1717 proplteltts
3125 1659 3239 1707 tuos
3278 1655 3479 1708 occide-

1881 1742 2021 1798 runt,
2051 1739 2099 1786 et
2127 1730 2314 1786 altaria
2341 1742 2430 1787 tua
2457 1735 2807 1791 subuerterant
2848 1738 2926 1811 (5.
2972 1740 3098 1811 Reg.
3129 1741 3217 1798 19.
3260 1746 3371 1816 10).
3402 1748 3478 1803 Illi

1884 1824 2045 1895 igitur
2071 1825 2253 1895 specie
2305 1833 2510 1882 tantum
2562 1827 2735 1899 legem
2775 1841 3046 1899 curantes,
3077 1833 3367 1894 dicebant:
3416 1839 3483 1895 In

1883 1914 2116 1986 Moysem
2165 1916 2499 1988 blaspltemat.
2533 1919 2626 1976 llle
2669 1937 2798 1977 vero
2837 1925 3074 1981 ostendit
3121 1927 3266 1997 ipsos
3315 1932 3483 2003 magis

1883 2009 2278 2080 blasphemare,
2311 2026 2416 2066 non
2469 2013 2645 2068 solum
2696 2014 2747 2069 in
2779 2014 3036 2087 Moysem,
3070 2019 3165 2074 sed
3216 2022 3377 2077 etiam
3430 2026 3481 2079 in

1886 2102 2081 2170 Detun,
2109 2112 2163 2159 et
2185 2103 2296 2173 jam
2325 2104 2451 2158 olint
2479 2104 2601 2160 illos
2624 2107 2749 2162 talia
2776 2106 2989 2175 fecisse,
3021 2118 3079 2167 et
3102 2112 3343 2169 instituta
3373 2118 3483 2170 εθι-

1886 2197 2065 2263 visse;
2109 2211 2286 2267 neque
2311 2197 2417 2253 illis
2442 2198 2578 2254 ultra
2609 2214 2745 2269 opus
2785 2215 2946 2257 esse:
2986 2202 3131 2273 ipsos
3169 2205 3318 2271 itetu,
3354 2208 3482 2265 dum

1885 2302 1946 2344 se
1970 2297 2311 2353 accusarent,
2341 2289 2484 2359 quod
2514 2289 2681 2363 Moysi
2710 2301 2853 2347 esset
2902 2297 3230 2362 contrarius,
3261 2298 3483 2370 Spiritui

1886 2389 2075 2435 sancto
2115 2380 2417 2447 obsistere;
2478 2395 2655 2452 neque
2696 2383 2748 2439 id
2794 2385 3130 2457 simpliciter,
3182 2389 3276 2446 sed
3322 2393 3484 2448 etiam

1886 2488 2008 2527 cum
2026 2472 2206 2539 caede;
2232 2482 2284 2529 et
2308 2472 2399 2528 diu
2425 2482 2583 2529 antea
2610 2474 2918 2533 inimicitias
2938 2495 3250 2539 exercuere.
3275 2485 3482 2553 Viden’,

1887 2566 2159 2636 quomodo
2189 2567 2309 2622 illus
2335 2568 2583 2622 ostendat
2612 2578 2668 2624 et
2696 2569 2866 2643 Moysi
2909 2582 2979 2641 et.
3012 2576 3264 2631 omnibus
3289 2577 3486 2633 adrer-

1888 2670 2091 2723 sautes,
2118 2661 2399 2730 legemque
2431 2677 2534 2716 non
2563 2664 2879 2718 servantes?
2910 2667 3071 2736 Atqui
3093 2668 3308 2740 Moyses
3335 2670 3486 2726 dixe-

1889 2757 2015 2805 rat:
2065 2750 2376 2820 Propltetam
2415 2752 2553 2806 vobis
2594 2754 2856 2808 suscitabit
2890 2754 3138 2812 Dominus
3186 2759 3361 2829 (Deut.
3398 2764 3484 2818 18.

1891 2842 1981 2914 18)
2008 2860 2021 2896 :
2051 2850 2103 2898 et
2133 2843 2222 2897 alii
2255 2848 2397 2899 limzc
2420 2855 2703 2899 venturum
2735 2846 3118 2915 pt-mdixeruut,
3146 2860 3200 2904 et
3229 2855 3486 2923 propheta

1891 2950 2103 3005 quoque
2132 2935 2223 3005 qui
2255 2935 2385 2989 dicit
2420 2953 2433 2990 :
2482 2934 2698 3003 Qualem
2725 2938 2931 2991 domum
2971 2940 3287 3010 wdi/icabitis
3324 2944 3492 2998 mihi?

1893 3026 1961 3081 Et
2006 3027 2220 3093 iterum,
2277 3025 2543 3098 Numquid
2585 3027 2812 3083 victimas
2851 3039 2897 3084 et
2942 3032 3197 3102 sacriﬁcia
3244 3034 3493 3089 obtulistis

1895 3120 2020 3173 milii
2044 3120 2387 3191 quadraginta
2415 3122 2604 3175 annis?
2634 3121 2759 3176 Hmc
2785 3131 2900 3177 erat
2928 3123 3119 3179 ﬁducia
3153 3126 3252 3181 viri
3278 3141 3491 3183 crucem

1898 3213 2168 3269 habentis.
2194 3213 2344 3268 llauc
2371 3222 2426 3269 et
2452 3228 2551 3269 nos
2576 3228 2793 3284 quoque
2822 3214 3116 3284 imitemur,
3147 3218 3358 3274 etiamsi
3389 3236 3495 3274 non

1896 3307 1967 3364 sit
1990 3306 2114 3363 belli
2144 3314 2378 3377 tempus,
2405 3307 2500 3362 sed
2530 3307 2736 3363 ﬁduciae
2761 3323 2980 3378 semper
3021 3320 3228 3381 tempus
3264 3322 3366 3368 est.
3394 3312 3496 3367 Lo-

1896 3398 2103 3471 quebar,
2134 3398 2327 3469 inquit,
2357 3398 2420 3452 tle
2443 3399 2743 3453 testimoniis
2780 3400 2878 3453 tuis
2909 3402 2961 3455 in
2989 3413 3259 3472 conspectu
3297 3394 3501 3475 regum,

1898 3501 1945 3547 et
1981 3508 2082 3546 non
2103 3488 2455 3563 confundebar
2488 3488 2660 3561 (Psal.
2694 3491 2817 3546 118.
2840 3491 2957 3561 46).
2982 3492 3037 3546 Si
3066 3508 3195 3563 ergo
3223 3508 3343 3550 cum
3365 3510 3498 3565 gen-

1902 3583 2083 3638 tilibus
2124 3581 2561 3652 congrediamur,
2606 3582 2686 3637 sic
2728 3582 2851 3639 illos
2895 3584 3254 3655 reprimamus
3296 3587 3502 3659 absque

1901 3675 2001 3736 ira.
2033 3673 2236 3744 absque
2258 3673 2568 3745 asperitate.
2598 3672 2733 3728 Nam
2763 3674 2807 3729 si
2836 3688 2960 3730 cum
2993 3675 3069 3730 ira
3093 3675 3195 3732 hoc
3222 3674 3500 3747 iaciamus,

1903 3783 2010 3824 non
2038 3768 2149 3837 jam
2181 3768 2396 3836 ﬁducia,
2423 3767 2518 3824 sed
2554 3769 2732 3839 passio
2778 3784 2901 3825 esse
2942 3770 3186 3837 videtur;
3218 3774 3301 3828 sin
3351 3790 3506 3829 man-

1902 3872 2076 3928 suete,
2096 3875 2222 3917 vere
2246 3860 2438 3917 ﬁducia
2464 3873 2568 3916 est.
2585 3861 2769 3933 Neque
2788 3863 2932 3918 enim
2962 3863 3220 3934 possibile
3240 3874 3325 3922 est
3346 3868 3505 3922 simul

1905 3951 2199 4009 secundum
2253 3952 2499 4008 eamdem
2546 3953 2812 4009 rationem
2860 3953 3091 4025 idipsum
3137 3970 3260 4013 esse
3306 3957 3506 4014 bellum

1906 4058 2042 4115 opus
2062 4052 2116 4099 et
2139 4043 2418 4109 delictum.
2450 4042 2671 4099 Fiducia
2705 4045 2905 4100 bonum
2954 4060 3092 4116 Opus
3117 4055 3220 4115 est,
3248 4046 3328 4103 ira
3372 4048 3508 4103 deli-

1907 4143 2077 4193 ctum.
2107 4138 2332 4206 Oportet
2365 4151 2494 4206 ergo
2526 4151 2647 4190 cum
2681 4135 2874 4192 ﬁducia
2905 4138 3242 4209 loquuturos,
3269 4155 3298 4193 a
3328 4139 3510 4196 furore

1910 4227 2110 4282 liberos
2141 4241 2283 4293 esse,
2313 4235 2372 4280 ut
2410 4241 2479 4281 ne
2505 4226 2627 4297 quis
2660 4225 2785 4281 hinc
2816 4229 2976 4281 verba
3031 4228 3298 4298 proﬁcisci
3333 4209 3502 4298 putet.

1910 4321 2134 4376 Etiamsi
2164 4321 2305 4390 iusta
2331 4319 2539 4375 dixeris
2577 4334 2697 4374 cum
2749 4319 2952 4387 furore,
2986 4330 3154 4377 totum
3204 4322 3505 4392 perdidisti.

1912 4413 2039 4469 licet
2062 4411 2231 4467 libere
2261 4411 2520 4482 loquaris,
2549 4411 2677 4466 licet
2704 4426 2946 4478 moneas,
2976 4414 3097 4469 licet
3120 4413 3332 4484 quidvis
3361 4415 3504 4472 aliud

1913 4505 2098 4562 facias.
2133 4504 2287 4561 Hunc
2316 4504 2526 4575 reSpice
2556 4504 2727 4560 virum
2758 4520 2865 4559 non
2894 4521 3019 4560 cmn
3061 4505 3243 4563 furore
3284 4507 3507 4579 loquen-

1915 4608 2025 4656 tem
2059 4618 2072 4655 :
2104 4614 2279 4669 neque
2319 4600 2465 4653 enim
2508 4598 2836 4654 contumelia
2866 4598 3065 4665 aﬂ‘ecit,
3095 4599 3188 4654 sed
3237 4599 3344 4655 illis
3391 4617 3514 4671 pro.

1915 4690 2185 4765 pheticum
2234 4704 2541 4746 sermonem
2592 4691 2932 4744 memoravit.
2964 4690 3117 4758 Quod
3165 4693 3307 4745 enim
3360 4693 3514 4748 nullo

1919 4783 2098 4838 furore
2153 4792 2487 4845 moveretur,
2555 4781 2791 4837 ostendit
2838 4780 3056 4850 quando
3125 4797 3222 4852 pro
3286 4783 3388 4838 illis
3454 4799 3514 4840 se

1919 4876 2060 4957 male
2090 4874 2474 4945 impetcntibus
2521 4882 2791 4943 precatus,
2821 4873 2959 4929 dixit
3002 4891 3015 4927 ε
3063 4872 3147 4929 Ne
3184 4885 3379 4932 statuas
3411 4878 3516 4931 illis

1921 4970 2016 5025 hoc
2054 4979 2333 5040 peccatum.
2375 4968 2465 5024 Sic
2492 4983 2597 5022 non
2629 4969 2816 5032 iratus,
2845 4967 2938 5024 sed
2982 4982 3079 5038 pro
3107 4968 3214 5025 illis
3241 4969 3432 5026 dolens
3456 4986 3518 5025 ac

1921 5077 2159 5119 mmrens
2202 5059 2523 5132 loquebatur
2549 5059 2660 5116 ille.
2704 5058 2834 5115 Ideo
2873 5075 3105 5131 namque
3135 5059 3203 5116 de
3227 5058 3364 5118 facie
3401 5062 3519 5131 ejus

1923 5154 2100 5209 dixit:
2141 5151 2388 5207 Viderunt
2434 5152 2615 5222 faciem
2643 5152 2756 5222 ejus
2790 5161 3044 5222 tamquam
3097 5152 3279 5224 faciem
3323 5152 3514 5225 angeli,

1922 5254 1983 5303 ut
2012 5246 2131 5300 illos
2160 5243 2511 5299 attraheret’.
2563 5242 2691 5298 Puri
2743 5242 2905 5313 igitur
2934 5241 3003 5298 ab
3034 5242 3115 5297 ira
3160 5242 3345 5297 simus.
3397 5240 3515 5297 Non

1924 5337 2129 5392 habitat
2154 5336 2384 5406 Spiritus
2411 5344 2631 5390 sanctus
2674 5333 2761 5389 ubi
2790 5335 2863 5388 ira
2891 5340 2976 5388 est
3005 5351 3017 5387 :
3047 5332 3364 5399 maledictus
3386 5331 3517 5386 furi-

1921 5427 2159 5485 bundus.
2207 5425 2325 5482 Non
2352 5434 2529 5497 potest
2552 5440 2746 5481 sanum
2769 5423 2899 5496 quid
2945 5424 3183 5495 prodire,
3213 5438 3335 5478 cum
3368 5421 3518 5477 furor

1925 5522 2221 5596 egreditur.
2244 5519 2378 5577 Nam
2406 5521 2546 5576 sicut
2588 5520 2640 5573 in
2663 5518 2880 5572 marina
2925 5526 3243 5585 tempestate
3293 5530 3521 5587 magnus

1926 5627 2009 5675 est
2048 5616 2331 5684 tumultus,
2362 5626 2588 5686 magnus
2625 5612 2853 5679 clamor,
2884 5625 2983 5666 nec
3019 5611 3142 5683 quis
3185 5621 3397 5682 tempus
3426 5610 3523 5668 ba-

1991 5759 2009 5790 ¹
2044 5754 2165 5806 Haec
2183 5752 2505 5815 interrogatio
2536 5750 2681 5815 deest
2704 5748 2755 5815 in
2786 5760 2886 5798 uno
2906 5746 3024 5815 cod.

1995 5820 2017 5851 ⁸
2051 5825 2179 5867 Unus
2200 5807 2315 5865 Cod.
2342 5807 2512 5876 habet,
2532 5811 2606 5863 illi
2628 5812 2911 5872 crederent,
2947 5809 3081 5874 loco,
3105 5807 3216 5863 illos
3235 5808 3503 5865 attrultcret
