3946 6430
360 458 451 517 Ml

357 575 661 648 μελλόντων
696 568 1090 640 ὲπιτευξόμεθα
1117 568 1358 638 ἀγαθῶν,
1390 569 1573 639 χάριτι
1596 567 1688 620 καὶ
1717 564 2025 636 φιλανθρω-

351 665 456 735 πίᾳ
481 661 574 716 τοῦ
603 660 806 730 Κυρίου
841 657 997 730 ἡμῶν
1025 656 1200 727 Ἰησοῦ
1233 656 1492 728 Χριστοῦ,
1530 654 1648 726 μεθ’
1667 650 1728 709 οῦ
1749 653 1826 724 τῷ
1850 653 2026 723 Πατρὶ

1133 452 1190 509 S.
1229 451 1518 510 JOANMS
1554 444 2044 507 CIIRYSOSTOMI
2071 442 2392 502 ARCHIEP.
2417 441 2966 504 CONSTANTINOP.

3711 441 3828 498 ΜΩ

2133 563 2250 633 ἃμα
2276 561 2356 632 τῷ
2395 563 2535 633 ἁγίῳ
2589 561 2891 630 Πνεύματι,
2925 557 3073 624 δόξα,
3102 558 3322 630 κράτος,
3348 556 3502 628 τιμὴ,
3561 554 3665 611 νῦν
3720 557 3829 612 καὶ

2133 650 2244 718 ἀεὶ,
2276 652 2371 704 καὶ
2397 653 2476 713 εἰς
2504 652 2631 713 τοὺς
2663 649 2864 712 αἰῶνας
2900 649 3009 701 τῶν
3035 649 3266 701 αἰώνων.
3311 647 3503 716 ’Δμήν.

457 757 3707 795 ________________________________————-

1823 843 1976 919 μιδ]
2026 843 2267 896 ΟΜΙΛΙΑ
2311 844 2415 897 ιη’.

440 957 781 1019 Ἀκούοντες
811 951 879 1005 δὲ
902 950 1108 1014 ταῦτα,
1149 947 1485 1019 διεπρίοντο
1515 943 1663 1019 ταῖςΔ
1687 941 1958 1019 καρδίαις

491 1026 713 1087 αὐτῶν,
739 1014 837 1078 καὶ
860 1022 1115 1091 ἔϐρυχον
1139 1014 1552 1084 τοὺςόδόντας
1575 1016 1665 1067 ἐπ’
1682 1014 1886 1067 αὐτόν.

424 1120 494 1167 α’.
537 1111 663 1176 Πῶς
714 1111 814 1165 οὐκ
865 1108 1056 1162 ἔλαϐον
1089 1108 1153 1160 ἐκ
1186 1105 1294 1160 τῶν
1334 1105 1638 1174 εἰρημένων
1671 1098 1924 1169 ἀφορμὴν
1953 1099 2031 1158 εἰς

354 1203 416 1256 τὸ
439 1201 646 1255 ἀνελεῖν
674 1212 699 1240 α
723 1197 905 1265 αὐτὸν,
946 1196 1062 1251 ἀλλ’
1093 1194 1173 1247 ἔτι
1201 1193 1482 1264 μαίνονται
1531 1190 1625 1243 καὶ
1661 1187 1914 1258 ζητοῦσιν
1948 1185 2030 1238 αἰ·-

354 1292 498 1356 τίαν,
539 1289 820 1358 θαυμάσαι
870 1285 1038 1350 ἄξιον.
1092 1283 1280 1346 Οὒτως
1324 1281 1504 1335 ἀεὶνὲν
1561 1281 1750 1340 κακοῖς
1795 1277 1931 1329 εἰσιν
1982 1275 2030 1326 οἰ

354 1378 684 1440 ἀδικοῦντες.
713 1376 985 1446 Καθάπερ
1020 1370 1114 1428 οῦν
1144 1374 1194 1426 οἱ
1227 1373 1506 1443 ἀρχιερεῖς
1555 1368 1885 1440 ἀποροῦντες
1917 1368 2031 1417 ἕλε-

355 1486 471 1537 γον·
511 1467 573 1522 Τί
607 1466 943 1532 ποιήσομεν
971 1463 1097 1529 τοῖς
1131 1461 1464 1529 ἀνθρώποις
1494 1459 1765 1522 τούτοις;
1795 1455 1936 1508 οῦτω
1968 1452 2030 1522 δὴ

353 1558 450 1612 καὶ
499 1549 646 1608 οὗτοι
693 1551 1056 1622 διαπρίονται.
1089 1551 1200 1604 Καὶ
1246 1548 1407 1619 μὴνὸ
1435 1545 1754 1619 θυμωθῇναι
1800 1541 2030 1612 ὀφείλων

357 1647 564 1707 ἐκεῖνος
593 1639 682 1713 ἦν,
715 1644 742 1696 6
775 1640 940 1711 μηδὲν
993 1639 1092 1710 μὲν
1144 1637 1434 1706 ἀδικήσας,
1475 1634 1544 1687 τὰ
1594 1633 1650 1686 δὲ
1699 1632 1806 1683 τῶν
1842 1630 2030 1698 ἠδικη-

357 1734 532 1787 κάτων
564 1729 754 1807 παθὼν
779 1728 874 1782 καὶ
903 1723 1239 1793 συκοφαντού
1248 1740 1426 1793 μενος.
1467 1721 1604 1775 Ἀλλ’
1626 1721 1673 1774 ol
1697 1717 2028 1785 συκοφάνται

361 1821 562 1892 μᾶλλον
584 1803 900 1888 ἐλέγχονται
931 1813 1028 1868 καὶ
1056 1811 1250 1884 ταύτῃ*
1293 1811 1464 1873 οῦτως
1496 1809 1715 1880 ἀληθὲς,
1772 1807 1910 1876 ὅπερ
1942 1803 2032 1858 ἀεὶ

356 1911 561 1978 ἔλεγον,
609 1909 694 1961 ὅτι
733 1906 807 1958 Τὸ
855 1905 1030 1957 ποιεῖν
1064 1901 1272 1964 κακῶς,
1327 1899 1487 1952 τοῦτό
1516 1900 1630 1951 ἐστι
1685 1895 1747 1950 τὸ
1802 1894 2032 1963 πάσχειν

357 1997 566 2060 κακῶς.
598 1993 789 2048 Καίτοι
813 1991 975 2054 αὐτὸς
998 1989 1150 2043 οὐδὲν
1179 1987 1645 2056 ἐσυκοφάντησεν,
1677 1985 1792 2038 ἀλλ’
1821 1981 2033 2037 ἀπέδει-

361 2087 466 2150 ξεν.
501 2081 707 2146 Οῦτως,
758 2082 886 2134 ὅταν
916 2075 1271 2150 ὑϐριζώμεθα
1331 2078 1388 2128 έν
1421 2069 1502 2138 οἷς
1531 2074 1592 2126 οὑ
1625 2072 1945 2142 συνοίδαμεν
1978 2070 2032 2134 δ,

354 2173 509 2228 οὐδὲν
539 2171 842 2242 πάσχομεν.
893 2166 1208 2221 Ἐϐούλοντο
1250 2163 1348 2235 μὲν
1399 2159 1492 2216 οῦν
1522 2160 1752 2216 ἀνελεῖνο
1815 2158 1928 2212 ἀλλ’
1969 2157 2032 2210 οὐ

359 2261 573 2316 ποιοῦσι
593 2257 773 2323 τοῦτο,
836 2254 1013 2309 αἰτίαν
1037 2252 1282 2316 θέλοντες
1329 2249 1550 2320 εῦλογον
1607 2246 1912 2320 περιθεῖναι
1958 2243 2036 2316 τῷ

357 2349 686 2419 τολμήματι.
721 2343 787 2399 Τί
817 2338 944 2407 οῦν;
994 2342 1030 2412 ἡ
1077 2340 1234 2412 ῦϐρις
1266 2340 1366 2394 οὐκ
1407 2335 1474 2410 ἦν
1507 2337 1763 2407 εῦλογος;
1801 2335 1919 2392 Οὐκ
1967 2329 2037 2406 ἦν

358 2435 524 2491 αὑτοῦ
558 2438 590 2505 ἡ
624 2433 802 2504 ὕϐρις,
836 2430 972 2484 ἀλλά
995 2428 1090 2483 τοῦ
1129 2431 1408 2499 προφήτου
1460 2425 1784 2497 κατηγορίαο
1823 2425 1857 2496 ἢ
1885 2423 2038 2477 ἑκόν-

356 2542 449 2590 τες
478 2525 572 2578 καὶ
596 2521 974 2586 ἀνεϐάλλοντο,
1034 2517 1176 2570 ῶστε
1207 2518 1284 2588 μὴ
1316 2516 1462 2580 δόξαι
1491 2515 1580 2569 διά
1606 2514 1676 2569 τὰ
1727 2514 1808 2578 εἰς
1840 2512 2038 2574 αὐτοὺς

356 2613 519 2667 αὑτὸν
550 2611 782 2672 ἀνελεῖν,
839 2607 1031 2678 ὥσπερ
1084 2600 1178 2658 οῦν
1213 2605 1308 2658 καὶ
1344 2603 1436 2656 τὸν
1491 2604 1749 2674 Χριστὸν,
1781 2599 1918 2654 ἀλλὰ
1968 2599 2036 2653 δι’

355 2701 632 2757 ἀσέϐειαν.
667 2697 836 2751 Τοῦτο
863 2695 920 2748 δὲ
951 2692 1236 2755 εὐσεϐείας
1257 2687 1325 2761 ἦν
1357 2689 1418 2743 τὸ
1457 2689 1628 2762 ῥῆμα.
1657 2688 1748 2741 Διὸ
1779 2687 1916 2759 μετὰ
1941 2686 2035 2740 τοῦ

354 2790 566 2845 ἀνελεῖν
635 2781 1050 2855 ἐπιχειροῦντες
1103 2780 1198 2832 καὶ
1227 2779 1324 2850 τὴν
1380 2777 1540 2844 δόξαν
1593 2775 1760 2831 αὑτοῦ
1812 2775 2033 2847 βλάψαι,

354 2875 715 2946 διεπρίοντο.
761 2867 1086 2940 Ἐφοϐοῦντο
1134 2867 1265 2938 γὰρ,
1302 2866 1378 2936 μὴ
1409 2864 1568 2919 πάλιν
1599 2863 1788 2917 καινόν
1817 2880 1872 2916 τι
1907 2862 2038 2935 περὶ

359 2965 521 3020 αὑτὸν
543 2961 673 3016 ἄλλο
698 2960 946 3029 γένηται.
975 2953 1134 3019 Εἶτα,
1156 2955 1293 3024 ὅπερ
1315 2954 1410 3008 ἐπὶ
1424 2952 1519 3006 τοῦ
1543 2950 1778 3024 Χριστοῦ
1801 2950 2036 3015 ποιοῦσι,

357 3053 516 3107 τοῦτο
545 3037 643 3104 καί
671 3048 763 3100 ἐπὶ
790 3045 885 3099 τοῦ
920 3043 1219 3112 Στεφάνου’
1259 3041 1356 3094 καὶ
1389 3040 1639 3111 καθάπερ
1687 3041 1825 3101 ἐκεῖ,
1851 3039 2038 3109 ἐπειδὴ

359 3137 533 3205 εἶπεν,
559 3137 816 3206 Ὄψεσθε
847 3132 915 3186 ἐκ
943 3129 1158 3196 δεξιῶν
1186 3127 1293 3196 τῆς
1311 3127 1619 3197 δυνάμεως
1637 3127 1743 3181 τὸν
1772 3127 1908 3181 Υἱὸν
1932 3125 2040 3179 τοῦ

361 3225 676 3296 ἀνθρώπου
704 3219 1071 3290 καθήμενον,
1109 3215 1460 3288 βλασφημίαν
1480 3215 1542 3269 τὸ
1593 3215 1830 3286 πρᾶγμα
1853 3212 2040 3281 ελεγον

360 3317 455 3369 καὶ
491 3312 774 3385 μάρτυρας
803 3307 931 3371 τοὺς
957 3305 1148 3376 ὄχλους
1179 3303 1416 3385 ἐποίουνο
1470 3302 1699 3385 οῦτωίδὴ
1730 3301 1825 3355 καὶ
1845 3299 2040 3356 ἐνταῦ-

363 3404 450 3457 θα.
495 3384 643 3454 Ἐκεῖ
670 3396 965 3469 διέρρηξαν
997 3395 1065 3448 τά
1098 3391 1313 3464 ἱμάτια·
1350 3384 1454 3445 ὧδε
1505 3389 1573 3445 τὰ
1597 3384 1715 3444 ὦτα
1755 3389 2037 3458 συνέσχον.

362 3489 688 3558 ’Ὑπάρχων
726 3484 795 3538 δὲ
851 3481 1091 3550 πλήρης
1121 3481 1467 3549 Πνεύματος
1515 3479 1720 3548 ἁγίου,
1759 3479 2045 3540 ἀτενίσας

369 3580 445 3645 εἰς
499 3578 610 3630 τὸν
666 3571 948 3642 οὐρανὸν,
1008 3566 1130 3624 εἶδε
1187 3569 1376 3633 δόξαν
1433 3566 1604 3630 Θεοῦ,
1662 3565 1760 3618 καὶ
1810 3564 2047 3631 Ἰησοῦν

359 3663 595 3718 ἑστῶτα
622 3661 691 3716 ἐκ
719 3657 936 3724 δεξιῶν
965 3657 1072 3712 τοῦ
1105 3655 1276 3722 Θεοῦ,
1304 3655 1402 3709 καὶ
1433 3651 1622 3709 εἶπεν·
1663 3652 1809 3707 Ἰδοὺ
1852 3651 2046 3719 θεωρῶ

362 3749 502 3817 τοὺς
521 3747 815 3817 οὐρανοὺς
843 3725 1278 3815 ἀνεῳγμένους,
1320 3743 1418 3798 καί
1451 3743 1558 3797 τὸν
1612 3742 1748 3796 Υίὸν
1784 3741 1889 3795 τοῦ
1940 3741 2046 3795 dr-

373 3838 596 3904 ’νιιώπου
645 3836 712 3888 ἐκ
760 3831 976 3897 δεξιῶν
1020 3831 1252 3888 ἑστῶτα
1313 3831 1422 3884 τοῦ
1481 3830 1648 3884 Θεοῦ.
1702 3829 2046 3897 Κρὰξαντες

360 3926 429 3979 δὲ
476 3921 647 3994 φωνῇ
669 3920 926 3992 μεγάλῃ,
981 3918 1296 3988 συνέσχον
1352 3917 1426 3971 τὰ
1482 3913 1603 3972 ὦτα
1655 3915 1890 3980 αὐτῶν,
1945 3915 2053 3968 καὶ·

359 4013 649 4082 ὥρμησαν
699 4006 1080 4078 ὁμοθυμαδὸν
1136 4006 1230 4059 ἐπ’
1280 4007 1489 4060 αὐτόν.
1527 4005 1638 4060 Kal
1684 4004 2046 4070 ἐκϐαλόντες

359 4103 478 4165 ἔξω
503 4098 614 4168 τῆς
640 4098 892 4163 πόλεως,
928 4095 1340 4150 ἐλιθοϐόλουν.
1373 4094 1484 4149 Καὶ
1511 4093 1616 4166 μὴν
1667 4095 1716 4146 εἰ
1764 4092 2042 4163 ἐψεύδετο,

362 4189 438 4252 ῶς
464 4186 792 4259 μαινόμενον
825 4183 932 4237 ἔδει
955 4184 1196 4252 ἀφεῖναι.
1215 4215 1220 4221 -
1240 4181 1299 4236 '0
1328 4181 1385 4235 δὲ
1417 4181 1588 4246 οὕτως
1617 4178 1757 4244 εἰπε,
1783 4173 2043 4251 βουλόμεσ-

363 4295 451 4341 νος
489 4275 687 4339 αὐτοὺς
731 4270 1125 4342 ἐπαγαγέσθαι.
1180 4271 1292 4324 Καὶ
1319 4269 1512 4341 ἐπειδὴ
1558 4267 1729 4322 εἰπὼν
1761 4269 1890 4340 περὶ
1948 4267 2040 4321 τοῦ

363 4361 596 4416 θανάτου
640 4359 822 4430 μόνον,
865 4358 995 4428 περὶ
1027 4357 1376 4420 ἀναστάσεως
1420 4356 1571 4409 οὐδὲν
1624 4355 1894 4426 διελέχθη,
1950 4354 2043 4407 καὶ

363 4448 520 4502 τοῦτο
549 4447 736 4500 λοιπὸν
764 4445 1036 4516 εὐκαίρως
1081 4443 1407 4516 προστίθησι
1456 4443 1518 4496 τὸ
1550 4443 1747 4513 δόγμα.
1778 4440 1938 4496 Οῦτω
1987 4442 2042 4494 δὲ

365 4535 515 4605 αὖτῴ
542 4535 690 4603 λέγει
723 4532 980 4602 φανῆναι,
1013 4531 1089 4594 ῶς
1153 4548 1257 4584 που
1305 4529 1578 4596 διέξεισιν,
1618 4531 1705 4582 ἵνα
1751 4528 1856 4582 κᾶν
1900 4527 2043 4583 οὕτω

365 4624 626 4689 δέξωνται
653 4621 744 4674 τὸν
767 4621 946 4688 λόγον,
979 4619 1060 4684 ὃς,
1101 4619 1224 4672 ἐπεὶ
1257 4619 1320 4672 τὸ
1348 4621 1522 4672 εἰπεῖν
1548 4616 1822 4687 καθῆσθαι
1852 4633 2042 4688 φορτι-

369 4712 462 4764 κὸν
500 4709 681 4772 αὐτοῖς
703 4703 792 4780 ἦν,
823 4707 958 4769 τέως
983 4706 1074 4760 τὸν
1125 4707 1251 4776 περὶ
1282 4706 1382 4777 τῆς
1413 4704 1762 4768 ἀναστάσεως
1793 4707 1935 4757 κινεῖ
1956 4703 2042 4756 λό-

367 4815 482 4867 γον,
514 4797 608 4850 καί
637 4813 798 4867 φησιν
839 4794 1000 4848 αὐτὸν
1052 4793 1324 4848 ἵστασθαι.
1363 4793 1496 4846 Ἀπὸ
1542 4791 1735 4846 τούτου
1783 4791 2041 4862 στοχάζο-

371 4904 465 4957 μαι
503 4885 596 4939 καὶ
628 4883 690 4936 τὸ
728 4883 1018 4954 πρόσωπον
1052 4881 1218 4936 αὑτοῦ
1251 4871 1586 4946 δεδοξάσθαι.
1633 4881 1691 4935 Ὀ
1721 4881 1828 4952 γὰρ
1859 4892 1881 4920 ο
1913 4880 2044 4942 Θεὸς

369 4972 748 5044 φιλάνθρωπος
781 4969 877 5036 ῶν,
907 4969 970 5023 δι’
993 4963 1067 5022 ὧν
1099 4968 1517 5022 ἐπεϐουλεύοντο
1549 4968 1697 5040 [Hd]
1732 4971 1949 5032 ἐκεῖνοι,
1980 4967 2047 5021 δι’

368 5061 548 5117 αὐτῶν
599 5059 851 5113 ἐϐούλετο
899 5059 1098 5121 αὐτοὺς
1151 5056 1570 5121 ἐκκαλέσασθαι,
1621 5058 1670 5109 εἰ
1724 5057 1818 5110 καὶ
1884 5057 2048 5127 μηδὲν

368 5148 434 5201 πλ
448 5149 531 5200 ἐον
563 5145 804 5215 ἐγένετο,
840 5146 942 5199 Καὶ
967 5145 1328 5210 ἐκϐαλόντες
1362 5145 1478 5208 ἔξω
1507 5143 1618 5214 τῆς
1646 5146 1898 5211 πόλεως,
1923 5144 2047 5198 ἐλι-

369 5237 685 5293 θοϐόλουν.
739 5233 909 5287 Πάλιν
968 5233 1075 5298 ἔξω
1126 5235 1226 5304 τῆς
1265 5233 1474 5298 πόλεως
1505 5236 1534 5288 6
1568 5234 1817 5300 θάνατος,
1859 5232 2048 5307 ὥσπερ

369 5322 461 5373 ἐπὶ
497 5318 593 5373 τοῦ
627 5317 890 5391 Χριστοῦ,
943 5320 1038 5371 καὶ
1084 5319 1143 5371 ὲν
1175 5317 1326 5388 αὺτῷ
1364 5317 1443 5389 τῷ
1473 5318 1687 5390 θανάτῳ
1721 5320 1755 5390 ἡ
1789 5319 2049 5390 ὁμολογία

372 5409 466 5461 καὶ
527 5407 590 5461 τὸ
647 5407 912 5480 κήρυγμα
964 5407 1439 5477 διαγγελλόμενον.
1491 5408 1602 5464 Καὶ
1654 5410 1709 5462 οι
1752 5407 2046 5478 μάρτυρες

371 5496 660 5551 ἀπέθεντο
691 5495 764 5550 τὰ
793 5496 991 5566 ἱμάτια
1011 5495 1212 5550 αὐτῶν
1238 5495 1398 5564 παρὰ
1424 5497 1564 5563 τοὺς
1585 5497 1776 5562 πόδας
1806 5496 2049 5551 νεανίου

373 5582 746 5651 καλουμένου
769 5585 1029 5648 Σαύλου,
1058 5584 1152 5640 καὶ
1180 5583 1576 5639 ἐλιθοϐόλουν
1610 5583 1715 5637 τὸν
1741 5582 2052 5652 Στέφανον

437 5755 464 5782 ⁸³
501 5753 639 5825 υῃιιε
668 5759 733 5826 εἰς
769 5758 824 5808 τὸ
868 5761 930 5820 μή
969 5759 1187 5826 ἀνελεῖνη
1211 5759 1258 5826 _b
1298 5759 1390 5826 [lic
1441 5766 1702 5826 perpetuae
1738 5767 1855 5807 sunt
1893 5757 2052 5807 varie-

377 5819 508 5863 [ΩΙ.ρὸ
551 5819 601 5883 i_u
640 5820 735 5864 situ
764 5819 954 5883 yomjm,
999 5823 1047 5868 in
1090 5822 1252 5871 verbis
1274 5819 1597 5883 etiam'ips'is.
1624 5823 1688 5870 Al
1725 5834 1902 5869 sensus
1925 5833 2053 5883 ungs

375 5885 471 5933 961.
495 5879 579 5949 ςθξΙ
606 5891 736 5944 ετιιρο
761 5879 1502 5949 ίιιιτὶειιιὶοι·εἰη-ηιαηιιδετίρὶὶεῐ.
1533 5943 1544 5949 _
1574 5887 1594 5912 ε
1623 5883 1795 5949 Λὸγον.
1829 5883 1918 5929 Διὰ
1940 5881 2053 5929 τοῦ-

374 5939 564 6006 τοηκοιὶ
604 5939 667 6006 τοΔ
710 5939 1156 6006 πρόσωπον-αὺτοῦ
1201 5939 1477 6006 δεδόξαστο.
1532 5943 1592 5992 Ὃ
1639 5939 1745 6006 γάρ,
1794 5946 1866 5993 sic
1904 5957 2048 5992 unus.

377 5995 589 6110 εὖ
608 6000 702 6108 ἑὸν
742 5995 861 6045 (θεὸν
907 5995 1406 6052 inclusimus.Ab.~.(1ut
1453 6006 1584 6056 enim
1610 5995 1668 6054 at}
1705 5995 1804 6054 ὶιήο
1849 6007 1954 6056 cod.
2001 6011 2052 6055 et

423 6075 434 6107 ι
575 6075 604 6107 υ
656 6097 666 6105 .

423 6075 485 6107 ιοι
536 6075 666 6107 DD”.

2131 937 2609 1006 ἐπικαλούμενον
2641 937 2756 1009 [τὸν
2782 937 2914 990 Θεὸν
2947 934 2973 974 ἀ
2996 934 3016 1008 ]
3040 976 3053 999 ,
3087 936 3182 988 καὶ
3201 935 3450 1004 λέγοντα·
3483 938 3662 1007 Κύριε
3701 939 3832 1011 ’1η-

2131 1025 2248 1079 σοῦ
2279 1025 2513 1094 Χριστὲ,
2553 1026 2721 1090 δέξαι
2758 1025 2826 1078 τὸ
2865 1023 3101 1094 πνεῦμὰ
3124 1043 3264 1094 μου.
3301 1025 3649 1090 Δεικνύοντος
3673 1028 3829 1098 ὁμοῦ

2132 1113 2288 1166 τοῦτο
2321 1117 2410 1167 καὶ
2447 1115 2792 1177 διδάσκοντος
2815 1113 3016 1175 αὐτούς
3042 1114 3209 1177 ἐστιν,
3241 1114 3321 1166 ὅτι
3351 1114 3450 1166 οὐκ
3478 1115 3819 1169 ἀπόλλυται.

2131 1204 2241 1255 Καὶ
2276 1203 2400 1268 θείς
2445 1205 2515 1256 τὰ
2568 1203 2810 1272 γόνατα,
2839 1202 3060 1269 ἕκραξε
3107 1199 3278 1269 φωνῇ
3314 1201 3569 1269 μεγάλῃο
3609 1204 3820 1270 Κύριε.

2131 1289 2212 1358 μὴ
2248 1289 2487 1357 στήσῃς
2531 1289 2736 1354 αὐτοῖς
2792 1289 2908 1353 τὴν
2955 1287 3247 1356 ἁμαρτίαν
3304 1289 3550 1353 ταύτην.
3599 1289 3823 1361 ’Ὠσπερ

2132 1375 2587 1446 ἀπολογούμενος,
2637 1377 2720 1429 ὅτι
2751 1376 2870 1428 οὐδὲ
2895 1374 2964 1427 τὰ
2993 1375 3235 1445 πρότερα
3293 1374 3468 1444 θυμοῦ
3499 1371 3587 1445 ἦν,
3654 1377 3818 1447 φηῖίο

2136 1466 2331 1532 Κύριε·
2370 1464 2520 1534 ἢκαὶ
2549 1463 2878 1534 βουλόμενος
2915 1463 3112 1525 αὐτοὺς
3142 1461 3317 1533 ταύτῃ
3372 1463 3807 1518 ἐπισπάσασθαι.

2134 1550 2207 1603 Τὸ
2231 1552 2340 1623 γὰρ
2372 1553 2590 1620 ἀφεῖναι
2614 1551 2714 1621 μὲν
2738 1550 2827 1604 τὸν
2855 1550 3028 1622 θυμὸν
3051 1551 3146 1602 καὶ
3183 1549 3282 1620 τὴν
3306 1550 3477 1620 ὀργὴν
3509 1549 3589 1622 τῷ
3644 1551 3804 1622 φόνῳ,

2133 1639 2383 1709 καθαράν
2431 1638 2594 1704 δεῖξαι
2627 1640 2682 1692 δὲ
2714 1639 2812 1710 τὴν
2837 1638 3016 1709 ψυχὴν
3047 1649 3072 1678 ε
3107 1636 3202 1691 τοῦ
3237 1637 3465 1702 πάθους,
3504 1639 3811 1710 εὐπαράὸε-

2133 1745 2261 1781 κτον
2297 1728 2472 1780 ἐποίει
2503 1727 2593 1780 τὸν
2615 1727 2792 1797 λόγον.
2835 1724 3071 1792 Σαῦλος
3097 1725 3166 1778 δὲ
3192 1721 3259 1796 ἦν
3324 1725 3718 1780 συνευδοκῶν
3745 1726 3816 1796 τῇ

2132 1817 2439 1885 ἀναιρέσει
2491 1816 2698 1871 αὐτοῦ.
2745 1816 3003 1885 Ἐγίνετο
3051 1813 3121 1868 δὲ
3148 1815 3219 1868 ἐν
3271 1814 3476 1882 ἐκείνῃ
3499 1812 3575 1881 τῇ
3627 1813 3821 1883 ἡμέρᾳ

2133 1905 2390 1974 διωγμὸς
2417 1905 2605 1975 μέγας
2643 1904 2741 1958 ἐπί
2773 1904 2888 1972 τὴν
2921 1903 3297 1971 Ἐκκλησίαν
3318 1901 3433 1969 τὴν
3459 1903 3529 1956 ἐν
3560 1903 3821 1970 Ἰεροσοο

2133 1995 2371 2063 λύμοις.
2410 1993 2522 2064 Οὐχ
2541 1993 2729 2057 ἁπλῶς
2757 1987 2913 2057 οὗτος
2940 1995 2968 2046 6
2997 1993 3258 2062 διωγμὸς,
3296 1991 3412 2046 ἀλλ’
3449 1992 3819 2061 οἰκονομικῶς

2135 2083 2287 2137 δοκεῖ
2338 2101 2427 2155 μοι
2461 2083 2755 2155 συμϐῆναι.
2787 2084 2894 2138 Kal
2928 2082 3154 2150 πάντες
3194 2081 3620 2151 διεσπάρησαν
3669 2084 3821 2137 κατὰ

2136 2168 2253 2239 τὴν
2275 2170 2475 2240 χώραν
2498 2170 2609 2240 τῆς
2654 2168 2956 2237 Ἰουδαίας
2981 2170 3078 2225 καὶ
3112 2169 3465 2239 Σαμαρείας,
3501 2168 3672 2238 πλὴν
3699 2168 3821 2222 τῶν

2135 2260 2518 2314 ἀποστόλων.
2556 2258 2890 2331 ὐρᾷς,,πῶς
2922 2258 3085 2312 πάλιν
3113 2257 3454 2328 πειρασμοὺς
3485 2259 3770 2328 συγχωρεῖ
3789 2258 3820 2309 6

2135 2345 2268 2412 Θεὸς
2295 2346 2577 2417 γίνεσθαι;
2624 2348 2764 2401 Ἀλλ’
2793 2347 2868 2402 ἴδε
2895 2365 2984 2418 μοι
3017 2345 3288 2408 ἐντεῦθεν,
3316 2345 3408 2400 καὶ
3433 2346 3585 2408 ὅπως
3609 2347 3818 2399 οἰκονο-

2140 2435 2322 2504 μεῖται
2354 2433 2422 2488 τά
2456 2435 2780 2506 πράγματα.
2829 2432 3288 2504 Ἐθαυμάσθησαν
3332 2431 3422 2484 διά
3470 2431 3540 2485 τὰ
3592 2433 3815 2506 σημεῖα,

2140 2501 2531 2592 μαστιχθέντες
2553 2501 2707 2575 οῦδὲν
2738 2521 2962 2588 ἔπαθον,
2987 2501 3332 2591 κατέστησαν
3353 2518 3569 2574 ἐπὶτῶν
3600 2501 3818 2587 χωρῶν,

2135 2609 2330 2680 ηῦξετο
2352 2611 2382 2663 6
2412 2611 2590 2680 λόγος·
2621 2610 2808 2664 λοιπὸν
2838 2613 3113 2681 συγχωρεῖ
3139 2609 3158 2647 τ
3188 2609 3417 2675 κώλυμα
3445 2610 3703 2678 γενέσθαι
3725 2611 3818 2679 μέ-

2136 2711 2228 2765 γα.
2256 2697 2370 2751 Kal.
2397 2697 2610 2767 γίνεται
2642 2697 2880 2768 διωγμὸς
2925 2698 3024 2768 ούχ
3063 2698 3092 2750 ὸ
3132 2695 3333 2767 τυχὼν,
3366 2695 3506 2749 ῶστε
3555 2695 3698 2766 ὁμοῦ
3729 2697 3820 2750 καὶ

2136 2785 2362 2849 τούτους
2421 2787 2618 2856 φυγεῖν
2657 2783 2974 2856 (ἐφοϐοῦντο
3027 2783 3140 2855 γὰρ
3196 2783 3568 2854 θρασυτέρους
3621 2784 3818 2845 αὑτοὺς

2138 2874 2511 2946 γενομένους),
2560 2874 2659 2928 καὶ
2691 2874 2828 2926 πᾶσι
2884 2871 3043 2944 δῆλον
3081 2871 3344 2943 ὑπάρξαι,
3400 2873 3482 2926 ὅτι
3539 2872 3813 2943 ἄνθρωποι

2136 2958 2278 3034 ἦσαν
2314 2964 2362 3015 οἰ
2385 2961 2711 3032 φοϐούμενοι
2746 2960 2840 3014 καὶ
2875 2962 3192 3030 φεύγοντες.
3227 2960 3345 3014 Ἵνα
3370 2959 3478 3032 γὰρ
3513 2959 3584 3031 μὴ
3612 2960 3676 3012 σὺ
3714 2976 3812 3028 μεε

2137 3051 2207 3104 τὰ
2267 3050 2444 3104 ταῦτα
2495 3049 2684 3123 λέγῃς,
2733 3050 2816 3102 ὅτι
2867 3049 3053 3120 χάριτι
3097 3048 3259 3119 μόνον
3309 3047 3651 3120 κατώρθουν,
3709 3047 3814 3100 κᾶν

2139 3135 2445 3188 ἐδιώκοντο·
2507 3135 2601 3188 καὶ
2632 3133 2786 3187 αὐτοὶ
2821 3133 3115 3207 δειλότεροι
3167 3134 3444 3203 γεγόνασι,
3475 3133 3566 3188 καὶ
3622 3133 3821 3186 ἐκεῖνοι

2142 3223 2487 3296 θρασύτεροι.
2509 3223 2618 3279 Kal
2635 3222 2858 3290 πάντες
2878 3222 3316 3292 διεσπάρησαν,
3345 3220 3514 3290 πλὴν
3537 3220 3660 3273 τῶν
3675 3221 3824 3275 ἀπο-

2141 3313 2404 3378 στόλων,
2443 3311 2599 3383 φησί.
2630 3311 2744 3365 Οὐκ
2770 3311 2878 3384 ἄρα
2908 3310 3086 3381 μάτην
3139 3309 3345 3378 ἔλεγον,
3377 3309 3459 3362 ὄτι
3501 3308 3814 3378 οἰκονομίας

2143 3399 2172 3452 6
2219 3401 2462 3470 διωγμὸς
2486 3397 2576 3472 ἦν’
2631 3402 2680 3454 εἰ
2713 3400 2790 3472 μὴ
2819 3401 2928 3471 γάρ
2961 3399 3208 3468 γέγονεν,
3263 3398 3367 3450 οὐκ
3400 3397 3466 3450 ἂν
3495 3396 3546 3450 οἰ
3583 3395 3822 3467 μαθηταὶ

2147 3489 2543 3560 διεσπάρησαν.
2585 3490 3005 3557 Συνεκόμισαν
3029 3485 3097 3539 δὲ
3135 3485 3241 3538 τὸν
3271 3483 3578 3553 Στέφανον
3606 3484 3818 3552 ἄνδρες

2145 3577 2444 3644 εὐλαϐεῖς.
2474 3579 2573 3632 καί
2605 3577 2979 3646 ἐποιήσαντο
3010 3573 3269 3628 κοπετὸν
3298 3575 3487 3642 μέγαν
3517 3573 3613 3626 ἐπ’
3643 3571 3826 3637 αὐτῷ.

2151 3667 2221 3719 Ἦ
2249 3665 2404 3720 οῦπω
2430 3661 2572 3736 ἦσαν
2600 3665 2816 3728 τέλειοι,
2857 3663 2891 3735 ἢ
2920 3664 3001 3718 ὅτι
3023 3662 3280 3732 ἐπίχαρις
3301 3656 3370 3730 ἦν
3395 3661 3488 3712 καὶ
3519 3659 3826 3730 αἰδέσιμος·

2145 3757 2226 3810 διὸ
2253 3758 2348 3810 καὶ
2399 3757 2692 3810 κόπτονται
2741 3753 2925 3808 αὐτόν.
2967 3754 3122 3823 ’Ἅμα
3155 3751 3211 3804 δὲ
3258 3748 3419 3803 τοῦτο
3457 3749 3701 3802 δείκνυσι
3735 3749 3833 3802 καὶ

2145 3843 2468 3915 ἀνθρώπους
2500 3844 2696 3905 αὐτοὺς
2735 3842 2918 3907 ὄντας,
2946 3840 3068 3911 οὐχ).
3103 3842 3132 3893 6
3157 3837 3320 3908 φόϐος
3354 3837 3534 3909 μόνον,
3563 3836 3705 3890 ἀλλὰ
3734 3838 3832 3891 καὶ

2145 3935 2180 4005 ή
2203 3932 2347 4003 λύπη
2377 3933 2471 3986 καὶ
2499 3933 2528 3984 6
2561 3930 2811 3994 κοπετός.

2221 4020 2285 4091 β’.
2311 4021 2408 4084 Τίς
2442 4020 2551 4092 γὰρ
2573 4019 2674 4074 οὐκ
2707 4019 2774 4075 ἂν
2799 4017 3064 4072 ἔκλαυσεν
3094 4016 3238 4090 ὁρῶν
3258 4016 3348 4070 τὸν
3367 4015 3576 4086 ἥμερον
3597 4014 3828 4080 ἐκεῖνον,

2145 4109 2204 4162 τὸ
2229 4109 2414 4181 ἀρνίον
2438 4110 2484 4175 ⁸,
2501 4107 2843 4162 λιθόλευστον
2863 4107 3156 4177 γενόμενον
3191 4106 3283 4159 καὶ
3313 4103 3566 4174 κείμενον
3591 4103 3791 4172 νεκρόν
3813 4120 3828 4169 ;

2155 4196 2360 4250 Ἱκανὸν
2415 4195 2582 4250 αὑτοῦ
2646 4195 2934 4264 ἐπιτάφιον
3008 4192 3288 4263 διεξῆλθεν
3337 4193 3365 4245 6
3408 4189 3828 4259 εὐαγγελιστὴς,

2143 4282 2254 4338 Kal
2284 4282 2408 4350 θεὶς
2429 4283 2501 4338 τὰ
2523 4283 2767 4352 γόνατα,
2794 4283 2984 4346 εἰπὼν,
3010 4281 3108 4334 καί
3132 4278 3360 4349 κράξας
3382 4276 3553 4347 φωνῇ
3564 4277 3828 4346 μεγάλη.

2143 4371 2252 4426 Kal
2279 4371 2577 4438 ἐποίησαν
2606 4370 2862 4425 κοπετὸν
2884 4369 3077 4440 μέγαν
3103 4367 3197 4421 ἐπ’
3235 4364 3415 4431 αὐτῷ.
3455 4364 3596 4417 Ἀλλ’
3629 4365 3831 4435 ἴδωμεν

2143 4461 2352 4516 ἄνωθεν
2382 4460 2452 4515 τά
2475 4461 2764 4532 εἰρημένα.
2821 4458 3140 4527 ’Υπὰρχων
3188 4455 3430 4523 πλήρης
3479 4455 3832 4522 Πνεύματος

2143 4550 2338 4621 ἁγίου,
2371 4549 2656 4617 ἀτενίσας
2680 4551 2768 4614 εἰς
2800 4548 2906 4601 τὸν
2933 4546 3215 4614 οὐρανὸν,
3251 4540 3373 4597 εἶδε
3415 4543 3605 4606 δόξαν
3653 4542 3830 4604 Θεοῦ,

2144 4636 2246 4691 καί
2286 4637 2534 4705 Ἰησοῦν
2561 4635 2796 4692 ἑστῶτα
2819 4635 2888 4688 ἐκ
2910 4632 3129 4698 δεξιῶν
3156 4631 3263 4686 τοῦ
3311 4629 3480 4693 Θεοῦ,
3509 4630 3607 4682 καὶ
3634 4625 3827 4682 εἶπεν

2160 4726 2308 4781 Ἰδοὺ
2339 4725 2532 4796 θεωρῶ
2555 4725 2698 4792 τοὺς
2733 4723 3028 4794 οὐρανοὺς
3054 4721 3487 4790 ἀνεῳγμένους.
3537 4718 3644 4771 Kal
3677 4732 3833 4771 συν-

2150 4813 2345 4885 έσχον
2372 4814 2445 4868 τὰ
2473 4809 2595 4869 ὦτα
2615 4811 2834 4878 αὐτῶν,
2873 4812 2974 4866 καί
3001 4810 3291 4880 ὥρμησαν
3320 4805 3696 4878 ὁμοθυμαδὸν
3732 4805 3830 4860 ἐπ’

2149 4903 2356 4958 αὐτόν.
2389 4903 2582 4957 Καίτοι
2608 4899 2761 4974 [145]
2787 4899 2892 4954 ποῦ
2916 4899 3089 4954 ταῦτα
3119 4897 3453 4968 κατηγορίας
3483 4895 3642 4959 άξιας
3684 4893 3832 4946 Ἀλλ’

2148 4991 2297 5060 ὅμως
2321 4990 2410 5043 τὸν
2451 4992 2654 5059 σημεῖα
2710 4988 2938 5042 τοιαῦτα
2991 4986 3070 5057 τῷ
3096 4986 3242 5057 λόγῳ
3277 4983 3676 5055 ἐργασάμενον,
3741 4981 3834 5034 τὸν

2151 5079 2370 5133 πάντων
2401 5077 2708 5150 κρατοῦντα
2740 5077 2820 5148 τῷ
2852 5076 3018 5147 λόγῳ,
3047 5075 3137 5129 τὸν
3174 5072 3403 5126 τοιαῦτα
3421 5070 3833 5139 διαλεγόμενον,

2149 5167 2407 5230 λαϐόντες
2457 5165 2648 5237 ὥσπερ
2681 5165 2985 5228 ἐϐούλοντο,
3016 5162 3159 5216 οῦτω
3206 5161 3298 5214 τὸν
3331 5158 3502 5230 θυμὸν
3531 5159 3558 5198 h
3583 5157 3673 5209 τὸν
3699 5157 3835 5210 ἑαυ-

2149 5255 2259 5309 τῶν
2288 5254 2583 5326 ἐπλήρουν.
2634 5255 2702 5306 Οἱ
2729 5252 2798 5305 δέ
2841 5251 3142 5321 μάρτυρες
3169 5247 3465 5303 ἀπέθεντο
3512 5244 3584 5298 τὰ
3634 5242 3837 5313 Luat-1a

2150 5341 2352 5398 αὐτῶν
2373 5340 2533 5410 παρὰ
2561 5339 2705 5406 τοὺς
2732 5339 2923 5404 πόδας
2951 5337 3199 5391 νεανίου
3245 5332 3625 5403 καλουμένου
3678 5332 3834 5384 Σαύ-

2150 5435 2287 5486 λου.
2315 5431 2478 5500 Ὅρα,
2511 5428 2632 5492 πῶς
2653 5426 2896 5490 ἀκριϐῶς
2924 5425 2992 5478 τά
3016 5423 3144 5495 περί
3166 5422 3260 5476 τοῦ
3293 5421 3508 5476 Παύλου
3539 5419 3833 5490 διηγεῖται,

2155 5521 2240 5573 ἵνα
2291 5536 2372 5571 σοι
2420 5517 2570 5588 δείξῃ
2599 5516 2661 5569 τὸ
2689 5515 2776 5567 ἐπ’
2807 5513 2958 5583 αὐτῷ
3011 5512 3173 5584 ἔργον
3205 5510 3340 5564 Θεοῦ
3372 5508 3664 5578 γενόμενον
3696 5503 3834 5576 μετὰ

2151 5606 2346 5660 ταῦτα.
2387 5605 2536 5667 Τέως
2565 5604 2623 5656 δὲ
2644 5604 2706 5656 οὐ
2742 5601 2903 5672 μόνον
2928 5602 3135 5662 ἐκεῖνος
3180 5599 3240 5652 οὐ
3263 5596 3532 5660 πιστεύει,
3567 5594 3702 5648 ἀλλὰ
3745 5593 3834 5644 καὶ

2157 5694 2379 5767 μυρίαις
2404 5692 2567 5746 αὐτὸν
2607 5691 2764 5761 χερσὶ
2805 5688 2989 5758 βάλλει
3033 5687 3141 5739 τῶν
3176 5687 3402 5755 φονιίωνο
3429 5684 3509 5736 διὸ
3537 5682 3632 5735 καλ⁵
3679 5679 3834 5732 τοῦτο

2152 5784 2326 5854 δηλῶν
2353 5783 2521 5848 λέγει’
2555 5778 2790 5842 Σαῦλος
2815 5777 2882 5828 δὲ
2905 5774 2984 5844 ἦν
3012 5772 3404 5828 συνευδοκῶν
3434 5771 3506 5839 τῇ
3532 5767 3832 5837 ἀναιρέσει

2221 5953 2243 5979 ε’
2270 5939 2406 5987 Unus
2453 5938 2600 6000 φόνῳ,
2643 5936 2928 6000 καθαρθῆναι
2953 5934 3004 6000 δὲ
3035 5935 3120 5989 τὴν
3142 5933 3313 6000 ψυχήν.
3391 5929 3408 5967 τ
3463 5928 3657 6000 Ιςίοῃχό
3700 5924 3833 5998 λιξγος

2154 6005 2294 6051 πάλιν
2316 5986 2567 6061 συγχώρεῖί
2588 5986 2598 5995 ⁷
2640 5986 2849 6072 δηυῐίιξέ
2884 5996 3061 6071 ἐκεῖνον
3085 5986 3456 6072 ’τὲνξάρνειονπῄ
3490 5990 3514 6027 ιι
3560 5989 3704 6072 Ιίξθῐιὶ
3734 5986 3833 6057 δια·

2155 6045 2438 6127 λεγόμενοῦῗ
2458 6045 2620 6124 ὥσπερ
2646 6058 2906 6122 εἰληφότες,
2949 6060 3063 6121 ὅπερ
3107 6045 3378 6116 ἐϐούλὸντο,
3403 6054 3528 6102 οὕτω
3567 6051 3646 6098 τὸν
3668 6045 3824 6107 θυμόν-
