3946 6436
221 416 305 472 ιιι
1160 401 1225 458 IN
1263 400 1440 458 ACTA
1485 397 1789 456 APOSTOL

1898 397 2016 456 UM.
2060 396 2292 462 ιιοωῑη
2336 392 2527 459 Χνηι.

207 531 379 586 futura
407 536 800 593 consequemur
826 520 996 589 bona,
1036 520 1205 592 gratia
1230 528 1286 575 ct
1319 517 1653 589 benignitate
1681 518 1786 572 Do-

216 620 331 674 mini
366 614 539 673 nostri
581 613 708 669 Iesu
735 608 974 675 Christi,
1016 612 1229 681 quicum
1268 609 1409 665 Patri
1456 619 1510 666 ct
1558 609 1776 681 Spiritui

3391 398 3495 457 ω

1900 530 2089 577 sancto
2113 519 2305 591 gloria,
2348 520 2652 592 imperium,
2684 520 2857 576 honor
2880 563 2897 590 ,
2926 537 3065 577 nunc
3090 528 3145 576 et
3171 535 3496 596 semper,.et

1898 611 1950 667 in
1977 613 2172 669 saecula
2203 612 2539 667 surculorum.
2582 611 2774 668 Amen.

1557 823 1891 885 HOMILIA
1947 824 2178 887 XVIII.
2249 777 2261 787 .

232 975 332 1033 Car.
367 974 419 1032 Ἰ.
463 989 516 1028 v.
561 972 650 1028 5i.
697 971 965 1026 Audientes
1004 978 1171 1023 autem
1216 971 1323 1023 hcec
1348 1009 1362 1033 ,
1404 967 1789 1023 dissecabantur

286 1067 515 1124 cordibus
539 1066 668 1128 suis,
700 1074 748 1120 et
777 1064 1055 1119 stridebant
1083 1062 1317 1117 dentibus
1345 1062 1397 1115 in
1428 1077 1560 1115 eum.

284 1164 329 1218 Ι.
369 1160 561 1215 Mirum
609 1173 740 1213 sane
764 1199 778 1221 ,
825 1155 1096 1227 quomodo
1135 1155 1475 1210 occasionem
1514 1152 1792 1209 occidendi

227 1271 277 1310 ex
302 1252 451 1307 dictis
492 1265 604 1305 non
647 1260 1008 1319 acceperunt,
1052 1236 1146 1303 sed
1178 1247 1351 1302 adhuc
1394 1247 1710 1311 insaniunt,
1739 1254 1795 1301 et

224 1363 411 1404 causam
447 1351 721 1416 qutertmt.
767 1343 842 1397 Ita
874 1356 1089 1411 semper
1128 1340 1179 1394 in
1223 1340 1376 1394 malis
1405 1350 1531 1393 sunt
1574 1340 1663 1409 qui
1707 1339 1791 1394 in-

226 1440 350 1511 juste
387 1443 575 1507 agunt.
610 1433 792 1503 Itaque
840 1440 898 1486 ut
949 1432 1220 1503 principes
1262 1430 1604 1484 sacerdotum
1648 1430 1791 1483 anxii

228 1531 443 1586 dicebant
465 1545 479 1582 :
507 1526 653 1595 Quid
685 1526 929 1598 faciemus
965 1523 1248 1578 hominibus
1274 1521 1386 1576 istis
1412 1520 1552 1592 (Act.
1576 1521 1631 1576 4.
1656 1521 1745 1590 16)
1769 1521 1793 1576 ’ἒ

234 1624 304 1679 ita
329 1622 441 1678 cthi
464 1621 830 1677 dissecantur.
861 1618 1018 1687 Atqui
1051 1616 1143 1672 ille
1162 1624 1279 1670 erat
1306 1657 1321 1681 ,
1352 1615 1442 1685 qui
1470 1627 1794 1669 succensere

242 1714 460 1777 debebat,
508 1710 608 1782 qui
636 1709 771 1765 nihil
815 1709 1064 1775 laeserat,
1093 1718 1144 1763 et
1172 1723 1235 1761 ac
1265 1707 1309 1762 si
1350 1706 1577 1761 laesisset
1606 1720 1794 1775 passus

242 1802 556 1861 cisalumniis
599 1800 875 1870 impetilus
912 1798 1032 1854 fuit.
1062 1797 1169 1854 Sed
1214 1798 1339 1853 hinc
1381 1797 1794 1853 calumniatores

239 1896 373 1963 magis
395 1896 757 1950 evincuutur:
790 1893 868 1948 sic
893 1908 1077 1947 verum
1118 1902 1203 1947 est
1238 1890 1379 1963 quod
1408 1905 1621 1961 semper
1645 1890 1792 1946 diee-

235 1986 365 2042 bam:
394 1987 525 2042 Male
559 1985 737 2041 facere
764 2025 779 2052 ,
811 1993 895 2040 est
923 1985 1065 2039 male
1093 1984 1220 2055 pati.
1251 1982 1408 2038 Certe
1434 1982 1523 2038 ille
1549 1982 1677 2037 nihil
1700 1996 1792 2037 ca-

230 2078 484 2133 lumnialus
512 2087 636 2145 est,
668 2077 763 2132 sed
804 2092 929 2132 vera
955 2076 1267 2132 declaravit.
1296 2076 1386 2131 Sic
1410 2118 1426 2143 ,
1453 2091 1575 2131 cum
1602 2084 1796 2131 contu-

228 2170 360 2226 melia
379 2170 673 2237 afﬂeimur,
699 2169 826 2224 dum
854 2169 986 2224 nihil
1014 2169 1168 2224 nobis
1191 2169 1393 2224 conscii
1419 2184 1626 2236 sumus,
1659 2168 1792 2224 nihil

224 2275 329 2317 vere
351 2262 604 2332 patimur.
633 2260 899 2315 Volabant
924 2275 1053 2331 ergo
1078 2259 1226 2315 illum
1251 2258 1536 2326 occidere;
1560 2258 1655 2315 sed
1687 2274 1793 2314 non

224 2355 379 2408 statim
413 2354 463 2409 id
506 2354 750 2423 faciunt,
780 2368 995 2409 causam
1024 2355 1203 2425 specie
1228 2354 1425 2424 justam
1456 2352 1673 2409 facinori
1702 2368 1794 2408 vo-

220 2447 371 2503 lentes
397 2447 719 2504 obtendere.
745 2446 882 2516 Quid
913 2446 1072 2518 igitur
1094 2447 1119 2501 ?
1140 2462 1320 2502 annon
1350 2447 1675 2503 contumelia
1704 2446 1793 2502 illa

220 2540 523 2594 rationabilis
555 2554 719 2594 causa
756 2548 872 2595 erat
898 2538 923 2593 τ
953 2538 1068 2594 Non
1101 2549 1218 2594 erat
1248 2539 1391 2595 illius
1421 2540 1746 2595 contumelia
1772 2579 1789 2607 ,

220 2631 301 2685 sed
332 2631 608 2700 propheta:
637 2630 907 2685 accusatio
932 2648 947 2687 :
980 2630 1065 2685 vel
1108 2640 1299 2701 Sponte
1328 2631 1653 2687 differebant
1675 2674 1691 2699 ,
1724 2648 1793 2688 ne

221 2721 500 2777 riderentur
527 2722 685 2776 illum
709 2721 779 2776 ob
800 2722 1166 2776 accusationes
1193 2722 1291 2776 sibi
1321 2721 1497 2776 illatas
1517 2721 1782 2788 occidere,

218 2813 337 2867 sicut
361 2814 515 2868 etiam
554 2813 610 2866 in
636 2812 852 2867 Christo
874 2853 890 2879 ,
923 2812 1016 2868 sed
1052 2822 1271 2883 propter
1297 2813 1650 2883 impietatem.
1677 2812 1790 2867 Hoc

220 2916 376 2961 autem
416 2906 562 2977 quod
607 2906 957 2976 loquebatur,
988 2906 1200 2976 pietatis
1230 2915 1346 2960 erat
1388 2905 1630 2960 verbum.
1667 2904 1790 2960 Ideo

221 3010 474 3068 postquam
504 2998 842 3065 occiderant,
876 2999 1071 3052 l'amatn
1104 2997 1221 3067 ejus
1257 2996 1453 3052 ltedere
1490 3005 1748 3052 conantes
1772 3038 1787 3063 ,

224 3087 594 3143 Dissecabantur
622 3105 640 3142 :
670 3089 929 3143 timebant
965 3087 1107 3142 enim
1153 3104 1221 3142 ne
1272 3103 1468 3141 novum
1516 3086 1788 3157 quidpiam

224 3184 340 3236 circa
368 3183 511 3236 illum
541 3181 834 3236 accideret.
864 3179 1083 3245 Deinde,
1118 3179 1259 3250 quod
1286 3178 1502 3234 Christo
1529 3180 1786 3243 fecerant,

225 3270 468 3341 Stephano
500 3272 703 3327 faciunt
729 3289 743 3337 ;
777 3281 831 3328 et
859 3272 1000 3326 sicut
1038 3272 1150 3327 illic
1171 3313 1186 3337 ,
1217 3272 1337 3342 quia
1364 3271 1597 3336 dixerat,
1634 3271 1787 3325 Vide-

227 3362 319 3417 bitis
373 3363 568 3419 Filium
619 3365 836 3419 hominis
870 3381 901 3418 a
929 3363 1119 3419 dextris
1156 3364 1355 3418 virtutis
1393 3364 1644 3418 sedentem
1668 3404 1684 3428 ,
1735 3362 1786 3418 id

228 3453 587 3523 blasphemiam
623 3467 744 3509 esse
783 3452 1072 3517 dicebant,
1118 3463 1173 3506 et
1200 3461 1363 3507 testes
1391 3454 1572 3507 turbas
1601 3468 1790 3508 evoca-

226 3543 334 3598 bant
362 3565 376 3601 :
405 3547 481 3601 sic
505 3553 566 3601 et
598 3559 738 3600 nunc
759 3546 976 3600 faciunt.
1012 3545 1121 3600 Illic
1149 3546 1467 3600 vestimenta
1493 3546 1788 3613 sciderunt,

228 3631 298 3689 hic
324 3652 473 3691 aures
512 3637 922 3692 continuerunt.
970 3638 1062 3692 55.
1106 3636 1232 3690 Cum
1262 3646 1428 3691 autem
1457 3638 1635 3708 plenus
1665 3649 1788 3692 esset

229 3723 398 3794 Spiritu
420 3737 619 3796 sancto,
653 3729 920 3783 intendens
946 3728 999 3781 in
1027 3729 1207 3783 etclam
1227 3770 1242 3796 ,
1271 3729 1399 3782 vidit
1421 3729 1638 3799 gloriam
1663 3727 1756 3783 Dei
1772 3772 1786 3798 ,

231 3828 266 3871 et
286 3818 449 3875 Iesum
471 3832 691 3878 stantem
728 3837 761 3875 a
786 3821 979 3876 dextris
1007 3821 1123 3890 Dei,
1150 3832 1197 3876 et
1221 3823 1294 3876 ait
1323 3838 1342 3876 :
1368 3822 1501 3879 Ecce
1527 3824 1671 3877 video
1691 3840 1791 3879 cte-

230 3909 293 3962 los
316 3923 508 3979 apertos
529 3953 547 3975 ,
586 3920 632 3966 et
673 3911 864 3967 Filium
890 3913 1108 3968 hominis
1145 3923 1360 3968 stantem
1398 3931 1430 3968 a
1459 3916 1649 3977 dextris
1671 3915 1785 3971 Dei.

231 3997 302 4054 56.
330 4001 679 4059 Exclumantes
702 4013 868 4058 autem
890 4019 1005 4058 voce
1025 4020 1229 4074 magna,
1259 3986 1616 4060 continuerunt
1643 4022 1790 4062 aures

233 4103 364 4155 suas,
403 4100 448 4146 et
478 4093 725 4163 impetum
760 4097 988 4163 fecerunt
1016 4095 1326 4149 unanimiter
1364 4097 1417 4149 in
1442 4112 1575 4149 eum.
1610 4094 1678 4151 Et
1697 4098 1792 4168 eji-

234 4180 387 4235 cientes
410 4200 520 4238 eum
547 4194 697 4238 extra
725 4185 997 4252 civitatem,
1027 4185 1345 4257 lapidabant.
1376 4189 1536 4259 Atqui
1558 4188 1602 4243 si
1635 4204 1789 4245 men-

235 4268 342 4324 titus
360 4284 505 4342 erat,
547 4285 610 4329 ut
650 4274 1009 4331 insanientem
1047 4292 1172 4332 eum
1214 4277 1486 4334 dimisisse
1530 4280 1789 4350 oportuit.

238 4356 315 4415 Ille
339 4378 459 4420 vero
502 4366 582 4421 sic
610 4366 862 4433 dixerat,
896 4368 1084 4424 volens
1107 4384 1203 4424 eos
1240 4370 1528 4426 abducere.
1577 4371 1648 4425 Et
1667 4373 1790 4443 quia

240 4448 295 4506 de
319 4466 473 4512 morte
497 4457 698 4513 Christi
730 4467 932 4514 tantum
954 4453 1228 4531 'loquutus
1250 4502 1266 4527 ,
1291 4460 1361 4518 de
1389 4465 1791 4521 resurrectione

243 4544 350 4599 nihil
373 4547 605 4616 dixerat,
635 4549 739 4606 hoc
760 4551 954 4622 dogma
981 4562 1281 4624 opportune
1323 4554 1543 4611 demum
1583 4557 1785 4628 adjicit.

246 4632 305 4688 Ita
341 4649 501 4697 autem
529 4643 631 4699 sibi
663 4645 977 4714 apparuisse
1002 4645 1167 4712 dicit,
1202 4656 1260 4703 ut
1288 4657 1546 4718 enarrat,
1579 4665 1686 4722 quo
1712 4652 1792 4709 sic

247 4729 400 4786 saltem
442 4735 556 4805 ejus
602 4750 910 4793 sermonem
957 4738 1265 4808 acciperent
1293 4781 1308 4806 ,
1351 4738 1483 4813 qui',
1533 4744 1788 4813 quoniam

253 4817 419 4880 dixerat
444 4828 588 4883 illum
618 4828 811 4886 sedere
835 4871 851 4897 ,
880 4830 1141 4887 molestus
1170 4831 1277 4888 illis
1295 4842 1411 4889 erat
1434 4875 1448 4899 ,
1484 4835 1693 4891 interim
1721 4836 1790 4893 de

261 4920 595 4978 rNII'I'ectione
618 4936 927 4978 sermonem
956 4933 1176 4992 movet,
1205 4934 1259 4980 ct
1296 4925 1444 4982 illum
1467 4936 1612 4984 stare
1636 4930 1788 4986 dicit.

269 4997 367 5059 “inc
383 5011 644 5083 conjecto,
676 5014 868 5072 faciem
905 5014 1050 5070 illius
1084 5016 1436 5086 glorificatam
1466 5034 1607 5078 esse.
1652 5021 1788 5078 Nam

272 5088 662 5183 Mmenignus
683 5121 807 5162 cum
843 5107 914 5162 sit
938 5148 953 5168 .
983 5122 1080 5177 per
1098 5124 1220 5177 qua:
1256 5109 1335 5165 illi
1381 5110 1603 5168 insidias
1628 5127 1788 5183 para-

264 5180 389 5253 bant,
429 5210 512 5263 per
556 5197 748 5254 eadem
792 5198 1006 5256 volebat
1050 5200 1173 5255 illos
1214 5216 1484 5271 evocare;
1515 5180 1788 5263 etsi—nihil

254 5282 437 5349 amplius
464 5288 657 5345 factum
683 5292 774 5346 sit.
804 5289 895 5346 57.
927 5288 998 5344 Et
1038 5292 1291 5361 ejicientes
1331 5309 1445 5349 eum
1485 5306 1630 5352 astra
1667 5300 1785 5354 civi-

251 5376 392 5440 tutan,
416 5378 719 5451 tapidabant.
748 5383 954 5439 Rursus
973 5394 1124 5440 extra
1150 5384 1422 5441 civitatem
1450 5403 1619 5457 mors,
1652 5392 1790 5447 sicut

252 5458 293 5511 in
311 5462 536 5525 Christo:
564 5482 617 5528 et
661 5475 713 5529 in
754 5475 869 5545 ipsa
901 5484 1076 5530 morte
1101 5478 1375 5533 eorrfessio
1396 5486 1457 5533 et
1482 5482 1791 5550 praedicatio

248 5566 536 5623 enuntiatur.
566 5569 627 5624 Et
654 5581 805 5629 testes
823 5571 1165 5639 deposuerunt
1202 5574 1495 5641 vestimenta
1523 5591 1617 5629 sua
1646 5593 1790 5633 secus

253 5651 374 5712 Pedes
398 5657 734 5731 adolescentis,
765 5663 855 5733 qui
888 5663 1161 5717 vocabatur
1189 5663 1401 5719 Saulus.
1433 5665 1525 5721 58.
1558 5665 1620 5720 Et
1653 5667 1787 5738 lapi-

248 5743 406 5802 dubant
433 5753 740 5824 Stephanum
763 5800 779 5826 ,
820 5762 1136 5813 invocantem
1175 5758 1341 5815 Deum
1370 5802 1386 5826 ,
1427 5769 1473 5816 ct
1497 5763 1743 5817 dicentem
1770 5778 1787 5818 :

254 5833 434 5897 Domine
457 5844 575 5903 Iesu
601 5852 817 5922 Christe,
850 5854 1025 5922 accipe
1053 5853 1286 5924 spiritum
1313 5870 1498 5909 meum.
1537 5855 1672 5912 Hinc
1701 5873 1787 5913 os.

586 5994 615 6021 ρ

1856 971 1861 977 ’
1902 969 2073 1025 tendit
2101 978 2156 1025 et
2181 969 2341 1026 docet
2384 970 2546 1037 illos,
2592 985 2652 1027 se
2695 986 2801 1025 non
2834 970 3031 1041 perire.
3062 970 3148 1027 59.
3205 969 3270 1025 Et
3318 968 3493 1041 positis

1907 1060 2116 1131 genibus
2144 1063 2380 1117 clamavit
2408 1079 2525 1119 voce
2552 1080 2737 1135 magna
2762 1079 2784 1119 :
2813 1063 3050 1131 Domine,
3084 1080 3146 1118 ne
3172 1073 3366 1118 statuas
3391 1063 3493 1118 illis

1902 1153 1998 1207 hoc
2023 1162 2303 1223 peccatum.
2345 1152 2508 1222 Quasi
2538 1169 2658 1209 sese
2685 1170 2921 1225 purgans
2943 1197 2958 1219 ,
2993 1155 3136 1225 quod
3178 1154 3357 1224 priora
3388 1167 3491 1207 non

1900 1257 1965 1297 ex
1997 1244 2074 1298 ira
2114 1243 2330 1312 dixerit,
2359 1245 2455 1311 ait,
2497 1244 2759 1310 Domine;
2788 1246 2870 1301 vel
2910 1246 3052 1317 quod
3080 1245 3238 1301 vellet
3281 1259 3377 1300 eos
3416 1246 3495 1301 sic

1900 1337 2190 1393 attrahere.
2221 1338 2354 1394 Nam
2392 1340 2534 1411 quod
2572 1339 2867 1396 dimitteret
2909 1339 3039 1410 ipsis
3084 1340 3214 1394 iram
3247 1348 3300 1395 et
3343 1338 3493 1394 furo-

1900 1443 2046 1495 rem,
2077 1444 2181 1499 quo
2209 1430 2410 1486 caedem
2444 1431 2721 1501 patrabaut
2743 1473 2757 1496 ,
2802 1440 2854 1486 et
2885 1433 3121 1486 animum
3162 1447 3190 1485 a
3232 1431 3484 1502 passione

1901 1535 2091 1591 purmn
2131 1523 2479 1590 ostenderet,
2525 1523 2575 1578 id
2621 1533 2769 1580 certe
2797 1524 3183 1595 acccptabilem
3232 1523 3495 1579 reddebat

1899 1626 2226 1671 sermonem.
2271 1615 2467 1671 Saulus
2502 1626 2670 1671 autem
2709 1627 2816 1671 erat
2853 1618 3169 1679 conserui.
3213 1615 3322 1670 neci
3359 1616 3485 1686 ejus.

1906 1702 2058 1774 (Cap.
2093 1703 2176 1770 8.)
2206 1706 2257 1759 ‘l.
2289 1704 2452 1760 Facta
2502 1717 2575 1761 est
2618 1714 2787 1761 autem
2823 1707 2877 1761 in
2916 1707 3010 1761 illa
3045 1706 3127 1761 die
3175 1705 3494 1778 persequutio

1899 1812 2086 1866 magna
2126 1796 2178 1849 in
2223 1794 2453 1851 Ecclesia
2476 1837 2491 1860 ,
2532 1813 2648 1869 qua
2672 1807 2778 1851 erat
2806 1797 3163 1869 Jcrosolymis.
3209 1796 3326 1853 Non
3374 1797 3492 1852 sine

1899 1900 2060 1942 causa
2091 1886 2218 1941 mihi
2243 1887 2356 1943 lucc
2375 1889 2739 1959 persequutio,
2766 1888 2860 1944 sed
2882 1888 3063 1944 divina
3088 1888 3489 1959 dispensatione

1898 1981 2189 2051 contigisse
2220 1980 2447 2036 videtur.
2499 1978 2562 2034 Et
2587 1998 2760 2036 omnes
2798 1981 3014 2051 dispersi
3055 1990 3173 2036 sunt
3201 1997 3293 2052 per
3326 1979 3491 2053 regio-

1899 2088 1985 2126 nes
2009 2072 2209 2128 ludtete
2242 2082 2291 2128 et
2334 2072 2591 2129 Samaria
2616 2084 2804 2143 prtcter
2827 2073 3105 2145 apostolos.
3135 2071 3322 2129 Viden’
3351 2088 3489 2143 quo-

1898 2164 2061 2220 modo
2086 2180 2299 2220 rursum
2344 2166 2817 2236 persequutionem
2860 2165 2982 2222 esse
3012 2165 3153 2221 Deus
3182 2164 3441 2222 concedat
3467 2167 3492 2218 2

1899 2257 2005 2314 Sed
2033 2256 2154 2313 vide
2179 2258 2332 2327 mihi,
2357 2258 2628 2330 quomodo
2659 2274 2746 2314 res
2775 2258 3177 2328 dispensentur.
3205 2258 3310 2315 Per
3338 2257 3488 2330 signa

1898 2350 2174 2407 mirabiles
2204 2349 2327 2406 facti
2358 2359 2507 2418 sunt,
2541 2350 2792 2423 ﬂagellati
2830 2351 2962 2407 nihil
2994 2359 3120 2407 sunt
3146 2350 3293 2422 passi
3318 2392 3333 2417 ,
3361 2366 3489 2406 con-

1897 2443 2068 2498 stituti
2108 2453 2232 2497 sunt
2259 2458 2353 2514 per
2383 2444 2632 2516 regiones
2654 2485 2670 2511 ,
2703 2459 2883 2501 sermo
2905 2443 3203 2515 augebatur
3227 2459 3241 2498 :
3269 2442 3486 2499 demum

1897 2534 2158 2602 permittit
2184 2534 2625 2604 impedimentum
2650 2550 2772 2591 esse
2798 2551 3069 2607 maguum.
3105 2536 3172 2590 Et
3212 2535 3271 2589 ﬁt
3301 2551 3484 2606 perse-

1897 2624 2084 2693 quutio
2115 2638 2220 2678 non
2248 2624 2483 2689 modica,
2517 2625 2589 2680 ita
2620 2635 2678 2681 ut
2717 2625 2795 2680 illi
2822 2625 2981 2681 simul
3024 2625 3273 2699 fugerent
3300 2626 3485 2696 (time-

1896 2713 2026 2769 bant
2045 2714 2188 2770 enim
2216 2715 2338 2771 illos
2364 2715 2682 2774 audaciores
2711 2716 2929 2789 factos),
2959 2725 3015 2772 et
3040 2718 3288 2773 omnibus
3312 2718 3485 2789 palam

1895 2814 2072 2873 esset,
2107 2805 2352 2863 homines
2376 2822 2498 2864 esse
2529 2822 2658 2876 eos,
2690 2807 2785 2880 qui
2821 2807 3069 2864 timerent
3111 2819 3165 2864 et
3218 2808 3482 2880 fugerent.

1894 2898 1973 2954 Ne
2001 2899 2209 2957 diceres
2238 2901 2383 2957 enim
2406 2943 2420 2967 ,
2452 2901 2573 2957 illos
2609 2918 2704 2973 per
2730 2903 2953 2974 gratiam
2984 2910 3188 2958 tantum
3227 2901 3487 2973 pricclare

1894 3007 2055 3062 agere
2079 3034 2095 3059 ,
2136 2994 2608 3064 persequutionem
2656 3003 2804 3050 certe
2844 2995 3231 3066 patiebantur;
3279 2995 3487 3067 ipsique

1897 3083 2193 3141 timidiores
2234 3084 2359 3141 lacti
2406 3093 2568 3154 sunt,
2612 3086 2687 3142 illi
2721 3087 3055 3144 audaciores.
3089 3087 3156 3142 Et
3204 3105 3377 3143 omnes
3404 3088 3486 3142 di-

1893 3176 2055 3246 spersi
2078 3187 2215 3242 sunt,
2248 3177 2439 3248 inquit,
2461 3188 2646 3249 prazter
2677 3177 2956 3248 apostolos.
2982 3176 3097 3233 Non
3128 3193 3257 3248 ergo
3289 3176 3485 3234 frustra

1894 3267 2140 3324 dicebam
2166 3309 2182 3336 ,
2213 3271 2686 3341 persequutioncm
2718 3286 2784 3325 ex
2824 3270 3224 3341 dispensatione
3272 3269 3439 3327 fuisse
3469 3288 3482 3324 :

1894 3359 1997 3415 nisi
2020 3362 2163 3416 enim
2191 3361 2331 3417 facta
2360 3363 2544 3418 fuisset
2563 3404 2578 3430 ,
2605 3361 2853 3433 discipuli
2886 3379 2999 3419 non.
3019 3363 3245 3420 fuissent
3273 3364 3484 3434 disper-

1894 3453 1956 3508 si.
1992 3452 2046 3509 Ξ.
2078 3452 2389 3509 Curaverunt
2433 3436 2600 3510 autem
2645 3455 2966 3527 Stephanum
3008 3457 3101 3510 viri
3148 3458 3409 3528 religiosi,
3441 3467 3486 3513 et

1894 3548 2122 3615 fecerunt
2164 3543 2426 3613 planctum
2467 3562 2706 3616 magnum
2750 3542 2901 3615 super
2929 3562 3064 3601 eum.
3112 3545 3207 3603 Vel
3250 3546 3485 3603 nondum

1895 3646 2050 3691 erant
2089 3634 2354 3705 perfecti;
2391 3636 2476 3690 vel
2500 3636 2620 3706 quia
2663 3635 2752 3691 ille
2781 3636 3047 3707 gratiosus
3074 3646 3191 3693 erat
3216 3648 3268 3693 et
3317 3655 3480 3694 vene-

1896 3729 2099 3792 rabilis,
2128 3728 2247 3784 ideo
2292 3729 2547 3800 plangunt
2598 3730 2771 3785 illum.
2805 3730 2974 3785 Simul
3016 3740 3197 3787 autem
3250 3732 3337 3787 hic
3378 3749 3483 3800 non

1897 3820 2057 3873 timor
2080 3828 2307 3886 tantum,
2340 3821 2435 3875 sed
2457 3821 2617 3876 etiam
2641 3820 2796 3879 dolor
2819 3830 2874 3878 et
2904 3822 3166 3893 planctus,
3195 3823 3489 3879 ostendunt

1897 3914 2015 3969 illos
2044 3929 2163 3992 esse
2194 3914 2462 3971 homines.

1965 4007 2019 4061 2.
2048 4006 2176 4074 Quis
2198 4006 2338 4062 enim
2363 4022 2469 4062 non
2492 4007 2752 4077 plorassct
2772 4008 2959 4065 videns
2980 4009 3126 4065 illum
3149 4021 3485 4068 mansuetum

1895 4115 2090 4171 agnum
2117 4098 2429 4169 lapidatum,
2452 4100 2635 4171 jacere
2659 4101 2968 4157 mortuum?
2995 4101 3245 4158 Idoneum
3273 4104 3348 4158 illi
3375 4105 3488 4174 epi-

1898 4192 2134 4262 taphium
2175 4193 2423 4262 apposuit
2450 4192 2777 4262 evangelista
2802 4235 2816 4259 ,
2846 4209 2969 4249 cum
2998 4194 3129 4250 dixit
3159 4213 3174 4250 :
3204 4194 3270 4249 Et
3311 4197 3488 4267 positis

1895 4283 2136 4356 genibus,
2167 4283 2403 4338 clamavit
2444 4299 2563 4337 voce
2603 4296 2807 4355 magna.
2858 4284 2924 4339 Et
2963 4290 3191 4357 fecerunt
3224 4288 3488 4356 planctum

1896 4390 2136 4446 magnum
2158 4391 2311 4446 super
2335 4391 2467 4430 eum.
2495 4373 2600 4431 Sed
2627 4390 2745 4445 qua:
2771 4377 3018 4446 superius
3045 4376 3183 4431 dicta
3210 4386 3353 4445 sunt,
3376 4382 3484 4446 iam

1897 4478 2220 4539 repetamus.
2254 4465 2381 4522 Cum
2409 4478 2535 4521 esset
2564 4468 2741 4537 plenus
2772 4468 2971 4537 Spiritu
2996 4478 3191 4537 sancto,
3224 4470 3488 4528 intendens

1894 4561 1949 4615 in
1983 4559 2164 4614 cazlum
2182 4601 2197 4626 ,
2224 4559 2348 4614 vidit
2371 4558 2586 4632 gloriam
2629 4557 2742 4626 Dei,
2771 4569 2819 4614 et
2853 4558 3031 4614 Iesum
3061 4568 3275 4616 stantem
3302 4578 3334 4617 a
3363 4562 3487 4618 dea:—

1897 4652 1990 4706 tris
2040 4650 2154 4719 Dei,
2188 4660 2235 4705 et
2277 4652 2397 4704 ait:
2420 4649 2554 4705 Ecce
2593 4651 2734 4705 video
2776 4652 2927 4706 ctelos
2963 4662 3185 4723 apertos.
3213 4652 3282 4708 Et
3321 4657 3485 4710 conti-

1897 4751 2114 4797 nuerunt
2152 4758 2300 4798 aures
2326 4759 2443 4796 suas
2465 4785 2478 4808 ,
2509 4752 2558 4798 et
2583 4743 2825 4814 impetum
2853 4746 3078 4815 fecerunt
3105 4747 3412 4802 unanimiter
3437 4750 3488 4804 in

1898 4851 2032 4891 eum.
2066 4834 2223 4905 Atqui
2266 4834 2536 4905 quomodo
2575 4834 2690 4892 hinc
2730 4837 3071 4892 occursatione
3103 4837 3260 4911 digna
3298 4845 3490 4896 erant?

1898 4928 2148 4983 Attamen
2195 4942 2316 4982 cum
2341 4966 2357 4993 ,
2386 4927 2477 4998 qui
2528 4928 2651 4983 talia
2695 4927 2845 5000 signa
2885 4939 3154 4999 patrarat,
3184 4932 3275 5002 qui
3303 4948 3489 4993 onmcs

1897 5021 2066 5079 verbo
2108 5020 2347 5084 vicerat,
2402 5021 2492 5092 qui
2538 5021 2659 5075 talia
2711 5022 2960 5095 loquutus
3017 5034 3172 5094 erat,
3219 5028 3492 5099 rapientes

1900 5128 1997 5185 pro
2039 5112 2209 5169 lubito
2247 5113 2483 5169 furorem
2519 5129 2674 5171 suum
2705 5114 3081 5185 impleverunt.
3121 5117 3289 5174 Testes
3321 5130 3488 5175 autent

1898 5206 2237 5277 deposuerunt
2263 5208 2553 5262 uestimenta
2577 5223 2719 5263 secus
2743 5208 2895 5279 pedes
2918 5210 3268 5279 adolescentis,
3295 5212 3381 5282 qui
3404 5227 3489 5267 vos

1898 5300 2108 5354 cabatur
2151 5298 2368 5354 Saulus.
2418 5299 2588 5365 Vide,
2630 5316 2787 5372 quam
2823 5312 3072 5359 accurate
3107 5319 3226 5375 qua:
3267 5303 3513 5362 Paulum-

1899 5398 2142 5463 spectant
2167 5402 2483 5460 recenseat,
2513 5402 2571 5447 ut
2600 5394 2847 5450 ostendat
2878 5395 2968 5450 tibi
3000 5410 3137 5466 opus
3166 5393 3258 5451 Dei
3287 5398 3337 5451 in
3371 5399 3487 5469 ipso

1899 5493 2086 5557 postea
2127 5493 2425 5555 peractum.
2475 5483 2693 5540 Interim
2734 5501 2861 5542 vero
2903 5487 2992 5542 ille
3033 5502 3137 5541 non
3176 5489 3336 5543 modo
3380 5508 3495 5548 non.

1900 5575 2107 5641 credit,
2138 5574 2231 5630 sed
2258 5576 2417 5631 etiam
2447 5577 2593 5632 mille
2621 5576 3006 5632 homicidarum
3035 5580 3283 5636 manibus
3309 5586 3485 5651 ipsum

1897 5669 2107 5739 impetit
2132 5686 2145 5723 :
2174 5668 2297 5727 ideo
2325 5670 2453 5725 illud
2485 5671 2724 5728 indicans
2751 5671 2879 5728 dicit
2905 5690 2919 5728 :
2949 5674 3144 5730 Saulus
3171 5688 3492 5736 autemerat

1896 5764 2210 5819 consentiens
2246 5765 2355 5819 neci
2377 5765 2504 5834 ejus.
2531 5764 2645 5820 Non
2680 5765 2995 5838 simpliciter
3014 5779 3230 5827 sanctus
3250 5771 3338 5830 hic
3360 5788 3488 5845 pre~

1897 5866 2048 5914 catur
2073 5900 2086 5925 ,
2115 5856 2210 5915 sed
2240 5871 2361 5915 cum
2405 5858 2710 5915 attentione.
2762 5857 2987 5930 Positis,
3020 5861 3222 5936 inquit,
3243 5868 3493 5937 genibus-
