3946 6442
466 439 567 499 M3

463 551 618 613 Unde
644 566 790 608 mors
818 549 962 607 illius
986 548 1165 605 divina
1191 548 1327 605 facta
1355 556 1439 604 est
1461 562 1476 599 :
1506 561 1627 601 nam
1657 544 1916 599 hactenus
1942 541 2059 596 ani-

462 647 653 705 mabus
693 644 1128 710 concedebatur,
1172 653 1230 698 nt
1276 644 1329 698 in
1370 640 1579 696 inferno
1619 645 1821 695 essent.
1870 635 2058 691 Omnes

457 751 629 796 autem
668 739 886 811 dispersi
923 747 1042 793 sunt
1082 753 1172 806 per
1209 736 1436 807 regiones
1471 733 1673 787 Judaue
1701 740 1746 785 et
1782 727 2055 784 Samaria.

459 832 679 903 Absque
705 839 848 885 metu
875 844 996 884 cum
1022 827 1263 882 Samaria
1285 840 1350 901 se
1373 825 1743 885 commiscent,
1766 820 1858 891 qui
1881 818 2061 873 audie-

460 931 581 979 rant
621 941 635 977 :
678 921 745 977 In
786 924 917 978 viam
950 921 1175 994 gentium
1214 934 1277 973 ne
1313 916 1538 971 abieritis
1577 913 1803 987 (Matth.
1836 911 1924 968 10.
1957 908 2056 981 5).

466 1016 660 1072 Prcter
698 1015 957 1086 apostolos
981 1056 997 1080 ,
1026 1012 1230 1083 inquit;
1263 1008 1552 1065 ostendens
1584 1006 1702 1062 illos
1724 1045 1742 1070 ,
1773 1012 1832 1059 ut
1859 1003 1937 1058 sic
1964 1001 2058 1057 Ju-

462 1112 606 1163 ilasos
626 1108 973 1170 adducerent,
988 1106 1257 1161 civitatem
1281 1117 1386 1158 non
1409 1100 1723 1171 reliquiSse;
1745 1096 1858 1152 sive
1873 1095 2053 1156 etiam,

463 1210 516 1255 ut
544 1199 665 1255 aliis
694 1198 898 1253 fiducia:
923 1207 1173 1252 auctores
1191 1200 1374 1249 essent
1417 1193 1468 1249 3.
1495 1191 1688 1246 Saulus
1713 1197 1883 1242 autem
1907 1186 2059 1240 deva-

459 1292 623 1347 stabat
649 1290 930 1346 Ecclesium
947 1332 960 1354 ,
989 1306 1080 1361 per
1104 1288 1283 1343 domos
1306 1285 1520 1348 intrans,
1548 1293 1598 1337 et
1625 1284 1829 1336 trahens
1854 1281 1987 1334 uiros
2012 1288 2059 1331 ct

461 1386 714 1452 mulieres,
738 1384 965 1438 tradebat
990 1383 1043 1438 in
1070 1381 1371 1437 custodiam.
1399 1379 1619 1449 Magnus
1645 1377 1812 1442 furor,
1839 1383 1894 1430 et
1914 1372 2057 1445 quod

462 1478 609 1534 ευῐιιε
636 1485 816 1543 esset,
847 1486 903 1533 et
930 1474 1074 1547 quod
1102 1475 1154 1528 in
1184 1474 1376 1529 domos
1414 1473 1637 1526 intraret
1668 1487 1680 1523 :
1710 1469 1779 1523 ita
1824 1466 2055 1519 animam

460 1586 613 1626 suam
646 1586 742 1640 pro
774 1570 892 1640 lege
920 1567 1101 1623 dabat.
1137 1565 1181 1621 Τ
1182 1566 1386 1629 rahens,
1419 1564 1582 1634 inquit
1607 1603 1622 1626 ,
1651 1562 1782 1614 viros
1806 1566 1853 1612 ct
1879 1556 2058 1610 mulie—

461 1679 561 1717 res.
586 1661 720 1717 Vide
744 1647 1035 1727 "gentiam,
1053 1658 1430 1715 contumeliam
1452 1666 1508 1709 ct
1529 1654 1808 1710 insaniam.
1831 1647 2054 1715 Omnes,

461 1753 550 1824 qui
580 1753 633 1808 in
663 1768 854 1809 manus
883 1766 1011 1807 suas
1037 1749 1366 1815 incidebant,
1397 1747 1543 1801 mille
1570 1743 1838 1798 aflieiebal
1865 1741 2018 1796 malis
2037 1780 2053 1806 ,

463 1854 646 1916 utpote
671 1844 741 1900 ab
781 1844 880 1899 hac
911 1857 1042 1899 nece
1078 1840 1332 1897 audacior
1363 1839 1549 1894 laetus.
1581 1837 1635 1891 4.
1668 1834 1834 1906 Igitur
1858 1833 1944 1905 qui
1972 1832 2052 1885 di-

461 1937 622 2007 spersi
667 1945 812 1990 erant
836 1977 852 2004 ,
899 1934 1220 1999 transibant,
1269 1930 1673 2003 erangelizantes
1728 1925 1950 1980 verbum.
1998 1923 2053 1979 5.

464 2028 739 2099 Philippus
782 2036 952 2082 autem
1005 2024 1313 2080 descendens
1357 2023 1409 2076 in
1457 2020 1708 2075 ciuitatem
1758 2017 2012 2073 Samaria:
2037 2055 2053 2079 ,

460 2120 768 2192 prtedicabat
804 2120 907 2175 illis
934 2119 1214 2174 Christum.
1251 2116 1304 2171 6.
1339 2112 1674 2168 lntendebant
1701 2120 1869 2164 autem
1899 2108 2058 2162 turba:

461 2213 766 2267 rinanimiter
794 2212 874 2276 iis,
905 2227 1019 2281 qua:
1043 2229 1074 2263 a
1108 2208 1354 2279 Philippo
1381 2208 1695 2271 dicebantur,
1724 2204 1984 2259 audientes
2010 2211 2057 2257 et

461 2304 682 2359 ridentes
728 2304 875 2375 signa
915 2318 1027 2372 qua:
1070 2302 1308 2373 faciebat.
1338 2301 1389 2354 7.
1416 2300 1458 2353 Α
1484 2299 1655 2352 multis
1684 2297 1817 2351 enim
1841 2310 2014 2351 eorum
2037 2335 2052 2360 ,

459 2397 547 2465 qui
569 2395 817 2449 habebant
847 2395 1056 2465 spiritus
1084 2392 1394 2460 immundos,
1421 2392 1699 2445 clamantes
1727 2403 1847 2443 voce
1870 2403 2057 2458 magna

458 2488 661 2542 exibant
703 2506 720 2540 :
771 2487 826 2542 8.
876 2485 1035 2541 Multi
1075 2487 1229 2541 etiam
1274 2484 1547 2556 paralytici
1585 2492 1632 2537 et
1676 2481 1849 2536 claudi
1892 2480 2055 2533 curati

460 2586 598 2633 sunt.
636 2579 690 2634 9.
735 2577 1051 2650 Factumque
1079 2586 1152 2632 est
1180 2576 1424 2647 gaudium
1465 2590 1702 2646 magnum
1731 2573 1785 2627 in
1815 2571 1906 2626 illa
1934 2570 2056 2624 ciui-

456 2681 576 2726 tate.
609 2669 701 2726 Vir
727 2681 895 2725 autem
918 2672 1127 2742 quidam
1157 2670 1358 2724 nomine
1387 2669 1586 2731 Simon,
1614 2668 1700 2738 qui
1725 2675 1843 2720 ante
1867 2675 1972 2719 erat
2001 2665 2054 2719 in

453 2764 656 2817 civitate
698 2780 876 2835 magus
898 2804 914 2829 ,
951 2764 1196 2818 seducens
1236 2772 1436 2831 gentem
1474 2759 1730 2816 Samaria:
1752 2801 1767 2826 ,
1801 2757 1972 2813 dicens
2000 2774 2056 2813 se

453 2872 562 2910 esse
597 2855 816 2927 aliquem
852 2872 1093 2925 magnum
1128 2870 1148 2910 :
1190 2852 1276 2909 10.
1308 2854 1393 2907 cui
1429 2851 1783 2907 auscultabant
1820 2867 1993 2905 omnes
2021 2868 2052 2904 a

453 2946 663 3003 minimo
688 2963 844 3018 usque
863 2946 932 3000 ad
956 2949 1257 3010 maximum,
1281 2945 1524 3007 dicentes,
1552 2942 1598 2996 11
1606 2944 1651 2997 ic
1677 2953 1748 2997 est
1773 2942 1931 2996 uirtus
1959 2940 2053 2995 Dei

452 3055 661 3111 magna.
685 3039 820 3096 Vide
843 3039 972 3095 mihi
994 3039 1153 3095 aliam
1182 3039 1555 3103 tentationem,
1582 3051 1773 3104 nempe
1792 3034 2048 3091 Simonis.

455 3133 545 3189 11.
569 3131 903 3186 Atlendebant
922 3141 1090 3185 autent
1110 3131 1155 3186 ei
1180 3129 1353 3193 turbae,
1378 3138 1583 3200 propter
1602 3130 1736 3197 quod
1756 3126 1915 3181 multo
1937 3138 2047 3181 tem

457 3241 581 3295 pore
599 3224 780 3295 magiis
799 3224 905 3279 suis
928 3222 1258 3277 dementesset
1284 3238 1387 3275 eos.
1415 3220 1500 3274 19..
1525 3219 1651 3274 Cum
1672 3236 1786 3274 vero
1806 3220 2024 3275 credidis

453 3325 564 3369 sent
602 3313 851 3386 Philippo
890 3313 1256 3385 euangelizanti
1280 3312 1345 3366 de
1373 3328 1527 3383 regno
1553 3310 1651 3366 Dei
1677 3320 1723 3365 et
1749 3309 1812 3365 de
1851 3311 2053 3364 nomine

452 3404 580 3460 Jesu
620 3404 846 3473 Christi,
877 3404 1267 3476 baptizabantur
1295 3403 1389 3458 viri
1418 3414 1464 3456 et
1496 3402 1748 3457 mulieres.
1789 3402 1876 3458 15.
1906 3399 2052 3455 Tunc

455 3497 637 3553 Simon
664 3508 709 3551 et
733 3498 842 3568 ipse
864 3496 1100 3564 credidit,
1124 3506 1305 3551 etcum
1331 3494 1614 3566 baptizatus
1638 3505 1783 3561 esset,
1811 3493 2049 3549 adfuere-

452 3589 537 3643 ltat
570 3588 833 3660 Philippo.
880 3588 1071 3645 Videas
1108 3593 1260 3643 etiam
1300 3588 1448 3661 signa
1480 3598 1529 3643 et
1558 3588 1767 3643 virtutes
1801 3591 2051 3643 maximas

452 3682 567 3751 fieri
588 3723 607 3750 ,
646 3693 856 3753 stupens
887 3682 1255 3735 admirabatur.
1290 3681 1377 3737 14.
1420 3680 1549 3735 Cum
1585 3681 1843 3736 audissent
1881 3690 2051 3734 autent

451 3773 692 3845 apostoli,
715 3774 802 3844 qui
823 3784 966 3828 erum
985 3772 1338 3845 Jerosolgmis,
1359 3773 1497 3844 quod
1515 3774 1783 3842 recepisset
1808 3773 2050 3828 Samaria

449 3864 655 3919 uerbum
684 3864 799 3931 Dei,
829 3867 1070 3920 miserunt
1094 3866 1165 3917 ad
1187 3864 1305 3918 illos
1334 3863 1541 3918 Petrum
1565 3875 1611 3917 et
1636 3862 1890 3919 Joannem
1914 3880 1933 3918 :
1959 3864 2046 3920 15.

451 3957 539 4026 qui
583 3973 698 4010 cum
741 3959 1025 4024 venissent,
1068 3965 1338 4011 creverunt
1377 3973 1469 4026 pro
1509 3956 1635 4025 ipsis
1673 3966 1727 4016 ut
1765 3956 2051 4031 acciperent

451 4047 706 4119 Spiritum
743 4057 994 4104 sanctum.
1038 4049 1127 4105 16.
1178 4047 1425 4107 Nondum
1472 4048 1606 4105 enim
1651 4050 1705 4105 in
1745 4067 2050 4123 quemquam

448 4138 659 4198 illorum
693 4148 929 4212 venerat,
960 4142 1050 4200 sed
1082 4144 1324 4214 baptizati
1359 4152 1553 4197 tantum
1586 4151 1728 4197 erant
1761 4142 1814 4196 in
1848 4142 2051 4199 nomine

450 4235 660 4294 Domini
704 4238 850 4295 Iesu.
884 4239 969 4294 17.
1003 4237 1145 4293 Tunc
1173 4236 1497 4307 imponebant
1528 4254 1707 4291 manus
1734 4254 1888 4307 super
1916 4251 2005 4292 eos
2029 4279 2045 4307 ,

451 4339 499 4384 et
527 4330 841 4401 accipiebant
872 4329 1127 4401 Spiritum
1151 4339 1401 4384 sanctum.
1438 4326 1523 4383 18.
1559 4327 1683 4381 Cum
1713 4326 1915 4382 vidisset
1949 4343 2049 4381 au-

453 4430 551 4475 tem
588 4421 769 4477 Simon
792 4462 808 4487 ,
839 4423 961 4490 quia
987 4438 1075 4491 per
1100 4422 1472 4493 impositionem
1497 4436 1675 4473 manus
1700 4420 2050 4490 apostolorum

453 4513 663 4568 daretur
688 4511 917 4582 Spiritus
946 4523 1148 4567 sanctus
1168 4554 1182 4579 ,
1215 4511 1390 4566 obtulit
1414 4512 1485 4566 eis
1513 4511 1816 4580 pecuniam,
1849 4511 1931 4567 19.
1965 4510 2050 4565 di-

453 4620 571 4657 cens
593 4618 613 4659 :
639 4602 772 4660 Date
799 4613 845 4659 et
876 4603 1000 4658 milii
1026 4604 1157 4658 hanc
1186 4596 1510 4674 potestatem,
1543 4612 1598 4657 ut
1626 4603 1922 4674 cuicumque
1948 4604 2048 4656 int-

454 4710 669 4765 posuere
696 4712 898 4762 manus,
927 4696 1145 4763 accipiat
1173 4692 1425 4766 Spiritum
1451 4705 1702 4750 sanctum.
1729 4693 2011 4762 Quomodo
2031 4738 2047 4764 ,

453 4784 686 4856 inquies,
722 4788 771 4842 hi
802 4786 1059 4857 Spiritum
1090 4803 1195 4842 non
1225 4788 1581 4858 aceeperant?
1609 4787 1865 4858 Spiritqu
1896 4802 2052 4843 acce-

456 4886 646 4946 perant
672 4879 1022 4945 remissionis,
1049 4880 1303 4948 Spiritum
1333 4894 1458 4933 vero
1482 4878 1755 4950 signorum
1787 4878 2045 4935 nondum.

376 4972 384 4979 '
459 4965 613 5044 Vide,
642 4969 915 5041 quomodo
945 4970 1047 5025 hoc
1072 4986 1303 5027 cernens
1329 4969 1544 5036 Simon,
1572 4972 1799 5026 accessit
1824 4970 1928 5026 hoc
1958 4987 2051 5042 pe.

457 5067 600 5117 tens.
635 5058 855 5116 Etiamsi
884 5077 1011 5116 vero
1042 5072 1168 5117 tunc
1194 5063 1425 5117 maxime
1453 5061 1794 5134 persequutio
1823 5061 2047 5134 vigeret,

456 5161 694 5212 attamen
727 5155 868 5210 Deus
907 5154 1052 5225 ipstis
1095 5171 1307 5210 rursum
1353 5155 1597 5210 liberavit
1635 5157 1907 5226 signorum
1949 5172 2052 5226 ope

458 5247 713 5303 animitos.
753 5245 939 5318 Neque
967 5249 1109 5304 enim
1144 5263 1289 5302 mors
1326 5247 1581 5319 Stephani
1612 5248 1822 5304 illorum
1858 5249 2053 5304 restin-

457 5340 536 5394 xit
568 5339 801 5409 furerem
822 5381 840 5410 ,
870 5341 978 5395 imo
1007 5341 1175 5414 magis
1201 5341 1383 5406 auxit;
1416 5341 1645 5411 ideoque
1670 5340 2053 5411 diSperguntur

456 5429 707 5488 doctores
730 5471 748 5498 ,
782 5441 840 5487 ut
879 5431 1124 5490 doctrinm
1161 5432 1390 5504 amplius
1426 5440 1769 5503 proluigetur.
1800 5432 1903 5488 Sed
1934 5432 2053 5486 vide

458 5521 652 5580 iterum
692 5524 816 5581 illos
853 5524 907 5578 in
948 5525 1103 5580 benis
1134 5534 1410 5579 versantes
1434 5565 1450 5592 ,
1482 5533 1539 5579 et
1568 5523 1621 5578 in
1660 5524 1856 5594 gaudio
1888 5540 1901 5577 :
1931 5537 2053 5577 nam

456 5612 532 5667 ait
561 5629 575 5666 :
608 5612 828 5670 Factum
858 5629 931 5671 est
958 5618 1204 5688 gaudium
1235 5633 1473 5689 magnum
1502 5618 1555 5671 in
1581 5616 1815 5681 ciuitate;
1845 5615 2052 5671 etiamsi

457 5701 637 5763 luctus
662 5723 875 5780 quoque
905 5723 1130 5780 magnus
1161 5707 1339 5764 fuerit.
1384 5707 1475 5763 Sic
1503 5707 1641 5762 solet
1671 5705 1813 5761 Deus
1845 5722 2057 5775 semper

459 5801 639 5867 facere
663 5842 680 5869 ,
708 5801 949 5857 tristibus
976 5810 1171 5870 nempe
1202 5801 1322 5856 laeta
1349 5799 1646 5855 admiscere
1673 5838 1687 5862 ,
1717 5805 1776 5851 ut
1805 5798 1974 5866 magis
2004 5797 2054 5850 in

460 5893 817 5956 admiratione
845 5892 932 5948 sit.
963 5894 1005 5949 Δ
1036 5890 1204 5951 multo
1231 5901 1408 5947 autem
1444 5890 1555 5962 jam
1591 5898 1834 5961 tempore
1861 5887 2052 5944 morbo

1211 434 1270 489 S.
1298 431 1575 490 JOANNIS
1603 422 2076 487 CllllYSOSTOill
2114 424 2434 483 ARClllEP.
2462 428 2999 489 CONSTANTINOP.

3676 434 3777 490 ιιι

2169 540 2447 599 laborabat
2470 546 2692 611 Simon;
2724 548 2865 604 unde
2912 562 3084 619 neque
3127 548 3205 605 sic
3245 548 3315 606 ab
3357 549 3456 607 illo
3490 551 3768 610 liberatur.

2166 632 2448 700 Quomodo
2495 647 2673 692 autem
2719 639 2868 694 illum
2913 640 3242 711 baptizavit?
3281 642 3444 699 Sicut
3488 654 3548 701 et
3580 643 3770 700 ludam

2164 725 2410 782 Christus
2432 728 2611 800 elegit.
2636 730 2735 786 llic
2757 733 2905 803 signa
2931 734 3142 799 videns,
3165 733 3509 805 obstupescit
3531 738 3767 808 quidem,

2168 832 2272 872 non
2298 820 2458 874 audet
2478 836 2608 876 vero
2629 824 2853 892 gratiam
2875 825 3149 894 signorum
3176 836 3384 897 petere,
3416 827 3548 899 quia
3571 829 3770 887 sciebat

2167 909 2326 963 etiam
2357 910 2493 964 alios
2520 914 2759 972 nondum
2786 915 3079 983 accepisse.
3108 917 3398 983 Quomodo
3431 918 3601 991 igitur
3622 919 3768 976 illum

2168 1015 2274 1056 non
2315 1001 2629 1060 occiderunt
2670 1007 2805 1061 sicut
2849 1011 3107 1063 Ananiam
3139 1019 3194 1065 et
3236 1010 3614 1082 Sapphiram?
3639 1012 3766 1082 Quia

2165 1094 2326 1148 etiam
2371 1096 2499 1150 olim
2545 1098 2626 1163 is,
2656 1100 2745 1169 qui
2792 1099 2929 1171 ligna
2970 1103 3298 1174 collegerat,
3335 1106 3563 1162 occisus
3601 1118 3681 1164 est
3714 1125 3763 1163 Ill

2167 1188 2501 1257 exemplum;
2534 1205 2706 1261 neque
2736 1193 2875 1249 ultra
2902 1195 3038 1248 alius
3063 1197 3329 1267 quispiam
3362 1198 3417 1254 id
3450 1214 3644 1269 passus
3667 1211 3761 1256 est.

2166 1275 2258 1332 Sic
2284 1286 2339 1332 et
2364 1296 2507 1335 nunc
2546 1282 2731 1337 Petrus
2765 1283 2889 1340 facit
2918 1304 2932 1339 :
2961 1287 3169 1352 illisque
3208 1290 3415 1359 punitis
3440 1334 3456 1358 ,
3492 1291 3635 1349 hunc
3663 1311 3759 1350 non

2168 1371 2337 1438 punit,
2370 1373 2465 1428 sed
2496 1375 2570 1429 ait
2599 1375 2672 1430 illi
2705 1395 2718 1429 :
2745 1377 2835 1433 9.0.
2870 1377 3096 1434 Pecunia
3120 1389 3209 1435 tua
3232 1393 3401 1437 tecum
3425 1386 3493 1437 sit
3521 1386 3577 1439 in
3604 1389 3763 1456 perdi-

2166 1461 2371 1529 tionem,
2397 1467 2637 1529 quoniam
2671 1470 2859 1522 donum
2893 1469 2985 1525 Dei
3012 1474 3204 1539 putasti
3231 1477 3454 1544 pecunia
3482 1478 3695 1549 acquiri.

2237 1556 2290 1613 5.
2324 1556 2426 1611 Cur
2451 1574 2482 1610 a
2516 1557 2759 1630 Philippo
2786 1561 3024 1631 baptizati
3049 1581 3149 1618 non
3177 1579 3491 1637 acceperunt
3520 1569 3756 1640 Spiritum

2164 1658 2414 1703 sanctum.
2448 1649 2678 1706 Historia
2706 1652 2931 1708 Simonis
2957 1658 3299 1712 continuatur.
3335 1658 3563 1716 Nullum
3594 1680 3754 1734 perca-

2165 1748 2271 1792 tum
2297 1758 2399 1795 non
2424 1744 2694 1798 remittitur
2717 1747 3073 1817 paenitenti.—
3091 1748 3159 1804 Et
3177 1765 3272 1804 cur
3299 1751 3355 1805 hi
3383 1753 3637 1822 baptizati
3661 1771 3755 1808 tlntl

2164 1842 2489 1901 acceperant
2525 1833 2782 1905 Spiritum
2830 1840 3114 1895 sanctum?
3161 1839 3257 1896 Vel
3313 1844 3443 1911 quia
3496 1843 3756 1915 Philippus

2164 1924 2295 1982 dare
2320 1942 2483 1984 ausus
2513 1944 2618 1985 non
2645 1940 2761 1985 erat
2779 1972 2794 1997 ,
2826 1929 2966 1987 hunc
2995 1947 3278 1990 reservans
3304 1937 3573 2006 apostolis
3603 1938 3758 1992 hono-

2166 2032 2313 2081 rem;
2345 2019 2457 2074 sive
2484 2021 2611 2091 quia
2642 2021 2743 2078 hoc
2766 2023 3033 2080 charisma
3062 2042 3169 2081 non
3191 2025 3431 2083 habebat
3458 2031 3597 2099 (erat
3622 2033 3751 2085 enim

2163 2127 2228 2165 ex
2262 2112 2365 2167 illis
2392 2113 2636 2186 septem)
2666 2133 2681 2170 :
2711 2115 2763 2171 id
2806 2117 2951 2187 quod
2989 2119 3157 2189 magis
3193 2118 3415 2175 videtur
3460 2121 3750 2179 lilt'elldlﬂll.

2165 2203 2301 2261 Puto
2329 2214 2480 2261 certe
2510 2206 2655 2263 lnme
2680 2207 2986 2280 Philippum
3013 2225 3076 2264 ex
3109 2220 3320 2280 septem
3355 2211 3464 2269 illis
3489 2228 3608 2269 esse
3626 2256 3643 2278 ,
3673 2228 3752 2268 se-

2163 2298 2395 2354 cundum
2435 2314 2465 2355 a
2503 2300 2842 2370 Stephano’.
2874 2301 3233 2370 Quamobrem
3263 2319 3396 2360 cum
3438 2305 3747 2377 baptizaret,

2164 2392 2420 2464 Spiritum
2449 2393 2729 2465 baptizatis
2759 2411 2865 2451 non
2894 2396 3059 2452 dabat
3097 2415 3112 2453 :
3151 2413 3332 2469 neque
3362 2400 3507 2454 enim
3539 2408 3751 2468 potests-

2166 2495 2270 2542 tem
2314 2485 2576 2551 habebat;
2628 2487 2729 2543 hoc
2755 2489 2953 2558 quippe
2981 2488 3180 2543 donum
3220 2489 3515 2546 duodecim
3555 2490 3750 2545 illorum

2165 2587 2367 2632 tantum
2386 2587 2520 2634 erat.
2545 2579 2821 2649 Perpende
2849 2589 3028 2635 autem
3061 2599 3075 2635 :
3106 2580 3180 2635 illi
3210 2596 3325 2636 non
3358 2582 3631 2648 exierant;
3656 2582 3746 2638 dis-

2163 2684 2442 2741 pensatum
2496 2682 2600 2739 est,
2633 2681 2691 2727 ut
2745 2672 2775 2725 ii
2817 2671 3059 2739 exirent,
3100 2673 3191 2744 qui
3223 2675 3498 2730 minorem
3537 2676 3741 2746 gratiam

2162 2766 2461 2828 habebant,
2500 2767 2641 2837 quod
2679 2766 2914 2820 nondum
2956 2769 3295 2836 accepissent
3333 2767 3592 2840 Spiritum
3629 2783 3737 2823 san-

2162 2870 2327 2914 etum.
2364 2859 2686 2914 Potestatem
2716 2860 2931 2931 quidem
2962 2871 3285 2929 acceperant
3318 2861 3547 2917 faciendi
3574 2862 3731 2932 signa,

2160 2967 2267 3007 non
2293 2962 2474 3007 autem
2500 2951 2756 3023 Spiritum
2786 2951 2908 3009 aliis
2933 2951 3115 3009 dandi.
3148 2954 3317 3024 Igitur
3345 2954 3465 3010 lucc
3489 2951 3730 3025 apostolu-

2162 3062 2277 3100 rnm
2303 3054 2420 3100 erat
2459 3046 2843 3118 praerogativa;
2888 3046 3116 3116 ideoque
3156 3057 3210 3102 et
3252 3047 3610 3121 coryplueos,
3644 3060 3733 3100 non

2159 3139 2313 3206 alios,
2345 3137 2527 3194 videre
2550 3146 2635 3194 est
2663 3138 2764 3194 hoc
2790 3137 2989 3195 facere.
3028 3137 3213 3193 Videas
3244 3150 3422 3197 autem
3449 3140 3649 3202 Simon,
3675 3136 3737 3191 in-

2158 3231 2302 3302 quit,
2326 3232 2463 3301 quod
2491 3248 2581 3303 per
2604 3232 2974 3303 impositionem
3008 3248 3254 3286 manuum
3282 3233 3623 3304 apostolorum
3656 3226 3737 3282 da-
3820 3292 3827 3300 .

2156 3336 2295 3380 retur
2321 3325 2549 3394 Spiritus
2574 3335 2804 3381 sanctus.
2833 3324 2948 3380 Non
2977 3325 3054 3380 sic
3077 3324 3341 3392 dixisset,
3370 3325 3471 3380 nisi
3509 3320 3739 3380 sensibile

2158 3417 2430 3490 quldpiam
2453 3418 2651 3473 factum
2677 3417 2884 3473 fuisset.
2914 3415 3027 3472 Hoc
3045 3426 3099 3471 et
3122 3416 3323 3473 Paulus
3352 3416 3476 3472 fecit
3496 3457 3512 3487 ,
3533 3429 3649 3473 eum
3672 3414 3740 3469 Io-

2157 3519 2449 3582 querentur
2475 3510 2689 3582 linguis.
2720 3509 2964 3565 Vidistin’
2989 3508 3226 3568 Simonis
3251 3510 3475 3570 Scelus?
3500 3509 3740 3568 Pecunias

2157 3603 2370 3659 obtulit.
2399 3602 2557 3673 Atqui
2579 3618 2687 3657 non
2706 3601 2913 3661 viderat
2941 3600 3091 3660 illum
3114 3619 3212 3677 pro
3231 3605 3462 3675 pecunia
3484 3602 3534 3659 id
3560 3599 3737 3657 facien-

2160 3709 2266 3753 tem
2297 3715 2311 3753 :
2347 3695 2489 3753 unde
2516 3712 2625 3756 non
2652 3695 2951 3772 ignorantis
2976 3714 3112 3770 opus
3140 3708 3260 3755 erat
3280 3740 3298 3767 ,
3340 3697 3435 3754 sed
3468 3691 3735 3753 tentamis.

2157 3799 2213 3844 et
2238 3788 2467 3850 volentis
2491 3792 2694 3848 crimen
2720 3792 3005 3847 intentare.
3033 3790 3267 3862 Ideoque
3291 3789 3443 3847 audit
3475 3807 3488 3843 :
3518 3786 3603 3842 2t.
3631 3780 3737 3838 Non

2157 3897 2230 3942 est
2256 3885 2345 3941 tibi
2370 3901 2489 3951 pars
2516 3900 2677 3955 neque
2702 3900 2814 3939 sors
2840 3885 2893 3939 in
2920 3899 3150 3938 sermone
3175 3884 3276 3940 isto
3303 3898 3323 3937 :
3349 3899 3440 3937 cor
3462 3880 3589 3935 enim
3614 3886 3736 3929 tuum

2157 3994 2259 4034 non
2286 3960 2363 4032 est
2382 3987 2575 4032 rectum
2595 3993 2770 4032 coram
2790 3975 2919 4031 Deo.
2948 3975 3144 4032 lterum
3171 3991 3299 4046 qua:
3328 3976 3380 4030 in
3408 3982 3582 4028 mente
3600 3974 3737 4023 erant

2155 4073 2313 4130 all'ert
2341 4073 2394 4129 in
2423 4072 2658 4128 medium
2677 4112 2693 4138 ,
2720 4073 2845 4141 quia
2877 4071 2966 4126 ille
2986 4086 3046 4129 se
3065 4070 3233 4127 latere
3256 4070 3500 4142 putabat.
3525 4066 3610 4120 22.
3634 4061 3738 4116 Pa:-

2156 4167 2422 4223 uitentiam
2446 4167 2614 4238 itaque
2636 4182 2729 4238 age
2754 4166 2819 4221 ab
2845 4166 2941 4219 hac
2968 4165 3191 4233 nequitia
3218 4174 3341 4228 tua,
3366 4173 3411 4219 et
3439 4177 3561 4232 roga
3587 4153 3736 4213 Domi-

2156 4276 2279 4317 num
2298 4301 2315 4323 ,
2356 4260 2400 4314 si
2440 4262 2572 4331 forte
2609 4259 2896 4313 remittatur
2923 4256 3013 4313 tibi
3044 4257 3154 4313 Itan:
3182 4256 3426 4328 cogitatio
3452 4251 3614 4309 cordis
3652 4244 3732 4299 tui-

2153 4351 2247 4409 2'5.
2275 4349 2345 4407 In
2375 4349 2494 4423 felle
2518 4348 2652 4404 enim
2687 4349 3075 4413 amaritudinis,
3105 4357 3152 4403 α
3177 4347 3231 4402 in
3256 4347 3457 4403 vinculo
3481 4335 3734 4411 iniquitais

2154 4446 2300 4504 video
2326 4457 2376 4501 te
2400 4461 2526 4503 esse.
2555 4445 2650 4500 24.
2673 4443 3005 4515 Respondeas
3031 4454 3201 4499 autem
3228 4441 3414 4499 Simon
3436 4438 3561 4494 dixit
3583 4452 3601 4490 :
3627 4432 3734 4486 Pre-

2156 4540 2346 4596 camini
2375 4555 2460 4595 uos
2491 4556 2585 4608 pro
2614 4554 2694 4592 me
2720 4537 2789 4591 ad
2815 4519 3127 4602 Dominum,
3160 4546 3217 4591 ut
3242 4533 3377 4590 nihil
3404 4531 3564 4587 veniat
3602 4537 3734 4594 super

2156 4648 2236 4688 me
2257 4634 2440 4688 horum
2457 4647 2573 4702 qua
2588 4632 2805 4688 dixistis.
2828 4630 2964 4686 Cum
2986 4628 3316 4698 oportuisset
3337 4625 3486 4680 illum
3505 4636 3567 4677 es
3590 4612 3735 4673 Corde

2159 4724 2529 4795 paenitentiam
2567 4737 2729 4793 agere
2755 4730 2811 4778 et
2836 4720 2965 4775 ﬂere
2984 4761 3001 4787 ,
3043 4719 3134 4775 ille
3163 4714 3521 4788 perfunctorie
3549 4716 3731 4795 tantum

2159 4790 2261 4873 hoc
2286 4815 2434 4871 facit.
2459 4814 2521 4870 Si
2542 4790 2673 4885 forte
2694 4814 2984 4869 remittatur
3001 4812 3111 4870 tibi.
3131 4811 3245 4866 Hoc
3269 4808 3461 4879 inquit.
3486 4817 3587 4858 non
3607 4790 3732 4866 quod

2157 4929 2263 4970 non
2294 4905 2578 4966 remissum
2602 4908 2794 4964 fuisset
2835 4906 2947 4973 illi,
2989 4906 3034 4962 si
3066 4905 3364 4975 plorasset;
3403 4896 3496 4954 sed
3528 4905 3638 4948 nios
3662 4892 3732 4940 est

2155 5004 2318 5061 etiam
2343 5001 2624 5077 prephetis
2652 5000 2826 5057 solum
2855 5000 3159 5069 denegare,
3190 5011 3290 5053 nec
3317 4993 3495 5049 dicere
3526 5005 3541 5041 :
3568 4983 3631 5077 Si
3644 4993 3733 5033 au-

2158 5111 2268 5159 tem
2294 5073 2399 5153 hoc
2427 5093 2642 5160 feceris,
2668 5091 3060 5148 condonabitur
3080 5089 3213 5155 tibi;
3241 5084 3336 5144 sed
3365 5078 3582 5138 omnino
3609 5073 3732 5160 fulti-

2158 5206 2273 5247 ram
2306 5202 2519 5261 pinnam
2547 5184 2889 5241 denuntiare.
2930 5181 3010 5237 'l‘u
3052 5194 3182 5236 vero
3218 5177 3413 5233 mirare
3435 5212 3453 5237 ,
3482 5155 3731 5262 quom-udo

2159 5284 2213 5341 in
2245 5253 2486 5352 tempore
2511 5275 2835 5335 calamitatis
2873 5289 2981 5329 non
3026 5271 3330 5344 negligant,
3367 5262 3460 5321 sed
3488 5253 3725 5330 pra-dica-

2225 5463 2239 5493 ¹
2276 5458 2419 5512 sarit.
2451 5459 2527 5509 sic
2568 5456 2718 5509 habet
2735 5490 2751 5515 ,
2776 5453 2905 5506 unde
2936 5450 3057 5504 malai
3080 5450 3266 5505 videtur
3305 5444 3431 5496 hanc
3456 5434 3724 5515 ﬁnitimi?!

2161 5524 2182 5586 (
2205 5500 3178 5586 quisnam-arhaesissem

2160 5563 3110 5656 ὶέὲἷιὲιδᾟὲιῗὶέρῖιῖιηῖῖςῗέτέἓὶρξιέιέἑζ
3464 5563 3719 5656 1ἱ⁴ίιη¹έέ¹ἷ2ξ

2160 5620 3720 5714 ῖῖιῖίιῖῖπίνῖέὶπῖἒὲἷἓξῖρῖλὲεόιῖὲῗῦνῖ’ὶὶιιῖιῖέῆἱῑιξὶδδξί.ἑξ,¹ὲιοιῗιέιέ⁴ἒ

2789 5684 3121 5781 εῗθίιυίέενίιθε
3151 5684 3656 5781 miserim.
3551 5751 3610 5781 η
3640 5684 3720 5781 ηῗέῗ

2160 5751 2609 5840 massa-si
2634 5751 2724 5823 1iii-
2748 5751 2864 5815 W
2874 5751 2971 5840 iui
2979 5751 3266 5840 ﬁnite)?!“
3277 5751 3716 5840 sarissas;

2164 5807 2864 5901 :Kéﬁs'apaarasaam
2879 5807 3245 5886 mactans;
3277 5807 3452 5869 uoietli
3478 5807 3646 5856 tecum

2167 5906 2218 5946 ut
2241 5890 2505 5959 genuinam
2526 5890 2843 5943 retinuimus.
