3946 6432
169 492 252 551 N5
1087 474 1154 532 IN
1192 472 1375 530 ACTA
1418 464 1944 526 AI’OSTOLORUM.
1989 462 2219 521 HOMIL.
2268 461 2457 520 XVIII.

168 605 277 662 tionl
314 598 642 663 incumbant;
685 599 740 651 et
777 591 1077 666 quomodo,
1107 589 1246 644 sicut
1288 587 1388 643 sub
1418 585 1598 656 Moyse
1629 597 1724 653 per

171 695 583 768 comparationem
625 688 820 747 ﬁebant
853 687 1108 742 miracula
1149 683 1229 753 (a)
1277 698 1291 736 :
1341 683 1408 734 ita
1457 688 1510 734 et
1561 689 1720 730 nunc.

177 790 309 860 Magia
349 795 500 849 erat,
549 791 604 838 et
649 789 826 836 tamen
870 779 983 833 haec
1021 777 1170 847 signa
1217 773 1496 828 manifesta
1539 775 1724 833 erant,

187 878 373 952 quamvis
390 874 594 930 nullum
619 871 690 926 ibi
709 877 983 939 oporteret
1001 882 1120 922 esse
1137 863 1547 924 datmoniacum,
1568 873 1729 927 quan-

191 951 412 1040 doquidem
451 984 478 1018 a
513 966 684 1020 multo
721 964 830 1032 jam
877 973 1117 1029 tempore
1156 957 1346 1027 magiis
1388 951 1730 1010 dementabat

192 1066 310 1119 illos:
334 1059 448 1129 quia
479 1070 613 1112 vero
638 1055 787 1111 multi
815 1061 972 1109 erant
997 1049 1349 1115 daemoniaci,
1384 1045 1538 1102 multi
1570 1057 1728 1114 para-

193 1155 320 1226 lytici;
357 1151 442 1205 illa
489 1150 688 1204 veritas
733 1162 837 1202 non
880 1154 1055 1200 erant.
1095 1143 1192 1197 llic
1239 1155 1370 1195 vero
1413 1153 1520 1192 non
1562 1133 1729 1206 signis

191 1243 321 1305 modo.
347 1240 434 1296 sed
468 1239 639 1294 verbo
668 1239 790 1293 illos
816 1235 1100 1292 inducebat
1125 1234 1194 1287 de
1223 1245 1387 1301 regno
1415 1228 1612 1286 Christi
1645 1226 1728 1281 lo-

183 1350 329 1405 quens.
353 1337 414 1387 At
440 1333 663 1397 Simon,
706 1330 912 1400 inquit,
943 1328 1239 1396 baptizatus
1259 1322 1572 1378 adltzerebat
1603 1318 1725 1374 Phi-

181 1426 311 1495 lippo.
336 1423 439 1479 Non
473 1423 600 1477 ﬁdei
631 1436 811 1486 causa,
840 1420 936 1476 sed
964 1429 1021 1474 ut
1048 1420 1166 1474 talis
1199 1419 1310 1487 ipse
1337 1416 1509 1479 ﬁeret,
1541 1413 1732 1467 adhae-

179 1520 317 1574 rebat.
347 1518 434 1584 Qui
457 1533 573 1571 cum
601 1516 850 1570 venissent
875 1521 1143 1567 oraverunt
1180 1527 1273 1582 pro
1310 1509 1436 1580 ipsis
1454 1548 1471 1574 ,
1513 1516 1568 1560 ut
1597 1505 1733 1558 acci-

183 1619 328 1682 perent
350 1608 582 1678 Spiritum
609 1617 843 1661 sanctum
871 1621 889 1659 :
917 1604 1144 1658 nondum
1173 1603 1304 1657 enim
1341 1603 1396 1655 in
1433 1613 1734 1671 quemquam

189 1705 354 1757 illorum
384 1709 596 1755 renerat.
629 1698 774 1752 Tunc
815 1697 1135 1768 imponebant
1166 1709 1350 1748 manus
1388 1707 1541 1759 super
1576 1690 1728 1755 illos,

194 1805 232 1849 et
250 1792 505 1863 accipiebant
548 1790 808 1860 Spiritum
837 1798 1086 1843 sanctum.
1122 1785 1284 1840 Vides
1327 1784 1442 1838 haec
1489 1797 1594 1836 non
1644 1789 1732 1834 ut-

193 1900 367 1955 cumque
390 1885 494 1939 ﬁeri
517 1925 533 1949 ,
568 1882 667 1938 sed
697 1882 861 1937 multa
892 1895 1029 1951 opus
1059 1879 1224 1934 fuisse
1258 1877 1454 1931 virtute
1492 1873 1556 1928 ad
1597 1873 1732 1927 dan-

191 1978 283 2032 dum
306 1975 543 2046 Spiritum
581 1972 872 2029 sanetum?
913 1971 1028 2026 Non
1059 1969 1202 2026 enim
1236 1968 1378 2022 idem
1420 1973 1502 2022 est
1538 1963 1733 2019 remis-

183 2071 345 2124 sionem
361 2067 638 2139 consequi,
657 2074 711 2122 et
728 2065 888 2122 talem
911 2064 1157 2134 accipere
1174 2069 1514 2133 potestatem.
1545 2056 1735 2112 Videns

180 2173 312 2218 autem
334 2163 525 2231 Simon,
559 2160 700 2231 quod
721 2177 810 2232 per
828 2141 1200 2231 imposiliouem
1216 2171 1456 2210 manuum
1470 2153 1733 2224 apostolo-

179 2273 268 2310 nun
281 2257 466 2311 daretur
485 2254 722 2327 Spiritus
739 2262 965 2319 sanctus,
981 2251 1161 2306 obtulit
1178 2250 1303 2319 ipsis
1316 2248 1578 2319 pecunias.
1597 2245 1732 2300 Num

177 2346 284 2401 alios
307 2346 399 2401 hoc
424 2344 689 2401 facientes
718 2342 885 2398 vidit?
914 2357 1047 2397 num
1084 2338 1429 2410 Philippum?
1468 2352 1593 2391 num
1641 2351 1738 2406 pu-

179 2439 295 2492 tabat
314 2438 448 2507 ipsos
473 2452 588 2492 non
617 2450 804 2503 nosse,
830 2448 938 2506 quo
963 2433 1052 2489 ille
1073 2433 1251 2486 animo
1272 2429 1588 2486 accederet?
1613 2427 1738 2482 Ideo

179 2532 289 2587 bene
313 2531 490 2586 Petrus
518 2545 639 2586 rem
671 2529 871 2582 donum
899 2535 1090 2591 vocat,
1118 2523 1304 2579 dicens
1334 2539 1347 2576 :
1381 2521 1608 2575 Pecunia
1651 2528 1738 2572 tua

177 2634 307 2676 tecum
344 2623 406 2678 sit
441 2624 492 2677 in
536 2621 912 2694 perditionem,
960 2618 1200 2689 quoniam
1228 2615 1523 2670 existimasti
1549 2613 1738 2666 donum

180 2713 256 2768 Dei
277 2713 485 2784 pecuniis
513 2712 733 2782 acquiri.
779 2709 966 2766 Viden‘
995 2709 1191 2779 ubique
1219 2721 1385 2776 puros
1419 2705 1536 2760 illos
1575 2719 1604 2757 a
1648 2719 1738 2772 pe-

176 2808 351 2864 cuniis?
375 2806 493 2862 Non
519 2815 600 2862 est
637 2805 725 2860 tibi
751 2820 872 2876 pars
910 2818 1071 2872 neque
1102 2817 1213 2856 sors
1248 2801 1300 2854 in
1339 2815 1567 2853 sermone
1593 2797 1690 2852 isto
1719 2811 1738 2850 :

177 2917 246 2954 cor
266 2903 383 2955 enim
411 2910 556 2956 tuum
587 2915 690 2954 non
715 2909 788 2953 est
814 2906 1007 2952 rectum
1031 2911 1204 2949 coram
1251 2893 1373 2947 Deo.
1422 2891 1605 2960 Itaque
1644 2904 1742 2959 per

179 2995 397 3048 malitiam
421 2992 605 3048 omnia
633 2989 866 3046 faciebat
895 3005 909 3042 :
937 2987 1083 3058 atqui
1108 2985 1411 3054 simplicem
1434 2998 1557 3038 esse
1581 2996 1742 3051 opor-

181 3085 312 3139 tebat.
341 3084 694 3139 Ptenitentiam
732 3083 901 3151 itaque
925 3096 1039 3150 age.
1076 3077 1140 3131 In
1182 3075 1300 3148 felle
1327 3076 1460 3128 enint
1488 3075 1739 3128 amaritu-

182 3177 306 3243 dinis,
329 3187 371 3231 et
397 3179 448 3230 in
476 3176 684 3232 vinculo
714 3173 993 3243 iniquitatis
1020 3171 1164 3224 video
1193 3179 1238 3224 te
1267 3184 1390 3223 esse.
1421 3167 1623 3237 Magna:
1648 3166 1742 3220 ira:

183 3269 311 3323 verba
336 3278 474 3324 sunt.
503 3267 626 3324 Non
655 3266 808 3336 punit
833 3273 1014 3318 autem
1045 3263 1219 3331 ipsum
1238 3302 1252 3326 ,
1299 3269 1356 3314 ut
1397 3275 1464 3314 ne
1487 3259 1743 3327 deinceps

138 3401 142 3410 .
187 3361 290 3416 lides
313 3376 370 3416 ex
397 3359 725 3416 necessitate
753 3365 925 3423 esset,
955 3370 1057 3411 nec
1083 3369 1172 3409 res
1201 3351 1436 3408 crudelis
1461 3365 1582 3407 esse
1605 3349 1746 3404 vide-

187 3462 328 3519 retur;
359 3463 516 3523 utque
559 3448 928 3521 paenitentiam
974 3446 1253 3502 induceret
1305 3463 1318 3498 :
1376 3443 1460 3498 vel
1504 3443 1628 3514 quia
1676 3441 1743 3496 ad

187 3545 527 3601 correctionem
573 3541 874 3614 sufficiebat
913 3540 1195 3610 arguisse,
1236 3545 1290 3592 et
1329 3552 1448 3606 qua:
1486 3535 1540 3589 in
1580 3534 1746 3589 corde

190 3649 306 3692 erant
342 3639 537 3693 dixisse
561 3677 577 3702 ,
618 3643 677 3690 ut
721 3623 810 3690 ille
850 3632 1202 3688 conﬁteretur
1245 3643 1305 3684 se
1339 3635 1554 3698 captum
1601 3640 1744 3682 esse.

187 3731 290 3785 Cum
318 3733 450 3788 enim
479 3731 641 3797 dicit,
678 3727 969 3783 Precamini
995 3741 1083 3780 vos
1110 3741 1204 3795 pro
1233 3739 1345 3788 me,
1377 3721 1428 3777 id
1461 3719 1749 3776 conﬁtetur

190 3831 230 3875 et
263 3823 460 3878 indicat.
505 3820 647 3877 Vide
690 3817 959 3890 quomodo
988 3815 1232 3888 quamvis
1273 3813 1533 3870 scelestus
1568 3819 1744 3878 esset,

193 3913 458 3985 redargutus
489 3923 673 3968 tamen
701 3909 964 3976 credidit,
994 3918 1054 3962 ut
1079 3916 1132 3963 et
1174 3905 1390 3961 humilis
1428 3903 1598 3960 factus
1627 3910 1746 3971 est,

192 4005 365 4072 quando
388 4006 582 4062 iterum
611 4002 932 4074 redargutus
955 4009 1057 4056 est.
1101 3999 1287 4053 Videtis
1316 3998 1482 4068 signa,
1513 4010 1627 4067 qua:
1655 3995 1749 4063 ﬁe-

195 4095 300 4163 bant,
321 4097 587 4170 obstupuit,
608 4094 899 4152 ostendens
921 4090 1257 4148 mendacium
1286 4087 1470 4152 fuisse,
1494 4083 1749 4157 quidquid

195 4185 283 4254 ipse
306 4189 535 4246 iaciebat.
581 4188 698 4245 Non
742 4181 908 4254 dixit,
955 4184 1232 4251 Accessit;
1274 4181 1404 4246 sed,
1456 4179 1746 4249 Obstupuit.

198 4277 248 4333 Et
269 4296 351 4335 cur
375 4299 473 4338 non
503 4284 608 4338 hoc
635 4280 818 4337 statim
850 4279 1010 4334 facit?
1041 4277 1269 4333 Putabat
1287 4291 1346 4330 se
1375 4289 1532 4346 posse
1561 4273 1748 4340 latere,

200 4375 376 4439 putabat
399 4385 563 4432 artem
591 4389 719 4432 esse
744 4371 887 4445 quod
920 4371 1082 4428 ﬁebat
1113 4387 1128 4424 :
1160 4369 1250 4440 qui
1291 4375 1470 4422 autem
1510 4381 1617 4421 non
1659 4380 1753 4434 po-

202 4466 546 4538 tuitapostolos
575 4471 744 4525 latere
763 4509 779 4535 ,
807 4467 1055 4522 accessit.
1087 4464 1131 4518 A
1159 4463 1333 4517 multis
1359 4462 1514 4528 enim,
1543 4461 1628 4532 qui
1659 4460 1752 4515 Ita-

205 4558 344 4614 bebant
379 4565 576 4633 spiritus
617 4559 942 4625 immundos,
983 4555 1262 4611 clamantes
1296 4555 1373 4608 illi
1409 4570 1526 4607 voce
1567 4569 1753 4624 magna

208 4651 387 4708 exibant.
429 4656 537 4712 lloc
576 4653 889 4727 egrediendi
933 4651 1142 4722 signum
1191 4647 1534 4703 manifestum
1601 4656 1749 4713 erat;

213 4754 431 4812 magonum
467 4764 597 4804 vero
627 4748 778 4817 signa
803 4760 835 4800 e
863 4741 1136 4799 contrario
1167 4755 1180 4794 :
1214 4740 1286 4794 illi
1317 4755 1547 4810 namque
1585 4740 1754 4809 magis

221 4833 461 4904 alligabant.
491 4842 646 4896 Multi
675 4839 944 4912 paralytici
967 4848 1011 4893 et
1032 4838 1206 4894 claudi
1235 4836 1402 4892 sanati
1425 4843 1563 4887 sunt.
1597 4831 1752 4886 Nulla

231 4920 294 4976 hic
311 4941 400 4984 erat
425 4933 625 4988 fallacia
653 4952 666 4988 :
690 4947 814 4987 nam
838 4932 1124 5002 oportebat
1145 4929 1419 4984 ambulare
1445 4935 1500 4980 et
1521 4924 1750 4994 operari.

235 5011 516 5080 Aumltttbant
541 5037 708 5080 autem
734 5026 811 5080 illi
848 5040 1040 5090 omnes,
1069 5023 1290 5077 dicentes
1322 5035 1341 5073 :
1369 5017 1470 5072 Hic
1498 5026 1571 5071 est
1601 5017 1756 5070 virtus

235 5102 322 5161 Dei.
346 5111 416 5170 llic
435 5119 682 5188 impletur
709 5117 840 5173 illud
871 5117 1068 5173 Christi
1099 5116 1300 5170 dictum
1335 5130 1350 5167 :
1381 5111 1533 5166 Multi
1565 5111 1757 5164 venient

224 5204 526 5266 Pmdocltristi
551 5219 594 5266 et
618 5210 1072 5282 pseudoprOphetaz
1120 5209 1172 5261 in
1193 5205 1397 5260 nomine
1423 5219 1530 5256 meo
1563 5201 1639 5273 (Μ
1647 5218 1754 5255 are.

221 5292 288 5346 13-
312 5297 416 5370 23).
443 5304 613 5370 Quare
638 5320 744 5358 non
773 5304 952 5358 statim
984 5301 1132 5355 illutn
1163 5295 1590 5367 redarguernnt?
1616 5294 1758 5350 Satis

219 5381 436 5448 habebant
460 5396 598 5465 quod
628 5411 749 5452 sese
773 5395 1160 5450 condemnaret
1186 5409 1199 5444 :
1227 5389 1426 5446 etenim
1453 5397 1509 5444 et
1537 5387 1639 5442 hoc
1663 5387 1755 5442 do-

219 5483 366 5537 ctrinae
387 5499 512 5542 erat.
539 5490 667 5557 Quia
695 5498 874 5544 autem
905 5489 1157 5542 resistere
1185 5500 1291 5538 non
1320 5491 1561 5553 poterat,
1593 5481 1759 5535 simu-

221 5571 370 5640 lauat
394 5584 523 5654 magi
561 5585 634 5639 illi
676 5585 766 5656 qui
807 5581 1059 5638 dicebant
1100 5597 1113 5634 :
1170 5578 1284 5633 Hoc
1323 5578 1510 5648 digitus
1555 5574 1649 5630 Dei
1684 5585 1759 5629 est

267 5771 326 5835 (α)
355 5774 460 5826 Cum
474 5781 548 5844 ait
580 5782 670 5832 sub
691 5787 855 5844 Moyse
883 5775 1113 5844 miracula
1140 5787 1228 5837 per
1252 5772 1665 5844 comparationem
1691 5769 1757 5819 fa-

222 5839 282 5906 ξφα
312 5831 414 5888 esse
433 5874 446 5897 ,
471 5841 525 5906 id
557 5831 659 5905 est,
681 5831 1210 5906 perfeqmparationém
1245 5831 1377 5906 cum?
1396 5831 1641 5906 miraculis
1667 5846 1756 5906 per

367 5894 582 5967 patratis,
607 5894 666 5957 ea
682 5894 1016 5969 probabantur
1040 5913 1154 5951 esse
1180 5911 1298 5951 vera
1323 5905 1375 5948 et
1408 5909 1435 5946 a
1469 5894 1578 5945 Deo
1614 5895 1755 5956 proli-

3314 463 3414 522 “6

1839 578 2040 650 (Exod.
2071 581 2124 637 8.
2158 581 2267 652 l9).
2299 580 2373 634 Ne
2401 595 2529 636 vero
2556 595 2742 636 rursus
2772 581 3156 652 expelleretur,
3191 581 3314 638 ideo
3342 583 3426 636 ad-

1833 672 2067 728 ha'rebat
2097 673 2365 744 Philippo,
2396 689 2495 728 nec
2525 673 2832 729 recedebat.

1903 768 1956 821 4.
1985 767 2118 834 Quot
2141 769 2271 820 bona
2293 783 2427 821 mors
2449 767 2699 837 Stephani
2720 767 3122 823 attulerit—Tu
3147 782 3278 823 vero
3300 766 3427 821 mihi

1834 857 2105 926 perpende
2124 899 2142 924 ,
2173 868 2303 928 quot
2331 870 2636 928 quantaque
2666 859 3046 930 dispensentur
3078 875 3172 929 per
3199 870 3426 914 mortem

1835 949 2112 1018 Stephani.
2147 949 2538 1020 Dispcrguntur
2564 967 2658 1021 per
2685 951 2931 1020 regiones
2955 950 3153 1005 Judazm
3174 960 3228 1005 et
3247 949 3436 1004 Sama-

1834 1043 1958 1109 τίω,
1983 1043 2350 1114 evangelizant
2369 1043 2615 1109 verbum,
2645 1044 2938 1112 praedicant
2961 1041 3257 1108 Christmn,
3280 1043 3430 1111 signa

1835 1133 2033 1200 edunt,
2067 1135 2322 1204 paulatim
2355 1135 2404 1188 bi
2433 1135 2633 1190 donum
2661 1135 2950 1205 accipiunt.
2986 1135 3097 1190 lloc
3127 1135 3320 1204 duplex
3354 1133 3430 1188 si-

1835 1240 1998 1296 gnum
2030 1236 2149 1282 erat
2179 1247 2191 1283 :
2220 1242 2342 1281 nam
2368 1237 2422 1283 et
2450 1228 2556 1282 illis
2584 1227 2712 1281 dare
2742 1237 2793 1280 et
2827 1226 2950 1281 huic
2975 1242 3080 1281 non
3109 1225 3239 1280 dare
3259 1267 3274 1289 ,
3316 1240 3432 1280 nta-

1837 1336 2000 1391 gnum
2029 1330 2145 1377 erat
2185 1323 2417 1392 signum.
2453 1322 2542 1375 23.
2575 1322 2640 1375 Et
2668 1322 2746 1375 illi
2773 1321 2972 1390 quidem
3001 1319 3253 1388 testiﬁcati
3281 1329 3325 1372 et
3354 1319 3434 1371 lo-

1835 1414 1980 1482 qunti
2004 1414 2206 1467 verbum
2235 1413 2457 1477 Domini,
2483 1415 2664 1468 reuersi
2685 1423 2802 1467 sunt
2828 1414 2879 1466 in
2899 1412 3204 1478 Jerusalem,
3233 1421 3278 1464 et
3305 1412 3439 1463 mul-

1839 1511 1903 1562 tis
1946 1509 2066 1562 viris
2111 1509 2554 1563 Samaritanorum
2601 1505 3027 1578 bvangelizabant.
3079 1505 3222 1560 Bene
3265 1505 3432 1568 dixit,

1837 1599 2137 1670 Testiﬁcati.
2161 1601 2537 1678 Testiﬁcautnr
2564 1599 2791 1654 fortasse
2812 1609 3030 1668 propter
3055 1597 3226 1662 illum,
3251 1612 3318 1650 ne
3343 1595 3439 1649 de-

1838 1693 2126 1763 cipiantur,
2159 1700 2217 1746 ut
2243 1701 2426 1762 postea
2449 1691 2507 1745 in
2538 1699 2655 1746 tuto
2673 1680 2878 1757 essent,
2907 1705 2974 1744 ne
3001 1689 3264 1758 inexperti
3295 1702 3439 1756 saepe

1839 1785 2233 1854 abriperentur.
2268 1784 2474 1838 Reversi
2513 1794 2630 1838 sunt
2667 1782 3059 1852 Jerosolymam.
3100 1781 3210 1836 Cur
3245 1781 3436 1835 iterum

1841 1877 1932 1931 illo
1958 1874 2281 1939 concedunt,
2313 1875 2402 1930 ubi
2435 1876 2676 1947 tyrannis
2704 1883 2853 1940 erat,
2885 1874 2972 1929 ubi
3001 1872 3262 1927 malorum
3293 1873 3439 1942 prin-

1839 1970 2065 2040 cipium,
2098 1969 2184 2024 ubi
2213 1969 2445 2024 maxime
2476 1967 2802 2038 sanguinarii
2843 1967 3034 2023 erant?
3076 1965 3144 2023 Ut
3189 1966 3242 2020 in
3285 1967 3442 2021 bellis

1841 2061 2004 2118 duces
2035 2061 2269 2126 faciunt,
2308 2071 2360 2116 et
2401 2061 2543 2117 bello
2584 2060 2913 2116 laborantem
2955 2069 3160 2130 partem
3191 2067 3380 2130 petunt
3421 2073 3436 2110 :

1844 2153 2074 2225 idipsum
2121 2153 2174 2207 hi
2224 2162 2496 2223 praestant.
2543 2153 2677 2208 Vide
2716 2168 2930 2208 rursum
2977 2168 3084 2206 non
3129 2153 3304 2222 primo
3347 2166 3440 2206 ve-

1843 2247 2050 2302 nientes
2075 2246 2402 2311 Samariam,
2432 2244 2526 2300 sed
2556 2243 2737 2315 pulsos
2764 2244 3072 2314 discipulos,
3100 2243 3238 2298 sicut
3263 2252 3317 2297 et
3344 2243 3443 2297 sub

1840 2339 2075 2405 Christo,
2108 2349 2161 2394 et
2189 2340 2462 2409 apostolos
2491 2337 2558 2393 ad
2588 2352 2683 2393 eos
2711 2337 3103 2403 Samaritanos,
3138 2338 3226 2407 qui
3259 2335 3436 2390 credi-

1841 2433 2063 2498 derant,
2094 2432 2308 2487 demum
2350 2432 2565 2488 missos.
2594 2430 2720 2487 Cum
2749 2431 3005 2486 audissent
3032 2440 3218 2495 autem,
3250 2429 3442 2500 inquit,

1842 2525 2092 2598 apostoli,
2120 2526 2207 2596 qui
2240 2535 2382 2579 erant
2411 2524 2779 2596 Jerosolymis,
2809 2521 3050 2579 miserunt
3089 2523 3158 2578 ad
3195 2524 3310 2578 illos
3342 2522 3441 2576 Pe-

1844 2633 1975 2676 trum
2004 2632 2050 2676 et
2078 2621 2350 2674 Joannem.
2382 2619 2493 2674 Cur
2522 2620 2846 2673 mittuntur?
2885 2619 2950 2674 Ut
2993 2619 3111 2673 illos
3143 2619 3373 2672 liberent
3415 2632 3442 2670 a

1845 2714 2049 2783 magia,
2094 2721 2151 2766 ut
2195 2712 2300 2765 illis
2345 2710 2646 2766 doctrinam
2695 2717 3158 2772 commemorent,
3208 2723 3368 2777 quam
3413 2722 3444 2760 a

1843 2809 2058 2864 Christo
2085 2806 2405 2861 didicerant.
2431 2806 2564 2860 Cum
2596 2811 2871 2873 oporteret
2900 2817 3030 2872 ergo
3055 2802 3201 2855 illum
3231 2809 3445 2854 contra-

1846 2902 1982 2956 rium
2011 2910 2227 2971 petere,
2260 2908 2316 2952 ut
2345 2898 2611 2967 acciperet
2638 2895 2894 2965 Spiritum
2923 2903 3164 2947 sanctum
3185 2933 3202 2960 ,
3236 2893 3280 2946 is
3315 2890 3446 2946 illud

1847 2992 1981 3047 nihil
2009 3003 2230 3055 curans,
2263 2989 2398 3060 petit
2425 2996 2482 3043 ut
2511 2988 2630 3042 aliis
2658 2987 2790 3041 dare
2822 2985 2988 3055 possit
3019 3003 3033 3039 :
3064 2983 3164 3039 etsi
3199 2983 3296 3052 ipsi
3339 2997 3448 3036 non

1847 3087 1996 3141 illum
2042 3086 2112 3139 ita
2151 3094 2464 3154 acceperant
2492 3123 2506 3149 ,
2549 3091 2610 3136 ut
2638 3081 2767 3135 dare
2806 3087 3044 3150 possent.
3089 3077 3195 3132 Sed
3236 3073 3449 3131 volebat

1849 3181 1936 3236 hic
1981 3179 2228 3248 Philippo
2267 3177 2464 3231 clarior
2491 3189 2632 3241 esse,
2662 3173 2750 3242 qui
2796 3174 2934 3227 inter
2973 3169 3261 3239 discipulos
3307 3175 3444 3222 erat.

1849 3273 2079 3328 Pecunia
2107 3282 2192 3326 tua
2220 3281 2378 3326 tecum
2400 3270 2461 3324 sit
2486 3270 2537 3322 in
2560 3268 2908 3339 perditionem.
2935 3263 3050 3320 Non
3080 3262 3445 3333 imprecantis,

1848 3365 1944 3421 sed
1975 3363 2296 3434 corrigentis
2327 3361 2440 3416 lucc
2470 3369 2615 3415 sunt.
2646 3359 2778 3427 Quia
2804 3359 2950 3413 enim
2991 3357 3080 3412 illa
3125 3371 3230 3410 non
3271 3364 3324 3409 ut
3354 3366 3450 3423 par

1849 3469 1965 3515 erat
2009 3457 2281 3519 utebatur,
2316 3454 2434 3510 Tibi
2471 3454 2572 3518 sit,
2617 3452 2825 3523 inquit,
2868 3450 2958 3522 qui
3001 3449 3120 3503 talis
3157 3462 3246 3512 es;
3287 3461 3350 3500 ac
3402 3445 3447 3499 si

1849 3553 1971 3624 quis
2000 3551 2208 3606 diceret
2240 3567 2252 3602 :
2288 3547 2420 3603 Cum
2453 3546 2730 3617 proposito
2761 3555 2851 3598 tuo
2891 3551 3114 3613 pereat,
3156 3538 3297 3610 quod
3342 3550 3448 3592 tam

1850 3643 2026 3699 viliter
2055 3642 2256 3696 sentias
2285 3639 2353 3694 de
2383 3639 2525 3693 dono
2558 3638 2672 3701 Dei,
2703 3634 2845 3706 quod
2875 3633 3133 3704 sperabas
3160 3632 3449 3686 humanam

1851 3735 2072 3790 omnino
2127 3749 2242 3789 rem
2269 3747 2390 3786 esse
2425 3749 2436 3786 :
2472 3746 2580 3784 non
2615 3731 2684 3784 ita
2715 3745 2773 3783 se
2805 3727 2986 3782 habet.
3014 3725 3070 3781 Si
3093 3740 3220 3793 ergo
3260 3738 3450 3778 acces-

1853 3827 2045 3892 sisset,
2077 3835 2136 3880 ut
2184 3822 2549 3880 accedendum
2600 3830 2741 3887 erat,
2797 3820 2986 3874 saltem
3035 3825 3284 3886 receptus
3323 3814 3452 3869 t‘nis-

1853 3925 1938 3974 set
1961 3918 2001 3986 ί,
2048 3918 2237 3970 saltem
2285 3930 2389 3968 non
2439 3923 2493 3967 ut
2532 3913 2698 3982 pestis
2738 3910 2971 3980 rejectus
3013 3909 3218 3964 fuisset.
3260 3905 3452 3961 Viden’

1854 4025 2009 4074 eum,
2035 4009 2123 4078 qui
2154 4022 2313 4078 parva
2344 4006 2412 4062 de
2442 4006 2648 4076 magnis
2676 4004 2858 4067 sentit,
2887 4001 3170 4072 dupliciter
3189 3997 3454 4072 peccare?

1858 4103 1973 4157 Duo
2002 4101 2163 4172 igitur
2192 4099 2265 4154 illi
2299 4097 2540 4168 praecipit
2572 4114 2586 4150 ι
2625 4095 2979 4150 Paenitentiam
3007 4110 3128 4164 age,
3171 4103 3216 4146 et
3260 4108 3376 4154 ora,
3410 4091 3452 4144 si

1859 4195 1993 4266 forte
2029 4195 2314 4246 remittatur
2356 4193 2444 4246 tibi
2486 4190 2721 4261 cogitatio
2756 4189 2922 4242 cordis
2962 4188 3034 4240 tui
3064 4205 3080 4240 :
3111 4197 3213 4238 tam
3257 4185 3451 4237 malam

1856 4301 1970 4341 rem
2001 4285 2349 4356 cogitaverat.
2382 4284 2502 4338 Ideo
2522 4284 2624 4348 ait,
2653 4281 2713 4335 Si
2739 4283 2869 4350 [orte
2890 4281 3168 4333 remittatur
3190 4277 3304 4338 tibi,
3330 4274 3452 4344 quia

1858 4379 2063 4435 sciebat
2089 4378 2506 4450 incorrigibilem
2535 4391 2672 4431 esse.
2709 4377 2777 4429 At
2815 4375 2903 4428 ille
2947 4373 3118 4427 timuit
3156 4369 3453 4424 multitudi-

1860 4489 2014 4539 nem,
2057 4481 2113 4528 et
2151 4471 2338 4526 metuit
2378 4484 2596 4539 negare.
2629 4465 2788 4521 Certe
2819 4465 2919 4520 nisi
2964 4464 3207 4519 turbatus
3238 4463 3452 4526 luisset,

1858 4568 2084 4623 dixisset
2113 4566 2327 4634 utique,
2357 4577 2416 4617 se
2443 4560 2733 4616 nescirisse
2753 4568 2808 4613 ct
2827 4556 3194 4626 imprudenter
3223 4554 3412 4609 fecisse
3439 4572 3452 4607 :

1859 4673 1914 4718 at
1944 4663 2036 4717 ille
2066 4659 2342 4731 percolsus
2371 4664 2473 4721 est,
2505 4658 2696 4722 primo,
2723 4651 2862 4722 quod
2889 4651 3056 4719 signis
3081 4658 3266 4718 captus
3290 4657 3451 4709 esset;

1860 4753 2118 4820 secundo,
2151 4749 2294 4822 quod
2324 4764 2442 4814 qum
2471 4749 2521 4800 in
2553 4755 2731 4799 tuente
2765 4745 3030 4806 versabat,
3061 4741 3340 4796 manifesta
3373 4757 3455 4796 es-

1861 4858 2002 4905 sent.
2034 4846 2156 4900 Ideo
2187 4843 2370 4914 procul
2405 4851 2585 4910 postea
2615 4838 2781 4902 abiit,
2816 4851 3005 4904 nempe
3029 4835 3272 4901 Romam,
3304 4835 3454 4903 quasi

1862 4956 1971 4997 non
1998 4948 2254 4993 venturus
2281 4935 2373 4989 illo
2401 4943 2545 4989 esset
2571 4930 2864 5000 apostolus.
2901 4928 3106 4991 Multis,
3139 4928 3344 4996 inquit,
3375 4944 3454 4980 τεο

1861 5032 2092 5106 gionibns
2115 5028 2552 5084 Samaritanorum
2575 5019 3006 5092 evangelisabant.
3037 5018 3168 5074 Vide
3190 5019 3459 5088 quomodo

1863 5129 1976 5197 ipsa
2007 5125 2194 5178 itinera
2223 5121 2330 5175 illis
2362 5118 2633 5188 negotium
2677 5114 2971 5170 aﬁ‘erebant
3009 5131 3022 5166 :
3063 5111 3156 5167 sed
3197 5127 3302 5166 non
3344 5110 3458 5163 sine

1863 5232 2023 5273 causa
2054 5216 2155 5270 iter
2181 5213 2566 5282 suscipiebant.
2599 5209 2756 5265 Tales
2788 5224 2886 5263 nos
2911 5207 3255 5277 migrationes
3284 5204 3460 5258 facere

1863 5316 2157 5380 oporteret.
2188 5305 2257 5361 Et
2283 5304 2410 5376 quid
2441 5305 2563 5359 dico
2589 5301 2976 5374 migrationes?
3003 5298 3150 5353 Multi
3181 5300 3327 5350 viens
3359 5293 3425 5347 ha

1866 5403 1992 5457 bent
2019 5408 2074 5454 et
2099 5413 2279 5470 agros,
2310 5406 2364 5452 et
2392 5412 2496 5451 non
2549 5395 2637 5448 illa
2667 5401 2892 5457 curant;
2922 5389 3014 5444 sed
3042 5386 3310 5458 quomodo
3343 5384 3456 5438 bal-

1869 5509 2028 5551 neum
2069 5493 2194 5558 ﬁat,
2227 5500 2280 5546 et
2320 5490 2487 5560 pretia
2526 5495 2804 5551 crescant,
2847 5494 2904 5539 ut
2933 5483 3067 5536 anim
3106 5489 3157 5535 et
3192 5477 3459 5533 domicilia

1866 5594 2266 5650 construantur,
2314 5582 2538 5638 multam
2585 5579 2784 5634 habent
2828 5573 3282 5635 sollicitudinem;
3323 5585 3460 5640 quo-

1868 5681 2030 5735 modo
2056 5689 2232 5732 autem
2261 5677 2454 5730 animm
2481 5673 2814 5733 excolantur,
2845 5684 2952 5723 nou
2980 5668 3128 5720 item.
3159 5665 3224 5719 Et
3257 5673 3309 5717 tu
3339 5662 3460 5733 qui-

1867 5775 1990 5829 dem
2011 5813 2026 5838 ,
2055 5771 2100 5826 si
2131 5770 2311 5840 Spinas
2349 5767 2398 5822 in
2427 5780 2554 5836 agro
2579 5763 2792 5825 videas,
2826 5774 3006 5823 secas,
3045 5757 3178 5824 uris,
3207 5755 3458 5822 destruis,

1935 5889 1949 5918 ¹
1979 5885 2126 5934 Juxta
2152 5882 2274 5932 alios
2296 5879 2561 5942 legendum
2583 5911 2596 5934 ,
2619 5874 2662 5942 si
2682 5873 2813 5924 enim
2833 5875 2883 5924 in
2906 5869 3209 5942 corderccto
3231 5865 3452 5942 accessis-

1875 5958 1962 6009 set,
1982 5931 2168 5998 saltem
2201 5931 2377 5996 bonan?
2395 5941 2543 6006 ipsius
2578 5931 2865 5989 uoluntatem
2897 5933 3161 6000 enotuisset
3182 5931 3444 5996 apostolus.
