3946 6424
516 441 619 496 M7

515 567 574 610 ιιι
601 568 796 612 terram
827 554 896 609 ab
923 555 1022 610 hac
1047 555 1279 624 pernicie
1305 555 1502 609 liberes
1530 572 1544 607 :
1579 554 1666 609 ubi
1696 565 1872 609 autem
1900 552 2105 623 agrico-

516 648 593 701 las
624 647 772 701 vides
797 646 965 716 spinis
995 646 1202 715 plenos,
1230 662 1330 701 nec
1361 660 1605 709 resecas;
1648 660 1751 699 non
1800 644 1954 698 times
1976 684 1991 709 ,
2021 642 2109 698 dic

515 737 644 791 mihi
666 780 680 804 ,
712 752 810 792 nec
839 736 1179 792 exhorrescis
1203 778 1216 801 ,
1252 737 1397 790 illum
1436 737 1676 806 cogitans
1714 735 1803 804 qui
1844 734 2106 789 rationem

513 840 805 883 exacturus
831 829 952 883 est?
989 844 1166 883 annon
1206 837 1478 897 oporteret
1514 828 1751 896 singulos
1791 826 1976 880 fideles
2013 840 2106 879 ec-

511 921 730 977 clesiam
747 930 1082 987 construere,
1102 921 1374 976 doctorem
1398 920 1597 975 habere
1614 920 1678 974 ad
1700 917 2108 974 conferendum?

511 1022 639 1067 ante
683 1013 859 1065 omnia
913 1012 1038 1066 illud
1082 1012 1134 1065 in
1178 1028 1342 1081 scopo
1390 1011 1620 1075 habere,
1672 1019 1729 1065 ut
1770 1024 1958 1065 omnes
2001 1009 2108 1062 sint

510 1104 845 1163 Christiani?
872 1103 1172 1172 Quomodo,
1205 1118 1408 1174 quaeso,
1456 1102 1790 1158 Christianus
1819 1102 1922 1156 erit
1963 1100 2105 1169 agri-

511 1203 659 1267 cola,
688 1216 810 1256 eum
841 1210 892 1256 te
922 1197 1098 1254 videat
1126 1197 1205 1252 sic
1237 1207 1378 1251 tuam
1408 1198 1677 1266 negligere
1704 1192 1969 1248 salutem?
1991 1192 2106 1246 Non

513 1306 664 1364 potes
693 1293 867 1348 facere
897 1292 1070 1362 signa,
1112 1298 1168 1346 et
1200 1289 1278 1345 sic
1310 1289 1667 1359 persuadere?
1706 1287 1911 1356 Quibus
1957 1294 2107 1356 potes

511 1386 819 1457 persuade,
877 1384 1249 1449 humanitate,
1304 1382 1622 1453 patrocinio,
1674 1379 2102 1445 mansuetudine,

510 1477 803 1542 blanditiis,
834 1476 1060 1545 aliisque
1090 1474 1358 1528 omnibus.

581 1568 825 1623 Ecclesiae
862 1569 914 1623 in
953 1568 1108 1623 villis.
1138 1597 1209 1606 —
1236 1568 1370 1622 Fora
1401 1566 1615 1638 quidem
1647 1576 1700 1622 et
1729 1565 1917 1620 balnea
1948 1564 2103 1619 multi

508 1660 731 1725 faciunt,
760 1661 1015 1716 ecclesias
1046 1675 1174 1715 vero
1214 1660 1432 1715 minime
1457 1676 1470 1724 ;
1500 1660 1678 1714 omnia
1714 1659 1910 1728 petitis,
1942 1673 2103 1729 quam

508 1751 633 1807 hoc.
662 1751 786 1807 Ideo
810 1751 1073 1806 admoneo
1099 1761 1154 1806 et
1176 1751 1437 1820 supplico,
1466 1752 1800 1821 gratiamque
1826 1758 1967 1819 peto,
1997 1751 2105 1805 imo

507 1843 679 1915 legem
708 1858 849 1914 pono
874 1884 888 1908 ,
922 1852 979 1899 ut
1004 1858 1164 1899 nemo
1193 1844 1367 1899 villam
1402 1844 1594 1898 habent
1619 1845 1848 1899 ecclesia
1879 1859 1986 1899 non
2018 1844 2101 1898 in-

506 1948 787 1994 structam.
818 1937 897 1992 Ne
926 1937 1054 1991 mihi
1084 1938 1303 2001 dixeris,
1337 1938 1508 2006 l’r0pe
1538 1946 1639 2002 est,
1673 1938 1728 1993 in
1759 1938 1952 1992 vicinia
1978 1948 2059 1992 est
2086 1955 2099 1992 :

507 2028 671 2084 multa
700 2038 783 2084 est
813 2030 1074 2098 impensa,
1105 2030 1347 2084 modicus
1376 2040 1685 2099 p:oventus.
1709 2029 1913 2101 Siquid
1939 2030 2103 2087 habes

506 2120 834 2189 erogandum
883 2122 1242 2191 pauperibus,
1286 2121 1386 2177 hac
1428 2123 1479 2176 in
1525 2140 1582 2179 re
1624 2125 1832 2179 insume
1864 2142 1877 2179 :
1912 2125 2103 2180 melius

505 2213 634 2275 illic,
665 2228 823 2283 quam
859 2214 943 2268 hic
976 2233 989 2269 :
1021 2215 1104 2271 ale
1138 2216 1436 2281 doctorem,
1469 2218 1552 2271 ale
1590 2217 1896 2284 diaconum,
1927 2228 1981 2273 et
2011 2236 2102 2274 sa-

506 2303 838 2359 cerdotalem
868 2313 1089 2359 emtum.
1121 2314 1198 2363 Ac
1226 2308 1271 2361 si
1303 2323 1521 2362 uxorem
1554 2308 1634 2363 vel
1666 2324 1918 2379 sponsam
1941 2311 2103 2366 duce-

506 2410 618 2462 res,
640 2411 703 2450 ac
728 2395 773 2449 si
802 2395 964 2451 filiam
995 2398 1221 2461 locares,
1246 2399 1324 2454 sic
1350 2409 1467 2453 esto
1497 2414 1619 2468 erga
1650 2400 1945 2455 Ecclesiam
1973 2402 2102 2456 alle-

504 2498 624 2544 ctus
655 2506 668 2542 :
695 2488 877 2545 dotem
922 2490 1023 2559 ipsi
1057 2491 1267 2561 largire.
1300 2492 1389 2547 Sic
1432 2493 1523 2546 tibi
1565 2494 1688 2547 villa
1729 2494 2100 2552 benedictione

508 2580 821 2649 replebitur.
867 2580 1004 2646 Quid
1046 2580 1171 2635 boni
1218 2597 1324 2637 non
1367 2583 1473 2639 illic
1511 2585 1655 2639 erit?
1690 2602 1949 2655 parumne
1977 2599 2095 2653 est,

501 2684 685 2741 quaeso
708 2712 723 2735 ,
759 2671 993 2726 torcular
1031 2672 1319 2728 benedici?
1350 2668 1609 2744 parumne
1638 2687 1721 2731 est
1754 2678 1917 2732 Deum
1951 2680 2097 2748 prius

501 2778 568 2819 ex
607 2764 856 2819 omnibus
890 2764 1148 2821 fructibus
1193 2768 1296 2822 tuis
1334 2756 1537 2823 sortem
1575 2778 1629 2825 et
1667 2771 1926 2839 primitias
1955 2774 2092 2827 acci-

500 2856 673 2924 pere?
696 2854 775 2908 Ad
804 2870 988 2924 pacem
1015 2857 1369 2927 agricolarum
1400 2859 1501 2914 hoc
1526 2862 1651 2915 utile
1679 2872 1780 2916 est.
1808 2863 2097 2919 Venerabi-

500 2943 568 2999 lis
586 2944 690 3000 erit
710 2954 893 3015 postea
918 2949 1216 3019 presbyter,
1243 2950 1480 3021 illudque
1501 2953 1566 3006 ad
1590 2954 1728 3025 villa:
1751 2958 2092 3013 securitatem

499 3038 785 3093 conducet.
809 3038 1092 3097 Orationes
1116 3042 1224 3097 illic
1246 3054 1516 3113 perpetuae
1538 3062 1635 3115 pro
1660 3055 1709 3101 te
1735 3048 1880 3116 fient,
1912 3050 2093 3121 hymni

498 3138 555 3180 et
573 3143 804 3198 synaxes
826 3140 1045 3199 propter
1067 3140 1137 3196 te,
1158 3132 1353 3186 oblatio
1377 3135 1599 3205 singulis
1625 3137 1933 3193 Dominicis.
1956 3142 2093 3206 Quid

501 3221 672 3290 magis
701 3220 1071 3277 admirandum
1099 3234 1182 3279 est
1201 3267 1218 3289 ,
1246 3226 1388 3293 quod
1418 3228 1506 3281 alii
1544 3230 1820 3299 splendida
1852 3234 2093 3302 sepulcra

498 3320 813 3378 exstruant,
843 3322 901 3368 ut
941 3316 1137 3384 posteri
1169 3317 1421 3385 audiant,
1455 3320 1600 3375 illum
1633 3323 1789 3377 talem
1824 3325 1937 3381 lucc
1965 3341 2094 3381 con-

496 3404 796 3468 strtnisse;
841 3420 908 3459 an
948 3407 1091 3476 quod
1135 3418 1188 3463 ιιι
1230 3411 1487 3468 ecclesias
1524 3416 1882 3472 excitaveris?
1910 3420 2091 3492 Cogita

498 3502 551 3549 te
582 3509 749 3565 usque
778 3496 845 3551 ad
874 3495 1072 3554 Christi
1109 3499 1399 3558 adventum
1441 3506 1748 3564 mercedem
1788 3509 2090 3569 habiturum

493 3601 638 3655 esse,
670 3588 714 3643 si
744 3590 912 3646 altare
942 3589 1039 3647 Dei
1071 3595 1409 3651 excitaveris.

564 3680 619 3734 5.
663 3681 758 3737 Dic
795 3683 940 3739 enim
984 3684 1115 3739 mihi
1140 3726 1155 3752 ,
1184 3686 1229 3741 si
1270 3686 1566 3758 Imperator
1607 3692 1699 3749 tibi
1748 3698 2091 3769 praecepisset

491 3770 710 3826 domum
738 3785 1050 3843 exstruere,
1084 3788 1140 3832 ut
1166 3777 1257 3833 illo
1289 3778 1670 3851 diversaretur,
1707 3802 1883 3844 nonne
1910 3793 2088 3846 omnia

492 3868 781 3921 moveres?
820 3869 889 3923 At
933 3884 1072 3924 nunc
1114 3872 1259 3940 regia
1301 3882 1385 3927 est
1424 3874 1622 3931 Christi
1662 3880 1889 3936 ecclesia
1929 3898 2088 3953 quam

489 3956 746 4013 aediﬁcas.
778 3958 855 4013 Ne
884 3970 1156 4031 sumptum
1185 3973 1397 4033 spectes
1416 4007 1431 4031 ,
1469 3968 1564 4022 sed
1595 3968 1825 4027 fructum
1853 3985 2040 4045 reputa
2070 3994 2085 4034 :

490 4050 566 4103 illi
592 4050 775 4104 colunt
804 4060 1022 4119 terram,
1050 4060 1107 4110 tu
1129 4056 1247 4111 cole
1274 4056 1486 4114 illorum
1509 4062 1715 4118 animas
1740 4082 1754 4132 ;
1780 4065 1854 4121 illi
1882 4066 2086 4125 fruetus

405 4126 411 4131 ‘
491 4139 583 4193 tibi
610 4141 861 4209 afferunt,
892 4152 946 4198 tu
975 4144 1094 4201 illos
1124 4146 1262 4203 infer
1294 4149 1347 4204 in
1375 4151 1586 4206 crelum.
1617 4154 1716 4223 Qui
1741 4126 1953 4213 initium
1985 4160 2082 4215 de-

488 4231 601 4299 dit,
627 4234 673 4290 is
701 4234 927 4291 aliorum
969 4240 1207 4295 onmium
1242 4256 1402 4299 causa
1429 4255 1532 4301 est.
1565 4247 1706 4319 Ergo
1730 4262 1785 4306 et
1815 4260 1867 4306 tu
1897 4263 2086 4311 auctor

488 4323 628 4387 eris,
657 4325 799 4394 quod
829 4328 1201 4385 calechumeni
1246 4334 1353 4388 sint
1398 4334 1450 4390 in
1496 4338 1681 4394 vicinis
1725 4341 1885 4398 villis.
1927 4343 2084 4402 Certe

489 4412 678 4468 balnea
712 4417 983 4472 molliores
1014 4420 1240 4476 reddunt
1277 4426 1560 4495 agricolas,
1593 4445 1850 4500 caupona:
1879 4435 2081 4492 delica-

487 4505 651 4558 tiores
680 4522 691 4556 :
722 4514 777 4559 et
808 4517 982 4589 tamen
1015 4510 1127 4567 haec
1156 4517 1430 4583 apparatis
1456 4530 1675 4589 propter
1700 4524 1947 4594 gloriam.
1978 4529 2082 4585 Fo-

486 4612 602 4652 rum
634 4608 688 4651 et
714 4599 1054 4658 celebritates
1086 4605 1203 4660 illos
1235 4608 1464 4664 reddunt
1506 4613 1893 4682 petulantiores
1922 4639 1933 4675 :
1967 4622 2080 4679 htcc

484 4696 663 4741 autem
693 4690 910 4746 omnino
936 4708 1111 4752 secus.
1144 4697 1351 4763 Quanta
1383 4703 1523 4756 enim
1557 4720 1643 4760 res
1672 4706 1866 4777 fuerit,
1900 4713 2079 4772 videre

486 4778 855 4849 presbyterum
886 4783 952 4837 ad
984 4790 1287 4856 exemplum
1320 4791 1550 4848 Abraha:
1580 4795 1914 4855 incedentem
1939 4843 1953 4866 ,
1985 4821 2075 4860 ca-

485 4885 611 4923 num
633 4910 647 4934 ,
681 4873 981 4929 accinctum
1003 4916 1020 4939 ,
1052 4876 1338 4935 fodientem
1357 4924 1375 4945 ,
1406 4890 1759 4954 operantem?
1785 4891 1918 4959 Quid
1949 4910 2078 4964 agro

483 4958 575 5016 illo
598 4958 1050 5021 desiderabilius?
1078 4969 1171 5024 llic
1198 4972 1371 5043 major
1392 4984 1474 5029 est
1499 4977 1685 5036 virtus.
1716 4958 1831 5037 Non
1860 4995 1944 5041 est
1970 4958 2078 5045 illic

482 5049 722 5119 lascivia,
751 5054 846 5110 sed
875 5057 1060 5113 abacta
1087 5070 1207 5127 est;
1239 5078 1346 5118 non
1369 5064 1600 5123 ebrietas
1621 5080 1675 5126 et
1697 5073 1957 5145 voluptas,
1981 5081 2074 5137 sed

478 5145 754 5201 eliminata
797 5158 913 5213 est;
960 5166 1065 5205 non
1104 5169 1236 5208 vana
1279 5156 1480 5224 gloria,
1517 5161 1613 5216 sed
1653 5166 1914 5224 exstincta
1945 5180 2026 5226 est
2057 5192 2071 5228 :

480 5234 856 5293 benevolentia
887 5240 1006 5310 plus
1041 5242 1153 5301 illic
1194 5243 1357 5315 fulget
1396 5260 1613 5320 propter
1653 5254 2068 5326 simplicitatem.

474 5328 661 5393 Qualis
690 5344 776 5385 res
806 5339 891 5387 est
918 5331 1067 5389 abire
1096 5343 1148 5389 et
1180 5334 1386 5407 ingredi
1425 5339 1478 5394 in
1508 5341 1725 5402 domum
1758 5349 1886 5417 Dei,
1915 5362 1969 5408 et
1997 5354 2074 5408 vi-

476 5418 627 5486 dere,
656 5424 798 5493 quod
831 5426 947 5496 ipse
979 5426 1125 5481 illam
1153 5434 1503 5503 exstruxerit,
1535 5438 1875 5513 seipsumque
1907 5449 2071 5519 proji-

474 5524 598 5568 cere
638 5517 887 5585 supinum
908 5561 925 5586 ,
961 5517 1021 5595 ¹[
1051 5532 1104 5577 ct
1136 5534 1254 5591 post
1297 5524 1443 5581 illam
1492 5545 1806 5602 corpoream
1836 5517 2068 5609 quietem

477 5608 751 5663 nocturnis
773 5618 827 5664 et
852 5615 1122 5669 matutinis
1151 5614 1361 5687 hymnis
1388 5620 1623 5696 adesse,]
1651 5608 2066 5689 commensalcm

541 5738 570 5829 ἲ.
586 5737 961 5829 ειὲιξὲὶιέὶίὲξξὲἐεὲ
986 5746 1194 5829 esse
1216 5756 1261 5803 ει
1292 5763 1394 5817 vos!
1418 5770 1592 5829 ηθησῑη
1616 5759 1801 5829 horam,
1828 5778 2062 5829 σοννονα-

475 5791 1902 5888 ἔξω,ἯιιιιᾼεξιίξθζςῖἒξιιᾳςιἰιῖηᾷῗίᾳίῖἵίῖδΞᾳὲῖὲ

475 5867 550 5920 σε,
580 5860 686 5910 loco
716 5875 885 5915 comm
908 5860 1018 5931 qua:
1042 5860 1532 5934 uncinisvc'l'aiisim‘tis.

1315 442 1374 498 S.
1414 440 1691 499 JOANNIS
1730 438 2200 498 CHIWSOSTOMI
2242 441 2556 502 ARCHIEP.
2598 446 3135 508 CONSTANTINOP.
3726 465 3815 527 168

2224 553 2422 611 habere
2472 559 2804 614 sacerdotem
2853 572 2909 618 et
2953 564 3348 634 colloquentem
3378 605 3395 629 ,
3453 566 3817 628 benedictione

2218 646 2351 711 frui,
2396 650 2530 704 alios
2573 652 2753 708 videre
2796 654 2931 708 istuc
2973 655 3281 711 venientes?
3327 659 3428 713 llic
3469 678 3694 725 murus,
3729 669 3816 721 hoc

2214 737 2523 809 praesidium
2550 743 2661 812 agri
2692 752 2796 799 est.
2824 744 2919 800 Hic
2946 758 3028 801 est
3051 764 3176 816 ager
3196 749 3260 801 de
3286 767 3400 819 quo
3424 751 3625 808 dicitur
3650 773 3661 807 :
3689 756 3815 809 Odor

2213 830 2325 900 agrj
2356 832 2514 901 pleni,
2544 835 2626 888 cui
2657 836 2909 891 benedixit
2944 836 3192 893 Dominus
3220 841 3378 914 (Gen.
3408 843 3500 897 27.
3532 844 3647 915 27).
3676 848 3812 915 Quod

2216 920 2260 974 si
2287 921 2488 992 absque
2519 924 2620 980 hoc
2649 927 2786 982 bona
2813 930 2936 983 villa
2962 940 3045 985 est
3071 944 3287 1003 propter
3310 936 3581 1004 quietem.
3608 952 3814 1009 propter

2215 1010 2307 1066 otii
2334 1012 2713 1071 abundantiam
2738 1034 2753 1071 ε
2776 1019 2822 1073 si
2844 1030 2897 1075 et
2922 1019 3025 1076 hoc
3045 1026 3359 1087 accesserit,
3384 1027 3473 1080 cui
3499 1028 3577 1081 rei
3600 1044 3691 1097 par
3715 1048 3809 1085 non

2214 1103 2361 1159 erit?
2394 1106 2525 1163 Villa
2554 1109 2698 1164 enim
2737 1127 2856 1181 qua:
2896 1115 3176 1170 ecclesiam
3210 1118 3377 1171 habet
3401 1161 3415 1179 .
3450 1124 3698 1189 paradiso
3726 1126 3806 1181 Dei

2214 1197 2404 1251 similis
2431 1210 2534 1254 est.
2573 1201 2689 1257 Non
2715 1215 2796 1259 est
2838 1205 2945 1260 illic
2977 1194 3212 1274 clamor,
3245 1226 3353 1265 non
3392 1215 3685 1280 tnnmltns,
3713 1234 3803 1275 non

2215 1290 2343 1343 varii
2374 1290 2590 1358 inimici,
2624 1310 2729 1349 non
2759 1296 2993 1355 haereses
3018 1318 3032 1353 :
3055 1317 3244 1357 omnes
3273 1304 3464 1359 videre
3490 1317 3576 1361 est
3602 1311 3799 1375 amicos,

2213 1382 2524 1437 earumdem
2547 1396 2827 1442 consortes
2852 1389 3181 1459 dogmatttm.
3216 1394 3290 1449 Te
3325 1394 3397 1450 ad
3431 1397 3795 1469 philosophiam

2213 1472 2364 1540 quies
2403 1475 2617 1530 adducit
2645 1495 2658 1531 :
2684 1479 2752 1533 ab
2782 1478 2883 1535 hac
2923 1481 3257 1554 philosophia
3287 1494 3342 1541 te
3370 1502 3655 1543 assumens
3692 1508 3788 1560 prc-

2211 1565 2414 1636 sbyter,
2444 1567 2599 1626 facile
2622 1572 2853 1630 curabit.
2889 1574 2987 1631 llic
3015 1578 3157 1632 enim
3184 1621 3199 1644 ,
3231 1596 3597 1653 quaecumque
3623 1586 3789 1640 dixeri-

2213 1672 2352 1720 mus,
2383 1659 2556 1716 forum
2579 1665 2779 1719 excutit
2804 1681 2822 1719 :
2845 1667 2953 1723 illic
2981 1685 3107 1725 vero
3127 1686 3246 1741 qua:
3274 1674 3540 1739 audieris,
3568 1676 3727 1732 deﬁxa
3751 1681 3792 1734 in

2211 1760 2393 1807 mente
2422 1754 2662 1811 habebis.
2707 1759 2858 1814 Alius
2887 1762 2939 1815 itt
2966 1777 3096 1832 agro
3124 1765 3232 1818 eris
3277 1782 3379 1835 per
3419 1768 3567 1823 illum
3596 1780 3684 1826 :et
3709 1772 3793 1827 illis

2212 1843 2326 1912 ipse
2364 1848 2613 1913 przeerit,
2644 1858 2826 1907 custos
2859 1852 2962 1907 erit
2998 1862 3107 1908 tum
3137 1857 3281 1925 quod
3317 1876 3560 1927 pra-scus
3591 1864 3675 1929 sit,
3699 1874 3790 1916 unn
3880 1848 3891 1865 ’

2210 1935 2351 2003 quod
2380 1935 2501 1992 illos
2527 1952 2836 2010 componat.
2870 1944 3080 2010 Quanta
3108 1958 3191 2002 est
3216 1964 3462 2019 espensa
3485 1996 3498 2018 ,
3528 1954 3611 2009 die
3644 1956 3793 2010 mihi?

2210 2027 2315 2082 Fac
2347 2029 2559 2086 interim
2589 2048 2805 2103 parvam
2838 2037 3054 2093 domum
3098 2055 3195 2109 pro
3232 2044 3476 2112 templo;
3505 2047 3589 2113 qui
3618 2058 3726 2117 post
3750 2059 3790 2102 te

2209 2123 2403 2188 veniet,
2436 2123 2594 2181 faciet
2626 2126 2927 2196 porticum';
2958 2147 3188 2201 sequens
3209 2134 3359 2190 aliud
3383 2138 3635 2207 adjicit-t2
3661 2150 3708 2193 et
3726 2142 3790 2195 sic

2211 2214 2305 2269 tibi
2353 2226 2519 2272 totum
2567 2220 2934 2289 imputabitur.
2967 2225 3046 2281 Tu
3086 2226 3185 2281 das
3225 2244 3422 2297 parum
3450 2274 3463 2294 ,
3494 2244 3546 2285 et
3575 2234 3786 2287 omnium

2209 2309 2512 2364 mercedem
2543 2312 2757 2382 recipis.
2784 2314 2924 2385 Ergo
2950 2317 3157 2372 initium
3189 2320 3378 2386 f..cito,
3411 2322 3784 2379 fundamentum

2207 2416 2376 2471 pone;
2399 2402 2504 2457 imo
2526 2419 2621 2459 vos
2643 2414 2827 2461 mutuo
2851 2408 3136 2464 hrrtamini
3158 2428 3173 2477 ;
3201 2411 3306 2467 hac
3330 2415 3381 2468 in
3411 2431 3467 2469 re
3488 2426 3779 2471 coocertale.

2205 2491 2357 2547 Nune
2384 2501 2561 2549 autem
2592 2495 2679 2551 ubi
2710 2498 2859 2566 palea
2882 2540 2896 2563 ,
2929 2498 3260 2557 frumentum
3307 2515 3362 2560 et
3404 2507 3578 2561 omnia
3615 2506 3778 2562 similia

2205 2585 2511 2653 reponenda
2538 2596 2682 2649 sunt,
2709 2587 2865 2646 facile
2890 2591 3157 2648 aedificant
3189 2612 3202 2647 :
3237 2596 3324 2648 ubi
3356 2613 3483 2652 vero
3512 2598 3773 2657 animarum

2205 2672 2410 2729 fructus
2453 2676 2738 2748 colligendi
2778 2690 2939 2749 sunt,
2974 2683 3105 2738 nihil
3144 2697 3375 2752 curant;
3414 2689 3509 2743 sed
3549 2698 3774 2758 coguntur

2202 2766 2349 2822 mille
2379 2769 2548 2823 stadia
2578 2771 2809 2837 emetiri,
2837 2783 2892 2829 et
2932 2790 3151 2845 magnas
3191 2781 3644 2849 peregrinationes
3675 2796 3770 2835 sus-

2201 2856 2416 2927 cipere,
2449 2869 2505 2914 ut
2548 2860 2599 2916 in
2630 2863 2912 2920 ecclesiam
2954 2867 3166 2922 abeant.
3199 2870 3473 2937 Quantum
3501 2884 3660 2929 autent
3687 2872 3765 2926 bo-

2202 2963 2328 3002 num
2357 2959 2438 3003 est
2458 2992 2473 3014 ,
2498 2966 2619 3006 cum
2646 2970 2834 3025 magna
2860 2958 3040 3028 quiete
3068 2963 3413 3019 sacerdotem
3445 2966 3495 3018 in
3526 2965 3759 3019 ecclesiam

2203 3041 2404 3107 venire,
2432 3052 2489 3097 ut
2509 3045 2728 3101 accedat
2749 3047 2817 3101 ad
2848 3048 3036 3117 Deum,
3059 3062 3113 3106 et
3136 3056 3383 3123 quotidie
3404 3068 3521 3113 oret
3545 3074 3630 3128 pro
3651 3059 3763 3121 vico.

2202 3148 2299 3202 pro
2328 3135 2534 3204 prsidio
2554 3138 2566 3189 l
2587 3138 2853 3198 Parumne
2880 3153 2994 3209 est,
3029 3143 3239 3212 dic,oro
3260 3189 3275 3210 ,
3306 3148 3361 3202 in
3389 3152 3554 3205 sacris
3575 3149 3766 3204 oblatio-

2201 3227 2357 3283 nibus
2378 3243 2592 3301 semper
2618 3247 2816 3289 nomen
2845 3244 2990 3290 tuutu
3019 3236 3210 3297 referri
3237 3240 3335 3315 (α),
3369 3251 3421 3300 ct
3448 3242 3670 3317 quotidie
3690 3254 3768 3314 pro

2200 3320 2319 3373 villa
2352 3337 2538 3390 preces
2563 3324 2629 3380 ad
2658 3326 2826 3382 Deum
2854 3330 3070 3386 emitti?
3099 3347 3364 3404 quantum
3401 3340 3491 3395 tibi
3518 3350 3566 3395 et
3595 3338 3653 3393 ad
3681 3338 3765 3392 alia

2200 3408 2302 3464 hoc
2330 3413 2589 3480 prodest?
2617 3414 2892 3490 Contiogit
2918 3424 3178 3490 quosdam
3210 3442 3243 3481 e
3277 3430 3454 3485 vicino
3485 3430 3706 3485 habitare
3725 3437 3768 3481 et

2197 3512 2471 3559 curatores
2494 3506 2695 3564 habere
2719 3526 2733 3561 :
2758 3510 2825 3565 ad
2850 3520 2902 3566 te
2928 3513 3088 3584 igitur
3115 3532 3408 3588 pauperem
3436 3537 3589 3577 nemo
3608 3533 3765 3575 eormn

2197 3597 2384 3652 venire
2402 3597 2730 3668 dignabitur,
2759 3603 2854 3658 sed
2887 3606 3265 3679 presbyterum
3294 3612 3433 3670 forte
3464 3612 3703 3676 invitabil,
3723 3618 3767 3664 ct

2196 3703 2396 3744 mensae
2418 3704 2725 3749 consortem
2750 3695 2928 3753 faciet.
2956 3698 3115 3755 Vides
3138 3716 3341 3772 quanta
3364 3707 3488 3761 hinc
3510 3709 3637 3762 bona
3659 3719 3765 3758 eve—

2198 3778 2379 3833 nient?
2413 3780 2545 3835 Villa
2578 3781 2793 3841 interim
2821 3788 2925 3843 erit
2959 3790 3026 3844 ab
3061 3794 3206 3849 omni
3245 3799 3552 3866 suspicione
3578 3798 3759 3851 libera:

2197 3885 2356 3924 nemo
2384 3869 2654 3929 homicidii
2680 3916 2694 3939 ,
2726 3892 2886 3934 nemo
2924 3880 3053 3935 furti
3090 3889 3403 3955 accusabit,
3438 3905 3589 3943 nctno
3613 3886 3761 3941 simile

2194 3961 2467 4030 quidpiam
2511 3965 2891 4035 suspicabitur.
2937 3972 3148 4031 Habent
3180 3986 3237 4032 et
3276 3981 3438 4035 aliam
3466 3979 3757 4036 consolatio-

2193 4069 2316 4109 nem
2343 4096 2358 4120 ,
2390 4055 2505 4110 sive
2535 4059 2756 4116 morbus
2780 4063 2894 4119 sive
2919 4081 3069 4122 mors
3103 4071 3334 4127 accidat.
3366 4073 3477 4128 Non
3506 4082 3757 4138 utcumque

2194 4161 2293 4203 nec
2325 4162 2540 4218 quoquo
2582 4151 2743 4207 modo
2778 4156 3029 4213 amicitiae
3077 4159 3214 4216 istuc
3260 4174 3446 4219 mutuo
3485 4162 3754 4219 coeuntium

2187 4236 2520 4308 junguntur;
2554 4253 2729 4299 cmtus
2753 4260 2881 4302 vero
2907 4259 3064 4305 erunt
3090 4253 3263 4310 multo
3291 4271 3450 4325 quam
3483 4256 3533 4310 in
3562 4250 3753 4307 celebri-

2194 4329 2388 4385 tatibus
2417 4334 2713 4391 suaviores.
2740 4337 2853 4393 Non
2883 4341 3043 4398 modo
3068 4355 3249 4402 autem
3273 4358 3466 4415 emtas,
3492 4346 3581 4407 sed
3602 4354 3649 4400 et
3673 4341 3752 4402 illi.

2189 4423 2277 4493 (1ιά
2306 4426 2596 4494 Ρηὲδίάθηι
2624 4470 2638 4497 ,
2670 4432 2740 4486 ob
2767 4435 3137 4506 presbyterum
3165 4442 3579 4497 venerabiliores
3601 4441 3750 4492 erant.

2190 4515 2359 4572 Audis
2400 4519 2584 4589 utique
2623 4523 3014 4595 Jerosolymam
3056 4531 3182 4586 olim
3224 4534 3345 4590 aliis
3387 4534 3597 4588 urbibus
3634 4524 3750 4597 apud

2189 4621 2397 4667 veteres
2421 4612 2819 4673 honoratiorem
2843 4619 3037 4689 fuisse;
3063 4639 3165 4680 nec
3186 4625 3303 4682 sine
3321 4641 3500 4691 causa,
3522 4622 3611 4678 sed
3630 4617 3749 4689 (μιοδ

2188 4700 2258 4755 ibi
2313 4710 2439 4759 tunc
2483 4706 2655 4776 pietas
2704 4708 2992 4768 obtineret.
3040 4715 3305 4781 Quoniam
3355 4717 3444 4771 ubi
3492 4717 3748 4769 honoratur

2187 4792 2365 4857 Deus,
2412 4795 2480 4849 ibi
2526 4797 2657 4853 nihil
2701 4802 2825 4856 mali
2865 4813 2984 4870 est;
3018 4807 3107 4862 ubi
3138 4824 3245 4863 non
3288 4809 3607 4869 honoratur,
3637 4798 3747 4855 nihil

2186 4885 2331 4938 boni.
2357 4885 2516 4943 Multa
2538 4892 2799 4950 securitas
2823 4897 2928 4951 erit
2951 4900 3113 4954 etiam
3136 4910 3189 4956 et
3213 4903 3351 4973 apud
3380 4903 3539 4957 Deum
3559 4906 3609 4953 et
3626 4890 3744 4963 apud

2184 4976 2450 5035 homines.
2490 4983 2666 5040 Etiam
2706 5003 2859 5059 rogo,
2888 5006 2992 5046 non
3023 4993 3233 5063 ignave,
3266 4996 3359 5052 sed
3388 4995 3622 5050 alacriter
3648 5001 3744 5042 rem

2182 5072 2461 5142 suscipite.
2492 5076 2622 5133 Nam
2674 5079 2718 5135 si
2763 5084 2851 5151 qui
2881 5084 3063 5141 educit
3092 5090 3379 5158 pretiosum
3410 5105 3437 5143 a
3467 5087 3549 5141 vili
3570 5125 3584 5149 ,
3607 5076 3739 5150 ηιιθεί

2182 5179 2243 5218 οε
2273 5165 2363 5220 Dei
2396 5169 2498 5223 erit
2525 5170 2661 5240 (λεν.
2692 5174 2778 5229 15.
2809 5175 2897 5245 19)
2922 5194 2935 5243 ;
2960 5180 3049 5248 qui
3080 5189 3157 5235 tot
3182 5180 3475 5245 animabus,
3502 5189 3598 5230 tam
3626 5186 3739 5239 lim"

2182 5257 2424 5313 sentibus
2469 5275 2629 5330 quam
2679 5264 2871 5323 futuris
2915 5285 3083 5340 usque
3130 5272 3196 5328 ad
3245 5275 3521 5327 adventum
3563 5256 3736 5321 Christi

2181 5348 2418 5416 prodest,
2446 5363 2641 5421 quanta
2672 5357 2762 5411 Dei
2796 5359 3164 5420 benevolentia
3193 5365 3430 5420 fruetur?
3454 5355 3733 5417 Prsesidium

2183 5451 2435 5498 construe
2478 5457 2665 5502 contra
2711 5449 3023 5519 diabolum;
3077 5456 3179 5512 hoc
3215 5466 3297 5513 est
3336 5456 3470 5510 enim
3512 5445 3728 5503 ecclesia-

2183 5529 2316 5585 llinc
2345 5533 2606 5601 prodeant
2632 5554 2821 5597 manus
2847 5543 2913 5597 ad
2942 5544 3180 5601 laborem
3208 5567 3219 5603 :
3251 5547 3392 5617 prius
3415 5538 3732 5597 extendantur

2175 5620 2239 5673 ad
2274 5638 2480 5691 ντροθε,
2509 5634 2563 5680 et
2595 5636 2718 5685 tunc
2743 5633 2807 5686 ad
2836 5650 2971 5704 opus
2996 5637 3209 5693 abeant.
3242 5639 3311 5692 lta
3342 5636 3440 5691 erit
3468 5632 3563 5687 illis
3589 5626 3728 5681 roltlll‘

2175 5718 2415 5784 corporis
2440 5733 2454 5783 ;
2486 5718 2564 5775 sic
2593 5721 2695 5777 erit
2726 5726 3047 5794 agricultura
3083 5730 3286 5796 multa;
3315 5728 3388 5782 sic
3415 5722 3581 5780 omnia
3610 5714 3728 5772 ntala

2184 5841 2323 5949 tu[(u)
2344 5845 2535 5895 Nomina
2555 5853 2865 5910 patronorum
2893 5856 2940 5904 iu
2958 5858 3109 5909 sacris
3123 5856 3437 5911 oblationibus
3445 5845 3716 5917 Were”
