3946 6436
179 358 260 415 149
1093 347 1158 404 ΙΝ
1198 348 1373 404 ACTA
1418 350 1682 406 ΑἰδοὸΤο

1799 350 1945 404 illi“.
1995 350 2222 406 ΙΙΟΜΙΙ..
2272 351 2412 408 XIX.

171 480 285 532 foras
309 471 592 527 mittentur.
623 465 738 521 Non
768 474 940 536 potest
970 465 1093 520 hinc
1117 476 1232 519 orta
1260 467 1503 535 voluptas
1533 466 1712 521 verbis

171 565 410 636 explicari,
440 563 606 616 donec
631 575 792 630 opere
819 560 888 613 sit
916 571 1184 628 suscepta.
1210 560 1285 613 Nc.
1314 559 1413 614 hoc
1437 561 1711 630 reSpicias,

169 660 278 731 quod
305 657 495 711 nullum
528 653 712 708 habeat
745 663 1062 722 proventum
1090 672 1103 707 :
1136 654 1178 706 si
1206 653 1426 706 omnino
1452 653 1500 706 id
1531 653 1709 717 facias,

173 769 222 805 tte
255 750 399 804 facias
439 757 648 810 tamen,
685 747 786 800 nisi
834 755 985 814 putes
1016 746 1273 814 majorem
1315 746 1405 800 tibi
1452 753 1558 800 tota
1591 745 1710 800 villa

182 849 433 912 potentum
466 852 625 900 esse;
660 835 762 889 nisi
793 837 868 889 sic
898 835 1118 890 allectus
1157 838 1232 890 sis
1253 877 1266 898 ,
1301 851 1400 890 nec
1429 837 1708 904 Opereris;

189 934 254 986 nisi
280 943 407 999 putes
436 928 540 981 hoc
567 942 702 996 opus
733 928 836 980 tuis
865 927 1115 982 omnibus
1142 943 1262 982 esse
1292 927 1703 996 praeferendum.

190 1026 276 1092 Qui:
302 1023 384 1075 huc
411 1028 673 1090 proventu
703 1018 889 1086 majus,
919 1018 1123 1072 animas
1152 1019 1201 1072 in
1231 1033 1408 1072 aream
1436 1019 1706 1073 caelestem

189 1111 410 1168 inducere?
441 1110 534 1162 llei
568 1109 720 1174 mihi,
753 1109 891 1176 quod
926 1109 1177 1163 nesciatis
1207 1120 1462 1178 quantum
1495 1110 1562 1163 sit
1591 1110 1706 1162 ani-

190 1221 264 1258 ttus
286 1200 586 1256 lucriﬁcare!
621 1199 756 1254 Audi
800 1199 925 1269 quid
969 1199 1130 1254 Petro
1159 1199 1301 1254 dicat
1327 1199 1571 1254 Christus
1601 1219 1612 1253 :
1643 1201 1705 1255 Si

181 1297 419 1365 diligimus,
451 1307 607 1361 pasce
629 1308 742 1345 oves
779 1309 914 1346 meas
944 1291 1137 1361 (Joan.
1166 1291 1257 1347 2i.
1289 1291 1413 1364 15).
1444 1294 1497 1348 Si
1531 1295 1704 1363 regias

174 1405 266 1443 ores
294 1387 455 1441 videns
480 1393 574 1438 aut
606 1399 866 1453 equorum
894 1394 1228 1450 armentum,
1263 1384 1405 1454 quod
1434 1386 1701 1439 stabulum

171 1495 251 1532 non
269 1476 506 1539 haberent,
536 1475 746 1528 insidiis
776 1483 974 1543 patere,
999 1475 1274 1544 acciperes
1297 1476 1430 1545 ipse,
1455 1486 1507 1530 et
1527 1476 1702 1545 equile

168 1569 474 1635 stabulutnque
492 1575 832 1632 esstrueres,
855 1581 918 1620 ac
938 1575 1207 1634 pastorem
1229 1569 1534 1636 prmliceres
1557 1586 1569 1621 :
1595 1584 1702 1639 quo

173 1673 218 1715 te
250 1676 323 1713 rex
360 1672 552 1712 munere
598 1671 705 1711 non
747 1657 1006 1712 donaret?
1048 1658 1202 1714 Nunc
1241 1657 1438 1714 Christi
1482 1674 1698 1730 gregem

176 1754 359 1822 colligis,
382 1759 718 1820 et-pastorem
753 1752 980 1820 praeficis
1000 1793 1015 1815 ,
1057 1767 1159 1807 nec
1187 1761 1339 1822 putas
1371 1762 1422 1808 te
1449 1769 1696 1822 magnum

176 1847 376 1916 quidpiam
404 1841 620 1897 facere?
649 1842 786 1908 Quid
829 1836 990 1897 dico?
1033 1844 1087 1898 Si
1125 1845 1174 1898 ei
1196 1885 1210 1909 ,
1242 1844 1334 1914 qui
1373 1843 1699 1900 scandalizat

3318 362 3420 420 {50

1826 467 1986 520 etiam
2016 482 2200 530 unum,
2231 477 2432 520 tantum
2457 467 2776 538 supplicium
2803 471 3156 528 comminatur
3187 490 3198 525 τ
3225 477 3314 545 qui
3345 487 3422 532 tot

1825 568 2002 610 servat
2035 558 2298 622 homines,
2327 575 2504 613 annon
2535 560 2762 613 salutem
2789 565 3189 631 consequetur?
3217 565 3420 621 Conse-

1819 661 2014 718 quetur
2038 661 2201 706 certe.
2231 651 2509 718 Quodnam
2539 653 2682 707 enim
2718 664 2897 721 postea
2943 666 3216 722 peceatum
3249 658 3414 711 habe-

1820 737 1895 792 bit
1920 757 1933 802 ;
1962 741 2044 793 vel
2076 741 2118 793 si
2153 741 2344 794 haheat
2368 782 2383 806 ,
2414 757 2590 794 annon
2624 741 2824 796 delebit
2861 744 3026 802 illud?
3069 748 3109 798 A
3152 748 3415 816 supplicio

1817 831 2230 886 scandalizantis
2258 833 2404 888 disce
2434 835 2708 904 prtemium
2737 837 3022 894 servantis.
3048 838 3102 891 Si
3136 855 3238 891 tton
3271 856 3414 895 curas

1815 932 1955 977 esset
1991 925 2100 978 Deo
2131 927 2212 979 vel
2245 927 2399 979 unius
2430 927 2622 980 animm
2652 928 2796 980 salus
2821 969 2836 994 ,
2867 944 2974 982 non
3011 938 3115 982 tam
3150 931 3411 985 irascere-

1817 1023 1901 1066 tur
1926 1013 1994 1068 de
2025 1014 2162 1068 illius
2192 1016 2442 1083 pernicie.
2474 1016 2597 1070 llaec
2628 1017 2807 1086 itaque
2835 1033 2958 1073 cum
2988 1019 3218 1073 sciamus
3240 1061 3254 1085 ,
3288 1020 3411 1076 huic

1812 1107 2070 1173 Spirituali
2101 1110 2247 1177 operi
2283 1109 2599 1175 htvrezttuus,
2636 1126 2721 1164 me
2753 1111 3117 1181 unusquisque
3149 1124 3322 1176 vocet,
3356 1126 3410 1170 et

1814 1215 1913 1253 nos
1942 1199 2100 1254 simul
2127 1215 2346 1268 Operam
2383 1201 2628 1255 dabimus
2678 1217 2772 1269 pro
2816 1202 2977 1256 virili.
3021 1203 3086 1256 Et
3115 1205 3158 1258 si
3189 1206 3406 1273 quidem

1812 1300 1921 1345 tres
1965 1291 2157 1346 fuerint
2204 1307 2540 1360 possessores
2562 1335 2574 1352 .
2607 1293 2659 1346 in
2696 1309 2980 1348 commune
3010 1295 3328 1362 conferant;
3360 1296 3406 1351 si

1810 1399 1944 1436 unus
1969 1423 1983 1445 ,
2013 1383 2132 1436 aliis
2170 1399 2379 1452 quoque
2418 1385 2605 1438 vicinis
2650 1385 2700 1438 id
2747 1386 3009 1439 suadebit.
3044 1385 3271 1440 Tantum
3306 1387 3407 1442 huc

1809 1475 2065 1542 pet-licere
2101 1475 2357 1529 stndeatis
2383 1515 2397 1539 ,
2430 1477 2656 1530 obsecro
2680 1519 2694 1543 ,
2731 1486 2786 1530 ut
2824 1477 2967 1530 omni
3006 1494 3067 1530 cx
3110 1489 3259 1546 parte
3299 1479 3406 1532 Deo

1808 1565 2097 1634 placentes,
2129 1575 2326 1620 :rterna
2357 1582 2751 1636 consequamur
2783 1567 2944 1634 bona,
2973 1567 3140 1636 gratia
3171 1576 3225 1621 et
3256 1567 3405 1621 beni-

1804 1659 2002 1726 gnitate
2035 1658 2240 1711 Domini
2271 1660 2437 1712 nostri
2463 1657 2588 1713 Jesn
2616 1656 2835 1726 Christi,
2863 1659 3078 1728 quicum
3107 1658 3247 1712 Patri
3277 1674 3405 1712 una-

1803 1767 1909 1820 que
1937 1750 2156 1818 Spirittti
2184 1760 2368 1804 sancto
2396 1750 2589 1820 gloria,
2620 1751 2923 1820 imperium,
2957 1751 3148 1819 honor,
3183 1766 3322 1806 nunc
3348 1761 3404 1807 et

1803 1857 2037 1912 semper,
2066 1851 2120 1896 et
2150 1843 2200 1896 itt
2231 1844 2426 1897 sarcula
2455 1844 2795 1898 smeulorum.
2827 1845 3016 1897 Amen.

1452 2052 1794 2113 HOMILIA
1837 2052 2013 2112 XIX.

154 2205 250 2262 (Συ.
288 2205 332 2262 8.
376 2222 426 2263 ν.
468 2206 564 2262 26.
625 2205 846 2274 Angelus
897 2213 1068 2258 autem
1113 2202 1315 2257 Domini
1347 2201 1583 2272 loquutus
1612 2210 1688 2254 est

203 2299 256 2350 ad
279 2297 584 2367 Philippum,
616 2299 788 2352 dicens
817 2313 835 2351 :
862 2295 1032 2367 Surge
1072 2304 1118 2350 et
1162 2294 1287 2348 vade
1328 2303 1503 2347 contra
1531 2294 1681 2345 meri-

199 2389 327 2452 diem,
353 2388 416 2440 ad
435 2393 568 2442 viam
598 2404 710 2458 quis
730 2388 986 2441 descendit
1010 2403 1041 2438 a
1061 2384 1348 2440 Jerusalem
1372 2386 1425 2439 in
1456 2383 1647 2438 Gazam
1663 2399 1683 2440 .'

197 2480 284 2532 hac
305 2491 368 2532 est
407 2481 626 2534 deserta.
669 2480 757 2533 27.
791 2479 855 2534 Et
880 2495 1090 2549 surgens
1117 2479 1257 2531 abiit.

201 2573 239 2625 l.
269 2572 464 2626 Videtur
492 2573 626 2627 mihi
657 2574 757 2626 hoc
779 2573 1088 2626 mandatum
1127 2570 1420 2640 accepisse,
1451 2586 1570 2624 cum
1597 2586 1686 2625 cs-

147 2673 204 2714 set
227 2664 268 2715 in
287 2663 502 2718 Samaria
529 2683 544 2729 ;
581 2665 700 2733 quia
723 2664 790 2717 ab
810 2663 1160 2732 Jcrosolymis
1192 2678 1296 2715 non
1323 2671 1507 2716 contra
1529 2662 1683 2715 meri-

146 2752 250 2805 diem
267 2754 371 2822 quis
385 2755 521 2808 vadit
549 2756 590 2818 ‘,
615 2754 708 2808 sed
731 2763 914 2808 contra
934 2754 1376 2822 septentrionem;
1399 2768 1426 2804 a
1446 2751 1683 2805 Samaria

149 2859 241 2896 vero
264 2857 427 2897 eontra
460 2845 764 2900 meridiem.
803 2843 925 2898 Ilwc
956 2852 1028 2897 est
1048 2843 1268 2897 deserta.
1298 2843 1408 2896 lloc
1447 2841 1593 2905 dicit,
1629 2850 1685 2895 ιιι

147 2950 193 2988 ne
213 2936 365 2990 timeat
402 2936 710 2992 Judtcorum
741 2936 1033 2990 incursum.
1069 2935 1179 2989 Nec
1205 2937 1524 3002 interrogat,
1548 2949 1683 3002 qna-

145 3026 214 3077 re?
256 3027 334 3080 sed
372 3042 600 3098 surgens
651 3029 803 3082 abiit.
837 3027 902 3081 Et
941 3044 1074 3094 ecce,
1109 3027 1297 3096 inquit,
1330 3027 1406 3079 vir
1430 3025 1683 3095 Aithiops

143 3118 364 3184 eunuchus,
394 3130 574 3189 potens
596 3119 847 3174 Candacis
888 3123 1076 3190 regitur
1103 3118 1431 3189 /Ethiopum,
1460 3119 1546 3184 qui
1574 3126 1681 3171 erat

144 3223 258 3275 super
279 3227 456 3265 omnem
483 3228 670 3283 gazam
701 3213 831 3280 ejus,
860 3212 947 3282 qui
978 3221 1182 3266 venerat
1213 3213 1429 3265 adorare
1449 3212 1501 3264 in
1522 3211 1680 3266 Jeru-

146 3299 274 3351 salem.
293 3300 369 3356 28.
397 3302 438 3356 Ε
445 3315 461 3356 ι
488 3304 833 3358 revertebatur
869 3304 1048 3357 sedens
1084 3319 1240 3373 super
1265 3319 1471 3356 currum
1491 3319 1638 3357 suum
1659 3343 1676 3368 ,

145 3393 345 3462 augebat
369 3395 560 3450 Isaiam
588 3399 906 3468 prapltetam.
927 3398 1130 3466 Magnis
1155 3398 1239 3451 hic
1266 3397 1512 3451 laudibus
1541 3399 1681 3452 cele-

149 3483 308 3540 bratur:
331 3488 589 3560 siquidem
627 3491 680 3545 in
709 3490 980 3561 Ethiopia
1007 3505 1251 3555 manens,
1275 3501 1329 3546 et
1355 3500 1432 3546 tot
1453 3491 1680 3562 negotiis

154 3578 329 3649 obrutus,
359 3601 473 3640 cum
505 3586 628 3640 dies
653 3586 820 3641 Festus
853 3603 957 3641 non
987 3598 1150 3652 esset,
1183 3597 1238 3641 et
1264 3588 1316 3641 in
1340 3588 1680 3654 superstitio-

151 3670 260 3728 nibus
290 3677 455 3733 detlita
485 3681 709 3735 civitate
739 3689 1066 3746 versaretur,
1096 3681 1240 3734 venit
1283 3679 1600 3735 adoraturus
1623 3681 1678 3734 in

147 3760 400 3822 Jerusalem.
427 3769 727 3841 Magnaque
765 3779 883 3825 erat
911 3770 1225 3841 diligentia;
1267 3785 1387 3824 nam
1437 3771 1490 3825 in
1517 3786 1676 3826 curru

147 3854 290 3911 sedens
320 3860 540 3930 legebat.
579 3861 672 3917 29.
710 3862 847 3917 Dixit
886 3873 1056 3917 autem
1100 3863 1330 3933 Spiritus
1383 3861 1629 3933 Philippo
1657 3879 1676 3916 :

153 3945 307 4013 Accede,
333 3962 375 4004 et
397 3953 621 4024 adiunge
647 3964 696 4008 te
735 3955 804 4008 ad
850 3972 1056 4010 currum
1081 3956 1252 4010 istum.
1284 3955 1370 4011 50.
1398 3955 1677 4012 Accurrens

149 4044 266 4090 autem
300 4040 577 4116 Philippus,
600 4046 794 4100 audivit
822 4063 937 4100 eum
963 4047 1208 4117 legentem
1233 4046 1427 4101 Isaiam
1453 4047 1674 4118 prophe-

151 4135 236 4193 tam,
269 4143 308 4185 ct
332 4136 447 4190 dixit
476 4153 495 4191 :
526 4137 758 4193 Putasne
801 4139 1044 4211 intelligis
1085 4157 1198 4204 quin
1233 4141 1399 4212 legis?
1445 4143 1533 4197 51.
1575 4141 1677 4197 Ille

151 4229 229 4272 tuo
248 4223 383 4279 dixit:
413 4225 474 4282 Et
493 4229 750 4295 quomodo
778 4231 984 4300 possint,
1011 4231 1110 4284 nisi
1124 4233 1238 4299 quis
1261 4233 1490 4286 ostendat
1511 4233 1676 4287 mihi?

157 4306 247 4364 Vide
267 4330 448 4372 rursum
473 4321 635 4375 aliam
675 4323 950 4391 pietatem.
981 4322 1152 4390 Quam
1184 4324 1368 4379 illam?
1394 4325 1546 4392 Quod
1576 4341 1674 4381 ne-

152 4400 281 4457 sciens
302 4406 506 4478 legeret;
535 4423 590 4469 et
620 4423 902 4484 postquam
942 4415 1164 4486 legerat,
1199 4417 1454 4486 requirat.
1503 4419 1675 4489 Roga.

153 4490 273 4559 sitque
296 4496 588 4571 Philippum,
633 4514 688 4558 ut
731 4505 1023 4561 ascenderet
1056 4516 1103 4562 et
1131 4507 1325 4562 sederet
1364 4524 1550 4563 secum.
1580 4509 1670 4565 52.

157 4577 435 4646 incusantem
463 4595 767 4668 Scriptum,
816 4615 964 4668 quem
988 4599 1201 4670 legebat,
1237 4609 1345 4654 erat
1369 4601 1451 4656 hic
1475 4617 1493 4655 :
1518 4601 1675 4656 Tam-

162 4690 267 4739 ηιππι
283 4686 369 4739 oris
390 4689 452 4742 ad
473 4691 777 4744 occisionem
807 4691 987 4746 ductus
1015 4701 1088 4747 est
1115 4709 1134 4746 :
1165 4702 1212 4748 et
1241 4695 1370 4748 sicut
1397 4711 1560 4767 agnus
1588 4714 1675 4751 co-

169 4782 244 4856 m
263 4779 452 4835 tondente
469 4801 521 4838 se
543 4786 653 4840 sine
677 4801 815 4850 voce,
845 4786 920 4839 sic
949 4801 1050 4839 non
1076 4788 1275 4856 aperuit
1298 4804 1354 4842 os
1379 4805 1546 4844 suum.
1579 4791 1668 4846 55.

178 4854 221 4908 In
241 4862 451 4928 inutilitate
474 4876 730 4946 judicium
756 4877 866 4946 ejus
885 4854 1138 4932 sublaturi:
1167 4887 1258 4933 est.
1289 4878 1672 4935 Generationem

177 4946 256 5044 fit“
275 4958 351 5044 quis
369 4967 600 5021 enarrabit
619 4967 645 5021 ?
675 4969 912 5036 quoniam
935 4971 1138 5025 tolletur
1167 4972 1229 5026 de
1257 4981 1392 5027 terra
1425 4975 1526 5028 vita
1563 4979 1673 5044 ejus

183 5037 300 5138 lissi.
320 5049 438 5110 53.7.
463 5061 495 5114 8
519 5063 557 5130 ).
587 5062 678 5116 54.
709 5059 1042 5132 Respondeas
1059 5074 1227 5118 autem
1255 5068 1516 5121 eunuchus
1539 5037 1640 5122 Phi
1655 5098 1669 5108 -

171 5128 294 5201 ίίρροι
315 5141 409 5200 dixit
436 5169 454 5205 :
481 5128 700 5208 Obsecro
722 5164 789 5218 te,
814 5128 886 5208 vde
905 5171 1009 5226 quo
1041 5157 1290 5226 prapheta
1318 5159 1439 5212 dicit
1467 5160 1581 5225 hoc,
1609 5162 1672 5215 de

164 5236 288 5287 κάκ
321 5235 368 5289 de
395 5242 484 5297 alio
513 5246 728 5316 aliquo?
766 5247 855 5302 55.
889 5247 1134 5317 Aperiens
1178 5260 1347 5304 autem
1395 5250 1672 5324 Philippus

161 5328 347 5412 0.8mm!
371 5341 408 5384 et
433 5334 672 5406 incipiens
698 5354 728 5390 a
761 5338 1035 5408 Scriptura
1064 5341 1179 5406 ista,
1210 5341 1564 5412 evangelisavtt
1595 5345 1672 5397 illi

165 5402 523 5511 ᾗτινι-νωθῆ,
545 5431 815 5499 quomodo
843 5447 933 5488 res
955 5449 1076 5488 cum
1106 5435 1196 5488 illo
1225 5433 1501 5503 dispbsilze
1522 5439 1629 5492 sint
1650 5437 1672 5491 ?

167 5492 303 5558 Primo
322 5508 429 5582 legit
449 5492 768 5592 etig-norat;
796 5523 996 5580 deinde
1023 5526 1152 5597 legit
1175 5492 1326 5581 hunc
1355 5527 1556 5594 locmn,
1586 5532 1671 5586 tibi

211 5656 563 5752 Lﬁutabent}
587 5689 639 5731 ut
679 5680 803 5734 mihi
838 5683 1049 5752 ridetur,
1077 5685 1327 5751 Philippus
1348 5686 1430 5752 Ade
1451 5702 1560 5752 quo
1593 5689 1672 5740 hic

169 5722 299 5830 ἔξω,
319 5740 422 5783 an...
443 5747 543 5810 ...ι
560 5755 587 5810 ρ
603 5722 818 5805 sua;
842 5722 936 5816 is.
959 5722 1091 5798 ea»;
1107 5722 1669 5816 {summa};

256 5797 393 5844 mm
410 5804 645 5844 mendum
671 5816 992 5844 nrnrpmmrc

410 5804 646 5856 meridiem
661 5804 996 5870 processisset.

1795 2199 2122 2253 narrabatur
2150 2200 2351 2269 passio,
2381 2199 2708 2255 resurrectio
2728 2209 2779 2253 et
2805 2199 3026 2254 donum.
3054 2199 3143 2254 56.
3187 2199 3252 2254 Et
3277 2200 3396 2254 dttm

1794 2290 1923 2343 irent
1963 2308 2052 2358 per
2091 2293 2244 2357 viam,
2281 2302 2518 2345 venerunt
2559 2292 2626 2344 ad
2663 2291 2936 2362 quamdam
2982 2309 3212 2359 aquam:
3238 2301 3284 2346 et
3323 2296 3398 2349 ait

1799 2384 2090 2440 eunuchus:
2115 2381 2247 2436 Ecce
2275 2400 2425 2452 aqua,
2459 2383 2582 2453 quid
2608 2385 2836 2454 prohibet
2869 2401 2949 2437 me
2989 2385 3280 2456 baptizari?
3306 2387 3394 2441 Vi-

1795 2476 1975 2532 distin’
2007 2487 2310 2548 prompttttn
2336 2479 2616 2532 animum?
2647 2479 2881 2534 vidistin’
2903 2479 3272 2551 diligentiam?
3298 2482 3389 2536 58.

1795 2567 1862 2620 Et
1883 2570 2026 2635 iussit
2043 2581 2177 2622 stare
2199 2586 2426 2632 currunt,
2447 2581 2492 2623 et
2514 2572 2878 2625 descenderunt
2895 2583 3100 2643 uterque
3114 2574 3164 2626 in
3182 2590 3390 2640 aquam,

1797 2657 2071 2728 Philippus
2101 2670 2146 2712 et
2173 2660 2451 2724 eunuchus,
2481 2673 2525 2712 et
2549 2662 2819 2730 baptizavit
2845 2678 2979 2716 eum.
3015 2663 3103 2717 59.
3133 2652 3391 2716 Cum'au-

1793 2759 1889 2802 tem
1912 2752 2248 2806 ascendissent
2271 2753 2333 2806 de
2367 2769 2522 2821 aqua,
2547 2752 2773 2822 Spiritus
2803 2753 3010 2807 Domini
3055 2757 3226 2822 rapuit
3259 2755 3388 2809 Phi-

1792 2842 2007 2910 lippum,
2043 2853 2088 2896 et
2118 2844 2340 2911 amplius
2384 2861 2483 2897 non
2526 2845 2645 2896 vidit
2693 2861 2806 2898 eum
2840 2847 3120 2899 eunuchus.
3154 2845 3269 2900 Ibat
3302 2864 3390 2917 per

1791 2933 1923 2985 viam
1951 2950 2095 2985 suam
2121 2935 2365 3003 gaudens.
2398 2934 2525 2999 Cur,
2558 2935 2786 3004 inquies,
2836 2935 2954 2990 tulit
2985 2951 3106 2990 cum
3153 2936 3388 3006 Spiritus

1797 3025 2043 3079 Domini?
2087 3026 2220 3092 Quia
2253 3043 2348 3096 per
2374 3027 2504 3081 alias
2538 3029 2782 3082 civitates
2805 3029 3126 3083 transiturus
3159 3038 3212 3084 et
3253 3047 3387 3098 pric-

1788 3115 2060 3172 dieaturus
2083 3131 2214 3172 erat.
2246 3118 2314 3174 Ut
2339 3134 2465 3189 ergo
2495 3119 2543 3171 in
2572 3119 2923 3175 admiratione
2957 3120 3258 3185 haberetur,
3286 3123 3389 3180 hoc

1789 3208 1984 3264 factum
2008 3220 2110 3275 est,
2146 3222 2307 3281 utque
2330 3227 2435 3265 non
2472 3213 2782 3276 humanum,
2817 3213 2912 3268 sed
2935 3214 3172 3268 divinum
3216 3217 3386 3271 habeo

1788 3309 1956 3367 retur,
1991 3302 2132 3371 quod
2183 3280 2322 3357 circa
2372 3303 2544 3372 ipsum
2580 3305 2775 3358 factum
2829 3314 2931 3359 est.
2966 3307 3054 3361 40.
3109 3305 3387 3378 Philippus

1786 3401 1955 3445 autem
1981 3393 2210 3446 inventus
2241 3396 2384 3448 estin
2413 3395 2570 3449 Azoto
2591 3411 2608 3448 :
2631 3406 2676 3448 et
2707 3398 3046 3461 pertransiens
3075 3401 3387 3472 euangeliza-

1786 3482 1869 3536 bat
1907 3484 2190 3538 civitatibus
2237 3487 2454 3550 cunctis,
2482 3487 2640 3542 donec
2666 3491 2850 3542 veniret
2890 3489 3194 3545 Ctesaream.
3248 3493 3385 3550 llinc

1785 3574 1958 3642 palam
2006 3585 2107 3641 est,
2148 3577 2290 3630 hunc
2319 3592 2381 3631 ex
2415 3589 2618 3647 septem
2653 3579 2756 3634 illis
2781 3579 2945 3635 fuisse
2980 3598 2992 3634 :
3027 3598 3148 3636 nam
3200 3592 3382 3653 postea

1784 3664 1836 3717 in
1860 3663 2104 3718 Caesarea
2147 3666 2432 3734 reperitur.
2466 3667 2506 3720 E
2535 3683 2594 3721 re
2615 3678 2791 3723 autem
2829 3671 3006 3739 rapuit
3030 3672 3180 3726 illum
3208 3673 3380 3743 Spiri-

1783 3766 1869 3813 tus
1897 3775 1912 3814 :
1945 3760 2182 3828 alioquin
2212 3770 2452 3830 rogasset
2481 3763 2758 3817 eunuchus
2779 3804 2792 3827 ,
2820 3771 2876 3818 ut
2915 3779 3098 3820 secum
3131 3766 3335 3821 veniret
3364 3786 3378 3824 :

1782 3865 1939 3920 quem
1970 3850 2060 3906 ille
2084 3850 2223 3906 forte
2249 3852 2623 3908 contristasset
2667 3854 2932 3924 negando,
2969 3871 3089 3910 cum
3140 3857 3378 3913 nondum

1784 3949 1992 4012 tempus
2017 3953 2179 3998 esset.
2221 3943 2410 3999 Vidisti
2457 3947 2678 4015 angelos
2730 3958 3084 4014 cooperantes
3132 3950 3382 4020 praedica-

1784 4033 1934 4101 tioni,
1955 4043 2008 4088 et
2025 4034 2169 4104 ipsos
2182 4035 2396 4105 quidem
2422 4053 2525 4091 non
2547 4038 2926 4107 praedicantes;
2952 4041 3045 4096 sed
3071 4041 3167 4096 hos
3185 4058 3384 4097 vocan-

1781 4125 1902 4178 tes?
1932 4125 2042 4179 Hoc
2069 4140 2228 4195 porro
2256 4126 2500 4181 mirabile
2535 4127 2656 4181 hinc
2693 4129 2996 4184 ostenditur
3025 4149 3039 4185 :
3069 4131 3208 4200 quod
3233 4138 3376 4187 enim

1779 4231 1960 4270 rarum
1984 4215 2112 4271 olim
2142 4227 2279 4284 erat,
2309 4228 2363 4272 et
2387 4219 2473 4272 vix
2500 4218 2676 4284 ﬁebat,
2708 4219 2795 4275 hic
2817 4222 2927 4290 jam
2977 4223 3278 4291 saepissime
3307 4225 3379 4280 ef-

1781 4306 1975 4362 ﬁcitur.
2005 4309 2254 4379 Alioquin
2286 4321 2463 4364 autem
2503 4311 2616 4366 haec
2657 4314 3034 4380 przcnuntialio
3061 4325 3197 4380 erat,
3229 4319 3374 4388 quod

1781 4397 1858 4452 illi
1903 4398 2232 4470 alienigenas
2277 4410 2461 4456 essent
2505 4405 2827 4472 superaturi.
2877 4405 3008 4460 Nam
3041 4409 3373 4478 credentium

1781 4489 1884 4545 fide
1909 4490 2127 4560 dignum
2159 4495 2524 4548 testimonium
2554 4505 2759 4565 poterat
2800 4496 3128 4555 discentibus
3159 4517 3379 4571 persua-

1778 4579 1905 4636 dere
1929 4623 1944 4648 ,
1977 4591 2035 4635 ut
2077 4583 2324 4637 etnndem
2357 4585 2456 4655 ipsi
2504 4585 2675 4640 zelum
2707 4588 3032 4658 arriperent.
3064 4589 3188 4646 Ideo
3219 4593 3377 4664 igitur

1778 4671 1886 4726 ibat
1913 4671 2183 4743 gaudens;
2210 4684 2372 4744 atque
2396 4675 2532 4730 adeo
2560 4677 2604 4730 si
2632 4679 2894 4746 scivisset,
2924 4697 3029 4734 non
3049 4683 3116 4736 ita
3145 4683 3378 4740 delecta-

1779 4773 1864 4818 tus
1885 4774 2042 4818 esset.
2065 4764 2201 4832 Quid
2220 4777 2398 4821 autem
2425 4770 2654 4836 vetabat,
2681 4771 2906 4841 inquies,
2927 4775 3052 4843 quin
3075 4778 3252 4830 omnia
3284 4779 3376 4833 ille

1777 4867 2024 4911 accurate
2048 4856 2299 4923 disceret,
2332 4859 2384 4913 itt
2407 4875 2567 4915 curru
2595 4861 2813 4929 sedens,
2848 4865 3184 4936 maximeque
3207 4869 3257 4921 in
3281 4869 3376 4924 de-

1778 4948 1960 5002 serto?
1984 4947 2115 5016 Quia
2148 4964 2234 5003 res
2276 4965 2380 5004 non
2407 4961 2525 5006 erat
2565 4952 2631 5008 ad
2679 4957 3113 5013 ostentationem.
3151 4958 3256 5015 Sed
3285 4976 3375 5016 su-

1777 5037 1955 5106 perius
1987 5038 2120 5092 let-ta
2167 5041 2531 5110 exploremus.
2587 5043 2652 5097 Et
2689 5062 2803 5100 ecce
2838 5050 2912 5100 vir
2938 5047 3185 5120 /Ethiops
3213 5069 3377 5105 runn-

1777 5127 1921 5191 chus,
1957 5130 2144 5198 inquit,
2194 5141 2368 5199 potens
2395 5132 2646 5188 Candacis
2673 5138 2860 5207 regina:
2885 5138 3211 5213 xEt/tiOpum.
3241 5142 3374 5199 Hinc

1779 5217 1980 5287 liquet,
2031 5220 2172 5274 illam
2233 5223 2361 5290 ipsis
2409 5225 2722 5294 imperasse.
2766 5227 2897 5284 Nam
2953 5232 3077 5286 olim
3120 5235 3372 5292 mulieres

1779 5311 2133 5381 imperabant,
2161 5324 2216 5369 et
2244 5314 2356 5370 lucc
2381 5316 2464 5372 lex
2488 5329 2603 5372 erat
2623 5319 2762 5390 apud
2795 5322 2914 5378 illos
2937 5322 3032 5395 (a).
3057 5325 3144 5380 Sic
3171 5329 3373 5383 nescie«

1851 5446 1924 5507 (ιι)
1947 5445 2042 5496 Hic
2066 5454 2202 5510 notat
2236 5448 2484 5501 Douna'us
2518 5452 2566 5500 in
2589 5452 2696 5502 haec
2718 5455 2886 5510 verba.
2913 5456 3078 5506 strabo
3098 5456 3133 5506 l.
3161 5458 3219 5508 l7
3243 5467 3372 5508 (δαη-

1778 5507 1926 5559 daces
1954 5509 2220 5578 Ait/titha)!
2253 5512 2546 5578 regimesub
2575 5524 2781 5578 Augusto
2803 5507 3016 5566 meminit
3039 5551 3054 5575 ,
3080 5507 3227 5578 quam
3249 5507 3374 5572 hanc

1776 5583 1879 5642 esse
1902 5583 1993 5619 non
2011 5571 2252 5643 existimo,
2278 5571 2534 5645 seduliam
2553 5571 2750 5645 όξρειῷηον.
2777 5586 2921 5645 Reges
2943 5571 3070 5645 enim
3092 5571 3369 5645 regianne

1779 5601 1872 5620 cm
1902 5601 1993 5619 ηυη
2011 5601 2066 5620 ω
2077 5601 2252 5631 ιιιιιισιυ,
2278 5601 2362 5623 acu
2389 5601 2534 5624 usuuu
2553 5601 2584 5622 ο·
2611 5601 2750 5637 ’νυμοιη
2777 5601 2921 5640 negas
2943 5601 3070 5627 ειιιηι
3093 5601 3369 5645 regnataque

1779 5631 1999 5695 eius-aeta
2021 5634 2249 5695 _regionis
2287 5635 2461 5685 iisdem
2496 5601 2767 5688 nominibus
2801 5639 2869 5688 uti
2902 5639 3068 5690 solent.
3101 5643 3292 5695 Tacitus
3316 5645 3369 5694 in

1782 5690 1892 5760 Vita
1915 5690 2150 5760 agricola:
2174 5698 2236 5746 de
2261 5697 2506 5747 Britannis
2536 5710 2552 5747 :
2577 5697 2665 5747 His
2683 5708 2832 5760 atque
2857 5700 3037 5752 talibus
3062 5690 3375 5755 invicem'iii;

1778 5755 1967 5829 stincti,
1991 5758 2192 5829 medica
2222 5761 2439 5829 generis
2477 5761 2610 5829 regii
2642 5755 2821 5810 femina
2845 5763 2972 5811 duce
2997 5766 3025 5829 ν(
3052 5773 3216 5829 neque
3241 5765 3373 5829 enim

1783 5828 1963 5868 sexum
1987 5821 2035 5868 in
2061 5821 2278 5882 imperiis
2292 5822 2576 5872 discernunt
2600 5824 2618 5884 )
2643 5834 2904 5891 sumpsere
2925 5821 3148 5878 universi
3161 5828 3372 5880 bellum.
