3946 6432
473 356 562 413 t5!
1247 347 1305 407 S.
1344 344 1621 407 JOANNIS
1658 338 2138 401 CHRYSOSTOMI
2181 335 2493 394 ARCIIIEP.
2535 334 3075 394 CONS'I'ANTINOP.

469 471 557 522 bat
586 465 866 534 Philippus
894 476 997 534 qua
1022 461 1092 517 de
1113 474 1277 517 causa
1304 460 1514 515 veniret
1539 459 1590 513 in
1617 459 1913 516 desertum,
1936 454 2061 523 quia

468 574 580 612 non
623 557 732 626 jam
776 554 1036 624 angelus,
1083 553 1179 606 sed
1221 551 1453 622 Spiritus
1506 551 1678 619 ipsum
1734 548 1891 617 rapit.
1922 544 2063 600 Nihil

467 660 649 705 autem
699 649 887 701 horum
933 647 1081 703 videt
1106 646 1406 709 eunuchus,
1451 642 1797 712 imperfectus
1822 656 1943 695 cum
1974 639 2063 703 sit,

388 725 395 731 ’
472 747 553 800 vel
583 745 742 798 etiam
773 742 914 813 quod
945 742 1060 796 lucc
1088 740 1281 795 nonad
1306 738 1637 808 corporal.-s,
1667 737 1760 791 sed
1799 734 1865 788 ad
1907 732 2066 801 spiri.

472 837 645 891 tuales
678 836 1018 906 pertineant;
1051 847 1227 903 neque
1248 832 1407 886 etiam
1435 830 1587 885 discit
1621 845 1703 891 ea,
1724 844 1843 896 qua:
1873 825 2070 894 Philip.

476 944 573 997 pus
603 926 952 982 edocebatur.
986 924 1055 980 Et
1082 940 1181 979 cur
1211 933 1330 977 'non
1360 923 1434 977 illi
1476 929 1698 990 apparet
1728 919 1951 989 angelus
1972 958 1986 982 ,
2012 924 2072 970 ut

470 1021 637 1075 ducat
662 1020 728 1074 ad
762 1019 1106 1089 Philippum?
1154 1016 1289 1085 Quia
1331 1015 1575 1070 fortassis
1599 1028 1706 1067 non
1736 1024 2025 1081 persuasus
2054 1049 2067 1072 ,

472 1116 567 1169 sed
599 1112 777 1184 potius
806 1111 1207 1182 obstupefactus
1231 1110 1438 1164 fuisset.
1478 1109 1607 1162 Vide
1629 1106 1859 1175 Philippi
1892 1104 2070 1174 philo-

473 1206 719 1276 sophiam
747 1221 760 1259 :
793 1220 899 1259 non
941 1203 1233 1267 accusavit,
1268 1217 1372 1255 non
1400 1200 1551 1269 dixit,
1585 1198 1825 1269 Ignoras,
1872 1212 1972 1266 ego
2021 1206 2073 1250 te

472 1296 718 1360 docebo;
750 1310 855 1348 non
879 1293 1034 1359 dixit,
1067 1293 1179 1363 Ego
1208 1292 1323 1347 lucc
1346 1302 1596 1346 accurate
1627 1291 1775 1355 scio;
1807 1306 1910 1343 non
1942 1288 2074 1342 adu-

473 1390 613 1444 latus
656 1397 757 1454 est,
792 1403 891 1442 nec
914 1387 1050 1442 dixit
1074 1388 1147 1451 el,
1179 1388 1372 1441 Beatus
1397 1400 1456 1440 es
1496 1386 1586 1455 qui
1631 1386 1783 1455 legis.
1816 1383 1904 1438 Sic
1923 1394 1976 1438 et
2006 1385 2075 1438 ab

473 1483 691 1537 audacia
713 1490 767 1538 et
796 1482 864 1537 ab
894 1482 1207 1536 adulatione
1236 1490 1502 1535 remotum
1548 1488 1665 1533 erat
1691 1479 1912 1534 verbum
1936 1495 1950 1541 ;
1978 1477 2071 1531 sed

477 1574 654 1643 potius
675 1589 857 1629 curam
883 1573 1121 1644 gerentis
1138 1582 1250 1627 erat
1277 1580 1332 1627 et
1352 1570 1587 1641 benigni.
1614 1570 1905 1641 Oportebat
1931 1568 2072 1623 enim

478 1666 628 1719 illum
654 1666 1009 1735 interrogare,
1038 1664 1323 1733 oportebat
1342 1662 1668 1717 desiderare.
1702 1662 1947 1716 Declarat
1976 1677 2075 1714 au-

479 1767 586 1811 tem
621 1773 679 1812 se
705 1760 845 1812 scire
872 1758 1043 1827 ipsum
1073 1757 1204 1811 nihil
1237 1772 1412 1819 nosse,
1444 1772 1563 1808 cum
1587 1757 1699 1808 ait:
1736 1752 1961 1806 Putasne
1998 1754 2078 1806 in-

479 1850 665 1921 telligis
689 1864 801 1920 quia
826 1851 992 1921 legis?
1019 1850 1286 1919 simulque
1327 1849 1561 1902 insinuat
1587 1863 1834 1917 magnum
1867 1847 2076 1915 reposi-

480 1950 591 1994 tum
618 1954 739 1995 esse
784 1939 1115 1995 thesaurum.

547 2029 602 2084 2.
642 2029 877 2085 Eunuchi
911 2031 1153 2084 modestia
1191 2040 1238 2085 et
1262 2032 1508 2085 studium.
1530 2031 1716 2085 —Scd
1745 2031 1884 2090 vide.
1914 2046 2074 2100 quam

478 2123 771 2192 prudenter
800 2138 860 2178 se
886 2133 1108 2180 excuset
1134 2127 1411 2180 eunuchus
1440 2143 1453 2179 :
1483 2124 1547 2177 Et
1580 2124 1833 2192 quomodo
1866 2125 2075 2194 possim,

478 2217 576 2269 nisi
597 2218 708 2282 quis
734 2216 1007 2271 ostenderit
1033 2218 1203 2271 mihi?
1245 2218 1359 2272 Non
1391 2218 1631 2288 respexit
1673 2217 1935 2279 habitum,
1970 2232 2075 2271 non

477 2311 618 2364 dixit
647 2327 661 2364 :
692 2310 770 2363 Tu
797 2311 915 2380 quis
937 2311 1036 2365 es?
1062 2327 1167 2365 non
1193 2309 1486 2379 redarguit,
1517 2326 1621 2364 non
1653 2320 1968 2381 arroganter
1996 2310 2072 2362 lo-

479 2401 685 2471 quitur,
716 2418 823 2455 non
850 2416 909 2456 se
937 2403 1075 2456 scire
1102 2400 1251 2467 dicit,
1281 2402 1372 2456 sed
1398 2402 1644 2471 ignorare
1672 2400 1867 2456 fatetur
1891 2419 1905 2454 :
1932 2402 2078 2455 ideo-

478 2509 583 2562 que
611 2480 787 2546 discit.
818 2493 1072 2547 Monstrat
1103 2493 1291 2546 vulnus
1315 2492 1558 2554 medico:
1588 2494 1733 2547 novit
1766 2494 1934 2562 ipsum
1965 2493 2079 2547 hate

477 2585 636 2649 scire,
669 2593 722 2638 et
744 2585 882 2639 velle
905 2584 1119 2640 docere.
1158 2584 1231 2655 (a)
1265 2585 1405 2638 Vidit
1426 2586 1571 2639 illum
1595 2599 1716 2640 esse
1736 2599 1765 2639 a
1795 2584 1929 2639 fastu
1951 2586 2080 2638 alie-

478 2693 642 2741 num;
678 2691 851 2745 neque
892 2677 1034 2730 enim
1068 2676 1405 2746 splendidum
1436 2676 1680 2747 gesmbat
1706 2677 1973 2731 vestitum.
2005 2676 2076 2730 Ita

475 2777 595 2823 erat
621 2767 861 2821 discendi
892 2767 1120 2837 cupidus
1146 2777 1200 2822 et
1227 2768 1405 2823 verbis
1433 2770 1687 2835 intentus,
1713 2770 1833 2840 quia
1853 2780 1905 2822 et
1926 2771 2076 2835 illud,

480 2860 579 2925 Qui
600 2860 801 2928 quwrit,
828 2859 1015 2912 invenit
1043 2859 1062 2930 (
1089 2858 1276 2912 Matth.
1310 2860 1364 2914 7.
1388 2859 1421 2914 8
1444 2870 1483 2928 ),
1510 2859 1561 2913 in
1590 2861 1706 2929 ipso
1736 2860 2075 2930 iuiplchatur.

482 2949 811 3021 negauitque,
848 2951 1038 3018 inquit,
1079 2948 1399 3019 Philippum,
1423 2962 1476 3003 ut
1497 2951 1788 3005 ascenderet
1816 2962 1863 3004 et
1888 2954 2080 3006 sederet

477 3058 669 3095 secum.
694 3039 945 3095 Vidistin‘
966 3042 1242 3095 studium?
1264 3042 1495 3096 vidistin‘
1516 3043 1883 3097 desiderium?
1910 3044 2081 3114 Rogat

482 3142 540 3185 ut
564 3132 819 3186 ascendat
844 3143 897 3186 et
922 3132 1107 3186 sedeat
1134 3147 1317 3187 secum
1352 3150 1365 3187 :
1395 3134 1473 3187 sic
1504 3136 1795 3201 nesciebat,
1823 3136 1948 3206 quid
1977 3138 2078 3191 sihi

480 3224 721 3281 dicturus
750 3234 929 3289 esset;
952 3226 1046 3280 sed
1066 3225 1381 3294 simpliciter
1402 3227 1639 3296 putabat,
1664 3244 1721 3290 se
1746 3226 2078 3298 prophetiam

480 3318 712 3387 aliquam
742 3318 1050 3371 auditurum
1087 3331 1229 3373 esse.
1257 3317 1424 3388 Major
1461 3327 1641 3374 autem
1670 3320 1755 3373 hic
1777 3319 1949 3374 honor
1974 3328 2077 3386 est,

483 3409 629 3479 quod
657 3424 762 3464 non
794 3406 1109 3478 simpliciter
1133 3410 1427 3466 ascendere
1453 3421 1624 3475 curet,
1658 3411 1752 3467 scd
1783 3423 1953 3483 roget.
1977 3413 2079 3465 Ac-

484 3516 691 3555 currens
717 3508 885 3553 autem
907 3499 1183 3570 Philippus
1210 3502 1401 3555 audivit
1438 3518 1551 3556 eum
1578 3504 1840 3573 legentem.
1883 3503 2082 3559 Cursus

485 3596 736 3668 loquendi
786 3596 1038 3667 cupidum
1085 3596 1303 3659 indicat.
1351 3597 1510 3652 lectio
1536 3597 1696 3651 studii
1739 3598 1948 3668 signum
1976 3609 2078 3654 est.

483 3689 581 3744 Illo
609 3691 749 3744 enim
780 3699 1019 3760 tempore
1045 3688 1271 3759 legebat,
1306 3704 1411 3758 quo
1438 3689 1609 3758 major
1637 3699 1721 3746 cst
1746 3691 1876 3744 solis
1898 3703 2076 3746 :rstus.

487 3781 661 3836 Locus
685 3791 862 3835 autem
897 3781 982 3835 hic
1011 3791 1128 3836 erat
1150 3800 1161 3836 :
1182 3781 1329 3836 Sicut
1355 3782 1458 3836 ovis
1484 3782 1552 3835 ad
1577 3783 1876 3837 occisionem
1902 3787 2083 3839 ductus

483 3884 578 3929 est.
605 3874 671 3928 Et
700 3874 802 3929 hoc
828 3872 970 3928 illius
992 3873 1231 3928 discendi
1262 3874 1569 3943 cupiditatis
1584 3876 1791 3945 signum
1811 3885 1915 3941 est,
1940 3875 2082 3946 quod

489 3968 806 4038 prophetam
848 3966 997 4021 illum
1029 3967 1151 4021 aliis
1180 3968 1543 4023 sublimiorem
1574 3984 1681 4038 pra:
1713 3970 1959 4022 manibus
1987 3970 2081 4023 ha-

490 4060 686 4116 buerit.
711 4058 838 4115 ldeo
856 4074 960 4114 non
985 4075 1105 4113 cum
1132 4060 1465 4114 vehementia
1490 4060 1564 4114 illi
1589 4070 1789 4127 narrat,
1816 4060 1909 4115 sed
1936 4077 2082 4114 man.

487 4164 674 4217 sm-te;
706 4152 813 4207 imo
837 4165 936 4206 nec
957 4152 1102 4222 prius
1129 4152 1383 4222 loquitur,
1411 4169 1568 4224 quam
1594 4154 1950 4224 interrogatus
1973 4157 2082 4209 fue-

490 4248 580 4312 rit,
634 4246 808 4301 donec
844 4246 933 4300 ille
964 4246 1249 4314 rogaverit.
1276 4244 1345 4300 Ut
1372 4256 1425 4299 et
1471 4244 1597 4299 illud
1644 4245 1835 4301 iterum
1886 4246 2086 4301 faciens

487 4341 565 4393 ait
603 4358 615 4393 :
648 4338 866 4392 Obsecro
912 4347 988 4402 te,
1021 4340 1084 4391 de
1123 4354 1223 4407 quo
1254 4340 1500 4408 prepheta
1529 4339 1651 4393 dicit
1698 4340 1835 4393 hoc?
1868 4339 2087 4395 Videtur

490 4431 619 4484 mihi
644 4431 933 4485 nescivisse
954 4430 1125 4497 illum,
1153 4429 1294 4501 quod
1323 4429 1597 4500 propheta:
1626 4431 1696 4486 de
1714 4432 1832 4486 aliis
1858 4433 2086 4501 loquan-

490 4532 612 4589 tur;
639 4523 721 4577 vel
749 4522 792 4578 si
827 4538 931 4576 non
960 4523 1083 4586 hoc,
1113 4522 1254 4592 qttod
1282 4522 1350 4577 de
1378 4523 1568 4593 seipsis
1596 4522 1878 4594 loquantur
1904 4526 1955 4579 iu
1984 4527 2085 4580 alia

495 4628 745 4684 persona.
785 4614 1178 4668 Erubescamus
1205 4622 1259 4668 et
1309 4629 1571 4684 pauperes
1598 4623 1652 4669 et
1682 4614 1874 4670 divites
1901 4616 1967 4670 de
1996 4616 2087 4671 illo

490 4704 775 4775 penuario.
804 4705 998 4759 Deinde
1020 4717 1259 4760 venerunt
1285 4707 1352 4760 ad
1375 4706 1650 4776 quamdam
1676 4724 1884 4775 aquam,
1918 4719 1965 4762 et
1994 4711 2085 4776 ait,

496 4797 626 4851 Ecce
645 4814 797 4866 aqua.
826 4798 950 4852 llaec
980 4798 1131 4852 valde
1156 4796 1410 4853 ferventis
1430 4797 1622 4852 animm
1644 4809 1789 4853 sunt.
1817 4801 1952 4866 Quid
1973 4818 2091 4869 pro—

493 4890 626 4942 hibet
650 4904 726 4941 me
753 4889 1042 4958 baptizari!
1063 4889 1246 4943 Videu’
1267 4892 1385 4959 ejus
1411 4889 1777 4944 desiderium?
1806 4891 1920 4946 Non
1936 4892 2086 4961 dicit,

492 4981 708 5049 thpliza
742 4998 859 5044 me;
892 4997 1063 5051 neque
1093 4990 1250 5048 tacet.
1273 4983 1368 5038 sed
1396 4982 1628 5037 medimn
1653 4984 1924 5054 quidpiam
1952 4986 2091 5041 inter

491 5072 816 5129 desiderium
846 5081 900 5125 et
922 5075 1279 5128 reverentiam
1308 5073 1563 5144 loquitur.
1597 5074 1735 5140 Quid
1764 5076 1990 5147 prohibet
2013 5095 2088 5132 me

489 5166 743 5236 baptizari
760 5169 786 5220 .7
817 5165 950 5220 Vide
970 5208 985 5231 ,
1018 5167 1286 5237 quomodo
1309 5168 1555 5223 absoluta
1587 5169 1834 5241 dogmata
1864 5169 2086 5225 habuit:

491 5277 616 5315 nam
648 5259 909 5329 propheta
935 5258 1114 5314 omnia
1138 5260 1469 5326 continebat,
1494 5260 1939 5329 incarnationem,
1964 5276 2091 5332 pas-

496 5429 613 5491 Hatc
634 5425 851 5491 Boaidica
881 5431 979 5491 est,
993 5427 1186 5491 opinor,
1214 5440 1362 5491 quam
1391 5426 1557 5491 Xiphit
1566 5425 1671 5478 inus
1696 5428 1984 5488 Βονδουίκην
2012 5428 2087 5481 in’-

493 5487 690 5553 digitat.
716 5487 1040 5540 OEcumeuius
1059 5504 1077 5540 :
1099 5487 1376 5553 'Io‘rébvﬁn
1390 5487 1642 5547 Κάνδάκην
1668 5491 1887 5548 Αἰθίοπες
1904 5487 2084 5551 πᾶσαν,

495 5549 580 5619 τῂῖι
599 5550 685 5619 ηοῦ
708 5553 940 5619 βᾳσιλέως
956 5554 1140 5619 Euripo.
1158 5549 1405 5619 κᾳλοῦσιγ,
1420 5554 1580 5619 ἐπεβᾷῄ
1603 5555 1847 5619 πατὲωᾲοζ
1871 5549 2087 5619 Αἰθίοπες

497 5611 585 5681 οὑᾎ
612 5611 945 5681 ᾁνίᾳῲέρουσιγ,
964 5611 1160 5681 ante;
1180 5615 1318 5681 ὄντας
1341 5614 1471 5669 υἱοὺς
1492 5614 1629 5670 ἡλίου
1644 5611 1987 5681 ςῃαραδιὶξόασι.

561 5670 638 5734 (fl)
667 5670 941 5731 Sequentia
964 5687 1076 5722 cum
1113 5672 1402 5734 ingentibus
1423 5670 1751 5725 varietatibus
1787 5677 1933 5724 elfert
1959 5690 2087 5724 unus

500 5726 688 5800 (Iudex.
712 5726 833 5789 quas
860 5734 898 5780 si
926 5736 1107 5784 atl‘erre
1142 5726 1411 5798 valemus,
1435 5736 1601 5787 omnia
1627 5737 1916 5787 exscribere
1945 5751 2087 5800 pror-

501 5799 588 5832 sus
615 5800 818 5839 necesse
843 5800 997 5843 esset.

3688 343 3825 396 {5‘1

2172 453 2400 511 sionem,
2432 450 2906 515 resurrectionem,
2938 450 3386 521 assumptionem,
3416 450 3672 508 futurum
3719 455 3829 524 ju-

2172 542 2367 595 dicium
2398 558 2409 592 :
2439 556 2559 610 qua:
2585 541 2681 611 ipsi
2713 556 2964 606 magnum
2991 540 3231 596 indidere
3250 542 3604 599 desiderium.
3653 546 3832 599 Eru-

2174 634 2373 688 bescite
2398 642 2662 703 quotquot
2703 634 2939 688 nondum
2979 635 3259 689 illuminati
3302 637 3454 691 estis.
3484 635 3554 690 Et
3583 638 3827 709 jussit,

2176 728 2367 797 inquit,
2397 738 2532 781 stare
2571 744 2802 787 currum.
2839 726 3009 784 Simul
3037 727 3172 783 dixit
3201 738 3255 783 et
3280 730 3593 798 imperavit,
3628 742 3792 786 ante

2175 834 2334 888 quam
2363 818 2740 874 audiret.Cum
2761 826 2930 872 autem
2956 820 3302 873 ascendissent
3328 821 3391 874 de
3415 838 3571 891 aqua,
3605 821 3828 893 Spiri-

2176 920 2256 964 tus
2286 908 2493 963 Domini
2523 911 2694 978 rapuit
2725 908 3051 980 Philippum.
3081 910 3225 967 Bene
3271 928 3284 963 :
3321 921 3379 965 ut
3402 912 3829 968 ostenderetur

2177 1002 2413 1055 divinam
2446 1000 2609 1055 fuisse
2638 1016 2751 1055 rem
2782 1012 2982 1067 actam,
3023 1010 3080 1056 et
3129 1016 3196 1056 ne
3244 1012 3456 1070 putaret
3504 1001 3827 1058 homim-m

2178 1109 2298 1147 esse
2321 1094 2616 1163 vulgarem.
2643 1092 2709 1145 Et
2732 1094 2859 1159 ibat,
2891 1094 3082 1163 inquit,
3103 1109 3191 1161 per
3211 1093 3343 1146 viam
3364 1109 3509 1145 suam
3533 1094 3796 1163 gaudens

2180 1188 2293 1241 Hoc
2319 1187 2469 1248 dicit,
2513 1187 2807 1242 ostendens
2846 1188 3019 1257 ipsum
3071 1202 3213 1257 a‘gte
3261 1186 3491 1240 laturum
3521 1187 3725 1255 fuisse,
3768 1199 3827 1251 si

2180 1281 2427 1334 scivisset
2455 1297 2467 1331 :
2500 1281 2579 1335 sic
2602 1296 2668 1335 ex
2692 1281 2860 1334 multo
2894 1280 3110 1350 gaudio,
3152 1282 3252 1335 etsi
3282 1281 3485 1351 Spiritu
3511 1279 3818 1351 dignatus,

2183 1373 2465 1443 praesentia
2486 1388 2589 1426 non
2611 1372 2842 1427 videbat.
2871 1372 2935 1424 Et
2953 1373 3183 1426 inventus
3197 1382 3288 1435 est,
3314 1373 3504 1441 inquit,
3523 1373 3580 1427 in
3602 1374 3807 1430 Αιοιο.

2184 1467 2401 1520 Multum
2435 1465 2560 1519 hinc
2588 1464 2863 1533 Philippus
2883 1464 3120 1517 lucratus
3140 1474 3244 1517 est.
3270 1462 3401 1517 Nam
3428 1462 3575 1532 quod
3600 1463 3799 1517 audie«

2183 1556 2350 1610 ratdc
2380 1556 2676 1625 prophetis,
2703 1556 2768 1609 dc
2792 1555 3028 1619 Abaeuc,
3070 1554 3139 1609 de
3171 1554 3452 1609 Ezechiele
3481 1565 3535 1608 et
3567 1554 3721 1618 aliis,
3742 1555 3804 1607 in

2183 1662 2241 1701 se
2283 1650 2477 1700 factum
2530 1646 2696 1711 \idit,
2749 1646 2836 1716 qui
2890 1647 2941 1699 in
2984 1654 3256 1700 momento
3284 1645 3504 1699 multam
3532 1659 3811 1699 emensus

2184 1742 2322 1794 viam
2369 1741 2695 1804 ostenditur,
2741 1739 3005 1808 siquidem
3047 1740 3099 1792 in
3130 1742 3299 1793 Azoto
3328 1738 3578 1798 inventus
3604 1749 3721 1803 est,
3751 1748 3814 1792 et

2185 1832 2292 1886 illic
2319 1831 2535 1886 demum
2564 1841 2683 1894 stat,
2707 1831 2791 1884 ubi
2814 1831 3180 1901 cvangelizare
3198 1829 3500 1899 oportebat.
3539 1827 3809 1899 (Cap.9.)

2186 1927 2236 1977 i.
2274 1923 2467 1979 Saulus
2493 1933 2660 1977 autem
2686 1923 2854 1976 adhuc
2883 1924 3085 1989 spirans
3137 1922 3389 1974 minarum
3439 1929 3484 1974 et
3525 1921 3695 1973 caedis
3746 1922 3808 1971 in

2184 2017 2459 2086 discipulos
2506 2014 2733 2081 Domini,
2780 2014 2986 2068 accessit
3013 2014 3079 2066 ad
3131 2013 3413 2082 principem
3443 2013 3807 2072 sacerdotum,

2183 2108 2239 2162 2.
2268 2119 2314 2161 et
2337 2108 2481 2179 petiit
2509 2106 2570 2159 ab
2599 2123 2655 2160 eo
2679 2106 2917 2175 epistolas
2945 2105 2996 2157 in
3023 2103 3332 2157 Damascum
3359 2102 3427 2155 ad
3450 2118 3752 2173 synagogas
3787 2116 3811 2152 :

2183 2210 2240 2254 ut
2267 2200 2312 2253 si
2336 2215 2459 2271 quos
2482 2199 2749 2253 invenisset
2780 2199 2934 2268 hujus
2955 2198 3048 2251 vite
3071 2197 3204 2249 viros
3230 2210 3290 2249 ac
3317 2196 3569 2257 mulieres,
3598 2196 3810 2248 vinctos

2187 2293 2481 2360 perduceret
2537 2294 2590 2345 in
2629 2289 2934 2343 Jerusalem.
2980 2289 3295 2359 Opportune
3323 2288 3469 2342 Pauli
3501 2289 3683 2342 zelum
3714 2288 3807 2342 hic

2186 2384 2410 2449 inducit,
2445 2392 2504 2437 ut
2533 2383 2681 2437 illum
2706 2380 2886 2435 medio
2913 2381 3030 2434 zelo
3076 2391 3305 2433 tractum
3339 2379 3591 2434 ostendat
3643 2381 3802 2432 Non-

2184 2480 2309 2533 dum
2332 2479 2474 2532 enim
2494 2480 2716 2532 satiatus
2735 2491 2865 2531 nece
2883 2473 3163 2546 Stephani,
3181 2488 3351 2543 neque
3377 2473 3804 2543 persequuti-me

2185 2586 2248 2624 ac
2278 2571 2615 2638 dispersione
2638 2569 2915 2633 Ecclesia,
2955 2566 3164 2621 accedit
3189 2564 3253 2619 ad
3282 2566 3578 2634 principem
3607 2579 3801 2619 sacer-

2185 2663 2394 2716 dotum.
2415 2661 2513 2716 Hic
2536 2661 2785 2731 impletur
2814 2658 2864 2713 id
2882 2657 3022 2728 quod
3040 2657 3290 2711 Cbrisms
3310 2655 3587 2723 discipulis
3615 2654 3757 2709 dixit
3780 2671 3795 2708 :

2197 2752 2342 2806 Venit
2372 2755 2521 2818 hora,
2548 2762 2601 2805 ut
2624 2752 2790 2805 omnis
2814 2752 2900 2816 qui
2921 2749 3159 2817 interﬁcit
3187 2764 3291 2810 vos,
3325 2747 3598 2799 arbitretur
3618 2763 3671 2799 se
3696 2746 3793 2798 ob-

2184 2846 2415 2914 sequium
2458 2853 2703 2914 prcstare
2733 2840 2843 2895 Deo
2882 2839 3076 2909 (Joan.
3129 2840 3214 2893 lli.
3251 2835 3343 2909 2).
3391 2837 3488 2891 Hic
3518 2836 3672 2906 igitur
3708 2838 3792 2890 sic

2188 2936 2452 2997 iaciebat;
2484 2950 2589 2988 non
2620 2944 2677 2987 ut
2702 2932 2895 2998 Judmi,
2929 2931 3089 2986 absit.
3118 2930 3270 2996 Quod
3298 2930 3441 2983 enim
3488 2945 3551 2982 ex
3576 2928 3689 2981 zelo
3727 2928 3783 2981 id

2187 3027 2407 3090 faceret,
2437 3025 2561 3079 hinc
2591 3025 2762 3095 palam
2784 3032 2888 3088 est,
2916 3021 3059 3092 quod
3084 3020 3150 3076 ad
3178 3031 3392 3075 exteras
3415 3020 3653 3074 civitates
3676 3019 3783 3072 mi-

2185 3129 2384 3188 graret.
2416 3117 2526 3173 Illis
2554 3133 2683 3172 vero
2713 3132 2885 3186 neque
2912 3130 2997 3178 ea,
3019 3131 3141 3186 qua:
3168 3113 3520 3183 Jerosolymis
3565 3112 3787 3178 fiebant,

2185 3227 2331 3267 cura:
2356 3219 2531 3275 erant,
2558 3211 2651 3265 sed
2679 3226 2843 3263 unum
2869 3209 3213 3263 sectabantur
3240 3207 3523 3262 honorem.
3549 3205 3659 3259 Cur
3686 3220 3788 3258 au-

2188 3315 2293 3360 tem
2326 3305 2641 3359 Damascum
2691 3304 2815 3356 adiit
2836 3302 2861 3355 ?
2886 3302 3070 3371 Magna
3097 3302 3287 3355 civitas
3317 3308 3436 3354 erat
3476 3309 3531 3353 et
3583 3298 3731 3368 regia
3767 3315 3783 3352 :

2189 3397 2410 3451 timebat
2440 3412 2508 3450 ne
2536 3396 2623 3449 illa
2651 3409 2863 3464 quoque
2896 3402 3385 3462 prteoccuparelur.
3438 3389 3505 3443 Et
3532 3388 3652 3443 vide
3676 3398 3791 3442 stu-

2187 3489 2334 3544 dium
2376 3489 2493 3557 ejus
2530 3488 2909 3555 ardoremque,
2959 3501 3023 3539 ac
3072 3498 3233 3554 quam
3277 3482 3569 3538 secundum
3615 3482 3786 3553 legem

2187 3595 2329 3653 agat.
2351 3582 2469 3637 Non
2492 3582 2605 3635 adit
2633 3570 2967 3650 praefectum,
2985 3578 3077 3633 sed
3103 3577 3399 3648 principem
3423 3575 3784 3629 eicerdotum.

2191 3676 2325 3729 Petit
2346 3674 2410 3729 ab
2430 3676 2543 3745 ipso
2562 3673 2822 3743 epistolas,
2854 3681 2909 3723 ut
2942 3671 2987 3723 si
3018 3686 3143 3735 quos
3189 3669 3430 3722 inveniret
3475 3666 3629 3739 hujus
3670 3668 3783 3720 vita.

2191 3768 2342 3822 Viam
2374 3778 2525 3822 vocat
2552 3765 2854 3829 credentes,
2885 3764 3082 3837 quisic
3100 3763 3169 3816 ab
3193 3762 3444 3816 omnibus
3477 3771 3600 3814 tunc
3624 3775 3783 3814 voca-

2192 3862 2403 3924 bantur,
2439 3860 2577 3913 forte
2612 3859 2736 3928 quia
2769 3859 2909 3910 viam
2940 3857 3007 3910 ad
3038 3857 3229 3910 malum
3274 3855 3581 3910 tendentem
3609 3866 3781 3910 Secta-

2192 3951 2408 4005 bantur.
2441 3950 2550 4004 Cur
2576 3959 2896 4019 potestatem
2931 3963 3037 4001 non
3079 3948 3275 4016 accipit
3305 3948 3425 4000 illos
3460 3947 3654 4000 ibidem
3682 3962 3778 4016 pu-

2193 4043 2409 4108 niendi,
2476 4043 2569 4096 sed
2626 4041 3019 4111 Jcrosolymam
3068 4040 3254 4095 ducit?
3304 4039 3372 4094 Ut
3424 4054 3547 4092 cum
3601 4040 3776 4108 majori

2194 4143 2457 4203 potestate
2512 4133 2621 4187 illic
2666 4132 2991 4202 supplicium
3039 4131 3390 4200 intligeretur.
3451 4132 3513 4185 Et
3562 4132 3695 4197 vide,
3726 4133 3774 4184 in

2192 4238 2453 4297 quantutn
2480 4242 2540 4280 se
2583 4226 2877 4295 periculum
2909 4224 3194 4292 conjiciat;
3239 4232 3475 4277 attamen
3503 4227 3580 4277 sic
3612 4226 3775 4287 timet,

2193 4332 2263 4373 ne
2281 4317 2407 4387 quid
2435 4318 2536 4372 sibi
2568 4316 2692 4370 mali
2722 4314 2949 4369 accidat.
2976 4314 3099 4369 Ideo
3120 4331 3248 4385 ergo
3272 4317 3408 4369 alios
3428 4330 3607 4369 secum
3634 4330 3775 4369 assu-

2194 4410 2313 4475 mit,
2347 4408 2485 4464 forte
2512 4399 2624 4478 prae
2659 4417 2807 4463 metu
2840 4425 2854 4463 :
2884 4408 2967 4461 vel
2998 4409 3120 4478 quia
3174 4416 3362 4462 contra
3420 4408 3614 4461 multos
3656 4410 3774 4473 ibat,

2195 4505 2391 4559 multos
2419 4504 2631 4573 accipit,
2663 4511 2720 4556 ut
2738 4502 3015 4565 audacius,
3048 4502 3108 4555 Si
3142 4518 3271 4572 quos
3304 4502 3551 4555 inveniret
3576 4503 3698 4555 viros
3719 4519 3776 4555 ac

2194 4580 2455 4661 mulieres,
2479 4597 2670 4649 vinctos
2697 4594 2989 4665 perduceret
3008 4594 3063 4646 in
3091 4592 3398 4647 Jerusalem.
3427 4593 3665 4661 Alioquin
3688 4606 3778 4645 su-

2196 4698 2301 4742 tem
2352 4687 2466 4757 ipse
2506 4701 2601 4756 per
2631 4686 2770 4739 viam
2816 4685 3103 4739 ostendere
3159 4684 3222 4737 iis
3270 4684 3523 4738 omnibus
3548 4684 3772 4749 volebat,

2197 4790 2367 4835 totum
2391 4782 2459 4835 ab
2488 4793 2549 4834 se
2570 4778 2833 4847 proficisci
2862 4796 2875 4831 :
2900 4779 2969 4830 ita
3019 4777 3094 4830 illi
3124 4777 3257 4830 nihil
3284 4777 3386 4831 hoc
3414 4777 3683 4830 curabant.
3717 4779 3776 4831 [ut

2196 4871 2317 4925 vide
2346 4871 2495 4924 illum
2516 4868 2747 4923 antehac
2767 4869 2819 4922 in
2838 4882 3108 4922 carcerem
3130 4865 3611 4936 conjicientethili
3631 4868 3775 4936 igitur

2197 4979 2302 5018 non
2327 4963 2594 5025 valebant,
2631 4961 2716 5015 hic
2740 4975 2868 5014 vero
2892 4974 3000 5029 pra:
3024 4958 3235 5013 fervore
3262 4968 3491 5030 poterat.
3521 4959 3573 5012 5.
3595 4958 3655 5013 Et
3669 4976 3775 5013 non

2198 5058 2294 5110 iter
2333 5056 2559 5125 faceret,
2589 5053 2797 5123 contigit
2826 5061 2882 5105 ut
2935 5052 3368 5120 appropinquaret
3418 5049 3658 5103 Damasco
3688 5066 3704 5103 :
3729 5063 3772 5103 et

2197 5152 2360 5207 subito
2393 5149 2733 5220 circumfulsit
2758 5164 2872 5200 eum
2920 5146 3012 5200 tua:
3039 5147 3103 5199 de
3128 5146 3289 5208 caelo;
3336 5145 3391 5199 4.
3424 5155 3471 5198 et
3514 5145 3686 5197 cadens
3721 5145 3773 5196 in

2198 5251 2387 5295 terram
2415 5239 2607 5292 audivit
2637 5254 2805 5292 vocem
2827 5237 3074 5292 dicentem
3095 5236 3191 5291 sibi
3213 5252 3232 5289 :
3262 5235 3441 5299 Saule,
3468 5234 3638 5299 Saule,
3659 5235 3773 5304 quid

2196 5350 2279 5387 me
2328 5332 2639 5404 persequeris
2654 5332 2680 5385 ?

2274 5426 2330 5480 5.
2371 5425 2481 5480 Cur
2522 5422 2627 5479 non
2658 5422 3012 5494 Jerosolymis
3040 5421 3063 5475 ?
3092 5436 3191 5475 cur
3221 5435 3327 5474 non
3360 5418 3598 5474 Damasci
3628 5418 3673 5472 id
3702 5417 3772 5472 fa.

2200 5528 2343 5573 ctum
2386 5517 2516 5572 est?
2548 5516 2616 5572 Ut
2659 5532 2766 5570 non
2798 5524 3021 5586 possent
3060 5514 3149 5567 alii
3183 5513 3312 5568 illud
3343 5514 3500 5568 aliter
3528 5525 3769 5576 narrare;

2200 5621 2255 5665 et
2298 5618 2355 5663 ut
2392 5610 2528 5679 ipse,
2578 5608 2669 5678 qui
2704 5609 2790 5662 illa
2832 5606 2900 5662 de
2930 5620 3091 5661 causa
3125 5605 3365 5671 abierat,
3400 5602 3655 5658 narrando
3678 5601 3773 5657 ﬁde

2202 5701 2397 5771 dignus
2429 5710 2595 5755 esset.
2648 5700 2760 5754 lloc
2803 5715 2932 5768 ergo
2962 5697 3125 5763 dicit,
3170 5711 3289 5751 cum
3336 5695 3475 5766 apud
3508 5694 3766 5763 Agrippam

2205 5810 2328 5850 sese
2370 5794 2633 5850 defendit.
2662 5793 2895 5849 Laborat
2922 5801 3101 5847 autem
3132 5790 3324 5857 oculis,
3369 5790 3489 5860 quia
3512 5788 3660 5843 nimia
3686 5785 3765 5841 lus
