3946 6428
200 416 289 473 153
1151 411 1218 467 IN
1256 408 1435 467 ACTA
1479 403 2005 462 APOSTOLORUM.
2050 407 2299 467 "OM"...
2327 411 2464 469 XIX.

196 530 375 585 ledere
415 527 607 593 solet;
645 542 946 585 mensuram
990 526 1132 582 enim
1172 540 1326 582 suam
1370 524 1567 578 habent
1607 520 1767 576 oculi.

198 620 381 676 Dicitur
406 618 586 674 etiam
629 619 775 675 vocis
815 628 871 674 et
904 619 1024 676 soni
1050 618 1448 675 vehementiam
1478 615 1670 671 surdos
1697 613 1780 667 la—

205 729 303 770 cere
320 721 371 766 et
386 713 683 769 attonitos.
705 711 809 768 Sed
829 712 970 768 hunc
993 711 1283 768 excaecat-it
1306 722 1529 775 tantum,
1557 719 1612 764 et
1633 715 1781 763 metu

213 806 412 861 litarem
440 805 570 875 ejus
602 806 875 870 exstinxit,
896 806 967 860 ita
990 815 1049 860 ut
1072 805 1189 860 haec
1214 804 1305 860 ille
1326 802 1537 857 audiret
1564 800 1775 865 :Saule,

219 898 356 963 Sale,
385 897 517 967 quid
550 915 636 953 tne
657 898 966 969 persequeris
995 899 1020 954 ?
1043 898 1158 954 Non
1185 898 1316 952 dicit
1344 897 1441 960 illi,
1460 894 1651 959 Crede,
1686 907 1782 947 ne-

219 1006 292 1061 que
325 990 504 1045 simile
546 990 867 1061 quidpiam;
902 991 998 1046 sed
1042 991 1275 1046 incusat.
1326 988 1452 1044 Herc
1494 986 1608 1042 fere
1650 986 1782 1042 dicit

218 1084 368 1153 quibus
392 1083 546 1138 illum
584 1083 793 1138 incusat
824 1104 839 1140 :
869 1083 1008 1152 Quid
1030 1124 1045 1148 ,
1077 1085 1157 1138 vel
1187 1097 1378 1153 parum
1416 1080 1502 1137 vel
1526 1079 1776 1143 unitum,

216 1189 237 1225 ι
255 1189 323 1230 rue
343 1173 525 1237 lzesus,
556 1172 664 1229 hoc
689 1174 805 1244 agis
828 1173 853 1228 ?
880 1173 1024 1229 Dixit
1048 1182 1236 1235 autem,
1253 1172 1380 1242 Quis
1399 1188 1474 1238 es,
1505 1168 1724 1226 Domine
1753 1171 1780 1224 .9

215 1266 395 1321 lnterim
419 1281 480 1322 se
498 1266 793 1322 conﬁtetur
826 1283 1065 1323 servum.
1096 1267 1355 1323 Dominus
1379 1274 1559 1322 autem
1605 1265 1774 1323 dixit:

212 1358 305 1432 Ego
335 1377 441 1416 sunt
475 1359 659 1428 Jesus,
704 1377 853 1429 quem
884 1370 939 1415 tu
965 1361 1298 1433 persequeris.
1336 1360 1416 1416 Ac
1455 1359 1501 1414 si
1527 1358 1727 1413 diceret
1759 1373 1776 1413 :

211 1452 279 1508 Nc
301 1462 438 1523 putes
462 1452 557 1507 tibi
586 1466 717 1508 cum
745 1452 1050 1509 hominibus
1078 1466 1200 1508 esse
1223 1460 1521 1508 certamen.
1553 1449 1655 1518 Qui
1678 1465 1777 1504 an-

217 1556 314 1600 tem
341 1559 449 1600 eum
474 1545 561 1607 illo
602 1554 764 1601 erant
780 1586 795 1608 ,
820 1561 1007 1602 vocem
1033 1546 1249 1617 quidem
1292 1544 1442 1601 Pauli
1468 1545 1775 1610 audierunt,

228 1638 461 1694 neminem
483 1647 666 1693 autem
700 1638 971 1703 viderunt,
1012 1638 1080 1693 ad
1112 1653 1272 1710 quem
1312 1636 1684 1707 responderet.
1712 1638 1780 1693 Et

232 1730 330 1797 jure
357 1730 517 1785 merito
549 1748 563 1784 :
608 1746 789 1786 rerum
817 1747 1050 1801 namque
1079 1732 1348 1787 minorum
1378 1731 1500 1786 illos
1531 1731 1655 1786 fecit
1683 1744 1779 1785 au-

232 1824 404 1878 ditores.
440 1822 575 1879 Nam
625 1825 672 1879 si
713 1840 903 1881 vocem
950 1825 1094 1881 illam
1133 1825 1447 1890 audissent,
1478 1839 1653 1895 neque
1699 1824 1778 1880 sic

220 1916 529 1972 crelidissent
556 1936 571 1972 :
603 1917 829 1973 Paulum
862 1927 1039 1974 autem
1064 1917 1309 1974 videntes
1335 1918 1774 1988 reSpondentem,

212 2011 524 2067 mirabantur.
568 2011 682 2068 Sed
710 2012 760 2066 7.
791 2011 989 2083 Surge,
1033 2023 1081 2067 et
1121 2011 1389 2083 ingredere
1417 2011 1699 2076 civitatem,
1728 2019 1777 2064 et

206 2102 370 2155 dicetur
408 2104 497 2156 tibi
534 2104 668 2175 quid
709 2113 756 2158 te
801 2115 1031 2175 aper-teat
1074 2105 1264 2175 facere.
1301 2103 1458 2168 Vide,
1504 2102 1777 2174 quomodo

205 2211 291 2249 non
317 2194 489 2250 statim
518 2195 709 2252 omnia
746 2195 846 2266 ipsi
873 2196 1103 2263 revelet,
1131 2196 1233 2252 sed
1262 2196 1412 2266 prius
1440 2204 1647 2251 tantum
1673 2195 1777 2249 mi-

203 2285 313 2355 tiget
330 2286 566 2341 animam
600 2288 741 2357 ejus,
768 2298 825 2344 et
851 2303 946 2358 per
969 2302 1054 2353 ea,
1080 2303 1204 2358 qum
1220 2287 1375 2359 jubet
1403 2288 1553 2343 illum
1574 2286 1771 2352 facere,

202 2377 355 2431 statim
381 2391 537 2448 spem
561 2378 766 2434 bonam
798 2379 954 2447 indit,
977 2380 1120 2450 quod
1149 2380 1321 2435 visum
1349 2388 1665 2450 recepturus
1683 2379 1774 2434 sit.

207 2468 298 2525 Viri
308 2481 495 2539 autem,
516 2472 614 2539 qui
633 2471 774 2528 ibant
797 2489 911 2529 cunt
931 2490 988 2529 eo
1006 2515 1022 2539 ,
1036 2473 1248 2529 stabant
1262 2474 1549 2545 stupefacti,
1566 2473 1779 2527 audien-

197 2575 257 2619 tes
277 2563 472 2635 quidem
497 2580 699 2632 uocem,
724 2557 976 2621 neminem
998 2577 1166 2621 autent
1186 2567 1430 2623 videntes.
1462 2566 1514 2622 8.
1536 2565 1778 2621 Surrexit

196 2666 341 2710 autent
360 2658 557 2713 Saulus
580 2661 646 2715 de
655 2668 809 2725 terra,
827 2660 1114 2730 apertisque
1128 2658 1288 2713 oculis
1313 2657 1441 2712 nihil
1459 2656 1677 2712 videbat.
1694 2655 1776 2710 Ad

194 2768 355 2809 manus
371 2765 545 2810 autem
569 2752 720 2810 illuni
736 2754 1010 2821 trahentes,
1027 2752 1416 2809 introduxerunt
1440 2749 1773 2807 Damascum.

196 2843 356 2914 Spolia
393 2845 604 2902 diaboli
624 2887 639 2909 ,
670 2860 797 2901 vasa
823 2845 941 2915 ejus
962 2885 978 2910 ,
1010 2844 1162 2916 quasi
1200 2853 1354 2913 capta
1379 2842 1610 2914 quadam
1640 2842 1776 2897 urbe

197 2937 269 2992 vel
310 2938 599 3009 metropoli
628 2937 997 2993 introducunt.
1029 2937 1098 2992 Et
1121 2935 1264 3007 quod
1295 2934 1492 2990 mirum
1517 2941 1641 3009 est,
1675 2933 1776 3003 ipsi

199 3028 379 3083 inimici
408 3039 465 3085 et
494 3029 688 3084 hostes
717 3028 1062 3085 introducunt
1091 3027 1242 3083 illum
1269 3026 1523 3082 erunibus
1548 3024 1777 3080 videnti-

195 3115 298 3173 bus.
326 3119 380 3175 9.
410 3119 481 3174 Et
512 3130 628 3174 erat
644 3119 801 3174 tribus
821 3119 995 3174 diebus
1024 3136 1123 3174 non
1141 3118 1335 3183 uidens,
1358 3126 1405 3171 et
1432 3133 1533 3171 non
1559 3114 1777 3169 mandu-

199 3214 309 3267 cauit
331 3231 487 3282 neque
512 3214 662 3268 bibit.
692 3214 826 3281 Quid
852 3213 978 3268 huic
1004 3213 1078 3269 rei
1109 3227 1205 3283 par
1233 3209 1393 3266 fuerit
1420 3211 1443 3265 ?
1469 3210 1776 3267 Consolatio

203 3305 302 3363 haec
325 3308 523 3363 inducti
562 3308 710 3363 Pauli
740 3316 1056 3376 compensat
1092 3322 1381 3363 maerorem
1404 3306 1474 3362 de
1502 3305 1776 3377 Stephano

204 3410 499 3471 conceptum
521 3442 538 3465 ,
578 3400 705 3455 licet
745 3399 833 3455 hic
858 3414 1008 3455 suam
1054 3399 1250 3456 habeat
1288 3399 1340 3453 iu
1370 3414 1431 3455 se
1454 3398 1778 3454 consolatio-

208 3505 343 3554 nem,
369 3491 513 3562 quod
550 3491 644 3548 ille
684 3492 765 3547 sic
805 3491 1068 3552 obiissct;
1110 3501 1165 3547 et
1193 3489 1333 3546 hanc
1369 3490 1497 3545 item
1531 3490 1770 3555 haberet,

211 3584 321 3649 Illud
356 3582 826 3640 Samaritanorum
854 3583 954 3640 vici
996 3583 1201 3641 reducti
1232 3598 1489 3653 magnum
1518 3580 1777 3639 all‘errent

213 3678 449 3733 solatium.

264 3770 355 3826 Cur
384 3771 592 3828 Paulus
611 3785 724 3842 post
749 3772 936 3827 Christi
955 3772 1370 3826 resurrectionem
1393 3785 1662 3825 conversus
1688 3768 1775 3826 sit.

208 3866 342 3920 —Et
374 3879 492 3926 cur.
517 3865 767 3935 inquies,
801 3881 906 3919 non
937 3865 1005 3920 ab
1048 3864 1202 3919 initio
1234 3863 1287 3919 id
1319 3862 1520 3918 factum
1545 3870 1652 3927 est,
1680 3860 1775 3916 sed

212 3959 411 4022 postea?
470 3958 546 4016 Ut
592 3957 1000 4021 ostenderetur,
1041 3971 1168 4012 vere
1205 3954 1481 4012 Christum
1528 3968 1779 4010 resurre-

213 4049 350 4106 xisse.
394 4050 498 4119 Qui
542 4050 691 4105 enim
722 4049 1145 4120 persequebatur
1172 4048 1321 4104 illum
1346 4089 1362 4113 ,
1392 4062 1493 4107 nec
1521 4045 1777 4102 credebat

214 4139 333 4197 illius
359 4152 592 4198 mortem
617 4157 680 4198 ac
712 4143 1162 4198 resurrectionem
1179 4183 1196 4207 ,
1221 4141 1314 4212 qui
1340 4140 1635 4211 discipulos
1658 4139 1777 4210 ejus

216 4234 634 4305 lersequcbatur.
664 4232 824 4299 unde,
846 4248 1051 4304 quaeso,
1081 4232 1417 4296 credidisset,
1451 4231 1556 4287 nisi
1583 4244 1777 4301 magna

218 4324 375 4382 luisset
403 4326 659 4381 Crueilixi
690 4326 901 4381 virtus?
927 4325 1059 4380 Esto
1083 4368 1097 4391 ,
1131 4325 1208 4380 illi
1238 4324 1338 4394 ipsi
1369 4324 1780 4394 obtemperave-

218 4415 308 4469 rint
328 4457 341 4478 ,
368 4418 489 4488 quid
533 4416 605 4472 ad
635 4417 779 4473 hunc
816 4417 962 4473 dices
989 4417 1013 4471 ?
1043 4417 1293 4488 Alioquin
1335 4432 1464 4471 vero
1494 4415 1616 4470 ideo
1656 4423 1779 4484 post

223 4513 642 4567 resurrectionem
690 4512 937 4579 accessit,
984 4527 1157 4582 neque
1185 4511 1402 4577 statim,
1439 4520 1499 4565 ut
1545 4509 1776 4565 manife-

226 4599 338 4654 stius
368 4603 527 4670 ipsius
556 4603 758 4659 bellum
783 4603 1043 4658 videatur.
1070 4603 1203 4658 Nam
1237 4604 1327 4674 qui
1365 4603 1445 4658 sic
1470 4603 1684 4668 insanit,
1716 4610 1780 4657 ut

232 4700 276 4743 et
293 4695 585 4765 sanguinem
611 4694 870 4762 ell'undat,
897 4698 1033 4751 etin
1060 4711 1332 4751 carcerem
1359 4695 1632 4765 conjiciat,
1663 4703 1779 4750 sta-

242 4786 312 4841 tim
342 4793 519 4848 credit.
566 4793 683 4848 Non
728 4793 859 4848 satis
900 4801 1045 4857 erat,
1089 4791 1231 4864 quod
1274 4806 1396 4846 cum
1427 4790 1645 4846 Christo
1670 4804 1779 4843 non

252 4876 407 4950 luisset,
446 4888 540 4942 sed
571 4886 804 4957 oportuit
831 4896 887 4941 ut
931 4871 1114 4942 ﬁdeles
1141 4885 1329 4941 abillo
1370 4884 1576 4941 fortiter
1601 4883 1778 4953 impu-

256 4982 499 5037 Euarcntur.
526 4980 744 5037 Nullum
777 4996 882 5036 non
913 4980 1144 5036 furorem
1174 4989 1321 5036 retro
1346 4979 1636 5051 relinquit;
1662 4993 1779 5034 om-

258 5064 382 5122 nibus
410 5070 480 5129 bic
522 5074 703 5129 acrior
742 5082 875 5130 erat.
921 5074 1053 5129 Cum
1091 5084 1269 5129 autem
1312 5083 1613 5130 excaecatus
1660 5072 1780 5138 fuit,

252 5162 357 5213 tunc
378 5161 731 5224 dominationis
752 5167 1126 5227 etclemcntize
1152 5166 1271 5238 ejus
1294 5166 1490 5222 indicia
1516 5166 1735 5236 agnovit
1763 5182 1778 5220 :

242 5252 314 5305 vel
335 5256 493 5328 etiam,
514 5276 586 5316 ne
607 5261 728 5333 quis
751 5260 955 5318 diceret
976 5261 1151 5332 ipsum
1168 5259 1469 5317 simulasse.
1497 5259 1783 5329 Quomodo

235 5346 376 5415 enim,
413 5354 500 5423 qui
544 5357 858 5426 sanguinem
893 5354 1211 5425 expetierat.
1243 5353 1334 5423 qui
1374 5351 1444 5408 ad
1472 5350 1783 5409 sacerdotes

235 5452 531 5514 accesserat,
561 5448 650 5518 qui
678 5448 731 5502 in
757 5446 992 5517 pericula
1015 5461 1077 5503 se
1103 5444 1454 5516 conjiciebat,
1485 5444 1576 5515 qui
1602 5453 1784 5499 exter-

238 5542 319 5583 nos
340 5535 486 5591 etiam
510 5538 739 5607 pellebat
762 5549 818 5595 et
837 5539 1109 5608 puniebat,
1136 5537 1475 5594 simulasset‘l
1503 5537 1600 5593 llic
1620 5536 1784 5607 igitur

238 5634 340 5687 post
360 5623 469 5683 hac
492 5633 666 5687 omnia
692 5631 1112 5688 dominationem
1136 5631 1444 5688 conﬁtetur.
1466 5629 1576 5691 Cur
1601 5637 1783 5685 autem

240 5726 326 5769 non
361 5718 490 5775 intra
528 5723 693 5793 ipsam
724 5724 907 5780 urbem
949 5723 1038 5779 lux
1072 5724 1218 5779 illum
1254 5720 1645 5787 circumfulsit,
1684 5720 1783 5778 sed

241 5816 344 5862 ante
380 5810 548 5869 illam?
586 5814 901 5883 Quia'multi
938 5831 1044 5873 non
1086 5815 1473 5881 credidissent,
1506 5815 1615 5868 imo
1643 5811 1785 5869 forte

246 5896 476 5971 risissent,
502 5904 920 5979 quandoquidem
946 5917 1001 5965 et
1018 5923 1200 5987 supra,
1232 5909 1482 5965 emissam
1506 5906 1785 5966 audientes

3379 436 3480 493 154

1893 535 2078 577 vocem
2106 525 2372 589 dicebant,
2398 529 2637 586 Tront'tru
2660 551 2730 589 est
2756 537 2933 604 (Joan.
2965 539 3046 593 l2.
3078 542 3170 613 29)
3201 564 3215 601 :
3247 546 3335 605 hic
3357 566 3484 608 vero

1892 612 1995 669 fide
2020 616 2212 685 dignus
2231 632 2347 676 erat
2361 623 2490 678 dum
2508 628 2741 684 maxime
2759 644 2857 687 sua
2881 612 3172 694 nuntiaret.
3199 640 3267 696 Et
3290 644 3484 714 ligatus

1892 704 2227 766 introductus
2256 724 2360 780 est,
2394 732 2500 771 non
2528 719 2753 775 vinculis
2784 724 3080 795 impositis;
3114 742 3169 786 et
3197 704 3487 795 trahebant

1891 796 2061 866 illum,
2088 803 2177 870 qui
2199 819 2258 859 se
2273 804 2409 861 alios
2433 818 2724 868 tracturum
2738 819 3018 883 sperabat.
3041 821 3150 877 Cur
3169 834 3348 881 autem
3374 846 3482 885 non

1891 894 2232 952 manducavit
2264 915 2439 972 neque
2476 905 2640 959 bihit?
2665 908 2770 963 Sua
2801 923 2948 981 gesta
2975 916 3283 985 daumahat,
3314 924 3486 978 ι-ιιι.ῐί-
3532 952 3535 953 ν

1892 986 2120 1083 tebatur,
2152 994 2372 1061 orabat,
2404 999 2628 1067 rogabat
2668 1002 2857 1060 Deum.
2885 1006 2940 1062 Si
2972 1023 3100 1064 vero
3138 1013 3259 1083 quis
3286 1016 3505 1074 dixerit

1889 1080 1993 1138 hoc
2012 1100 2079 1139 ex
2110 1090 2431 1146 necessitate
2468 1092 2637 1151 fuisse
2666 1095 2812 1170 (nam
2839 1110 2895 1155 et
2920 1080 3273 1175 Elymashoc
3306 1109 3481 1181 ipsum

1889 1187 2079 1263 passus
2105 1186 2189 1271 est
2213 1179 2349 1252 [Aet.
2382 1182 2473 1257 15]
2501 1187 2544 1256 ),
2570 1190 3018 1257 respondebimus
3044 1214 3057 1248 :
3089 1196 3265 1254 Etiam
3290 1179 3482 1271 passus

1887 1278 1970 1322 est
1990 1310 2004 1331 ,
2035 1270 2128 1325 sed
2152 1275 2370 1340 mansit,
2393 1287 2450 1331 ut
2469 1287 2606 1333 erat.
2631 1280 2911 1349 Quomodo
2936 1286 3098 1358 igitur
3126 1306 3231 1345 non
3263 1270 3486 1351 coactus

1887 1364 2005 1416 est?
2035 1362 2238 1435 Ecquid
2263 1369 2433 1439 magis
2452 1384 2647 1441 cogere
2677 1385 2901 1444 poterat,
2933 1395 3092 1449 quam
3120 1391 3277 1439 terrae
3304 1398 3483 1444 motus

1874 1453 1941 1508 lin
1969 1458 2365 1516 resurrectione
2392 1460 2567 1518 factus
2590 1506 2605 1530 ,
2635 1466 2767 1535 ipsis
2799 1469 3059 1529 militibus
3089 1477 3478 1545 nuntiantibus,

1886 1545 2005 1600 aliis
2031 1549 2252 1615 patratis
2282 1553 2461 1622 signis
2483 1595 2498 1619 ,
2540 1557 2681 1625 quod
2711 1559 2885 1629 ipsum
2926 1566 3291 1624 rcsurrexisse
3328 1570 3482 1625 vidc-

1888 1640 2047 1694 rent?
2076 1644 2147 1695 At
2175 1658 2281 1697 non
2315 1646 2402 1700 illa
2430 1650 3115 1720 neceSsitatem‘inducunt,
3139 1660 3232 1714 sed
3262 1660 3479 1720 docent.

1886 1729 1994 1785 Cur
2030 1731 2201 1787 Judaei
2245 1735 2360 1791 haec
2393 1739 2673 1796 audientes
2711 1758 2818 1799 non
2864 1747 3254 1806 crediderunt?
3298 1752 3480 1808 Palam

1886 1836 2022 1881 erat.
2055 1824 2202 1879 illum
2238 1843 2366 1883 vera
2392 1830 2595 1888 dicere.
2620 1833 2807 1905 Neque
2832 1839 2976 1893 enim
3004 1851 3241 1897 mutatus
3268 1843 3478 1913 fuisset,

1886 1917 1988 1971 nisi
2012 1916 2115 1973 hoc
2131 1921 2426 1988 evenisset;
2459 1934 2615 1996 atque
2633 1927 2704 1983 ita
2727 1944 2916 1986 omnes
2937 1934 3157 1990 credere
3176 1939 3478 2007 Oportebat.

1885 2009 2000 2065 Non
2028 2012 2205 2068 minor
2231 2025 2348 2069 erat
2375 2015 2462 2083 iis,
2488 2019 2579 2088 qui
2600 2023 3054 2081 resurrectionem
3082 2027 3198 2097 ejus
3223 2029 3485 2099 praedica-

1886 2102 2046 2166 bant,
2080 2104 2188 2160 imo
2234 2105 2338 2163 fide
2363 2106 2575 2179 dignior
2609 2113 2696 2182 qui
2725 2125 2951 2183 repente
2979 2132 3270 2175 conversus
3310 2133 3501 2180 esset.

1883 2192 1999 2249 Non
2027 2210 2148 2251 cum
2187 2198 2342 2255 lidele
2367 2204 2616 2272 quopiam
2646 2216 2891 2263 versatus
2930 2208 3143 2279 fuerat,
3173 2213 3270 2269 sed
3296 2215 3347 2268 in
3381 2216 3484 2269 Da-

1886 2302 2068 2345 masco
2086 2305 2381 2349 conversus
2398 2306 2503 2358 est,
2528 2297 2635 2352 imo
2654 2308 2778 2356 ante
2803 2301 3122 2360 Damascum
3148 2306 3247 2363 hoc
3263 2310 3479 2366 accidit.

1887 2381 2159 2455 Interrogo
2185 2385 2426 2443 Judaeum
2453 2408 2466 2444 :
2496 2390 2669 2458 Unde,
2698 2409 2901 2464 quaeso,
2929 2412 3220 2457 conversus
3235 2413 3318 2458 est
3344 2404 3481 2459 Pau-

1885 2476 2005 2530 lus?
2036 2477 2139 2533 Tot
2170 2480 2330 2551 sigua
2360 2482 2525 2549 vidit,
2559 2495 2614 2540 et
2657 2501 2954 2544 conversus
2985 2508 3091 2546 non
3125 2503 3211 2549 est
3246 2511 3258 2547 :
3290 2494 3483 2552 doctor

1882 2566 2001 2636 ejus
2019 2576 2254 2626 mutatus
2269 2582 2353 2628 est
2372 2572 2452 2647 (a)
2471 2614 2487 2639 ,
2519 2587 2575 2630 et
2600 2575 2687 2631 hic
2713 2589 2950 2636 mutatus
2976 2599 3083 2637 non
3114 2593 3199 2640 est
3222 2587 3373 2656 :quis
3402 2587 3475 2642 illi

1889 2664 2173 2729 persuasit,
2204 2666 2313 2719 imo
2340 2668 2459 2735 quis
2483 2667 2557 2721 illi
2586 2677 2791 2725 tantum
2822 2683 3043 2740 repente
3071 2676 3289 2731 immisit
3315 2679 3479 2732 ardo—

1884 2770 2025 2821 rem,
2050 2767 2108 2810 ut
2126 2758 2412 2814 anathema
2434 2773 2533 2830 pro
2554 2759 2773 2818 Christo
2792 2763 2906 2819 fleri
2929 2766 3173 2836 optaret?
3198 2767 3476 2825 Manifesta

1882 2859 1966 2904 est
1996 2865 2175 2905 rerum
2203 2853 2422 2908 veritas.
2452 2854 2559 2910 Sed
2579 2896 2593 2919 ,
2629 2864 2686 2910 ut
2719 2857 2831 2927 jam
2861 2857 3007 2926 dixi,
3056 2861 3270 2916 interim
3301 2877 3477 2918 eunu-

1881 2941 2041 2995 chum
2088 2943 2328 3000 videntes
2376 2945 2731 3002 illuminatum
2779 2958 2836 3005 et
2874 2950 3139 3021 legentem
3182 2953 3476 3010 erubescu-

1884 3047 2024 3089 mus.
2057 3035 2260 3091 Videtis
2283 3079 2299 3103 ,
2342 3039 2395 3093 in
2422 3051 2623 3109 quanta
2655 3044 2911 3111 potentia,
2946 3044 2997 3098 in
3024 3046 3241 3116 quantis
3276 3047 3478 3105 divitiis

1882 3139 2209 3196 versaretur,
2241 3146 2305 3186 ac
2342 3148 2516 3202 neque
2553 3135 2604 3188 in
2642 3136 2723 3187 via
2754 3137 3109 3207 quiescebat?
3134 3138 3320 3208 Qualis
3347 3154 3478 3211 ergo
3504 3138 3505 3143 “
3533 3159 3536 3163 '

1881 3232 1997 3278 erat
2020 3222 2186 3288 domi,
2208 3226 2300 3298 qui
2325 3241 2394 3282 ue
2414 3228 2468 3283 in
2496 3228 2580 3282 via
2603 3228 2821 3297 quidem
2843 3231 3143 3287 otiarctur?
3167 3232 3339 3303 qualis
3360 3242 3481 3289 erat

1884 3314 1936 3369 in
1966 3317 2169 3372 nocte?
3046 3338 3050 3347 '

1954 3408 2009 3462 4.
2040 3406 2313 3481 Quotquot
2338 3410 2390 3466 in
2421 3411 2770 3482 dignitatibus
2796 3416 2956 3477 estis.
2988 3417 3190 3483 audite,
3220 3425 3277 3474 et
3305 3419 3481 3473 imite-

1882 3500 2013 3555 mini
2045 3501 2401 3558 humilitatem
2436 3513 2492 3558 et
2520 3505 2789 3574 pietatem.
2829 3508 2938 3561 Etsi
2977 3508 3196 3564 domum
3235 3520 3480 3566 reverte-

1883 3602 2050 3656 retur,
2084 3608 2190 3647 nou
2231 3593 2444 3649 dicebat
2480 3594 2618 3649 intra
2650 3598 3041 3665 semetipsum:
3072 3598 3256 3655 Redeo
3295 3601 3347 3655 in
3379 3616 3481 3671 pa-

1884 3686 2078 3751 triam,
2123 3685 2193 3740 ibi
2241 3686 2455 3741 lavacro
2499 3696 2644 3755 utar;
2688 3697 2747 3743 ut
2785 3700 2910 3743 sunt
2949 3688 3140 3761 frigida
3186 3692 3478 3748 mullorum

1883 3779 2067 3833 verba.
2102 3777 2216 3833 Non
2243 3794 2380 3848 opus
2398 3778 2583 3835 habuit
2605 3783 2774 3852 signis
2801 3799 2900 3837 nec
2929 3785 3200 3840 miraculis
3228 3803 3241 3839 :
3275 3800 3337 3842 ex
3363 3786 3480 3841 solo

1884 3870 2142 3941 propheta
2187 3872 2437 3928 credidit.
2473 3873 2678 3930 Idcirco
2705 3877 2940 3947 seipsum
2972 3877 3215 3947 deplorat
3247 3878 3441 3934 [‘aulus
3461 3921 3477 3943 ,

1882 3965 2069 4020 dicens
2093 3984 2107 4020 :
2140 3966 2248 4021 Sed
2275 3967 2675 4024 misericordiam
2705 3969 2802 4025 Dei
2829 3983 3162 4041 consequutus
3198 3991 3330 4043 sum,
3361 3974 3483 4044 quia

1882 4059 2126 4128 ignorans
2154 4060 2252 4131 feci
2272 4061 2329 4114 in
2355 4061 2744 4130 incredulitate,
2772 4073 2821 4118 et
2848 4073 2901 4117 ut
2926 4066 2979 4117 in
3013 4080 3091 4118 me
3121 4066 3286 4135 primo
3311 4076 3479 4121 osten~
3506 4076 3511 4083 '

1884 4150 2023 4206 deret
2045 4150 2198 4205 Iesus
2224 4150 2454 4207 Christus
2477 4169 2677 4207 omnem
2707 4156 3004 4224 patientiam
3032 4155 3110 4225 (l.
3142 4155 3275 4209 Tim.
3304 4157 3358 4212 1.
3388 4157 3480 4213 l3.

1886 4242 2001 4314 16).
2035 4244 2237 4316 Dignus
2262 4257 2413 4301 certe
2437 4242 2794 4303 admiratidhe
2817 4259 2901 4302 est
2927 4249 3014 4303 hic
3035 4249 3336 4305 eunuchus.
3364 4249 3483 4306 Non
3506 4254 3511 4261 ‘

1886 4337 2017 4390 vidit
2040 4336 2336 4401 Christum,
2367 4353 2474 4393 non
2506 4339 2637 4393 vidit
2655 4340 2865 4411 signum
2891 4357 2906 4393 :
2939 4340 3115 4395 adhuc
3140 4349 3371 4396 stantem
3393 4338 3484 4397 Je-

1884 4429 2210 4500 rosolymam
2239 4429 2479 4496 videbat,
2510 4439 2565 4485 et
2591 4430 2846 4486 credebat
2872 4431 3137 4501 Philippo.
3172 4429 3327 4488 Unde
3353 4447 3485 4501 ergo

1887 4522 2009 4576 talis
2035 4522 2259 4577 ell'ectus
2281 4523 2405 4578 est?
2430 4524 2668 4579 Sollicita
2701 4534 2818 4579 erat
2841 4525 3017 4579 anima
3046 4525 3211 4593 illius,
3238 4525 3485 4581 attende-

1888 4615 1979 4669 bat
2005 4615 2318 4686 Scripturis,
2351 4616 2671 4672 lutionihus
2700 4632 2921 4687 operam
2945 4618 3127 4673 dabat.
3158 4619 3318 4687 Atqui
3345 4617 3486 4673 latro

1889 4707 2018 4761 vidit
2042 4707 2215 4776 signa,
2247 4718 2303 4763 et
2328 4708 2465 4779 iungi
2493 4708 2737 4773 stellam;
2772 4709 2859 4764 hic
2884 4723 3014 4764 vero
3039 4709 3169 4764 nihil
3198 4709 3308 4765 tale
3327 4708 3482 4778 vidit,

1887 4809 1943 4854 et
1970 4798 2200 4855 credidit
2230 4815 2245 4855 :
2274 4814 2445 4867 usque
2474 4800 2611 4855 adeo
2647 4801 2792 4855 utilis
2834 4809 2919 4856 est
2959 4798 3361 4871 Scripturarum
3407 4800 3487 4856 lc-

1887 4890 2015 4944 ctio.
2037 4889 2176 4957 Quid
2194 4904 2296 4960 ego
2318 4890 2552 4945 Paulus?
2572 4905 2751 4945 annon
2773 4892 2946 4962 legem
2970 4892 3358 4948 meditabatur?
3377 4892 3486 4949 Sed

1889 4983 2020 5038 mihi
2048 4983 2261 5040 videtur
2291 4984 2378 5040 hic
2400 4986 2648 5040 consulto
2676 4994 2983 5041 reservatus
3005 5001 3126 5042 esse
3150 4996 3371 5058 propter
3397 5003 3500 5055 en,-

1889 5090 2011 5146 qua:
2037 5075 2188 5146 prius
2215 5075 2349 5141 dixi,
2380 5075 2523 5145 quod
2553 5076 2787 5145 undique
2813 5077 2973 5131 vellet
2996 5077 3214 5135 Judtcos
3234 5078 3484 5134 Christus

1890 5166 2182 5223 attrahere.
2206 5165 2339 5222 Nam
2357 5167 2401 5222 si
2422 5178 2604 5223 mente
2619 5169 2932 5233 valuissent,
2953 5168 3087 5223 nihil
3103 5169 3235 5240 ipsis
3260 5166 3486 5239 perinde

1890 5268 2051 5331 atque
2072 5258 2179 5315 hoc
2209 5260 2339 5315 utile
2371 5260 2583 5315 fuisset.
2614 5260 2727 5315 Hoc
2746 5262 2889 5316 enim
2921 5261 3041 5331 plus
3068 5276 3227 5330 quam
3257 5260 3406 5330 signa
3427 5268 3486 5314 et

1891 5351 1993 5405 alia
2038 5351 2218 5406 omnia
2266 5361 2483 5421 poterat
2522 5351 2649 5407 illos
2684 5353 2997 5409 attrahere:
3030 5350 3484 5422 quemadmodum

1893 5442 2025 5499 nihil
2054 5441 2128 5499 ita
2151 5443 2290 5500 solet
2314 5442 2668 5500 crassioride
2691 5442 3016 5500 oll‘endiculo
3043 5457 3183 5499 esse.
3215 5440 3352 5497 Vide
3376 5441 3482 5496 ita-

1891 5554 1998 5609 que
2032 5548 2153 5608 post
2189 5539 2584 5608 dispersionem
2622 5539 2991 5609 apostolorum
3022 5540 3186 5594 Deum
3215 5536 3381 5593 edere
3409 5540 3487 5590 si-

1888 5644 2017 5700 gna.
2048 5628 2483 5686 Criminabantur
2511 5628 2682 5685 Judaei
2711 5630 3006 5701 apostolos,
3035 5628 3397 5700 conjiciebant
3424 5631 3479 5685 in

1956 5789 2029 5851 (a)
2056 5787 2242 5862 Doctor
2276 5786 2406 5837 Pauli
2432 5784 2681 5862 Gamaliel
2691 5792 2916 5862 multatus
2924 5783 3078 5862 luisse
3098 5786 3292 5862 dicitur.
3315 5796 3372 5862 ut
3386 5802 3484 5862 pu-

1893 5846 2099 5920 to,'quia
2121 5848 2320 5920 2Iudaeos
2341 5851 2598 5910 repressit,
2623 5860 2698 5920 ne.
2715 5846 3080 5920 in_Chri_s_tianos
3100 5853 3349 5911 saevirent,
3369 5846 3482 5899 dum

1893 5909 2068 5966 Paulus
2088 5912 2198 5976 plus
2220 5924 2368 5976 quam
2389 5909 2563 5962 Omnes
2584 5911 2784 5962 saeviret
2807 5910 2857 5962 in
2879 5909 3006 5965 illos.
