3946 6414
399 393 504 450 155

395 521 670 565 carcerem
697 527 712 565 :
738 504 955 562 demum
986 506 1128 562 Deus
1151 507 1409 562 miracula
1436 508 1564 562 edit.
1599 508 1661 562 Et
1690 505 1982 577 quomodo,

397 599 540 654 vide.
569 597 813 653 Educere
838 612 903 652 ex
925 611 1164 666 carcere,
1186 597 1304 668 ejus
1323 599 1535 669 signum
1558 609 1673 653 erat
1693 616 1708 664 ;
1739 598 1989 652 inducere

399 691 732 760 Philippum,
765 688 884 758 ejus
928 690 1141 760 signum
1171 700 1319 758 erat;
1353 691 1574 744 Paulum
1604 691 1830 751 adduci.
1870 691 1990 758 ejus

396 787 606 858 signum
637 793 785 847 erat;
818 783 1054 854 seipsum
1085 781 1360 853 Stephano
1396 784 1714 849 ostendere,
1756 785 1874 852 ejus
1912 784 1990 837 si-

396 894 559 949 gnum
576 886 716 934 erat.
739 878 808 934 Et
827 877 1128 940 considera.
1157 877 1425 949 quomodo
1451 877 1650 932 Paulus
1675 877 1986 939 lionoretur,

396 969 668 1041 quomodo
704 969 1005 1025 eunuchus.
1038 968 1135 1025 llic
1175 970 1418 1024 Christus
1455 979 1698 1039 apparet,
1743 968 1880 1024 forte
1919 968 1990 1021 ob

395 1063 650 1118 duritiem
668 1104 685 1129 ,
713 1064 837 1134 quia
869 1063 974 1119 alio
1005 1063 1167 1119 modo
1189 1079 1294 1118 non
1323 1078 1611 1133 persuasus
1635 1073 1799 1118 esset.
1827 1061 1880 1115 In
1906 1061 1990 1115 his

397 1172 496 1214 nos
523 1172 740 1229 quoque
768 1156 1042 1212 miraculis
1066 1166 1371 1223 versantes,
1403 1171 1503 1211 nos
1523 1156 1715 1224 dignos
1733 1155 1990 1210 exhibea-

399 1265 538 1307 mus.
575 1251 722 1306 Multi
751 1265 924 1314 nunc,
954 1249 1117 1305 etiam
1149 1249 1200 1304 in
1228 1249 1510 1305 ecclesiam
1545 1247 1768 1318 ingressi
1791 1288 1805 1312 ,
1840 1248 1990 1316 igno-

395 1353 519 1398 rant
543 1359 663 1414 qum
691 1342 981 1399 dicuntur:
1012 1341 1292 1398 eunuchus
1317 1349 1494 1396 autem
1523 1349 1578 1396 et
1602 1342 1654 1395 in
1681 1338 1820 1406 loro,
1849 1349 1903 1394 et
1933 1339 1988 1393 in

391 1450 558 1490 ctirru
591 1446 776 1490 vectus
797 1477 814 1498 ,
849 1435 1068 1491 lectioni
1099 1435 1494 1504 Scripturarum
1525 1433 1852 1488 attendebat.
1883 1432 1988 1488 Sed

399 1542 498 1579 γης
526 1543 631 1582 nou
663 1528 788 1583 item
815 1544 826 1580 :
857 1543 1016 1582 nemo
1037 1528 1178 1581 enim
1203 1536 1436 1582 vestrum
1466 1526 1656 1586 librum
1685 1541 1795 1596 pra:
1819 1526 1990 1580 mani-

396 1619 498 1674 bus
531 1619 724 1685 habet,
772 1619 866 1673 sed
898 1619 1077 1674 omnia
1110 1619 1286 1689 potius
1312 1634 1473 1688 quam
1505 1618 1720 1673 librum.
1753 1619 1859 1672 Cur
1890 1635 1987 1671 au-

401 1721 510 1766 tem
551 1726 656 1765 non
689 1711 822 1765 vidit
852 1711 1000 1765 illum
1030 1721 1154 1765 ante
1181 1710 1570 1782 Jerosolymam
1591 1751 1607 1775 ,
1646 1710 1738 1764 sed
1768 1711 1991 1780 postea?

399 1804 514 1859 Non
546 1806 822 1874 oportebat
849 1805 996 1859 illum
1030 1805 1211 1860 videre
1243 1804 1422 1874 pulsos
1445 1803 1736 1872 apostolos,
1761 1819 1827 1857 eo
1848 1803 1989 1873 quod

398 1896 577 1951 adhuc
605 1897 846 1950 inlirmus
871 1904 1014 1951 esset
1039 1914 1052 1950 :
1096 1912 1270 1967 neque
1298 1895 1348 1950 id
1374 1905 1529 1950 antea
1561 1896 1628 1949 ita
1657 1895 1814 1952 l’acile
1839 1905 1956 1950 erat
1975 1937 1989 1960 ,

400 1996 461 2042 ut
481 2003 603 2044 cum
637 1986 895 2058 propheta
928 1988 1077 2042 illum
1104 1986 1351 2043 erudivit.
1381 1985 1471 2043 Sic
1509 1996 1566 2042 et
1592 2002 1766 2052 nunc,
1797 1987 1842 2042 si
1871 1987 1992 2056 quis

399 2089 636 2136 vestrum
666 2081 780 2135 vult
820 2079 1102 2136 attendere
1134 2081 1406 2151 prophetis
1425 2122 1441 2142 .
1479 2097 1585 2136 non
1615 2096 1752 2151 opus
1778 2080 1995 2136 habebit

401 2172 586 2242 signis.
622 2172 689 2227 Et
715 2173 758 2227 si
785 2173 946 2228 vultis
972 2173 1271 2238 videamus,
1302 2173 1428 2244 quid
1461 2174 1572 2245 ipsa
1601 2172 1878 2244 prophetia
1906 2173 1993 2228 di-

399 2277 486 2320 cat
511 2283 524 2320 :
559 2265 708 2322 Sicut
737 2268 841 2321 oris
861 2267 932 2320 ad
961 2268 1263 2322 occisionem
1291 2267 1474 2321 ductus
1497 2277 1570 2348 est
1588 2307 1605 2334 ,
1636 2277 1683 2322 et
1711 2268 1765 2322 in
1787 2267 1997 2322 humili-

401 2368 504 2412 tate
519 2359 628 2428 ejus
644 2358 903 2430 judicium
930 2361 1039 2430 ejus
1063 2358 1321 2414 sublatum
1347 2369 1438 2414 est.
1465 2359 1599 2414 l‘linc
1618 2359 1824 2426 didicit,
1851 2361 1992 2431 quod

403 2451 690 2506 cruciﬁxus
719 2452 807 2516 sit,
839 2451 980 2519 quod
1015 2451 1232 2507 tollatur
1255 2451 1323 2508 de
1353 2460 1496 2508 terra
1528 2453 1634 2507 vita
1663 2452 1782 2522 ejus
1804 2493 1819 2516 ,
1852 2452 1994 2524 quod

403 2552 679 2614 peccatum
714 2559 818 2598 nou
848 2543 1056 2611 fecerit,
1085 2545 1227 2613 quod
1259 2547 1494 2615 potuerit
1521 2554 1576 2601 et
1597 2545 1735 2601 alios
1754 2561 1992 2610 servare,

398 2636 544 2707 quod
587 2638 866 2706 generatio
911 2637 1026 2707 ejus
1070 2637 1142 2694 sit
1183 2638 1592 2707 inenarrabilis,
1641 2639 1786 2710 quod
1827 2649 1995 2710 petrae

400 2730 587 2785 scissre
617 2729 746 2796 sint,
770 2729 913 2801 quod
945 2731 1121 2787 velum
1150 2731 1377 2788 scissum
1403 2733 1493 2796 sit,
1525 2732 1670 2804 quod
1700 2733 1898 2788 mortui
1927 2747 1995 2787 ex

404 2821 676 2892 sepulcris
694 2825 1088 2879 resurrexeriut
1113 2843 1128 2880 :
1161 2824 1270 2880 imo
1295 2825 1410 2882 hare
1435 2827 1616 2882 omnia
1639 2826 1772 2882 dixit
1798 2827 1847 2882 ei
1871 2827 1998 2882 Phi-

401 2913 598 2983 lippus,
617 2929 682 2968 ex
704 2920 958 2984 propheta
977 2923 1187 2984 sumpta
1210 2917 1513 2972 occasione.
1538 2917 1726 2986 Magna
1754 2933 1838 2972 res
1866 2933 1994 2986 pro-

405 3006 547 3060 fecto
575 3015 657 3060 est
683 3006 1078 3076 Scripturarum
1115 3009 1295 3064 lectio.
1338 3009 1412 3063 Ita
1451 3010 1771 3080 implebatur
1806 3011 1934 3066 illud
1965 3027 1995 3065 a

408 3097 592 3169 Moyse
616 3098 816 3154 dictum
845 3119 857 3154 :
893 3101 1108 3165 Sedens,
1136 3103 1189 3156 in
1215 3103 1341 3158 lecto
1373 3103 1580 3169 cubans,
1609 3121 1917 3176 exsurgens,
1949 3115 1996 3158 et

404 3189 704 3258 ambulans,
749 3193 1017 3248 recordare
1066 3193 1277 3249 Domini
1315 3193 1415 3250 Dei
1460 3196 1536 3250 tui
1579 3197 1598 3268 (
1618 3195 1772 3250 Deut.
1815 3197 1868 3253 6.
1915 3199 1994 3266 7).

406 3282 633 3340 Maxime
653 3300 880 3356 namque
902 3288 999 3343 via:
1023 3303 1144 3343 cum
1171 3288 1397 3345 deserta:
1418 3299 1562 3357 sunt,
1586 3292 1998 3361 cogitationibus

407 3376 608 3430 nostris
637 3376 766 3432 dant
787 3377 984 3445 locum,
1015 3380 1230 3435 nemine
1257 3381 1622 3450 perturbante.
1649 3383 1712 3438 Et
1731 3383 1817 3438 hic
1839 3383 1890 3439 in
1914 3386 1998 3440 ria

407 3465 615 3533 credit,
645 3477 699 3523 et
727 3469 926 3524 Paulus
956 3471 1007 3525 in
1039 3471 1156 3535 via;
1191 3472 1286 3528 sed
1324 3472 1466 3529 hunc
1501 3489 1664 3531 nemo
1703 3475 1866 3530 trahit
1895 3474 1997 3530 nisi

403 3558 672 3616 Christus.
706 3561 876 3632 Majus
914 3562 1015 3619 hoc
1039 3574 1154 3619 erat
1175 3607 1190 3632 ,
1219 3580 1378 3636 quam
1409 3566 1552 3637 quod
1583 3568 1814 3639 apostoli
1849 3567 1996 3624 lacc-

404 3661 562 3708 reut:
593 3653 766 3724 majus
797 3669 923 3710 vero
943 3656 1103 3725 quod.
1133 3673 1256 3712 cum
1283 3659 1510 3728 apostoli
1539 3659 1892 3733 Jerosolymis
1911 3676 1998 3716 es-

403 3754 556 3807 sent,
589 3756 645 3800 et
683 3762 747 3800 ex
783 3745 866 3800 his
895 3748 1078 3802 nullus
1113 3762 1257 3804 esset
1287 3749 1568 3817 Damasci,
1609 3751 1811 3808 isthinc
1839 3754 1999 3809 rediit

403 3837 632 3892 credens
654 3853 671 3896 :
697 3849 750 3892 et
777 3838 868 3904 qui
910 3838 1153 3894 Damasci
1179 3849 1366 3907 erant,
1399 3841 1643 3898 sciebant
1682 3843 1857 3914 ipsum
1889 3860 1996 3901 non

403 3927 756 3997 Jerosolymis
783 3929 994 3985 venisse
1019 3945 1370 4001 persuasum;
1409 3934 1664 4002 epistolas
1691 3935 1834 3992 enim
1857 3936 1997 3993 lere-

404 4020 516 4086 bat,
544 4028 604 4074 ut
623 4020 906 4077 credentes
933 4022 1140 4093 ligaret.
1166 4024 1317 4079 Sicut
1341 4025 1580 4082 medicus
1607 4028 1863 4098 optimus,
1882 4029 1994 4098 jam

405 4112 618 4181 vigente
645 4111 792 4168 febre
814 4153 829 4179 ,
862 4129 1020 4184 opem
1061 4113 1135 4168 illi
1173 4116 1350 4171 attulit
1388 4114 1674 4174 Christus:
1711 4120 1999 4189 oportebat

403 4205 547 4260 enim
578 4221 701 4260 eum
730 4206 781 4260 in
814 4205 932 4276 ipso
957 4206 1137 4264 lurore
1157 4210 1562 4280 comprehendi.
1589 4211 1739 4268 Tune
1764 4215 1996 4271 maxime

401 4295 622 4364 decidit,
654 4312 719 4353 ac
744 4298 978 4368 seipsum
999 4300 1396 4369 condemnavit,
1427 4312 1485 4358 ut
1502 4304 1591 4374 qui
1614 4305 1795 4375 gravia
1821 4314 1996 4362 atten-

403 4401 591 4447 tasset.
639 4391 744 4448 Sed
775 4409 987 4449 rursum
1015 4410 1180 4466 opere
1227 4398 1458 4466 pretium
1488 4399 1650 4455 fuerit
1686 4417 1992 4458 sermonem

402 4498 698 4538 resumere.
729 4485 858 4548 Cur,
895 4501 1098 4556 quaeso,
1131 4487 1456 4556 Scriptum?
1479 4489 1632 4556 Quod
1655 4491 1723 4546 ad
1751 4506 1847 4547 vos
1866 4509 1992 4564 spe-

399 4584 508 4628 ctat
527 4616 541 4638 ,
573 4576 750 4630 omnia
777 4577 983 4633 sublata
1011 4587 1154 4634 sunt.
1185 4580 1292 4634 Cur
1319 4582 1581 4638 ecclesia?
1609 4582 1801 4640 Libros
1823 4587 1992 4641 sulfu-

399 4669 512 4722 dito
536 4687 552 4722 :
582 4669 718 4724 forte
745 4685 850 4725 non
883 4671 988 4725 tale
1011 4671 1270 4741 judicium
1297 4674 1420 4739 erit,
1455 4690 1558 4730 non
1587 4677 1710 4732 talis
1738 4693 1913 4747 poena.
1935 4680 1990 4737 Si

401 4762 517 4830 quis
547 4763 598 4816 in
628 4761 754 4817 timo
782 4763 1045 4820 dcloderit
1065 4765 1204 4828 illos,
1237 4779 1290 4822 et
1314 4783 1419 4822 non
1457 4769 1574 4823 illos
1601 4771 1851 4839 audierit,
1884 4789 1990 4827 non

401 4865 506 4907 tam
531 4858 853 4912 contumelia
877 4856 1062 4922 allicit,
1085 4867 1144 4911 ut
1163 4874 1305 4915 nunc
1329 4861 1405 4914 lit.
1429 4859 1564 4927 Quid
1589 4863 1756 4925 enim,
1783 4879 1987 4932 quaeso,

401 4947 509 5000 illic
523 4947 1004 5002 contumeliosum?
1024 4950 1179 5016 Quod
1207 4952 1326 5005 illos
1345 4951 1631 5008 deludet-it.
1650 4954 1788 5021 Quid
1811 4967 1990 5011 autem

399 5041 524 5096 hic?
551 5041 700 5109 Quod
732 5058 836 5096 nou
860 5041 1142 5096 audiamus
1165 5044 1306 5100 illos.
1334 5045 1430 5100 Dic
1460 5046 1737 5110 mihi,utcr
1761 5051 1992 5104 maxime

397 5133 722 5188 contumelia
752 5133 952 5198 allicit,
999 5136 1088 5207 qui
1120 5137 1335 5204 silenti,
1385 5153 1452 5193 an
1483 5141 1571 5210 qui
1605 5141 1840 5211 loquenti
1884 5159 1989 5198 non

397 5227 727 5296 respondet?
753 5227 914 5285 Certe
951 5231 1040 5300 qui
1085 5230 1346 5301 loquenti.
1392 5231 1580 5303 Itaque
1629 5236 1800 5306 major
1847 5253 1990 5293 nunc

396 5329 479 5373 est
519 5320 878 5386 contumelia,
924 5337 1044 5377 cum
1086 5322 1398 5393 loquentem
1437 5341 1542 5380 nan
1582 5326 1770 5392 audis,
1817 5330 1991 5398 major

397 5422 756 5482 contemptus.
790 5411 874 5468 Ne
898 5415 1177 5486 loquamini
1215 5415 1394 5482 nobis,
1424 5417 1695 5488 quondam
1738 5417 1992 5475 dicebant

398 5505 677 5574 prophetis
699 5504 874 5562 Judaei
905 5525 919 5562 :
953 5523 1050 5562 vos
1074 5519 1250 5564 autem
1283 5508 1436 5580 pejus
1464 5509 1670 5578 facitis,
1703 5511 1986 5568 dicentes:

400 5593 478 5649 Ne
505 5595 832 5666 loquamini,
866 5615 973 5655 non
994 5600 1236 5657 facimus.
1269 5602 1347 5656 llli
1375 5617 1506 5672 ergo
1531 5603 1848 5659 avertebant
1870 5619 1989 5671 eos,

401 5695 550 5743 utne
575 5688 939 5760 loquerentur,
965 5695 1117 5764 quasi
1147 5710 1209 5749 es
1235 5695 1448 5750 illorum
1481 5712 1613 5752 voce
1638 5697 1871 5768 aliquam
1903 5713 1991 5753 ac-

409 5781 883 5855 ciperentpietatis
912 5787 1250 5844 occasionem
1278 5805 1292 5844 :
1320 5803 1420 5846 vos
1456 5799 1634 5845 autem
1666 5807 1776 5861 [me
1823 5791 1991 5846 multo

394 5887 704 5949 cmucmptu
732 5892 904 5948 neque
930 5877 1032 5936 hoc
1064 5879 1254 5938 facitis.
1283 5879 1514 5951 Credite,
1546 5883 1590 5939 si
1619 5883 1863 5941 manibus
1895 5897 1992 5940 ora

1112 389 1168 446 s.
1207 388 1486 447 JOANNIS
1506 388 1979 460 cumspswm

2101 385 2336 441 lClllEP.
2376 386 2905 444 CONSTANTINOP.

3594 385 3700 443 I58

2099 504 2446 567 obturaretis,
2477 519 2582 560 nou
2617 514 2758 558 tanta
2782 513 2926 559 esset
2945 503 3267 558 contumelia
3298 513 3492 573 quanta
3525 519 3696 560 nunc.

2099 593 2193 647 Dic
2212 594 2356 647 enim
2384 593 2536 660 mihi,
2565 595 2654 665 qui
2684 595 2828 648 audit
2858 605 2914 648 et
2938 610 3043 649 non
3072 594 3428 664 obtemperat,
3452 609 3701 667 magism

2095 687 2409 745 contemnit.
2437 703 2597 758 quam
2623 688 2712 758 qui
2737 703 2844 743 non
2868 687 3057 743 audit?

2165 777 2218 833 5-
2261 777 2364 833 Sed
2389 793 2516 849 age,
2545 781 2922 835 contumeliam
2967 779 3272 848 hujusmodi
3315 780 3688 850 exploremus.

2097 869 2152 924 Si
2181 870 2301 938 quis
2324 886 2446 926 cum
2467 913 2482 937 ,
2506 873 2594 941 qui
2645 875 2966 929 contumelia
3011 873 3196 939 allicit,
3246 879 3521 929 contineat
3545 885 3600 930 et
3631 891 3702 929 os

2094 961 2308 1016 obturet
2337 965 2408 1030 ei,
2451 974 2722 1036 tamquam
2752 983 2894 1036 aegre
2925 966 3107 1022 ferens
3139 967 3525 1033 contumelias;
3556 969 3701 1022 alius

2097 1071 2226 1110 vero
2273 1073 2445 1127 neque
2485 1069 2658 1125 curet,
2707 1075 2880 1130 neque
2925 1059 3208 1116 advertere
3253 1061 3541 1117 videatur:
3573 1072 3700 1117 uter

2096 1152 2266 1219 magis
2294 1151 2631 1206 contemnit?
2677 1168 2852 1207 annon
2886 1153 3009 1208 hic?
3052 1152 3144 1208 Ille
3187 1163 3416 1225 namque
3454 1153 3700 1211 declarat

2096 1257 2157 1296 se
2199 1242 2403 1312 plagam
2447 1243 2730 1315 accipere;
2779 1244 2866 1299 hic
2911 1260 3042 1300 vero
3085 1244 3198 1300 fere
3241 1260 3302 1300 os
3329 1246 3546 1302 obturat
3574 1246 3689 1302 Dei.

2100 1333 2340 1389 llorretis
2365 1335 2568 1390 dictum
2595 1353 2610 1401 ;
2643 1337 2737 1392 sed
2763 1337 2888 1392 audi
2911 1339 3182 1408 quomodo
3213 1339 3315 1393 hoc
3341 1338 3451 1394 ﬁat.
3479 1338 3576 1407 Os,
3595 1353 3690 1409 per

2097 1428 2238 1498 quod
2286 1429 2522 1499 loquitur
2567 1429 2710 1484 Deus
2735 1473 2751 1495 ,
2784 1445 2845 1486 os
2875 1431 2967 1485 Dei
2997 1441 3099 1486 est.
3156 1432 3304 1486 Sicut
3330 1433 3474 1488 enim
3505 1431 3602 1487 hoc
3621 1448 3680 1488 os

2097 1522 2292 1575 animae
2324 1531 2522 1576 nostrae
2550 1531 2635 1576 est
2657 1563 2673 1590 ,
2702 1523 2803 1577 etsi
2831 1525 3009 1577 anima
3042 1542 3102 1576 os
3134 1541 3238 1577 rion
3269 1524 3460 1578 habeat
3493 1543 3507 1576 :
3537 1524 3611 1577 sic
3633 1533 3685 1578 et

2099 1628 2160 1666 os
2201 1613 2581 1684 prophetarum
2621 1623 2706 1669 est
2747 1629 2810 1670 os
2859 1615 2977 1670 Dei.
3037 1617 3230 1671 Audite
3273 1626 3329 1672 et
3373 1617 3691 1670 horrescite.

2097 1707 2410 1762 Communis
2439 1718 2522 1762 est
2547 1708 2805 1764 diaconus
2848 1710 2940 1764 ille
2960 1754 2972 1774 ,
3003 1711 3091 1779 qui
3133 1721 3239 1764 stat
3267 1720 3322 1764 et
3347 1711 3566 1776 clamat,
3595 1710 3698 1764 At-

2101 1804 2396 1870 tendamus;
2423 1803 2582 1874 idque
2603 1820 2747 1875 sa'pe
2767 1807 2980 1876 repetit.
3010 1807 3132 1860 llaec
3154 1822 3256 1860 vox
3276 1807 3527 1862 Ecclesiae
3548 1822 3702 1862 com-

2100 1897 2279 1952 munis
2310 1908 2413 1962 est,
2441 1907 2494 1953 et
2518 1915 2677 1953 nemo
2703 1899 2950 1953 attendit.
2979 1900 3105 1953 l‘ost
3135 1899 3282 1953 illum
3311 1900 3496 1969 incipit
3524 1899 3704 1955 lector

2102 1991 2437 2062 prophetiam
2471 1992 2618 2047 Isaia:
2647 2011 2662 2047 :
2692 2009 2867 2064 neque
2891 1995 2968 2048 sic
2991 1993 3219 2049 attendit
3261 1993 3526 2064 quispiam
3548 2035 3560 2056 ,
3590 1995 3700 2050 etsi

2101 2084 2382 2154 prophetia
2435 2085 2727 2140 humanum
2769 2085 2900 2140 nihil
2939 2085 3156 2142 habeat.
3209 2085 3412 2141 Deinde
3463 2084 3703 2140 auditori

2100 2177 2379 2241 enuntiat,
2415 2175 2542 2231 Hm
2593 2177 2712 2231 dicit
2761 2177 3048 2242 Dominus;
3098 2177 3388 2248 nullusque
3438 2176 3701 2236 attendit.

2102 2267 2241 2335 Quid
2267 2268 2428 2323 dico?
2475 2267 2778 2324 Tremenda
2809 2271 3055 2340 qumdam
3084 2279 3140 2325 et
3162 2269 3426 2325 horrenda
3467 2280 3655 2325 narrat
3687 2289 3705 2326 :

2103 2376 2276 2432 neque
2292 2361 2434 2416 ullus
2451 2370 2535 2416 est
2553 2361 2644 2430 qui
2663 2362 2923 2416 attendat.
2945 2361 3141 2416 Verum
3163 2361 3288 2432 quid
3310 2360 3491 2416 dicunt
3508 2361 3708 2415 multi?

2103 2452 2332 2522 Semper
2357 2451 2544 2507 eadem
2583 2452 2728 2522 legit.
2763 2453 2876 2508 lloc
2904 2452 3135 2507 maxime
3160 2467 3256 2506 vos
3285 2452 3476 2522 perdit.
3502 2450 3562 2507 Si
3597 2453 3708 2506 ita-

2101 2559 2206 2615 que
2229 2543 2319 2598 illa
2347 2544 2580 2608 sciretis,
2604 2559 2778 2616 neque
2801 2545 2880 2600 sic
2902 2553 3178 2613 oporteret
3207 2545 3373 2599 averti
3405 2561 3418 2598 :
3447 2544 3704 2615 quando-

2102 2637 2316 2707 quidem
2350 2638 2402 2691 in
2435 2637 2660 2692 theatris
2711 2637 2899 2693 eadem
2936 2637 3050 2708 ipsa
3077 2652 3294 2708 semper
3338 2637 3493 2702 llunt,
3521 2652 3706 2706 neque

2105 2739 2282 2785 tamen
2307 2730 2598 2786 satiamini.
2625 2729 2814 2798 Qualia
2843 2730 3026 2787 dicere
3051 2731 3238 2794 audes,
3261 2731 3350 2801 qui
3377 2745 3444 2786 ne
3467 2731 3706 2801 prophe-

2103 2833 2278 2879 tarum
2311 2824 2528 2879 nomina
2579 2824 2796 2896 quidem
2844 2827 3025 2879 nosti?
3072 2823 3190 2880 Non
3220 2831 3272 2879 te
3304 2823 3465 2895 pudet
3488 2823 3686 2889 dicere,

2104 2925 2157 2971 te
2186 2916 2307 2971 ideo
2337 2931 2445 2971 non
2473 2915 2678 2980 audire,
2709 2916 2831 2986 quia
2859 2916 3048 2972 eadem
3073 2931 3288 2986 semper
3317 2917 3572 2986 leguntur,
3596 2915 3686 2984 qui

2103 3023 2172 3063 ne
2201 3009 2418 3064 nomina
2441 3009 2658 3079 quidem
2685 3011 3005 3081 scriptorum
3033 3011 3194 3075 nosti,
3224 3010 3346 3065 licet
3369 3011 3460 3065 illa
3484 3024 3690 3078 semper

2103 3100 2325 3156 audias?
2365 3101 2496 3156 Nam
2530 3111 2584 3156 tu
2613 3118 2826 3172 quoque
2854 3103 3164 3170 coulitcris,
3193 3103 3382 3158 eadem
3426 3103 3535 3172 ipsa
3567 3102 3693 3156 dici.

2103 3193 2215 3263 Ego
2227 3193 2268 3250 si
2285 3204 2336 3249 te
2348 3194 2649 3250 accusando
2668 3193 2781 3250 haec
2798 3193 3074 3259 dixissem,
3095 3205 3364 3266 oporteret
3387 3204 3438 3250 te
3452 3194 3519 3250 ad
3535 3195 3701 3249 aliam

2103 3286 2468 3342 defensionem
2495 3286 2807 3358 confugere,
2835 3296 2890 3342 et
2915 3302 3022 3342 non
3043 3287 3110 3343 ad
3131 3289 3523 3343 accusationem
3552 3297 3704 3344 tuam

2102 3380 2305 3435 venire.
2343 3380 2437 3436 Dic
2461 3381 2614 3448 milii,
2637 3396 2816 3436 annon
2838 3381 3098 3437 admones
3119 3381 3284 3436 lilium
3312 3381 3500 3436 tuum?
3528 3380 3587 3435 Si
3614 3381 3708 3435 di-

2103 3479 2251 3528 ceret
2277 3473 2400 3541 ille,
2427 3473 2656 3546 Semper
2692 3476 2916 3542 eadem;
2948 3491 3128 3530 annon
3178 3487 3392 3547 putares
3419 3484 3711 3531 contume-

2105 3565 2228 3620 liam
2253 3567 2418 3621 esse?
2461 3565 2614 3622 Tunc
2640 3582 2740 3638 par
2767 3577 2912 3623 esset
2939 3583 3044 3622 non
3076 3567 3265 3624 eadem
3310 3567 3508 3633 dicere,
3533 3567 3581 3622 si
3611 3568 3709 3623 illa

2103 3661 2385 3729 sciremus,
2417 3671 2472 3718 et
2500 3662 2754 3732 operibus
2793 3662 3207 3728 exhiberemus;
3235 3662 3343 3716 imo
3375 3677 3548 3732 neque
3569 3669 3706 3716 tunc

2103 3755 2372 3826 superﬂua
2430 3756 2590 3811 lectio
2635 3764 2798 3811 esset.
2846 3755 2984 3824 Quid
3033 3770 3130 3827 par
3178 3754 3501 3810 Timotheo?
3545 3756 3706 3808 Atta-

2105 3863 2226 3903 men
2259 3847 2335 3902 illi
2361 3847 2606 3902 scribens
2645 3846 2842 3902 Paulus
2879 3847 3133 3902 dicebat:
3180 3846 3394 3902 Attende
3421 3843 3626 3900 lectioni
3648 3853 3707 3899 et

2103 3941 2442 3998 exhortationi
2467 3940 2486 4012 (
2503 3941 2556 3999 l.
2587 3938 2722 3995 Tim.
2751 3943 2802 3995 4.
2836 3941 2956 4010 15).
2989 3940 3172 4010 Neque
3200 3940 3343 3995 enim
3371 3947 3552 4010 potest
3580 3953 3701 3992 um-

2103 4049 2261 4103 quam
2289 4046 2483 4089 sensus
2521 4032 2921 4102 Scripturarum
2953 4031 3225 4087 exhauriri
3256 4048 3269 4084 :
3300 4029 3421 4086 fons
3465 4039 3550 4086 est
3592 4028 3694 4082 imo

2102 4141 2344 4183 mensus.
2401 4126 2592 4182 Dicere
2619 4128 2796 4182 solent
2815 4161 2830 4186 ,
2863 4125 3018 4193 Novi,
3046 4125 3312 4197 inquiunt,
3342 4133 3396 4180 et
3429 4134 3539 4180 tum
3565 4122 3700 4178 mihi

2105 4219 2333 4276 el'lluxit.
2354 4219 2530 4277 Vultis
2549 4221 2852 4284 ostendam,
2880 4219 2996 4275 hate
3021 4237 3127 4276 non
3157 4235 3277 4277 esse
3305 4220 3533 4277 eadem?
3557 4219 3704 4288 Quot

2101 4315 2300 4385 putatis
2341 4329 2408 4370 ex
2446 4315 2750 4385 Evangeliis
2790 4314 3040 4385 loquutos
3090 4316 3248 4370 esse?
3289 4314 3396 4370 Sed
3425 4314 3478 4370 lii
3507 4329 3702 4370 omnes

2101 4422 2238 4462 nova
2261 4407 2506 4478 quiedam
2532 4407 2810 4464 dixerunt.
2856 4408 3068 4474 Quanto
3097 4410 3242 4464 enim
3278 4409 3451 4478 magis
3493 4408 3546 4463 iu
3591 4407 3702 4463 illis

2100 4509 2369 4566 versatur,
2399 4509 2550 4556 tanto
2571 4502 2782 4556 acutius
2811 4501 2979 4567 videt,
3016 4511 3165 4558 tanto
3208 4503 3474 4573 puriorem
3506 4504 3705 4572 aspicit

2101 4593 2296 4649 lucem.
2317 4593 2456 4649 Ecce
2479 4604 2678 4662 quanta
2707 4594 2849 4648 dico.
2875 4593 3012 4662 Quid
3039 4607 3122 4649 est
3149 4593 3468 4666 prophetia?
3493 4593 3654 4650 dicite
3681 4615 3699 4653 :

2099 4684 2227 4756 quid
2268 4685 2674 4741 enarrationes?
2714 4685 2840 4756 quid
2891 4688 3178 4757 parabola?
3227 4688 3352 4759 quid
3405 4689 3704 4759 allegoria?

2099 4777 2227 4848 quid
2276 4779 2470 4850 typus?
2499 4780 2626 4849 quid
2681 4780 3021 4852 symbolum?
3069 4782 3194 4850 quid
3241 4781 3552 4852 evangelia?
3582 4781 3700 4838 Hoc

2105 4887 2231 4926 vero
2253 4881 2455 4926 tantum
2481 4871 2606 4926 mihi
2637 4872 2819 4938 dicite,
2850 4874 2990 4943 quod
3021 4874 3226 4929 clarum
3253 4884 3334 4930 est
3353 4915 3368 4941 ,
3396 4890 3493 4930 cur
3520 4873 3700 4929 Evan-

2099 4964 2235 5033 gelia
2262 4964 2402 5018 dicta
2429 4966 2594 5018 sunt?
2620 4965 2782 5035 Atqui
2808 4981 2951 5036 saepe
2985 4965 3232 5027 audistis.
3257 4965 3400 5036 quod
3421 4967 3698 5035 evangelia

2100 5057 2233 5111 nihil
2275 5067 2526 5114 moestum
2557 5057 2755 5113 habere
2781 5057 3014 5113 debeant
3043 5077 3056 5112 :
3087 5059 3203 5114 lucc
3243 5075 3374 5114 vero
3401 5059 3567 5114 multa
3595 5074 3698 5114 au-

2098 5149 2341 5204 steritate
2389 5150 2543 5220 plena
2591 5150 2758 5204 sunt?
2783 5148 2930 5220 Ignis
2965 5150 3172 5205 illorum
3202 5167 3302 5206 non
3329 5152 3696 5223 exstinguetur,

2100 5243 2290 5312 inquit,
2318 5254 2364 5296 et
2390 5244 2570 5297 vermis
2613 5259 2786 5297 eorum
2817 5260 2922 5297 non
2943 5245 3186 5298 morietur
3227 5245 3244 5314 (
3269 5243 3434 5298 Marc.
3464 5244 3518 5300 9.
3549 5244 3694 5313 45);

2098 5333 2331 5403 illudque
2357 5374 2373 5400 ,
2405 5333 2684 5388 Dissecabit
2712 5350 2850 5402 eum,
2887 5342 2936 5388 et
2961 5345 3110 5404 ponet
3139 5335 3420 5406 porticum
3444 5335 3555 5406 ejus
3577 5349 3700 5390 cum

2097 5426 2373 5496 ligpocritis
2417 5425 2643 5495 (Matth.
2691 5424 2783 5481 24.
2830 5426 2968 5496 51);
3001 5436 3058 5482 et
3089 5427 3240 5494 illud,
3289 5426 3436 5482 Dicet
3461 5443 3482 5483 :
3508 5425 3700 5482 Nescio

2096 5533 2205 5584 vos,
2234 5518 2474 5572 discedite
2497 5534 2530 5572 α
2558 5535 2656 5583 me,
2679 5520 2767 5592 qui
2810 5521 3090 5589 operamini
3129 5522 3446 5593 iniquith
3474 5520 3603 5594 (Id.
3637 5523 3694 5576 7.

2097 5612 2172 5667 23
2189 5611 2232 5681 ).
2266 5611 2429 5683 igitur
2452 5628 2522 5669 ne
2546 5611 2878 5684 decipiemus
2893 5617 3273 5688 nosmetipsos,
3301 5624 3552 5687 putantes
3578 5613 3698 5671 lure

2093 5703 2292 5761 Graeco
2311 5719 2463 5760 more
2483 5703 2611 5761 dici.
2631 5705 2845 5763 Nihilne
2870 5707 2985 5764 haec
3001 5708 3068 5763 ad
3099 5724 3197 5764 nos
3215 5709 3240 5763 ?
3259 5707 3367 5763 Vos
3393 5723 3521 5763 vero
3541 5707 3693 5762 surdi

2098 5796 2252 5861 estis,
2275 5805 2328 5851 et
2345 5797 2495 5866 quasi
2519 5796 2728 5852 attoniti
2749 5807 2910 5869 caput
2932 5800 3223 5856 inclinatis.
3246 5799 3530 5871 Evangelia
3553 5798 3691 5852 nihil

2103 5885 2304 5942 habere
2340 5886 2540 5944 debent
2585 5903 2796 5959 eorum,
2826 5905 2945 5963 qua:
2970 5891 3174 5963 agenda
3219 5901 3360 5962 sunt,
3393 5888 3486 5947 sed
3514 5891 3695 5946 solum
