3946 6454
157 487 233 541 ﬁ;
1245 460 1310 515 IN
1351 458 1532 516 ACTA
1569 453 2120 513 APOSTOLORUM.
2150 455 2394 513 HOMIL.
2432 453 2556 509 XIX

3458 451 3560 508 ιεε

149 579 445 644 ἀποστόλοις,
479 575 741 631 ἐνέϐαλον
780 579 860 640 είς
919 577 1312 650 δεσμωτήριον·
1370 576 1555 630 λοιπὸν
1585 577 1614 628 6
1647 573 1778 637 Θεὸς
1883 573 2156 642 λέγοντες
2185 575 2277 644 Mh
2305 573 2539 634 λαλεῖτε,
2596 570 2658 623 ού
2699 570 2980 640 ποιοῦμεν.
3049 569 3279 623 Ἐκεῖνοι
3322 569 3422 640 μὲν
3468 566 3564 624 οῦν

150 669 538 739 θαυματουργεῖ.
593 667 704 719 Καὶ
736 665 871 728 πῶς,
920 667 1045 736 ὅρα·
1079 665 1151 718 Τὸ
1189 664 1492 732 ἐξενεγκεῖν
1536 661 1646 715 ἀπὸ
1680 660 1781 730 τῆς

157 757 371 824 φυλακῆς,
407 753 584 808 αὐτοῦ
618 755 841 825 σημεῖον
859 748 950 825 ἦν’
975 754 1038 807 τὸ
1061 754 1287 822 ἀγαγεῖν
1314 752 1600 817 Φίλιππον,
1623 747 1787 802 αὑτοῦ

172 844 338 913 σημεῖον
359 836 447 911 ἦν·
475 841 542 893 1:6
601 841 810 894 Παῦλον
845 839 1315 912 προσαγαγέσθαι,
1351 839 1516 892 αὑτοῦ
1565 837 1790 907 σημεῖον

174 927 300 1000 ἦντὸ
316 929 476 993 δεῖξαι
504 929 767 1000 Στεφάνῳ
830 929 1041 995 ἐαυτὸν,
1091 928 1255 983 αὑτοῦ
1285 929 1510 999 σημεῖον
1559 920 1648 996 ἦν.
1681 922 1792 977 Καὶ

184 1019 330 1080 σπι,
358 1017 474 1079 πῶς
510 1016 620 1086 μὲν
638 1019 862 1088 τιμᾶται
894 1031 920 1058 ι
957 1017 1189 1082 Παῦλος,
1223 1016 1341 1081 πῶς
1370 1016 1427 1069 δέ
1459 1018 1488 1069 6
1514 1011 1787 1082 εὐνοῦχος.

192 1101 390 1154 Ἐνταῦθα
410 1101 505 1153 καὶ
543 1103 574 1153 6
621 1101 853 1166 Χριστὸς
883 1101 1154 1172 φαίνεται,
1207 1101 1337 1165 ἴσως
1375 1099 1465 1154 διὰ
1514 1098 1576 1152 τὸ
1628 1095 1794 1166 σκλη-

184 1191 258 1259 ρὸν,
283 1189 359 1243 καὶ
399 1191 479 1242 ὄτι
515 1188 625 1242 ούκ
661 1190 729 1243 ἂν
777 1189 954 1254 ἄλλως
1007 1189 1257 1260 ἐπείσθη.
1303 1188 1526 1250 Τούτοις
1573 1186 1794 1255 ἐνστρε-

183 1279 346 1348 φίμενοι
372 1279 461 1332 καὶ
481 1279 650 1348 ἡμεῖς
679 1281 793 1342 τοῖς
849 1278 1144 1350 θαύμασιν,
1193 1277 1376 1345 ἀξίους
1418 1276 1646 1338 ἐαυτοὺς
1686 1291 1793 1327 πα·-

177 1365 564 1437 ρασκευάσωμεν.
630 1365 823 1420 Πολλοὶ
874 1365 970 1421 νῦν
1019 1366 1140 1420 ούδέ
1191 1367 1273 1428 εἰς
1329 1363 1628 1434 ἐκκλησίαν
1678 1363 1794 1415 είσ-

175 1457 329 1520 ιόντες,
371 1456 463 1509 οὐκ
509 1455 665 1508 ῖσασι
715 1455 787 1508 τὰ
832 1454 1123 1527 λεγόμεναο
1180 1457 1212 1509 6
1260 1453 1316 1507 δὲ
1372 1450 1648 1523 εὐνοῦχος,
1697 1450 1794 1504 καὶ

169 1543 239 1596 ἐπ’
263 1544 462 1612 ἀγορᾶς,
491 1543 586 1595 καὶ
614 1542 709 1596 ἐπὶ
759 1543 1037 1614 ὀχήματος
1074 1543 1396 1614 φερόμενος,
1436 1543 1503 1611 τῇ
1543 1538 1791 1608 ἀναγνώο

174 1647 249 1683 σει
274 1630 370 1683 τῶν
389 1629 598 1700 Γραφῶν
661 1633 973 1702 προσεῖχεν.
1047 1630 1188 1683 Ἀλλ’
1237 1630 1336 1700 οὐχ
1382 1629 1560 1699 ὑμεῖς’
1621 1627 1794 1690 οὐδεὶς

180 1719 278 1788 γὰρ
308 1717 434 1788 ὑμῶν
454 1718 652 1787 βιϐλίον
691 1718 804 1789 ἔχει
850 1718 987 1785 μετά
1035 1721 1250 1790 χεῖρας,
1285 1717 1424 1772 ἀλλὰ
1454 1715 1631 1770 πάντα
1665 1714 1795 1786 μάλ-

189 1805 315 1876 λονῆ
346 1805 392 1858 τὸ
427 1805 652 1876 βιϐλίον.
702 1807 802 1862 Διά
843 1807 896 1860 τί
951 1807 1010 1860 δὲ
1051 1807 1128 1878 μὴ
1179 1805 1288 1879 πρὸ
1339 1805 1446 1859 τῶν
1502 1804 1794 1876 Ἰεροσολύ-

192 1912 283 1962 μων
325 1897 408 1966 ὁρᾷ
456 1897 649 1960 αὑτὸν,
709 1895 845 1950 ἀλλά
882 1895 1018 1967 μετά
1064 1895 1281 1961 ταῦτα;
1319 1895 1433 1948 Ούκ
1482 1893 1590 1950 ἔδει
1632 1893 1794 1949 αὑτὸν

184 1977 282 2029 ἰδεῖν
317 1978 702 2049 ἐλαυνομένους
756 1980 884 2043 τοὺς
915 1981 1271 2047 ἀποστόλους,
1320 1980 1409 2033 διὰ
1453 1980 1516 2032 τὸ
1568 1978 1794 2041 ἀσθενὲς

173 2064 252 2117 ἔτι·
276 2065 376 2118 οὐδὲ
422 2067 696 2138 πρότερον
727 2066 900 2132 οὕτως
940 2064 1008 2140 ἦν
1038 2067 1280 2132 εὔκολον,
1319 2069 1394 2131 ὼς
1414 2068 1504 2121 ὅτε
1529 2067 1558 2119 6
1583 2068 1796 2139 προφή-

167 2168 245 2222 της
275 2152 298 2192 δ
327 2153 474 2207 αὐτὸν
523 2155 866 2227 κατήχησεν.
917 2155 1076 2210 Οῦτω
1129 2156 1226 2210 καὶ
1258 2155 1375 2221 νῦν,
1418 2156 1472 2208 εί
1515 2172 1600 2218 τις
1639 2154 1794 2225 ὑμῶν

171 2241 304 2294 ἐθέλοι
361 2243 657 2314 προσέχειν
709 2247 822 2308 τοῖς
874 2246 1228 2316 προφήταις,
1283 2245 1344 2297 ού
1401 2244 1650 2314 δεήσεται
1699 2260 1795 2313 ση-

173 2327 314 2395 μείωνο
346 2330 434 2382 καὶ
455 2332 504 2383 εί
531 2329 816 2400 βούλεσθε,
849 2332 1022 2404 αὐτὴν
1067 2331 1166 2403 τὴν
1218 2332 1556 2404 προφητείαν
1594 2331 1794 2400 ἴδωμεν

172 2414 381 2485 τίφησιν.
424 2417 524 2484 Ὠς
578 2419 888 2486 πρόϐατον
938 2417 1040 2473 ἐπὶ
1071 2419 1321 2490 σφαγὴν
1347 2418 1530 2487 ἤχθη,
1583 2418 1680 2471 καὶ
1725 2419 1796 2470 ἐν

164 2499 219 2569 τῇ
240 2504 574 2560 ταπεινώσει
606 2507 797 2560 αὑτοῦ
826 2507 864 2571 1)
910 2507 1112 2575 κρίσις
1135 2506 1322 2562 αὐτοῦ
1356 2505 1529 2574 ἤρθη.
1583 2504 1796 2558 Ἐντεῦ-

162 2589 232 2641 θεν
255 2590 569 2661 ἐμαθεν,ὄτι
601 2594 945 2664 ἐσταυρώθη,
980 2595 1061 2648 ὅτι
1104 2594 1317 2666 αἴρεται
1348 2594 1455 2648 ἀπὸ
1482 2594 1582 2664 τῆς
1609 2593 1714 2663 γῆς
1760 2595 1794 2660 ή

164 2674 246 2747 ζωὴ
273 2679 447 2738 αὑτοῦ.
469 2682 554 2734 ὅτι
587 2683 869 2754 ἁμαρτίαν
899 2683 998 2736 οὐκ
1037 2683 1315 2752 ἐποίησεν,
1371 2682 1452 2735 ὅτι
1485 2680 1673 2751 ἴσχυσε
1702 2682 1796 2734 καὶ

162 2763 338 2836 ἐτέρους
364 2768 556 2833 σῶσαι,
597 2769 682 2822 ὅτι
714 2771 747 2840 ή
789 2770 953 2839 γενεὰ
999 2754 1164 2824 αύτοῦ
1196 2767 1350 2841 [159]
1383 2770 1795 2841 ἀνεκδιήγητος,

163 2852 221 2904 ὅτι
247 2855 426 2926 πέτραι
473 2856 820 2927 ἐρῤἀγησαν,
863 2859 945 2911 ὅτι
993 2859 1054 2912 τὸ
1102 2858 1504 2928 καταπέτασμα
1547 2857 1796 2926 ἐσχίσθη,

166 2939 221 2992 ὅτι
242 2944 408 3012 νεκροὶ
433 2945 498 2997 ἐκ
523 2943 638 2996 τῶν
662 2945 944 3015 μνημείων
961 2947 1062 3016 ἠγέ
1073 2945 1297 3017 ρθησαν·
1321 2946 1522 3016 μᾶλλον
1548 2947 1605 2998 δὲ
1628 2946 1798 2999 ταῦτα

164 3028 304 3082 πάντα
324 3026 470 3084 εἶπεν
520 3031 678 3103 αὐτῷ
724 3033 1063 3099 όΦίλιππος,
1102 3035 1264 3104 μόνον
1320 3033 1576 3087 ὑπόθεσιν
1619 3033 1799 3087 λαϐὼν

161 3113 246 3165 ἀπὸ
269 3115 352 3168 τοῦ
385 3120 694 3190 προφήτου.
721 3120 882 3189 Μέγα
909 3121 1077 3185 ὅντως
1102 3123 1136 3191 ἡ
1167 3120 1276 3174 τῶν
1293 3121 1333 3172 Γ
1337 3120 1528 3192 ραφῶν
1553 3111 1801 3190 ἀνάγνω-

164 3218 244 3264 σις.
266 3203 438 3268 Οὕτως
474 3209 662 3260 ἐκεῖνο
714 3207 1016 3281 ἐπληροῦτο
1068 3209 1130 3262 τὸ
1173 3209 1328 3280 παρά
1374 3210 1468 3263 τοῦ
1520 3209 1801 3275 Μωῦσέως

167 3292 429 3364 είρημένοψ
461 3291 893 3365 Καθεζόμενος,
913 3297 1012 3351 καὶ
1037 3297 1469 3367 κοιταζόμενος,
1508 3299 1608 3354 καὶ
1637 3297 1801 3353 διαν-

171 3381 462 3448 ιστάμενος,
524 3381 633 3436 καὶ
680 3381 1040 3452 περιπατῶν,
1088 3387 1370 3455 μέμνησο
1419 3386 1644 3454 Κυρίου
1694 3385 1801 3440 τοῦ

173 3465 286 3519 Θεοῦ
329 3485 459 3525 σου.
512 3471 774 3526 Μάλιστα
815 3473 923 3543 γὰρ
966 3477 1020 3528 αἰ
1064 3474 1196 3541 ὁδοὶ,
1245 3476 1374 3529 ὅταν
1431 3475 1626 3547 ἔρημοι
1674 3470 1799 3539 ὦσι,

174 3553 244 3603 καὶ
266 3553 384 3626 πρὸς
411 3558 513 3623 τάς
569 3560 785 3624 ἐννοίας
819 3562 949 3632 ἡμῖν
999 3562 1191 3634 καιρὸν
1223 3574 1246 3602 ο
1274 3562 1533 3626 διδόασιν,
1588 3564 1802 3628 οὐδενὸς

181 3635 292 3702 ιντος
311 3644 394 3697 τοῦ
428 3647 922 3719 παρενοχλοῦντος.
987 3651 1096 3703 Καὶ
1127 3644 1284 3716 οὗτος
1314 3653 1372 3704 ἐν
1396 3651 1500 3723 ὁδῶ
1534 3652 1800 3713 πιστεύει,

179 3725 251 3776 καὶ
280 3729 470 3797 Παῦλος
499 3735 560 3788 ἐν
608 3733 732 3796 ὁδῷ·
761 3734 896 3788 ἀλλὰ
924 3735 1115 3790 τοῦτον
1168 3737 1342 3801 οὐδεὶς
1389 3738 1562 3801 ἕλκει,
1610 3737 1724 3791 ἀλλ’
1774 3739 1802 3790 6

174 3810 380 3884 Χριστός.
435 3820 647 3886 Μεῖζον
688 3821 720 3892 ἢ
771 3822 911 3877 κατά
950 3825 1077 3888 τοὺς
1118 3824 1454 3890 ἀποστόλους
1507 3826 1667 3878 τοῦτο
1711 3823 1800 3897 ἦν’

174 3899 220 3951 τδ
246 3902 292 3956 δὲ
329 3908 527 3976 μεῖξον,
565 3910 790 3964 ὅτιτῶν
836 3912 1150 3966 ἀποστόλων
1193 3913 1361 3968 ὄντων
1404 3916 1462 3970 ἐν
1503 3913 1801 3985 Ἰεροσολύ-

181 4003 286 4058 μοις,
306 3997 390 4049 καὶ
428 3997 653 4062 οὐδενὸς
703 3999 857 4065 ὄντος
904 4003 969 4055 ἐκ
1016 4002 1222 4057 τούτων
1263 4005 1324 4058 ἐν
1372 4003 1673 4075 Δαμασκῷ,
1709 4005 1807 4057 ἐπ-

181 4077 294 4147 ανῄει
317 4083 513 4138 ἐκεῖθεν
540 4086 810 4149 πεισθείς*
847 4089 942 4142 καὶ
973 4091 1020 4142 oi
1062 4092 1120 4143 ἐν
1167 4089 1446 4162 Δαμασκῷ
1472 4090 1690 4161 ᾔδεσαν,
1723 4091 1804 4143 ὅτι

181 4165 254 4218 οὐκ
286 4169 380 4222 ἀπὸ
447 4171 844 4244 Ἱεροσολύμων
884 4172 1017 4248 ἦλθε
1072 4177 1459 4248 πεπεισμένοςο
1514 4177 1804 4240 ἐπιστολὰς

184 4253 263 4324 τὰρ
299 4258 495 4332 ἔφερεν,
547 4263 695 4316 ὥστε
725 4264 884 4334 δῆσαι
927 4265 1055 4329 τοὺς
1104 4265 1481 4329 πιστεύοντας.
1534 4266 1803 4337 Καθάπερ

188 4343 327 4416 ἰατρὸς
356 4351 590 4422 ἄριστος,
627 4353 966 4424 ἀκμάζοντος
997 4355 1077 4408 ἐτι
1103 4355 1198 4410 τοῦ
1225 4356 1486 4427 πυρετοῦ,
1521 4358 1583 4410 τὸ
1608 4357 1808 4429 βοήθη-

193 4446 247 4498 μα
269 4438 391 4508 αὐτῷ
424 4441 706 4512 ἐπήγαγεν
759 4443 788 4494 6
817 4442 1067 4511 Χριστός·
1103 4443 1210 4497 ἔδει
1265 4444 1376 4516 γὰρ
1401 4445 1563 4498 αὑτὸν
1599 4445 1803 4516 μεταξὺ

193 4524 459 4594 μαινόμενον
482 4529 908 4600 κατασχεθῆναι.
953 4531 1086 4584 Τότε
1117 4531 1354 4600 μάλιστα
1385 4532 1678 4598 κατέπεσε,
1711 4533 1806 4587 καὶ

191 4609 389 4677 κατέγνω
437 4613 655 4680 ἐαυτοῦ,
713 4617 789 4680 ὠς
841 4615 990 4670 δεινά
1051 4618 1379 4689 τολμῶντος.
1430 4619 1592 4673 Ἀλλά
1641 4619 1806 4674 πάλιν

195 4694 318 4749 καλὸν
339 4702 458 4773 πρὸς
485 4706 633 4776 ὑμᾶς
655 4705 745 4758 τὸν
773 4705 928 4774 λόγον
970 4707 1351 4764 ἐπαναλαϐεῖν.
1409 4709 1564 4775 Τίνος
1598 4710 1802 4777 ἕνεκεν,

208 4781 296 4876 τίτί
323 4805 413 4856 μοι,
450 4796 502 4846 αἱ
528 4795 782 4866 Γραφαί;
822 4795 896 4848 T6
935 4796 1042 4867 γὰρ
1067 4798 1331 4870 ὑμέτερον
1378 4799 1564 4870 μέρος,
1628 4801 1806 4854 πάντα

211 4869 430 4960 ξξθξερτίτιι.
451 4883 608 4947 Τίνος
643 4884 828 4937 ἕνεκεν
863 4884 1154 4955 ἐκκλησία;
1213 4869 1548 4957 Κατάχωσον
1596 4889 1667 4942 τὰ
1724 4890 1806 4960 βιο

214 4951 316 5045 ἔξω
341 4960 377 4998 ⁸·
403 4967 522 5039 τάχα
583 4971 646 5023 οὐ
684 4971 923 5025 τοιοῦτον
952 4951 1148 5045 κρῖμα,
1177 4976 1236 5027 οὐ
1302 4951 1528 5045 τοιαύτη
1561 4951 1803 5040 κόλασις.

214 5036 272 5138 Ἐξ
290 5057 356 5107 τις
377 5036 708 5138 καταχώσειεν
733 5058 870 5111 αύτά
903 5060 959 5112 ἐν
987 5036 1200 5131 κόπρῳ,
1233 5061 1330 5114 καὶ
1367 5061 1443 5132 ph
1491 5036 1678 5116 ἀκούοι
1706 5036 1806 5118 αύ-

210 5136 422 5223 τωνννύχ
455 5143 605 5209 οὓτως
644 5147 784 5201 αύτά
839 5147 1070 5220 ὑϐρίζει,
1117 5149 1194 5213 ὡς
1249 5149 1364 5206 νῦν.
1421 5151 1492 5218 Τί
1515 5152 1644 5223 γὰρ,
1685 5152 1806 5206 εἰπέ

202 5221 379 5310 μνιρτὸ
404 5226 690 5300 ὑϐριστικὸν
721 5235 868 5299 ἐκεῖ;
923 5237 1046 5290 Ὄτι
1070 5237 1208 5292 αὐτά
1238 5238 1538 5310 κατέχωσε.
1593 5221 1660 5295 ί
1718 5242 1806 5295 δαὶ

193 5303 422 5408 ένξαῦθικ
450 5319 558 5374 Ὀτι
590 5325 691 5377 οὐκ
719 5324 983 5396 ἀκούομεν
1010 5327 1210 5381 αὐτῶν.
1267 5328 1402 5380 Εἰπέ
1435 5345 1544 5399 μοι,
1571 5331 1652 5393 τίς
1677 5347 1806 5384 ποτε

417 5405 684 5487 ὑϐρίζεται
711 5429 725 5479 ;
757 5412 884 5466 ὅταν
917 5413 1230 5479 σιωπῶντος
1263 5416 1336 5486 μὴ
1361 5415 1744 5489 ἀποκρίνηται,
1772 5418 1804 5489 ἢ

197 5488 298 5581 (in
320 5488 580 5581 λέγοντος;
618 5500 839 5563 Πάντως
866 5503 995 5557 ὅταν
1025 5503 1297 5572 λέγοντος.
1329 5505 1493 5558 Ὥστε
1515 5488 1520 5489 ν
1543 5507 1742 5577 μείζων

199 5573 322 5667 ’ξ’ίρις
341 5579 442 5641 νῦν.
475 5586 600 5640 ὅταν
639 5589 734 5641 καὶ
789 5589 1159 5661 φθεγγομένου
1195 5591 1269 5664 ph
1308 5573 1568 5667 ἀκούσῃς’,
1604 5573 1806 5666 μείζων

200 5657 619 5751 ᾖξαταφρόνησις.
649 5677 745 5746 Μὴ
784 5657 1022 5734 λαλεῖτέ
1049 5657 1216 5748 ἡμῖν,
1250 5657 1407 5751 φησὶ,
1462 5657 1628 5738 τὲἆλαί
1677 5657 1806 5737 Ίνου-

203 5742 306 5801 ialm
325 5757 424 5820 τοῖς
460 5742 756 5835 προφήταις
784 5765 986 5835 ἔλεγονο
1044 5742 1210 5840 ὑμεῖς
1253 5742 1526 5842 χεῖρον
1580 5775 1805 5838 ποιεῖτε,

257 5935 277 6018 ξ
309 5940 427 5994 linus
447 5950 764 6018 ﬁnge?”
795 5955 880 6018 ἦν..
897 5955 1027 6018 ’Ὅρα
1054 5957 1154 6012 πῶς

323 6021 380 6088 ff}
401 6024 417 6088 '_
435 6010 534 6078 ,οὐκ
557 6001 825 6088 ᾐξέῦκολρέ
844 6015 925 6088 "0
943 6001 1037 6088 γὰρ
1056 6001 1335 6088 ετρᾶςιςῆτης.Δ
1363 6001 1403 6088 rf
1425 6019 1602 6088 _Morel.
1631 6001 1805 6078 ἐνῦοίάξ

225 6055 240 6082 ⁸
256 6060 284 6078 Ι.
435 6071 443 6078 l
458 6055 465 6056 ί
486 6055 494 6056 ί
510 6055 533 6057 νε
563 6055 605 6068 Ί-
626 6055 816 6071 ν---σπ-τν
889 6055 922 6064 ν
962 6055 1036 6079 ιν-ισ
1061 6055 1310 6080 --ιινντσιυιν
1433 6055 1484 6068 ηδ’

227 6071 310 6113 4ιωί
328 6082 491 6130 ιαιρσν.
555 6071 581 6112 ἀ
602 6074 735 6126 Unus
757 6077 984 6136 ἐκκλησία
1007 6093 1020 6140 ;
1051 6081 1196 6138 δῆσον
1230 6082 1288 6128 τα
1312 6082 1484 6144 βιϐλία.

1314 5963 1524 6018 τιμᾶται.
1594 5960 1622 6000 b
1671 5959 1807 6009 Unus

1889 662 2234 733 ἀπέστρεφον
2273 662 2471 724 αὐτοὺς
2509 657 2645 729 μηδὲ
2675 656 3032 726 φθέγγεσθαι,
3067 658 3143 722 ὡς
3199 658 3307 711 ἀπὸ
3331 658 3431 726 τῆς
3453 675 3564 726 φω-

1891 751 1987 820 νῆς
2012 749 2294 820 δεχόμενοί
2323 766 2443 802 τινα
2491 745 2778 809 εὐλαϐείας
2813 746 3090 817 ἀφορμήν·
3164 748 3322 815 ὑμεῖς
3383 747 3438 798 δὲ
3464 813 3473 819 _
3501 747 3566 820 ἐκ

1891 839 2095 909 πολλῆς
2125 839 2588 910 καταφρονήσεως
2608 836 2728 892 ούδέ
2752 834 2909 888 τοῦτο
2937 839 3160 890 ποιεῖτε.
3206 836 3569 897 Πιστεύσατε,

1890 929 1939 980 εί
1967 927 2035 980 τά
2068 927 2314 998 στόματα
2335 929 2466 998 ἡμῖν
2494 925 2849 996 ἐνεφράξατε.
2872 924 2971 986 τὰς
2994 928 3179 996 χεῖρας
3211 924 3485 987 ἐπιθέντες
3516 935 3567 988 ο,

1889 1017 1990 1069 οὐκ
2017 1011 2085 1087 ἦν
2110 1015 2348 1087 τοσαύτη
2368 1017 2402 1086 ὴ
2432 1014 2588 1087 ὕϐρις
2609 1016 2706 1084 ὅση
2732 1012 2846 1068 νῦν.
2869 1012 3006 1066 Εἱπέ
3028 1013 3140 1083 γάρ
3167 1030 3280 1082 μοι,
3305 1015 3333 1065 6
3355 1012 3572 1065 ἁκούων

1893 1105 1986 1156 καὶ
2022 1104 2098 1174 μὴ
2162 1103 2507 1175 πειθόμενος,
2565 1101 2828 1174 μειζόνως
2881 1102 3232 1171 καταφρονεῖ,
3287 1099 3377 1170 ἢὸ
3435 1097 3572 1170 μηδέ

1891 1190 2108 1244 ἀκούων
2128 1208 2143 1256 ;

1963 1283 2024 1332 ε’.
2061 1276 2219 1331 Ἀλλά
2272 1277 2404 1349 φέρε
2439 1277 2532 1330 ἐπὶ
2581 1276 2790 1347 ὕϐρεως
2826 1274 2889 1328 τὸ
2923 1276 3156 1346 πρᾶγμα
3205 1273 3570 1343 ἐξετάσωμεν·

1892 1364 1962 1419 El
2000 1382 2085 1430 τις
2134 1365 2227 1418 τὸν
2279 1364 2570 1435 ὑϐρίζοντα
2629 1364 2888 1434 κατέχοι,
2945 1363 3040 1416 καὶ
3108 1360 3449 1430 ἐπιστομίζοι
3501 1359 3576 1423 ὼς

1892 1452 2074 1521 ἀλγῶν
2125 1453 2246 1517 ταῖς
2285 1450 2529 1522 ὕϐρεσιν,
2573 1451 2757 1521 ἕτερος
2814 1450 2872 1504 δέ
2921 1450 3055 1521 μηδὲ
3115 1447 3389 1519 φροντίζοι
3440 1447 3577 1518 μηδέ

1894 1543 2260 1612 προσποιοῖτο,
2291 1541 2374 1604 τίς
2418 1540 2618 1610 μᾶλλον
2646 1541 2997 1610 καταφρονεῖ;
3030 1538 3128 1608 οὐχ
3161 1531 3352 1601 οῦτος;
3397 1537 3575 1588 Ἐκεῖ-

1894 1647 1983 1693 νος
2039 1629 2138 1700 μὲν
2195 1617 2305 1700 γὰρ
2355 1629 2634 1700 ἐμφαίνει,
2689 1628 2770 1682 ὅτι
2841 1626 3058 1698 πληγὴν
3107 1627 3359 1696 δέχεται·
3424 1617 3577 1688 οῦτος

1893 1717 1952 1771 δὲ
2002 1716 2284 1788 μονονουχὶ
2309 1717 2370 1770 τὸ
2420 1717 2597 1787 στόμα
2626 1716 2929 1787 ἐμφράττει
2955 1714 3051 1768 τοῦ
3089 1713 3245 1768 Θεοῦ.
3287 1712 3579 1784 Ἐφρίξατε

1893 1804 1956 1857 τὸ
2014 1803 2212 1877 ρηθένς
2267 1803 2406 1858 Ἀλλ’
2461 1805 2625 1860 ἄκουε
2677 1805 2773 1857 καὶ
2838 1803 2958 1868 πῶς
3009 1800 3168 1856 τοῦτο
3217 1800 3446 1870 γίνεται.
3507 1799 3581 1852 Τὸ

1897 1892 2089 1962 στόμα,
2133 1892 2199 1945 δι’
2238 1886 2298 1947 οὗ
2335 1894 2362 1946 6
2399 1892 2531 1955 Θεὸς
2564 1890 2882 1960 φθέγγεται,
2925 1890 3100 1960 στόμα
3139 1890 3258 1943 ἐστὶ
3291 1887 3386 1941 τοῦ
3419 1886 3576 1941 Θεοῦ.

1894 1981 2164 2052 Καθάπερ
2209 1981 2317 2052 γὰρ
2356 1980 2515 2033 τοῦτο
2557 1980 2619 2033 τὸ
2657 1981 2831 2049 στόμα
2869 1979 2969 2049 τῆς
3007 1978 3189 2048 ψυχῆς
3243 1979 3399 2048 ἡμῶν
3441 1977 3579 2040 ἐστι,

1895 2068 2071 2123 καίτοι
2099 2068 2274 2140 ψυχῆς
2321 2069 2420 2122 οὐκ
2450 2066 2680 2139 ἐχούσης
2710 2066 2886 2137 στόμα
2908 2083 2924 2100 ·
2976 2065 3120 2119 οὕτω
3149 2065 3242 2118 καὶ
3288 2064 3350 2117 τὸ
3406 2062 3585 2134 στόμα

1893 2157 2004 2211 τῶν
2043 2156 2339 2229 προφητῶν
2397 2157 2571 2227 στόμα
2625 2156 2743 2209 ἐστὶ
2787 2153 2881 2208 τοῦ
2935 2153 3093 2208 Θεοῦ.
3141 2151 3437 2206 Ἀκούσατε
3489 2153 3585 2206 καὶ

1896 2245 2142 2318 φρίξατε.
2171 2245 2365 2309 Κοινὸς
2396 2245 2662 2307 διάκονος.
2685 2243 2921 2312 ἕστηκεν
2957 2241 2986 2294 6
3014 2241 3258 2304 διάκονος
3301 2241 3446 2312 μέγα
3493 2239 3586 2310 βο-

1895 2333 1972 2387 ῶν
2003 2333 2101 2386 καὶ
2130 2331 2325 2400 λέγων·
2362 2331 2762 2400 Πρόσχωμεν·
2800 2329 2896 2382 καὶ
2911 2326 3069 2382 τοῦτο
3097 2325 3378 2390 πολλάκις.
3420 2324 3588 2380 Ἐκεί-

1895 2439 1960 2492 νη
1996 2422 2030 2493 ἡ
2059 2421 2212 2492 φωνὴ
2235 2419 2389 2489 κοινὴ
2420 2418 2521 2488 τῆς
2562 2417 2892 2489 Ἐκκλησίας
2925 2417 3096 2481 ἐστὶν,
3147 2417 3212 2487 ῆν
3245 2407 3400 2479 οὗτος
3433 2411 3585 2487 [160]

1897 2508 2112 2580 ἀφίησι,
2146 2507 2242 2562 καὶ
2263 2507 2437 2569 οὐδεὶς
2461 2507 2491 2558 6
2529 2506 2834 2577 προσέχων.
2878 2505 3012 2558 Μετ’
3066 2504 3272 2558 ἐκεῖνον
3298 2503 3524 2574 ἄρχεται
3557 2503 3588 2554 6

1897 2596 2250 2666 ἀναγνώστης
2286 2596 2386 2667 τῆς
2417 2593 2752 2665 προφητείας
2799 2593 3025 2646 Ἡσαΐου
3047 2607 3062 2622 ο
3111 2591 3208 2644 καὶ
3259 2591 3382 2644 οὐδὲ
3443 2587 3586 2645 οὕτω

1901 2687 2163 2754 προσέχει
2190 2701 2273 2746 τις
2297 2724 2311 2747 ,
2374 2683 2553 2737 καίτοι
2582 2681 2893 2752 προφητεία
2913 2680 3066 2733 οὐδὲν
3089 2677 3431 2749 ἀνθρώπινον
3449 2676 3583 2747 ἔχει.

1899 2766 2034 2827 Εἶτα
2076 2774 2156 2834 είς
2197 2771 2432 2842 ἐπήκοον
2463 2771 2699 2839 ἐκφωνεῖ
2727 2767 2923 2837 λέγων,
2971 2766 3124 2820 Τάδε
3155 2765 3320 2834 λέγει
3351 2764 3584 2832 Κύριος,

1901 2865 1995 2918 καὶ
2044 2863 2165 2917 οὐδὲ
2211 2863 2354 2916 οὓτω
2406 2862 2661 2934 προσέχει
2721 2877 2826 2923 τις.
2868 2858 2933 2912 Τί
2976 2857 3154 2926 λέγως
3199 2855 3414 2926 Φοϐερά
3464 2871 3589 2908 τινα

1899 2951 2231 3022 διεξέρχεται
2281 2951 2376 3004 καὶ
2423 2948 2692 3020 φρικώδη,
2723 2949 2818 3002 καὶ
2861 2945 2986 3001 οὐδὲ
3035 2944 3210 3008 οὓτως
3266 2943 3380 2997 ἐστι
3415 2960 3498 3007 τις
3556 2943 3588 2994 6

1903 3040 2203 3112 προσέχων.
2242 3039 2402 3092 Ἀλλὰ
2443 3038 2527 3101 τίς
2580 3039 2609 3090 6
2654 3037 2811 3104 λόγος
2837 3035 2947 3089 τῶν
2971 3033 3212 3100 πολλῶν;
3250 3034 3384 3098 Ἀεὶ,
3428 3034 3584 3103 φησὶ,

1901 3130 1970 3183 τὰ
2003 3128 2142 3181 αὐτὰ
2180 3126 2635 3194 ἀναγινώσκεται.
2673 3125 2844 3178 Τοῦτο
2886 3124 3124 3195 μάλιστα
3175 3124 3319 3194 ὑμᾶς
3346 3121 3583 3176 ἀπόλλυ-

1904 3234 2010 3271 σιν.
2043 3217 2105 3269 Εἰ
2144 3216 2240 3286 μὲν
2280 3212 2372 3268 οὖν
2401 3215 2576 3285 ᾔδειτε
2626 3214 2785 3276 αὐτὰ,
2841 3213 3075 3283 μάλιστα
3115 3213 3214 3282 μὲν
3247 3210 3369 3263 οὐδὲ
3414 3210 3587 3271 οὓτως

1903 3305 2204 3375 ἀπέχεσθαι
2241 3305 2378 3357 ἔδει·
2443 3303 2566 3356 ἐπεὶ
2626 3303 2721 3356 καὶ
2776 3303 2836 3355 ἐν
2879 3305 2993 3365 τοῖς
3040 3302 3290 3372 θεάτροις
3335 3301 3423 3353 ἀεὶ
3462 3299 3481 3338 ί
3521 3300 3590 3353 τὰ

1904 3395 2042 3446 αύτά
2073 3394 2301 3464 γίνεται,
2342 3393 2435 3446 καὶ
2485 3393 2635 3459 ὅμως
2666 3392 2726 3444 ού
2780 3391 3090 3461 λαμϐάνετε
3126 3389 3308 3461 κόρον.
3348 3391 3481 3442 Ποῖα
3518 3388 3588 3442 τὰ

1903 3481 2043 3534 αὐτὰ
2072 3481 2276 3552 τολμᾷς
2305 3482 2497 3543 εἰπεῖν,
2530 3482 2558 3533 6
2600 3479 2736 3550 μηδὲ
2774 3479 2883 3534 τῶν
2915 3478 3210 3550 προφητῶν
3244 3479 3312 3532 τὰ
3343 3477 3588 3547 ὀνόματα

1905 3566 2099 3632 είδὼςς
2135 3569 2251 3619 Οὐκ
2284 3565 2516 3637 αἰσχύνῃ
2561 3565 2734 3633 λέγων
2765 3566 2864 3636 μὲν
2889 3565 2976 3618 διὰ
3003 3564 3161 3616 τοῦτο
3218 3564 3292 3636 ph
3344 3563 3584 3627 ἀκούειν,

1901 3653 2091 3723 ἐπειδὴ
2128 3652 2197 3705 τὰ
2227 3652 2365 3705 αύτά
2394 3653 2481 3705 ἀεὶ
2509 3651 2982 3720 ἀναγινώσκεται,
3026 3652 3127 3703 ούκ
3153 3650 3308 3716 εἰδὼς
3355 3651 3412 3704 δὲ
3465 3651 3588 3704 οὐδὲ

1901 3741 1972 3794 τὰ
2001 3740 2238 3810 ὀνόματα
2279 3739 2387 3792 τῶν
2438 3740 2984 3810 ἀναγινωσκομένων,
3039 3741 3135 3794 καὶ
3189 3738 3361 3792 ταῦτα
3400 3739 3487 3792 ἀεὶ
3518 3740 3588 3793 τὰ

1903 3828 2040 3882 ἀί)τά
2073 3827 2318 3893 ἀκούων,
2376 3829 2487 3881 Καὶ
2530 3829 2638 3898 γὰρ
2694 3829 2758 3880 σὺ
2809 3827 3188 3899 ὡμολόγησας,
3225 3828 3308 3880 ὅτι
3353 3826 3420 3879 τά
3449 3826 3589 3880 αύτά

1903 3917 2117 3986 λέγεται
2153 3917 2200 3970 ⁸.
2256 3915 2395 3985 Ἐγὼ
2445 3919 2494 3969 εί
2555 3917 2738 3985 ἔλεγον
2791 3918 2872 3979 είς
2911 3917 3242 3987 κατηγορίαν
3298 3914 3589 3986 προφέρων

1903 4005 2081 4072 τοῦτο,
2120 4004 2180 4056 σὲ
2229 4005 2395 4075 ἐχρῆν
2442 4006 2526 4074 ἐφ’
2563 4003 2754 4075 ἐτέραν
2800 4003 3096 4073 ἀπολογίαν
3147 4003 3342 4067 ἐλθεῖν,
3383 4003 3457 4074 ph
3496 4001 3590 4054 ἐπὶ

1903 4093 2002 4164 τὴν
2031 4093 2364 4163 κατηγορίαν
2387 4092 2485 4163 τὴν
2514 4094 2634 4164 σήν.
2665 4091 2799 4144 Εἰπέ
2838 4109 2949 4162 μοι,
2983 4093 3048 4144 σὺ
3075 4091 3135 4143 ού
3178 4092 3465 4160 παραινεῖς
3509 4087 3590 4159 τῷ

1904 4179 2005 4250 υἱῷ
2031 4179 2111 4250 τῷ
2149 4179 2259 4250 σῷ;
2314 4179 2412 4232 Ἂν
2440 4175 2533 4233 οῦν
2560 4175 2714 4243 οὗτος
2740 4180 2893 4250 εἴπῃ,
2934 4178 3015 4232 ὅτι
3056 4178 3166 4231 Ἀεὶ
3192 4179 3260 4231 τά
3289 4177 3448 4242 αὐτὰ,
3479 4173 3592 4249 ἆρα

1903 4269 2004 4338 οὐχ
2041 4270 2146 4338 ἡγῇ
2171 4265 2326 4338 ὓϐριν
2355 4263 2522 4333 eheu;
2565 4266 2699 4319 Τότε
2725 4267 2853 4337 ἐνῆν
2894 4267 2970 4338 μὴ
3003 4267 3184 4334 λέγειν
3214 4266 3284 4320 τὰ
3313 4265 3473 4330 αὐτὰ,
3498 4266 3588 4319 ὅτε

1905 4354 2045 4409 αὐτὰ
2100 4354 2196 4408 καὶ
2239 4355 2481 4426 ᾔδειμεν,
2511 4355 2606 4407 καὶ
2632 4354 2720 4408 διὰ
2750 4354 2860 4408 τῶν
2895 4354 3072 4426 ἔργων
3115 4353 3548 4425 ἐπεδεικνύμεθα
3569 4369 3586 4386 °

1909 4443 2108 4514 μᾶλλον
2135 4443 2192 4496 δὲ
2219 4442 2340 4496 οὐδὲ
2372 4441 2493 4494 τότε
2527 4443 2757 4514 περιττὴ
2788 4443 2821 4513 ἠ
2851 4443 3180 4512 ἀνάγνωσις.
3233 4441 3298 4494 Τί
3322 4441 3586 4513 Τιμοθέου

1907 4531 2059 4599 ῖσον;
2096 4529 2235 4583 Ἀλλ’
2262 4531 2413 4601 ὅμως
2442 4531 2536 4585 καὶ
2583 4531 2776 4602 ἐκείνῳ
2809 4532 3036 4602 γράφων
3069 4533 3098 4584 6
3144 4529 3354 4594 Παῦλος
3396 4530 3548 4600 ἐλεγε
3569 4547 3585 4562 ο

1905 4621 2176 4688 Πρόσεχε
2209 4617 2284 4686 τῇ
2315 4617 2673 4688 ἀναγνώσει,
2702 4618 2780 4688 τῇ
2831 4618 3210 4688 παρακλήσει
3241 4621 3293 4673 Ιι.
3343 4621 3418 4673 Οὐ
3478 4619 3587 4691 γὰρ

1905 4706 2073 4770 ἐστιν,
2102 4707 2203 4760 οὐκ
2239 4707 2387 4758 ἐστιν
2417 4705 2808 4777 ἐξαντληθῆναί
2849 4723 2980 4760 ποτε
3006 4707 3098 4759 τὸν
3133 4705 3258 4760 νοῦν
3282 4705 3390 4759 τῶν
3447 4706 3589 4777 Γρα-

1906 4795 2022 4865 φῶν
2046 4811 2061 4824 °
2097 4795 2244 4866 πηγή
2277 4795 2361 4859 τίς
2399 4797 2545 4848 ἐστιν
2575 4795 2673 4847 οὐκ
2705 4794 2902 4864 ἔχουσα
2950 4795 3144 4866 πέρας.
3201 4791 3388 4861 Εἶπον,
3435 4795 3588 4847 Ἐσοο

1907 4885 2128 4956 φίσθην,
2161 4885 2314 4955 φησὶ,
2331 4885 2424 4937 καὶ
2448 4885 2567 4938 τότε
2595 4885 2806 4956 ἀπέστη
2833 4883 2927 4938 ἀπ’
2957 4883 3092 4955 ἐμοῦ
3119 4887 3168 4938 ί.
3193 4883 3456 4937 Βούλεσθε
3479 4883 3589 4936 6e!-

1908 4976 2005 5042 ξω,
2033 4976 2113 5029 ὅτι
2159 4975 2258 5027 οὐκ
2287 4973 2400 5028 ἐστι
2430 4974 2498 5026 τὰ
2523 4974 2696 5038 αύτά;
2754 4973 2960 5037 Πόσους
3012 4971 3264 5044 νομίζετε
3305 4973 3586 5045 εἰρηκέναι

1905 5068 1984 5130 είς
2028 5065 2042 5115 J'
2111 5067 2180 5119 τά
2226 5064 2565 5134 Εὐαγγέλια;
2620 5064 2760 5116 Ἀλλ’
2812 5056 2960 5116 οὗτοι
3023 5064 3225 5126 πάντες
3269 5062 3436 5130 ξένως
3493 5062 3588 5114 καὶ

1907 5153 2109 5217 καινῶς
2136 5149 2306 5208 εἷπον.
2335 5154 2486 5224 Ὅσῳ
2512 5153 2621 5224 γὰρ
2654 5153 2718 5207 ἄν
2754 5169 2836 5216 τις
2868 5155 3050 5218 αὐτοῖς
3077 5151 3410 5224 ἐνδιατρίϐῃ,
3461 5166 3586 5202 τοσ-

1905 5242 2047 5313 ούτῳ
2071 5240 2324 5313 ὀξύτερον
2359 5241 2569 5310 βλέπει,
2598 5243 2837 5312 τοσούτῳ
2863 5241 3024 5294 πλέον
3069 5242 3170 5312 ὁρᾷ.
3196 5240 3254 5293 τὸ
3286 5239 3399 5309 φῶς
3425 5236 3587 5290 καθα-

1908 5332 2020 5405 ράν.
2059 5330 2190 5384 Ἰδοὺ
2223 5330 2362 5381 πόσα
2394 5329 2568 5398 λέγω’
2619 5329 2684 5382 Τί
2721 5331 2839 5383 ἐστι
2873 5331 3217 5402 προφητείας
3248 5328 3438 5380 εἴπατε
3459 5343 3472 5356 ο
3529 5325 3584 5381 τί

1905 5421 2023 5472 ἐστι
2072 5418 2435 5488 διηγήματα;’
2485 5417 2536 5469 τί
2587 5419 2704 5472 ἐστι
2770 5418 3084 5488 παραϐολή;
3128 5416 3180 5470 τί
3219 5419 3364 5469 ἐστιν
3420 5414 3584 5486 ἀλλη-

1906 5507 2100 5580 γορία;
2145 5507 2199 5561 τί
2228 5509 2342 5560 ἐστι
2366 5506 2563 5571 τύπος;
2589 5507 2640 5559 τί
2666 5508 2782 5558 ἐστι
2818 5505 3118 5576 σύμϐολον;
3149 5504 3201 5556 τί
3228 5505 3375 5556 ἐστιν
3404 5503 3584 5574 Εὐαγ-

1905 5598 2094 5668 γέλια;
2149 5595 2320 5650 Τοῦτο
2348 5596 2411 5664 δὴ
2443 5595 2601 5665 μόνον
2633 5595 2821 5647 εἴπατέ
2877 5612 2964 5664 μοι
3017 5594 3077 5646 τὸ
3112 5592 3364 5664 φανερὸν,
3408 5592 3494 5646 διὰ
3531 5592 3583 5645 τί

1906 5685 2214 5754 Εὐαγγέλια
2259 5685 2512 5754 εἴρηται;
2569 5681 2760 5736 halm:
2806 5681 3063 5746 πολλάκις
3096 5680 3584 5752 ἠκούσατε,ὃτιτά

1971 5840 1994 5867 ⁸
2025 5836 2158 5885 Unus
2179 5835 2284 5882 cod.
2305 5833 2465 5896 χεῖρας
2521 5835 2862 5896 προστιθέντες.
2934 5830 2952 5871 ί
2984 5833 3445 5896 Αιὶἱ-θεάτροιςηούκ
3488 5833 3579 5882 ἀεί.

1972 5901 1996 5937 ε
2024 5897 2180 5945 Verba
2204 5894 2345 5956 ang;
2363 5894 2570 5955 λέγεται,
2605 5898 2775 5942 absunt
2797 5895 2856 5942 ab
2883 5910 2980 5944 uno
3001 5894 3190 5945 codice.
3223 5894 3230 5896 ’
3266 5894 3292 5931 ιι
3320 5895 3495 5951 Verba,
3521 5899 3579 5956 τῇ

1906 5961 2223 6018 παρακλήσει,
2244 5953 2588 6018 ιίινείιιρτκιιιυι·
2611 5957 2658 6002 in
2694 5959 2886 6004 eodem.
2957 5957 2972 5997 1
3018 5959 3184 6016 Εἶπον,
3237 5956 3554 6018 ἰἰσοφίσθηνη

1908 6016 1990 6086 ᾀπί
2018 6017 2166 6086 ἐμοῦ..
2187 6019 2298 6086 ηενρ
2332 6031 2427 6086 non!
2458 6017 2599 6066 video
2625 6019 2873 6086 _qunm9do
2909 6034 3018 6068 cum
3048 6016 3441 6086 pracedeulibus
3458 6029 3578 6080 qua-

1917 6084 2079 6134 dreuL.
2155 6081 2169 6130 ι
2203 6081 2344 6129 Alius
2369 6081 2509 6128 πόσοι
2528 6082 2736 6138 νομίζετε
2761 6081 3002 6142 εἰρηκασιν
3024 6081 3103 6138 εἷς.
