3946 6442
208 395 304 459 137
1018 360 1027 371 ἡ
1203 392 1268 449 ιΝ
1308 389 1487 447 ACTA
1526 388 2049 447 AI’DSTULORUM.
2095 391 2324 449 liOMlL.
2366 394 2485 451 XX.

210 511 336 570 bona
358 522 669 569 constitere
692 531 706 569 :
734 510 847 566 haec
868 509 995 565 vero
1012 509 1290 565 innumera
1311 508 1508 565 habent
1532 506 1771 563 facienda
1792 523 1809 575 ;

209 603 506 680 cuiusmodi
535 614 670 661 sunt
696 603 807 658 haec
837 620 849 656 :
881 600 945 658 Si
967 604 1077 673 quis
1104 618 1208 658 non
1235 602 1342 657 odit
1371 611 1566 669 patrem
1589 616 1735 655 suum
1764 607 1811 653 et

216 706 445 765 statum,
480 713 597 751 non
636 707 706 750 est
741 712 817 749 me
846 695 1029 767 dignus
1055 691 1222 768 (Luc.
1264 696 1353 748 si.
1398 692 1543 762 i6);
1575 700 1661 757 et,
1690 690 1811 746 Non

224 793 311 849 sui
330 776 527 862 pacem
553 790 753 845 mittere
779 789 833 843 in
858 799 1069 853 terram,
1100 787 1189 842 sed
1212 786 1444 859 gladium
1466 783 1690 854 (Matth.
1720 783 1807 840 10.

229 887 294 942 Si.
334 881 466 939 Luc.
506 883 607 938 12.
636 884 696 938 51
720 884 737 952 )
763 898 777 944 ;
828 890 909 947 et,
941 879 1335 935 Tribulationem
1362 880 1415 932 in
1444 877 1632 931 mundo
1658 874 1813 929 habe-

3436 408 3543 468 58”

1921 507 2143 564 omnino
2172 502 2502 579 Scriptum?
2522 512 2681 583 Atqui
2702 512 3027 570 contrarium
3054 516 3187 574 dicit
3211 532 3364 581 vetus
3384 523 3469 580 lex
3494 540 3512 580 :

1916 596 2063 654 Dabo
2109 601 2245 657 vobis
2290 602 2662 691 Testamentum
2717 604 2963 680 Novum(
2981 608 3092 665 Jer.
3121 611 3210 666 31.
3242 613 3375 684 51).
3406 615 3512 673 libi

1915 703 2039 745 sunt
2069 691 2124 755 ii,
2156 693 2247 764 qui
2275 693 2479 761 dicunt,
2503 694 2728 766 Semper
2775 698 3002 753 eadem?
3049 700 3107 757 Si
3135 701 3252 758 haec
3272 706 3577 768 sciretis?!

1914 783 2057 852 quod
2084 783 2129 839 si
2158 783 2318 841 homo
2337 786 2525 843 decem
2549 789 2693 844 mille
2717 791 2871 846 annis
2900 793 3128 863 viveret,
3150 809 3256 850 non
3286 798 3394 855 sint
3423 760 3583 867 ta-ié

1916 892 2038 932 men
2062 878 2273 948 eadem,
2304 880 2420 936 haec
2444 897 2549 937 non
2585 882 2857 940 diceretis.
2886 883 3124 954 Credite,
3150 889 3283 945 nihil
3311 890 3503 949 horum
3521 868 3582 913 Ψ

229 979 316 1034 litis
338 976 539 1049 (Joan.
604 977 687 1032 l6.
737 972 858 1048 55).
894 973 1122 1031 Pulchra
1151 972 1397 1043 quidem;
1426 973 1520 1026 sed
1552 985 1657 1025 non
1685 978 1812 1025 sunt

229 1068 500 1140 evangelia.
561 1067 912 1138 Evangeliutn
973 1080 1203 1136 namque
1251 1063 1354 1119 hoc
1395 1071 1520 1118 est:
1551 1061 1676 1116 llaec
1714 1059 1809 1115 tibi

225 1163 339 1218 bona
361 1170 527 1216 erunt
559 1178 575 1214 :
605 1169 661 1215 ut
688 1161 861 1215 solent
891 1158 1139 1214 homines
1169 1157 1309 1212 inter
1333 1170 1393 1212 se
1412 1154 1594 1211 dicere
1625 1172 1638 1209 :
1670 1152 1811 1221 Quid

226 1254 335 1308 mihi
358 1262 435 1308 est
467 1253 877 1323 evangeliorum
894 1250 925 1304 τ
943 1259 1095 1320 pater
1138 1259 1260 1304 tuus
1285 1247 1489 1309 veniet,
1516 1246 1603 1301 vel
1635 1253 1810 1301 mater

226 1354 324 1401 tua.
360 1344 473 1399 Non
500 1346 717 1411 dicunt,
748 1344 872 1398 llarc
910 1342 1090 1397 facito.
1142 1341 1372 1396 Rursum
1398 1340 1485 1394 dic
1507 1337 1655 1401 mihi,
1680 1338 1807 1410 quid

228 1437 455 1495 dill‘erant
475 1438 598 1493 haec
623 1453 658 1493 a
681 1434 1008 1508 proliheticis
1034 1455 1047 1492 :
1071 1451 1168 1491 cur
1196 1452 1301 1490 non
1332 1443 1389 1490 et
1416 1433 1502 1489 illa
1534 1434 1807 1504 evangelia

233 1530 491 1588 dicuntur?
532 1545 667 1584 nam
707 1539 763 1585 et
804 1530 891 1584 illa
933 1528 1119 1585 eadem
1161 1527 1373 1593 dicunt;
1428 1526 1573 1580 verbi
1623 1542 1804 1587 causa,

249 1621 389 1677 Saliet
429 1622 538 1675 sicut
600 1637 776 1675 cervus
820 1620 1030 1675 claudus
1059 1618 1228 1689 (Isai.
1285 1619 1373 1674 '55.
1409 1619 1480 1689 6)
1512 1639 1525 1673 :
1559 1616 1807 1670 Dominus

252 1714 566 1767 delituerme
604 1713 1060 1784 euangelizantibus
1106 1709 1292 1784 (Psal.
1341 1709 1428 1764 67.
1479 1707 1582 1779 12)
1613 1727 1626 1763 :
1658 1707 1804 1761 Dubo

249 1809 355 1860 root}:
382 1808 557 1860 calum
609 1823 793 1861 novum
820 1816 866 1861 et
896 1818 1082 1861 terram
1108 1821 1291 1859 nouam
1309 1804 1327 1876 (
1345 1802 1478 1858 Isai.
1536 1803 1626 1857 65.
1675 1803 1741 1858 17
1762 1806 1801 1873 ).

237 1899 322 1950 Cur
356 1913 454 1952 non
480 1907 540 1952 et
579 1898 672 1952 illa
702 1899 977 1968 evangelia
1021 1896 1316 1952 vocantur?
1361 1911 1458 1951 cur
1486 1911 1594 1950 non
1622 1907 1670 1949 et
1706 1896 1806 1949 hoc

228 1989 475 2059 prophetia
495 1989 744 2044 dicitur?
770 1988 921 2056 Quod
949 1989 993 2043 si
1026 1989 1328 2043 nescientes
1358 1986 1487 2056 quid
1510 1987 1617 2040 sint
1639 2002 1803 2039 evan-

224 2082 373 2148 gelia,
401 2082 480 2136 sic
529 2082 824 2137 lectionem
874 2080 1272 2150 Scripturarum
1329 2078 1644 2149 deSpicitis,
1676 2078 1803 2148 quid

222 2174 376 2227 dit-am
397 2176 550 2229 vobis
569 2175 597 2228 ἲ
622 2175 800 2229 Dicam
823 2183 877 2228 et
895 2173 1042 2229 aliud
1067 2193 1081 2229 :
1106 2170 1213 2227 Cur
1237 2182 1466 2243 quatuor
1482 2172 1804 2241 Evangelia?

216 2280 300 2318 cur
320 2280 420 2319 non
441 2265 677 2321 decem?
698 2281 794 2320 cur
819 2280 922 2319 non
947 2263 1178 2335 viginti?
1202 2278 1301 2318 cur
1321 2277 1426 2318 non
1456 2263 1605 2317 multi
1631 2264 1806 2316 Evan-

217 2357 337 2428 gelia
365 2359 612 2415 scribere
653 2369 779 2415 sunt
803 2346 1037 2429 aggressi
1064 2359 1118 2412 ‘?
1143 2373 1239 2413 cur
1264 2372 1370 2413 non
1394 2358 1570 2413 unus?
1595 2374 1691 2413 cur
1717 2356 1800 2411 di-

216 2449 431 2519 scipuli?
480 2465 587 2506 cur
639 2466 747 2507 non
797 2449 858 2524 ii,
889 2450 981 2521 qui
1022 2449 1268 2520 discipuli
1307 2464 1416 2504 non
1462 2449 1661 2504 erant?
1707 2462 1805 2501 cur

271 2652 455 2724 {Alius
492 2654 686 2711 habet,
720 2666 808 2724 cur
830 2666 921 2704 non
954 2651 1123 2715 viginti
1149 2651 1174 2703 ?
1205 2650 1448 2714 siquidem
1479 2650 1620 2701 multi
1642 2647 1806 2700 conati

219 2720 315 2765 mu
335 2720 571 2766 ordinare
590 2720 930 2765 narrationem.

1914 969 2068 1024 vobis
2092 969 2265 1025 dicam
2287 1013 2302 1036 ,
2333 987 2440 1027 non
2472 973 2743 1044 privatim,
2777 992 2882 1031 non
2913 978 3156 1048 publice;
3189 982 3284 1038 sed
3311 984 3356 1039 si
3388 987 3507 1054 quis

1916 1060 2205 1131 invenerit,
2237 1080 2505 1133 annuam;
2534 1069 2616 1123 sin
2649 1070 2849 1139 minus,
2899 1072 3094 1128 sinam.
3127 1075 3216 1130 Sic
3246 1092 3344 1133 vos
3376 1078 3507 1134 feci-

1914 1170 2035 1210 mus
2071 1154 2292 1213 inutiles
2310 1198 2324 1224 ,
2353 1172 2569 1229 semper
2610 1162 2791 1217 omnia
2820 1173 3069 1235 prompte
3097 1165 3338 1224 dicentes
3363 1212 3378 1236 ,
3411 1185 3509 1227 nec

1913 1247 2126 1319 quando
2167 1258 2378 1319 oportet
2411 1261 2727 1311 renuentes.
2779 1256 2921 1311 Ecce
2948 1256 3156 1314 habetis
3184 1262 3509 1331 qumstiones

1914 1340 2110 1396 multas
2138 1359 2150 1395 :
2181 1344 2540 1410 considerate,
2566 1344 2729 1402 dicite
2759 1361 2995 1404 causam.
3046 1346 3154 1405 Cur
3181 1351 3509 1423 Evangelia?

1912 1444 2012 1485 cur
2051 1447 2157 1486 non
2204 1434 2545 1502 pmphetim?
2597 1451 2695 1490 cur
2729 1450 2813 1501 ea,
2843 1452 2964 1508 quae
2995 1437 3240 1497 facienda
3283 1452 3430 1512 sunt,
3453 1446 3508 1501 in

1915 1523 2257 1594 Evangeliis?
2308 1525 2376 1580 Et
2421 1527 2466 1579 si
2516 1525 2605 1582 hic
2648 1527 2876 1593 dubitet,
2906 1529 3046 1586 alius
3075 1543 3300 1601 quaarat,
3333 1543 3389 1590 et
3412 1550 3507 1590 sua

1913 1616 2034 1669 aliis
2069 1628 2257 1672 mutuo
2299 1616 2625 1673 conferant:
2659 1619 2875 1675 demum
2906 1635 3003 1677 nos
3030 1622 3326 1679 silebimus.
3374 1625 3507 1681 Nam

1915 1708 1959 1762 si
2002 1707 2145 1763 dicta
2192 1708 2345 1764 vobis
2373 1709 2500 1763 nihil
2533 1708 2869 1779 profuerunt,
2899 1714 3070 1768 multo
3100 1715 3276 1770 minus
3314 1719 3509 1787 prode-

1913 1810 2071 1867 runt,
2102 1817 2221 1873 qua:
2250 1802 2594 1871 adjicientur.
2648 1803 2782 1859 Vere
2805 1804 2950 1860 dolio
2980 1821 3044 1861 ex
3077 1817 3293 1876 pertuso
3323 1808 3509 1865 hauri-

1915 1907 2034 1947 mus
2065 1911 2078 1947 :
2105 1893 2249 1948 unde
2280 1893 2452 1962 majus
2493 1893 2648 1951 vobis
2688 1894 3003 1965 supplicium
3034 1898 3160 1953 erit.
3209 1897 3336 1954 Ideo
3380 1916 3509 1971 ergo

1915 1985 2229 2040 tacebimus.
2260 1983 2412 2052 Quod
2446 1999 2514 2040 ne
2554 1985 2667 2051 ﬁat,
2693 1986 2745 2040 iu
2778 1986 2931 2042 nobis
2962 1987 3121 2043 situm
3149 1998 3251 2046 est.
3279 1991 3334 2047 Si
3363 1992 3507 2046 enim

1914 2076 1967 2131 in
1994 2076 2149 2131 vobis
2173 2076 2407 2130 studium
2461 2077 2773 2141 viderimus,
2809 2078 2946 2134 forte
2977 2080 3170 2136 iterum
3202 2081 3503 2152 loquemur,

1914 2178 1969 2223 ut
1996 2179 2051 2223 et
2077 2184 2174 2223 vos
2203 2169 2371 2239 magis
2393 2184 2456 2223 ac
2481 2169 2650 2240 magis
2676 2172 2878 2241 accepti
2909 2172 3047 2239 sitis,
3072 2183 3127 2229 et
3152 2190 3250 2230 nos
3279 2177 3331 2229 in
3359 2178 3509 2232 vobis

1914 2261 2176 2323 laetemur,
2208 2260 2259 2313 in
2290 2260 2540 2314 omnibus
2592 2259 2954 2330 glorificantes
3009 2263 3173 2319 Deum
3205 2275 3261 2320 et
3289 2266 3504 2323 Patrem

1914 2353 2127 2408 Domini
2163 2354 2330 2407 nostri
2374 2352 2501 2408 Jesu
2539 2352 2740 2408 Christi
2772 2371 2785 2407 :
2817 2356 2903 2409 cui
2948 2356 3115 2426 gloria
3140 2400 3156 2425 ,
3186 2359 3467 2429 imperium
3489 2403 3506 2428 ,

1912 2446 2307 2515 magnificentia
2334 2457 2391 2501 et
2417 2446 2592 2502 honor
2618 2463 2738 2502 cum
2769 2448 2928 2505 Patre
2955 2452 3221 2522 principio
3250 2464 3505 2522 carente,

1911 2548 1965 2593 et
1994 2540 2110 2607 ejus
2135 2538 2336 2607 Spiritu
2377 2547 2562 2593 sancto
2581 2580 2597 2605 ,
2629 2553 2771 2594 nunc
2796 2550 2853 2596 et
2880 2557 3117 2612 semper,
3147 2555 3201 2601 et
3228 2545 3280 2599 in
3311 2547 3507 2601 saecula

1911 2631 2251 2686 saeculorum.
2281 2632 2476 2684 Anien.

220 2806 3497 2838 ._______.______________~—-————————-——-—-————-—————-———————p

1598 2914 1949 2979 HOMILIA
1991 2913 2144 2976 XX.

226 3061 336 3119 (in.
382 3063 436 3120 9.
477 3077 537 3119 ν.
585 3064 675 3120 10.
720 3061 848 3117 Erat
885 3071 1054 3117 autem
1097 3060 1307 3132 quidam
1361 3059 1641 3131 discipulus
1686 3057 1801 3112 Da-

286 3158 466 3224 masci,
494 3156 705 3212 notitiae
741 3156 969 3209 Ananias
996 3170 1014 3208 :
1045 3162 1092 3208 et
1126 3152 1255 3208 dixit
1293 3153 1363 3206 ad
1401 3152 1549 3207 illum
1592 3152 1647 3206 in
1694 3152 1805 3206 visu

289 3245 535 3302 Dominus
567 3262 588 3301 :
624 3246 845 3301 Anania.
887 3244 954 3299 Et
987 3244 1076 3299 ille
1099 3245 1172 3298 ait
1202 3260 1222 3299 :
1260 3243 1395 3299 Ecce
1420 3259 1533 3315 ego,
1563 3242 1796 3297 Domine.

292 3339 370 3394 11.
398 3338 465 3393 Et
490 3338 748 3393 Dominus
771 3339 838 3392 ad
883 3355 998 3393 eum
1019 3353 1041 3397 .'
1076 3337 1306 3409 Surgens
1337 3337 1466 3391 vade
1508 3337 1563 3390 in
1602 3337 1766 3389 uicum
1785 3375 1801 3400 ,

290 3432 369 3498 qui
386 3441 601 3485 uocatur
623 3431 811 3486 Rectus
839 3448 859 3486 :
884 3440 929 3486 et
953 3447 1120 3501 quaere
1143 3432 1197 3485 in
1224 3431 1374 3485 domo
1393 3429 1550 3484 Iuda:
1586 3429 1805 3485 Saulum

293 3525 519 3592 nomine,
560 3523 890 3589 Tarsensem;
923 3540 1036 3579 ecce
1067 3524 1202 3579 enim
1230 3533 1362 3578 orat.
1393 3522 1480 3578 12.
1518 3521 1587 3576 Et
1611 3522 1731 3576 uidit
1751 3523 1805 3574 in

290 3616 475 3671 uisione
498 3617 666 3670 uirum
692 3616 944 3670 Ananiam
964 3616 1167 3670 nomine
1193 3617 1528 3670 introeuntem
1554 3623 1600 3668 et
1634 3615 1804 3684 impo-

296 3716 485 3762 nentem
502 3707 604 3763 sibi
622 3723 829 3761 manum
845 3748 865 3775 ,
899 3716 954 3763 ut
979 3709 1137 3762 visum
1157 3708 1388 3778 recipiat.

297 3801 346 3854 1.
370 3801 476 3857 Cur
524 3802 798 3857 neminem
840 3815 909 3857 ex
949 3802 1252 3872 coryphaais
1290 3799 1549 3870 apostolis
1596 3798 1808 3855 vocavit

241 3890 313 3945 vel
341 3894 479 3949 misit
507 3893 579 3946 ad
607 3893 757 3948 Pauli
800 3892 1227 3949 institutionem?
1253 3892 1386 3960 Quia
1437 3908 1546 3948 non
1592 3898 1808 3963 oporte-

244 3979 321 4034 bat
358 3984 499 4037 illum
537 3999 634 4053 per
661 3983 939 4049 homines,
971 3982 1066 4039 sed
1097 3997 1194 4054 per
1220 3983 1394 4052 ipsum
1420 3981 1694 4037 Christum
1734 3982 1807 4035 in-

245 4070 540 4128 stitui.Nam
563 4073 651 4129 hic
680 4073 812 4128 nihil
839 4074 1011 4144 ipsum
1042 4073 1252 4140 docuit,
1277 4074 1369 4128 Sed
1400 4082 1601 4128 tantum
1631 4072 1805 4142 bapti-

252 4165 391 4217 tavit.
422 4165 614 4221 Statim
644 4175 820 4220 autem
851 4165 942 4221 ubi
972 4166 1270 4235 baptizatus
1310 4175 1428 4232 est,
1477 4166 1700 4220 multam
1738 4179 1807 4219 ex

250 4253 349 4307 telo
367 4264 417 4309 et
445 4255 628 4311 studio
674 4256 840 4310 multo
887 4255 986 4310 sibi
1025 4256 1243 4310 attraxit
1284 4256 1516 4326 Spiritus
1555 4257 1800 4327 gratiam.

251 4341 381 4407 Quod
402 4360 580 4404 autem
605 4348 838 4405 Auanias
866 4363 933 4404 ex
987 4349 1366 4421 insignioribus
1403 4358 1585 4417 esset,
1634 4349 1806 4420 palam

258 4447 325 4492 est
345 4454 403 4495 ex
426 4441 490 4498 iis
515 4483 532 4507 ,
556 4456 675 4512 quas
700 4441 800 4512 ipsi
822 4442 1023 4499 revelat
1046 4450 1101 4497 et
1124 4442 1290 4508 dicit;
1319 4443 1552 4512 itemque
1591 4456 1659 4497 ex
1705 4442 1772 4496 iis
1790 4483 1805 4506 ,

260 4544 356 4596 quia
379 4533 463 4589 ille
492 4533 823 4604 respondet,
876 4533 1064 4589 dicens
1096 4551 1111 4588 :
1142 4535 1230 4590 l5.
1274 4534 1520 4600 Domine,
1562 4535 1733 4589 audiui
1775 4551 1809 4588 a

262 4621 404 4676 multis
424 4624 486 4679 de
504 4625 614 4678 uiro
635 4623 760 4690 hoc,
787 4635 978 4695 quanta
998 4625 1136 4679 mala
1162 4626 1337 4696 fecerit
1370 4626 1558 4680 sanctis
1604 4626 1703 4680 tuis
1754 4625 1809 4680 in

266 4707 535 4771 Jerusalem.
565 4716 623 4772 Si
653 4718 835 4788 itaque
867 4719 1091 4773 Domino
1112 4717 1474 4786 contradixit,
1504 4719 1671 4775 multo
1697 4734 1811 4773 ma-

273 4802 361 4870 iis,
384 4810 423 4863 si
444 4811 696 4881 angelum
724 4812 975 4867 misisset.
1005 4811 1234 4883 Ideoque
1260 4812 1486 4868 antehac
1531 4812 1810 4882 Philippus

284 4904 608 4971 muaudivit,
648 4904 776 4975 quid
815 4907 1047 4960 futurum
1087 4916 1268 4974 esset,
1315 4904 1411 4961 sed
1456 4905 1629 4960 solum
1677 4905 1812 4960 vidit

290 4992 474 5058 angelum
502 5012 519 5049 :
547 5004 605 5051 et
647 4996 727 5051 sic
777 4996 1006 5066 Spiritus
1044 4996 1200 5066 jubet
1241 4996 1392 5051 illum
1418 4997 1716 5059 accedere,
1757 5003 1814 5051 et

290 5087 421 5141 anno
439 5087 668 5144 haerere.
700 5088 798 5144 llic
823 5103 952 5145 vero
977 5089 1189 5145 interim
1229 5098 1430 5144 metum
1474 5089 1592 5158 ejus
1630 5088 1810 5143 succi-

287 5165 361 5238 di‘.
383 5188 431 5230 ac
445 5180 491 5235 si
516 5179 723 5234 diceret
749 5197 763 5233 :
793 5180 933 5235 Ecce
956 5188 1094 5247 orat,
1122 5193 1298 5236 caecus
1323 5188 1426 5247 est,
1455 5188 1511 5234 et
1536 5188 1590 5234 tu
1619 5180 1812 5236 times?

280 5258 338 5315 lla
358 5277 400 5322 et
432 5270 643 5345 Moyses
692 5273 861 5327 timet.
914 5272 1096 5342 Itaque
1146 5273 1306 5327 verba
1358 5272 1600 5326 timentis
1642 5272 1812 5337 magis

275 5363 405 5427 sunt,
427 5376 583 5431 quam
607 5377 714 5418 non
739 5363 1029 5419 credentis.
1058 5362 1127 5418 Et
1149 5363 1273 5419 audi
1315 5364 1475 5419 verba
1512 5364 1625 5433 ipsa
1651 5381 1665 5420 :
1695 5363 1813 5418 Do-

274 5445 399 5516 Mitis,
421 5452 587 5509 audiui
610 5470 643 5508 a
670 5454 842 5510 multis
861 5454 927 5509 de
944 5455 1050 5509 uiro
1073 5457 1189 5510 hoc.
1216 5455 1353 5522 Quid
1376 5456 1546 5511 dicis?
1576 5457 1714 5511 Deus
1735 5456 1811 5510 lo-

272 5538 438 5613 quitur,
454 5554 509 5601 et
532 5555 588 5601 tu
614 5546 864 5604 dubitas?
886 5548 975 5604 Sic
993 5548 1227 5603 nondum
1253 5548 1495 5604 sciebant
1520 5547 1812 5618 potentiam

273 5623 458 5691 Christi.
478 5636 567 5693 Mr
586 5634 657 5692 Et
684 5639 769 5693 hic
792 5637 938 5693 habet
962 5648 1253 5711 potestatem
1293 5655 1327 5693 a
1369 5638 1683 5709 principibus
1720 5654 1812 5693 sa-

273 5724 499 5805 Wolult
526 5730 776 5804 alligandi
813 5748 985 5787 omnes
1025 5733 1112 5805 qui
1155 5734 1388 5787 invocant
1428 5748 1611 5786 nomen
1646 5741 1811 5788 tuum.

276 5803 514 5879 "adeum
544 5803 647 5880 hoc
674 5834 860 5881 notum
884 5803 1043 5882 erat?
1088 5823 1389 5882 Verisimile
1434 5832 1518 5880 est
1542 5864 1556 5891 ,
1605 5839 1705 5882 eos
1749 5827 1806 5882 in

1915 3066 2061 3111 metu
2093 3055 2352 3126 degentes
2396 3055 2612 3111 curiose
2653 3056 3011 3127 inquisivisse.
3055 3057 3174 3114 Non
3228 3059 3331 3116 hoc
3378 3076 3509 3132 ergo

1912 3153 2077 3221 dicit,
2113 3154 2266 3223 quasi
2293 3152 2547 3207 Christus
2564 3152 2615 3207 id
2644 3153 2894 3223 ignoret;
2939 3154 3036 3210 sed
3067 3153 3318 3223 dubitat,
3368 3173 3505 3226 quo-

1915 3250 2079 3305 modo
2105 3250 2159 3303 in
2188 3249 2277 3303 tali
2310 3264 2488 3304 rerum
2515 3257 2657 3303 statu
2685 3248 2856 3319 possit
2882 3248 2983 3304 hoc
3017 3248 3153 3304 ﬁeri.
3186 3248 3276 3305 Sic
3299 3260 3352 3304 et
3381 3251 3509 3304 alibi

1912 3342 2160 3413 discipuli
2191 3341 2379 3397 dicunt
2410 3360 2425 3395 :
2461 3341 2586 3408 Quis
2612 3350 2775 3412 potest
2810 3341 3001 3395 saluari
3022 3340 3226 3411 (Marc.
3255 3343 3344 3397 ll).
3372 3341 3466 3412 26)
3486 3343 3511 3393 't

1914 3433 2021 3490 Sed
2052 3433 2173 3489 vide
2193 3475 2208 3502 ,
2240 3442 2372 3502 quot
2399 3448 2489 3488 res
2516 3433 2904 3502 disponantur,
2937 3443 2995 3487 ut
3029 3433 3214 3488 credat
3260 3445 3507 3489 venturo.

1915 3526 1972 3581 In
2001 3528 2212 3582 somnio
2242 3526 2413 3592 vidit,
2441 3524 2690 3593 prmdixit
2720 3524 2797 3579 illi
2828 3541 2843 3573 :
2879 3522 3041 3592 Orat,
3085 3525 3300 3594 inquit;
3349 3525 3510 3595 igitur

1913 3634 1982 3674 ne
2006 3620 2216 3673 timeas.
2253 3618 2319 3670 Et
2343 3632 2440 3671 cur
2470 3632 2577 3672 non
2601 3616 2733 3673 dicit
2759 3616 2832 3669 illi
2862 3630 2975 3670 rem
3011 3615 3356 3686 praeclaram,
3385 3632 3507 3688 qua:

1913 3719 2067 3780 gesta
2093 3709 2213 3787 est?
2241 3707 2311 3764 Ut
2341 3722 2440 3764 nos
2463 3707 2677 3769 doceat,
2706 3723 2774 3762 ne
2802 3706 3156 3778 praedicemus
3187 3706 3325 3761 bona
3346 3723 3512 3776 opera

1916 3812 2135 3867 nostra;
2181 3803 2291 3856 imo
2339 3809 2395 3855 et
2439 3800 2582 3870 quod
2637 3801 2914 3857 timentem
2961 3798 3159 3854 videat.
3207 3799 3395 3869 Neque
3430 3800 3510 3855 sic

1913 3892 2050 3947 dixit
2071 3933 2087 3959 ,
2120 3891 2281 3946 Fides
2313 3891 2405 3945 tibi
2438 3906 2544 3945 non
2577 3890 2900 3960 negabitur:
2934 3889 3041 3945 sed
3068 3888 3236 3960 quid?
3278 3888 3511 3961 Surgeus

1916 3985 2061 4038 uade.
2122 3982 2258 4037 Vidit
2296 3983 2431 4035 enim
2476 3983 2530 4037 in
2574 3982 2766 4036 uisione
2808 3983 2973 4036 virum
3023 3982 3364 4051 imponentem
3415 3983 3512 4038 sibi

1912 4092 2116 4130 manus.
2149 4076 2271 4129 Ideo
2302 4076 2354 4129 in
2386 4074 2628 4139 visione,
2654 4076 2775 4144 quia
2804 4088 2979 4129 (δείξαις
3008 4083 3141 4129 erat.
3193 4074 3378 4145 Neque
3406 4076 3512 4129 mi-

1918 4167 2082 4222 raculi
2112 4166 2423 4237 magnitudo
2448 4165 2626 4236 rapuit
2652 4165 3012 4234 discipulum;
3043 4168 3113 4219 iul
3139 4167 3380 4220 timebat.
3415 4170 3509 4221 At-

1919 4268 2096 4313 tamen
2131 4274 2226 4328 per
2252 4259 2425 4328 ipsum
2460 4258 2600 4313 Deus
2629 4257 2798 4313 Paulo
2846 4273 2991 4312 eieco
3034 4259 3205 4312 visum
3255 4261 3507 4316 restituit.

1917 4351 2007 4407 15.
2050 4351 2194 4405 Dixit
2220 4362 2392 4406 autem
2418 4349 2668 4405 Dominus
2694 4350 2766 4404 ad
2810 4350 2956 4404 illum
2988 4365 3007 4404 :
3047 4349 3217 4416 Vade,
3258 4352 3380 4421 quia
3424 4367 3515 4406 vas

1918 4443 2174 4503 electionis
2198 4451 2271 4497 est
2295 4442 2422 4496 mihi
2451 4441 2561 4509 hic,
2590 4451 2649 4495 ut
2694 4450 2858 4512 portet
2902 4458 3083 4496 nomen
3127 4457 3296 4497 meum
3337 4459 3512 4498 coram

1917 4533 2147 4605 gentibus
2171 4542 2218 4588 et
2244 4534 2514 4605 regibuset
2541 4533 2665 4602 ﬁliis
2688 4532 2877 4587 Israel.
2908 4534 2996 4588 16.
3036 4532 3144 4604 Ego
3171 4535 3306 4588 enim
3332 4545 3507 4590 osten-

1919 4626 2170 4690 demitti,
2202 4635 2397 4696 quanta
2423 4633 2655 4697 oporteat
2701 4639 2816 4678 eum
2856 4640 2949 4695 pro
2981 4626 3183 4679 nomine
3224 4642 3335 4685 meo
3381 4629 3508 4699 pati.

1921 4718 2036 4772 Non
2063 4718 2236 4773 solum
2266 4717 2440 4773 ﬁdelis
2469 4717 2573 4772 erit
2595 4759 2611 4781 ,
2641 4718 2844 4787 inquit,
2874 4717 2969 4772 sed
2995 4720 3157 4772 etiam
3183 4719 3375 4774 doctor
3399 4761 3416 4788 ,
3456 4730 3515 4776 et

1921 4812 2086 4865 multa
2108 4819 2287 4865 utetur
2311 4809 2523 4866 dicendi
2551 4810 2820 4865 libertate.
2843 4810 3026 4864 Coram
3052 4811 3282 4881 gentibus
3302 4823 3349 4866 et
3376 4815 3514 4885 regi-

1920 4903 2034 4957 bus.
2068 4904 2141 4958 lta
2177 4913 2385 4958 crescet
2405 4902 2681 4970 doctrina,
2716 4903 2915 4973 inquit,
2949 4911 3006 4958 ut
3028 4914 3082 4957 et
3105 4915 3292 4974 gentes
3332 4916 3387 4961 et
3430 4922 3511 4962 re.

1920 5009 2015 5064 ges
2044 5010 2232 5050 omnes
2259 5004 2496 5065 superet.
2528 4995 2616 5053 17.
2646 4994 2780 5048 Abiit
2798 5005 2970 5049 autem
2990 4996 3224 5051 Ananiae
3245 5008 3292 5051 et
3312 4999 3517 5054 intrauit

1920 5087 1974 5140 in
2007 5087 2233 5152 domum,
2262 5099 2310 5140 et
2336 5089 2601 5157 imponens
2626 5088 2704 5141 illi
2733 5104 2913 5142 manus
2949 5090 3080 5142 dixit
3112 5105 3141 5144 εν
3165 5090 3354 5153 Saule,
3406 5094 3515 5162 fra-

1922 5188 2030 5244 ter,
2059 5176 2310 5232 Dominus
2334 5179 2468 5232 misit
2494 5195 2607 5244 me,
2635 5177 2789 5233 Iesus
2818 5181 2904 5250 qui
2934 5182 3176 5250 apparuit
3211 5180 3303 5234 tibi
3340 5182 3395 5234 in
3434 5170 3515 5235 riu

1919 5284 2021 5338 qua
2046 5269 2314 5335 veniebas,
2360 5279 2417 5323 ut
2458 5269 2631 5325 uideas
2673 5280 2721 5325 et
2763 5271 3026 5342 impleauis
3063 5271 3269 5341 Spiritu
3313 5281 3512 5325 sancto.

1921 5359 2112 5417 Statim
2144 5361 2303 5415 illum.
2326 5361 2644 5417 familiarem
2672 5364 2890 5417 nomine
2920 5362 3064 5417 facit.
3097 5363 3250 5417 Iesus
3271 5402 3293 5429 ,
3319 5364 3514 5433 inquit,

1921 5454 2011 5523 qui
2048 5454 2292 5524 apparuit
2333 5455 2424 5509 tibi
2462 5455 2517 5508 in
2562 5454 2667 5509 uia.
2721 5453 2887 5510 Certe
2931 5471 3037 5509 non
3084 5455 3187 5509 hoc
3213 5455 3263 5508 ei
3306 5456 3518 5511 dixerat

1922 5546 2201 5611 Christus;
2249 5547 2344 5602 sed
2373 5562 2402 5600 n
2434 5546 2633 5616 Spiritu
2664 5556 2851 5603 sancto
2878 5547 3156 5601 didicerat.
3195 5545 3283 5601 18.
3311 5546 3380 5602 Et
3406 5559 3515 5603 sta-

1924 5641 2015 5694 tim
2043 5640 2335 5693 deciderunt
2359 5640 2423 5693 ab
2446 5641 2609 5694 oculis
2635 5641 2744 5709 ejus
2771 5651 3029 5710 tamquam
3055 5655 3282 5709 squama
3302 5682 3316 5704 ,
3360 5652 3412 5696 et
3436 5643 3517 5695 ui-

1923 5747 2037 5786 sum
2064 5732 2250 5799 recepit
2276 5731 2447 5786 statim
2467 5772 2483 5796 ,
2511 5740 2559 5784 et
2582 5747 2794 5801 surgens
2838 5731 3125 5801 baptizatus
3171 5742 3265 5788 est.
3315 5732 3401 5789 l9.
3451 5735 3516 5787 lt't

1935 5840 2049 5879 cum
2078 5823 2349 5895 accepisset
2373 5823 2568 5889 cibum,
2598 5828 2911 5895 confortatus
2940 5832 3035 5880 est.
3064 5822 3249 5882 Solum
3272 5827 3355 5883 illi
3399 5839 3515 5883 ωι-
