3946 6440
385 352 487 410 159

384 485 485 530 nus
515 467 802 538 imposuit,
829 473 887 522 et
911 465 1088 519 statim
1116 477 1354 534 squama:
1377 461 1446 515 ab
1478 460 1649 514 oculis
1677 457 1792 528 ejus
1833 455 1978 510 deci-

383 563 602 618 derunt.
661 559 767 614 llas
811 557 1030 629 quidam
1087 541 1274 610 dicunt
1319 551 1577 614 caecitatis
1621 550 1764 604 illius
1812 547 1978 603 fuisse

384 666 598 708 cattsas.
631 651 699 706 Et
726 665 823 706 cur
850 663 956 704 non
984 645 1276 704 cxczccavit
1307 645 1449 699 illius
1477 642 1705 699 oculos?
1735 640 1845 694 Hoc
1879 639 1981 693 mi-

385 745 606 800 rabilius
653 750 810 798 erat:
848 757 970 796 nam
1016 741 1216 811 apertis
1261 737 1430 792 oculis
1481 752 1586 791 non
1637 734 1849 789 videbat
1879 749 1896 788 :
1923 731 1979 787 id

384 834 527 911 quod
559 835 860 906 patiebatur
889 833 943 887 in
981 833 1132 902 lege,
1184 830 1358 886 donec
1407 829 1482 882 illi
1535 827 1840 896 impositum
1893 834 1977 880 est

387 945 584 985 nomen
615 928 740 986 Jesu
771 927 870 999 (a).
899 925 967 980 Et
997 925 1168 979 statim
1195 924 1478 992 baptizatus
1499 931 1591 976 est.
1617 918 1810 974 Etcum
1829 935 1975 973 acce-

389 1025 542 1090 pisset
565 1020 772 1086 cibum,
802 1019 1115 1088 confortatus
1139 1025 1234 1082 est.
1280 1015 1420 1085 Ergo
1470 1012 1710 1068 inﬁrmus
1756 1019 1870 1065 erat
1909 1024 1976 1064 ex

384 1095 612 1176 itinere,
645 1127 712 1165 ex
739 1120 880 1164 metu
904 1150 920 1174 ,
953 1125 1018 1163 ex
1049 1107 1192 1163 fame
1215 1148 1230 1176 ,
1259 1121 1323 1162 ex
1361 1119 1614 1160 mturare.
1653 1103 1846 1158 Valens
1875 1103 1975 1172 igi-

387 1215 470 1258 tur
499 1205 638 1260 illius
664 1218 859 1274 augere
885 1217 1168 1258 maerorem
1193 1241 1209 1266 ,
1239 1214 1444 1256 cateiam
1470 1181 1688 1253 manere
1709 1195 1972 1268 pern‘iisit,

383 1299 556 1352 donec
587 1297 732 1351 venit
757 1297 1012 1350 Ananias.
1049 1296 1113 1350 Et
1143 1302 1199 1348 ut
1230 1309 1298 1349 ne
1318 1293 1436 1363 quis
1469 1300 1618 1363 putet
1642 1289 1975 1360 phantasiam

384 1387 550 1443 fuisse
579 1389 874 1442 caecitatem
899 1429 914 1454 ,
951 1386 1070 1440 ideo
1094 1399 1332 1454 squama:
1372 1382 1610 1438 fuerunt.
1657 1381 1822 1451 Igitur
1870 1396 1975 1433 nutt

389 1495 524 1548 opus
573 1477 804 1532 habebat
851 1478 952 1531 alia
1003 1477 1288 1540 doctrina;
1341 1473 1434 1528 sed
1484 1472 1534 1526 id
1576 1472 1716 1541 quod
1744 1470 1976 1536 accidit,

384 1573 627 1628 doctrina
657 1571 776 1626 fuit.
819 1570 943 1624 Fuit
988 1581 1157 1623 autem
1201 1582 1314 1622 cum
1359 1566 1662 1636 discipulis,
1711 1565 1797 1635 qui
1833 1574 1977 1618 erant

386 1665 665 1729 Damasci,
697 1681 786 1733 per
810 1664 916 1718 dies
942 1663 1155 1731 aliquot.
1183 1660 1272 1716 20.
1308 1659 1375 1712 Et
1403 1660 1640 1712 continuo
1670 1657 1720 1709 in
1752 1673 1974 1726 synago-

386 1759 462 1828 gis
489 1756 800 1827 prtetlicnbat
828 1755 1082 1808 Christum
1105 1796 1118 1820 ,
1146 1755 1264 1822 quia
1292 1753 1372 1804 hic
1398 1761 1469 1805 est
1497 1750 1666 1804 Filius
1695 1749 1810 1803 Dei.
1849 1748 1994 1812 Vide,

387 1852 568 1916 statim
599 1849 786 1903 ductor
812 1857 930 1902 erat
959 1847 1010 1901 in
1038 1847 1341 1917 synagogis.
1375 1844 1488 1899 Non
1519 1842 1872 1898 erubescebat
1911 1840 1978 1896 de

341 1947 344 1951 ’
385 1941 704 2008 mutatione,
735 1956 908 2010 neque
937 1939 1212 1994 metuebat
1237 1937 1522 1993 destruere
1550 1936 1636 1990 illa
1658 1977 1672 2001 ,
1705 1936 1755 1989 in
1783 1935 1978 2004 quibus

385 2043 541 2087 antea
571 2033 746 2086 clarus
771 2039 907 2084 erat.
940 2029 1048 2084 Nec
1074 2029 1247 2084 solum
1270 2028 1461 2084 doctor
1491 2033 1610 2084 erat
1632 2067 1648 2094 ,
1681 2025 1774 2081 sed
1814 2025 1976 2080 etiam

384 2123 436 2177 in
465 2123 768 2194 synagugis.
802 2123 876 2177 Ita
901 2121 967 2175 ab
996 2122 1149 2174 initio
1174 2120 1336 2175 homo
1365 2129 1482 2174 erat
1510 2127 1564 2174 et
1591 2117 1876 2184 occidens,
1920 2125 1976 2171 et

391 2217 458 2269 ad
485 2217 661 2270 caules
685 2216 1038 2284 compositus.
1075 2213 1237 2268 Vides
1261 2227 1421 2283 quam
1449 2213 1650 2266 clarum
1683 2209 1892 2280 signum
1925 2210 1978 2263 in

386 2309 478 2361 illo
511 2308 706 2362 laetum
733 2309 838 2362 sit?
887 2307 1003 2362 Iloe
1054 2307 1170 2376 ipso
1213 2320 1405 2360 omnes
1458 2303 1803 2374 percellebat.
1853 2301 1978 2358 Ideo

388 2398 502 2454 tunc
533 2399 842 2468 signiﬁcans
869 2398 1052 2468 adjicit
1082 2415 1095 2451 :
1127 2397 1218 2452 2t.
1267 2395 1550 2466 Stupebant
1595 2406 1764 2448 autem
1807 2410 1980 2449 onmes

387 2491 474 2559 qui
499 2491 806 2555 audiebant,
839 2499 885 2543 et
913 2489 1145 2544 dicebant
1173 2504 1192 2544 :
1221 2486 1410 2542 Nonne
1433 2488 1514 2541 hic
1542 2495 1616 2542 est
1636 2527 1653 2554 ,
1684 2487 1770 2557 qui
1813 2502 1976 2555 expu-

385 2581 571 2650 gnabat
601 2582 652 2634 in
680 2581 968 2636 Jerusalem
993 2583 1279 2634 invocantes
1303 2581 1357 2633 in
1395 2579 1596 2633 nomine
1637 2579 1761 2645 hoc,
1805 2589 1853 2632 et
1897 2579 1978 2631 hic

385 2677 497 2728 itieo
523 2677 682 2738 venit,
717 2685 770 2728 ut
801 2676 986 2728 vinctos
1016 2673 1132 2727 illos
1162 2674 1364 2726 duceret
1405 2672 1473 2724 ad
1515 2672 1766 2741 principes
1803 2687 1978 2724 sacer-

383 2767 560 2821 dotum
578 2766 708 2821 ?‘22.
735 2766 928 2822 Saulus
947 2775 1116 2819 autem
1134 2763 1677 2835 magisconvalescebat
1698 2772 1743 2818 et
1758 2766 1978 2835 confun-

383 2861 528 2912 tlebat
556 2858 787 2923 Judteos,
814 2859 900 2927 qui
929 2855 1223 2912 habitabant
1251 2857 1486 2911 Damasci
1509 2897 1524 2921 ,
1553 2856 1812 2926 aﬁrmans
1847 2871 1981 2926 quo-

387 2953 525 3004 niam
541 2951 620 3004 hic
637 2961 708 3004 est
725 2949 979 3005 Christus.
1015 2948 1211 3019 Utpote
1231 2949 1363 3018 legis
1391 2949 1596 3018 peritus
1619 2947 1981 3003 contendebat

386 3043 552 3106 illos,
600 3055 698 3094 nec
745 3040 890 3110 loqui
933 3038 1163 3094 sinebat.
1215 3037 1483 3093 Putabant
1526 3053 1586 3094 se
1631 3053 1662 3092 a
1707 3038 1982 3108 Stephano

387 3135 676 3198 liberatos,
705 3151 734 3185 ει
763 3133 856 3187 tali
883 3131 1248 3202 disputatione
1277 3141 1493 3200 ereptos
1527 3145 1681 3198 esse,
1724 3141 1779 3186 ct
1815 3130 1980 3186 alium

387 3229 712 3282 invenerunt
737 3225 1010 3296 Stephano
1043 3225 1527 3280 vehementiorem.

461 3319 516 3371 Ξ.
551 3319 656 3373 Sed
683 3334 770 3383 ea,
795 3333 916 3388 qua:
943 3317 1205 3371 Ananiam
1232 3325 1494 3387 spectant,
1513 3325 1837 3386 repetamus.
1859 3315 1977 3372 Non

395 3409 529 3464 dxit
562 3409 677 3463 illi:
705 3410 996 3479 Alloquere
1035 3417 1090 3462 ct
1131 3408 1351 3463 institue
1392 3409 1561 3463 illum.
1593 3409 1648 3463 Si
1685 3408 1830 3464 enim
1861 3424 1980 3464 cum
2002 3426 2021 3438 ο

387 3504 633 3569 dixisset,
673 3501 832 3569 Orat,
863 3512 908 3557 et
937 3502 1062 3556 vidit
1090 3503 1252 3556 cirum
1279 3503 1619 3572 intponentem
1647 3503 1741 3556 sibi
1766 3519 1944 3556 manus
1965 3545 1979 3568 ,

388 3613 494 3650 non
539 3596 801 3665 persuasit
826 3612 840 3648 :
864 3595 1030 3650 multo
1059 3595 1227 3664 magis
1253 3635 1267 3660 ,
1299 3593 1345 3650 si
1387 3594 1486 3649 hoc
1515 3593 1756 3650 dixisset.
1812 3595 1979 3660 Vidit,

389 3688 595 3759 inquit,
634 3689 686 3742 in
724 3688 932 3741 visione.
973 3687 1156 3757 Itaque
1185 3702 1291 3740 non
1321 3686 1478 3741 tidem
1508 3687 1598 3740 tibi
1630 3687 1882 3758 negabit:
1915 3705 1983 3744 ne

393 3781 551 3851 igitur
583 3781 768 3834 timeas
789 3821 804 3843 ,
835 3779 927 3834 sed
959 3777 1112 3832 vade.
1155 3777 1246 3832 Sic
1276 3793 1449 3848 neque
1486 3778 1760 3848 Philippus
1803 3781 1980 3834 statim

394 3883 562 3929 totum
589 3871 756 3926 audit.
791 3871 923 3938 Quia
947 3887 1034 3924 vas
1053 3869 1308 3924 electionis
1329 3879 1402 3924 est
1423 3869 1547 3922 mihi
1567 3870 1667 3923 hic.
1695 3870 1821 3927 lla'c
1840 3871 1982 3926 dicta

393 3964 536 4019 illius
564 3971 689 4017 sunt
709 4003 723 4028 ,
747 3962 837 4033 qui
866 3960 1114 4016 timorem
1145 3960 1367 4016 omnino
1393 3961 1592 4014 excutit
1612 4002 1626 4027 ,
1655 3971 1709 4016 et
1736 3961 1984 4016 ﬁduciam

393 4057 571 4112 indit:
599 4055 859 4126 siquidem
905 4053 975 4108 ita
1026 4067 1122 4122 pro
1161 4053 1339 4123 seipso
1377 4052 1691 4109 afﬁciendus
1733 4063 1882 4120 erat,
1929 4063 1987 4110 ut

395 4150 556 4204 etiam
586 4148 750 4202 multa
779 4155 1073 4217 pateretur.
1103 4144 1234 4200 Cum
1265 4144 1511 4213 dixisset,
1546 4145 1663 4213 Vas,
1695 4146 1986 4204 ostendens

395 4240 512 4310 ejus
533 4240 788 4297 malitiam
818 4255 923 4293 non
949 4253 1071 4293 esse
1099 4236 1395 4292 naturalem
1426 4254 1440 4290 :
1469 4236 1651 4302 addit,
1692 4237 1983 4306 Electionis,

397 4345 454 4387 ut
485 4331 731 4388 ostendat
770 4333 944 4401 ipsum
979 4338 1256 4400 acceptum
1296 4343 1419 4385 esse
1445 4346 1458 4382 :
1489 4345 1612 4384 nam
1651 4329 1795 4400 quod
1834 4344 1989 4385 acce-

400 4435 549 4493 ptum
576 4431 680 4489 est,
708 4423 976 4492 eligimus.
1000 4421 1080 4476 Ne
1108 4421 1229 4491 quis
1253 4435 1383 4480 vero
1410 4428 1560 4490 putet
1585 4420 1700 4475 ba:c
1727 4419 1983 4488 audiens,

397 4517 656 4572 Auaniam
680 4513 801 4570 ideo
823 4514 939 4569 haec
958 4513 1160 4580 dicere,
1184 4512 1328 4584 quod
1356 4513 1514 4568 dictis
1545 4527 1648 4567 non
1675 4513 1880 4578 credat,
1903 4513 1987 4568 vel

397 4606 540 4677 quod
580 4614 733 4678 putet
778 4605 1063 4675 deceptum
1107 4603 1274 4660 fuisse
1315 4603 1616 4669 Christum;
1662 4602 1840 4659 absit:
1893 4603 1988 4658 sed

397 4698 540 4769 quod
573 4699 784 4752 timeret
813 4707 868 4752 et
899 4706 1188 4762 tremeret,
1230 4695 1392 4750 dictis
1417 4710 1523 4750 non
1554 4695 1898 4761 attendebat,
1931 4704 1990 4749 ut

397 4790 602 4844 audivit
637 4804 832 4845 nomen
881 4787 1030 4843 Pauli
1061 4805 1076 4842 :
1107 4787 1185 4842 sic
1211 4787 1302 4842 illo
1327 4788 1544 4842 nomine
1587 4796 1988 4857 praeoccupatus

399 4891 481 4940 est
509 4882 722 4936 timore.
751 4880 912 4952 Atqui
938 4879 1026 4935 ubi
1055 4879 1276 4943 audivit,
1301 4879 1442 4950 quod
1468 4891 1790 4934 excatcasset
1815 4879 1987 4946 illum,

395 4972 668 5030 conﬁdere
697 4972 998 5042 oportebat.
1028 4971 1094 5029 Et
1123 4972 1224 5037 hic,
1258 4971 1447 5042 inquit,
1475 4971 1591 5024 ideo
1616 4973 1766 5038 venit,
1788 4981 1843 5025 ut
1868 4973 1988 5043 liget

397 5082 590 5130 euntes,
610 5065 695 5134 qui
714 5065 945 5119 invocant
971 5081 1152 5119 nomen
1177 5073 1336 5119 tuum.
1369 5065 1449 5120 Ac
1469 5064 1513 5120 si
1535 5064 1757 5131 diceret,
1779 5064 1988 5134 Timeo,

399 5177 460 5212 ne
492 5159 631 5213 forte
659 5172 748 5213 me
781 5158 834 5212 in
868 5156 1168 5214 Jerusalem
1191 5157 1350 5216 ducat
1379 5175 1392 5211 :
1423 5172 1522 5212 cur
1547 5173 1633 5214 me
1656 5158 1712 5213 in
1737 5173 1798 5214 os
1820 5159 1991 5216 leonis

397 5251 607 5322 injicis?
635 5266 732 5306 cur
767 5265 857 5306 me
895 5249 1020 5306 huic
1060 5250 1278 5322 prodis?
1316 5249 1494 5310 Timet
1521 5259 1576 5308 et
1605 5253 1718 5306 lucc
1745 5252 1900 5320 dicit,
1934 5260 1993 5308 ut

396 5343 638 5415 undique
659 5342 929 5399 discamus
953 5342 1205 5398 virtutem
1229 5343 1350 5397 viri.
1393 5341 1526 5397 Nam
1570 5341 1686 5397 haec
1720 5357 1751 5396 a
1790 5343 1992 5399 ludatis

397 5435 526 5504 dici,
567 5433 701 5490 nihil
747 5435 944 5491 mirum
984 5443 1132 5491 esset
1163 5450 1177 5488 :
1206 5433 1349 5506 quod
1387 5443 1566 5490 autem
1592 5435 1660 5490 ab
1689 5434 1815 5502 hoc,
1841 5445 1894 5490 et
1918 5435 1992 5491 ita

500 5569 576 5630 (a)
626 5570 934 5628 Quandouam
965 5568 1111 5631 Paulo
1148 5567 1426 5631 impositum
1451 5573 1531 5631 est
1568 5579 1749 5631 nomen
1769 5565 1910 5631 Iesu,
1936 5573 1994 5618 ut

401 5628 566 5680 slsum
579 5631 862 5693 reciperet?
885 5633 969 5680 Hic
989 5630 1071 5681 vel
1102 5628 1268 5681 vitium
1291 5631 1340 5678 iu
1362 5630 1531 5693 verbis
1551 5628 1753 5693 est,_vel
1775 5630 1997 5693 dicamus

397 5699 611 5754 oportet,
623 5689 738 5740 tunc
751 5694 976 5754 Auauiam
994 5693 1283 5754 imposuisse
1299 5691 1444 5754 Paulo
1456 5703 1636 5754 neuneu
1647 5689 1671 5739 ,Ι
1681 5704 1788 5748 esu,
1800 5691 1993 5753 quando

401 5751 576 5822 positis.
611 5766 760 5814 super
785 5753 922 5822 illum
960 5751 1188 5805 manibus
1205 5754 1330 5805 dixit
1369 5751 1663 5814 illi,Jesum
1706 5751 1872 5802 esse’a
1895 5767 1994 5815 que

399 5814 508 5874 istae
532 5815 694 5864 visum
716 5814 987 5877 reciperet.

1125 347 1185 402 S.
1214 344 1492 402 JOANNIS
1528 336 2004 399 CllliYSOS'i'UMl
2045 333 2360 390 AllClllEP.
2389 335 2926 392 CONSTANTINOP.

3569 339 3678 398 ’60

2091 451 2374 522 perterrito
2395 493 2408 516 ,
2441 468 2689 523 magnum
2716 453 2911 509 divina:
2943 455 3151 509 virtutis
3179 455 3392 527 signum
3424 461 3524 515 hoc
3552 476 3681 517 esse

2087 543 2366 613 probatur.
2406 542 2569 598 Saule
2595 548 2774 616 frater.
2817 545 2913 600 llic
2939 562 3151 616 quoque
3179 564 3402 619 magnus
3422 551 3575 606 adest
3602 564 3678 606 tt-

2085 650 2227 701 mor,
2254 645 2309 690 ct
2339 645 2455 703 post
2484 637 2728 692 timorem
2759 639 2931 708 major
2949 640 3272 696 obedientia.
3305 643 3524 708 Deinde,
3551 648 3684 715 quia

2099 725 2195 781 Vas
2219 727 2472 782 electionis
2497 728 2650 794 dixit,
2687 746 2754 784 ne
2779 730 2989 786 diceres
3013 772 3028 798 ,
3069 741 3237 788 totum
3280 749 3348 790 ex
3391 735 3501 791 Deo
3528 752 3677 806 esse,

2086 827 2141 872 ut
2167 819 2234 874 ab
2265 819 2366 874 hoc
2393 831 2444 876 te
2473 821 2734 888 abducat,
2765 824 2948 892 adjicit
2982 843 2994 878 :
3028 824 3095 880 Ut
3121 837 3282 898 portet
3308 845 3488 884 nomen
3509 848 3683 885 meum

2083 925 2253 963 coram
2269 912 2494 981 gentibus
2514 925 2558 967 et
2583 913 2782 985 regibus
2798 926 2842 968 et
2859 917 2980 984 [iliis
2992 915 3178 972 Israel.
3199 920 3415 976 Audivit
3435 924 3681 980 Ananias

2083 1001 2136 1056 id
2175 1003 2318 1072 quod
2347 1004 2499 1060 valde
2525 1007 2809 1076 cupiebat,
2855 1009 3026 1080 ipsum
3055 1012 3216 1066 etiam
3243 1023 3427 1068 contra
3454 1015 3681 1075 ludam:

2082 1104 2442 1164 pugnaturum
2470 1111 2591 1152 esse
2620 1115 2634 1152 :
2669 1100 2788 1154 ideo
2818 1117 2924 1155 non
2954 1102 3126 1157 solum
3150 1105 3365 1173 gaudio,
3387 1107 3482 1162 sed
3510 1111 3675 1166 etiam

2084 1184 2270 1240 ﬁducia
2298 1187 2556 1260 repletur.
2585 1188 2698 1262 Ego
2725 1194 2880 1260 enim,
2917 1194 3103 1264 inquit,
3131 1199 3391 1252 ostendam
3417 1202 3460 1253 ei
3487 1215 3676 1270 quanta

2082 1285 2310 1345 Oporteat
2347 1295 2459 1333 eum
2505 1297 2599 1350 pro
2636 1285 2838 1337 nomine
2863 1301 2970 1339 meo
2998 1288 3124 1356 pati.
3163 1289 3291 1344 Ηωα
3332 1292 3674 1361 ρι’ωάὶςειιιὶς

2082 1378 2207 1424 sunt
2229 1370 2388 1425 simul
2415 1381 2469 1426 et
2497 1373 2793 1444 hortantis,
2834 1376 2877 1431 si
2909 1379 3126 1448 quidem
3157 1382 3246 1436 ille
3270 1384 3447 1437 omnia
3481 1399 3663 1454 passu-

2083 1477 2174 1516 rus
2200 1472 2301 1526 est,
2335 1464 2426 1534 qui
2455 1464 2527 1519 ita
2553 1465 2800 1534 insaniit;
2831 1470 2916 1524 hic
2943 1486 3072 1526 vero
3097 1472 3245 1528 illuni
3271 1474 3541 1546 baptizare
3561 1495 3656 1534 non

2082 1555 2213 1620 vult,
2244 1564 2302 1610 ut
2327 1557 2496 1612 visum
2521 1560 2760 1630 recipiat.
2803 1561 2968 1629 Bene,
3001 1564 3204 1635 inquit;
3238 1567 3355 1622 sine
3383 1569 3532 1624 illum
3561 1586 3664 1626 ca:-

2082 1662 2202 1702 cum
2235 1664 2357 1705 esse
2387 1669 2402 1706 :
2428 1650 2550 1708 ideo
2580 1668 2720 1709 nunc
2753 1656 2896 1710 mitis
2932 1666 3042 1724 est,
3077 1659 3200 1730 quia
3227 1675 3400 1716 cmcus
3427 1681 3440 1717 :
3465 1678 3562 1718 cur
3588 1681 3675 1720 me

2076 1739 2237 1810 jubes
2273 1743 2484 1812 aperire
2515 1746 2702 1802 oculos
2732 1748 2884 1817 ejus?
2921 1765 2988 1804 an
3025 1760 3083 1805 ut
3117 1767 3328 1807 rursum
3357 1754 3575 1827 alliget?
3605 1758 3679 1812 At

2081 1845 2152 1886 ne
2194 1830 2430 1887 futurum
2472 1833 2660 1891 timeas
2687 1855 2700 1891 :
2726 1853 2848 1893 nam
2895 1841 3096 1909 apertis
3130 1844 3297 1900 oculis
3337 1860 3442 1900 non
3483 1857 3676 1902 contra

2082 1940 2204 1992 nos,
2233 1925 2328 1982 sed
2356 1941 2453 1998 pro
2483 1929 2638 1985 nobis
2663 1940 2842 1987 utetur
2871 1951 2886 1987 :
2917 1933 2983 1988 ad
3016 1934 3138 2000 hoc,
3166 1935 3234 1991 Ut
3258 1939 3492 2007 respiciat
3511 1982 3526 2004 ,
3556 1939 3682 1995 hare

2081 2031 2294 2088 quoque
2330 2018 2670 2089 adjiciantur.
2713 2022 2794 2078 Ne
2839 2024 3026 2081 timeas
3056 2045 3070 2081 :
3104 2027 3233 2082 nihil
3260 2029 3408 2084 vobis
3437 2031 3560 2086 mali
3590 2030 3684 2085 fa-

2081 2108 2217 2175 ciet;
2261 2110 2370 2166 imo
2397 2113 2625 2182 patietur
2652 2114 2838 2170 multa.
2874 2115 2944 2171 Et
2975 2117 3116 2187 quod
3145 2119 3386 2176 mirabile
3410 2131 3528 2189 est,
3559 2124 3685 2192 pri-

2083 2215 2172 2255 mo
2198 2202 2450 2272 patietur,
2470 2213 2523 2258 et
2553 2212 2677 2260 tunc
2707 2205 2759 2260 in
2787 2207 3022 2276 pericula
3046 2210 3261 2265 incidet.
3292 2211 3450 2266 Saule
3474 2213 3681 2282 frater,

2081 2288 2234 2345 Jesus
2261 2293 2347 2361 qui
2368 2295 2610 2363 apparuit
2636 2297 2725 2351 tibi
2751 2297 2804 2350 in
2824 2298 2925 2364 uia,
2951 2299 3085 2353 misit
3111 2316 3208 2354 me.
3229 2301 3358 2368 ,Non
3384 2302 3540 2369 dixit,
3569 2304 3681 2373 Qui

2083 2386 2391 2453 cxctecavit,
2419 2387 2512 2440 sed
2538 2429 2553 2455 ,
2590 2388 2691 2454 Qui
2711 2397 2953 2460 apparuit
2981 2392 3072 2446 tibi
3098 2409 3118 2447 :
3142 2394 3214 2449 ita
3245 2395 3483 2451 modeste
3509 2413 3684 2468 agere

2083 2473 2304 2542 sciebat,
2350 2477 2589 2548 nihilque
2629 2493 2944 2551 arroganter
2984 2484 3133 2538 dicit.
3184 2485 3252 2542 Ut
3294 2486 3452 2556 igitur
3481 2489 3684 2548 Petrus

2083 2578 2270 2621 curato
2291 2569 2481 2625 claudo
2503 2571 2714 2628 dicebat
2739 2591 2752 2628 :
2781 2573 2921 2640 Quid
2945 2579 3088 2632 nobis
3113 2581 3390 2648 attenditis,
3412 2585 3558 2652 quasi
3581 2602 3682 2638 no-

2083 2670 2189 2714 stra
2216 2664 2396 2718 virtute
2422 2667 2499 2720 vel
2517 2669 2701 2738 pietate
2719 2669 2985 2740 fecerimus
3011 2674 3146 2727 hunc
3170 2674 3430 2730 ambulare
3455 2675 3590 2748 (Act.
3615 2680 3675 2734 3.

2085 2752 2215 2824 12)?
2238 2756 2317 2811 sic
2344 2766 2398 2813 et
2427 2758 2548 2826 iste,
2575 2759 2727 2816 Iesus
2754 2764 2841 2832 qui
2867 2767 3105 2834 apparuit
3132 2767 3238 2821 tibi.
3269 2767 3534 2838 Impositis
3557 2770 3674 2840 jam

2085 2850 2332 2906 manibus
2360 2850 2477 2908 hinc
2506 2853 2842 2924 loquebatur,
2873 2867 2928 2913 et
2955 2858 3149 2929 duplex
3183 2861 3396 2916 caecitas
3425 2861 3666 2917 solveba-

2085 2950 2190 2996 tur.
2221 2943 2354 2997 Cum
2377 2943 2506 2999 dicit
2529 2957 2728 3013 autem,
2759 2945 2887 3002 Cum
2911 2950 3122 3019 cepisset
3146 2951 3331 3019 cibum,
3356 2952 3660 3021 confortatus

2086 3043 2159 3087 est
2179 3075 2192 3099 ,
2236 3035 2497 3106 signiﬁcat
2527 3038 2676 3094 illum
2707 3040 3031 3097 inﬁrmatam
3059 3059 3178 3102 esse
3203 3059 3234 3100 a
3262 3059 3495 3102 mterore
3514 3047 3670 3102 caeci-

2087 3126 2246 3192 tatis,
2275 3143 2303 3180 a
2342 3128 2532 3186 timore
2564 3141 2618 3186 et
2641 3147 2672 3186 a
2703 3131 2862 3188 fatue.
2907 3133 3095 3205 Neque
3131 3136 3276 3192 enim
3317 3138 3464 3208 prius
3493 3138 3674 3195 cibum

2086 3233 2301 3275 sumere
2343 3221 2546 3288 voluit,
2597 3239 2758 3294 quam
2810 3225 3108 3297 baptizatus
3158 3243 3351 3299 magna
3393 3231 3681 3285 sortiretur

2087 3307 2246 3362 dona.
2277 3309 2457 3383 Neque
2476 3312 2624 3380 dicit,
2646 3314 2804 3371 Jesus
2825 3317 3130 3385 cruciﬁxus,
3160 3318 3202 3373 F
3206 3319 3328 3375 ilius
3353 3320 3467 3388 Dei,
3488 3321 3580 3390 qui
3605 3322 3686 3376 si-

2086 3417 2188 3472 gna
2220 3403 2378 3470 facit;
2406 3407 2499 3461 sed
2521 3408 2683 3478 quid?
2709 3409 2813 3477 Qui
2830 3415 3070 3480 apparuit
3089 3411 3213 3478 tibi;
3242 3429 3304 3470 ea
3333 3413 3534 3478 dicens,
3555 3430 3686 3484 qua:

2087 3494 2164 3548 illi
2195 3505 2319 3550 nota
2345 3507 2518 3551 erant.
2564 3498 3007 3571 Quandoquidem
3033 3518 3103 3558 ne
3131 3503 3246 3573 ipse
3274 3504 3488 3575 quidem
3513 3502 3685 3560 Chri-

2087 3595 2202 3640 ειυς
2242 3586 2384 3642 aliud
2426 3588 2662 3659 adjecit,
2702 3607 2876 3662 neque
2906 3592 3040 3648 dixit
3069 3613 3082 3648 :
3113 3595 3224 3665 Ego
3249 3612 3364 3650 sum
3393 3595 3481 3650 ille
3506 3598 3689 3651 cruci-

2089 3679 2260 3746 ﬁxus,
2293 3682 2383 3751 qui
2411 3686 2707 3750 resurrexi;
2746 3686 2840 3742 sed
2862 3727 2876 3754 ,
2908 3687 3068 3753 Quem
3094 3698 3147 3742 tu
3180 3690 3511 3760 persequeris.
3560 3688 3684 3744 Non

2087 3772 2240 3839 dixit,
2263 3773 2362 3842 Qui
2395 3779 2860 3847 persequutioncm
2883 3780 3083 3849 patior;
3115 3796 3180 3835 ne
3201 3781 3473 3837 videretur
3502 3782 3551 3836 in
3582 3798 3684 3834 ex-

2088 3881 2244 3922 cessu
2267 3870 2461 3924 mentis
2490 3871 2733 3927 irridere.
2765 3873 2864 3938 Qui
2891 3875 3131 3944 apparuit
3153 3875 3262 3941 tibi,
3289 3875 3480 3945 inquit,
3499 3877 3549 3928 in
3576 3877 3680 3930 cia.

2090 3960 2254 4029 Atqui
2286 3976 2393 4014 non
2417 3963 2697 4030 apparuit,
2727 3964 2822 4019 sed
2859 3980 2955 4034 per
2985 3980 3150 4036 opera
3176 3966 3323 4021 visus
3356 3977 3456 4022 est.
3495 3969 3557 4021 Et
3578 3984 3674 4020 vu—

2091 4050 2208 4105 lens
2232 4053 2495 4106 sermonis
2519 4055 2817 4112 molestiam
2846 4055 3091 4126 mitigare
3111 4099 3125 4121 ,
3155 4057 3332 4112 statim
3361 4057 3576 4126 adjicit,
3609 4055 3678 4112 Ut

2091 4142 2282 4208 videas,
2311 4153 2358 4197 et
2384 4145 2640 4216 implearis
2671 4146 2872 4215 Spiritu
2897 4159 3092 4203 sancto.
3124 4149 3238 4204 Non
3269 4151 3448 4216 venit,
3481 4160 3536 4204 ut
3565 4167 3683 4206 rem

2091 4233 2287 4290 factum
2313 4246 2579 4305 argueret,
2608 4239 2702 4294 sed
2733 4239 2800 4295 ad
2827 4241 3027 4296 donum
3053 4242 3458 4309 conferendum,
3491 4244 3682 4313 inquit.

2093 4327 2317 4388 Videtur
2356 4330 2485 4385 mihi
2529 4341 2583 4386 et
2622 4331 2762 4388 hunc
2789 4343 2842 4389 et
2868 4333 3174 4391 Cornelium
3200 4337 3378 4391 statim
3411 4346 3530 4406 post
3567 4337 3688 4392 haec

2093 4419 2232 4475 dicta
2263 4422 2420 4477 verba
2454 4424 2710 4492 Spiritum
2739 4426 3045 4494 recepisse;
3090 4428 3190 4482 etsi
3229 4429 3323 4498 qui
3367 4428 3545 4492 dabat,
3575 4445 3687 4484 non

2094 4525 2160 4566 ex
2185 4511 2465 4568 duodecim
2492 4524 2654 4571 esset.
2696 4517 2785 4572 Sic
2813 4517 2945 4572 nihil
2979 4519 3269 4573 humanum
3307 4519 3425 4586 hic,
3460 4535 3558 4574 nec
3592 4538 3692 4590 per

2095 4603 2369 4659 hominem
2409 4607 2604 4662 factum
2637 4619 2749 4674 est;
2791 4608 2888 4664 sed
2915 4610 3056 4665 Deus
3085 4611 3270 4666 aderat
3295 4612 3385 4680 qui
3417 4611 3531 4665 haec
3557 4628 3691 4680 agt.k

2096 4703 2198 4752 ret.
2225 4695 2500 4767 Simulque
2527 4697 2677 4753 illum
2709 4700 2936 4754 instituit
2962 4709 3019 4755 ut
3048 4702 3288 4756 modeste
3316 4703 3532 4766 sentiat,
3561 4718 3688 4756 cum

2096 4787 2246 4842 illum
2295 4803 2401 4842 non
2444 4789 2591 4845 ducit
2635 4789 2700 4844 ad
2746 4791 3046 4861 pracipuos
3089 4794 3392 4862 apostolos,
3425 4794 3693 4862 docetque

2097 4879 2229 4934 nihil
2257 4879 2343 4934 hic
2369 4879 2659 4946 humanum
2689 4897 2828 4938 esse.
2860 4882 3044 4953 Neque
3072 4893 3198 4939 tunc
3221 4883 3500 4956 Spiritum,
3529 4896 3581 4939 nt
3612 4887 3679 4940 si-

2096 4985 2198 5041 gna
2237 4971 2448 5036 ederet,
2485 4974 2727 5044 accepit,
2764 4985 2815 5028 ut
2852 4976 2930 5030 sic
2959 4975 3074 5045 ejus
3102 4975 3237 5038 ﬁdes
3266 4977 3684 5046 ostenderetur:

2097 5079 2271 5134 neque
2296 5065 2439 5118 enim
2469 5081 2618 5136 Signa
2649 5067 2792 5120 lircit.
2824 5066 2892 5120 Et
2923 5068 3112 5134 statim,
3146 5069 3347 5138 inquit,
3382 5070 3435 5121 in
3465 5086 3689 5139 synago-

2096 5163 2176 5231 θέε
2205 5161 2514 5231 prwdicabat
2539 5161 2828 5229 Christum,
2859 5165 2980 5232 quia
3008 5165 3090 5218 hic
3127 5175 3199 5218 est
3229 5162 3398 5218 Filius
3428 5164 3538 5218 Dei.
3571 5164 3686 5217 Non
3714 5158 3727 5168 ’

2099 5254 2421 5325 praedicabat
2447 5256 2589 5325 quod
2619 5259 3000 5313 resurrexisset
3023 5298 3038 5324 ,
3071 5273 3244 5326 neque
3273 5258 3414 5328 quod
3442 5259 3646 5312 viveret
3671 5274 3686 5321 ;

2099 5347 2193 5402 sed
2221 5348 2387 5416 quid?
2415 5349 2828 5404 Accuratissime
2861 5353 3054 5419 dogma
3084 5351 3419 5420 exponebat.
3451 5348 3581 5414 Quia
3607 5351 3691 5402 his

2099 5451 2173 5495 est
2223 5440 2388 5496 Filius
2430 5440 2546 5496 Dei.
2599 5442 2674 5497 Ilii
2715 5459 2845 5498 vero
2885 5443 2970 5498 bis
3009 5443 3204 5500 auditis
3233 5443 3284 5499 in
3319 5442 3692 5498 incredulitate

2101 5541 2372 5602 perstant,
2405 5548 2526 5588 cum
2573 5536 2897 5604 oportuisset
2947 5551 3054 5592 non
3101 5535 3263 5593 modo
3299 5536 3553 5599 credere.
3594 5534 3692 5590 sed

2101 5625 2258 5678 etiam
2288 5624 2685 5693 obstupescere.
2716 5627 2783 5681 Et
2803 5643 2898 5680 cur
2921 5642 3024 5682 non
3052 5628 3383 5692 simpliciter,
3406 5627 3545 5697 qu-td
3572 5644 3689 5695 per-

2097 5723 2357 5782 sequutor
2395 5714 2587 5779 fuerit,
2622 5717 2845 5782 dicunt;
2878 5720 2972 5773 sed
3011 5719 3152 5788 quod
3193 5729 3519 5787 expugnaret
3559 5731 3690 5782 eos,

2105 5809 2190 5880 qui
2220 5808 2317 5862 hoc
2348 5824 2542 5864 nomen
2575 5811 2924 5867 invocarent?
2956 5811 3197 5880 Magnum
3229 5810 3459 5866 furorem
3493 5809 3576 5864 his
3599 5810 3687 5862 ειυ-
