3946 6432
405 372 500 436 161

397 493 602 561 τοῦτος
632 493 707 550 Τὸ
737 493 942 566 σφόδρα
967 496 1194 567 μανικὸν
1225 496 1315 553 διὰ
1342 497 1533 552 τούτου
1560 496 1939 571 ἐμφαίνοντες.
1963 494 2074 549 Καὶ

398 581 503 637 οὐκ
528 578 681 638 εἶπον
698 583 790 638 τὸν
827 583 1054 656 Ἰησοῦν.
1090 585 1200 638 ἀπὸ
1224 586 1324 656 τῆς
1355 585 1654 657 βασκανίας
1683 584 1805 639 οὐδὲ
1825 583 1884 637 τὸ
1903 583 2077 655 ὄνομα

401 670 626 726 ἀκούειν
656 672 975 744 ἀνεχόμενοι
999 690 1014 705 ⁸
1048 672 1223 736 οὕτως
1258 668 1400 745 ἦσαν
1438 673 1919 746 ὲκτεθηριωμένοι.
1965 671 2078 728 Kal

399 750 520 851 ὦδε
549 760 635 851 εἰς
654 759 832 851 τοῦτο
852 759 1173 851 ἐλήλυθεν.
1197 760 1312 815 Οὐκ
1337 760 1533 833 ἔχομεν
1554 762 1749 828 είπεῖν,
1784 761 1971 833 φησὶν,
1995 761 2077 815 ὅτι
2118 814 2146 851 ⁵

400 849 516 912 τοῖς
544 847 865 912 ἀποστόλοις
895 849 1160 921 πρότερον
1192 851 1527 919 συνεγένετο.
2088 853 2106 872 ⁹

471 938 695 1011 γ’.”ορα
710 938 800 993 διά
809 940 992 994 πόσων
1010 940 1352 1012 ὁμολογεῖται
1368 940 1478 995 τῶν
1506 940 1716 1014 ἐχθρῶν
1741 941 2028 1013 τυγχάνων
2048 941 2078 993 ό

401 1023 636 1090 Παῦλος.
675 1027 734 1081 '0
761 1027 818 1080 δὲ
842 1027 905 1080 οὐ
933 1028 1094 1098 μόνον
1124 1029 1225 1083 οὐκ
1256 1029 1521 1101 ᾐσχύνετο
1550 1030 1783 1098 τούτοις,
1812 1029 1951 1085 ἀλλὰ
1981 1029 2076 1083 καὶ

402 1114 753 1186 ὲνηδρύνετο.
801 1115 1038 1183 Σαῦλος
1074 1116 1144 1170 δὲ
1178 1117 1422 1188 μᾶλλον
1463 1117 1929 1188 ἐνεδυναμοῦτο,
1979 1116 2078 1170 καὶ

403 1203 769 1272 συνῄσχυνε
790 1202 935 1270 τοὺς
976 1203 1308 1272 Ἰουδαίους
1327 1221 1341 1237 ’
1362 1205 1657 1271 τουτέστιν,
1696 1203 2076 1274 ὲπεστόμιζεν,

402 1289 506 1342 οὐκ
528 1288 616 1345 εία
634 1307 686 1343 τι
709 1292 913 1345 εἰπεῖν’
938 1291 1336 1362 συμϐιϐάζων,
1372 1291 1463 1347 ὅτι
1490 1287 1670 1359 οὗτός
1693 1291 1867 1347 ἐστιν
1887 1294 1921 1346 ὁ
1947 1292 2079 1359 Χρι-

404 1375 573 1443 στός.
604 1378 883 1433 Διδάσκων
904 1420 919 1445 ,
962 1380 1098 1450 φησί
1123 1396 1138 1411 ·
1162 1380 1484 1445 διδάσκαλος
1515 1381 1609 1435 καὶ
1634 1381 1743 1453 γὰρ
1764 1380 1964 1444 εὐθέως
1986 1375 2075 1452 ἦν.

414 1462 517 1531 Ὠς
564 1463 635 1518 δὲ
654 1477 681 1507 ι
706 1465 1094 1536 ἐπληροῦντο
1150 1468 1365 1537 ἡμέραι
1412 1469 1635 1535 ἱκαναὶ,
1676 1469 2080 1523 συνεϐουλεύ-

288 1558 291 1563 ’
403 1568 597 1609 σαντο
619 1557 673 1609 οἱ
711 1553 998 1612 Ἰουδαῖοι
1040 1557 1284 1613 ἀνελεῖν
1323 1559 1533 1614 αὐτόν.
1568 1558 1694 1613 Ἐπὶ
1731 1559 1824 1614 τὸν
1860 1561 2078 1632 ἰσχυρὸν

406 1640 770 1714 συλλογισμὸν
796 1644 1050 1716 ἔρχονται
1088 1645 1254 1699 πάλιν
1303 1648 1354 1700 οί
1398 1647 1658 1702 Ἰουδαῖοι.
1699 1649 1814 1702 Οὐκ
1853 1647 1931 1702 ἔτι
1969 1648 2078 1721 7&9

407 1730 774 1799 συκοφάντας,
802 1732 897 1786 καὶ
924 1735 1285 1804 κατηγόρους,
1306 1736 1400 1788 καί¹
1414 1733 1866 1807 ψευδομάρτυρας
1891 1735 2081 1807 ἐπιζη-

403 1817 591 1872 τοῦσιν
615 1837 631 1851 ο
666 1819 790 1873 οὐδὲ
820 1822 931 1891 γὰρ
970 1819 1050 1874 ἔτι
1080 1821 1365 1891 ἀνέχονται
1388 1821 1595 1877 τούτων
1623 1840 1637 1854 ⁸
1671 1823 1809 1877 ἀλλά
1834 1824 1921 1891 τίς
1958 1825 2081 1878 Λοι-

406 1903 508 1958 πὸν
559 1904 714 1958 αὐτοὶ
757 1905 826 1959 δι’
865 1908 1076 1960 ἑαυτῶν
1115 1907 1271 1962 τοῦτο
1317 1909 1665 1980 ἐργάζονται.
1724 1910 1943 1982 Ἐπειδὴ
1971 1909 2081 1981 7&9

404 1985 545 2045 εἶδον
575 1992 982 2062 ἐπιτεινόμενον
1005 1995 1064 2048 τὸ
1108 1982 1374 2067 πρᾶγμα,
1405 1997 1526 2050 οὐδὲ
1561 1996 1909 2068 δικαστήριον
1949 1997 2081 2051 καθ-

407 2076 636 2142 ίζουσινο
665 2079 972 2149 Ἔγνώσθη
1000 2080 1069 2135 δὲ
1087 2079 1168 2146 τῷ
1201 2083 1416 2147 Σαύλῳ
1453 2083 1492 2152 ἡ
1525 2083 1817 2154 ἐπιϐουλὴ
1840 2083 2041 2138 αὐτῶν
2063 2103 2077 2115 ·

405 2163 789 2233 παρετήρουν
833 2182 898 2220 τε
936 2168 1042 2233 τὰς
1082 2169 1283 2235 πύλας
1319 2167 1547 2238 ’ἡμέρας
1584 2188 1654 2224 τε
1693 2170 1793 2225 καὶ
1838 2172 2080 2239 νυκτὸς,

406 2251 569 2319 ὅπως
598 2252 787 2308 αὑτὸν
804 2253 1089 2311 ἀνέλωσι.
1120 2257 1218 2310 Διά
1237 2256 1326 2324 τίς
1360 2259 1484 2312 Ὅτι
1506 2260 1724 2314 πάντων
1749 2262 2082 2335 ἀφορητότε-

409 2356 503 2410 ρον
536 2335 605 2411 ἦν
637 2340 824 2406 αὐτοῖς
842 2342 951 2397 τῶν
978 2342 1080 2415 ἤδη
1106 2346 1492 2417 γεγενημένων
1523 2348 1784 2418 σημείων,
1815 2349 1926 2402 τῶν
1948 2367 2082 2403 πεν-

403 2427 791 2499 τακισχιλίων,
824 2431 932 2486 τῶν
964 2433 1316 2505 τρισχιλίων,
1352 2435 1572 2491 πάντων
1603 2436 1809 2501 ἁπλῶς.
1844 2439 1955 2493 Καὶ
1981 2439 2085 2510 ὂρα

403 2516 569 2571 αὐτὸν
595 2517 735 2583 τέως
753 2519 813 2572 οὐ
837 2520 1021 2591 χάριτι
1053 2519 1383 2593 σωζόμενον,
1418 2522 1532 2577 ἀλλ’
1557 2524 1877 2601 ἀνθρωπίνῃ
1899 2528 2079 2601 σοφίῳ

404 2602 496 2657 (va
542 2604 726 2679 μάθῃς
771 2605 867 2660 τοῦ
900 2607 1097 2681 ἀνδρὸς
1136 2611 1238 2680 τὴν
1275 2611 1480 2682 ἀρετὴν
1513 2613 1606 2666 καὶ
1635 2614 1804 2685 χωρὶς
1841 2615 2084 2687 σημείων

404 2689 735 2763 λάμποντος.
776 2696 1079 2763 Λαϐόντες
1123 2695 1193 2751 δὲ
1234 2696 1425 2753 αὑτὸν
1461 2701 1519 2753 οἱ
1554 2701 1812 2770 μαθηταὶ
1839 2705 2081 2773 νυκτὸς,

403 2780 684 2850 καθῆκαν
721 2780 821 2839 διὰ
857 2783 961 2839 τοῦ
990 2785 1231 2855 τείχους
1248 2825 1263 2849 ,
1293 2787 1681 2856 χαλάσαντες
1715 2790 1786 2844 ἐν
1811 2792 2082 2862 σπυρίδι.

402 2868 647 2934 Εἰκότως
668 2888 681 2901 ·
710 2870 800 2924 ῖνα
821 2869 1134 2926 ἀνύποπτον
1157 2868 1192 2947 ᾖ
1220 2873 1284 2927 τὸ
1305 2876 1560 2947 πρᾶγμα.
1596 2877 1663 2930 Τί
1690 2874 1813 2945 οὐνς
1844 2880 2086 2936 τοιοῦτον

402 2954 650 3011 κίνδυνον
674 2956 953 3028 διαφυγὼν
970 3000 987 3026 ,
1010 2957 1121 3031 ἆρα
1137 2960 1355 3015 ἵσταται
1379 2962 1408 3002 δ
1428 2980 1444 3029 ;
1463 2962 1754 3033 Οὐδαμῶς,
1786 2966 1900 3021 ἀλλ’
1921 2969 2088 3042 ἀπέρ-

402 3060 561 3114 χεται
581 3044 712 3100 ἔνθα
745 3046 1013 3117 μειζόνως
1031 3047 1097 3101 ἂν
1111 3048 1310 3113 αὐτοὺς
1332 3048 1542 3120 ἐξάψει.
1564 3052 1688 3105 Ὅτι
1704 3053 1815 3126 7&9
1843 3056 2089 3129 ἀκριϐῶς

410 3130 758 3199 ἒπίστευσεν,
806 3135 1038 3190 ἄπιστον
1078 3129 1145 3207 ἦν
1201 3135 1283 3190 ἔτι
1318 3141 1432 3202 τοῖς
1477 3139 1711 3205 πολλοῖς.
1773 3143 1873 3198 Διά
1929 3146 2088 3201 τοῦτο

404 3216 560 3293 [166]
579 3219 700 3291 μεθ’
731 3220 948 3293 ἡμέρας
977 3221 1170 3288 ίκανάς
1196 3223 1357 3279 τοῦτο
1386 3225 1620 3295 γίνεται.
1668 3228 1735 3282 Τί
1771 3247 1901 3284 ποτε
1928 3234 2088 3288 τοῦτό

405 3306 592 3375 imm;
620 3308 784 3373 Εἰκὸς
805 3309 969 3364 αὐτὸν
1004 3310 1080 3382 μὴ
1116 3310 1399 3382 βούλεσθαι
1429 3314 1568 3378 τέως
1595 3315 1833 3383 ἐξελθεῖν
1855 3320 2086 3388 ἐκεῖθεν,

405 3393 621 3449 πολλῶν
641 3397 775 3461 ῖσως
814 3398 1232 3470 παραινούντων
1258 3416 1273 3430 θ
1315 3401 1503 3473 ἐπειδὴ
1531 3401 1588 3456 δὲ
1618 3404 1810 3475 ἔμαθε,
1844 3407 1965 3460 τότε
1991 3409 2091 3462 έπ-

408 3480 606 3555 έτρεψε
634 3486 749 3549 τοῖς
781 3486 1057 3558 μαθηταῖς
1079 3488 1245 3542 αὐτοῦ
1266 3505 1279 3519 ·
1304 3491 1399 3544 καὶ
1423 3490 1533 3564 7&9
1551 3493 1800 3564 μαθητὰς
1823 3490 1970 3567 εἶχεν
1998 3498 2092 3551 εὐ-

406 3568 568 3634 θέως.
590 3571 762 3626 Τοῦτο
787 3575 1158 3645 αἰνιττόμενος
1180 3575 1367 3647 ἔλεγεν
1388 3595 1404 3609 ο
1457 3580 1513 3632 '0
1537 3579 1835 3650 ἐθνάρχης
1886 3584 2091 3653 Ἀρέτα

405 3658 516 3713 τοῦ
562 3659 874 3729 ,βασιλέως
925 3662 1202 3733 ἐφρούρει
1252 3666 1368 3734 τὴν
1416 3668 1832 3739 Δαμασκηνῶν
1883 3677 2088 3741 πόλιν,

406 3747 625 3804 πιάσαι
649 3768 728 3820 με
762 3750 975 3809 θέλων.
1007 3752 1118 3807 Kal
1143 3752 1246 3826 δρα
1278 3754 1371 3809 τὸν
1401 3755 1794 3831 εὐαγγελιστὴν
1819 3761 1971 3816 οὐδὲν
2004 3781 2092 3833 φιο

408 3834 653 3908 λοτίμως
674 3837 925 3907 λέγοντα,
954 3838 1077 3892 οὐδὲ
1104 3840 1357 3913 λαμπρὸν
1394 3842 1683 3898 δεικνύντα
1720 3846 1810 3899 τὸν
1846 3846 2090 3917 Παῦλον,

412 3925 548 3980 ἀλλά
586 3926 748 3997 μόνον
773 3928 856 3981 ὅτι
883 3927 1186 3998 ἐπήγειραν
1208 3929 1299 3984 τὸν
1329 3929 1572 4001 βασιλέα.
1605 3932 1783 3988 Μόνον
1809 3930 1903 3991 οὗν
1929 3938 2091 3993 αὐτὸν

409 4012 753 4085 ἐξέπεμψαν,
779 4014 875 4069 καὶ
903 4014 1097 4069 οὐδένα
1133 4018 1253 4087 μετ’
1279 4017 1469 4073 αὐτοῦ.
1520 4018 1634 4074 Καὶ
1672 4020 1831 4077 τοῦτο
1872 4024 1928 4078 δὲ
1955 4042 2095 4099 συμ-

412 4101 710 4173 φερόντως,
747 4101 889 4156 ὥστε
912 4103 1074 4157 αὐτὸν
1105 4104 1340 4175 φανῆναι
1367 4108 1480 4171 τοῖς
1502 4107 1822 4174 ἀποστόλοις
1843 4112 1901 4166 ἐν
1929 4113 2097 4187 Ἱερο-

411 4188 540 4251 σολύ
548 4205 670 4259 μοις
694 4205 710 4221 θ
745 4189 946 4261 μᾶλλον
971 4189 1028 4245 δὲ
1055 4192 1212 4245 αὐτοὶ
1233 4192 1331 4263 μὲν
1354 4192 1691 4265 ἐξέπεμψαν,
1714 4197 1792 4263 ὡς
1815 4199 1881 4254 ὲκ
1900 4200 2092 4256 τούτου

410 4275 598 4330 λοιπὸν
627 4274 807 4348 ἑαυτῷ
831 4276 930 4350 τὴν
959 4279 1238 4349 σωτηρίαν
1265 4280 1597 4352 πορίσασθαι
1630 4300 1643 4312 ·
1665 4285 1829 4351 αὐτὸς
1859 4286 1917 4340 δὲ
1942 4289 2096 4343 τούν-

410 4363 594 4417 αντίον
628 4365 1025 4435 πραττόμενος,
1076 4367 1157 4430 εἰς
1205 4367 1336 4431 τοὺς
1383 4370 1745 4441 μαινομένους
1793 4373 1955 4439 εὐθὺς
1990 4377 2093 4431 έπ-

411 4450 674 4522 επήδησε.
708 4450 881 4505 Τοῦτό
923 4453 1040 4506 ἐστι
1065 4454 1429 4527 πεπυρῶσθαι
1451 4497 1467 4523 ,
1498 4457 1657 4512 τοῦτο
1690 4460 1927 4532 μάλιστα
1958 4463 2091 4529 ζεῖν.

411 4534 527 4590 Καὶ
558 4536 793 4624 σκόπει,
824 4538 942 4603 πῶς
968 4540 1295 4607 ἀκολουθεῖ,
1328 4544 1394 4598 ἐκ
1417 4546 1641 4618 πρώτης
1668 4549 1884 4621 ἡμέρας
1909 4551 2096 4624 τηρῶν

410 4624 475 4678 τδ
504 4623 874 4696 παράγγελμα
893 4667 908 4693 ,
935 4626 1073 4698 ὅπερ
1101 4628 1348 4698 ἥκουσαν
1373 4633 1423 4685 οἱ
1452 4631 1740 4690 ἀπόστολοι
1764 4677 1780 4702 ,
1816 4638 1877 4692 τὸ
1899 4678 1915 4704 ,
1959 4623 2095 4695 Ἐὰν

406 4711 495 4783 μή
529 4729 620 4777 τις
643 4712 759 4782 ἄρῃ
786 4713 896 4768 τὸν
925 4715 1197 4784 σταυρόν
1217 4717 1407 4773 αὐτοῦ
1433 4720 1533 4776 καὶ
1559 4723 1953 4797 ἀκολουθήσῃ
1967 4745 2090 4797 μοι.

412 4799 489 4852 Τὸ
517 4798 694 4853 τοίνυν
731 4799 962 4874 ὕστερον
984 4802 1146 4856 αὐτὸν
1176 4803 1284 4857 τῶν
1316 4803 1495 4860 ἄλλων
1528 4807 1728 4873 ἐλθεῖν,
1761 4811 1961 4881 μᾶλλον
1994 4814 2093 4869 αὐ-

412 4886 506 4942 τὸν
526 4886 956 4969 Απροθυμότερον
989 4889 1187 4945 ἐποίει.
1236 4891 1350 4946 Καὶ
1376 4892 1544 4966 -έργῳ
1579 4896 1884 4969 ἐπληροῦτο
1915 4903 2096 4957 έκεῖνο

411 4971 495 5059 τὸ,
523 4966 601 5042 ’ᾯ
633 4972 870 5059 ἀφίεται
912 4973 1092 5038 πολὺ,
1129 4972 1374 5045 μᾶλλον
1422 4966 1746 5050 ἀγαπήσει.
1794 4985 1956 5038 Ὥστε
1983 4987 2096 5059 ὅσῳ
2134 5016 2143 5023 -

414 5056 644 5131 ἔσχατον
676 5056 831 5130 ἦλθε,
860 5061 1098 5134 τοσούτῳ
1127 5064 1330 5134 μᾶλλον
1361 5066 1670 5138 ἠγάπησεν.
1697 5069 1797 5125 Διά
1825 5072 1982 5127 τοῦτο
2001 5056 2096 5130 καὶ

411 5146 508 5202 τὸν
554 5147 823 5220 πρότερον
872 5149 991 5219 βίον
1036 5151 1234 5206 ἑαυτοῦ
1293 5154 1624 5224 στηλιτεύων
1649 5196 1665 5221 ,
1704 5159 1801 5213 καὶ
1832 5160 2095 5229 πολλάκις

411 5236 607 5290 ἑαυτὸν
642 5235 858 5301 στίζων,
899 5237 1052 5291 οὐδὲν
1097 5241 1285 5309 ἡγεῖτο
1332 5241 1519 5295 ἱκανὸν
1562 5241 1702 5299 εἶναι
1757 5247 1897 5318 πρὸς
1928 5249 1989 5303 τὸ
2025 5250 2097 5306 τά

413 5323 658 5395 πρότερα
688 5324 1029 5396 ἀποκρύψαι.
1054 5327 1455 5396 Συμϐιϐἀζων,
1486 5333 1640 5400 φησι,
1674 5336 1943 5403 τουτέστι,
1977 5342 2094 5410 μετ’

413 5413 718 5476 ἑπιεικείας
753 5413 1044 5468 διδάσκων.
1080 5414 1192 5469 Καὶ
1214 5416 1339 5488 ὅρα,
1364 5418 1426 5471 οὐ
1451 5417 1697 5487 λέγουσιν
1723 5424 1892 5496 αὐτῷ.
1916 5427 1999 5481 ὅτι
2022 5429 2094 5484 Σὺ

414 5495 469 5553 εἷ
495 5502 526 5554 ὁ
556 5502 774 5573 πορθῶν
804 5518 819 5533 ο
846 5502 899 5555 τί
952 5502 1397 5575 μεταδέϐλησαι;
1442 5507 1739 5579 ᾐσχύνοντο
1771 5515 1878 5584 γάρ
1905 5531 1919 5544 ·
1958 5515 2097 5571 ἀλλὰ

414 5588 554 5675 πρὸς
584 5589 813 5652 ἑαυτοὺς
847 5589 1058 5660 ἔλεγον.
1106 5586 1242 5645 Εἴπε
1276 5594 1384 5666 7&9
1416 5593 1482 5648 ἂν
1517 5597 1698 5669 πολλῷ
1732 5600 2093 5675 δικαιότερον,

413 5673 500 5763 οτι
531 5675 702 5763 Τοῦτο
730 5677 966 5747 μάλιστα
989 5680 1135 5749 ὑμᾶς
1154 5678 1362 5745 διδάξαι
1391 5682 1635 5753 ὀφείλει,
1671 5687 1796 5741 ἐπεὶ
1826 5690 1918 5742 και
1958 5673 2096 5763 πρὸς

431 5759 742 5833 ’Δγρίππαν
774 5763 949 5829 οὕτως
980 5766 1352 5836 ἀπολογεῖται.
1395 5769 1599 5826 Τοῦτον
1625 5773 1948 5846 μιμώμεθα,

418 6016 444 6065 ἴ
480 5934 510 5964 ⁸³
551 5934 652 5987 Alii
680 5935 965 5996 διδάσκα>ος
995 5940 1083 6004 γὰρ
1114 5941 1250 5999 οὗτος
1289 5943 1363 6006 ἦν.
1412 5944 1494 6004 Ὡς
1527 5947 1593 5997 δέ.
1667 5947 1696 5989 ι’
1736 5948 1834 6005 Alii
1856 5951 1948 6018 ἄρα
1987 5951 2099 6021 φά*

442 6019 518 6065 ἐις

442 6019 491 6063 ru
505 6019 518 6068 ἱ

1180 382 1240 436 S.
1280 379 1564 438 JOANNES
1598 376 2091 438 CIIRYSOSTOMI
2130 376 2453 434 ABCHIEP.
2493 373 3042 435 LONSTANTINOP.

3834 370 3946 426 16

2185 493 2434 566 ρακαλῶ,
2478 494 2574 549 καὶ
2613 492 2799 567 ἡμεῖς,
2834 490 2928 547 καὶ
2958 489 3096 564 πρὸς
3128 488 3335 553 πάντας
3385 480 3538 561 ὦμεν
3585 488 3946 544 κινδύνου

2181 582 2680 654 παρατεταγμένοι.
2709 582 2819 637 Καὶ
2845 580 2983 645 πῶς,
3006 577 3194 648 φησὶν,
3217 578 3426 641 έκεινος
3446 576 3642 647 φεύγει
3664 587 3694 615 ε
3732 593 3763 642 ;
3818 575 3946 630 Οὐ

2181 665 2250 741 ἧν
2280 669 2485 735 δειλίας
2509 670 2570 724 τὸ
2591 670 2849 741 πρᾶγμα,
2875 667 2993 723 ἀλλ’
3015 665 3311 735 ἐφύλαττεν
3337 666 3530 719 ἑαυτὸν
3547 664 3630 736 τῷ
3658 664 3946 734 κηρύτ

2189 776 2343 829 ματι.
2378 759 2442 813 Et
2474 758 2647 822 δειλὸς
2669 753 2772 830 ἦν,
2813 757 2915 810 οὐκ
2954 754 3021 809 ἂν
3065 756 3148 818 εἰς
3182 753 3253 808 τὰ
3291 753 3650 824 Ἱεροσόλυμα
3685 748 3946 823 ἦλθεν

2182 845 2285 900 οὐκ
2308 845 2375 901 ἀν
2403 846 2611 910 εὐθέως
2643 844 2935 912 ἀνεδέξατο
2980 844 3081 914 τὴν
3122 840 3472 897 διδασκαλίαν
3494 858 3509 874 ι
3544 840 3946 911 καθυφῖνεε

2182 933 2250 987 ἂν
2275 935 2375 1006 τῆς
2404 934 2784 1005 σφοδρότητος.
2830 932 2971 985 Ἀλλ’
2998 932 3101 983 οὐκ
3125 929 3192 1000 ἦν
3212 927 3405 992 δειλὸς,
3426 927 3570 981 ἀλλά
3596 928 3705 981 καὶ
3754 930 3946 980 οῖκο

2182 1024 2432 1093 νομικός.
2461 1019 2788 1091 Ἐπαιδεύθη
2809 1017 2889 1090 τῷ
2925 1016 3089 1072 πάθει
3116 1017 3212 1070 τοῦ
3246 1014 3544 1084 Στεφάνου.
3589 1015 3690 1067 Διδ
3739 1014 3946 1067 οὐδὲ]

2188 1108 2334 1180 μέγα
2359 1110 2546 1179 ἠγεῖτο
2573 1107 2636 1161 τὸ
2667 1107 2960 1162 ἀποθανεῖν
2993 1106 3134 1176 ὑπὲρ
3163 1103 3261 1158 τοῦ
3292 1102 3681 1175 κηρύγματος,
3728 1104 3809 1154 ει
3857 1103 3946 1173 μὲ

2189 1194 2329 1265 μετά
2358 1194 2556 1249 πολλοῦ
2611 1195 2706 1249 τοῦ
2754 1193 2982 1265 κέρδους
3022 1191 3181 1246 τοῦτο
3212 1191 3543 1262 ἐργάσαιτο,
3584 1190 3946 1263 ἀνθριυπος

2184 1283 2306 1337 οὐδὲ
2334 1285 2426 1339 τὸν
2449 1284 2686 1356 Χριστὸν
2711 1282 2842 1336 ἰδεῖν
2858 1281 3049 1346 θέλων,
3076 1280 3137 1334 δν
3163 1278 3397 1350 μάλιστα
3428 1278 3657 1331 πάντων
3677 1279 3946 1330 ἔσπευα

2184 1372 2274 1426 δεν
2318 1372 2467 1440 ίδεῖν,
2509 1371 2700 1444 ἐπειδὴ
2742 1372 2957 1425 οὐδέπω
3002 1370 3310 1441 ἀπήρτιστο
3353 1367 3506 1439 αὐτῷ
3547 1367 3618 1420 τὰ
3664 1369 3785 1437 τῆς
3816 1370 3939 1430 εὶς

2184 1464 2312 1526 τούς
2339 1462 2661 1535 ἀνθρώπους
2689 1460 3304 1534 οἰκονομίας.Τοιαύτην
3331 1456 3475 1514 εἶναι
3508 1460 3608 1531 χρὴ
3627 1458 3729 1530 τὴν
3762 1460 3917 1529 ψυο

2186 1550 2288 1622 χὴν
2316 1551 2412 1604 τοῦ
2435 1549 2789 1623 Χριπιανοῦ.

2257 1638 2323 1693 δ’.
2351 1638 2486 1692 Ἀπὸ
2515 1639 2820 1711 προοιμίων
2846 1638 2941 1692 καὶ
2969 1636 3080 1691 ἀπὸ
3092 1635 3342 1707 βαλϐῖδος
3356 1635 3528 1704 αὐτῆς
3554 1634 3910 1690 ἐδείκνυτοᾶ

2185 1727 2216 1779 ὁ
2242 1724 2528 1797 χαρακτὴρ
2548 1725 2765 1780 Παύλου
2785 1741 2801 1756 ·
2828 1725 3029 1796 μᾶλλον
3055 1724 3114 1779 δὲ
3144 1725 3242 1779 καὶ
3269 1724 3376 1795 πρὸ
3402 1722 3624 1777 τούτου.
3678 1723 3786 1774 Ἐν
3820 1716 3922 1785 οἷς

2188 1812 2297 1881 7&9
2337 1813 2400 1866 οὐ
2438 1812 2582 1867 κατά
2606 1813 2810 1881 γνῶσιν
2835 1812 3011 1866 ἐποίει
3029 1852 3045 1877 ,
3077 1810 3406 1883 ἀνθρωπίνῳ
3434 1809 3783 1879 κινούμενος
3811 1810 3918 1862 λο-

2187 1898 2378 1970 γισμῷ
2417 1898 2791 1971 διεπράττετο.
2824 1900 2890 1953 Εί
2927 1901 3036 1970 γὰρ
3066 1901 3205 1970 μετά
3239 1898 3495 1952 τοσοῦτον
3545 1899 3761 1968 χρόνον
3800 1899 3917 1951 οὐκ

2190 1986 2385 2059 ἤθελεν
2416 1986 2681 2041 ἀναλῦσαι
2707 2000 2722 2016 ο
2744 1987 2924 2058 πολλῷ
2954 1986 3155 2059 μᾶλλον
3176 1987 3233 2038 ὲν
3256 1988 3395 2056 ἀρχῇ
3429 1985 3539 2056 τῆς,
3558 1986 3869 2055 ἐμπορίας
3890 2025 3907 2045 ,

2189 2076 2316 2147 ἄρτι
2346 2075 2456 2129 τῶν
2480 2074 2717 2146 λιμένων
2745 2074 2998 2140 ἐξελθών.
3037 2075 3152 2128 Οὐκ
3191 2074 3489 2144 ἐξαρπάζει
3532 2072 3592 2125 δὲ
3641 2073 3828 2125 αὐτον
3873 2074 3901 2126 ό

2189 2161 2424 2234 Χριστὸς
2442 2161 2538 2217 τοῦ
2566 2161 2837 2227 κινδύνου,
2854 2161 2969 2216 ἀλλ’
2995 2162 3224 2232 ἀφίησιν
3248 2178 3261 2191 ·
3289 2160 3474 2230 ἐπειδὴ
3498 2159 3783 2230 βούλεται
3806 2160 3911 2214 καὶ

2190 2248 2508 2323 ἀνθρωπίνῃ
2532 2252 2746 2306 συνέσει
2773 2249 2947 2304 πολλὰ
2972 2249 3243 2320 γίνεσθαι.
3273 2247 3484 2312 Ἄλλως
3512 2247 3575 2301 δὲ
3613 2249 3868 2319 ἀφίησιν
3885 2287 3904 2311 ,

2193 2335 2279 2390 ἵνα
2307 2336 2593 2408 μάθωμεν,
2618 2337 2703 2391 δτι
2732 2338 2829 2392 καὶ
2858 2338 3013 2392 αὐτοὶ
3051 2336 3331 2408 ἄνθρωποι
3359 2331 3500 2407 ἦσαν
3520 2376 3539 2398 ,
3572 2337 3679 2390 καὶ
3703 2336 3799 2389 ὃτι
3838 2336 3904 2388 οὐ

2192 2423 2470 2497 πανταχοῦ
2501 2424 2566 2480 τὸ
2598 2426 2707 2480 πᾶν
2734 2427 2769 2498 ἡ
2794 2425 2954 2497 χάρις
2980 2426 3203 2497 ἐνήργει
3221 2442 3235 2455 ·
3269 2424 3394 2479 ἐπεὶ
3413 2425 3463 2477 εί
3493 2423 3573 2495 μὴ
3594 2422 3770 2477 τοῦτο
3794 2419 3893 2495 ἦν,

2192 2511 2324 2578 ξύλα
2359 2513 2547 2578 ἁπλῶς
2592 2514 2960 2584 ὲνομίοθησαν
2999 2513 3084 2569 ἄν.
3130 2513 3231 2568 Διά
3265 2530 3349 2566 τοι
3389 2510 3553 2566 τοῦτο
3581 2512 3769 2566 πολλά
3794 2514 3895 2565 καὶ

2190 2601 2349 2654 αὐτοὶ
2371 2600 2690 2672 ᾠκονόμουν
2726 2600 2879 2675 [16η
2908 2600 2998 2655 διὰ
3024 2600 3135 2656 τῶν
3163 2600 3529 2673 πραγμάτων.
3565 2600 3755 2653 Τοῦτο
3798 2600 3900 2652 καὶ

2190 2689 2356 2760 ἡμεῖς
2388 2688 2657 2759 ποιῶμεν,
2693 2689 2788 2744 κα)⁸
2818 2688 2964 2743 οῦτω
2992 2688 3094 2760 τῆς
3131 2688 3240 2743 τῶν
3266 2687 3513 2758 ἀδελφῶν
3551 2687 3903 2759 ὀρεγώμεθα

2195 2776 2491 2847 σωτηρίας.
2505 2775 2679 2831 Τοῦτο
2702 2777 3003 2849 μαρτυρίου
3021 2777 3122 2830 οὐκ
3137 2777 3382 2843 ἔλαττον,
3411 2776 3577 2848 μηδὲν
3602 2776 3900 2847 παραιτή-

2195 2864 2394 2917 σασθαι
2442 2862 2638 2918 παθεῖν
2680 2864 2773 2919 διὰ
2812 2863 2913 2936 τὴν
2966 2865 3075 2919 τῶν
3121 2864 3336 2919 πολλῶν
3384 2864 3675 2936 σωτηρίαν.
3705 2863 3898 2917 οὐδὲν

2193 2949 2367 3015 οὓτως
2396 2951 2679 3023 εὐφραίνει
2705 2951 2800 3006 τὸν
2827 2952 2982 3008 Θεόν.
3012 2952 3186 3007 Πάλιν
3209 2950 3346 3026 ἐρῶ,
3363 2950 3394 3006 δ
3417 2951 3663 3014 πολλάκις
3682 2946 3898 3005 εἴπονθ

2194 3039 2306 3110 έρῶ
2331 3039 2408 3105 δὲ,
2436 3039 2627 3113 ἐπειδὴ
2657 3040 2864 3113 σφόδρα
2882 3040 3015 3095 αὐτὸ
3050 3039 3315 3112 βούλομαι
3340 3057 3356 3071 ⁸
3383 3040 3508 3094 ἐπεὶ
3537 3039 3633 3093 καὶ
3670 3039 3703 3092 ό
3736 3039 3891 3110 Χρι-

2197 3126 2323 3192 στδς
2351 3128 2413 3181 τὸ
2436 3127 2569 3182 αὐτὸ
2594 3128 2790 3193 ἐποίει,
2818 3129 2950 3199 περὶ
2971 3128 3219 3199 ἀφέσεως
3244 3128 3527 3201 παραινῶν
3556 3127 3654 3183 καὶ
3677 3126 3889 3195 λέγων’

2198 3216 2379 3270 Ὅταν
2396 3217 2824 3286 προσεύχησθε
2850 3228 2875 3257 ο
2897 3217 3088 3286 ὑμεῖς.
3111 3218 3322 3288 ἀφίετε
3344 3217 3403 3272 ει
3439 3234 3492 3272 τι
3525 3215 3887 3281 κατά-τινος

2195 3303 2387 3372 ἔχετε.
2430 3304 2602 3358 Πάλιν
2641 3304 2720 3374 τῷ
2762 3302 2959 3377 Πέτρῳ
3006 3304 3421 3376 διαλεγόμενος,
3456 3301 3731 3379 eoum
3762 3318 3875 3367 σοι,

2197 3393 2384 3464 φησιν,
2412 3393 2503 3448 ὅτι
2524 3394 2709 3464 ’Ἄφες
2734 3391 2847 3458 ἕως
2865 3391 3136 3460 ἑπτάκις,
3153 3393 3293 3447 ἀλλ’
3314 3392 3426 3459 ἕως
3442 3390 3871 3461 ἑϐδομηκοντά-

2195 3498 2292 3547 κις
2323 3478 2478 3535 ἑπτά
2497 3497 2513 3511 ο
2533 3481 2633 3535 καὶ
2653 3480 2743 3534 διὰ
2771 3479 2884 3534 τῶν
2913 3479 3095 3550 ἔργων
3110 3481 3292 3552 ἀφῆκε
3306 3480 3377 3534 τὰ
3392 3481 3473 3544 είς
3504 3479 3683 3534 αὐτὸν
3708 3479 3875 3547 πλημ-

2201 3569 2513 3641 μελήματα.
2549 3569 2706 3623 υῦτω
2725 3568 2790 3641 δὴ
2815 3569 2911 3624 καὶ
2928 3570 3114 3640 ἡμεῖς,
3154 3570 3349 3643 ἐπειδὴ
3381 3569 3540 3641 ῐσμεν
3572 3570 3744 3624 τοῦτο
3765 3571 3883 3641 ὅρον

2197 3657 2628 3730 Χριστιανισμοῦ
2643 3657 2795 3722 ὄντα,
2814 3656 2904 3711 διὰ
2924 3658 3128 3729 παντὸς
3145 3658 3276 3729 περὶ
3298 3657 3465 3711 αὐτοῦ
3496 3657 3881 3729 διαλεγόμεθα.

2271 3745 2440 3800 Οὐδὲν
2466 3744 2802 3818 ψυχρότερον
2826 3744 3196 3819 Χριστιανοῦπ,
3233 3745 3451 3817 ἑτέρους
3487 3745 3565 3817 μὴ
3596 3746 3882 3811 σώζοντος.

2201 3835 2315 3889 Οὐκ
2343 3834 2486 3906 ἔχεις
2525 3835 2761 3889 ἐνταῦθα
2810 3837 3004 3892 πενίαν
3048 3834 3227 3891 εἰπεῖν
3253 3852 3268 3865 ο
3292 3836 3326 3907 ἠ
3355 3836 3465 3907 γὰρ
3493 3835 3564 3888 τὰ
3594 3835 3694 3888 δύο
3722 3851 3885 3890 κατα-

2201 3921 2444 3977 ϐαλοῦσα
2495 3922 2693 3990 λεπτά,
2744 3925 3141 3997 κατηγορήσει.
3202 3923 3314 3977 Καὶ
3383 3922 3593 3995 Πέτρος
3643 3922 3885 3991 ἔλεγεν·

2213 4011 2515 4081 Ἀργύριον
2559 4010 2661 4065 καὶ
2697 4013 2958 4082 χρυσίον
2988 4014 3104 4083 οὐχ
3136 4010 3396 4081 ὑπάρχει
3421 4029 3545 4081 μοι.
3591 4010 3703 4063 Καὶ
3735 4008 3888 4063 Παῦ-

2200 4096 2293 4161 λος
2325 4096 2497 4161 οῦτως
2521 4092 2591 4169 ἦν
2620 4096 2813 4169 πένης,
2840 4097 2916 4164 ὡς
2948 4100 3041 4153 καὶ
3063 4100 3318 4153 πεινᾶσαι
3351 4096 3631 4161 πολλάκις,
3660 4096 3766 4150 καὶ.
3788 4091 3889 4164 τῆς

2202 4182 2511 4253 ἀναγκαίας
2541 4185 2820 4256 ἀπορῆσαι
2855 4185 3088 4256 τροφῆς,
3124 4186 3238 4238 Οὐκ
3266 4185 3415 4255 ἔχεις
3456 4184 3780 4252 δυσγένειαν
3814 4184 3886 4234 εἰσ

2203 4274 2329 4326 πεῖν
2359 4288 2374 4301 ο
2395 4272 2491 4337 καὶ
2518 4271 2627 4343 7&9
2649 4272 2850 4327 ἐκεῖνοι
2878 4272 3086 4343 ἄσημοι
3111 4267 3276 4345 ἦσαν,
3308 4272 3403 4325 καὶ
3422 4266 3484 4335 ἐξ
3503 4269 3887 4342 ἀσήμων.οὐιι

2202 4361 2348 4432 ἔχεις
2387 4359 2657 4415 ίδιωτείαν
2704 4359 3074 4433 προϐαλέσθαι
3106 4376 3121 4392 ’
3150 4357 3388 4430 καὶγὰρ
3427 4360 3628 4413 ἐκεῖνοι
3667 4358 3881 4429 ἀγράμ-

2205 4466 2369 4522 ματοι
2400 4444 2563 4521 ἦσαν.
2598 4448 2717 4504 Κάν
2746 4447 2937 4513 δοῦλος
2964 4444 3032 4521 ᾖς
3053 4487 3070 4514 ,
3097 4447 3202 4501 κᾶν
3225 4447 3539 4519 δραπέτης,
3578 4446 3789 4519 δυνήσῃ
3822 4442 3884 4497 τά

2203 4537 2359 4609 παρά
2383 4537 2584 4591 σαυτοῦ
2618 4536 2908 4609 πληρῶσαι
2928 4554 2942 4568 ι
2978 4535 3102 4588 επεὶ
3130 4536 3225 4589 καὶ
3256 4536 3286 4587 ό
3326 4535 3618 4605 Ὀνήσιμος
3644 4535 3873 4593 τοιοῦτος

2201 4623 2293 4700 ἦν.
2326 4626 2470 4681 Ἀλλ’
2490 4628 2592 4699 ὅρα
2615 4623 2722 4680 ποῦ
2746 4624 2905 4679 καλεῖ
2930 4624 3117 4687 αὐτὸν,
3162 4623 3257 4677 καὶ
3288 4624 3371 4687 είς
3394 4621 3560 4677 πόσον
3579 4623 3713 4690 ἀγει
3737 4620 3872 4687 ἀξίω-

2205 4731 2306 4790 μα.
2344 4717 2479 4772 Ἵνα
2509 4712 2773 4785 κοινωνῇ⁹
2796 4730 2900 4785 μοι
2922 4753 2938 4780 ,
2966 4715 3167 4787 φησὶν,
3207 4712 3279 4767 ἐν
3306 4712 3433 4778 τοῖς
3468 4711 3727 4783 δεσμοῖς
3753 4726 3876 4784 μου.

2204 4807 2320 4861 Οὐκ
2352 4804 2498 4877 ἔχεις
2517 4803 2805 4858 ἀσθένειαν
2827 4803 3031 4857 εἰπεῖν·
3055 4802 3181 4855 ἐπεὶ
3220 4800 3318 4855 καὶ
3352 4799 3620 4870 Τιμόθεος
3644 4801 3879 4862 τοιοῦτος

2201 4888 2293 4966 ἦν,
2341 4892 2555 4955 πυκνὰς
2605 4890 2745 4963 ἔχων
2793 4890 2893 4954 τὰς
2931 4888 3241 4953 ἀσθενείας.
3270 4889 3392 4944 Ὅτι
3425 4888 3484 4943 δὲ
3517 4888 3761 4963 ἀσθενὴς
3790 4884 3876 4960 ἦν,

2205 4983 2372 5038 ἄκουε
2396 4998 2411 5013 ·
2440 4982 2594 5046 οῖνφ
2620 4982 2804 5052 ὀλίγῳ
2833 4976 2958 5048 χρῶ
2999 4978 3098 5033 διὰ
3126 4978 3235 5033 τὸν
3273 4979 3583 5049 στόμαχὼ
3621 4994 3750 5035 σου
3794 4972 3879 5030 καὶ

2202 5071 2313 5139 τὰς
2367 5068 2608 5136 πυκνάς
2662 5086 2780 5124 σου
2832 5068 3175 5135 ἀσθενείας.
3230 5067 3465 5121 Δύναται
3517 5067 3754 5132 ἕκαστος
3801 5063 3879 5117 τὸν

2205 5160 2436 5232 πλησίον
2465 5159 2719 5229 ὠφελεῖν,
2753 5158 2849 5212 ὲάν
2878 5158 3010 5231 θέλῃ
3031 5156 3104 5212 τὰ
3130 5159 3261 5229 παρ’
3287 5155 3455 5212 αὐτοῦ
3490 5156 3759 5229 πληροῦν.
3777 5155 3875 5222 Οὐχ

2203 5251 2369 5323 δρᾶτε
2395 5248 2464 5302 τά
2478 5247 2672 5320 δένδρα
2690 5246 2762 5301 τὰ
2782 5247 3010 5317 ἄκαρπα
3025 5245 3144 5310 πῶς
3170 5247 3320 5300 εστιν
3344 5245 3561 5317 ισχυρὰ,
3583 5243 3705 5308 πῶς
3724 5242 3872 5304 καλὰ,

2204 5339 2446 5408 εὐμήκη,
2480 5336 2601 5390 λεῖα
2628 5336 2724 5390 καὶ
2754 5334 2972 5407 ὐψηλά;
3015 5333 3158 5388 Ἀλλ’
3193 5335 3244 5387 εί
3278 5333 3612 5407 παράδεισον
3641 5332 3872 5403 ἔχοιμεν,

2206 5424 2535 5497 βουλοίμεθα
2576 5422 2644 5478 ἀν
2689 5422 2863 5495 ῥοιὰς,
2903 5423 3093 5487 ἐλαίας
3126 5422 3275 5492 ἔχειν
3307 5422 3623 5494 καρπίμους
3650 5419 3670 5459 ί
3703 5412 3872 5485 πολλῷ

2209 5513 2413 5584 μᾶλλον
2436 5514 2470 5584 ἢ
2500 5513 2675 5567 ταῦτα
2700 5529 2715 5543 ο
2748 5514 2934 5566 ἐκεῖνα
2966 5510 3078 5583 7&9
3109 5511 3246 5582 πρὸς
3263 5510 3459 5582 τέρψιν
3486 5502 3645 5571 εἰσὶν,
3666 5507 3730 5561 οὐ
3748 5503 3868 5576 πρὸς

2205 5601 2480 5671 ὠφέλειαν
2504 5618 2517 5631 ·
2549 5602 2646 5656 καὶ⁴
2672 5603 2705 5673 ἡ
2730 5600 2971 5671 ὠφέλεια
3011 5599 3070 5653 δὲ
3110 5599 3287 5670 μικρά
3331 5598 3416 5662 τίς
3458 5598 3595 5650 ἔστι.
3641 5587 3867 5648 Τοιοῦτοι

2205 5695 2345 5748 εἰσιν
2386 5693 2437 5747 οί
2478 5691 2546 5746 τά
2585 5690 2767 5745 αὐτῶν
2812 5690 2975 5760 μόνον
3023 5686 3354 5751 σκοποῦντες
3378 5702 3391 5715 ’
3434 5685 3638 5756 μᾶλλον
3668 5683 3726 5736 δὲ
3758 5673 3864 5733 οὐδὲ

2271 5832 2295 5862 ⁸
2325 5830 2431 5889 His,
2454 5830 2537 5879 καὶ
2576 5830 2697 5886 πῶς,
2741 5828 2908 5891 φησὶν,
2951 5828 3129 5891 ἐκεῖνος
3164 5826 3354 5889 φεύγεις
3394 5830 3576 5891 fratem
3636 5817 3860 5891 nonAn!!!“-

2266 5894 2292 5931 ά
2320 5880 2527 5952 Quidam
2552 5880 2865 5940 ἐπεδείκνυτο.
2898 5880 2906 5886 ⁷
2937 5892 2961 5920 ⁸
2999 5880 3272 5952 υιιυὲηὸυαῖ
3302 5880 3410 5952 περὶ
3448 5886 3675 5952 ἀφέσεως
3722 5880 3859 5952 διαλε-

2208 5947 2419 6028 γὸμειῖος,
2440 5952 2596 6004 ⁸⁷Οταν
2623 5952 2968 6017 προσεύχησθε.
3060 5952 3080 5990 ί
3127 5950 3261 6001 Unus
3295 5947 3406 6001 cod.
3440 5947 3599 6030 ἐλαίαν
3641 5948 3756 6012 ἔχειν

2210 6029 2409 6067 καοιιον.
