3946 6442
491 396 591 452 163

480 513 740 567 vellemus
785 513 1190 579 malogranata,
1235 516 1290 562 et
1332 505 1505 561 olivas
1551 502 1857 559 fmctileras
1901 499 2080 570 potius

478 622 640 677 quam
668 605 785 660 illas
806 599 1039 658 habere:
1065 592 1171 655 illa:
1192 599 1337 654 enim
1360 597 1427 652 ad
1450 596 1778 666 voluptatem
1801 602 1946 659 sunt,
1970 608 2077 647 non

478 699 544 752 ad
577 697 882 761 utilitatem,
911 702 967 748 et
991 694 1037 748 si
1064 707 1166 761 qua
1203 691 1274 747 sit
1300 690 1521 757 utilitas,
1551 703 1614 744 ea
1643 702 1805 759 parva
1843 696 1947 741 est.
1977 684 2079 740 Ta-

479 788 560 845 les
583 797 706 842 sunt
732 788 789 849 ii,
816 785 909 857 qui
938 801 1033 840 sua
1062 786 1234 839 solum
1262 790 1535 853 spectant;
1568 783 1676 835 imo
1700 796 1767 836 ne
1799 780 1931 835 tales
1956 779 2078 848 qui-

479 881 603 935 dem
629 920 644 944 ,
681 879 777 935 sed
806 878 873 934 ad
900 879 1162 933 ultionem
1195 876 1369 930 solum
1397 875 1529 945 apti.
1557 873 1689 928 Nam
1718 874 1823 927 illa:
1854 872 2079 926 arbores

477 972 545 1026 ad
575 971 860 1026 tedilicium
901 978 958 1025 et
999 969 1065 1023 ad
1108 984 1287 1023 rerum
1320 968 1539 1022 tutelam
1578 975 1719 1035 apta:
1746 975 1892 1020 sunt.
1920 962 2080 1018 Tales

477 1072 634 1119 erant
663 1063 766 1116 illa:
806 1063 1040 1133 virgines
1058 1103 1072 1125 ,
1100 1070 1263 1115 castae
1282 1100 1297 1123 ,
1323 1069 1527 1113 ornatae
1548 1098 1563 1124 ,
1586 1057 1957 1121 continentes;
1983 1054 2078 1110 sed

476 1158 677 1210 nemini
720 1156 918 1220 utiles,
963 1155 1083 1209 ideo
1130 1153 1541 1209 comburuntur.
1587 1150 1747 1227 Tales
1788 1157 1945 1215 sunt,
1986 1146 2078 1218 qui

480 1247 754 1301 Christum
780 1262 885 1302 non
915 1246 1176 1300 nutriunt.
1207 1242 1488 1313 Perpende
1513 1251 1692 1296 autem
1720 1240 1992 1295 neminem
2018 1239 2080 1293 il-

478 1340 652 1394 lorum
678 1338 745 1394 tle
773 1338 1012 1409 peccatis
1036 1338 1149 1394 suis
1175 1337 1413 1393 accusari
1431 1378 1447 1403 ,
1476 1350 1585 1391 non
1610 1334 1755 1406 quod
1782 1332 2078 1391 fornicatus

475 1430 581 1494 sit,
613 1446 719 1483 non
759 1429 903 1499 quod
936 1428 1286 1498 pejeraverit,
1313 1427 1381 1482 de
1420 1428 1570 1482 nullo
1603 1436 1784 1491 certe;
1812 1426 1905 1481 sed
1935 1425 2078 1496 quod

476 1523 633 1577 alteri
664 1538 769 1576 non
796 1521 1076 1589 profuerit.
1108 1520 1254 1574 Talis
1278 1528 1395 1575 erat
1422 1519 1546 1583 ille,
1570 1518 1662 1588 qui
1693 1518 1951 1573 talentum
1977 1517 2077 1571 de-

476 1614 637 1680 fodit,
667 1614 995 1683 inculpatam
1028 1612 1290 1667 exhibens
1317 1611 1502 1678 vitam,
1530 1611 1626 1667 sed
1660 1611 1814 1667 alteri
1845 1627 1951 1666 non
1979 1610 2080 1664 uti-

477 1706 565 1761 lis.
593 1705 913 1773 Quomodo,
940 1719 1125 1776 quaaso
1146 1746 1162 1772 ,
1191 1704 1531 1759 Christianus
1569 1704 1640 1758 sit
1674 1703 1765 1773 qui
1808 1703 1929 1759 talis
1961 1703 2077 1758 est?

476 1799 532 1855 Si
572 1797 895 1853 fermentum
937 1798 1158 1851 mixtum
1192 1796 1411 1860 farinae,
1439 1810 1546 1850 non
1584 1796 1872 1851 mutaverit
1909 1804 2077 1849 totum

478 1891 533 1946 in
560 1891 808 1946 eamdem
836 1890 1199 1945 conditionem
1221 1931 1235 1955 ,
1267 1904 1337 1944 an
1365 1888 1684 1944 fermentum
1721 1904 1847 1945 vere
1881 1887 2079 1943 fuerit?

476 1986 615 2053 Quid
642 2001 772 2041 vero
791 2026 805 2051 ,
837 1985 880 2038 si
913 1991 1242 2055 unguentum
1270 1982 1590 2045 accedentes
1617 1996 1723 2036 non
1754 1982 1923 2037 odore
1953 1997 2077 2050 per-

475 2079 711 2147 fuderit,
738 2095 806 2134 an
844 2079 896 2134 id
926 2088 1252 2149 unguentum
1287 2070 1581 2133 vocemus?
1607 2076 1684 2132 Ne
1710 2077 1933 2144 dixeris,
1961 2076 2077 2132 Non

477 2190 695 2245 possum
718 2174 852 2230 alios
876 2173 1128 2228 inducere
1154 2191 1167 2226 :
1193 2186 1319 2227 nam
1340 2172 1384 2227 si
1406 2170 1743 2226 Christianus
1765 2169 1949 2236 fueris,
1977 2170 2079 2225 im-

478 2268 737 2339 possibile
767 2277 851 2323 est
889 2276 945 2322 ut
984 2283 1091 2322 non
1129 2266 1240 2321 fiat.
1279 2265 1412 2321 Nam
1442 2273 1501 2320 ut
1535 2280 1599 2321 ea
1628 2280 1747 2336 quae
1790 2265 1846 2320 in
1889 2272 2076 2319 natura

478 2370 604 2414 sunt
642 2359 1116 2414 contradictionem
1163 2373 1269 2413 non
1313 2356 1513 2413 habent
1547 2375 1559 2411 :
1594 2357 1665 2413 ita
1702 2366 1756 2412 et
1803 2355 1918 2411 btet:
1956 2372 2078 2428 quze

480 2452 706 2507 dicimus
735 2469 749 2506 :
778 2451 831 2506 in
871 2460 1060 2505 natura
1102 2452 1245 2504 enim
1277 2450 1565 2505 Christiani
1608 2464 1699 2505 res
1737 2450 1837 2505 sita
1866 2459 1967 2505 est.
1997 2449 2077 2504 Ne

482 2544 645 2597 Deum
668 2544 991 2599 contumelia
1016 2542 1239 2598 afﬁcias.
1264 2542 1318 2598 Si
1341 2542 1561 2609 dixeris,
1590 2557 1696 2597 non
1725 2557 1881 2612 posse
1904 2542 2076 2597 solem

474 2635 674 2704 lucere,
699 2638 1021 2693 contumelia
1053 2637 1204 2692 illum
1233 2635 1435 2701 afﬁcis;
1462 2636 1507 2691 si
1528 2636 1748 2703 dixeris,
1778 2652 1884 2691 non
1915 2651 2075 2706 posse

1199 388 1257 446 5.
1296 388 1571 447 ιοΑΝεηιδ
1608 384 2061 444 (ῖιιῑιγδοδτοδι

2176 380 2443 437 Μάκερ.
2471 382 3003 441 CONSTANTlNOP.

3688 382 3877 435 164

2171 494 2536 551 Christianum
2575 496 2833 567 prodesse
2856 538 2872 563 ,
2908 497 3073 552 Deum
3106 493 3432 549 contumelia
3473 492 3709 547 alio-(isti
3754 506 3873 549 (τι

2182 587 2494 643 mendacem
2522 588 2723 643 dixisti.
2755 588 2984 643 Facilius
3008 587 3150 642 enim
3177 595 3280 653 est,
3312 586 3480 641 solem
3510 602 3615 640 nou
3646 587 3779 640 αιι·
3826 616 3883 626 -

2182 678 2363 734 facere
2404 694 2505 735 nec
2543 680 2764 747 lucere,
2812 695 2972 750 quam
3010 678 3375 734 Christianum
3417 694 3521 733 non
3566 678 3793 732 lucere
3833 694 3861 737 ;

2182 772 2390 827 facilius
2420 782 2523 841 est,
2555 775 2729 828 lucem
2756 787 2877 828 esse
2908 772 3177 838 tenebras,
3205 787 3363 841 quam
3406 770 3509 825 hoc
3540 769 3680 824 lieri.
3721 770 3869 823 ἷκε

2182 864 2365 930 dicas,
2399 880 2513 919 rem
2551 879 2671 919 esse
2718 862 3101 932 impossibilem
3139 881 3151 914 :
3186 876 3307 916 nam
3340 863 3671 915 contrarium
3713 871 3859 916 est

2184 956 2535 1027 impossibile.
2578 957 2654 1011 Ne
2697 957 2863 1012 Deum
2896 954 3218 1012 contumelia
3247 952 3468 1007 afﬁcias.
3504 953 3559 1007 Si
3602 966 3851 1007 ttostru

2182 1061 2329 1106 recte
2373 1065 2792 1120 componamus,
2831 1049 2917 1103 illa
2956 1050 3176 1103 omnino
3214 1055 3406 1111 erunt,
3434 1055 3485 1100 et
3512 1046 3666 1116 quasi
3706 1060 3849 1102 res

2182 1146 2445 1214 quaepiam
2484 1142 2741 1198 naturalis
2785 1152 3095 1213 sequentur.
3130 1140 3245 1194 Non
3290 1150 3463 1210 potest
3495 1139 3665 1193 latere
3700 1140 3837 1193 lux

2182 1238 2471 1293 Christiani
2509 1256 2522 1292 :
2555 1253 2660 1292 non
2694 1246 2871 1308 potest
2900 1235 3157 1292 occultari
3190 1243 3296 1290 tam
3327 1234 3522 1305 fulgida
3556 1235 3820 1304 lampas.

2180 1329 2261 1386 Ne
2290 1328 2468 1401 itaque
2495 1330 2670 1401 ignavi
2701 1330 2889 1384 simus.
2914 1327 3065 1384 Sicut
3089 1327 3233 1383 enim
3259 1325 3469 1381 virtutis
3497 1326 3699 1381 lucrum
3730 1337 3815 1381 es

2183 1429 2237 1483 in
2269 1442 2368 1482 nos
2396 1436 2450 1481 et
2480 1427 2531 1481 iu
2561 1441 2656 1482 eos
2675 1468 2691 1494 ,
2722 1426 2810 1495 qui
2852 1426 2939 1479 illa
2978 1426 3229 1494 juvantur
3249 1464 3262 1486 ,
3297 1423 3488 1479 transit
3521 1441 3533 1476 :
3562 1421 3634 1477 sic
3659 1431 3712 1477 et
3742 1438 3791 1476 a

2183 1520 2385 1574 malitia
2416 1519 2612 1589 duplex
2649 1517 3029 1573 detrimentum
3060 1524 3115 1571 et
3151 1516 3202 1570 in
3236 1530 3333 1570 nos
3362 1523 3418 1570 et
3448 1516 3499 1569 in
3531 1530 3651 1575 eos.
3680 1517 3783 1584 qui

2182 1613 2472 1681 lmduntur,
2501 1613 2817 1684 pertransit.
2843 1612 2924 1668 Sit
2946 1610 3233 1681 quispiam,
3266 1610 3309 1664 si
3342 1609 3442 1672 vis,
3474 1608 3663 1668 idiota,
3688 1608 3796 1676 qui

2182 1721 2211 1760 a
2246 1707 2497 1777 quopiam
2540 1707 2818 1762 innumera
2858 1707 3093 1775 patiatur
3131 1704 3305 1767 mala,
3337 1717 3604 1772 nemoque
3635 1702 3806 1755 illum

2183 1798 2505 1865 ulciscatur,
2537 1798 2633 1856 sed
2676 1809 2732 1855 et
2775 1797 3032 1855 beneficia
3077 1804 3297 1867 przestet
3325 1810 3472 1865 aqua
3500 1794 3761 1849 doctrina
3786 1837 3809 1859 ,

2182 1892 2377 1962 quibus
2409 1892 2605 1961 verbis,
2632 1901 2764 1964 quot
2791 1890 3244 1947 admonitionibus
3274 1904 3379 1944 non
3406 1898 3488 1944 est
3527 1887 3634 1942 hoc
3672 1888 3809 1942 for-

2185 1985 2333 2039 tius?
2360 2001 2521 2056 quem
2561 1984 2799 2041 furorem
2830 2000 2935 2040 non
2971 1984 3315 2053 exstinguere
3338 2022 3353 2045 ,
3391 1997 3498 2035 non
3537 1982 3815 2051 mitigare

2182 2077 2400 2132 valeat?
2436 2077 2562 2133 Haec
2592 2093 2721 2148 ergo
2762 2092 2882 2131 cum
2928 2078 3192 2135 sciamus.
3221 2073 3403 2128 virtuti
3434 2071 3754 2127 haereamus
3786 2113 3805 2136 ,

2181 2185 2303 2225 cum
2335 2186 2442 2224 non
2473 2171 2743 2241 possimus
2770 2169 2877 2224 alio
2908 2168 3069 2223 modo
3098 2168 3325 2222 salutem
3357 2166 3656 2235 consequi,
3690 2166 3811 2219 nisi

2182 2264 2235 2318 in
2261 2263 2407 2320 hisce
2435 2265 2591 2319 bonis
2615 2264 2866 2334 operibus
2892 2264 3054 2317 vitam
3085 2270 3404 2332 praesentem
3430 2260 3641 2314 emensi
3675 2259 3808 2314 fue-

2182 2360 2383 2425 rimus,
2412 2367 2470 2413 ut
2510 2357 2685 2413 futura
2716 2370 3111 2427 consequamur
3139 2354 3275 2410 bona
3300 2396 3314 2417 ,
3343 2352 3508 2424 gratia
3542 2361 3596 2407 et
3631 2352 3802 2406 heni-

2181 2454 2386 2522 gnitate
2418 2452 2626 2506 Domini
2667 2451 2835 2506 nostri
2876 2450 3003 2506 Jesu
3032 2448 3265 2512 Christi,
3298 2448 3509 2516 quicum
3555 2445 3705 2500 [Patri
3733 2456 3793 2499 et

2180 2543 2400 2615 Spiritui
2427 2553 2612 2598 sancto
2631 2545 2821 2614 gloria,
2849 2541 3157 2609 imperium,
3185 2540 3376 2607 honor,
3401 2552 3545 2593 nunc
3566 2549 3620 2593 et
3644 2554 3795 2594 seni-

2181 2652 2297 2707 per,
2326 2646 2382 2693 et
2407 2638 2459 2692 in
2489 2638 2685 2693 saecula
2711 2637 3052 2693 saeculorum.
3083 2637 3274 2690 Amen.

1838 2849 2188 2910 HOMILIA
2231 2850 2412 2912 XXI.

466 3000 603 3060 Car.
650 3001 706 3057 9.
736 3015 787 3054 v.
819 2999 914 3055 26.
942 2999 1071 3055 Cum
1113 3006 1282 3053 autem
1310 2998 1521 3053 venisset
1552 2994 1749 3051 Paulus
1773 2996 1828 3049 in
1856 2994 2072 3049 Jerusa-

549 3094 646 3147 lem
670 3131 686 3158 ,
730 3090 952 3145 tentabat
975 3106 1029 3145 se
1046 3091 1269 3160 jungere
1304 3088 1570 3158 discipulis
1600 3103 1620 3141 :
1649 3098 1699 3141 et
1727 3102 1898 3140 omnes
1928 3086 2074 3139 time-

547 3184 668 3236 bant
694 3197 829 3247 eum,
871 3196 974 3235 non
1003 3180 1263 3234 credentes
1297 3179 1433 3249 quod
1475 3187 1603 3233 essct
1644 3178 1945 3249 discipulus.
1976 3175 2067 3231 37.

546 3273 811 3327 Barnabas
826 3282 997 3326 autem
1021 3273 1393 3343 apprehensum
1421 3270 1567 3324 illum
1592 3270 1739 3324 duxit
1765 3271 1834 3323 ad
1860 3257 2068 3341 aposto-

547 3369 644 3431 los,
670 3378 716 3420 et
736 3368 962 3420 narravit
982 3366 1085 3421 illis
1105 3367 1360 3436 quomodo
1380 3366 1431 3420 in
1448 3365 1527 3419 via
1547 3365 1749 3419 vidisset
1776 3364 2067 3419 Dominum.

545 3462 596 3517 ι.
630 3460 784 3515 Pauli
807 3461 943 3515 dicta
959 3458 1527 3515 conciliantur.—Jure
1555 3460 1643 3514 hic
1678 3458 1826 3514 dubii
1856 3474 2068 3529 quaera-

471 3569 593 3610 nms
615 3595 629 3618 ,
676 3552 948 3624 quomodo
978 3552 1032 3608 in
1062 3552 1304 3623 Epistola
1334 3552 1399 3607 ad
1423 3551 1640 3608 Galatas
1668 3550 1875 3606 dicatur
1906 3568 1920 3604 :
1946 3550 2069 3606 Non

470 3648 577 3700 abii
600 3645 995 3716 Jerosolymam,
1021 3646 1112 3701 sed
1153 3646 1208 3699 in
1246 3645 1489 3699 Arabiam
1530 3654 1577 3698 et
1619 3642 1974 3708 Damascum;
2020 3651 2069 3698 et

472 3748 585 3809 post
607 3748 705 3792 tres
730 3753 893 3791 annos
921 3736 1127 3791 ascendi
1152 3735 1527 3805 Jerosolymam
1555 3734 1725 3789 uidere
1758 3732 1989 3800 Petrum;
2018 3743 2068 3789 et

473 3830 724 3885 neminem
763 3828 1109 3898 apostolorum
1154 3826 1258 3880 vidi
1286 3825 1431 3895 (Gal.
1463 3826 1516 3880 1.
1550 3820 1741 3894 17-19)
1770 3843 1783 3879 :
1811 3825 1896 3880 hic
1935 3839 2067 3880 vero

468 3931 653 3975 contra
677 3920 904 3982 dicatur,
928 3918 1228 3973 Ba'rnabatn
1250 3917 1424 3986 ipsum
1440 3916 1658 3971 duxisse
1678 3916 1745 3970 ad
1770 3916 2061 3986 apostolos.

470 4012 565 4067 Vel
599 4013 699 4066 hoc
726 4011 886 4081 igitur
906 4010 1017 4064 vult
1038 4010 1219 4064 dicere
1254 4027 1267 4063 :
1294 4008 1407 4063 Non
1430 4008 1557 4075 abii,
1586 4018 1642 4062 ut
1672 4008 1740 4062 ibi
1765 4024 2061 4072 manerem;

465 4104 540 4159 ibi
570 4119 801 4174 namque
829 4102 980 4168 dicit,
1012 4100 1134 4157 Non
1159 4101 1353 4155 adluesi
1379 4101 1522 4154 carni
1547 4109 1593 4154 et
1613 4100 1850 4172 sanguini
1881 4100 1899 4173 (
1922 4098 2061 4154 Ibid.

452 4212 517 4252 υ.
552 4196 667 4267 lli);
701 4211 873 4266 neque
895 4195 1002 4250 abii
1023 4194 1416 4265 Jerosulymam
1434 4194 1500 4247 ad
1517 4203 1888 4249 antecessores
1912 4208 2062 4249 meos

464 4288 743 4356 apostolos
774 4304 787 4340 :
818 4287 899 4342 vel
932 4286 1037 4340 alio
1067 4284 1228 4340 modo
1256 4303 1270 4337 :
1304 4285 1426 4356 quia
1453 4285 1660 4340 insidiae
1685 4285 1789 4340 illa:
1820 4285 2061 4341 Damasci

464 4389 589 4450 post
614 4381 716 4435 iter
744 4380 795 4433 in
825 4379 1076 4434 Arabiam
1098 4378 1268 4443 fuere,
1296 4393 1360 4433 ac
1380 4377 1575 4433 deinde
1594 4378 1868 4444 ascendit,
1914 4388 2064 4449 post-

466 4485 625 4538 quam
661 4469 857 4523 isthiuc
891 4468 1143 4523 redierat.
1191 4467 1310 4538 Ipse
1335 4468 1494 4538 igitur
1520 4485 1625 4522 non
1665 4468 1796 4525 abiit
1823 4469 1890 4523 ad
1930 4484 2063 4540 apo-

461 4563 652 4627 stolos,
668 4561 762 4617 sed
780 4561 1055 4632 discipulis
1077 4562 1284 4618 haerere
1304 4563 1599 4633 satagebat,
1619 4572 1804 4635 utpote
1827 4564 1914 4635 qui
1932 4580 2061 4620 non-

462 4654 588 4709 dum
616 4653 825 4719 ductor,
858 4655 952 4709 sed
983 4654 1275 4726 discipulus
1304 4667 1468 4712 esset.
1514 4656 1657 4728 Ergo
1684 4673 1790 4713 non
1822 4657 1942 4713 ideo
1968 4672 2058 4713 as-

460 4746 662 4812 cendit,
678 4756 747 4801 »ιιι
767 4756 1136 4803 antecessores
1162 4763 1288 4804 suos
1314 4747 1488 4804 adiret
1510 4768 1523 4805 :
1548 4764 1722 4819 neque
1738 4750 1880 4805 enim
1898 4751 2057 4821 quid-

461 4838 603 4907 piam
638 4839 706 4893 ab
747 4839 850 4894 illis
885 4839 1089 4895 didicit.
1147 4840 1245 4895 Vel
1276 4840 1343 4895 de
1372 4841 1473 4896 hoc
1501 4856 1728 4897 ascensu
1761 4859 1867 4897 non
1904 4843 2052 4910 dicit,

459 4930 555 4985 sed
578 4929 774 4985 omittit
799 4931 985 4997 illum;
1022 4930 1158 4987 adeo
1189 4942 1247 4986 ut
1272 4946 1360 4987 res
1388 4933 1457 4987 ita
1485 4948 1542 4988 se
1569 4932 1799 4989 habeat:
1828 4934 1973 4989 Abiit
2000 4937 2053 4990 in

456 5021 733 5083 Arabiam,
766 5022 960 5077 deinde
990 5023 1137 5077 venit
1167 5023 1481 5079 Damascum
1507 5067 1523 5093 ,
1566 5036 1749 5096 postea
1777 5026 2053 5099 Jerosoly-

460 5129 624 5178 tuatn,
652 5112 772 5166 hinc
794 5114 844 5167 in
874 5114 1103 5186 Syriam.
1128 5115 1226 5171 Vel
1249 5117 1422 5171 sinon
1446 5118 1514 5172 ita
1539 5127 1639 5183 est,
1664 5119 1741 5175 sic
1766 5134 1854 5175 res
1877 5134 1936 5175 se
1958 5119 2053 5175 ba-

458 5206 577 5261 buit
606 5223 619 5260 :
645 5206 902 5260 Ascendit
923 5205 1330 5280 Jerosolymam,
1367 5208 1491 5264 hinc
1512 5209 1564 5263 in
1590 5211 1901 5267 Damascum
1924 5213 2053 5267 mis-

456 5314 550 5354 sus
579 5306 684 5365 est,
710 5297 906 5353 deinde
935 5298 989 5353 in
1014 5299 1243 5372 Syriam,
1275 5300 1469 5356 deinde
1493 5316 1680 5357 rursus
1707 5303 2047 5373 Damascum,

453 5403 639 5463 postea
670 5392 969 5448 Caesaream
996 5435 1011 5460 ,
1054 5403 1108 5449 et
1141 5403 1265 5449 tunc
1296 5410 1391 5464 per
1415 5396 1819 5465 quatuordecim
1855 5411 2046 5465 annos,

454 5485 593 5542 forte
611 5485 825 5555 quando
850 5484 1043 5539 fratres
1066 5485 1286 5540 adduxit
1311 5502 1432 5541 cum
1459 5486 1720 5541 Barnaba.
1751 5485 1848 5543 Vel
1869 5487 1911 5543 si
1940 5503 2046 5543 non

455 5577 578 5639 hoc,
606 5576 746 5630 aliud
769 5577 898 5631 dicit
926 5585 1153 5647 tempus.
1187 5576 1319 5632 Nam
1344 5577 1798 5651 historiographus
1823 5581 2045 5634 multum

450 5666 775 5738 compendio
801 5670 1009 5734 studet,
1059 5679 1114 5725 et
1141 5672 1306 5725 multa
1338 5680 1574 5741 letttporu
1606 5673 1869 5741 congerit.
1916 5670 2047 5727 Vide

450 5777 619 5834 quam
631 5775 743 5815 non
757 5763 828 5815 sit
848 5762 1182 5828 ambitiosus,
1205 5779 1378 5833 neque
1399 5773 1580 5818 narret
1596 5763 1853 5819 visionem
1878 5763 2041 5832 illam,

459 5857 554 5916 sed
581 5866 927 5916 transcurrat.
962 5858 1163 5916 Rursus
1195 5863 1270 5918 sic
1297 5862 1479 5933 incipit
1503 5870 1556 5918 et
1586 5862 1657 5918 ait
1690 5882 1701 5918 :
1728 5861 1853 5919 Cum
1877 5874 2046 5917 autem

2180 2997 2392 3050 venisset
2423 2997 2475 3049 in
2499 2993 2808 3061 Jerusalem,
2854 2995 3075 3049 tentabat
3116 3010 3170 3048 se
3202 2994 3423 3064 fungere
3468 2990 3715 3062 discipulis
3744 3009 3765 3045 :

2177 3090 2251 3142 illi
2290 3105 2404 3143 vero
2450 3089 2688 3142 timebant
2718 3105 2850 3142 eum.
2897 3087 2965 3142 Ει
2999 3087 3124 3142 hinc
3161 3101 3373 3141 rursum
3406 3085 3553 3139 Pauli
3593 3085 3773 3137 fervor

2176 3182 2499 3245 ostenditur;
2527 3198 2632 3237 non
2662 3182 2729 3237 ab
2758 3182 2985 3248 Anania,
3014 3196 3120 3235 non
3148 3181 3216 3236 ab
3242 3180 3327 3247 iis,
3357 3179 3445 3250 qui
3478 3179 3596 3234 istic
3614 3177 3781 3232 mira-

2176 3275 2372 3330 bantur
2400 3291 2554 3337 eum.
2598 3275 2689 3329 sed
2721 3274 2882 3329 etiam
2913 3274 2979 3330 ab
3008 3273 3097 3341 iis,
3128 3288 3247 3344 qua:
3276 3270 3628 3342 Jerosolymis
3656 3280 3777 3325 acta

2174 3379 2318 3423 sunt.
2353 3368 2534 3438 Neque
2574 3369 2716 3423 enim
2748 3368 2852 3423 hoc
2893 3368 3139 3423 humana:
3181 3376 3298 3423 erat
3324 3366 3765 3435 exspectationis.

2172 3463 2236 3515 Et
2264 3459 2384 3514 vide
2412 3461 2559 3516 illutn
2594 3476 2698 3515 non
2730 3461 3002 3529 apostolos
3027 3458 3175 3515 adire
3204 3475 3313 3529 pra:
3340 3458 3626 3523 modestia,
3679 3460 3766 3513 sed

2173 3552 2488 3624 discipulos,
2512 3562 2696 3621 utpote
2717 3554 2805 3623 qui
2827 3551 3122 3621 discipulus
3148 3558 3328 3606 esset:
3358 3549 3597 3606 nondum
3627 3548 3778 3605 enim

2171 3646 2311 3700 lidus
2362 3660 2482 3701 esse
2528 3645 2833 3715 putabatur.
2885 3643 3150 3699 Barnabas
3189 3654 3357 3698 autem
3398 3642 3779 3715 apprehensum

2170 3738 2317 3792 illum
2341 3738 2488 3792 duxit
2507 3740 2577 3791 ad
2606 3739 2897 3808 apostolos,
2926 3747 2973 3792 et
3011 3738 3234 3791 narravit
3260 3738 3364 3792 illis
3385 3778 3403 3805 ,
3442 3738 3699 3807 quomodo
3721 3740 3775 3790 in

2170 3833 2252 3886 via
2282 3832 2485 3887 vidisset
2517 3830 2810 3887 Dominum.
2844 3831 3116 3886 Barnabas
3147 3830 3234 3886 hic
3263 3832 3406 3886 milis
3432 3840 3486 3885 et
3512 3846 3772 3887 mansne-

2172 3930 2258 3976 tus
2286 3922 2447 3976 homo
2475 3931 2612 3977 erat.
2644 3921 2851 3977 Nomen
2878 3931 3057 3977 autem
3088 3922 3205 3993 ejus
3232 3922 3403 3977 lilium
3439 3922 3772 3977 consolatio-

2169 4015 2253 4067 nis
2279 4013 2542 4084 significat
2571 4032 2584 4069 :
2606 4013 2748 4068 unde
2772 4022 2825 4068 et
2845 4014 3049 4069 amicus
3073 4014 3234 4069 Paulo
3257 4014 3372 4070 fuit.
3398 4014 3547 4082 Quod
3577 4022 3758 4068 autem

2169 4104 2323 4160 valde
2351 4104 2495 4159 mitis
2522 4113 2667 4160 esset
2694 4112 2749 4160 et
2782 4120 3001 4161 accessu
3034 4105 3227 4172 facilis,
3273 4114 3328 4161 et
3356 4122 3421 4161 ex
3451 4106 3571 4173 hoc,
3609 4114 3659 4161 et
3690 4122 3764 4162 ex

2168 4197 2233 4252 iis
2257 4213 2376 4269 quae
2397 4198 2537 4253 circa
2559 4197 2818 4254 Joannem
2844 4206 2961 4252 acta
2987 4207 3131 4265 sunt,
3156 4199 3341 4269 liquet.
3374 4197 3528 4253 Unde
3549 4199 3631 4251 hic
3651 4212 3767 4253 non

2168 4291 2380 4357 metuit,
2412 4289 2507 4345 sed
2532 4300 2736 4353 narrat,
2759 4289 3029 4361 quomodo
3053 4290 3107 4344 in
3132 4290 3216 4343 via
3238 4288 3433 4343 viderit
3453 4287 3766 4356 Dominum,

2166 4392 2221 4438 et
2248 4383 2389 4452 quod
2418 4383 2669 4454 loquutus
2696 4383 2765 4438 sit
2797 4383 2893 4447 illi,
2937 4398 3002 4437 ac
3026 4381 3295 4453 quomodo
3323 4381 3564 4436 Damasci
3595 4380 3768 4437 libere

2164 4474 2335 4544 egerit
2361 4475 2412 4528 in
2445 4474 2662 4529 nomine
2694 4473 2904 4528 Domini
2935 4472 3085 4528 Jesu.
3144 4472 3449 4527 Verisimile
3490 4471 3633 4526 enim
3679 4481 3767 4527 est

2163 4564 2316 4620 illum
2341 4566 2586 4621 Damasci
2609 4564 2877 4620 audivisse
2897 4563 2965 4619 de
2991 4563 3102 4618 illo.
3128 4563 3253 4619 Ideo
3280 4564 3397 4619 haec
3421 4562 3485 4618 ad
3509 4563 3594 4617 illa
3624 4578 3767 4634 prte-

2163 4666 2392 4729 parant,
2445 4658 2573 4712 dum
2605 4657 2694 4712 ille
2723 4656 2976 4727 operibus
3021 4654 3160 4709 dicta
3209 4655 3513 4709 conlirmat.
3543 4653 3634 4709 9.8.
3699 4656 3766 4708 Et

2160 4766 2268 4809 erat
2292 4772 2403 4808 cum
2432 4753 2535 4808 illis
2564 4755 2761 4805 intrans
2789 4761 2833 4803 et
2855 4751 3026 4805 exiens
3054 4751 3106 4803 in
3126 4749 3435 4815 Jerusalem,
3468 4758 3514 4803 et
3540 4748 3765 4817 ﬁducia-

2161 4849 2281 4903 liter
2321 4864 2476 4918 agens
2515 4848 2567 4898 in
2602 4844 2803 4898 nomine
2827 4843 2973 4898 Jesu.
3002 4842 3093 4899 29.
3126 4841 3446 4909 Loqucbatur
3483 4858 3681 4912 quoque
3718 4852 3763 4897 et

2160 4942 2449 5011 disputabat
2506 4959 2618 4995 cum
2678 4940 2889 4995 Gra'cis.
2952 4940 3086 5007 Quia
3147 4938 3393 5007 discipuli
3446 4936 3763 4991 metuebant

2159 5035 2343 5098 illum,
2388 5032 2619 5103 apostoli
2651 5048 2778 5088 vero
2807 5048 2911 5087 non
2942 5032 3015 5085 illi
3058 5030 3399 5085 conﬁdebant
3431 5047 3445 5083 :
3482 5028 3601 5082 ideo
3631 5027 3759 5081 hinc

2158 5128 2372 5184 illorum
2397 5138 2595 5182 metum
2615 5127 2792 5182 solvit.
2816 5124 3156 5197 Loquebatur,
3182 5124 3371 5194 inquit,
3394 5132 3443 5177 et
3462 5122 3755 5190 disputabat

2156 5237 2271 5275 cum
2294 5218 2507 5275 Grecis.
2540 5219 2635 5274 llic
2659 5219 2878 5275 Graecos
2904 5227 3061 5273 vocat
3089 5230 3204 5282 eos,
3238 5217 3326 5287 qui
3352 5215 3538 5271 Grzece
3569 5214 3748 5282 loque-

2155 5311 2389 5366 bantur:
2416 5309 2591 5366 ethoc
2609 5310 2897 5367 admodum
2926 5309 3217 5381 sapienter.
3242 5307 3319 5362 llli
3347 5308 3490 5363 enim
3515 5305 3601 5360 alii
3646 5304 3738 5359 lle-

2154 5404 2283 5459 brzei
2309 5419 2375 5459 ne
2404 5403 2585 5459 videre
2611 5403 2827 5474 quidem
2853 5403 3003 5458 illum
3026 5402 3297 5457 volebant.
3321 5399 3410 5455 Illi
3433 5411 3597 5453 autem
3619 5415 3753 5468 quaa-

2152 5495 2328 5549 rebanl
2354 5495 2579 5549 occidere
2623 5511 2757 5549 eum.
2790 5492 3156 5550 Vehementius
3184 5508 3249 5547 ac
3298 5491 3549 5561 perfectae
3575 5490 3733 5544 victo-

2152 5587 2248 5643 ria:
2279 5586 2380 5641 hoc
2408 5586 2618 5656 signum
2664 5596 2801 5654 erat,
2852 5595 2908 5642 et
2934 5585 3076 5657 quod
3106 5584 3181 5638 illi
3211 5584 3311 5639 hac
3340 5584 3405 5638 de
3433 5598 3493 5638 re
3521 5581 3737 5635 multum

2151 5680 2418 5735 dolerent.
2452 5679 2538 5734 50.
2577 5679 2728 5747 Quod
2758 5696 2873 5733 cum
2900 5679 3248 5749 cognovissent
3279 5680 3484 5747 fratres,
3517 5674 3737 5727 deduxe-

2150 5782 2395 5827 runteum
2416 5771 2718 5827 Casaream.
2750 5773 2868 5827 Pra:
2896 5773 3087 5826 timore
3115 5772 3214 5824 hoc
3235 5770 3435 5823 faciunt
3460 5788 3473 5823 :
3498 5769 3733 5821 timentes

2152 5864 2295 5920 enim
2322 5880 2386 5919 ne
2408 5863 2640 5935 idipsum
2661 5862 2950 5931 accideret,
2980 5861 3119 5934 quod
3150 5860 3448 5932 Stephano,
3475 5859 3729 5915 deducunt
