3946 6436
161 546 457 599 Crsiream.
484 534 561 590 Et
587 535 822 588 miserunt
841 528 1074 585 Tarsum.
1095 526 1204 581 Etsi
1223 534 1439 596 propter
1454 521 1725 586 timorem,

162 640 353 693 mittunt
383 643 603 693 tamen,
641 634 699 681 ut
733 622 1002 693 praedicet,
1031 628 1086 675 et
1111 620 1163 673 in
1189 628 1303 674 tuto
1328 616 1418 682 sit,
1460 621 1647 684 utpote
1673 611 1728 666 itt

169 726 305 799 patria
325 739 446 777 sua.
487 720 627 776 Vide
644 728 837 784 autem,
864 711 1132 786 quomodo
1154 726 1262 767 non
1283 708 1461 765 omnia
1491 722 1587 778 per
1608 719 1731 775 gra-

179 823 272 872 tiam
295 817 444 879 fiant,
474 812 582 867 sed
609 810 872 881 permittat
909 807 1067 868 Deus,
1098 814 1157 859 ut
1185 803 1350 859 multa
1375 817 1442 858 ex
1471 799 1731 870 sapientia

183 921 313 966 suaet
337 914 586 961 humano
623 918 770 958 more
796 902 1124 970 dispensent.
1154 898 1211 954 Si
1233 906 1409 952 autem
1435 895 1486 948 in
1516 894 1632 963 ipso
1657 892 1732 946 fa-

188 1019 288 1059 ctum
307 1012 383 1056 est
410 1000 544 1063 hoc,
582 997 743 1053 multo
770 996 937 1065 magis
964 995 1016 1049 in
1046 994 1172 1049 illis.
1204 991 1469 1047 Permittit
1495 1002 1646 1058 ergo,
1677 994 1734 1040 ut

190 1101 450 1165 ignarorum
481 1091 1006 1146 obtentumaul’erat.
1029 1088 1117 1142 51.
1156 1085 1398 1139 Ecclesiae
1423 1082 1622 1154 quidem
1644 1098 1734 1150 per

189 1202 299 1242 totast
320 1184 566 1239 Indicam
596 1193 640 1236 et
670 1181 961 1237 Samariam
983 1196 1161 1250 pacem
1190 1177 1458 1239 habebant,
1487 1185 1533 1229 et
1561 1175 1729 1241 cedi/i-

186 1284 404 1342 nibantur,
445 1275 689 1338 ibantque
715 1275 767 1327 in
796 1273 975 1326 timore
1008 1270 1249 1335 Domini,
1300 1280 1346 1322 et
1393 1268 1735 1322 consolatione

179 1372 368 1442 Spiritus
393 1368 563 1422 sancti
593 1366 934 1437 replebantur.
969 1362 1217 1418 Dicturus
1246 1371 1329 1419 est
1357 1361 1427 1417 de
1456 1361 1597 1415 Petri
1624 1361 1733 1414 dis-

174 1483 306 1521 cessu
331 1464 391 1517 ad
417 1472 656 1518 sanctos.
691 1460 771 1515 Ne
806 1460 925 1530 quis
969 1475 1097 1528 ergo
1137 1466 1348 1529 putaret
1389 1456 1442 1510 id
1479 1471 1544 1511 ex
1589 1465 1735 1510 metu

177 1557 486 1628 provenisse,
536 1555 716 1624 primo
760 1561 942 1606 narrat
979 1561 1037 1606 ut
1078 1566 1137 1606 se
1168 1550 1429 1605 haberent
1459 1549 1732 1614 Ecclesiae;

188 1649 443 1707 ostendens
460 1648 634 1717 ipsum
664 1643 1091 1715 pcrsequutionis
1119 1651 1359 1712 tempore
1385 1641 1736 1711 Jerosolymte

198 1744 591 1797 mansisse:cum
620 1749 801 1793 autem
830 1739 883 1791 in
917 1744 1031 1791 tuto
1054 1744 1211 1792 erant
1232 1735 1429 1805 ubique
1456 1733 1733 1798 Ecclesiae,

201 1848 301 1890 tunc
318 1834 695 1904 Jemsolymam
724 1831 1039 1900 reliquisse;
1071 1829 1206 1886 adeo
1236 1828 1455 1885 fervens
1481 1839 1536 1884 et
1558 1829 1739 1883 alacer

190 1937 295 1980 erat.
316 1925 420 1979 Non
444 1926 595 1980 enim
623 1924 750 1994 quia
780 1939 880 1992 pax
908 1930 1044 1986 erat,
1079 1921 1296 1992 putabat
1325 1937 1431 1976 non
1457 1935 1594 1991 opus
1612 1934 1739 1977 esse

182 2033 262 2073 suo
281 2017 520 2072 adventu.
552 2017 621 2070 Et
656 2030 773 2082 cur,
802 2014 1033 2083 inquies,
1065 2013 1117 2068 id
1143 2012 1287 2078 facit,
1311 2013 1562 2084 venitque
1594 2014 1739 2082 pacis

177 2120 405 2178 tempore,
430 2120 486 2164 et
512 2117 801 2178 postquam
828 2106 1026 2162 Paulus
1046 2105 1287 2161 abierat?
1315 2105 1448 2172 Quia
1477 2106 1597 2158 illos
1620 2121 1737 2160 ma-

174 2201 295 2256 xime
325 2199 727 2255 venerabantur
753 2198 794 2264 ί,
838 2207 1024 2267 utpOte
1062 2197 1151 2267 qui
1190 2212 1333 2266 saepe
1361 2198 1644 2265 adeSs‘ent,
1686 2207 1742 2252 es

172 2292 469 2347 multitudini
498 2290 815 2358 mirabiles;
849 2291 996 2345 illum
1027 2305 1156 2347 vero
1182 2291 1599 2347 contemnebant
1623 2331 1638 2357 ,
1687 2300 1743 2347 et

173 2386 213 2441 in
236 2403 348 2443 eum
378 2387 556 2459 magis
588 2385 1072 2457 exasperabantur.

222 2479 272 2534 2.
302 2478 486 2535 Petrus
530 2480 683 2551 quasi
725 2484 833 2534 dna:
856 2479 1113 2533 circuibat
1152 2479 1376 2534 ordines.
1402 2508 1474 2520 ——
1500 2477 1742 2533 Vidistin‘

169 2571 411 2638 quomodo
442 2587 549 2641 pax
581 2571 782 2625 bellum
811 2579 1031 2641 sequuta
1062 2570 1176 2625 sit?
1217 2570 1326 2624 imo
1354 2569 1585 2624 vidistin’
1616 2569 1745 2639 quid

170 2664 332 2718 fecerit
361 2664 569 2719 bellum
600 2663 766 2718 illud?
809 2663 1068 2731 DiSpersit
1102 2662 1352 2732 paciﬁcos
1388 2663 1526 2717 illos.
1559 2663 1616 2717 ln
1647 2662 1745 2718 Sa-

150 2743 312 2811 maria
344 2755 553 2826 pudore
571 2754 808 2810 suffusus
830 2765 910 2809 est
932 2754 1154 2810 Simon:
1185 2755 1236 2809 in
1262 2753 1447 2810 Judiea
1467 2753 1746 2825 Sapphim

168 2864 303 2903 casus
330 2848 552 2903 accidit.
583 2847 702 2902 Non
735 2862 865 2919 ergo
904 2846 1027 2917 quia
1069 2861 1169 2916 pax
1211 2856 1360 2912 erat,
1381 2847 1629 2901 remissae
1657 2860 1746 2903 res

169 2951 335 3006 enim;
360 2939 459 2996 sed
491 2940 621 2995 talis
652 2949 768 2994 erat
799 2953 930 3008 pax,
960 2954 1080 3009 qua:
1121 2939 1488 2993 consolatione
1522 2937 1748 2994 haberet

170 3047 308 3100 opus.
333 3031 424 3087 32.
453 3029 678 3085 Factum
703 3040 775 3083 est
798 3040 985 3093 autent,
1013 3039 1068 3083 ut
1105 3027 1310 3093 Petrus,
1338 3028 1461 3082 dum
1484 3038 1746 3099 pertrans-

171 3122 252 3176 iret
297 3122 563 3176 universos
589 3161 606 3187 ,
652 3120 903 3175 deueniret
942 3120 1009 3173 ad
1048 3130 1248 3175 sanctos
1268 3160 1284 3183 ,
1327 3120 1414 3189 qui
1456 3118 1748 3175 habitabant

174 3213 370 3285 Lyddte.
402 3215 573 3283 Quasi
620 3213 726 3268 dux
776 3213 1070 3278 circuibat,
1106 3213 1325 3268 ordines
1363 3213 1772 3280 considerans,-

175 3323 278 3376 quae
326 3322 448 3379 pars
493 3316 647 3363 esset
681 3305 1011 3371 coadunata,
1051 3322 1171 3377 quae
1210 3315 1433 3374 ornata,
1482 3320 1604 3376 qua:
1636 3320 1750 3362 sua

178 3402 433 3468 prmsentia
465 3408 680 3473 egeret.
713 3399 850 3456 Vide
887 3400 1033 3454 illum
1081 3399 1281 3470 ubique
1316 3399 1750 3455 circumcursan-

172 3505 303 3560 tem,
331 3503 386 3551 et
416 3497 660 3566 primum
694 3495 988 3548 inventum.
1020 3491 1122 3548 .Ubi
1160 3492 1435 3563 eligendus
1477 3500 1594 3547 erat
1630 3507 1754 3562 apo-

186 3588 358 3654 stolus,
390 3589 480 3644 hic
508 3588 724 3659 primus
751 3585 883 3651 luit;
910 3600 1030 3641 cum
1068 3584 1353 3640 dicendum
1398 3594 1514 3641 erat
1542 3584 1753 3646 .Judmis

189 3694 271 3737 non
309 3699 430 3739 esse
473 3683 665 3738 ebrios
705 3680 1013 3750 apostolos,
1063 3694 1183 3735 cum
1218 3677 1445 3733 claudus
1484 3676 1754 3733 sanandus

183 3771 263 3829 init
278 3817 291 3836 ,
310 3776 525 3847 quando
551 3772 984 3831 concionandum
1003 3779 1120 3826 erat
1138 3814 1152 3837 ,
1177 3772 1264 3826 hic
1287 3779 1416 3826 ante
1436 3771 1576 3825 alios
1602 3776 1752 3835 erat;

183 3869 367 3936 quando
392 3867 671 3941 agendum
702 3881 823 3921 cum
855 3864 1121 3934 prtel'ectis
1143 3905 1159 3929 ,
1197 3862 1413 3934 quando
1449 3877 1571 3918 cum
1606 3862 1750 3915 Ana-

187 3960 427 4026 ttia,cum
457 3976 527 4017 ex
560 3958 755 4015 umbra
797 3957 1104 4012 sanationes
1148 3955 1355 4011 ﬂerent.
1399 3953 1501 4010 Ubi
1542 3955 1756 4024 pericu-

189 4048 276 4104 lum
315 4061 433 4119 est,
485 4052 580 4108 hic
621 4050 814 4113 adest,
862 4056 918 4105 et
971 4048 1056 4103 ubi
1102 4046 1347 4118 quardam
1396 4045 1757 4115 dispensanda

190 4154 325 4199 sunt:
354 4146 441 4202 ubi
470 4158 607 4201 vero
638 4142 941 4212 tranquillae
968 4155 1057 4196 res
1082 4149 1241 4201 sunt,
1272 4139 1323 4192 in
1353 4138 1623 4193 communi
1644 4151 1761 4191 om-

194 4249 305 4301 nes;
332 4237 464 4292 adeo
492 4252 607 4292 non
653 4216 856 4305 appetit
896 4233 1153 4303 majorem
1201 4230 1482 4285 honorem.
1526 4227 1758 4282 Rursum

196 4342 296 4384 cum
337 4330 594 4387 miracula
653 4327 814 4384 edere
849 4326 1151 4396 Oportebat,
1198 4323 1287 4379 ille
1327 4320 1636 4393 prosiliebat
1662 4335 1677 4373 :
1708 4327 1763 4373 et

200 4418 269 4474 hic
290 4422 467 4477 iterum
501 4423 622 4492 ipse
652 4435 750 4491 per
774 4434 835 4475 se
862 4418 1104 4481 laborat,
1134 4425 1188 4471 et
1218 4414 1318 4469 iter
1340 4413 1466 4482 agit.
1497 4412 1586 4467 55.
1609 4410 1764 4464 Inve-

201 4512 260 4563 nit
282 4525 433 4567 autem
456 4514 526 4568 ibi
556 4511 818 4566 hominem
857 4508 1127 4580 quemdam
1161 4507 1364 4561 nomine
1395 4502 1654 4569 zEneam,
1701 4501 1765 4555 ab

205 4604 327 4658 annis
344 4615 451 4660 octo
467 4608 734 4677 jacentem
756 4603 811 4658 in
836 4601 1049 4675 grabato
1071 4642 1087 4667 ,
1128 4603 1214 4672 qui
1256 4607 1361 4654 erat
1403 4597 1719 4669 paralyticus
1746 4610 1766 4649 :

211 4691 282 4748 54.
305 4707 344 4749 et
365 4699 429 4752 ait
452 4698 530 4753 illi
562 4696 757 4751 Petrus
784 4709 804 4749 :
834 4693 1030 4760 λΕηεα,
1063 4699 1211 4747 sanat
1240 4700 1288 4745 te
1313 4687 1467 4744 Iesus
1491 4686 1722 4742 Christus
1747 4702 1767 4739 :

222 4797 363 4854 “rga,
395 4799 438 4841 et
472 4798 650 4843 stunc
690 4786 801 4841 tibi.
845 4783 913 4839 Et
951 4784 1123 4840 statim
1161 4781 1408 4838 surrexit.
1438 4779 1506 4834 Et
1534 4795 1632 4834 cur
1661 4793 1768 4833 non

232 4881 505 4943 “spectavit
544 4878 654 4935 viri
692 4877 891 4943 ﬁdem,
937 4891 1040 4932 nec
1083 4873 1433 4945 interrogavit
1477 4886 1545 4926 an
1593 4870 1770 4925 curari

237 4965 391 5022 vellet!
409 4971 543 5029 Sane
571 4971 702 5044 quia
725 4971 793 5026 ad
815 4972 1100 5026 multorum
1117 4966 1546 5024 consolationem
1573 4964 1772 5020 factum

240 5060 634 5120 “miraculum.
673 5060 859 5134 Itaque
899 5060 1026 5116 andi
1069 5068 1326 5132 quantum
1362 5059 1572 5114 lucrtun
1605 5074 1620 5111 :
1648 5055 1778 5111 sub-

230 5142 378 5218 iungit
399 5158 517 5212 enim
548 5157 746 5213 dicens
770 5172 784 5210 :
813 5154 903 5210 55.
932 5152 997 5208 Et
1023 5151 1253 5206 viderunt
1280 5166 1487 5214 omnes,
1514 5148 1602 5221 qui
1628 5147 1777 5202 babi-

231 5241 375 5299 tabant
395 5246 577 5322 Lgddaa
596 5258 650 5305 et
675 5249 921 5304 Assaroni
943 5289 959 5314 ,
989 5247 1075 5319 qui
1095 5245 1324 5301 conversi
1342 5251 1460 5299 sunt
1491 5242 1560 5295 ad
1596 5240 1778 5319 Domi-

226 5349 342 5393 ηωη.
356 5339 489 5401 Bene
507 5346 591 5400 sic
612 5342 747 5398 dixit
775 5360 789 5397 :
813 5340 1036 5412 insignis
1054 5338 1198 5395 enim
1219 5345 1335 5392 erat
1350 5335 1467 5400 vir;
1490 5346 1781 5404 argumen-

227 5435 420 5502 ιιιιιιςιιο
443 5434 533 5490 dat
560 5434 702 5505 signi
727 5474 742 5499 ,
774 5431 917 5504 quod
944 5431 1097 5487 tollat
1120 5429 1423 5501 grabatum.
1456 5423 1574 5481 Non
1605 5424 1779 5481 solum

226 5521 347 5575 etum
369 5538 397 5577 a
418 5528 620 5582 morbis
650 5525 1054 5597 liberaverunt,
1083 5519 1181 5577 sed
1206 5520 1371 5576 etiam
1401 5532 1525 5573 cum
1555 5516 1785 5572 sanitate

230 5609 353 5667 Vires
374 5616 754 5683 priestiterunt.
800 5613 1049 5685 Alioquin
1083 5621 1261 5667 autem
1302 5607 1542 5666 nondum
1575 5606 1789 5662 virtutis

232 5713 326 5755 suae
346 5706 486 5775 signa
510 5707 809 5774 dederant;
843 5707 915 5761 ita
956 5713 1015 5760 ut
1050 5703 1242 5759 merito
1278 5716 1385 5757 non
1425 5698 1733 5769 exigeretur
1759 5709 1790 5750 a

288 5794 302 5823 ¹
332 5800 453 5847 Unus
467 5797 584 5851 00d.
622 5799 835 5849 habet...
880 5807 968 5846 suo
989 5794 1219 5856 aduentu.
1242 5789 1433 5856 Abierat
1460 5783 1638 5856 Paulus
1658 5788 1793 5836 orat-

239 5860 457 5969 ξιέἕῶιὲᾗ.
473 5873 570 5972 εἲ
579 5860 688 5922 jam
705 5858 885 5912 bellum
908 5862 991 5908 aut
1011 5853 1235 5908 turbatio.
1262 5854 1372 5906 tuos
1394 5853 1609 5904 omits
1640 5859 1788 5901 rene-

1100 411 1163 467 IN
1239 405 1420 465 ACTA
1463 398 1994 458 APOSTOLORUM.
2036 396 2270 454 ιιοδιιι..
2310 398 2457 454 XM.

3321 396 3425 458 166

1833 513 1952 566 viro
1982 510 2151 577 ﬁdes,
2182 512 2616 585 quandoquidem
2653 531 2756 570 non
2799 525 3091 588 exegerunt
3136 532 3166 572 a
3204 516 3423 576 claudo.

1834 600 2297 672 Quemadmodum
2349 606 2510 678 igitur
2548 616 2603 664 et
2646 606 2892 664 Christus
2946 611 3102 668 initio
3147 613 3423 684 signorum

1837 696 1997 752 ﬁdem
2023 712 2132 755 non
2159 701 2407 771 exigebat
2433 718 2448 757 :
2477 702 2555 758 sic
2578 718 2749 774 neque
2772 705 2880 761 isti.
2902 704 3257 778 Jerosolymis
3279 711 3424 765 enim

1839 789 1971 847 ﬁdes
1989 795 2183 849 merito
2204 795 2353 866 prius
2373 797 2687 868 exigebatur
2709 816 2721 851 :
2751 799 2890 853 unde
2912 808 2966 854 et
2988 810 3208 870 propter
3231 803 3386 858 tidem
3401 833 3421 861 ν

1841 893 2102 957 quotquot
2125 889 2328 942 morbis
2350 890 2726 947 detinebantur
2747 935 2763 960 ,
2788 894 2840 947 in
2870 894 2972 949 viis
2998 898 3425 965 exponebantur,

1842 990 1891 1032 ttt
1924 981 2185 1038 venientis
2224 983 2366 1039 Petri
2406 985 2596 1040 saltem
2635 989 2822 1043 umbra
2862 992 3166 1060 quempiam
3214 994 3426 1049 illorum

1839 1072 2205 1129 obumbraret.
2249 1075 2406 1129 Multa
2440 1080 2581 1131 enim
2626 1080 2733 1135 illic
2772 1083 2919 1152 signa
2959 1084 3294 1152 edebantur;
3344 1089 3430 1145 hic

1838 1170 2019 1217 autem
2050 1162 2154 1219 hoc
2183 1166 2407 1235 primum
2435 1171 2680 1238 contigit.
2711 1173 2839 1227 Nam
2869 1175 3015 1244 signa
3057 1178 3159 1232 alia
3198 1181 3262 1234 ad
3296 1180 3429 1237 alios

1838 1253 2151 1308 alliciendos
2178 1258 2475 1313 edebantur
2500 1303 2514 1323 ,
2546 1263 2647 1315 alia
2694 1264 2759 1318 ad
2804 1270 3136 1323 credentium
3178 1275 3429 1329 conuola-

1842 1345 2063 1402 tionem.
2091 1349 2179 1402 56.
2224 1348 2293 1403 In
2338 1349 2507 1423 lappe
2559 1366 2726 1408 autem
2766 1360 2861 1426 fuit
2903 1362 3136 1429 qttwdttnt
3180 1364 3432 1434 discipula

1840 1438 2045 1493 nomine
2072 1440 2291 1496 Tabitlta
2313 1484 2328 1506 ,
2355 1461 2469 1515 quae
2493 1447 2535 1498 si
2566 1446 2917 1517 interpretetur
2934 1493 2948 1512 ,
2998 1455 3183 1508 dicitur
3212 1457 3428 1513 Dorcas.

1845 1527 1970 1585 Hth
1994 1542 2103 1586 erat
2132 1533 2283 1603 plena
2309 1536 2543 1604 operibus
2572 1540 2713 1594 bonis
2737 1583 2752 1606 ,
2798 1552 2844 1595 et
2891 1544 3218 1616 eleemosynis
3242 1590 3257 1613 ,
3307 1566 3433 1618 quas

1845 1624 2077 1693 faciebat.
2111 1627 2199 1681 57.
2236 1626 2453 1683 Factum
2481 1641 2552 1682 est
2577 1643 2745 1685 autem
2784 1636 2835 1687 in
2864 1635 3037 1691 diebus
3071 1638 3174 1691 illis
3203 1655 3257 1693 ut
3282 1641 3433 1709 in/ir-

1843 1728 1982 1771 mata
2021 1731 2316 1774 moreretur.
2357 1721 2526 1787 Quam
2553 1741 2665 1777 cum
2704 1728 2972 1791 lavissent,
3011 1744 3286 1799 posuerunt
3322 1752 3435 1790 eam

1844 1807 1899 1861 in
1936 1811 2216 1863 caenaculo.
2263 1811 2355 1867 58.
2395 1811 2521 1867 Cum
2564 1824 2733 1869 autent
2763 1835 2920 1888 prope
2964 1832 3089 1875 esset
3132 1822 3318 1894 Lydda
3365 1827 3438 1883 ad

1844 1900 2048 1971 Joppen
2071 1941 2088 1970 ,
2135 1903 2375 1974 discipuli
2398 1908 2660 1963 audientes
2681 1951 2696 1975 ,
2734 1914 2868 1980 quod
2900 1912 3079 1968 Petrus
3104 1928 3230 1972 esset
3257 1920 3309 1974 in
3339 1937 3400 1975 ea
3417 1961 3437 1990 ,

1847 1994 2089 2049 ntiserunt
2117 1997 2247 2052 dnos
2270 1999 2404 2053 uiros
2424 2041 2438 2063 ,
2470 2013 2705 2072 rogantes
2729 2045 2743 2069 ,
2769 2021 2831 2058 ne
2847 2004 3073 2074 di/ferret
3093 2012 3259 2066 venire
3284 2029 3442 2086 usque

1847 2085 1916 2138 ad
1937 2085 2095 2154 ipsos.
2119 2086 2230 2143 Cur
2250 2100 2627 2159 exspectat-unt
2647 2094 2819 2151 donec
2845 2102 3188 2156 moreretur?
3211 2118 3308 2159 cur
3330 2120 3440 2162 non

1847 2185 1973 2233 ante
2002 2189 2219 2248 rogatus
2251 2180 2350 2236 luit
2389 2181 2623 2239 Petrus?
2661 2187 2940 2258 Indignum
2990 2201 3240 2261 putantes
3276 2205 3439 2264 tunc,

1848 2284 1970 2325 cum
2003 2271 2543 2344 philosopharentur,
2575 2277 2867 2350 discipulos
2901 2282 2969 2338 ad
3006 2300 3095 2341 res
3133 2285 3443 2359 hujusmodi

1847 2375 2105 2432 gravare,
2159 2372 2213 2419 et
2257 2380 2289 2420 a
2336 2366 2717 2437 praedicatione
2763 2372 3098 2433 abstrahere.
3139 2379 3273 2438 Nam
3320 2383 3445 2442 ideo

1850 2451 1981 2505 dicit
2005 2467 2172 2523 prope
2200 2455 2367 2512 fuisse
2391 2498 2407 2523 ,
2444 2466 2501 2513 ut
2533 2460 2783 2519 ostendat
2810 2464 2931 2523 illos
2959 2469 3111 2538 quasi
3138 2486 3252 2528 rem
3283 2488 3446 2530 occa-

1851 2543 2002 2597 sione
2028 2542 2210 2599 oblata
2237 2548 2457 2616 petiisse
2487 2550 2505 2617 (
2530 2551 2789 2624 discipula
2818 2558 2960 2612 enim
2990 2561 3168 2633 erat),
3210 2580 3318 2621 non
3344 2582 3446 2623 au-

1853 2639 1959 2686 tem
1989 2635 2261 2704 praecipuo
2290 2637 2429 2693 loco.
2460 2640 2553 2695 59.
2584 2641 2878 2712 Exsurgens
2904 2660 3073 2704 autem
3103 2651 3289 2710 Petrus
3313 2658 3448 2713 venit

1852 2738 1970 2777 cum
1994 2725 2115 2781 illis.
2151 2725 2217 2779 Et
2248 2743 2363 2780 cum
2393 2730 2670 2785 advenisset
2703 2734 2958 2791 duxerunt
2998 2740 3147 2794 illum
3184 2744 3237 2798 in
3278 2762 3449 2802 cama-

1853 2814 2049 2872 culum.
2081 2817 2197 2872 Non
2224 2830 2452 2889 rogant,
2482 2822 2578 2878 sed
2623 2840 2735 2880 rem
2785 2829 2858 2882 illi
2906 2834 3261 2904 permittunt,
3293 2852 3352 2894 ut
3378 2856 3447 2897 ex

1855 2908 2036 3002 seipse
2078 2911 2245 3002 vitam,
2288 2912 2365 2967 illi
2407 2912 2684 2983 largiatur.
2730 2918 2804 2972 Ita
2846 2921 2931 2977 hic
2975 2925 3226 2995 impletur
3275 2931 3447 3002 illud,

1856 2995 2199 3072 Eleemosgna
2229 3001 2403 3058 liberat
2431 3022 2465 3060 a
2491 3011 2689 3075 morte(
2718 3009 2840 3065 Tob.
2874 3013 2961 3067 12.
2989 3015 3086 3089 9).
3125 3018 3189 3072 Et
3226 2995 3450 3078 circum;

1856 3101 2100 3147 steterunt
2137 3093 2283 3149 illum
2323 3113 2496 3154 omnes
2537 3099 2740 3167 ridute,
2778 3104 2954 3174 ﬂentes
2984 3118 3031 3162 et
3060 3113 3379 3170 ostendentes
3409 3119 3459 3173 ei

1859 3184 2058 3240 tunicas
2081 3195 2129 3240 et
2151 3197 2310 3242 vestes
2330 3231 2346 3257 ,
2373 3207 2501 3261 quas
2528 3192 2746 3263 faciebat
2774 3195 2969 3252 Dorcas
2993 3240 3009 3265 ,
3041 3216 3158 3255 cum
3182 3215 3306 3259 esset
3333 3224 3452 3262 cunt

1857 3275 1983 3368 illis.
2021 3276 2231 3333 Ducunt
2259 3279 2474 3336 Petrum
2504 3298 2570 3340 eo
2592 3325 2608 3348 ,
2642 3287 2731 3341 ubi
2760 3298 2878 3343 erat
2918 3299 3127 3348 mortua
3170 3298 3449 3368 exposita;

1860 3364 2002 3422 forte
2033 3379 2315 3439 putantes,
2348 3373 2423 3427 illi
2451 3375 2725 3446 quidpiam
2771 3380 2837 3433 ad
2883 3364 3274 3454 philosOphiam
3300 3364 3454 3447 exhi-

1862 3463 2011 3520 bere.
2034 3464 2224 3520 Yiden’
2242 3476 2443 3537 quanta
2468 3472 2708 3526 accessio
2731 3472 2867 3528 facta
2888 3474 2958 3530 sit
2976 3476 3001 3529 7
3022 3477 3132 3533 Nec
3156 3480 3271 3536 sine
3291 3496 3453 3541 causa

1861 3571 2058 3612 nomen
2089 3558 2329 3613 mulieris
2358 3560 2625 3628 profertur
2647 3602 2662 3627 ,
2709 3562 2805 3618 sed
2833 3574 2890 3619 ut
2918 3567 3235 3624 ostendatur
3275 3575 3452 3628 nomi-

1863 3648 1946 3701 nis
1972 3662 2095 3703 cum
2129 3649 2239 3703 vita
2266 3652 2650 3717 consonantia;
2681 3653 2750 3707 ita
2797 3671 2991 3726 nempe
3030 3661 3156 3729 vigil
3199 3671 3253 3716 et
3292 3677 3456 3733 expe-

1862 3740 1969 3796 dita
1988 3749 2107 3795 erat
2130 3783 2143 3804 ,
2168 3750 2228 3795 ut
2250 3740 2442 3797 dorcas
2460 3744 2575 3798 sive
2592 3759 2806 3814 caprea.
2837 3747 2997 3803 Multa
3019 3753 3216 3822 quippe
3238 3756 3454 3812 numina

1863 3849 1983 3887 cum
2016 3834 2225 3887 ratione
2251 3833 2445 3887 dantur
2470 3876 2484 3900 ,
2516 3845 2573 3889 ut
2603 3850 2745 3907 sa‘pe
2770 3838 2926 3893 vobis
2954 3840 3207 3898 diximus.
3248 3843 3411 3900 Plena
3436 3888 3454 3915 ,

1865 3928 2039 3998 inquit
2058 3968 2072 3990 ,
2098 3937 2205 3982 erat
2226 3927 2372 3981 bonis
2390 3928 2628 3997 operibus
2652 3971 2666 3996 ,
2692 3939 2738 3984 et
2759 3930 3087 4005 eleentosynis
3110 3976 3124 4000 ,
3148 3952 3272 4006 quas
3298 3941 3458 4009 facie-

1865 4019 1969 4073 bat.
2004 4018 2252 4089 Magnum
2293 4019 2533 4072 mulieris
2562 4022 2866 4076 encomium
2889 4063 2904 4087 ,
2938 4024 3200 4095 siquidem
3233 4039 3460 4100 utraque

1866 4112 1944 4167 sic
1978 4110 2207 4165 faciebat
2232 4153 2248 4177 ,
2289 4118 2348 4164 ut
2384 4111 2626 4181 utrisque
2666 4113 2822 4181 plena
2868 4125 3033 4170 esset.
3067 4117 3248 4174 Palam
3276 4128 3458 4179 autem

1867 4216 1951 4262 est
1974 4249 1988 4271 ,
2023 4206 2165 4260 illam
2196 4205 2345 4274 prius
2374 4205 2636 4259 bonorum
2658 4220 2880 4274 operum
2906 4249 2922 4273 ,
2946 4208 3141 4266 deinde
3160 4212 3463 4287 eleemosy-

1873 4313 2060 4351 narum
2089 4312 2273 4351 curam
2304 4296 2575 4351 habuisse.
2599 4296 2726 4364 Qua:
2749 4299 2960 4367 faciebat
2984 4341 3000 4366 ,
3031 4302 3234 4372 inquit,
3268 4304 3465 4363 Dorcas

1871 4404 1989 4443 cum
2029 4387 2132 4442 illis
2170 4403 2397 4442 versans.
2440 4387 2605 4442 Multa
2654 4388 2947 4444 humilitas.
2976 4390 3096 4447 Non
3145 4395 3287 4449 enim
3326 4397 3467 4454 sicut

1875 4497 2006 4546 nos;
2038 4481 2133 4537 sed
2161 4480 2321 4536 simul
2365 4496 2556 4535 omnes
2596 4491 2783 4548 erant,
2823 4498 3070 4554 magnam
3106 4486 3473 4558 eleemosynte

1873 4591 2059 4631 curam
2102 4575 2387 4630 habentes.
2437 4573 2529 4629 40.
2578 4572 2770 4643 Ejectis
2807 4586 2974 4630 autem
3012 4579 3246 4634 omnibus
3284 4585 3426 4652 foras
3449 4624 3469 4647 ,
3500 4634 3511 4643 ,

1879 4669 2065 4724 Petrus
2092 4683 2282 4739 ponens
2308 4683 2475 4738 genua
2501 4667 2663 4720 orauit
2693 4681 2711 4720 :
2740 4676 2786 4720 et
2830 4683 3100 4723 conversus
3132 4669 3202 4722 ad
3244 4687 3427 4742 corpus
3450 4714 3470 4740 ,

1876 4763 2007 4818 dixit
2030 4776 2052 4815 :
2085 4759 2301 4815 Tabitlta
2324 4800 2339 4823 ,
2364 4774 2533 4829 surge.
2562 4757 2628 4811 At
2656 4757 2751 4811 illa
2790 4759 2988 4829 aperuit
3027 4759 3200 4815 oculos
3238 4778 3359 4817 suos
3383 4803 3397 4827 ,
3425 4773 3473 4820 et

1876 4858 1984 4913 viso
2003 4855 2161 4911 Petro
2181 4853 2386 4908 resedit.
2409 4853 2519 4908 Cur
2538 4866 2727 4907 omnes
2746 4851 2894 4923 ejicit
2911 4853 2935 4907 Ἰ
2955 4851 3034 4908 Ne
3058 4853 3312 4926 lacrymis
3335 4871 3470 4910 con-

1881 4950 2126 5004 turbetur
2154 4958 2209 5003 et
2234 4955 2533 5001 moveatur.
2568 4942 2634 4998 Et
2678 4944 2855 5015 positis
2902 4945 3111 5015 genibus
3155 4947 3335 5000 oravit.
3362 4947 3476 5005 Hoc

1881 5049 1999 5097 erat
2026 5041 2252 5095 intonsae
2282 5035 2545 5092 orationis
2574 5034 2851 5114 indicium.
2901 5036 2993 5091 41.
3038 5034 3181 5092 Dans
3223 5049 3394 5092 autem
3430 5040 3478 5093 ei

1882 5149 2091 5186 manum
2110 5172 2127 5197 ,
2157 5129 2348 5201 inquit.
2377 5127 2478 5183 Hic
2498 5127 2804 5197 singillatim
2830 5127 3069 5183 ostendit
3093 5129 3257 5184 vitam
3279 5169 3295 5197 ,
3322 5128 3480 5184 dein-

1885 5224 2062 5295 deque
2082 5223 2335 5277 virtutem
2359 5220 2634 5275 inductam
2658 5259 2675 5286 ,
2701 5220 2861 5275 aliam
2888 5220 3055 5276 verbo
3076 5262 3093 5288 ,
3111 5222 3270 5276 aliam
3295 5237 3475 5275 manu.

1884 5315 2033 5372 Dans
2053 5326 2222 5371 autem
2252 5315 2296 5369 ei
2324 5331 2570 5380 manum,
2617 5314 2773 5368 erexit
2825 5330 2957 5369 eam.
3005 5312 3073 5368 Et
3109 5331 3222 5368 cum
3256 5322 3483 5367 uocasset

1885 5419 2089 5467 sanctos
2108 5417 2153 5463 et
2178 5406 2358 5463 viduas
2381 5448 2397 5472 ,
2430 5406 2705 5478 assignavit
2733 5421 2844 5460 eam
2873 5407 3037 5460 vittam
3060 5446 3076 5471 ,
3105 5407 3225 5461 aliis
3253 5406 3318 5460 ad
3351 5420 3483 5460 con-

1889 5503 2208 5562 solationem
2234 5542 2248 5565 ,
2293 5500 2437 5572 quod
2485 5515 2727 5556 Sororem
2754 5502 3060 5569 acciperent
3084 5510 3140 5555 et
3170 5501 3482 5557 miraculum

1890 5597 2139 5653 viderent
2160 5612 2176 5661 ;
2205 5592 2379 5648 viduis
2398 5608 2526 5647 vero
2552 5591 2622 5647 ad
2646 5592 3026 5663 patrocinium.
3052 5593 3145 5648 ﬂ.
3175 5590 3369 5647 Notum
3392 5611 3491 5648 au-

1893 5696 1995 5741 tem
2022 5690 2212 5758 factum
2240 5693 2314 5740 est
2342 5701 2432 5755 per
2459 5683 2746 5738 universam
2786 5681 2992 5753 Joppen
3014 5723 3031 5750 ,
3076 5694 3124 5739 et
3162 5685 3489 5741 crediderunt

1893 5780 2040 5836 multi
2058 5781 2112 5835 in
2130 5778 2368 5834 Domino.
2383 5777 2472 5833 45.
2482 5774 2698 5829 Factum
2709 5783 2781 5830 est
2799 5784 2988 5845 autem,
3011 5788 3067 5831 ut
3080 5796 3169 5850 per
3182 5779 3369 5833 multos
3385 5778 3495 5836 dies

1895 5882 2119 5931 maneret
2145 5872 2198 5928 in
2226 5869 2396 5943 Joppe
2421 5868 2560 5941 apud
2597 5865 2859 5925 Simonem
2897 5870 3164 5939 quemdam
3194 5874 3489 5926 coriartnm.
