3946 6442
387 417 488 473 "i7

460 531 514 584 5.
559 524 703 582 Petri
725 522 1057 580 mansuetudo
1073 530 1120 578 et
1140 522 1406 576 modestia.
1423 551 1494 561 —
1513 519 1645 576 Vide
1664 518 1979 573 modestiam

387 633 442 676 et
473 618 934 675 mansuetudinem
969 615 1151 682 Petri,
1183 614 1456 689 quomodo
1485 628 1592 670 non
1621 613 1760 683 apttd
1791 611 1938 665 illam
1962 653 1976 670 .

388 729 564 784 neque
607 712 748 783 apud
777 711 939 766 alium
969 711 1275 781 quempiam
1307 709 1572 779 insignem
1604 719 1854 772 maneat,
1888 704 1982 760 sed

387 807 526 876 apud
556 805 868 869 coriarium,
899 819 993 871 per
1021 802 1198 856 omnia
1223 800 1289 854 ad
1315 798 1672 853 humilitatem
1703 795 1980 860 inducens,

389 913 494 951 non
525 897 708 951 sinens
739 895 959 949 viliores
985 893 1308 956 erubescere
1329 933 1343 957 ,
1372 905 1471 944 nec
1499 888 1735 959 majores
1760 887 1941 942 extolli
1968 903 1982 940 :

387 991 475 1059 qni
498 990 658 1044 etiam
684 987 806 1048 ideo
828 983 1215 1041 transeundum
1240 997 1358 1037 esse
1377 980 1614 1052 putavit,
1632 977 1774 1050 quod
1801 978 1987 1033 ﬁdeles

385 1081 630 1137 doctrina
661 1094 754 1134 sua
799 1084 1042 1149 egerent.
1096 1075 1259 1147 Igitur
1287 1072 1533 1143 superius
1576 1071 1717 1126 dicta
1765 1078 1982 1140 repeta-

385 1191 526 1229 mus.
560 1171 842 1237 Tentabat,
893 1170 1106 1240 inquit,
1162 1185 1216 1224 se
1258 1169 1476 1238 jungere
1526 1166 1814 1230 discipulis.
1870 1163 1984 1218 Non

389 1264 730 1336 impudenter
759 1263 1023 1327 accessit,
1053 1258 1149 1316 sed
1178 1258 1441 1314 modeste.
1476 1257 1778 1327 Discipulos
1807 1265 1986 1310 autem

387 1365 541 1409 Vnt'al.
571 1355 734 1410 etiam
762 1369 856 1410 eos
876 1395 892 1418 ,
925 1352 1017 1424 qui
1062 1367 1172 1408 non
1201 1360 1358 1407 erant
1404 1350 1458 1403 in
1497 1348 1664 1404 choro
1703 1347 1986 1402 duodecim

386 1451 598 1504 illorum
642 1450 816 1519 :quia
848 1458 973 1504 tunc
1000 1460 1191 1501 omnes
1239 1445 1310 1500 ob
1353 1443 1569 1498 virtutis
1611 1441 1984 1498 excellentiam

385 1543 630 1612 discipuli
675 1542 1048 1597 vocabantur:
1095 1537 1376 1594 manifesta
1423 1536 1568 1592 enim
1609 1545 1726 1591 erat
1771 1535 1983 1590 illorum

386 1637 580 1705 imago.
617 1634 682 1688 Et
711 1650 883 1688 omnes
921 1631 1162 1686 timebant
1201 1647 1350 1697 eum,
1383 1628 1576 1699 inquit.
1625 1626 1764 1682 Vide
1788 1669 1804 1693 ,
1845 1642 1985 1697 quo-

390 1731 552 1784 modo
579 1728 754 1783 adhuc
781 1725 1015 1797 pericula
1043 1731 1376 1789 metuerent,
1410 1720 1680 1792 quomodo
1707 1719 1886 1774 adhuc
1914 1719 1984 1773 ti-

386 1837 504 1876 mor
531 1822 755 1891 vigeret.
778 1817 1046 1872 Barnabas
1071 1823 1240 1869 autem
1266 1813 1640 1883 apprehensum
1665 1812 1812 1865 illum
1838 1810 1986 1865 duxit

383 1914 455 1971 ad
481 1912 738 1983 apostolos
756 1952 771 1977 ,
802 1920 849 1965 et
871 1909 1096 1964 narravit
1124 1906 1252 1961 illis.
1277 1905 1504 1960 Videtur
1527 1913 1707 1958 autem
1738 1903 1835 1974 ipsi
1859 1902 1988 1956 Bar-

387 2007 553 2062 nabas
590 2015 748 2060 antea
805 2004 969 2058 fuisse
1010 2001 1248 2066 amicus,
1279 1998 1510 2067 ideoque
1542 2004 1727 2051 narrat
1770 1994 1983 2058 omnia,

383 2114 505 2170 qtae
551 2097 619 2153 ad
667 2097 841 2166 ipsum
873 2093 1213 2164 spectabant.
1259 2089 1404 2145 Nihil
1447 2097 1625 2143 autem
1672 2088 1862 2140 hurum
1899 2085 1988 2138 ille

385 2195 554 2250 dicit:
602 2202 732 2264 puto
761 2207 862 2247 nec
893 2190 962 2245 ad
991 2189 1126 2245 alios
1152 2194 1340 2257 postea
1372 2184 1628 2238 extulisse
1647 2221 1662 2246 ,
1707 2181 1807 2235 nisi
1835 2196 1986 2250 qum-

387 2287 510 2340 dam
554 2286 714 2342 fuerit
753 2283 1068 2339 necessitas.
1129 2278 1196 2333 Et
1236 2287 1345 2332 erat
1389 2292 1505 2330 cum
1547 2275 1651 2328 illis
1693 2275 1890 2327 intrans
1934 2271 1988 2325 in

387 2380 696 2444 Jerusalem,
726 2387 773 2431 et
795 2375 1104 2445 ﬁducialiter
1121 2388 1277 2444 agens
1300 2371 1354 2424 in
1378 2369 1583 2423 nomine
1610 2366 1821 2421 Domini
1837 2363 1985 2419 Jesn.

390 2477 504 2532 lIoc
532 2483 586 2530 et
610 2475 729 2529 aliis
755 2472 918 2527 dabat
949 2469 1220 2524 ﬁduciam.
1251 2466 1414 2522 Vides
1441 2473 1496 2520 et
1522 2464 1610 2518 hic
1637 2471 1694 2519 et
1721 2461 1828 2517 illic
1854 2460 1988 2515 alios

389 2565 738 2637 providentes
767 2572 822 2619 et
863 2569 1118 2618 curantes
1146 2569 1208 2615 ut
1241 2559 1330 2614 ille
1367 2558 1571 2622 abiret,
1595 2569 1717 2611 cum
1750 2551 1986 2609 nondum

392 2659 486 2714 Dei
517 2656 743 2728 gratiam
771 2653 1110 2724 accepisset?
1133 2651 1312 2722 Itaque
1335 2651 1414 2705 sic
1441 2647 1580 2704 illius
1608 2646 1789 2701 fervor
1807 2652 1990 2700 osten-

386 2752 550 2805 ditur.
598 2747 783 2818 Neque
824 2746 934 2814 jam
965 2743 1179 2800 videtur
1208 2741 1336 2796 mihi
1384 2740 1474 2794 ille
1515 2753 1612 2809 per
1643 2747 1840 2793 terram
1885 2735 1987 2790 iter

392 2845 629 2907 habere;
671 2839 763 2896 sed
807 2837 1003 2893 deinde
1034 2835 1334 2906 navigabat.
1380 2832 1494 2886 IIoc
1531 2844 1745 2900 quoque
1787 2827 1846 2882 ﬁt
1892 2842 1990 2897 ρετ

390 2934 848 3005 dispensationem
871 2970 888 2998 ,
929 2937 988 2984 ut
1018 2929 1088 2983 ibi
1121 2927 1282 2982 etiam
1313 2923 1651 2995 prmdicaret.
1685 2919 1810 2976 Ideo
1833 2918 1990 2990 igitur

391 3026 602 3082 insidim
642 3023 951 3092 contigere,
996 3027 1050 3074 et
1095 3018 1198 3073 iter
1224 3015 1616 3086 Jerosolymam
1649 3026 1742 3079 per
1770 3010 1990 3080 dispen—

393 3119 681 3182 sationem,
703 3122 764 3168 ut
791 3128 857 3166 ne
885 3111 1024 3166 ultra
1052 3116 1330 3178 suspectus
1356 3110 1518 3160 esset.
1545 3103 1867 3172 Loquebatttr
1891 3117 1988 3154 au-

393 3219 568 3264 temet
609 3205 900 3276 disputabat
941 3219 1056 3256 cum
1087 3199 1297 3257 Graecis.
1350 3197 1419 3252 Et
1458 3195 1742 3261 Ecclesia,
1782 3194 1985 3264 inquit,

396 3299 642 3355 habebant
668 3313 861 3367 pacem,
891 3291 1280 3362 (ediﬁcabantur
1295 3299 1342 3344 et
1374 3287 1702 3342 ambulabant
1735 3287 1788 3340 in
1815 3287 1993 3340 timore

399 3392 648 3457 Domini;
676 3389 726 3444 id
755 3397 868 3450 est.
898 3384 1249 3445 crescebant,
1271 3390 1328 3436 et
1349 3395 1534 3452 pacem
1553 3419 1569 3446 ,
1598 3394 1779 3433 veram
1811 3377 1993 3447 utique

401 3499 610 3554 pacem,
630 3483 770 3537 inter
789 3495 848 3534 sc
881 3477 1170 3532 habebant.
1188 3474 1398 3537 Merito,
1419 3489 1539 3526 nam
1558 3470 1713 3525 valde
1729 3468 1994 3524 afﬁixcrat

398 3580 522 3633 illos
545 3587 827 3631 externum
857 3571 1077 3626 bellum.
1116 3567 1179 3623 Et
1207 3567 1551 3622 consolatione
1575 3565 1736 3618 sancti
1765 3563 1994 3632 Spiritus

398 3669 746 3740 replebantur.
794 3661 1186 3720 Consolabatur
1227 3660 1347 3714 illos
1376 3659 1607 3728 Spiritus
1636 3665 1891 3722 sanctus,
1940 3664 1995 3711 et

402 3779 500 3832 per
529 3759 784 3816 miracula
829 3765 886 3813 et
925 3771 1022 3826 per
1048 3769 1255 3824 Opera:
1301 3752 1366 3806 ad
1411 3751 1526 3806 haec
1563 3767 1722 3816 vero,
1765 3751 1995 3821 idipsum

399 3855 629 3924 singulis
659 3854 853 3907 inerat.
888 3848 1104 3902 Factum
1130 3855 1203 3901 est
1230 3854 1399 3898 autent
1425 3855 1478 3898 ut
1512 3842 1698 3898 Petrus
1725 3843 1846 3896 dum
1876 3859 1993 3912 per-

400 3945 680 4009 transiret,
724 3941 1004 4012 perueniret
1047 3939 1115 3992 ad
1154 3933 1412 4008 Lycidam.
1466 3935 1667 3989 Invenit
1715 3944 1882 3988 autem
1927 3933 1997 3986 ibi

407 4037 663 4091 hominem
698 4033 1111 4096 decumbentem,
1155 4041 1202 4084 et
1251 4029 1378 4083 dixit
1417 4027 1546 4082 illi:
1592 4024 1798 4092 linea,
1847 4034 1997 4080 sanat

401 4140 454 4184 te
492 4127 646 4182 Jesus
676 4125 927 4181 Christus.
987 4123 1103 4178 Non
1135 4121 1458 4176 ostentantis
1499 4119 1700 4174 dictum
1742 4128 1858 4184 est,
1903 4117 1996 4172 sud

402 4220 621 4277 ﬁdentis
647 4234 761 4273 rem
789 4233 911 4272 esse
939 4217 1186 4270 futuram.
1222 4213 1346 4267 Mihi
1374 4227 1502 4266 vero
1534 4226 1752 4281 prorsus
1789 4211 2000 4265 videtur

407 4327 607 4381 trgi-um
630 4308 754 4364 huic
774 4306 1068 4362 credidisse
1095 4305 1283 4370 verbo,
1302 4311 1356 4358 et
1379 4318 1566 4356 sanum
1596 4301 1791 4356 factum
1810 4301 1994 4358 ftﬁSse.

403 4402 562 4470 Quod
588 4410 767 4456 autem
803 4400 922 4455 sine
964 4398 1100 4454 fastu
1131 4405 1303 4457 esset.
1345 4412 1410 4450 ex
1439 4395 1786 4466 sequentibus
1825 4396 1998 4464 palam

404 4504 514 4548 est.
544 4492 661 4548 Non
686 4492 829 4547 enim
852 4490 1015 4556 dixit,
1047 4489 1103 4543 In
1135 4488 1350 4543 nomine
1374 4487 1500 4542 Jesu
1523 4529 1539 4554 ,
1565 4486 1660 4542 sed
1687 4495 1746 4540 ut
1766 4487 1995 4557 signum,

409 4586 580 4654 magis
633 4583 738 4639 hoc
783 4589 1018 4638 enarrat.
1079 4579 1324 4634 Viderunt
1365 4589 1533 4632 autem
1575 4579 1663 4647 qui
1711 4576 2001 4629 habitabant

412 4677 684 4750 Lyddam,
727 4687 777 4732 ct
807 4675 1032 4730 conversi
1057 4683 1174 4728 sunt
1213 4673 1280 4726 ad
1317 4669 1616 4726 Dominum.
1667 4669 1847 4741 Itaque
1893 4685 2001 4724 non

409 4769 611 4826 frustra
638 4769 748 4824 dixi
781 4769 1039 4823 miracula
1069 4766 1204 4821 facta
1236 4763 1402 4820 fuisse
1427 4764 1494 4820 ad
1527 4764 1925 4834 persuasionem
1948 4773 2004 4818 et

411 4861 858 4917 consolationem.
904 4858 972 4914 In
1004 4857 1178 4928 Joppe
1200 4867 1369 4911 autem
1395 4866 1504 4912 erat
1528 4856 1758 4927 quaedam
1787 4855 2005 4926 discipu~

412 4954 466 5007 la
485 4995 501 5021 ,
532 4953 737 5023 inquit,
770 4952 975 5006 nomine
1003 4949 1242 5006 Tabitha.
1269 4947 1490 5002 Factum
1519 4959 1593 5002 est
1619 4957 1788 5002 autem
1814 4947 1866 5001 in
1896 4946 2004 5001 die-

414 5048 507 5102 bus
548 5047 673 5109 illis,
705 5056 757 5100 ut
797 5046 1057 5115 inﬁrmata
1088 5045 1387 5097 moreretur.
1428 5041 1591 5097 Vides
1620 5042 1818 5112 ubique
1856 5042 2004 5110 signa

411 5138 607 5196 edita?
649 5135 766 5192 Non
796 5137 1114 5206 simpliciter
1155 5142 1367 5188 mortua
1393 5141 1475 5188 est
1506 5133 1734 5188 Tabitha
1759 5175 1773 5198 ,
1825 5133 1918 5187 sed
1953 5133 2005 5187 in

414 5231 780 5289 inﬁrmitatem
811 5230 977 5300 lapsa.
1013 5227 1137 5282 Idco
1168 5227 1383 5281 Petrum
1414 5241 1517 5280 non
1551 5234 1805 5280 vocarunt
1835 5225 2015 5279 donec.

414 5327 501 5381 illa
532 5331 740 5380 mortua
766 5332 932 5377 esset.
979 5319 1258 5374 Audientes
1281 5327 1450 5371 autem
1488 5317 1724 5387 discipuli
1767 5316 2008 5371 miserim.
2055 5331 2059 5336 '

414 5426 673 5490 rogantes,
691 5431 754 5469 ne
774 5413 1100 5486 pigritaretstr
1123 5410 1340 5464 transire
1363 5407 1432 5460 ad
1455 5425 1558 5462 eos.
1576 5407 1726 5471 Vide,
1756 5421 1850 5476 per
1873 5405 2008 5460 alios

417 5511 637 5564 mittunt
662 5517 721 5564 et
745 5513 961 5561 vocant.
992 5503 1085 5558 Ille
1110 5517 1239 5558 vero
1265 5501 1604 5570 obtemperat
1627 5510 1679 5554 et
1706 5499 1848 5553 venit
1870 5514 1885 5561 ;
1910 5513 2010 5553 nec

415 5602 754 5658 contumelia:
773 5601 896 5658 loco
918 5598 1079 5654 habet
1097 5595 1241 5666 quod
1269 5604 1489 5649 vocetur
1512 5610 1528 5646 :
1557 5594 1627 5648 ita
1653 5609 1902 5664 magnum
1926 5601 2013 5652 est

419 5695 696 5750 tribulatio
723 5696 946 5760 bonum,
979 5693 1120 5764 quod
1149 5693 1354 5749 animas
1383 5700 1600 5746 nostras
1625 5691 1859 5761 copulet.
1885 5690 2015 5745 Nul-

420 5788 504 5842 lus
533 5787 604 5841 ibi
635 5787 832 5848 luctus.
863 5787 1113 5857 planctus
1141 5785 1346 5842 nullus.
1380 5784 1547 5854 Quam
1571 5801 1686 5839 cum
1715 5785 1968 5838 lavassent
1992 5823 2009 5849 ,

425 5891 698 5949 posuerunt
743 5880 795 5932 in
841 5879 1140 5943 cmuaculo;
1187 5879 1237 5933 id
1283 5888 1394 5944 est,
1443 5877 1621 5932 omnia
1668 5875 1845 5932 l'ecere
1890 5891 2008 5949 qua:

1168 407 1225 466 S.
1263 405 1539 465 JOANNIS
1573 401 2047 464 CHRYSOSTOMI
2089 403 2404 459 ARCIIIEI’.
2446 403 2973 463 CONSTANTINOP.

3593 412 3703 466 168

2091 529 2304 574 tnortno
2335 520 2734 590 competebant.
2782 520 3078 594 Exsurgens
3125 539 3242 579 vero
3291 521 3507 591 Petrus,
3552 529 3700 580 venit

2091 627 2209 664 cum
2239 610 2364 665 illis.
2401 609 2468 664 Et
2510 628 2624 664 eum
2651 613 2958 668 ascendisset
3003 614 3056 668 in
3101 617 3418 670 cenaculum
3443 658 3459 681 ,
3509 619 3699 688 positis

2089 702 2300 774 genibus
2329 705 2492 759 oravit
2515 745 2531 769 ,
2561 714 2609 760 et
2637 723 2905 762 conuersus
2932 707 3000 760 ad
3024 724 3210 773 corpus
3239 710 3368 764 dixit
3393 726 3411 764 :
3437 709 3661 764 Tabitha
3679 755 3695 774 ,

2090 810 2258 865 surge.
2307 793 2423 849 Non
2453 797 2630 849 omnia
2661 798 2925 869 permittit
2956 799 3098 854 Deus
3139 800 3290 870 signa
3331 816 3454 855 cum
3499 802 3694 856 eadem

2091 884 2344 941 facilitate
2387 887 2524 942 ﬁeri.
2572 889 2683 943 Iloc
2720 901 2902 945 autem
2930 891 3036 944 illis
3065 893 3339 962 proderat.
3383 893 3500 949 Non
3549 896 3697 949 enim

2091 985 2297 1034 tantum
2331 981 2561 1037 aliorum
2590 983 2816 1038 salutem
2840 985 3084 1052 curabat,
3114 987 3208 1042 sed
3237 989 3396 1042 etiam
3427 989 3699 1058 ipsorum.

2090 1071 2192 1138 Qui
2219 1087 2351 1142 ergo
2377 1073 2566 1128 umbra
2595 1091 2686 1129 sua
2727 1086 2804 1130 tot
2843 1077 3088 1132 homines
3127 1079 3383 1144 curabat,
3429 1097 3574 1135 nunc
3621 1093 3699 1136 tot

2092 1173 2347 1236 tantaque
2389 1167 2514 1221 facit
2551 1168 2618 1221 ad
2652 1168 2795 1222 illam
2824 1169 3186 1224 excitandam.
3217 1169 3491 1225 Interdum
3531 1175 3694 1228 etiam

2091 1257 2225 1312 ﬁdes
2261 1258 2638 1314 accedentium
2681 1261 3094 1330 cooperabatur.
3127 1261 3275 1317 Ilanc
3305 1279 3437 1333 ergo
3467 1265 3689 1333 primam

2091 1359 2359 1406 mortuam
2401 1353 2664 1417 suscitat,
2697 1353 2916 1408 nomine
2959 1369 3200 1409 vocans:
3250 1371 3370 1425 qute
3400 1357 3572 1426 'qnasi
3615 1373 3679 1411 ex

2089 1456 2280 1498 somno
2304 1444 2703 1514 expergefacta,
2737 1444 2965 1513 primum
2995 1447 3206 1514 aperuit
3240 1446 3431 1500 oculos
3451 1487 3468 1512 ,
3495 1445 3674 1502 deinde

2090 1535 2269 1589 statim
2306 1535 2492 1590 videns
2540 1537 2777 1602 Petrum,
2808 1536 2968 1603 sedit,
3001 1535 3325 1608 demumque
3355 1552 3384 1590 a
3412 1547 3552 1592 tactu
3573 1555 3674 1590 nta-

2090 1643 2191 1681 nus
2224 1626 2488 1682 ﬁrmatur.
2532 1629 2610 1683 Tu
2638 1645 2764 1685 vero
2795 1629 2926 1683 mihi
2952 1629 3155 1684 lucrum
3183 1629 3467 1686 considera
3493 1673 3511 1697 ,
3553 1648 3684 1700 quo-

2092 1721 2254 1774 modo
2287 1721 2478 1780 iterum
2511 1722 2714 1778 fructus
2745 1723 2815 1776 sit
2855 1739 2961 1778 non
2992 1724 3056 1778 ad
3087 1726 3532 1781 ostentationem.
3569 1726 3693 1780 Ideo

2089 1828 2220 1868 sane
2250 1829 2439 1869 omnes
2471 1815 2612 1868 foras
2643 1815 2790 1885 ejicit
2813 1858 2828 1882 ,
2871 1817 2924 1870 in
2958 1817 3062 1871 hoc
3088 1816 3397 1888 Magistrum
3428 1819 3693 1875 imitatus.

2089 1905 2190 1962 Ubi
2221 1908 2365 1962 enim
2395 1908 2649 1978 lacryma:
2675 1918 2804 1963 sunt
2828 1949 2842 1974 ,
2871 1925 2977 1963 non
3006 1919 3220 1980 oportet
3252 1919 3455 1966 tantum
3483 1922 3698 1983 mystc-

2094 1999 2230 2052 rium
2263 1999 2445 2068 perﬁci
2475 2017 2488 2054 :
2522 2001 2630 2054 imo
2659 2000 2752 2056 ubi
2778 2010 2903 2056 sunt
2928 2000 3183 2056 miracula
3203 2042 3224 2070 ,
3252 2017 3359 2058 non
3388 2002 3542 2058 decet
3572 2019 3702 2061 esse

2091 2089 2376 2163 Iaerymas.
2408 2091 2602 2148 Audite
2628 2133 2643 2158 ,
2673 2107 2856 2162 quaeso
2879 2135 2895 2162 ,
2928 2094 3030 2148 etsi
3075 2110 3183 2150 non
3213 2094 3339 2165 quid
3365 2097 3545 2152 simile
3581 2098 3698 2165 jam

2093 2182 2204 2245 Iiat,
2232 2192 2408 2239 tamen
2432 2199 2573 2239 nunc
2595 2184 2756 2239 ctiam
2781 2185 2831 2239 in
2853 2187 3078 2242 mortuis
3099 2202 3350 2257 magnum
3375 2190 3698 2260 mysterium

2090 2272 2389 2343 perﬁcitur.
2441 2275 2534 2330 Dic
2559 2287 2738 2330 autem
2764 2275 2894 2330 mihi
2927 2294 2939 2329 :
2979 2276 3023 2332 si
3052 2278 3207 2333 nobis
3237 2278 3559 2334 sedentibus
3589 2281 3701 2335 Im-

2097 2372 2314 2433 perator
2336 2365 2645 2436 quempiam
2677 2366 2727 2420 in
2756 2367 2956 2437 regiam
2988 2377 3206 2423 vocaret
3230 2411 3245 2435 ,
3274 2384 3340 2424 an
3368 2369 3612 2425 ﬂendum
3643 2383 3703 2428 et

2093 2455 2381 2527 lugendum
2403 2459 2592 2512 esset?
2616 2459 2805 2529 Angeli
2834 2459 3033 2514 adsunt
3060 2459 3128 2516 de
3157 2460 3290 2514 czelo
3317 2461 3467 2517 missi
3492 2504 3508 2527 ,
3539 2461 3696 2518 inde-

2091 2565 2197 2621 que
2243 2553 2523 2606 venientes
2549 2591 2564 2614 ,
2611 2551 2680 2606 ab
2726 2554 2844 2622 ipso
2885 2554 3033 2624 Rege
3057 2554 3238 2617 missi.
3270 2562 3328 2610 ut
3369 2570 3700 2612 conservum

2091 2659 2246 2698 suum
2274 2653 2491 2708 vocent.
2515 2655 2568 2701 et
2595 2655 2648 2701 tu
2677 2647 2890 2717 ploras?
2910 2647 3094 2704 Nescis
3109 2649 3265 2718 quale
3284 2649 3353 2703 sit
3379 2651 3699 2722 mysterium

2091 2735 2221 2791 illud
2244 2778 2260 2800 ,
2291 2752 2452 2808 quam
2485 2737 2812 2793 horrendum
2841 2781 2855 2802 ,
2886 2754 3044 2810 quam
3079 2740 3411 2795 tremendum
3436 2783 3451 2807 ,
3479 2758 3541 2797 ac
3567 2757 3700 2800 vere

2092 2828 2305 2902 hymnis
2331 2831 2632 2902 gaudioque
2661 2831 2880 2900 dignum
2916 2832 2977 2886 ‘?

2164 2923 2218 2977 4.
2244 2923 2336 2976 Vis
2357 2924 2566 2978 discere
2585 2923 2689 2978 hoc
2705 2940 2810 2978 non
2828 2939 2950 2980 esse
2971 2935 3176 2995 tempus
3190 2925 3570 2997 lacrymarum?
3587 2928 3686 2983 Dei

2093 3016 2370 3086 sapientiae
2396 3016 2689 3072 maximum
2708 3015 2811 3071 hoc
2830 3027 2916 3073 est
2933 3019 3267 3089 mysterium.
3290 3018 3479 3074 Anima
3493 3021 3687 3092 quippe

2095 3124 2191 3163 ceu
2214 3108 2435 3163 domum
2456 3109 2762 3180 quampiam
2790 3109 3048 3166 deserens
3073 3151 3088 3176 ,
3116 3111 3288 3181 pergit
3311 3111 3378 3166 ad
3407 3112 3696 3168 Dominum

2095 3215 2249 3256 suum
2276 3219 2290 3265 ;
2321 3211 2376 3257 tu
2401 3218 2532 3258 vero
2561 3203 2711 3274 luges
2733 3203 2887 3259 ?Hoc
2911 3219 3040 3274 ergo
3064 3218 3184 3260 cum
3204 3221 3336 3274 puer
3357 3208 3594 3262 nascitur
3624 3206 3702 3260 fa-

2095 3309 2223 3350 cere
2246 3303 2525 3365 oporteret
2551 3313 2564 3348 :
2597 3311 2719 3350 nam
2749 3295 2837 3351 hic
2862 3307 3045 3366 partus
3068 3297 3160 3352 illo
3187 3297 3377 3352 melior
3392 3308 3495 3353 εει.
3518 3296 3700 3369 Pergit

2095 3389 2239 3443 enim
2258 3387 2324 3442 ad
2342 3387 2498 3442 aliam
2515 3388 3103 3460 Iucem,solvitnrquasi
3115 3405 3180 3445 ex
3199 3389 3424 3444 vinculis
3437 3405 3580 3446 caret
3593 3393 3691 3452 ris,

2099 3481 2249 3550 quasi
2263 3496 2328 3536 ex
2348 3496 2518 3552 agone
2531 3481 2760 3552 quodam
2778 3481 3068 3553 egreditur.
3089 3481 3284 3547 Etiam,
3300 3482 3532 3554 inquies.
3557 3484 3612 3538 id
3636 3487 3694 3538 de

2097 3571 2282 3641 probis
2297 3581 2446 3628 recte
2470 3571 2624 3627 dicis.
2645 3571 2853 3642 thuid
2874 3574 2976 3628 hoc
3001 3573 3070 3628 ad
3096 3582 3168 3637 te,
3193 3587 3226 3628 ο
3258 3573 3457 3627 homo?
3480 3555 3701 3629 tu'enim

2097 3679 2221 3734 erga
2236 3664 2431 3735 probos
2448 3679 2554 3720 non
2573 3663 2676 3719 hoc
2691 3665 2932 3734 agis.Dic
2947 3679 3076 3720 vero
3093 3665 3245 3732 mihi,
3262 3663 3388 3735 quid
3407 3665 3457 3719 in
3477 3682 3538 3735 pa
3547 3683 3606 3719 rv
3615 3668 3704 3720 nlo

2099 3754 2304 3811 infante
2335 3749 2839 3825 reprehendendum
2869 3755 3077 3811 babes?
3107 3772 3203 3812 cur
3231 3757 3380 3828 luges
3408 3758 3580 3811 illum?
3602 3774 3706 3812 cur

2099 3861 2291 3902 recens
2325 3847 2682 3903 illuminatum
2705 3848 2729 3902 ?
2756 3863 2880 3902 nam
2910 3859 2965 3904 et
2993 3848 3084 3904 ille
3107 3847 3349 3918 ejusdem
3375 3849 3703 3904 conditionis

2101 3949 2204 3992 est.
2229 3939 2337 3993 (Zur
2365 3954 2494 4009 ergo
2525 3939 2676 4010 luges
2707 3939 2856 3993 illum
2878 3939 2904 3993 τ
2936 3939 3113 3995 nescis
3139 3939 3283 4009 quod
3315 3941 3455 3995 sicut
3479 3940 3554 3994 sol
3585 3955 3693 4010 pn-

2101 4045 2194 4086 rus
2225 4030 2487 4094 ascendit,
2519 4032 2589 4084 ita
2619 4038 2674 4085 et
2701 4031 2881 4084 anima
2909 4046 3030 4085 cum
3060 4032 3195 4085 bona
3224 4032 3546 4087 conscientia
3570 4045 3695 4084 cor-

2103 4139 2201 4194 pus
2227 4124 2561 4193 relinquens,
2591 4123 2877 4192 splendide
2905 4123 3114 4194 fulget?
3144 4123 3262 4179 Non
3295 4140 3420 4179 cum
3449 4134 3590 4179 tanto
3617 4126 3696 4178 si-

2103 4215 2271 4270 lentio
2310 4215 2496 4270 videas
2541 4214 2925 4285 Imperatorem
2972 4216 3278 4272 venientem
3321 4217 3372 4272 in
3401 4219 3694 4281 civitatem,

2106 4317 2308 4377 quanto
2336 4308 2568 4362 animam
2593 4322 2795 4378 corpus
2819 4308 3236 4379 relinquentem,
3263 4318 3317 4364 et
3346 4325 3466 4363 cum
3495 4311 3701 4380 angels

2103 4404 2410 4458 abeuntem.
2439 4403 2622 4474 Cogita
2645 4419 2763 4472 quae
2789 4403 2859 4457 sit
2881 4411 3006 4457 tunc
3026 4404 3225 4469 anima,
3251 4403 3300 4456 in
3326 4419 3432 4473 quo
3455 4415 3698 4472 stupore,

2107 4499 2158 4552 in
2187 4513 2292 4568 qua
2318 4497 2700 4564 admiratione,
2729 4497 2780 4550 in
2810 4511 2914 4567 qua
2942 4496 3234 4566 voluptate.
3282 4495 3391 4551 Cur
3414 4538 3430 4564 ,
3474 4512 3661 4566 quatso
3684 4538 3699 4560 ,

2105 4591 2296 4660 luges?
2323 4606 2447 4645 num
2470 4590 2522 4644 in
2547 4590 2918 4658 peccatoribus
2941 4599 3145 4644 tantum
3169 4589 3271 4644 hoc
3292 4589 3418 4645 facis
3439 4590 3463 4643 ?
3487 4584 3700 4645 Utinam

2107 4684 2186 4737 sic
2212 4692 2374 4743 esset.
2410 4697 2515 4736 non
2544 4683 2744 4736 luctum
2774 4681 3115 4751 prohiberem
3142 4699 3155 4734 :
3182 4683 3384 4736 utinam
3415 4681 3532 4736 talis
3559 4693 3705 4735 ess-t

2108 4773 2334 4848 scapus!
2357 4775 2453 4828 Hic
2482 4776 2654 4828 luctus
2682 4775 3011 4844 apostolicus
3031 4815 3044 4838 ,
3075 4773 3161 4828 hic
3191 4776 3351 4828 etiam
3397 4775 3704 4829 Dominicns

2109 4877 2193 4922 est
2225 4885 2239 4920 :
2287 4866 2517 4937 ploravit
2559 4867 2702 4922 enim
2743 4865 2898 4922 Jesus
2926 4866 3336 4938 Jerosolymam.
3368 4867 3570 4922 Vellem
3604 4868 3704 4925 hac

2111 4961 2228 5032 lege
2259 4960 2491 5014 discerni
2527 4959 2720 5015 luctus.
2759 4959 2985 5027 Quando
3019 4969 3196 5013 autem
3230 4969 3509 5016 revocatus
3540 4962 3703 5016 verba

2110 5053 2400 5120 obtendis,
2451 5053 2924 5118 consuetudinem,
2957 5069 3177 5117 curam;
3211 5069 3318 5107 non
3346 5069 3407 5108 ea
3440 5054 3506 5108 de
3541 5069 3703 5110 causa

2113 5146 2264 5217 luges
2285 5185 2304 5211 ,
2336 5143 2428 5199 sed
2457 5145 2734 5199 obtentum
2767 5145 2993 5213 profers.
3039 5144 3186 5216 Luge
3229 5155 3565 5216 peccatorem
3590 5185 3609 5212 ,
3653 5158 3705 5201 rt

2112 5256 2212 5311 ego
2256 5240 2522 5311 Iacrym-as
2553 5239 2806 5304 fundam;
2852 5239 2960 5294 imo
3003 5249 3151 5294 tanto
3193 5243 3364 5313 magis
3405 5256 3563 5312 quam
3603 5252 3658 5296 tu
3687 5286 3701 5308 ,

2113 5315 2315 5401 quanto
2344 5332 2549 5401 majore
2581 5332 2670 5387 ille
2701 5331 2965 5402 supplicio
2993 5333 3253 5388 obnoxius
3279 5345 3362 5389 est
3399 5354 3412 5390 :
3442 5349 3544 5406 ego
3569 5352 3704 5406 quo-

2114 5438 2220 5492 que
2260 5421 2405 5477 hunc
2449 5421 2653 5478 habens
2681 5437 2946 5491 scopum,
2979 5424 3188 5494 lugebo.
3223 5425 3408 5481 Talem
3437 5436 3704 5483 mortuum

2118 5530 2224 5570 non
2268 5524 2319 5569 te
2347 5513 2516 5569 solum
2543 5557 2560 5582 ,
2602 5515 2697 5570 sed
2745 5525 2908 5569 totam
2940 5515 3213 5570 civitatem
3247 5517 3427 5587 lugere
3454 5528 3705 5589 oportet,

2117 5623 2325 5664 necnon
2353 5623 2545 5663 omnes
2573 5617 2952 5671 occurrentes,
2983 5624 3174 5676 nempe
3201 5610 3350 5677 quasi
3378 5623 3493 5672 eos,
3522 5613 3610 5678 qni
3640 5611 3708 5667 ad

2119 5713 2346 5757 mortem
2374 5701 2664 5757 duvunltlr.
2695 5701 2834 5756 Vere
2868 5717 3098 5772 namque
3129 5701 3242 5755 Inrc
3268 5702 3406 5757 mala
3435 5717 3579 5757 mors
3605 5711 3711 5769 est,

2120 5810 2266 5850 mors
2297 5805 2663 5866 peccatorum.
2691 5791 2799 5849 Sed
2829 5809 2916 5849 res
2936 5808 3027 5848 sus
3052 5795 3226 5863 deque
3255 5810 3421 5848 versa!
3448 5802 3588 5848 sunt.
3615 5794 3712 5851 llic

2209 5888 2225 5918 ι
2264 5893 2391 5934 tinus
2413 5885 2526 5936 Cod.
2557 5886 2723 5944 habet,
2751 5884 2945 5949 hymnis
2966 5885 3284 5945 laudibusque
3308 5885 3530 5950 dignum.
