3946 6452
84 450 107 495 6

104 572 129 603 Ἦ

230 402 310 459 ὶθἹ
1323 409 1389 466 ΙΝ
1434 411 1611 466 ACTA
1651 408 2193 467 APOSTOLORUM.
2236 414 2468 472 HOMIL.
2511 417 2652 473 XXI.

295 528 365 597 γ’.
397 525 556 595 Ὅρα
589 526 662 581 τὸ
696 527 919 596 ἄτυφον
947 526 1036 581 τοῦ
1068 527 1272 595 Πέτρου
1299 528 1392 580 καὶ
1426 527 1485 581 τὸ
1522 527 1784 591 ἐπιεικὲς,
1819 525 1937 589 πῶς

114 658 150 693 ,π
250 618 307 673 οὐ
338 615 486 689 περὶ
514 614 705 685 ταύτῃ
747 615 906 684 μένει
929 656 943 678 ,
971 615 1088 668 οὐδέ
1119 614 1269 684 παρὰ
1301 614 1447 685 ἄλλῳ
1473 615 1584 667 τινὶ
1600 614 1711 666 τῶν
1741 612 1936 683 ἐπισή-

104 750 131 787 *ι

82 842 121 879 ἐξ·

253 724 382 776 μων,
410 702 553 755 ἀλλά
573 702 742 772 παρά
776 702 986 774 βυρσεῖ’
1014 699 1103 755 διὰ
1163 703 1380 755 πάντων
1441 703 1521 764 εἰς
1575 716 1934 769 ταπεινοφρο-

251 792 411 861 σύνην
470 790 717 857 ἐνάγων.
786 790 883 843 καὶ
933 787 1054 842 οὔτε
1110 789 1235 847 τοὺς
1289 787 1526 850 εὐτελεῖς
1585 786 1935 858 αἰσχύνεσθα.

255 881 449 948 ἀφιεὶς,
487 891 514 919 ι
552 877 682 930 οὐτε
730 878 862 941 τοὺς
923 876 1190 945 μεγάλους
1236 874 1595 946 ἐπαίρεσθαι·
1635 874 1695 938 ὃς
1726 875 1821 927 καὶ
1848 873 1936 927 διὰ

257 967 404 1020 τοῦτο
452 966 651 1035 ἔκρινε
702 964 949 1028 διελθεῖν,
989 964 1177 1033 ἐπειδὴ
1233 963 1335 1031 τῆς
1389 961 1554 1015 αὐτοῦ
1587 961 1935 1023 διδασκαλίας

260 1055 467 1108 ἐδέοντο
519 1055 573 1107 οἰ
630 1052 1046 1113 πιστεύσαντες.
1099 1051 1330 1120 Ἴδωμεν
1392 1049 1572 1102 τοίνυν
1625 1047 1832 1102 ἄνωθεν
1867 1049 1934 1101 τά

258 1141 550 1212 “Paphu-
600 1139 930 1207 Ἐπειρᾶτο,
969 1139 1134 1208 φησὶ,
1187 1135 1526 1193 κολλᾶσθαι
1569 1136 1694 1201 τοῖς
1742 1139 1934 1205 μαθη-

254 1230 406 1296 ταῖς.
435 1230 560 1282 Οὐκ
595 1227 967 1297 ἀναισχύντως
991 1225 1313 1295 προσῆλθεν,
1342 1224 1455 1278 ἀλλ’
1489 1225 1932 1293 ὑπεσταλμένως.

246 1317 529 1389 Μαθητὰς
572 1317 634 1369 δέ
657 1315 833 1379 καλεῖ,
873 1314 966 1367 καὶ
1018 1314 1144 1375 τοὺς
1182 1311 1256 1383 μὴ
1296 1311 1584 1375 τελοῦντας
1615 1313 1694 1376 είς
1718 1312 1809 1364 τὸν
1845 1329 1936 1381 χο-

245 1407 351 1476 ρὸν
415 1405 533 1458 τῶν
584 1403 827 1457 δώδεκα·
888 1401 1022 1454 διότι
1076 1400 1315 1470 μαθηταὶ
1386 1399 1588 1462 πάντες
1645 1399 1937 1453 ἐκαλοῦντο

241 1493 378 1546 τότε
411 1492 507 1545 διὰ
533 1491 636 1561 τὴν
667 1489 865 1561 πολλὴν
901 1489 1102 1559 ἀρετήν
1127 1504 1140 1517 '
1171 1485 1240 1559 ἦν
1261 1486 1370 1559 γὰρ
1396 1489 1429 1557 ἡ
1467 1488 1633 1540 εἰκὼν
1670 1487 1779 1540 τῶν
1833 1506 1936 1557 μα-

246 1579 455 1649 θητῶν
498 1578 650 1648 δήλη.
716 1576 823 1629 Καὶ
867 1574 1089 1640 πάντες
1138 1575 1466 1644 ἐφοϐοῦντο
1510 1574 1717 1641 αὐτὸν,
1752 1575 1933 1645 φησίν.

257 1667 447 1737 Ὅρα,
486 1668 590 1728 πῶς
625 1664 917 1733 ἐφοϐοῦντο
955 1663 1080 1725 τοὺς
1123 1660 1399 1724 κινδύνους
1421 1704 1435 1725 ,
1471 1660 1590 1724 πῶς
1616 1661 1697 1713 ἔτι
1731 1661 1791 1714 τὸ
1820 1661 1937 1724 δέος

267 1754 566 1823 ινήκμαζε.
589 1750 903 1819 Βαρνάϐας
932 1748 1000 1802 δὲ
1030 1748 1461 1816 ἐπιλαϐόμενος
1509 1747 1723 1809 αὑτοῦ.
1752 1747 1938 1817 ἤγαγε

261 1838 422 1908 πρὸς
450 1838 589 1903 τοὺς
619 1837 1018 1901 ἀποστόλους,
1052 1834 1150 1889 καί
1177 1832 1510 1902 διηγήσατο
1533 1832 1755 1899 αὐτοῖς.
1781 1832 1938 1901 Ἐμοὶ
1968 1881 1976 1890 .

249 1926 413 1978 δοκεῖ
444 1928 477 1978 ὁ
506 1924 790 1995 Βαρνάϐας
853 1922 1058 1977 ἀνωθεν
1112 1923 1262 1993 αὐτῷ
1314 1921 1454 1978 εἶναι
1500 1922 1652 1993 φίλος
1674 1940 1688 1954 ’
1736 1922 1816 1976 διὸ
1845 1922 1938 1976 καὶ

244 2014 442 2066 πάντα
479 2013 751 2081 διηγεῖται
776 2011 846 2064 τὰ
875 2011 996 2063 κατ’
1031 2010 1215 2065 αὐτόν.
1238 2012 1405 2064 Οὐδὲν
1428 2011 1485 2065 δέ
1513 2011 1716 2064 τούτων
1777 2008 1937 2072 αὐτὸς

238 2100 408 2167 λέγει
434 2117 449 2129 ·
493 2094 648 2169 οἶμαι
678 2099 755 2161 δέ,
778 2099 860 2151 ὃτι
893 2098 986 2152 καὶ
1004 2098 1084 2161 εἰς
1108 2099 1236 2159 τοὺς
1267 2097 1462 2160 ἄλλους
1491 2098 1589 2151 οὐκ
1617 2097 1683 2150 ἂν
1711 2095 1936 2167 ἐξήνεγ-

238 2202 352 2240 κεν
388 2185 645 2255 ὕστερον,
704 2186 751 2235 εἰ
815 2185 889 2253 μή
937 2200 1021 2245 τις
1064 2182 1278 2252 ἀνάγκη
1328 2182 1551 2250 γέγονεν
1603 2181 1773 2252 αὐτῷ.
1827 2181 1936 2239 Kal

236 2269 333 2343 ἦν
359 2274 492 2341 μετ,
554 2271 753 2326 αὐτῶν
797 2271 1295 2339 διαπορευόμενος
1346 2272 1428 2336 εις
1500 2270 1898 2338 Ἰερουσαλὴμ
1920 2308 1934 2331 ο

240 2362 353 2415 καὶ
401 2358 960 2429 παρρησιαζόμενος
1011 2362 1081 2412 ἐν
1131 2356 1212 2423 τῷ
1255 2359 1496 2426 ὀνόματι
1555 2357 1663 2411 τοῦ
1714 2358 1938 2425 Κυρίου

255 2449 506 2516 Ἰησοῦ.
540 2446 711 2499 Τοῦτο
737 2446 763 2486 1³
794 2446 1020 2509 καὶτοῖς
1050 2444 1231 2508 ἄλλοις
1258 2444 1427 2499 ἐδίδου
1474 2444 1716 2515 θαρρεῖν.
1774 2444 1939 2513 Ὁρᾷς

244 2537 355 2591 καὶ
384 2537 513 2587 ἐκεῖ
544 2535 642 2587 καὶ
672 2532 906 2585 ἐνταῦθα
931 2534 1056 2595 τοὺς
1080 2531 1274 2595 ἄλλους
1304 2531 1808 2602 προμηθουμένους,
1844 2531 1939 2583 καὶ

246 2617 778 2681 κατασκευάζοντας
830 2617 970 2671 ὥστε
1024 2616 1187 2670 αὐτὸν
1245 2617 1521 2683 ἀπελθεῖν,
1556 2618 1650 2670 καὶ
1698 2616 1937 2685 οὐδαμοῦ

248 2708 399 2769 τέως
426 2705 776 2759 ἀπολαύοντα
807 2704 969 2758 αὐτὸν
997 2703 1145 2767 Θείας
1176 2702 1386 2774 ῥοπῆςς
1419 2702 1577 2757 Οὕτω
1607 2702 1737 2772 γοῦν
1773 2701 1937 2756 αὐτοῦ

249 2795 543 2847 δείκνυται
600 2794 691 2845 καὶ
739 2793 801 2845 τὸ
855 2790 1102 2860 σφοδρόν.
1133 2791 1295 2844 Ὥστε
1329 2790 1390 2844 οὐ
1420 2789 1509 2843 διὰ
1534 2791 1637 2861 γῆς
1681 2792 1806 2861 ἐμοὶ
1850 2790 1937 2843 δο-

252 2884 347 2934 κεῖ
389 2880 499 2951 τὴν
545 2878 774 2950 πορείαν
807 2878 970 2932 αὐτὸν
1002 2877 1290 2941 ποιεῖσθαι,
1325 2877 1458 2930 ἀλλά
1492 2878 1586 2932 καὶ
1623 2877 1775 2931 ἐπλει
1827 2878 1938 2931 λοι-

254 2969 384 3021 πόν.
417 2968 535 3021 Καὶ
571 2966 731 3020 τοῦτο
755 2966 814 3020 δὲ
866 2965 1219 3036 οἰκονομικῶς
1256 2966 1483 3032 γίνεται,
1520 2968 1601 3029 εἰς
1662 2967 1722 3019 τὸ
1778 2965 1939 3019 αὐτὸν

252 3057 359 3109 καὶ
387 3058 512 3110 ἐκεῖ
543 3054 803 3125 κηρῦξαι.
844 3054 988 3124 Ἀρα
1017 3053 1110 3107 καὶ
1139 3053 1195 3106 αἰ
1224 3052 1509 3109 ἐπιϐουλαὶ
1536 3053 1678 3123 ὑπὲρ
1736 3053 1938 3116 αὐτῶν,

256 3147 360 3199 καὶ
390 3145 454 3198 τὸ
477 3146 562 3207 εἰς
605 3143 952 3215 Ἱεροσόλυμα
991 3142 1164 3197 ἐλθεῖν
1212 3143 1589 3213 οἰκονομικῶς,
1619 3144 1706 3198 ἵνα
1743 3145 1939 3214 μηκέτι

256 3232 572 3300 ἀπιστῆται
602 3231 672 3284 τά
698 3230 816 3284 κατ’
863 3230 1046 3284 αὐτόν.
1100 3229 1341 3284 Ἐλάλει
1376 3246 1441 3283 τε
1485 3230 1584 3282 καὶ
1630 3229 1940 3295 συνεζήτει

258 3319 415 3387 πρὸς
441 3318 593 3382 τοὺς
630 3316 1047 3385 Ἑλληνιστάς.
1093 3316 1208 3371 ’Καὶ
1257 3312 1443 3386 εἶχον,
1476 3316 1668 3387 φησὶν,
1693 3315 1940 3384 εἰρήνην

258 3410 325 3461 αἱ
362 3406 747 3471 Ἑκκλησίαι,
785 3403 1271 3473 οἰκοδομούμεναι
1301 3405 1401 3458 καί
1433 3404 1826 3473 πορευόμεναι
1860 3402 1941 3468 τῷ

260 3495 427 3566 φόϐῳ
451 3493 566 3548 τοῦ
596 3493 846 3560 Κιερίοιγ
874 3493 1168 3557 τουτέστιν,
1203 3491 1446 3564 ηὔξησαν
1481 3494 1576 3547 καὶ
1634 3492 1734 3563 τὴν
1784 3493 1939 3564 εἰρή-

265 3599 364 3651 νην
413 3579 593 3651 αὐτὴν
639 3579 812 3647 δήπου
873 3579 1011 3650 πρὸς
1055 3580 1274 3650 ἑαυτὴν,
1324 3578 1425 3649 τὴν
1472 3579 1641 3643 ὅντως
1695 3582 1936 3651 εἰρήνην.

265 3665 545 3726 Εἰκότως·
582 3663 789 3732 σφόδρα
839 3665 950 3733 γὰρ
998 3663 1193 3726 αὐτοὺς
1248 3663 1276 3714 6
1320 3663 1555 3732 πόλεμος
1606 3663 1885 3716 ἐκάκωσεν
1913 3665 1941 3716 6

260 3754 490 3820 εξωθεν.
535 3752 648 3807 Καὶ
693 3750 769 3818 τῇ
800 3749 1178 3817 παρακλήσει
1226 3749 1334 3803 τοῦ
1376 3751 1547 3820 ἁγίου
1594 3751 1941 3817 Πνεύματος

258 3840 707 3908 ἑπληθύνοντο.
734 3837 1043 3908 Παρεκάλει
1075 3837 1274 3900 αὐτοὺς
1300 3847 1322 3876 ο
1359 3836 1423 3889 τὸ
1480 3834 1704 3906 Πνεῦμα
1732 3836 1827 3889 καὶ
1851 3836 1942 3890 διὰ

262 3928 375 3979 τῶν
401 3926 722 3996 θαυμάτων,
752 3926 849 3978 καὶ
880 3923 968 3977 διὰ
997 3923 1106 3977 τῶν
1134 3922 1313 3995 ἔργων
1333 3935 1348 3949 ‘
1381 3925 1476 3977 καὶ
1505 3922 1674 3993 χωρὶς
1717 3923 1776 3976 δέ
1816 3924 1942 3975 τού-

263 4033 395 4074 των.
449 4014 548 4067 καὶ
596 4011 718 4065 καθ’
773 4011 962 4065 ἐαυτὸν
1011 4011 1256 4067 ἕκαστον.
1308 4010 1568 4078 Ἐγένετο
1612 4009 1680 4062 δὲ
1718 4010 1944 4078 Πέτρον

263 4101 660 4171 διερχόμενον
706 4098 1017 4153 κατελθεῖν
1059 4097 1210 4165 πρὸς
1238 4096 1499 4151 Λύδδαν.
1546 4092 1700 4167 Εὗρε
1726 4097 1794 4150 δὲ
1819 4098 1950 4151 ἐκεῖ

263 4192 592 4260 ἄνθρωπον
635 4186 1095 4254 κατακείμενον,
1148 4184 1248 4238 καὶ
1292 4180 1465 4238 εἶπεν
1514 4183 1704 4250 αὐτῷ·
1741 4183 1941 4248 Αίνέα,

266 4278 429 4332 ἰᾶταί
456 4292 533 4330 σε
570 4273 858 4340 Ἰησοῦς-ό
884 4271 1153 4339 Χριστός.
1181 4269 1333 4343 [175]
1364 4271 1477 4324 Οὐκ
1499 4270 1942 4340 ἐπιδεικνυμένου

262 4365 327 4419 τὸ
361 4364 543 4435 ῥῆμα,
574 4360 708 4414 ἀλλά
731 4358 1070 4431 θαρροῦντος
1098 4358 1181 4410 ὅτι
1228 4356 1402 4410 ἐσται.
1446 4358 1599 4427 Ἐμοὶ
1647 4358 1704 4411 δὲ
1739 4359 1943 4428 σφόδρα

262 4454 437 4514 δοκεῖ,
468 4452 554 4503 ὅτι
577 4447 754 4516 τούτῳ
786 4446 1075 4500 ἐπίστευσε
1105 4443 1183 4513 τῷ
1204 4444 1412 4513 ῥήματι
1438 4444 1467 4497 6
1521 4443 1788 4508 ἀσθενῶν,
1848 4447 1943 4498 καὶ

262 4539 497 4607 γέγονεν
527 4535 708 4605 ὑγιής.
739 4524 862 4588 ’Ότι
896 4533 953 4587 δὲ
986 4535 1212 4600 ἄτυφος,
1252 4531 1347 4584 καὶ
1382 4533 1447 4583 ἐκ
1468 4531 1577 4583 τῶν
1600 4531 1729 4602 ἐξῆς
1758 4532 1940 4604 δῆλον.

264 4628 343 4680 Οὐ
371 4623 487 4695 γὰρ
508 4618 686 4676 εἶπεν·
735 4621 825 4674 Ἐν
855 4618 935 4690 τῷ
955 4618 1178 4689 ὀνόματι
1219 4618 1395 4689 Ἰησοῦ
1422 4633 1435 4647 '
1469 4619 1585 4672 ἀλλ’
1612 4619 1688 4682 ὡς
1719 4623 1943 4691 σημεῖον

273 4713 476 4783 μᾶλλον
510 4709 644 4763 αὐτὸ
657 4709 945 4780 διηγεῖται.
968 4704 1150 4761 Εἶδον
1169 4706 1237 4760 δὲ
1266 4710 1319 4761 ot
1342 4706 1766 4772 κατοικοῦντες
1786 4709 1941 4761 Λύδ-

275 4799 409 4862 δαν,
442 4796 546 4850 καί
577 4793 1062 4863 ἐπέστρεψανέπί
1088 4796 1327 4860 Κύριον.
1360 4795 1502 4865 Ἀρα
1518 4794 1579 4847 οὐ
1610 4793 1790 4864 μάτην
1822 4795 1939 4847 ἔλε-

281 4900 401 4955 γον,
432 4885 509 4936 ὅτι
543 4886 624 4946 εἰς
659 4881 720 4935 τὸ
772 4884 956 4934 πεῖσαι
1010 4881 1105 4935 καὶ
1145 4881 1524 4949 παρακαλέσαι
1566 4880 1636 4934 τὰ
1687 4881 1940 4952 θαύματα

289 4969 531 5024 ἐτελεῖτο.
565 4969 667 5023 Ἐν
699 4968 911 5035 Ἰόππῃ
941 4966 1009 5019 δέ
1033 4984 1123 5033 τις
1150 4963 1230 5037 ἦν
1236 4966 1555 5037 μαθήτρια,
1581 4968 1766 5038 φησὶν,
1806 4969 1941 5023 ὀνό-

287 5071 435 5124 ματι
459 5055 693 5123 Ταόηθὰ.
730 5054 997 5123 Ἐγένετο
1023 5053 1091 5107 δὲ
1111 5054 1182 5109 ἐν
1208 5054 1338 5121 ταῖς
1392 5056 1638 5124 ἡμέραις
1680 5057 1941 5122 ἐκείναις

284 5140 714 5207 ἀσθενήσασαν
735 5140 932 5209 αὐτὴν
955 5140 1303 5196 ἀποθανεῖν.
1357 5137 1512 5206 Εἶδες
1543 5141 1820 5213 πανταχοῦ
1872 5144 1941 5197 τὰ

276 5233 482 5301 σημεῖα
536 5230 997 5300 γινόμενα;’οὐχ
1045 5230 1235 5292 ἁπλῶς
1290 5231 1560 5291 ἀπέθανεν
1610 5234 1644 5302 ἡ
1691 5233 1937 5303 Ταϐηθά,

266 5320 389 5372 ἀλλ’
416 5319 476 5369 ἐν
508 5317 794 5388 ἀρρωστίᾳ
822 5316 1111 5386 γενομένη.
1147 5317 1238 5370 Διὸ
1289 5317 1383 5371 καὶ
1436 5319 1495 5372 οὐ
1556 5318 1778 5372 καλοῦσι
1838 5321 1942 5374 Πέ-

268 5424 418 5475 τρον,
448 5405 556 5467 ἓως
606 5405 696 5457 ὅτε
737 5403 1106 5473 ἐτελεύτησεν.
1148 5404 1545 5469 Ἀκούσαντες
1572 5404 1640 5457 δὲ
1668 5408 1943 5475 011.:an-

267 5494 384 5553 ταὶ,
407 5492 782 5546 ἀπέστειλαν
801 5491 1386 5562 παρακαλοῦντεςμὴ
1399 5491 1659 5560 ὀκνῆσαι
1686 5493 1945 5547 διελθεῖν

269 5580 378 5643 ἓως
406 5577 627 5633 αὐτῶν.
657 5578 818 5647 Ὅρα,
845 5578 911 5630 δι’
952 5578 1154 5649 ἐτέρων
1187 5580 1463 5649 πέμπουσι
1515 5580 1609 5632 καὶ
1668 5578 1941 5633 καλοῦσιν.

282 5663 338 5716 '0
369 5664 427 5716 δὲ
452 5663 702 5717 πείθεται
734 5666 827 5717 καὶ
850 5665 998 5735 ἥκει,
1032 5667 1133 5734 οὐχ
1154 5663 1312 5736 ὕϐριν
1339 5665 1400 5718 τὸ
1419 5666 1652 5736 πρᾶγμα
1684 5664 1943 5735 νομίζων,

332 5804 353 5867 ξ
394 5805 486 5853 Hic
529 5818 732 5867 quoque
778 5819 905 5853 unus
957 5808 1111 5855 codex
1163 5804 1453 5856 varietalum
1493 5807 1665 5854 silvam
1698 5804 1943 5867 iexhibet.

284 5864 491 5929 §\'ulg.
547 5864 700 5929 οὕτω.
758 5867 1049 5917 Lcclionem
1112 5874 1326 5917 nostram
1400 5870 1608 5929 ﬁrmant,
1683 5866 1944 5919 Commeh

282 5925 423 5976 Savil.
442 5925 506 5976 Et
527 5928 676 5977 codd.
720 5929 854 5977 Εοιτ.
922 5930 944 5960 τ
971 5930 1068 5978 Alii
1095 5930 1351 5993 παρεκάλει
1383 5931 1434 5977 δὲ
1468 5928 1653 5984 αὐτούς.

678 6028 958 6089 ΡΑτιιοιι.
1006 6030 1123 6091 Gn.
1184 6031 1314 6091 LX.

3612 421 3709 480 «οε

2041 532 2104 582 τὸ
2129 531 2425 602 κληθῆναι·
2458 534 2601 588 οὕτω
2647 535 2791 605 μέγα
2817 536 2850 606 ἡ
2879 534 3055 605 θλῖψις
3104 538 3339 607 ἀγαθόν’
3376 540 3533 595 τοῦτο
3581 560 3711 613 συγ-

2042 620 2225 685 κροτεί
2253 619 2350 682 τὰς
2376 620 2651 692 ἡμετέρας
2680 621 2878 690 ψυχάς.
2908 623 3159 692 Οὐδαμοῦ
3202 624 3431 687 κοπετὸς
3460 627 3597 692 ἐκεῖ,
3621 629 3713 682 οὐ-

2038 701 2209 770 δαμοῦ
2240 704 2457 774 θρῆνος.
2487 707 2835 772 Λούσαντες
2867 706 3082 775 αὐτὴν,
3136 710 3322 779 φησὶν,
3367 711 3597 779 ἔθηκαν
3645 714 3716 768 έν

2036 788 2311 855 ὑπερῴῳ·
2364 791 2629 853 τουτέστι.
2688 792 2757 845 τά
2814 794 2908 846 ἐπὶ
2963 794 3143 865 νεκρῷ
3194 798 3371 852 πάντα
3427 800 3710 870 ἐποίησαν.

2048 879 2334 945 Ἀναστὰς
2359 880 2427 934 δὲ
2457 880 2677 949 Πέτρος
2702 882 3018 950 συνῆλθεν
3045 884 3269 950 αὐτοῖς.
3310 886 3421 940 Kal
3442 888 3714 943 ἀνελθὼν

2032 967 2122 1029 εἰς
2168 967 2235 1020 τὸ
2290 967 2583 1037 ὑπερῷον,
2636 970 2762 1034 θεὶς
2794 970 2864 1023 τὰ
2906 973 3130 1039 γόνατα
3171 974 3580 1041 προσηύξατο,
3611 977 3713 1031 καί

2033 1052 2401 1122 ἐπιστρέψας
2430 1057 2581 1123 πρὸς
2594 1056 2658 1109 τὸ
2671 1055 2846 1124 σῶμα
2876 1053 3068 1111 εἶπεν·
3108 1059 3367 1127 Ταϐηθὰ,
3393 1062 3710 1130 ἀνάστηθι.

2035 1138 2109 1189 Οὐ
2143 1140 2322 1192 πάντα
2353 1143 2629 1211 συγχωρεῖ
2671 1142 2700 1194 6
2733 1142 2866 1205 Θεὸς
2922 1142 3059 1213 μετά
3105 1145 3204 1213 τῆς
3248 1146 3421 1215 αὐτῆς
3465 1147 3714 1211 εὐκολίας

2031 1224 2101 1277 τά
2135 1230 2338 1295 σημεῖα
2378 1228 2702 1298 ἐργάζεσθαι
2730 1230 2781 1283 ά.
2820 1230 2988 1284 Τοῦτο
3020 1232 3075 1284 δὲ
3108 1234 3307 1296 αὐτοὺς
3357 1235 3579 1304 ὠφέλει.
3637 1238 3711 1290 οὐ

2033 1311 2142 1381 γὰρ
2171 1311 2234 1381 δὴ
2264 1314 2422 1384 μόνον
2451 1315 2548 1384 τῆς
2575 1316 2687 1367 τῶν
2717 1316 2898 1370 ἀλλων
2931 1318 3215 1389 ἐφρόντιζε
3250 1321 3547 1390 σωτηρίας,
3576 1323 3716 1376 ἀλλὰ

2034 1398 2129 1449 καὶ
2154 1400 2255 1470 τῆς
2284 1400 2485 1453 αὐτῶν.
2535 1400 2591 1453 ’0
2625 1400 2756 1468 γοῦν
2781 1404 2847 1471 τῇ
2882 1405 3012 1473 σκιᾷ
3041 1405 3331 1466 τοσούτους
3367 1406 3712 1478 θεραπεύων,

2033 1486 2127 1540 νῦν
2156 1487 2392 1540 τοσαῦτα
2416 1487 2552 1558 πρὸς
2580 1487 2642 1540 τὸ
2667 1488 3030 1559 ἐξαναστῆσαι
3056 1494 3216 1545 ποιεῖ.
3255 1494 3411 1547 Ἐστι
3464 1495 3521 1548 δὲ
3577 1498 3710 1552 ὅπου

2034 1574 2128 1625 καὶ
2172 1573 2206 1642 ἡ
2250 1573 2432 1636 πίστις
2484 1573 2593 1625 τῶν
2654 1576 2987 1644 προσιόντων
3035 1579 3318 1648 συνήργει.
3352 1580 3572 1653 Ταύτην
3617 1581 3711 1638 οὖν

2033 1658 2258 1730 πρώτην
2293 1660 2492 1730 νεκράν
2524 1659 2798 1732 ἀνίστησι,
2827 1662 3009 1715 καλῶν
3073 1663 3134 1727 ἐξ
3188 1665 3456 1737 ὀνόματος
3480 1686 3493 1699 ·
3531 1669 3565 1740 ἢ
3618 1674 3713 1724 καὶ

2033 1745 2223 1819 ὥσπερ
2250 1745 2310 1810 ἐξ
2334 1745 2505 1800 ὐπνου
2527 1747 2837 1818 ἐγερθεῖσα,
2868 1749 3085 1820 πρῶτον
3116 1752 3299 1821 ἤνοιξε
3330 1756 3459 1818 τοὺς
3507 1756 3714 1826 ὀφθαλ-

2038 1833 2192 1903 μοὺς,
2225 1829 2347 1886 εἶτα
2379 1834 2541 1897 εὐθὺς
2591 1833 2777 1888 ἰδοῦσα
2832 1836 2923 1888 τὸν
2990 1837 3197 1909 Πέτρον
3249 1841 3562 1907 ἀνεκάθισε,
3618 1845 3713 1898 καὶ

2033 1920 2341 1973 τελευταῖον
2364 1920 2474 1974 ἀπὸ
2501 1922 2597 1991 τῆς
2623 1922 2807 1993 χειρὸς
2827 1924 2927 1993 τῆς
2949 1924 3096 1994 ἁφῆς
3154 1928 3493 1998 στερεοῦται.
3538 1932 3612 1985 Σὺ
3650 1933 3710 1985 δέ

2038 2020 2130 2075 μοι
2178 2004 2395 2069 σκόπει,
2453 2004 2515 2057 τὸ
2566 2006 2752 2076 κέρδος
2797 2006 2914 2070 πῶς
2968 2009 3130 2063 πάλιν
3173 2012 3267 2063 καὶ
3298 2011 3390 2065 τὸν
3413 2014 3623 2084 καρπὸν
3649 2016 3713 2068 οὐ

2036 2092 2171 2163 πρὸς
2201 2092 2460 2157 ἐπίδειξιν
2488 2092 2634 2146 ὄντα.
2669 2093 2768 2146 Διά
2795 2093 2956 2148 τοῦτο
2982 2095 3112 2164 γοῦν
3145 2098 3240 2151 καὶ
3278 2098 3535 2153 ἐκϐάλλει
3573 2101 3715 2155 πάν-

2034 2197 2133 2244 τας
2165 2179 2289 2247 ἐξω,
2318 2181 2409 2234 τὸν
2434 2180 2761 2235 Διδάσκαλον
2789 2184 2892 2235 κάν
2920 2182 3095 2254 τούτῳ
3130 2186 3488 2257 μιμούμενος.
3545 2189 3713 2243 Ἔνθα

2034 2270 2141 2340 γὰρ
2162 2270 2394 2339 δάκρυα,
2414 2270 2653 2324 τοιοῦτον
2689 2274 2986 2343 μυστήριον
3007 2275 3069 2327 οὐ
3098 2274 3179 2327 δεῖ
3207 2277 3479 2332 τελεῖσθαι
3502 2296 3518 2311 ο
3579 2281 3716 2350 μᾶλ-

2033 2357 2123 2411 λον
2147 2356 2224 2420 δὲ,
2249 2356 2379 2410 ἔνθα
2412 2357 2686 2426 θαύματα,
2713 2360 2775 2412 οὐ
2804 2359 2886 2411 δεῖ
2915 2360 3129 2431 δάκρυα
3190 2368 3462 2435 παρεῖναι.
3525 2367 3716 2422 ’Δκού-

2036 2458 2186 2506 σατε,
2211 2442 2534 2511 παρακαλῶ,
2568 2445 2617 2496 εἰ
2641 2444 2735 2496 καὶ
2761 2444 2836 2515 μὴ
2892 2447 3136 2503 τοιοῦτόν
3207 2467 3261 2501 τι
3314 2451 3547 2520 γίνεται,
3578 2453 3717 2508 ἀλλά

2035 2523 2211 2582 καὶ“ἐν
2234 2531 2347 2593 τοῖς
2378 2529 2471 2581 νῦν
2498 2533 2713 2600 νεκροῖς
2751 2532 2895 2601 μέγα
2914 2532 3148 2587 τελεῖται
3196 2537 3513 2608 μυστήριον.
3573 2540 3713 2593 Εἰπὲ

2033 2614 2097 2683 δή
2125 2631 2237 2684 μοι,
2270 2616 2319 2667 εἰ
2370 2615 2694 2686 καθημένων
2734 2617 2891 2687 ἡμῶν
2939 2618 3186 2689 ἐπεμψεν
3240 2623 3270 2675 6
3320 2622 3573 2692 βασιλεύς
3592 2642 3716 2680 τινα

2037 2699 2215 2753 καλῶν
2244 2702 2325 2761 εἰς
2360 2700 2430 2753 τὰ
2456 2700 2725 2771 βασίλεια,
2765 2703 2977 2758 κλαίειν
3011 2705 3117 2759 ἔδει
3151 2707 3245 2760 καὶ
3292 2708 3543 2778 θρηνεῖν;
3581 2713 3713 2780 Ἀγ-

2034 2785 2182 2853 γελοι
2246 2787 2504 2858 πάρεισιν
2562 2787 2621 2854 ἐξ
2685 2790 2930 2859 οὐρανῶν
2986 2791 3385 2863 ἀπεσταλμένοι
3458 2798 3715 2854 κάκεῖθεν

2033 2873 2281 2943 ἥκοντες,
2341 2876 2470 2944 παρ’
2525 2874 2692 2927 αὐτοῦ
2743 2877 3087 2946 πεμφθέντες
3145 2881 3242 2932 τοῦ
3308 2881 3574 2951 βασιλέως
3622 2884 3714 2938 τὸν

2038 2959 2318 3013 σύνδουλον
2373 2960 2603 3014 καλέσαι
2656 2962 2749 3015 τὸν
2815 2963 2996 3017 αὐτῶν
3021 2980 3035 2993 °
3093 2966 3283 3020 καὶσὺ
3313 2967 3556 3037 κλαίεις;
3599 2972 3715 3026 Οὐκ

2035 3045 2184 3113 οἶδας
2232 3044 2342 3103 οἷον
2388 3051 2686 3121 μυστήριόν
2718 3053 2835 3104 ἐστι
2878 3052 2940 3106 τὸ
2971 3055 3287 3124 γινόμενον;
3330 3057 3449 3121 πῶς
3482 3060 3713 3129 φρικτὸν

2036 3137 2131 3190 καὶ
2159 3137 2410 3206 φοϐερὸν,
2441 3137 2536 3190 καὶ
2569 3136 2753 3208 ὓμνων
2784 3138 2931 3203 ἄξιον
2953 3140 3121 3204 ὅντως
3151 3143 3241 3194 καὶ
3271 3144 3444 3214 χαρᾶς
3473 3156 3533 3210 e;

2107 3221 2172 3275 δ’.
2208 3221 2398 3275 Βούλει
2429 3220 2642 3292 μαθεῖν,
2675 3224 2762 3275 ἵνα
2788 3223 2957 3294 εἰδῇς,
2992 3225 3074 3278 ὅτι
3095 3225 3216 3295 οὐχὶ
3248 3226 3504 3298 δακρύων
3534 3231 3562 3283 6
3592 3246 3714 3285 και-

2041 3309 2164 3377 ρός;
2206 3310 2316 3379 Τῆς
2354 3308 2447 3362 τοῦ
2483 3308 2620 3362 Θεοῦ
2680 3310 2872 3379 σοφίας
2925 3311 3183 3381 μέγιστόν
3246 3314 3364 3367 ἐστι
3402 3315 3561 3369 τοῦτο
3619 3335 3716 3387 μυ·

2041 3398 2279 3467 στήριον.
2333 3395 2544 3466 ’Ὠσπερ
2594 3396 2703 3468 γάρ
2740 3415 2864 3450 τινα
2893 3398 3070 3452 οἰκίαν
3121 3400 3367 3467 ἀφιεῖσα,
3398 3403 3648 3472 πρόεισιν
3677 3406 3714 3474 ἡ

2037 3483 2182 3553 ψυχὴ
2211 3483 2347 3555 πρὸς
2374 3483 2465 3534 τὸν
2523 3484 2725 3554 ἑαυτῆς
2771 3485 3101 3557 ἐπειγομένη
3156 3490 3470 3559 Δεσπότην·
3536 3492 3601 3544 σὺ
3654 3492 3715 3546 δὲ

2038 3569 2289 3631 πενθεῖς;
2340 3568 2549 3622 Οὐκοῦν
2610 3570 2704 3622 καὶ
2761 3572 3083 3640 τικτομένου
3140 3573 3233 3626 τοῦ
3296 3576 3529 3629 παιδίου
3556 3578 3716 3632 τοῦτο

2040 3657 2212 3707 ποιεῖν
2245 3654 2414 3725 ἐχρῆν
2436 3671 2451 3685 ο
2483 3656 2575 3708 καὶ
2605 3656 2714 3726 γάρ
2742 3655 2900 3708 τοῦτο
2925 3656 3085 3720 τόκος
3135 3659 3285 3711 ἐστὶν
3337 3661 3553 3713 ἐκείνου
3593 3664 3716 3731 βελ-

2038 3740 2190 3794 τίων.
2219 3741 2440 3812 Πρόεισι
2468 3740 2579 3811 γὰρ
2604 3743 2688 3808 ἐφ’
2718 3741 2907 3812 ἕτερον
2958 3743 3097 3811 φῶς,
3165 3746 3462 3801 ἀπολύεται
3524 3748 3715 3821 ὥσπερ

2038 3829 2147 3883 ἀπὸ
2177 3828 2553 3900 δεσμωτηρίου
2580 3830 2748 3893 τινὸς,
2781 3830 2858 3893 ὡς
2921 3832 3030 3885 ἀπὸ
3082 3833 3293 3903 ἀγῶνος
3339 3834 3529 3899 ἔξεισι.
3582 3839 3713 3901 Ναὶ,

2042 3917 2226 3985 φησίν*
2251 3914 2403 3989 [174]
2420 3916 2526 3968 ’ἐπὶ
2545 3915 2645 3985 μέν
2661 3916 2769 3969 τῶν
2793 3916 3092 3988 εὐδοκίμων
3119 3919 3300 3983 καλῶς
3314 3920 3488 3974 ταῦτα
3508 3922 3711 3992 λέγεις.

2041 4004 2151 4056 Καὶ
2176 4003 2230 4055 τί
2262 4003 2399 4072 πρὸς
2433 4002 2516 4068 σέ,
2546 4002 2838 4073 άνθρωπε;
2869 4005 2932 4057 σὺ
2958 4005 3066 4076 γὰρ
3098 4006 3219 4077 οὐδὲ
3273 3997 3368 4061 ἐπὶ
3409 4008 3716 4080 εὐδοκίμων

2042 4091 2199 4144 τοῦτο
2230 4092 2421 4154 ποιεῖς.
2455 4091 2588 4143 Εἰπὲ
2614 4090 2679 4160 δή
2717 4108 2828 4161 μοι,
2874 4092 2928 4144 τί
2963 4093 3058 4146 τοῦ
3096 4095 3307 4149 παιδίου
3369 4099 3716 4165 καταγνῶναι

2043 4177 2186 4248 ἔχοις
2211 4177 2278 4231 ἂν
2309 4176 2403 4231 τοῦ
2441 4176 2671 4248 μικροῦ;
2725 4176 2871 4239 τίνος
2927 4178 3115 4233 ἕνεκεν
3178 4181 3397 4247 πενθεῖς
3449 4184 3614 4249 αὐτό;
3660 4186 3715 4238 τί

2041 4265 2135 4318 τοῦ
2190 4264 2592 4333 νεοφωτίστου;
2648 4265 2740 4317 καὶ
2799 4264 2908 4336 γάρ
2960 4267 3052 4319 καὶ
3101 4266 3310 4330 ἐκεῖνος
3356 4271 3436 4332 εἰς
3482 4270 3544 4322 τὸ
3581 4271 3715 4325 αὐτὸ

2042 4351 2327 4421 περιέστη.
2358 4351 2516 4414 Τίνος
2543 4347 2637 4405 οὖν
2683 4351 2870 4405 ἕνεκεν
2906 4353 3124 4418 πενθεῖς
3160 4355 3357 4421 αὐτόν;
3398 4356 3512 4409 Οὐκ
3544 4353 3712 4426 οἶδας,

2042 4439 2124 4491 ὅτι
2177 4437 2430 4508 καθάπερ
2487 4437 2639 4507 ἥλιος
2688 4438 2932 4509 καθαρὸς
2968 4439 3210 4494 ἄνεισιν*
3241 4441 3385 4496 οὕτω
3434 4444 3712 4518 καὶψυχὴ

2045 4525 2206 4596 σῶμα
2240 4524 2611 4578 ἀπολείπουσα
2640 4524 2779 4594 μετά
2818 4525 3059 4596 καθαροῦ
3119 4528 3443 4592 συνειδότος,
3505 4530 3713 4601 λάμπει

2043 4611 2298 4682 φαιδρόν;
2333 4611 2446 4681 Οὐχ
2473 4609 2615 4664 οὕτω
2652 4610 2877 4680 βασιλέα
2910 4612 3261 4686 ἐπιϐαίνοντα
3309 4614 3517 4678 πόλεως
3576 4618 3712 4687 μετά

2041 4699 2312 4768 τοσαύτης
2362 4698 2477 4751 ἐστι
2528 4698 2690 4767 σιγῆς
2755 4698 2902 4763 ἰδεῖν,
2952 4698 3028 4762 ὡς
3062 4698 3241 4770 ψυχὴν
3273 4701 3504 4769 ἀφεῖσαν
3534 4704 3711 4776 σῶμα,

2043 4786 2140 4838 καὶ
2192 4785 2332 4855 μετά
2385 4783 2633 4852 ἀγγέλων
2695 4784 2987 4839 ἀπιοῦσαν.
3046 4785 3330 4855 Ἐννόησον
3387 4787 3471 4851 τίς
3505 4791 3649 4843 ἐστιν
3678 4792 3713 4861 ἠ

2041 4872 2211 4943 ψυχὴ,
2262 4872 2322 4925 ἐν
2376 4871 2465 4940 οἵᾳ
2525 4871 2646 4923 τότε
2695 4870 2954 4942 ἐκπλήξει
2986 4871 3220 4938 γίνεται,
3244 4873 3302 4926 ἐν
3329 4873 3427 4944 οἴῳ
3452 4873 3710 4947 θαύματι,

2044 4961 2101 5013 ἐν
2154 4959 2244 5031 οἵᾳ
2305 4957 2488 5029 ἡδονῇ.
2540 4957 2606 5010 Τί
2677 4958 2928 5023 πενθεῖς;
2977 4960 3098 5013 εἰπέ
3153 4977 3280 5030 μοι·
3341 4963 3417 5035 μὴ
3465 4964 3574 5036 γάρ
3621 4967 3714 5019 ἐπὶ

2045 5046 2387 5119 ἁμαρτωλῶν
2411 5046 2570 5099 τοῦτο
2595 5045 2754 5115 μόνον
2790 5043 2809 5084 ί
2839 5048 3047 5112 ποιεῖς;
3080 5047 3208 5101 Εἴθε
3264 5047 3424 5103 τοῦτο
3472 5047 3560 5122 ἦν,
3623 5052 3715 5105 καὶ

2042 5137 2143 5189 οὐκ
2173 5136 2239 5189 ἂν
2268 5134 2517 5188 ἐκώλυσα
2540 5136 2609 5188 τὰ
2640 5133 2811 5205 πένθη
2837 5150 2851 5163 ·
2888 5134 3001 5188 εἴθε
3029 5134 3274 5200 τοιοῦτος
3321 5140 3349 5189 ὁ
3393 5139 3593 5200 σκοπὸς
3622 5134 3710 5208 ἦν.

2044 5218 2213 5286 Οὗτος
2248 5224 2277 5276 6
2302 5222 2501 5293 θρῆνος
2533 5223 2911 5287 ἀποστολικὸς,
2964 5218 3115 5287 οὗτος
3158 5226 3188 5277 6
3223 5224 3422 5295 θρῆνος
3476 5227 3570 5280 καὶ
3620 5229 3715 5279 Δε-

2046 5313 2332 5376 σποτικὸς·
2361 5313 2592 5365 ἐκλαυσε
2644 5313 2751 5380 γάρ
2802 5313 2895 5366 καὶ
2939 5313 3148 5382 Ἰησοῦς
3193 5315 3292 5384 τὴν
3337 5314 3711 5385 Ἰερουσαλήμ.

2057 5399 2387 5469 Ἐϐουλόμην
2425 5398 2599 5469 τούτῳ
2624 5398 2911 5471 διῃρῆσθαι
2938 5399 3016 5470 τῷ
3048 5400 3199 5470 νόμῳ
3226 5401 3294 5453 τά
3324 5399 3514 5471 πένθη.
3544 5401 3715 5455 Ὅταν

2043 5487 2100 5539 δέ
2124 5487 2555 5557 ἀνακαλούμενος
2585 5488 2804 5558 ῥήματα
2834 5486 2999 5560 λέγῃς
3037 5487 3129 5539 καὶ
3150 5486 3434 5557 συνήθειαν
3466 5488 3561 5541 καὶ
3581 5506 3716 5558 ἰτρο⁴

2048 5573 2294 5639 στασίαν,
2324 5575 2444 5644 οὐχὶ
2463 5574 2548 5626 διά
2581 5571 2740 5626 τοῦτο
2766 5572 3003 5636 πενθεῖς,
3045 5572 3179 5626 ἀλλά
3212 5574 3448 5645 σκήπτῃ.
3505 5575 3714 5647 Πένθη-

2048 5678 2160 5726 σον,
2187 5661 2439 5725 στέναξον
2473 5662 2564 5713 τὸν
2587 5660 2930 5730 ἁμαρτωλὸν,
2957 5659 3052 5713 καὶ
3085 5657 3195 5727 ἐγὼ
3216 5658 3435 5723 κατάξω
3467 5661 3678 5731 δάκρυα
3696 5678 3714 5695 ο

2048 5748 2138 5800 καὶ
2166 5745 2276 5815 ἐγὼ
2306 5747 2396 5799 σοῦ
2428 5746 2647 5817 μᾶλλον,
2680 5746 2788 5814 ὅσῳ
2843 5746 2936 5798 καὶ
2976 5744 3181 5816 μείζονι
3217 5747 3458 5819 τιμωρίᾳ
3482 5749 3716 5803 ὑπεύθυ-

2110 5869 2136 5907 ἀ
2187 5870 2331 5919 Alius
2369 5870 2545 5930 σημεῖα
2574 5868 2779 5918 ἐποίουν.
2874 5881 2896 5908 θ
2921 5868 3057 5919 Unus
3087 5871 3195 5920 cod.
3220 5871 3349 5921 ἄξιον
3368 5874 3512 5929 ὅντως
3540 5873 3621 5921 καὶ
3641 5871 3719 5920 αῐ-

2058 5949 2166 5980 νων.
2242 5930 2259 5967 Γ
2296 5932 2426 5981 ldcm
2442 5931 2541 5979 εἰπέ
2567 5943 2671 5992 μοι;
2692 5931 2795 5979 ἀλλ’
2817 5931 3206 5994 ἐπὶάμαρτωλῶι
3250 5951 3384 5982 ιον-το
3404 5937 3563 5999 μόνον.

3257 6018 3325 6077 11
