3946 6442
366 407 467 460 εστι

359 525 497 582 νοςό
525 518 766 584 τοιοῦτος
791 539 803 552 ο
838 521 928 574 καὶ
975 519 1085 589 ἐγὼ
1125 521 1380 589 θρηνήσω
1433 519 1570 590 μετά
1612 519 1852 571 τοιούτου
1904 533 2030 568 σκο-

360 606 485 660 ποῦ.
531 608 613 660 ϋύ
647 607 704 660 σε
729 607 783 660 δέ
812 608 972 677 μόνον
995 607 1086 660 τὸν
1114 607 1356 659 τοιοῦτον
1387 607 1465 658 δεῖ
1493 605 1732 675 θρηνεῖν,
1769 603 1904 655 ἀλλά
1935 603 2031 655 καὶ

357 696 458 759 τὴν
489 696 642 747 πόλιν
667 695 883 748 ἀπασαν
914 695 1008 746 καὶ
1035 695 1164 758 τοὺς
1213 693 1591 753 ἀπαντῶντας,
1625 690 1876 759 καθάπερ
1905 689 2031 750 τοὺς

358 782 452 833 ἐπὶ
483 781 711 834 θάνατον
741 781 1144 852 ἀπαγομένους.
1193 783 1399 842 Ὄντως
1449 779 1558 847 γὰρ
1601 778 1830 839 θάνατος
1880 770 2033 837 οὗτός

357 873 472 922 ἐστι
503 870 759 941 πονηρὸς,
783 873 811 923 6
839 870 945 922 τῶν
975 869 1339 941 ἁμαρτωλῶν.
1404 867 1565 920 Ἀλλά
1615 866 1684 918 τά
1733 863 1845 918 ἀνω
1880 864 2034 916 κάτω

357 959 672 1025 γεγένηται.
727 952 896 1020 Οὗτος
943 959 972 1010 ὁ
1023 957 1218 1028 θρῆνος
1268 957 1362 1008 καὶ
1415 953 1732 1023 φιλοσοφίας
1763 952 1902 1016 ἐστὶ,
1939 950 2036 1003 καὶ

355 1043 703 1097 διδασκαλίαν
752 1044 863 1114 ἔχει
918 1043 1150 1112 πολλήν⁶
1200 1044 1406 1104 ἐκεῖνος
1432 1041 1490 1093 δέ
1524 1038 1909 1110 μικροψυχίας.
1970 1037 2034 1089 El

357 1132 694 1202 ἐθρηνοῦμεν
723 1132 913 1185 τοῦτον
933 1133 1024 1184 τὸν
1054 1131 1252 1202 θρῆνον
1277 1133 1535 1194 ἅπαντες,
1578 1129 1785 1192 ζῶντας
1817 1128 1884 1182 ἀν
1939 1127 2036 1181 αὑ-

354 1221 479 1281 τοὺς
509 1220 918 1289 διωρθώσαμεν.
953 1219 1165 1289 Ὠσπερ
1194 1215 1287 1272 οῦν
1323 1219 1371 1270 εί
1405 1216 1589 1286 κύριος
1623 1229 1648 1256 ε
1674 1213 1740 1286 ἧς
1767 1216 2035 1284 φάρμακα

356 1309 673 1373 ἐπενεγκεῖν
729 1305 1008 1369 κωλύοντα
1055 1306 1146 1357 τὸν
1180 1307 1408 1359 θάνατον
1447 1307 1653 1357 ἐκεῖνον
1685 1304 1776 1356 τὸν
1803 1319 2036 1372 σωματι-

357 1393 468 1457 κὸν,
495 1393 754 1461 ἐποίησας
780 1393 844 1446 ἀν
871 1408 885 1423 °
911 1391 1055 1444 οῦτω
1092 1394 1185 1444 καὶ
1226 1393 1340 1464 νῦν,
1376 1393 1428 1443 εῖ
1456 1408 1519 1459 γε
1550 1390 1738 1443 τοῦτον
1787 1391 2035 1458 ἐθρήνεις

354 1481 444 1532 τὸν
471 1479 723 1543 θάνατον,
757 1478 1036 1540 ἐκώλυσας
1065 1477 1130 1531 ἂν
1160 1478 1250 1530 καὶ
1282 1479 1376 1530 ἐπὶ
1408 1478 1524 1541 σοῦ,
1560 1480 1656 1530 καὶ
1689 1477 1774 1530 ἐπ’
1821 1476 2032 1528 ἐκείνου

354 1568 510 1619 τοῦτο
533 1567 807 1635 γενέσθαι.
834 1567 948 1618 Νῦν
971 1566 1030 1618 δέ
1064 1567 1292 1635 αἴνιγμά
1319 1567 1436 1617 ἐστι
1468 1565 1529 1617 τὸ
1575 1565 1855 1635 γινόμενον
1875 1581 1888 1594 ·
1945 1581 2035 1616 κυ-

359 1653 504 1723 ρίους
544 1653 641 1722 μὲν
666 1653 825 1716 ὄντας
858 1655 933 1724 μὴ
964 1655 1313 1722 συγχωρῆσαι
1338 1653 1526 1706 τοῦτον
1557 1652 1819 1713 ἐπελθεῖν,
1874 1653 2032 1720 ἀφεῖ-

355 1760 440 1794 ναι
486 1741 759 1809 γενέσθαι.
805 1742 1098 1811 γενόμενον
1154 1741 1208 1793 δὲ
1268 1741 1503 1792 πενθεῖν.
1552 1741 1760 1800 Ὄντως
1819 1738 2032 1809 θρήνων

354 1829 515 1894 ἄξιοι,
553 1829 682 1880 ὅταν
743 1827 1067 1897 παραστῶσι
1121 1828 1198 1897 τῷ
1254 1828 1455 1897 βήματι
1508 1827 1602 1879 τοῦ
1651 1825 1910 1895 Χριστοῦ,
1943 1821 2033 1878 οἷα

352 1915 675 1968 ἀκούσονται
713 1916 967 1986 ρήματα;
1023 1909 1110 1968 οἷα
1175 1916 1451 1967 πείσονται
1519 1915 1855 1984 πράγματας
1894 1911 2031 1981 Είκῆ

353 2002 553 2072 ἔζησαν
584 1996 730 2055 οὗτοι
751 2017 763 2030 ⁸
811 2002 1012 2072 μᾶλλον
1043 2002 1099 2054 δέ
1123 2003 1222 2054 οῦκ
1253 2002 1398 2070 εἰκῆ.
1435 2001 1572 2054 ἀλλά
1599 2001 1694 2054 καὶ
1722 2001 1814 2052 ἐπὶ
1853 1998 2029 2068 κακῷ.

356 2091 461 2141 Καὶ
489 2089 583 2141 ἐπὶ
611 2089 816 2141 τούτων
847 2089 1105 2159 εῦκαιρον
1139 2093 1313 2143 εἰπεῖν
1341 2107 1353 2118 ·
1395 2089 1682 2160 Συμφέρον
1725 2085 1793 2160 ἦν
1825 2089 2030 2150 αὐτοῖς,

354 2176 399 2226 εί
425 2177 524 2228 οὐκ
550 2175 941 2246 ἐγεννήθησαν.
983 2175 1046 2228 Τί
1071 2176 1179 2247 γὰρ
1208 2176 1421 2244 ὄφελος,
1472 2177 1592 2230 είπέ
1635 2193 1746 2247 μοι,
1783 2175 2034 2228 τοσοῦτον

353 2262 628 2316 ἀναλῶσαι
660 2263 850 2332 χρόνον
881 2263 974 2315 ἐπὶ
1001 2263 1159 2332 κακῷ
1188 2264 1286 2333 τῆς
1307 2263 1514 2315 ἐαυτῶν
1540 2264 1815 2334 κεφαλῆς;
1843 2263 1906 2315 Εἰ
1927 2262 2035 2332 γάρ

353 2351 473 2416 εἰκῆ
508 2349 666 2419 μόνον
689 2349 953 2411 ἀνάλωτο,
980 2350 1080 2402 ούκ
1114 2349 1180 2402 ἀν
1209 2349 1495 2421 ἢρκεσενή
1521 2349 1716 2420 ζημία.
1760 2349 1895 2400 Εἰπέ
1920 2365 2031 2418 μοι,

352 2438 517 2500 εἴτις
566 2437 838 2506 μισθωτὸς
886 2437 1179 2506 γενόμενος
1228 2437 1433 2489 εᾶοσιν
1482 2437 1576 2506 ἐτη
1634 2436 2034 2490 κατακόπτοιτο

353 2523 496 2593 εικῆ,
537 2523 597 2575 οὑ
657 2523 951 2575 κλαύσεται
997 2524 1091 2576 καὶ
1134 2521 1417 2592 θρηνήσει,
1472 2524 1567 2575 καὶ
1612 2520 1755 2586 δόξει
1814 2520 2033 2575 πάντων

351 2611 710 2681 ἐλεεινότερος
752 2606 925 2674 εἷναι;
971 2611 1081 2662 Καὶ
1131 2603 1287 2673 οὗτος
1329 2612 1509 2662 πᾶσαν
1557 2610 1654 2681 τὴν
1715 2609 1860 2680 ζωὴν
1907 2609 2030 2678 εξκῆ

352 2698 651 2765 κατεκόπη,
693 2698 816 2751 ούδέ
849 2699 982 2767 μίαν
1009 2697 1226 2768 ἡμέραν
1295 2697 1491 2768 ἔζησεν
1539 2695 1739 2767 ἐαυτῷ,
1781 2696 1918 2751 ἀλλά
1961 2699 2029 2767 τῇ

351 2787 549 2855 τρυφῇ,
582 2787 648 2855 τῇ
700 2784 978 2854 ἀσελγείᾳ,
1028 2787 1094 2854 τῇ
1148 2785 1464 2856 πλεονεξίᾳ,
1513 2787 1581 2854 τῇ
1631 2784 1896 2854 ἁμαρτίᾳ,
1951 2783 2032 2853 τῷ

347 2871 598 2942 διαϐόλῳ.
643 2871 846 2924 Τοῦτον
869 2867 974 2924 ὀὖν
1001 2872 1063 2924 οὐ
1091 2871 1439 2942 θρηνήσομεν
1460 2889 1474 2936 ;
1495 2872 1616 2924 εἰπέ
1645 2888 1734 2940 μοι
1758 2887 1771 2902 ο
1819 2871 1880 2924 οὐ
1915 2888 2033 2924 πει-

350 2959 632 3032 ρασόμεθα
669 2959 777 3012 τῶν
803 2957 1076 3012 κινδύνων
1109 2959 1453 3030 ἐξαρπάσαι;
1491 2958 1649 3012 Ἔστι
1676 2959 1806 3029 γάρ,
1858 2959 2027 3024 ἐστιν,

350 3044 448 3098 ἐὰν
479 3046 742 3115 θέλωμεν,
765 3046 976 3113 κούφην
1009 3044 1158 3114 αὐτῷ
1187 3045 1439 3113 γενέσθαι
1473 3045 1572 3115 τὴν
1604 3045 1822 3098 κόλασιν
1847 3045 1895 3097 δ.
1935 3047 2034 3098 Ἂν

349 3125 444 3185 οὖν
477 3133 644 3202 εὐχὰς
674 3131 815 3202 ὑπὲρ
843 3131 1010 3185 αὑτοῦ
1046 3132 1472 3204 ποιῶμενμἹῦ]
1505 3135 1766 3202 συνεχεῖς,
1788 3133 1854 3186 ἂν
1876 3132 2032 3204 ἐλεη-

355 3219 594 3291 μοσύνην
627 3219 858 3290 διδῶμεν
880 3234 895 3250 ’
928 3219 1030 3272 κᾶν
1061 3221 1273 3281 ἐκεῖνος
1293 3220 1512 3286 ἀνάξιος
1545 3216 1602 3294 ᾖ,
1655 3221 1807 3290 ἡμᾶς
1833 3221 1863 3272 6
1900 3220 2034 3282 Θεὸς

351 3309 756 3376 δυσωπήσεται.
782 3308 847 3360 Εἰ
879 3307 966 3360 διὰ
997 3308 1210 3360 Παῦλον
1241 3307 1460 3378 ἐτέρους
1512 3309 1764 3374 διέσωσε,
1821 3309 1916 3362 καὶ
1966 3308 2034 3361 δι’

349 3394 593 3457 ἀλλουςο
647 3393 822 3447 ἄλλων
890 3394 1165 3463 φείδεταιο
1202 3394 1320 3456 πῶς
1373 3395 1492 3465 οὐχὶ
1545 3395 1642 3448 καὶ
1697 3395 1764 3448 δι’
1797 3397 1944 3466 ἡμᾶς
1974 3395 2036 3448 τὸ

347 3479 487 3532 αὐτὸ
519 3478 676 3532 τοῦτο
704 3479 1034 3550 ἐργάσεται;
1085 3481 1179 3533 Ἐκ
1201 3480 1308 3532 τῶν
1336 3481 1546 3534 ἐκείνου
1593 3482 1920 3553 χρημάτων,
1971 3483 2034 3534 ἐκ

349 3566 462 3619 τῶν
498 3566 627 3630 σῶν,
663 3565 785 3618 ὅθεν
821 3566 888 3620 ἂν
920 3565 1107 3640 θέλῃς,
1150 3567 1420 3639 βοήθησον
1443 3585 1459 3601 ο
1489 3569 1779 3634 ἐπίσταξον
1831 3569 2031 3633 ἔλαιον,

357 3653 558 3724 μᾶλλον
588 3654 647 3707 δὲ
682 3653 851 3724 ὕδωρ.
894 3653 1012 3707 Οὐκ
1063 3653 1177 3724 ἔχει
1225 3655 1601 3726 ἐλεημοσύνας
1653 3657 1864 3720 οἰκείας
1913 3660 2034 3710 ἐπι-

349 3739 668 3806 δείξασθαις
700 3739 819 3793 Κᾶν
859 3741 1210 3810 ωγγενικάς.
1279 3743 1395 3796 Οὐκ
1433 3743 1547 3813 ἔχει
1594 3743 1693 3808 τὰς
1742 3745 1834 3797 ὑπ’
1867 3745 2033 3799 αὑτοῦ

355 3827 729 3899 γεγενημένας
753 3843 768 3893 ;
796 3826 914 3880 Κᾶν
939 3827 1041 3890 τὰς
1071 3829 1212 3899 ὑπὲρ
1243 3829 1432 3884 αὐτοῦ.
1488 3829 1646 3884 Οῦτω
1702 3831 1843 3899 μετά
1891 3834 2035 3903 παρ-

359 3917 554 3988 ρησίας
583 3914 747 3967 αὐτὸν
773 3915 1175 3985 παραιτήσεται
1205 3917 1326 3969 τότε
1366 3918 1399 3987 ἡ
1452 3917 1612 3987 γυνὴ,
1647 3917 1843 3988 λῦτρον
1896 3920 2036 3990 ὑπὲρ

355 3998 523 4052 αὑτοῦ
573 3998 943 4070 καταθεμένη.
1000 4000 1153 4071 Ὀσῳ
1198 4001 1462 4056 πλειόνων
1523 4003 1745 4071 γέγονεν
1783 4006 2035 4075 ἁμαρτη-

359 4089 544 4157 μάτων
565 4086 884 4150 ύπεύθυνος,
914 4087 1156 4158 τοσούτῳ
1186 4090 1452 4160 μειζόνως
1476 4091 1624 4162 αὑτῷ
1648 4091 1730 4144 δεῖ
1751 4091 1850 4161 τῆς
1879 4093 2036 4163 ἐλεη-

359 4177 620 4245 μοσύνης.
649 4175 723 4228 Οὐ
773 4174 864 4228 διὰ
912 4175 1076 4229 τοῦτο
1121 4177 1176 4229 δέ
1232 4177 1413 4247 μόνον,
1465 4177 1580 4230 ἀλλ’
1618 4179 1700 4231 ὃτι
1763 4179 1880 4232 οὐδὲ
1915 4180 2038 4250 ἴσην

357 4262 470 4332 ἔχει
503 4262 600 4334 τὴν
637 4263 791 4332 ίσχὺν
818 4262 935 4327 νῦν,
965 4263 1081 4317 ἀλλ’
1107 4263 1317 4317 ἐλάττω
1346 4264 1549 4334 πολλῷ.
1596 4265 1672 4317 Οὐ
1732 4267 1840 4335 γάρ
1891 4268 2038 4318 ἐστιν

362 4353 496 4412 ἴσον,
525 4351 688 4403 αὐτόν
722 4368 843 4404 τινα
865 4350 1117 4420 ποιῆσαι,
1149 4352 1244 4404 καλ⁵
1269 4351 1354 4403 έτε
1365 4367 1454 4422 ρον
1473 4352 1613 4421 ὑπὲρ
1631 4351 1818 4406 αὐτοῦ.
1837 4354 1924 4416 Ὦς
1943 4348 2038 4406 οὖν

358 4439 639 4500 ἐλάττονος
651 4437 817 4507 οῦσης
827 4478 842 4502 ,
857 4437 998 4490 οὓτω
1010 4437 1086 4508 τῷ
1103 4438 1272 4504 πλήθε
1282 4438 1576 4509 ιξμεγίστην
1589 4439 1830 4510 ποιῶμεν
1845 4441 2036 4510 αὑτήν.

431 4525 524 4594 Μὴ
546 4528 675 4593 περὶ
703 4525 944 4594 σήματα,
977 4524 1052 4595 μὴ
1073 4525 1202 4595 περὶ
1227 4527 1456 4594 ἐντάφια
1469 4525 1844 4596 ἀσχολώμεθα.
1873 4528 2035 4598 Περί-

361 4623 560 4676 στησον
591 4607 793 4677 χήρας·
827 4607 996 4660 τοῦτο.
1015 4607 1265 4675 ἐντάφιον
1300 4609 1569 4677 μέγιστον.
1597 4609 1731 4661 Εἰπὲ
1765 4608 2000 4678 τοῦνομα
2021 4627 2036 4642 ·

361 4689 545 4753 πάσας
598 4690 858 4742 κέλευσον
915 4691 1056 4762 ὑπὲρ
1105 4690 1272 4743 αὐτοῦ
1325 4691 1598 4743 ποιεῖσθαι
1665 4690 1766 4754 τὰς
1803 4691 2034 4762 δεήσεις,

355 4773 458 4826 καὶ
483 4772 584 4835 τὰς
619 4772 901 4842 ἱκετηρίας
923 4789 937 4802 ·
969 4773 1285 4842 δυσωπήσει
1311 4771 1470 4825 τοῦτο
1511 4774 1602 4826 τὸν
1651 4773 1808 4837 Θεὸν,
1843 4776 1890 4826 εἰ
1942 4775 2038 4828 καὶ

366 4851 443 4924 μὴ
483 4853 575 4905 ὑπ’
604 4853 792 4918 αὐτοῦ,
835 4853 971 4906 ἀλλά
1013 4853 1080 4906 δι’
1148 4854 1310 4907 αὑτὸν
1370 4854 1556 4924 ἕτερος
1605 4855 1778 4920 αῖτιος
1829 4857 2038 4923 γίνεται

360 4935 464 5005 τῆς
495 4935 887 5004 ἐλεημοσύνης.
943 4936 1056 4988 Καὶ
1103 4937 1262 4988 τοῦτο
1287 4936 1464 5005 δόγμα
1499 4939 1600 5008 τῆς
1624 4937 1720 4989 τοῦ
1753 4937 1886 4990 Θεοῦ
1920 4939 2030 5008 φιλο

361 5019 681 5093 ανθρωπίας
737 5021 876 5074 ἐστί.
921 5021 1102 5089 Χῆραι
1145 5018 1511 5090 περιεστῶσαν.
1545 5020 1640 5073 καὶ
1681 5020 2036 5093 δακρύουσαι,

353 5103 485 5174 οὐχὶ
509 5102 604 5154 τοῦ
641 5102 930 5172 παρόντος,
974 5102 1110 5155 ἀλλά
1157 5103 1250 5156 καὶ
1295 5102 1388 5154 τοῦ
1449 5101 1734 5172 μέλλοντος
1789 5103 2039 5159 δύνανται

363 5184 674 5256 ἐξαρπάσαι
707 5183 957 5238 θανάτου.
999 5185 1190 5238 Πολλοὶ
1215 5185 1311 5237 καὶ
1342 5185 1406 5237 ἐκ
1430 5183 1538 5237 τῶν
1587 5187 1675 5254 ὑφ’
1713 5187 1918 5257 ἐτέρων
1970 5186 2040 5240 δι’

366 5271 562 5330 αὐτοὺς
598 5267 982 5337 γεγενημένων
1015 5266 1399 5337 ἐλεημοσυνῶν
1459 5267 1766 5320 ἀπώναντο.
1811 5269 1873 5320 Εἰ
1930 5266 2041 5338 γὰρ

359 5351 565 5420 καὶμὴ
599 5348 804 5410 τέλεον,
835 5347 1112 5418 ἀλλ’ὅμως
1147 5348 1500 5419 παραμυθίαν
1522 5343 1680 5419 εὗρόν
1706 5367 1853 5401 τινα·
1895 5352 2040 5414 ἐπεὶ,

367 5437 414 5488 εί
435 5438 511 5505 μὴ
541 5434 697 5487 τοῦτό
722 5433 864 5496 ἐστι,
895 5432 1012 5495 πῶς
1035 5432 1102 5484 τά
1123 5431 1313 5484 παιδία
1341 5430 1573 5496 σώζεται
1597 5449 1611 5498 ;
1641 5433 1818 5485 καίτοι
1843 5449 1905 5500 γε
1927 5434 2044 5486 ἐκεῖ

369 5517 518 5569 οὐδὲν
552 5517 688 5568 αὑτά
719 5515 984 5584 εἰσφέρει,
1009 5513 1123 5566 ἀλλ’
1153 5517 1200 5566 οἱ
1234 5517 1412 5581 γονεῖς
1433 5515 1493 5566 τὸ
1519 5516 1654 5566 πᾶν·
1684 5515 1778 5567 καλ⁵
1799 5513 2042 5584 γυναιξὶν

371 5598 633 5668 ἐχαρίσθη
666 5600 852 5651 παιδία
907 5597 1190 5660 πολλάκις,
1242 5598 1395 5650 οὐδὲν
1450 5598 1590 5652 αύτά
1642 5598 2040 5666 εὶσενεγκόντα.

367 5682 578 5743 Πολλὰς
615 5683 744 5749 ἡμῖν
779 5683 806 5732 6
837 5681 968 5742 Θεὸς
988 5679 1082 5733 τοῦ
1115 5681 1381 5744 σώζεσθαι
1409 5679 1642 5733 δέδωκεν
1670 5680 1846 5744 ὁδοὺς.
1883 5682 2043 5752 μόνον

368 5763 450 5833 μὴ
485 5764 772 5834 ἁμελῶμεν

429 5871 454 5896 ⁸³
498 5867 597 5917 Alii
627 5870 908 5932 ὦσπερηγάρ
929 5869 967 5915 εἷ
987 5867 1160 5932 κύριος.
1259 5865 1288 5904 Β
1315 5866 1450 5932 Unus
1471 5869 1678 5930 θέλωμεν
1716 5871 1893 5932 ἡμέραν
1916 5871 2046 5931 αύτῷ

371 5933 584 5984 γενέσθαι
619 5931 705 5984 τήν
745 5931 958 5975 κόλασιν.
1047 5935 1067 5957 υ
1098 5929 1276 5974 Vocem
1321 5929 1507 5984 ἄλλους,
1539 5929 1635 5989 qua
1663 5929 1892 5981 carebant
1925 5929 2046 5982 editi

373 6002 564 6051 omnes,
599 6001 717 6038 mss.
759 5991 1050 6036 auctoritate
1105 5991 1413 6037 inseruimus.
1443 5990 1576 6039 lion.

1140 407 1196 460 S.
1236 404 1524 461 JOANNIS
1557 401 2044 460 CHRYSOSTOMI
2088 401 2410 455 ARCIIIEP.
2443 400 2989 458 CONSTANTINOP.

3715 409 3850 464 £70

2209 517 2270 568 ε’.
2321 516 2386 568 Τί
2413 513 2528 580 οῦν,
2550 519 2614 572 ἀν
2643 537 2725 582 τις
2757 515 2998 590 πένηςῇ,
3034 520 3204 590 φησίζ
3238 520 3405 575 Πάλιν
3455 522 3585 593 ἐρῶ,
3616 523 3679 575 τὸ
3713 541 3847 576 πο-

2136 603 2200 655 λὺ
2235 604 2333 672 τῆς
2396 605 2763 676 ὲλεημοσύνης
2800 608 2900 658 ούκ
2960 607 3022 659 ἐκ
3073 607 3183 659 τῶν
3226 607 3514 678 διδομένων
3566 609 3852 680 κρίνεται

2141 690 2322 758 μόνον,
2352 689 2486 743 ἀλλά
2528 693 2619 743 καὶ
2643 694 2705 744 ἐκ
2751 693 2848 760 τῆς
2915 692 3308 761 προαιρέσεως.
3359 695 3539 747 Μόνον
3589 697 3666 766 μὴ
3711 696 3851 764 δῷς

2135 775 2356 827 ἔλαττον
2399 776 2500 844 τῆς
2554 777 2856 844 δυνάμεως,
2905 779 3000 830 καὶ
3045 777 3106 830 τὸ
3145 781 3252 832 πᾶν
3285 781 3552 845 ἐξὲτισας.
3595 783 3662 834 Τί
3702 778 3850 846 οὖν,

2137 864 2292 933 φησὶ,
2321 863 2387 916 ἂν
2419 864 2625 934 ἔρημος
2725 865 2818 917 καὶ
2846 865 3015 930 ξένος,
3056 868 3152 920 καὶ
3188 868 3390 936 μηδένα
3426 870 3560 941 ἔχῃς
3607 871 3710 923 Διά
3781 871 3852 924 τί

2135 953 2244 1020 γὰρ
2278 951 2478 1021 μηδένα
2513 953 2661 1021 ἓχει;
2702 951 2820 1003 εἰπέ
2885 971 2996 1022 μοι.
3047 955 3239 1024 Τούτῳ
3298 957 3449 1024 αὐτῷ
3501 959 3692 1010 δίδωσι
3753 959 3851 1011 δί-

2135 1055 2259 1109 κην,
2307 1040 2387 1092 ὅτι
2450 1039 2656 1110 μηδένα
2712 1039 2854 1092 οῦτω
2917 1042 3090 1110 φίλον,
3135 1041 3306 1106 οὕτως
3373 1045 3630 1114 ἐνάρετον
3683 1046 3844 1117 ἔχει.

2136 1128 2307 1180 Τοῦτο
2370 1124 2462 1180 οῦν
2514 1127 2742 1195 γίνεται,
2801 1127 2906 1192 ἵνα,
2942 1130 3046 1182 κᾶν
3076 1130 3229 1184 αὐτοὶ
3262 1131 3336 1200 μὴ
3357 1125 3515 1202 ὦμεν
3548 1135 3838 1205 ἐνάρετοι,

2139 1216 2528 1286 σπουδάζωμεν
2563 1217 2813 1287 ἑταίρους
2850 1217 2944 1269 καὶ
2977 1217 3164 1286 φίλους
3197 1219 3493 1288 ἐναρέτους
3525 1220 3694 1291 ἔχειν,
3726 1224 3842 1275 καὶ

2138 1307 2372 1370 γυναῖκα
2398 1305 2492 1356 καὶ
2511 1303 2644 1361 υἱὸν,
2678 1304 2754 1366 ὡς
2784 1305 3158 1376 καρπούμενοί
3215 1323 3268 1358 τι
3321 1307 3418 1359 καὶ
3466 1307 3533 1358 δι’
3597 1310 3788 1362 αὒτῶν
3813 1327 3831 1340 ·

2141 1390 2337 1460 μικρὸν
2395 1391 2493 1460 μὲν
2547 1390 2941 1461 καρπούμενοι,
2971 1392 3434 1462 καρπούμενοιδέ
3467 1397 3643 1465 ὅμως.
3720 1398 3829 1451 ’Δν

2139 1478 2471 1549 σπουδάσῃς,
2505 1481 2578 1548 μὴ
2611 1479 2969 1543 πλουτοῦσαν,
2994 1479 3110 1533 ἀλλ’
3143 1480 3346 1550 εὐλαϐῆ
3374 1487 3613 1549 γυναῖκα
3673 1487 3813 1551 ἀγα-

2134 1565 2348 1634 γέσθαι,
2385 1565 2586 1635 ταύτης
2621 1566 2648 1605 ἀ
2681 1567 2964 1638 ἀπολαύσῃ
3011 1567 3110 1636 τῆς
3163 1569 3540 1638 παραμυθίας.
3588 1571 3812 1640 ὀμοίως

2137 1653 2202 1704 ἂν
2235 1653 2567 1724 σπουδάσης,
2633 1653 2707 1723 μὴ
2755 1653 3089 1706 πλουτοῦντα
3147 1655 3264 1708 υίὸν
3323 1657 3670 1719 καταλιπεῖν,
3693 1656 3815 1710 ’ἀλλ’

2135 1740 2360 1810 εὐλαϐῆ,
2419 1741 2516 1794 καὶ
2577 1741 2869 1810 θυγάτριον
2940 1741 3178 1811 σεμνὸν,
3246 1743 3341 1796 καὶ
3403 1743 3550 1797 οὓτω
3617 1745 3824 1813 ταύτης

2135 1827 2418 1898 ἀπολαύσῃ
2477 1829 2580 1898 τῆς
2636 1829 3011 1898 παραμυθίας.
3080 1829 3178 1880 Ἂν
3240 1829 3413 1882 ταῦτα
3483 1832 3822 1904 σπουδάσῃς,

2135 1915 2230 1968 καὶ
2252 1916 2412 1978 αὐτὸς
2465 1915 2562 1986 ἐσῃ
2607 1916 2866 1978 τοιοῦτος.
2918 1916 3027 1968 Καὶ
3074 1915 3234 1969 τοῦτο
3291 1917 3457 1988 μέρος
3498 1918 3727 1988 ἀρετῆς,
3761 1921 3827 1972 τὸ

2134 2003 2411 2065 τοιούτους
2437 2003 2709 2072 αἱρεῖσθαι
2740 2003 2834 2056 καὶ
2861 2002 3070 2072 φίλους,
3090 2003 3185 2056 καὶ
3201 2007 3456 2071 γυναῖκα.
3485 2007 3582 2058 καὶ
3608 2006 3824 2059 παιδία.

2207 2093 2321 2143 Οὐκ
2358 2091 2480 2160 εἰκῆ
2516 2091 2823 2160 προσφοραὶ
2849 2091 2990 2158 ὺπέρ
3017 2090 3126 2142 τῶν
3162 2090 3503 2144 ἀπελθόντων
3549 2093 3822 2159 γίνονται,

2135 2178 2234 2230 οῦκ
2260 2177 2382 2246 εἰκῆ
2405 2178 2695 2247 ίκετηρίαι,
2725 2179 2825 2230 οὐκ
2855 2179 2976 2248 είκῆ
3008 2177 3404 2248 ἐλεημοσύναι·
3435 2178 3612 2231 ταῦτα
3643 2183 3828 2235 πάντα

2135 2269 2195 2318 τὸ
2230 2266 2452 2334 Πνεῦμα
2476 2265 2705 2329 διέταξε,
2732 2265 2798 2317 δι’
2830 2265 3075 2335 ἀλλήλων
3102 2267 3248 2335 ἡμᾶς
3273 2265 3603 2335 ὠφελεῖσθαι
3641 2268 3826 2336 βουλὸο

2139 2348 2470 2418 μενον.”ορα
2505 2351 2642 2419 γάρ·
2675 2348 2976 2416 Ὠφελεῖται
2997 2347 3466 2419 [1761ἐκεῖνοςδιὰ
3496 2348 3617 2410 σοῦ,
3636 2349 3822 2420 ὠφελῇ

2138 2437 2202 2489 σὺ
2259 2437 2326 2489 δι’
2382 2439 2620 2489 ἐκεῖνον*
2683 2437 3094 2506 κατεφρόνησας
3157 2437 3477 2506 χρημάτων,
3519 2437 3822 2507 προαχθεὶς

2137 2523 2473 2594 ἐργάσασθαί
2494 2540 2546 2575 τι
2581 2524 2824 2589 γενναῖον
2843 2539 2856 2552 ·
2892 2523 2985 2574 καί
3008 2524 3073 2575 σὺ
3097 2522 3248 2592 αὐτῷ
3274 2527 3370 2592 τῆς
3401 2525 3704 2594 σωτηρίας,
3729 2527 3824 2578 καὶ

2136 2611 2294 2673 αὐτὸς
2323 2612 2405 2663 σοὶ
2431 2611 2530 2680 τῆς
2561 2610 2932 2680 ἐλεημοσύνης
2987 2610 3210 2678 γέγονεν
3254 2611 3443 2672 αίτιος.
3489 2611 3581 2681 Μὴ
3645 2612 3822 2681 ἀμφί-

2135 2697 2318 2760 ϐαλλε,
2353 2699 2436 2751 ὅτι
2465 2697 2822 2768 καρπώσεταί
2865 2714 2918 2749 τι
2952 2698 3207 2766 χρηστόν.
3261 2699 3372 2768 Ούχ
3423 2698 3612 2760 ἁπλῶς
3640 2700 3669 2749 6
3703 2699 3822 2752 διά-

2134 2801 2290 2849 κονος
2315 2785 2434 2856 βοᾷο
2476 2785 2648 2856 ’Υπὲρ
2665 2784 2774 2837 τῶν
2795 2785 2854 2836 ἐν
2881 2783 3101 2854 Χριστῷ
3129 2802 3362 2855 κεκοιμη
3373 2786 3567 2853 μένων,
3592 2786 3688 2839 καὶ
3711 2787 3822 2838 τῶν

2134 2875 2232 2937 τὰς
2270 2873 2459 2942 μνείας
2491 2873 2632 2942 ὑπὲρ
2667 2871 2843 2924 αὐτῶν
2877 2872 3314 2941 ἐπιτελουμένων
3335 2889 3348 2902 ·
3381 2873 3479 2942 οὐχ
3512 2875 3540 2926 6
3566 2873 3820 2938 διάκονός

2135 2963 2281 3013 ἐστιν
2343 2961 2372 3012 6
2415 2958 2618 3029 ταύτην
2670 2959 2853 3020 ἀφιεὶς
2887 2955 2982 3028 τὴν
3013 2959 3216 3027 φωνὴν,
3243 2958 3378 3011 ἀλλά
3405 2960 3464 3012 τὸ
3496 2959 3713 3029 Πνεῦμα
3749 2963 3816 3014 τὸ

2136 3049 2290 3115 ἅγιον
2320 3059 2343 3085 ε
2367 3063 2382 3077 ο
2417 3046 2480 3098 τὸ
2505 3046 2560 3097 δέ
2591 3046 2836 3115 χάρισμα
2868 3045 3032 3112 λέγω.
3061 3045 3126 3098 Τί
3153 3044 3369 3112 λέγειςς
3411 3043 3498 3098 Ἐν
3538 3049 3723 3118 χερσὶν
3777 3051 3814 3117 η

2133 3134 2296 3187 θυσία
2316 3174 2330 3198 ,
2362 3135 2456 3186 καὶ⁵
2487 3133 2664 3186 πάντα
2712 3132 3000 3202 πρόκειται
3053 3133 3466 3204 ηὐτρεπισμένα
3489 3150 3504 3164 ο
3557 3136 3816 3203 πάρεισιν

2137 3222 2378 3291 ἄγγελοι,
2419 3221 2749 3291 ἀρχάγγελοι
2772 3238 2785 3250 ’
2829 3219 3094 3290 πάρεστιν
3123 3223 3150 3273 6
3177 3220 3303 3282 Υίδς
3329 3218 3423 3272 τοῦ
3465 3221 3603 3274 Θεοῦ
3631 3240 3646 3253 ·
3680 3225 3812 3292 μετά

2135 3311 2404 3380 τοσαύτης
2452 3309 2657 3379 φρίκης
2711 3309 3008 3378 ἑστήκασιν
3063 3307 3336 3370 ἅπαντεςο
3403 3309 3810 3378 παρεστήκασιν

2135 3398 2332 3450 ἐκεῖνοι
2368 3395 2620 3464 βοῶντες,
2682 3393 2900 3446 πάντων
2959 3392 3272 3460 σιγώντων·
3331 3394 3424 3446 καὶ
3476 3396 3586 3465 ἡγῇ
3634 3397 3802 3458 ἁπλῶς

2135 3482 2381 3551 γίνεσθαι
2408 3481 2476 3533 τὰ
2507 3479 2798 3549 γινόμενα;
2829 3477 3036 3532 Οὐκοῦν
3071 3479 3164 3532 καὶ
3193 3479 3262 3531 τὰ
3289 3478 3424 3533 ἀλλα
3459 3480 3683 3544 ἁπλῶς,
3717 3483 3802 3534 καὶ

2135 3571 2202 3624 τὰ
2225 3571 2363 3640 ὑπὲρ
2392 3569 2490 3638 τῆς
2534 3567 2879 3638 Ἐκκλησίας,
2904 3567 2998 3619 καὶ
3021 3568 3088 3619 τὰ
3123 3567 3261 3638 ὑπὲρ
3293 3567 3401 3620 τῶν
3425 3569 3619 3638 ίερέων
3648 3586 3813 3640 προσ-

2137 3659 2434 3729 φερόμενα,
2469 3657 2562 3710 καὶ
2587 3655 2656 3707 τά
2689 3655 2828 3724 ὑπὲρ
2867 3653 2960 3707 τοῦ
2990 3654 3390 3725 πληρώματος;
3426 3657 3516 3727 Μὴ
3563 3658 3779 3724 γένοιτο
3799 3675 3811 3688 ·

2136 3744 2274 3798 ἀλλὰ
2322 3744 2501 3796 πάντα
2559 3743 2698 3812 μετά
2747 3742 2983 3804 πίστεως
3035 3742 3264 3810 γίνεται.
3322 3742 3387 3795 Τί
3445 3743 3544 3796 οῐει
3577 3743 3642 3796 τὸ
3678 3745 3818 3815 ὑπὲρ

2141 3830 2435 3902 μαρτύρων
2455 3828 2882 3900 προσφέρεσθαι,
2910 3827 2970 3880 τὸ
2999 3829 3264 3899 κληθῆναι
3289 3831 3348 3882 ἐν
3367 3829 3548 3899 ἐκείνῃ
3565 3832 3630 3899 τῇ
3663 3831 3817 3902 ῶρᾳς

2138 3918 2259 3970 Κᾶν
2293 3917 2572 3986 μάρτυρες
2598 3909 2722 3978 ὦσι,
2752 3914 2854 3968 κᾶν
2884 3915 3026 3985 ὑπὲρ
3054 3916 3366 3986 μαρτύρων,
3421 3917 3631 3984 μεγάλη
3686 3919 3820 3987 τιμὴ

2138 4006 2200 4057 τὸ
2237 4002 2629 4073 ὀνομασθῆναι,
2662 4001 2754 4054 τοῦ
2786 4002 3056 4054 Δεσπότου
3112 4004 3400 4072 παρόντος,
3429 4002 3523 4054 τοῦ
3578 4002 3818 4056 θανάτου

2139 4088 2560 4158 ἐπιτελουμένου
2586 4087 2814 4152 ἐκείνου,
2843 4089 2941 4158 τῆς
2974 4089 3210 4159 φρικτῆς
3230 4087 3253 4127 ί
3298 4088 3509 4154 θυσίας,
3538 4088 3650 4141 τῶν
3675 4091 3814 4157 ἀφά-

2137 4195 2247 4230 των
2267 4177 2600 4248 μυστηρίων.
2631 4174 2898 4245 Καθάπερ
2929 4177 3036 4245 γὰρ
3059 4175 3369 4245 καθημένου
3400 4174 3492 4228 τοῦ
3525 4175 3813 4245 βασιλέως,

2137 4268 2239 4320 ὅσα
2273 4265 2339 4318 ἀν
2362 4281 2444 4326 τις
2473 4262 2752 4334 βούληται,
2771 4261 2957 4314 ἀνύει·
2990 4262 3304 4332 ἐγερθέντος
3333 4263 3410 4325 δέ,
3445 4263 3545 4315 ὅσα
3571 4263 3636 4316 ἂν
3657 4263 3812 4336 λέγῃ,

2139 4355 2262 4423 είκῆ
2309 4354 2457 4422 ἐρεῖο
2503 4349 2646 4404 οῦτω
2701 4351 2796 4403 καὶ
2835 4351 2979 4412 τότε,
3012 4350 3115 4412 ἕως
3168 4349 3236 4402 ἂν
3289 4351 3569 4420 πρόκειται
3609 4351 3679 4402 τὰ
3709 4353 3815 4403 τῶν

2145 4438 2480 4510 μυστηρίων,
2523 4440 2657 4490 πᾶσι
2713 4437 2847 4506 τιμὴ
2901 4435 3129 4506 μεγίστη
3162 4437 3223 4488 τὸ
3261 4438 3481 4506 μνήμης
3512 4437 3814 4502 ἀξιοῦσθαι.

2144 4528 2286 4597 Ὅρα
2315 4525 2444 4596 γάρ·
2477 4523 2922 4592 Καταγγέλλεται
2947 4525 3066 4575 τότε
3086 4524 3146 4575 τὸ
3171 4525 3468 4594 μυστήριον
3485 4524 3544 4579 τὸ
3571 4526 3813 4595 φρικτὸν,

2139 4613 2221 4666 ὅτι
2262 4612 2403 4681 ὑπὲρ
2431 4612 2530 4682 τῆς
2553 4609 2880 4678 οἰκουμένης
2916 4609 3114 4661 ἔδωκεν
3164 4611 3356 4663 ἑαυτὸν
3385 4612 3414 4662 6
3444 4609 3578 4673 Θεός
3601 4626 3616 4638 ⁸
3682 4612 3814 4680 μετά

2139 4699 2233 4752 τοῦ
2297 4698 2573 4767 θαύματος
2623 4697 2837 4748 ἐκείνου
2882 4697 3153 4766 εὐκαίρως
3194 4699 3606 4767 ὑπομιμνήσκει
3658 4701 3818 4752 αὐτὸν

2139 4785 2248 4839 τῶν
2276 4783 2696 4855 ἡμαρτηκότων.
2731 4783 2998 4852 Καθάπερ
3023 4784 3130 4853 γάρ
3160 4785 3286 4836 ὅταν
3313 4785 3554 4837 ἐπινίκια
3579 4787 3690 4838 τῶν
3725 4787 3820 4855 βα-

2143 4871 2334 4925 σιλέων
2354 4871 2574 4940 ἄγηται,
2601 4870 2723 4922 τότε
2750 4869 3121 4940 εῦφημοῦνται
3151 4871 3250 4939 μὲν
3281 4872 3373 4924 καὶ
3400 4873 3513 4925 ὅσοι
3544 4874 3641 4944 τῆς
3668 4874 3822 4944 νίκης

2141 4957 2527 5028 ἐκοινώνησαν,
2579 4958 2832 5026 ἀφίενται
2879 4957 2936 5010 δέ
2982 4959 3076 5010 καὶ
3107 4958 3222 5011 ὅσοι
3256 4959 3314 5010 ἐν
3345 4959 3563 5029 δεσμοῖς
3600 4964 3708 5013 είσι
3737 4961 3823 5013 διὰ

2141 5053 2232 5106 τὸν
2262 5051 2485 5122 καιρόψ
2515 5048 2877 5122 παρελθόντος
2901 5049 2956 5102 δὲ
2978 5049 3071 5102 τοῦ
3109 5049 3324 5120 καιροῦ,
3352 5052 3384 5102 6
3425 5050 3497 5120 μὴ
3515 5050 3696 5120 τυχὼν
3725 5055 3824 5103 οὐκ

2102 5165 2105 5167 ·
2143 5139 2225 5192 ἔτι
2247 5139 2390 5202 τινὸς
2405 5137 2667 5192 ἀπολαύει
2689 5155 2700 5166 ·
2733 5137 2876 5190 οῦτω
2904 5137 2969 5208 δὴ
2994 5138 3090 5190 καὶ
3118 5137 3375 5202 ἐνταῦθα,
3407 5136 3514 5190 τῶν
3540 5138 3822 5192 ἐπινικίων

2143 5223 2298 5289 οὗτος
2321 5228 2350 5278 6
2379 5227 2588 5298 καιρός.
2633 5227 2879 5289 Ὁσάκις
2906 5225 3017 5294 γὰρ
3063 5224 3157 5284 ἂν,
3222 5225 3408 5296 φησὶν,
3441 5225 3684 5293 ἐσθίητε
3717 5226 3822 5278 τὸν·

2145 5314 2326 5382 ἄρτον
2362 5313 2602 5378 τοῦτον,
2639 5311 2748 5364 τὸν
2779 5310 3043 5366 θάνατον
3073 5310 3180 5363 τοῦ
3213 5312 3434 5378 Κιιοίου
3495 5313 3819 5380 καταγγέλ-

2143 5403 2300 5456 λετε.
2331 5399 2423 5469 Μὴ
2455 5398 2520 5469 δὴ
2553 5397 2742 5460 ἁπλῶς
2769 5397 3104 5468 προσίωμεν,
3137 5396 3273 5467 μηδέ
3318 5399 3394 5460 ὡς
3445 5397 3603 5467 ἔτυχε
3649 5398 3818 5450 ταῦτα

2147 5487 2389 5556 γίνεσθαι
2412 5487 2740 5556 νομίζωμεν.
2777 5483 2984 5546 Ἀλλως
3014 5484 3072 5536 δὲ
3131 5483 3423 5554 μαρτύρων
3481 5487 3814 5554 μεμνήμεθα,

2147 5573 2430 5628 καὶτοῦτο
2491 5575 2570 5635 είς
2613 5571 2817 5635 πίστιν,
2871 5571 2954 5624 ὅτι
3000 5572 3062 5624 οὐ
3111 5571 3681 5641 τέθνηκενὸΚύριος·
3733 5575 3818 5626 καὶ

2143 5662 2304 5718 τοῦτο
2356 5661 2450 5715 τοῦ
2498 5660 2906 5714 τεθανατῶσθαι
2959 5660 3050 5712 τὸν
3100 5659 3330 5713 θάνατον
3398 5663 3658 5731 σημεῖον,
3731 5660 3814 5712 τοῦ

2208 5806 2232 5846 ο
2283 5805 2422 5854 Alius
2461 5802 2661 5863 γυναῖκα
2694 5801 2782 5863 καῖ
2820 5800 3064 5863 θυγάτριον
3099 5800 3359 5860 ἀγαγέσθαι
3402 5798 3591 5858 σεμνὸν,
3632 5797 3815 5863 ταύτης.

2152 5869 2179 5898 ε
2215 5864 2380 5915 Monlf.
2421 5858 2483 5912 o-‘J
2500 5865 2553 5910 τὸ
2581 5865 2730 5923 ἅγιον.
2761 5858 3052 5910 Ρετιὶοιιῐοιῐ)
3075 5858 3357 5923 negantem,
3395 5872 3506 5923 ειυς
3525 5858 3812 5923 sententiain

2153 5928 2334 5983 Iurbal,
2357 5940 2468 5974 cum
2488 5919 2744 5980 tiomrhei.,
2775 5924 2884 5971 Sav.
2905 5931 2961 5970 ei
2984 5936 3100 5969 mss.
3125 5919 3429 5983 siusluiimus'.
3455 5919 3588 5968 Εοιτ.
3727 5920 3815 5967 Alii

2161 5982 2392 6052 παρόντος
2443 5993 2526 6044 τῆς
2567 5985 2725 6046 μνείας
2769 5985 3128 6046 ἐπιτελουμένης
3178 5982 3358 6038 ἐκείνης
3413 5988 3495 6039 τῆς
3551 5987 3784 6044 Quinum:
