3946 6464
177 417 274 475 189

175 536 342 590 luctus
371 539 430 587 et
468 528 895 601 philosophicas
922 535 1005 584 est
1031 537 1087 584 ct
1112 528 1409 583 doctrinam
1441 528 1601 583 habet
1628 526 1767 581 mul-

175 640 315 689 tam;
345 624 439 678 ille
465 637 614 677 vero
641 639 715 678 ex
746 621 1170 692 pusillanimitate
1199 621 1573 691 proficiscitur.
1615 619 1671 675 Si
1699 620 1770 673 ita

172 721 475 786 lugeremus
488 729 721 779 omnes,
740 713 850 767 illos
866 713 1098 767 viventes
1111 710 1478 768 emendassem
1486 710 1772 779 us.Quem-

176 808 452 865 adriindum
472 807 520 859 si
557 821 757 875 posses
775 804 1051 876 pharmaca
1069 804 1324 859 adhibere
1349 846 1365 869 ,
1402 819 1522 874 quae
1541 811 1767 857 mortem

183 905 303 956 illam
336 899 711 967 corporalem
738 907 1017 961 arcerent,
1048 896 1329 951 adhiberes
1360 897 1573 967 utique:
1607 895 1677 949 ita
1717 903 1772 949 et

187 1007 318 1058 nilne,
348 992 392 1045 si
428 990 585 1044 hanc
618 991 828 1054 lugercs
853 996 1079 1042 mortem
1101 1028 1115 1051 ,
1143 999 1197 1042 et
1222 1003 1251 1041 a
1282 998 1332 1042 te
1357 996 1405 1042 et
1438 987 1505 1041 ab
1535 987 1624 1041 illo
1649 1002 1766 1040 eam

172 1087 324 1154 ipsam
355 1096 611 1136 arceres.
648 1080 799 1135 Nunc
822 1088 1000 1134 autem
1029 1079 1254 1147 mnigma
1275 1089 1357 1132 est
1385 1077 1524 1145 quod
1551 1077 1764 1144 accidit,

188 1174 303 1246 quod
327 1188 452 1228 cum
484 1172 776 1242 possimus
802 1170 1060 1239 impedire
1086 1171 1369 1238 quominus
1392 1183 1539 1223 mors
1565 1168 1647 1222 illa
1679 1183 1769 1222 ac-

188 1268 333 1331 cidat,
365 1280 474 1318 non
507 1263 907 1333 impediamus;
937 1261 1033 1317 sed
1062 1276 1183 1315 cum
1210 1261 1435 1327 accidit,
1468 1261 1763 1331 lugeamus.

187 1358 306 1413 Vere
330 1355 595 1426 lacrymis
628 1354 777 1424 digni
804 1362 964 1407 sunt:
995 1368 1116 1407 cum
1141 1353 1427 1407 adstabunt
1450 1362 1574 1406 ante
1601 1352 1767 1406 tribu-

188 1453 262 1505 nal
285 1449 473 1505 Christi
498 1489 512 1512 ,
543 1448 736 1516 qualia
765 1446 922 1499 verba
958 1443 1208 1508 audient,
1248 1444 1420 1513 qualia
1461 1443 1765 1511 patientur?

193 1542 385 1596 Frustra
408 1540 682 1593 vixerunt
710 1536 762 1591 hi
785 1577 800 1604 ,
831 1538 938 1590 imo
967 1551 1070 1588 non
1096 1534 1311 1595 frustra,
1341 1533 1433 1587 sed
1463 1534 1515 1587 in
1546 1534 1762 1586 malum.

201 1634 270 1686 ile
291 1632 383 1686 illis
403 1629 590 1683 dicere
627 1642 724 1698 par
752 1637 828 1681 est
862 1645 873 1681 :
906 1627 1106 1680 annm
1139 1637 1257 1680 erat
1287 1626 1388 1678 illis
1406 1666 1421 1691 ,
1448 1625 1493 1679 si
1522 1626 1629 1679 nati
1657 1640 1762 1680 non

206 1723 390 1775 fuissent
412 1719 620 1789 (Marc.
656 1719 743 1772 14.
773 1717 889 1787 21).
920 1716 1049 1784 Quae
1078 1714 1297 1777 utilitas,
1324 1730 1528 1785 quarso,
1559 1723 1762 1770 tantum

201 1813 427 1865 insumere
473 1818 707 1877 tempus
750 1809 803 1860 in
847 1806 1036 1874 capitis
1076 1805 1159 1859 sui
1200 1804 1439 1858 malum?
1479 1803 1535 1859 Si
1568 1803 1761 1859 frustra

187 1904 335 1957 solum
351 1903 695 1970 insumptum
714 1899 918 1967 fuisset,
941 1913 1044 1954 non
1065 1907 1266 1953 tantum
1285 1898 1469 1952 fuisset
1485 1897 1758 1954 damnum.

185 1995 266 2050 Dic
303 1994 427 2048 mihi
452 2034 469 2059 ,
502 1994 554 2047 si
586 1992 717 2062 quis
744 1989 1105 2044 mercenarius
1132 1987 1320 2058 viginti
1355 2002 1526 2042 annos
1565 1986 1760 2042 frustra

178 2085 364 2154 perdat,
388 2098 576 2138 annon
605 2081 838 2152 plorabit
864 2088 920 2135 et
943 2080 1124 2146 flebit,
1151 2078 1498 2148 omniumque
1525 2079 1763 2134 miserri-

177 2195 281 2233 mus
306 2192 425 2234 esse
450 2174 778 2231 videbitur?
804 2176 872 2228 At
897 2173 983 2228 hic
1009 2181 1172 2228 totam
1199 2172 1357 2226 vitam
1386 2186 1538 2227 suam
1566 2171 1757 2227 frustra

171 2271 421 2339 perdidit,
461 2284 659 2338 neque
688 2267 773 2323 vel
804 2282 909 2322 uno
937 2265 1027 2322 die
1053 2265 1156 2321 sibi
1185 2266 1318 2320 visit
1337 2306 1353 2331 ,
1385 2265 1481 2320 sal
1512 2265 1717 2320 deliciis
1739 2308 1756 2333 ,

173 2361 402 2428 luxuriae,
431 2362 722 2425 avaritim,
755 2366 974 2429 peccato
993 2397 1010 2424 ,
1038 2356 1274 2414 diabolo.
1306 2357 1520 2421 Annon,
1551 2372 1755 2426 qutrsn,

171 2455 300 2509 hunc
324 2452 685 2524 lugebimus?
713 2467 888 2505 annon
919 2450 1236 2505 conabimur
1261 2466 1291 2504 a
1323 2450 1575 2519 periculis
1598 2464 1758 2504 erue-

170 2545 252 2598 re?
279 2544 578 2600 Possumus
597 2586 616 2609 ,
648 2554 796 2598 certe
822 2556 1125 2611 possumus,
1148 2541 1194 2597 si
1219 2541 1463 2608 velimus,
1490 2542 1608 2612 ejus
1632 2557 1757 2609 sup-

155 2634 549 2702 pliciumlevius
563 2634 811 2690 efficere.
834 2634 890 2688 Si
922 2633 1226 2705 frequenter
1248 2633 1519 2687 orationes
1548 2646 1645 2702 pro
1665 2632 1757 2686 illo

170 2727 461 2792 fundamus,
494 2730 543 2782 si
572 2729 978 2799 eleemosyuam
1004 2725 1196 2781 demus
1221 2742 1236 2791 ;
1263 2725 1474 2780 etiamsi
1505 2724 1594 2780 ille
1621 2724 1758 2779 iudi-

168 2837 289 2887 gnus
312 2823 397 2886 sit,
432 2835 535 2875 nos
572 2822 720 2876 Deus
749 2819 1016 2874 exaudiet.
1045 2816 1099 2874 Si
1130 2827 1348 2888 pr0pter
1372 2816 1591 2871 Paulum
1619 2816 1755 2870 alios

170 2914 417 2978 servavit,
464 2923 524 2969 et
568 2921 797 2983 propter
824 2911 959 2964 alios
1000 2911 1204 2980 parcit,
1235 2924 1333 2963 cur
1371 2923 1477 2963 non
1522 2908 1752 2978 idipsum

172 3014 371 3070 prapter
394 3018 497 3057 nos
526 3005 699 3057 etiam
729 3001 922 3056 faciet?
955 3001 1029 3055 Ex
1060 2999 1207 3053 iilius
1238 2999 1507 3069 pecuniis,
1529 3014 1596 3055 ex
1625 3000 1750 3064 tuis,

171 3090 295 3147 unde
319 3091 582 3160 volueris,
612 3093 788 3162 juva':
813 3091 1006 3145 inslilla
1033 3094 1231 3155 oleum,
1265 3089 1372 3143 imo
1398 3105 1610 3159 aquam.
1635 3087 1751 3144 Non

174 3191 327 3250 potest
365 3185 756 3255 eleemosynas
784 3182 1027 3252 proprias
1068 3181 1367 3237 exhibere?
1409 3180 1607 3237 Saltem
1655 3196 1751 3235 co-

175 3284 429 3343 gnatorum
461 3277 746 3332 exhibeat.
777 3274 894 3330 Non
928 3282 1103 3344 potest
1139 3289 1167 3327 a
1201 3289 1259 3329 se
1303 3273 1511 3328 factas?
1549 3272 1748 3328 Saltem

178 3377 259 3432 pro
279 3381 331 3421 se
358 3367 553 3422 factas.
579 3367 675 3422 Sic
699 3381 823 3422 cum
846 3365 1036 3421 fiducia
1064 3365 1237 3435 ipsum
1268 3374 1395 3418 tunc
1421 3363 1751 3433 deprecahiâ€”

178 3465 247 3509 tur
280 3474 445 3525 uxor,
494 3459 735 3527 pretium
777 3457 1165 3528 redemptionis
1210 3471 1305 3525 pro
1333 3457 1423 3512 illo
1449 3456 1743 3525 deponens.

179 3549 272 3615 Quo
298 3554 539 3622 pluribus
566 3554 670 3607 fuit
705 3554 939 3623 peccatis
975 3551 1240 3607 obnoxius
1262 3592 1278 3614 ,
1308 3567 1375 3606 eo
1403 3553 1572 3622 magis
1609 3567 1746 3621 opus

181 3637 311 3695 habet
334 3644 709 3715 eleemosyna.
749 3642 933 3712 Neque
961 3657 1090 3697 vero
1121 3653 1338 3712 prepter
1370 3640 1471 3697 hoc
1501 3650 1702 3697 tantum
1727 3683 1743 3707 ,

180 3733 254 3783 sed
276 3733 390 3801 quia
422 3748 528 3788 non
557 3746 748 3804 parem
781 3745 923 3786 nunc
948 3732 1053 3785 vim
1082 3730 1276 3797 habet,
1319 3732 1425 3785 imo
1451 3730 1618 3785 multo
1645 3732 1744 3786 mi-

182 3834 356 3877 norem.
383 3823 499 3879 Non
531 3839 636 3895 par
658 3824 802 3878 enim
828 3836 917 3878 res
939 3829 1050 3889 est,
1082 3822 1253 3891 ipsum
1276 3820 1519 3892 quaedam
1540 3820 1739 3889 facere,

183 3922 225 3965 ct
244 3915 389 3971 alium
422 3914 518 3985 pro
548 3918 692 3987 ipso.
718 3916 848 3970 Cum
881 3916 1059 3985 itaque
1084 3915 1261 3969 minor
1285 3915 1384 3978 sit,
1418 3929 1511 3984 per
1530 3914 1739 3984 cupiam

185 4003 405 4063 faciamus
430 4009 579 4063 illam
610 4007 891 4078 majorem.

241 4094 567 4171 Eleemosymz
594 4110 806 4172 prosunt
834 4099 1105 4168 defunctis.
1132 4127 1206 4140 â€”
1232 4096 1312 4153 Ne
1358 4099 1499 4160 circa
1543 4113 1737 4152 monu-

188 4197 353 4256 menta,
383 4206 449 4246 ne
474 4193 625 4247 circa
656 4192 972 4259 sepulcralia
1018 4204 1238 4259 operam
1286 4189 1496 4245 demus.
1547 4189 1738 4244 Patro-

190 4275 337 4333 cinare
362 4280 549 4348 viduis,
599 4282 704 4336 hoc
728 4281 1028 4351 sepulcrale
1053 4277 1287 4335 officium
1314 4289 1397 4334 est
1422 4280 1734 4334 maximum.

192 4363 268 4420 Dic
285 4385 460 4428 conten
489 4391 503 4429 :
536 4386 736 4430 omnes
757 4372 872 4427 illas
891 4371 1024 4442 jube
1051 4386 1147 4442 pro
1168 4371 1285 4440 ipso
1307 4386 1498 4440 preces
1527 4380 1581 4425 et
1605 4386 1734 4440 sup-

195 4456 460 4525 plicationes
506 4465 808 4521 emittere:
841 4463 946 4518 huc
986 4463 1153 4518 Deum
1205 4462 1476 4532 placabit;
1525 4462 1735 4518 etiamsi

196 4563 280 4604 non
307 4569 390 4621 per
411 4556 587 4623 illum,
615 4564 671 4611 at
702 4564 924 4626 prOpter
951 4555 1099 4610 illum
1127 4554 1266 4609 alius
1294 4562 1483 4609 auctor
1506 4554 1577 4608 sit
1598 4554 1737 4609 eleeo

200 4652 412 4714 mosynae.
443 4649 510 4704 Et
532 4649 642 4705 hoc
662 4655 1038 4718 argumentum
1068 4652 1156 4702 est
1181 4645 1378 4719 divina:
1411 4646 1728 4701 clementiae.

208 4727 351 4789 Vidua:
386 4738 791 4796 circumstantes
833 4745 890 4792 et
940 4737 1320 4808 lacrymantes,
1370 4750 1477 4790 non
1516 4750 1547 4790 a
1593 4750 1734 4804 prae-

216 4831 348 4887 male,
371 4829 455 4883 sed
482 4845 514 4885 a
537 4829 722 4885 futura
751 4839 924 4883 morte
954 4835 1181 4897 possunt
1208 4840 1420 4883 eruere.
1481 4825 1630 4881 Multi
1665 4827 1735 4881 ab

224 4906 498 4989 Î¸á½¶Î¿Îµá¿Î±Î¿Ï‚Î³Î¹Î¹á½·Îµ
526 4920 760 4975 aliorum
789 4933 887 4989 pro
911 4932 972 4974 se
991 4918 1144 4973 factis
1163 4917 1326 4987 adjuti
1351 4923 1489 4972 sunt.
1515 4916 1570 4972 Si
1589 4916 1735 4970 enim

226 5009 494 5066 Î¹Î´Î¿Î¹Î¹Ï…Ï‰Î¹Î¹á½·Î¹Î¹Î¿
521 5010 637 5066 sint
662 5010 893 5074 liberati,
916 5008 1107 5063 saltem
1144 5008 1377 5078 aliquam
1411 5008 1732 5061 invenerunt

226 5096 592 5159 consolationem.
620 5101 751 5157 Nam
782 5101 827 5155 si
854 5098 957 5155 hoc
987 5115 1093 5155 non
1123 5108 1288 5160 esset.
1315 5096 1583 5169 quomodo
1604 5111 1734 5167 pue-

219 5181 298 5235 l'llli
331 5192 689 5250 servarentur?
737 5191 998 5262 siquidem
1044 5189 1180 5245 nihil
1221 5189 1295 5244 illi
1340 5187 1591 5254 afferunt,
1637 5186 1734 5242 sed

217 5277 344 5331 tuum
384 5295 621 5352 parentes
668 5302 683 5339 :
733 5294 791 5340 et
836 5283 1150 5339 mulieribus
1203 5281 1386 5337 donati
1427 5290 1552 5336 sunt
1589 5294 1735 5351 saepe

213 5368 348 5435 ÏÏ…ÎµÏ„á½·,
393 5376 474 5444 qui
516 5375 648 5432 nihil
699 5375 767 5430 ad
813 5373 945 5429 illud
984 5373 1301 5429 intulerunt.
1350 5371 1543 5427 Multas
1592 5370 1735 5426 Deus

214 5457 336 5514 nobis
369 5466 539 5524 salutis
579 5468 730 5524 dedit
771 5468 921 5532 vias,
967 5465 1130 5521 modo
1174 5479 1280 5520 non
1328 5464 1679 5533 negligamus.

263 5555 326 5613 Î¹Î¿.
342 5556 460 5621 Quid
485 5576 636 5633 ergo,
672 5560 905 5630 inquies,
936 5559 980 5614 si
1019 5559 1142 5628 quis
1169 5571 1373 5627 pauper
1396 5555 1504 5611 sit?
1527 5555 1734 5610 Rursus

218 5638 352 5698 dicam
376 5665 388 5701 :
415 5650 774 5725 Electuosynaa
787 5650 937 5722 copia
964 5665 1072 5706 non
1097 5664 1164 5705 ex
1188 5649 1329 5704 datis
1348 5656 1603 5718 pensatur
1619 5660 1733 5699 mo-

220 5728 287 5793 do.
319 5738 395 5792 sed
419 5744 564 5799 etiam
593 5759 657 5800 ex
694 5742 987 5812 preposito.
1020 5740 1246 5795 Tantum
1293 5753 1363 5795 ne
1404 5738 1500 5792 des
1533 5737 1730 5801 minus,

225 5836 343 5893 'luam
367 5830 619 5893 facultates
645 5835 838 5901 ferant,
864 5840 919 5890 et
950 5839 1115 5889 totum
1143 5829 1367 5886 solvisti.
1392 5829 1527 5896 Quid
1557 5846 1685 5899 ergo
1710 5869 1724 5895 ,

1144 415 1208 472 IN
1248 415 1423 472 ACTA
1466 413 1985 473 AIâ€˜OSTOLORUM.
2030 414 2255 473 ilOMlL.
2298 419 2438 474 XXI.

3366 424 3467 478 170

1881 526 2125 597 inquies,
2148 530 2195 585 si
2222 531 2371 586 solus
2398 531 2469 588 sit
2494 540 2550 589 et
2572 533 2904 603 peregrinus,
2951 534 3327 606 neminemque
3367 535 3465 591 ba-

1878 617 2042 672 beat?
2078 617 2208 687 Cur,
2251 635 2457 691 quaeso,
2514 623 2784 679 nemiuem
2830 624 3026 679 habet?
3069 625 3184 680 Hoc
3227 626 3346 696 ipso
3379 626 3466 681 ille

1879 723 2066 777 poenas
2112 711 2224 780 dat,
2274 713 2416 784 quod
2443 715 2714 771 neminem
2745 716 2823 770 sic
2846 717 3100 780 amicum,
3146 718 3227 774 sic
3267 719 3466 775 virtute

1878 801 2160 867 praeditum
2184 802 2398 859 habeat.
2431 804 2614 875 Itaque
2644 805 2749 860 hoc
2777 806 2847 860 ita
2873 823 2932 861 se
2960 806 3141 872 habet,
3176 817 3232 862 ut
3273 813 3318 863 si
3365 825 3465 865 nos

1876 892 2074 948 virtute
2112 895 2318 962 pnediti
2353 911 2462 950 non
2501 897 2692 964 simus,
2735 913 2991 953 curemus
3035 900 3222 954 saltem
3265 902 3462 956 virtute

1877 983 2133 1050 praeditos
2170 987 2372 1041 amicos
2402 988 2621 1052 habere,
2655 1004 2988 1059 uxoremque
3017 990 3143 1044 item
3166 1002 3220 1044 et
3253 992 3414 1047 filium
3441 1035 3459 1060 ,

1873 1085 1932 1129 ut
1957 1075 2191 1132 fructum
2218 1080 2502 1148 quemdam
2544 1096 2639 1150 per
2664 1082 2786 1137 illos
2815 1084 3205 1153 percipiamus;
3240 1102 3459 1154 parvum

1873 1168 2111 1236 quidem,
2144 1172 2238 1226 sed
2269 1181 2446 1229 tamen
2476 1176 2852 1245 percipiamus.
2877 1176 2931 1232 Si
2955 1193 3111 1233 cures
3144 1179 3304 1248 piam,
3354 1197 3459 1236 non

1872 1258 2113 1325 divitem,
2145 1262 2345 1318 ducere
2377 1282 2598 1321 uxorem
2625 1269 2642 1299 Î¹
2662 1308 2678 1331 ,
2707 1268 2808 1323 hac
2833 1268 3025 1325 frueris
3045 1271 3412 1328 consolatione
3442 1293 3456 1327 :

1866 1348 2224 1420 similiterque
2259 1354 2304 1408 si
2331 1369 2488 1410 cures
2513 1358 2677 1411 lilium
2702 1374 2806 1412 non
2829 1360 3160 1429 opulentum,
3189 1363 3283 1417 sed
3313 1364 3456 1435 pium

1871 1441 2196 1513 relinquere,
2227 1446 2272 1500 si
2296 1446 2458 1501 filiam
2488 1458 2717 1517 castam,
2749 1449 2850 1504 hac
2885 1452 3010 1506 item
3042 1452 3239 1508 frueris
3272 1470 3459 1510 conso-

1872 1531 2091 1588 latione.
2124 1534 2180 1590 Si
2226 1535 2340 1591 haec
2380 1554 2558 1604 cures,
2609 1551 2662 1593 tu
2687 1556 2899 1611 quoque
2939 1542 3058 1598 talis
3085 1546 3214 1599 eris.
3246 1546 3312 1601 Et
3342 1547 3457 1602 hmc

1869 1638 1994 1693 pars
2021 1627 2230 1683 virtutis
2252 1639 2356 1696 est,
2381 1632 2517 1687 tales
2539 1632 2736 1702 eligere
2765 1634 2990 1701 amicos,
3017 1651 3260 1705 uxorem,
3295 1640 3453 1696 filius.

1942 1714 2234 1774 Oblatianes
2258 1736 2350 1790 pro
2377 1720 2652 1791 defunctis.
2678 1754 2751 1764 â€”
2779 1723 2895 1778 Non
2928 1723 3121 1781 frustra
3150 1729 3455 1786 oblationes

1869 1822 1965 1876 pro
1989 1808 2255 1865 defunctis
2285 1812 2448 1880 fiunt,
2482 1830 2588 1869 non
2626 1817 2820 1870 frustra
2860 1832 3083 1888 preces,
3127 1836 3231 1875 non
3261 1823 3452 1878 frustra

1866 1898 2227 1972 eleemosynm
2256 1919 2269 1955 :
2301 1902 2417 1958 hmc
2444 1906 2622 1958 omnia
2668 1906 2902 1975 Spiritus
2943 1909 3228 1980 diSposuit,
3268 1914 3453 1969 volens

1866 1999 1922 2041 ut
1968 2005 2066 2044 nos
2116 2001 2304 2047 mutuo
2337 1993 2610 2064 juvemus.
2672 1996 2806 2052 Vide
2845 2013 3077 2069 namque
3110 2020 3123 2056 :
3155 2002 3245 2058 ille
3275 2020 3370 2072 per
3400 2015 3453 2060 te

1868 2080 2148 2137 utilitatem
2189 2085 2402 2153 accipit,
2434 2095 2489 2140 tu
2520 2098 2737 2157 propter
2762 2088 2911 2143 illum
2936 2091 3137 2161 juvaris
3166 2111 3180 2146 :
3210 2105 3453 2151 contem-

1868 2170 2019 2237 psisti
2060 2187 2213 2241 Opes,
2247 2174 2497 2231 inductus
2525 2178 2590 2231 ad
2613 2179 2738 2247 quid
2765 2195 3027 2251 generose
3055 2186 3446 2253 praestandum;

1864 2268 1919 2314 ct
1959 2271 2012 2314 tu
2050 2262 2149 2330 ipsi
2177 2264 2383 2331 salutis,
2411 2275 2465 2320 et
2495 2266 2583 2323 ille
2613 2268 2706 2323 tibi
2728 2269 3086 2343 eleemosynze
3112 2283 3300 2330 auctor
3325 2275 3445 2332 fuit.

1862 2350 1942 2405 Nc
1967 2351 2203 2419 dubites,
2233 2356 2406 2424 ipsum
2434 2357 2562 2427 quid
2594 2358 2718 2413 boni
2746 2360 3122 2432 decerpturum
3153 2383 3292 2423 csse.
3333 2369 3448 2424 Non

1864 2442 2058 2497 frustra
2090 2444 2289 2500 clamat
2316 2446 2575 2503 diaconus
2608 2466 2622 2502 :
2653 2450 2756 2505 Pro
2785 2451 2851 2505 iis
2878 2454 2967 2522 qui
3001 2454 3053 2508 in
3092 2454 3304 2512 Christo
3353 2459 3454 2516 de-

1862 2534 2028 2588 functi
2056 2545 2202 2599 sunt,
2233 2546 2290 2591 et
2309 2554 2405 2607 pro
2432 2539 2498 2593 iis
2524 2540 2614 2609 qui
2644 2542 2856 2597 illorum
2884 2547 3194 2602 memoriam
3218 2550 3445 2606 faciunt:

1863 2639 1969 2678 non
2008 2625 2267 2682 diaconus
2295 2628 2434 2684 hanc
2460 2631 2657 2686 emittit
2685 2649 2894 2698 vocem,
2941 2639 3034 2690 sed
3065 2638 3295 2706 Spiritus
3319 2658 3447 2697 san-

1860 2725 2014 2781 ctus;
2046 2716 2167 2771 dico
2194 2730 2376 2773 autem
2404 2719 2603 2775 donum
2632 2724 2770 2790 ejus.
2801 2724 2937 2791 Quid
2965 2727 3141 2781 dicis?
3185 2730 3240 2783 In
3277 2735 3449 2787 mani-

1861 2807 1960 2863 bus
2001 2818 2084 2863 est
2132 2809 2326 2876 hostia,
2376 2820 2431 2865 et
2465 2814 2644 2866 omnia
2695 2825 2878 2883 parata
2928 2828 3170 2886 prostant
3206 2837 3219 2873 :
3251 2821 3447 2877 adsunt

1858 2903 2052 2972 angeli,
2086 2902 2392 2974 archangeli
2420 2921 2435 2969 ;
2465 2904 2619 2960 adest
2646 2905 2812 2961 Filius
2839 2908 2932 2963 Dei
2958 2926 2972 2972 ;
3001 2925 3121 2964 cum
3149 2920 3295 2968 tanto
3322 2912 3447 2970 hnr-

1858 3008 1982 3047 rore
2012 2993 2226 3048 adstant
2253 3008 2476 3060 omnes;
2534 2995 2747 3050 adstant
2776 2997 2852 3052 illi
2882 2998 3177 3057 clamantes
3198 3004 3447 3059 omnibus

1856 3084 2142 3140 silentibus
2173 3105 2186 3139 :
2216 3094 2271 3142 et
2297 3096 2451 3157 putas
2483 3087 2598 3142 haec
2635 3088 2830 3142 frustra
2878 3090 3037 3144 fieri?
3082 3092 3222 3164 Ergo
3259 3103 3314 3150 et
3339 3097 3443 3151 alia

1857 3177 2074 3243 frustra,
2105 3187 2160 3233 et
2202 3193 2322 3248 quae
2371 3195 2469 3248 pro
2500 3178 2759 3243 Ecclesia,
2795 3191 2848 3234 et
2872 3198 2991 3251 quae
3018 3196 3116 3251 pro
3145 3186 3443 3240 sacerdoti-

1855 3268 1955 3324 bus
1995 3268 2310 3334 oflâ€˜eruntur,
2356 3277 2412 3324 et
2448 3285 2567 3339 quae
2597 3286 2693 3340 pro
2720 3271 3052 3340 plenitudine
3083 3272 3207 3345 (a)?
3253 3276 3439 3340 Absit;

1853 3361 1947 3418 sed
1974 3362 2151 3415 omnia
2181 3376 2303 3416 cum
2332 3361 2436 3416 fide
2465 3362 2615 3415 fiunt.
2644 3363 2780 3430 Quid
2813 3375 2966 3433 putas
2994 3380 3092 3433 pro
3117 3369 3443 3437 martyribus

1852 3454 2055 3522 offerri,
2099 3453 2243 3525 quod
2272 3463 2530 3510 vocentur
2557 3454 2609 3508 in
2639 3454 2724 3508 illa
2752 3455 2928 3509 hora?
2983 3456 3134 3512 Licet
3174 3468 3440 3531 martyres

1850 3549 1977 3611 sint,
2007 3549 2168 3603 etiam
2202 3562 2298 3616 pro
2325 3545 2668 3617 martyribus,
2723 3561 2946 3616 magnus
2975 3547 3148 3603 honor
3176 3552 3438 3606 nominari

1852 3639 2080 3693 Domino
2107 3647 2395 3708 praesente,
2436 3640 2560 3691 dtnn
2595 3653 2740 3692 mors
2769 3637 2855 3692 illa
2886 3639 3178 3708 perficitur,
3212 3641 3439 3698 horreu-

1848 3731 1974 3785 dum
2007 3730 2349 3797 sacrificium,
2378 3729 2662 3785 ineffabilia
2681 3732 2955 3801 mysteria.
2974 3732 3432 3798 Quemadmodum

1847 3822 1991 3876 enim
2017 3820 2240 3875 sedente
2268 3821 2614 3890 lmperatore,
2649 3836 3001 3891 quwcumque
3029 3824 3257 3880 voluerit
3282 3831 3435 3898 quis-

1850 3914 2010 3982 piam,
2057 3913 2307 3984 perficit;
2357 3912 2446 3966 uhi
2487 3920 2667 3966 autem
2714 3914 3034 3978 surrexerit,
3086 3930 3437 3988 qua-cumque

1845 4006 2061 4070 dixerit,
2090 4005 2287 4061 frustra
2310 4005 2438 4060 dicit
2474 4022 2488 4056 :
2515 4004 2585 4058 ita
2612 4014 2665 4059 et
2696 4012 2845 4071 tunc,
2888 4005 3145 4075 quamdiu
3194 4020 3437 4077 prostant

1846 4099 2124 4168 mysteria,
2166 4096 2418 4152 omnibus
2461 4095 2635 4150 honor
2674 4095 2941 4150 maximus
2971 4104 3055 4150 est
3093 4096 3144 4150 in
3176 4100 3435 4154 memoria

1845 4188 2053 4243 haberi.
2087 4186 2221 4242 Vide
2245 4188 2388 4242 enim
2414 4203 2427 4240 :
2455 4187 2801 4240 annuntiatur
2822 4196 2946 4241 tunc
2972 4190 3280 4258 mysterium
3305 4190 3434 4245 hor-

1841 4280 2090 4347 rendum,
2114 4280 2255 4351 quod
2277 4294 2374 4349 pro
2400 4277 2600 4332 mundo
2620 4278 2852 4346 seipsum
2880 4278 3020 4333 Deus
3039 4277 3245 4334 dederit
3271 4298 3284 4333 :
3308 4295 3429 4334 cum

1843 4375 2100 4431 miraculo
2127 4374 2220 4427 illo
2249 4381 2551 4443 opportune
2581 4378 2844 4424 memorat
2867 4369 2955 4424 ille
2981 4384 3096 4437 eos,
3126 4371 3215 4440 qui
3245 4386 3431 4441 pecca-

1842 4475 2051 4525 verunt.
2098 4465 2250 4521 Sicut
2287 4464 2429 4519 enim
2474 4461 2689 4533 quando
2734 4461 3075 4531 triumphalia
3118 4478 3302 4534 regum
3332 4464 3432 4519 du-

1842 4570 2056 4624 cuntur,
2112 4568 2240 4612 tunc
2282 4556 2626 4613 celebrantur
2666 4554 2828 4608 etiam
2882 4561 3146 4624 quotquot
3187 4555 3428 4613 victoria:

1841 4651 1973 4707 socii
2006 4650 2257 4713 fuerunt;
2284 4646 2625 4701 dimittuntur
2653 4644 2816 4700 etiam
2848 4644 2904 4707 ii,
2958 4646 3047 4713 qui
3096 4646 3148 4698 in
3202 4646 3430 4702 vinculis

1840 4749 1987 4806 stmt,
2010 4740 2080 4794 ob
2109 4736 2366 4808 temporis
2395 4734 2799 4800 celebritatem;
2849 4735 3035 4802 elapso
3074 4744 3252 4791 autem
3290 4746 3428 4793 tem-

1841 4849 1992 4905 pore,
2015 4832 2103 4902 qui
2130 4829 2263 4885 nihil
2291 4835 2612 4898 assequutus
2640 4834 2742 4889 est,
2765 4825 2914 4880 nullo
2941 4824 3134 4881 fruitur
3163 4843 3176 4881 :
3205 4828 3275 4881 ita
3298 4844 3429 4886 sane

1843 4923 1949 4989 hic,
1976 4918 2374 4990 triumphalium
2405 4926 2614 4986 tempus
2639 4928 2742 4969 est.
2793 4914 2924 4969 Nam
2952 4914 3046 4978 ait,
3073 4915 3428 4981 Quotiescum-

1839 5033 1936 5086 que
1962 5013 2277 5069 manducatis
2304 5026 2487 5080 panem
2513 5009 2669 5074 hunc,
2720 5015 2932 5062 mortem
2977 5005 3185 5062 Domini
3226 5025 3429 5063 annun-

1842 5108 1979 5161 tiatis
2004 5107 2079 5177 (l.
2118 5105 2236 5159 Cor.
2276 5104 2361 5157 il.
2386 5100 2499 5171 26).
2556 5099 2740 5170 Itaque
2775 5114 2843 5154 ne
2886 5108 3178 5170 utcumque
3202 5100 3430 5155 acceda-

1843 5216 1984 5263 mus,
2018 5215 2118 5254 ncc
2143 5207 2347 5253 temere
2383 5195 2497 5249 haec
2523 5192 2639 5248 ï¬eri
2664 5200 2933 5263 putemus.
2961 5191 3213 5262 Alioquin
3244 5200 3426 5246 autem

1842 5300 2107 5363 martyres
2131 5281 2512 5348 memoramus,
2535 5293 2590 5338 et
2612 5282 2715 5338 hoc
2737 5284 2789 5337 in
2819 5281 2998 5347 fidem,
3025 5281 3168 5353 quod
3185 5280 3296 5358 jam
3324 5283 3431 5335 Do-

1844 5389 2024 5439 minus
2054 5388 2300 5436 mortuus
2337 5392 2443 5432 non
2472 5375 2578 5441 sit;
2613 5375 2791 5429 ethoc
2823 5374 3031 5444 signum
3059 5382 3143 5429 est
3163 5382 3429 5447 mortuam

1906 5517 1924 5549 Î¹
1957 5514 2099 5565 Alius
2118 5513 2290 5570 habet,
2312 5510 2356 5562 si
2384 5522 2524 5560 cures
2544 5519 2642 5557 non
2662 5503 2863 5557 divitem
2893 5501 2980 5556 sed
3003 5506 3136 5569 idem
3154 5509 3201 5555 et
3229 5515 3427 5568 gravem

1840 5578 2258 5630 dmreuxorem.
2529 5632 2539 5637 Î‘
3056 5625 3068 5637 .

1901 5625 1976 5705 (di
1995 5625 2249 5691 bonatus
2267 5640 2503 5699 opinatur
2528 5632 2634 5684 haec
2656 5633 2716 5681 ad
2737 5632 2880 5705 illam
2895 5625 3433 5705 litjtlrgijeparticulam

1834 5687 2092 5772 sese;
2105 5687 2179 5772 Î¾Î¹á½·á½³
2198 5687 3302 5772 enisusaee:.ertee;_9:'iâ€˜i.Â§i_dia'9&â€˜z
3323 5687 3436 5772 Este

1836 5750 2557 5823 ad'Ecelesiaa'pteuituuinem
2579 5750 2776 5823 referri,
2793 5752 3077 5823 quaedam
3097 5752 3303 5823 vocatur
3323 5750 3439 5823 ple.

1839 5809 2342 5880 Epidamnium,
2361 5821 2480 5882 quia
2502 5814 2659 5867 sancti
2687 5815 2739 5864 in
2760 5809 2851 5864 hac
2873 5812 2977 5861 vita
2995 5809 3231 5871 precibus
3253 5813 3431 5872 egent.
