3946 6442
495 419 590 476 171

501 529 621 570 esse
669 521 938 575 mortem,
985 508 1128 578 quod
1176 507 1264 562 ille
1305 517 1547 560 mortuus
1586 506 1762 560 fuerit.
1797 505 1920 558 llaec
1966 519 2088 557 cum

499 606 757 668 sciamus,
813 600 1216 657 consideremus
1259 608 1488 669 quantas
1533 610 1816 667 possumus
1842 594 2090 649 consola-

501 701 678 754 tiones
725 696 994 751 defunctis
1041 694 1312 756 conferre,
1359 691 1478 745 vice
1529 689 1909 759 lacrymarum,
1977 684 2092 737 vice

496 792 740 852 lletuum,
777 789 895 841 vice
942 792 1434 846 monumentorum,
1467 781 1842 849 eleemosynas
1873 790 2086 844 nempe,

499 889 1610 916 __________.________—_

491 1086 621 1142 CAP.
667 1084 750 1138 10.
795 1097 844 1133 v.
890 1081 940 1134 i.
983 1077 1070 1132 Vir
1096 1087 1263 1130 autem
1281 1074 1488 1145 quidam
1511 1080 1621 1126 erat
1646 1085 1700 1124 ιη
1728 1068 1961 1123 (Σωεατεα
1993 1080 2098 1120 no-

1270 409 1326 465 S.
1368 409 1645 465 JUANNIS
1670 407 2141 463 CllllYSOS'l‘OMI
2183 408 2498 462 AliClllEP.
2537 408 3072 464 CONSTANTINOP.

1897 939 2248 1002 HOMILIA
2292 943 2504 1006 XXII.
2545 888 2570 900 ﬂ

3689 415 3816 468 17‘}.

2201 504 2491 564 orationes,
2517 505 2848 562 oblationes:
2880 516 2935 558 nt
2956 506 3102 560 etilli
3130 517 3184 560 et
3207 521 3303 560 nos
3326 508 3586 576 promissa
3606 524 3810 562 cause.

2198 609 2425 662 quamur
2447 596 2584 649 bona
2611 637 2625 660 ,
2665 600 2833 664 gratia
2862 606 2917 650 et
2946 597 3272 665 benignitate
3313 599 3573 664 unigeniti
3620 597 3754 652 Filii
3787 639 3808 665 ,

2199 687 2416 755 quicum
2441 688 2582 742 Patri
2613 699 2663 742 et
2703 689 2920 758 Spiritui
2953 701 3137 743 sancto
3163 690 3329 759 gloria
3355 731 3369 755 ,
3394 690 3589 758 honor,
3624 692 3814 761 impe-

2201 778 2362 842 rium,
2381 793 2522 834 nunc
2540 789 2594 833 et
2612 795 2846 850 semper,
2866 781 2993 836 etin
3013 781 3204 835 saecula
3227 781 3570 834 seculorum.
3591 783 3810 836 Amen.

3647 892 3808 901 .—_

2200 1068 2379 1123 statim
2406 1070 2676 1128 dicentem
2696 1092 2814 1145 quae
2846 1077 3087 1134 dicturus
3119 1089 3254 1145 erat,
3281 1079 3375 1136 sed
3404 1081 3551 1150 prius
3577 1081 3808 1137 solven-

557 1180 689 1231 mine
707 1175 987 1237 Cornelius,
1020 1170 1246 1225 centurio
1277 1184 1340 1222 ea:
1365 1167 1592 1228 cohorte,
1616 1179 1732 1232 qua
1755 1172 1961 1216 vocatur
1987 1157 2102 1212 Ita-
2199 1165 2304 1214 tem
2333 1172 2555 1230 metum,
2579 1176 2634 1222 et
2655 1179 2888 1224 mentem
2919 1171 3037 1240 ejus
3066 1173 3382 1243 erigentem.
3409 1173 3544 1228 Nam
3567 1191 3638 1228 ex
3671 1178 3801 1230 visu

565 1274 682 1335 lica,
713 1269 769 1322 2.
806 1269 1068 1338 religiosus
1112 1280 1172 1316 ac
1214 1263 1391 1316 timens
1438 1260 1600 1312 Deum
1635 1273 1753 1310 cum
1777 1256 1914 1310 omni
1939 1253 2089 1306 domo

560 1381 676 1426 sua,
724 1361 914 1432 faciens
953 1359 1294 1426 eleemosynas
1323 1351 1511 1405 multas
1537 1350 1691 1420 plebi,
1736 1357 1782 1401 et
1814 1348 2089 1416 deprecans

566 1457 726 1509 Deum
770 1467 967 1520 semper
995 1464 1013 1503 :
1041 1449 1093 1503 5.
1135 1449 1180 1501 is
1227 1446 1351 1499 uidit
1389 1445 1444 1497 in
1481 1443 1592 1496 visu
1640 1439 1906 1507 manifeste
1938 1435 2087 1507 quasi

559 1551 688 1603 hora
717 1547 819 1600 diei
847 1560 1003 1608 nona,
1053 1542 1288 1611 angelum
1331 1537 1428 1591 Dei
1470 1538 1802 1589 introeuntem
1829 1534 1896 1586 ad
1920 1547 1973 1586 se
1991 1572 2005 1593 ,
2036 1540 2085 1583 et

560 1640 807 1693 dicentem
835 1634 950 1693 sibi.
983 1631 1205 1689 Corneli.
1233 1631 1289 1684 4.
1316 1628 1378 1682 At
1401 1627 1491 1681 ille
1515 1627 1714 1680 intuens
1742 1640 1877 1686 eum,
1907 1623 2086 1675 timore

557 1739 818 1800 correptus
837 1729 1008 1782 dixit:
1039 1724 1175 1791 Quid
1203 1732 1292 1784 est,
1330 1718 1586 1773 Domine?
1616 1715 1758 1770 Dixit
1780 1724 1946 1768 autem
1970 1713 2083 1766 illi:

561 1825 831 1879 Orationes
862 1831 962 1875 ωας
988 1828 1034 1873 et
1061 1818 1389 1885 eleemosyna:
1416 1824 1516 1866 tua:
1538 1811 1875 1866 ascenderunt
1907 1810 1960 1862 in
1986 1824 2082 1862 me-

555 1917 772 1969 moriam
802 1914 856 1967 in
882 1919 1154 1980 conspectu
1186 1907 1299 1960 Dei.

556 2011 609 2062 1.
653 2007 749 2060 llic
798 2017 906 2058 non
951 2008 1069 2056 erat
1111 1998 1348 2062 Judaeus,
1399 2009 1498 2050 nec
1537 1993 1750 2048 vivebat
1781 1991 2076 2046 secundum

486 2102 696 2170 legem;
738 2095 832 2151 sed
867 2094 976 2163 jam
1010 2096 1478 2161 praeoccupaverat
1505 2085 1804 2140 institutum
1835 2084 1958 2137 vita:
1984 2097 2081 2136 no-

480 2203 670 2245 strum.
707 2188 772 2242 Et
801 2186 922 2240 vide
947 2184 1079 2238 duos
1100 2182 1406 2242 credentes,
1433 2176 1738 2232 eunuchum
1762 2176 1815 2229 in
1836 2175 2000 2238 Gaza,
2024 2183 2080 2228 et

483 2284 643 2342 hunc,
674 2279 863 2333 ambos
889 2277 942 2330 in
969 2271 1314 2344 dignitatibus
1343 2268 1687 2327 constitutos,
1721 2279 2078 2334 magnamque

479 2375 547 2428 de
572 2371 677 2426 illis
714 2369 950 2424 habitam
999 2380 1205 2421 curam.
1251 2361 1358 2417 Sed
1392 2376 1459 2415 ne
1487 2368 1643 2431 putes
1667 2359 1736 2413 ob
1767 2357 2072 2427 dignitates.

478 2465 592 2520 Non
617 2479 680 2518 ea
715 2463 783 2518 de
827 2475 1009 2524 causa,
1055 2456 1230 2520 absit;
1261 2453 1354 2508 sed
1389 2461 1606 2520 propter
1634 2450 1905 2520 pietatem.
1952 2445 2075 2500 Ideo

476 2559 764 2628 dignitates
795 2553 982 2624 positae
1009 2558 1153 2614 sunt,
1177 2556 1235 2601 ut
1265 2545 1437 2616 major
1457 2542 1625 2613 pietas
1648 2542 1900 2595 eluceret.
1927 2539 2075 2592 Mira-

474 2651 632 2706 hilius
654 2649 850 2719 quippe
874 2655 976 2706 est,
1010 2657 1130 2697 cum
1153 2639 1272 2709 quis
1299 2638 1350 2691 in
1378 2635 1578 2690 divitiis
1607 2643 1663 2687 et
1687 2632 1926 2702 potentia
1944 2646 2072 2686 con-

473 2743 712 2804 stitutus,
737 2737 856 2792 talis
878 2734 1054 2790 fuerit.
1083 2732 1245 2786 Certe
1274 2741 1462 2797 magna
1494 2725 1636 2780 illius
1662 2724 1780 2778 laus
1799 2731 1904 2786 est,
1928 2721 2071 2791 quod

474 2842 672 2888 tantam
705 2826 1187 2898 peregrinationem
1211 2820 1507 2889 susciperet
1533 2859 1548 2882 ,
1581 2831 1680 2870 nec
1710 2815 1802 2869 tali
1830 2823 2074 2883 tempore

473 2930 526 2979 in
560 2926 643 2978 via
675 2923 956 2976 lectionem
985 2915 1385 2977 intermitteret,
1433 2920 1489 2965 et
1519 2909 1658 2979 quod
1688 2923 1851 2963 curru
1889 2916 2072 2961 vectus

473 3017 775 3084 Philippum
807 3011 1117 3072 advocaret,
1145 3005 1418 3072 multaque
1445 3001 1547 3055 alia
1579 3019 1594 3057 :
1625 3013 1876 3068 magnum
1908 2997 2070 3051 etiam

476 3109 534 3163 in
561 3105 664 3161 hoc
690 3115 794 3166 est,
829 3099 974 3172 quod
999 3099 1372 3166 eleemosynas
1403 3100 1458 3147 et
1485 3105 1672 3160 preces
1698 3091 1988 3152 emitteret,
2016 3093 2073 3143 et

474 3200 528 3253 in
561 3207 708 3250 tanto
737 3192 1033 3263 principatu
1060 3188 1177 3258 pius
1203 3193 1366 3240 esset.
1413 3182 1566 3237 Unde
1604 3190 1659 3236 et
1686 3181 1754 3236 ab
1784 3181 1885 3234 hoc
1920 3179 2071 3234 illum

479 3299 661 3345 notum
695 3286 822 3340 facit
853 3303 865 3338 :
899 3293 954 3338 et
994 3281 1187 3336 merito
1209 3319 1224 3344 ,
1259 3287 1318 3331 ut
1355 3292 1424 3330 ne
1455 3275 1574 3345 quis
1602 3274 1808 3329 diceret
1854 3272 2070 3326 mentiri

479 3382 877 3450 Scripturarum
923 3373 1222 3428 historiam.
1251 3368 1336 3423 Ea:
1359 3367 1583 3430 cohorte,
1611 3365 1802 3434 inquit,
1835 3377 1949 3432 qua:
1981 3377 2069 3416 vo-

473 3475 686 3528 cabatur
723 3468 928 3522 ltalica.
957 3455 1166 3520 Cohors
1204 3458 1281 3530 (a)
1315 3467 1452 3524 erat,
1487 3455 1537 3510 id
1566 3455 1706 3526 quod
1737 3469 1876 3508 nunc
1906 3469 2067 3507 voca-

477 3580 597 3619 tnus
619 3573 922 3616 numerum.
957 3555 1080 3608 Pius
1107 3570 1166 3606 ac
1197 3552 1375 3605 timens
1406 3549 1568 3602 Deum
1597 3563 1712 3600 cum
1741 3545 1879 3600 omni
1916 3545 2066 3598 domo

473 3673 588 3710 sua.
618 3653 744 3708 Haec
785 3650 932 3714 dicit,
980 3663 1049 3702 ne
1075 3654 1231 3716 putes
1268 3644 1338 3698 ob
1372 3641 1685 3712 dignitatem
1713 3639 1829 3708 ejus
1855 3639 1932 3692 sic
1959 3637 2070 3692 dis-

471 3755 755 3819 pensatum
796 3742 982 3798 fuisse.
1032 3736 1257 3806 Quando
1286 3731 1506 3790 Patilum
1537 3731 1729 3785 adduci
1759 3731 2062 3800 Oportebat,

475 3855 582 3896 non
614 3836 855 3907 angelus,
886 3831 980 3886 sed
1003 3831 1120 3899 ipse
1160 3828 1416 3882 Dominus
1446 3833 1704 3893 apparet;
1735 3837 1912 3891 neque
1943 3821 2066 3875 mit-

477 3931 539 3985 tit
566 3944 688 3984 eum
737 3925 804 3979 ad
846 3923 1079 3992 aliquam
1121 3935 1186 3974 ex
1217 3916 1502 3972 duodecim
1539 3915 1665 3979 illis,
1699 3912 1795 3968 sed
1820 3913 1886 3966 ad
1918 3914 2063 3966 Ana-

473 4023 639 4077 niam.
671 4020 768 4073 llic
793 4031 919 4071 vero
947 4022 1153 4075 contra,
1177 4011 1522 4082 coryplneum
1554 4009 1735 4073 mittit,
1765 4017 1826 4061 ιιι
1853 4007 2061 4075 Philip-

471 4129 598 4184 pum
620 4113 684 4166 ad
707 4108 1034 4170 eunuchum,
1058 4105 1266 4159 illorum
1291 4101 1583 4157 infirmitati
1600 4116 1659 4155 se
1679 4109 2060 4168 altemperans,

469 4206 775 4274 decensque
825 4197 1096 4271 quomodo
1141 4195 1334 4250 talibus
1385 4193 1461 4248 uti
1508 4201 1771 4262 oporteat.
1828 4190 1961 4244 Nam
2004 4199 2060 4244 et

469 4297 717 4353 Christus
760 4307 903 4362 smpe
929 4297 1152 4361 apparet
1199 4288 1283 4351 iis,
1336 4285 1426 4356 qui
1455 4285 1597 4339 mala
1635 4283 1928 4352 patiuntur,
1963 4295 2062 4336 nec

472 4398 699 4460 possunt
727 4401 822 4456 per
849 4400 908 4440 se
938 4382 1219 4438 accedere.
1249 4379 1386 4434 Vide
1413 4386 1592 4431 autem
1619 4388 1674 4430 et
1703 4376 1788 4431 hic
1809 4416 1823 4440 ,
1854 4389 2058 4444 quaeso,

472 4481 618 4536 aliud
645 4479 1005 4548 eleemosynte
1031 4471 1369 4530 encomiunt;
1420 4479 1479 4522 ut
1515 4478 1569 4523 et
1597 4468 1704 4522 illic
1729 4467 1781 4521 in
1811 4465 2059 4520 Tabitha.

483 4573 571 4625 Vir
598 4572 733 4640 pius,
763 4568 953 4638 inquit,
979 4575 1025 4619 et
1051 4565 1231 4617 timens
1267 4561 1430 4614 Deum
1468 4576 1583 4613 cum
1611 4558 1750 4613 omni
1774 4558 1923 4611 domo
1943 4573 2056 4610 sua.

475 4665 770 4720 Audiamus
820 4668 1078 4731 quotquot
1117 4656 1443 4710 domesticos
1487 4653 1617 4708 nihil
1661 4666 1931 4707 curamus.
1963 4652 2059 4706 llic

469 4768 650 4812 autem
696 4763 753 4809 et
793 4752 1023 4808 militum
1057 4763 1242 4803 curam
1281 4747 1520 4816 gerebat,
1568 4753 1621 4799 et
1660 4744 2058 4813 eleemosynam

449 4849 729 4916 erogabat
749 4845 897 4900 omni
933 4841 1150 4912 populo.
1196 4839 1285 4894 Sic
1327 4847 1381 4893 et
1421 4837 1669 4906 dogmata
1701 4845 1758 4890 et
1779 4835 1888 4888 vita
1920 4833 2062 4888 illius

473 4949 620 4994 recta
652 4937 886 4991 fuerunt.
924 4931 1063 4984 Vidit
1092 4932 1145 4984 in
1170 4931 1280 4983 uisu
1309 4929 1596 5000 manifeste,
1625 4927 1770 4996 quasi
1801 4927 1926 4978 liora
1961 4925 2061 4978 diei

472 5048 633 5094 nona,
674 5027 908 5096 angelum
937 5023 1032 5076 Dei
1062 5024 1395 5075 introeuntem
1411 5020 1476 5072 ad
1496 5034 1569 5082 se,
1600 5027 1645 5071 et
1670 5017 1915 5070 dicentem
1943 5015 2058 5080 sibi,

472 5119 694 5176 Corneli.
734 5116 911 5182 Quare
939 5113 1084 5167 videt
1118 5109 1412 5181 angelum?
1451 5109 1520 5164 Ut
1543 5109 1740 5163 certior
1769 5107 1919 5160 ﬁeret
1958 5107 2060 5160 Pe-

471 5223 626 5276 trus;
657 5209 766 5263 imo
797 5222 900 5260 non
928 5204 1039 5269 ille,
1077 5202 1171 5256 sed
1199 5202 1286 5254 alii
1314 5199 1658 5254 inﬁrmiores.
1691 5195 1848 5251 Noua
1881 5205 2060 5267 autem

473 5306 600 5358 liora
618 5341 634 5364 ,
672 5297 886 5368 quando
912 5295 1056 5349 curis
1084 5293 1222 5347 liber
1251 5293 1302 5346 in
1328 5294 1509 5361 quiete
1534 5297 1671 5356 erat,
1703 5305 1824 5344 cum
1858 5288 1909 5342 in
1936 5301 2059 5341 ora-

459 5394 708 5449 tionibus
730 5399 786 5446 et
814 5390 867 5443 in
895 5387 1310 5457 compunctione
1334 5384 1668 5437 versabatur.
1718 5380 1932 5435 Intuens
1969 5397 2062 5432 au-

469 5496 574 5539 tem
605 5485 772 5545 illum,
803 5481 981 5533 timore
1005 5486 1288 5546 correptus,
1321 5475 1470 5528 dixit.
1523 5473 1656 5526 Vide
1681 5471 1925 5542 angelum
1958 5486 2063 5526 non

536 5577 609 5636 (a)
654 5572 711 5636 in
735 5571 904 5622 Graeco
927 5569 1128 5636 legitur,
1153 5583 1282 5636 επαεα
1298 5606 1311 5624 ,
1332 5563 1460 5628 quod
1485 5564 1573 5636 a_d_
1589 5562 1780 5636 literam
1815 5561 2055 5636 reddare..-

475 5622 571 5693 utr,
592 5622 746 5693 'spira.
774 5641 918 5681 Porro
955 5622 1164 5693 spiraret
1187 5622 1374 5693 cohors
1397 5625 1525 5693 apud
1548 5625 1788 5686 Polybium
1810 5622 2053 5693 differunt.

477 5686 632 5744 Graeci
657 5695 908 5744 cohortem
950 5686 1249 5754 161w_dict1ut
1265 5686 1443 5754 ,_cuju_s
1461 5686 1634 5754 ductor
1663 5697 1847 5748 meum;
1871 5691 1923 5732 et
1945 5689 2063 5732 sunt

478 5755 681 5804 tiu-lasso
715 5755 972 5815 quingenti
995 5748 1188 5801 milites.
1229 5748 1388 5811 Polyb.
1415 5749 1456 5816 Ιζ
1472 5748 1504 5796 6
1525 5761 1538 5796 :
1564 5761 1624 5816 φὶ
1646 5760 1689 5797 τὸ
1707 5760 1770 5808 μιν
1792 5761 1895 5816 tum
1911 5756 2063 5816 ωηο»

478 5831 622 5866 huius
635 5829 692 5865 sui
957 5831 1118 5874 πιὶξαν,
1148 5826 1207 5862 καὶ
1231 5807 1694 5875 quitov._Casaubon.
1740 5821 1804 5858 Ασ
1842 5807 2062 5870 singulas

475 5886 638 5943 partes
657 5872 916 5938 appellarit
937 5872 1174 5932 ordinem,
1202 5872 1530 5933 manipulum,
1555 5883 1760 5934 signum.

2195 1259 2370 1306 metus
2399 1253 2531 1321 fuit;
2562 1257 2655 1312 sed
2683 1269 2857 1316 metus
2884 1263 3211 1331 moderatus,
3232 1264 3320 1334 qui
3349 1265 3495 1319 illum
3520 1267 3793 1322 intentum

2193 1342 2442 1400 redderet
2493 1357 2716 1405 tantum.
2779 1353 2982 1409 Deinde
3021 1357 3186 1410 verba
3233 1369 3432 1412 metum
3485 1359 3789 1425 solverunt,

2193 1430 2302 1487 imo
2328 1437 2505 1504 potius
2536 1439 2720 1496 laudes
2757 1442 2861 1497 illis
2889 1446 3155 1514 adjnncun
3194 1447 3399 1502 timoris
3433 1450 3782 1519 aSperitatem

2191 1527 2520 1598 mitigarent.
2554 1533 2690 1588 Audi
2734 1551 2864 1590 vero
2892 1553 3011 1606 quae
3039 1539 3202 1592 verba
3232 1557 3246 1591 :
3290 1539 3565 1596 Orationes
3601 1551 3695 1596 tua:
3728 1551 3778 1596 et

2188 1619 2516 1691 eleemosynte
2541 1632 2641 1678 tua:
2669 1627 3005 1681 ascenderunt
3028 1630 3080 1682 in
3107 1631 3400 1683 memoriam
3425 1631 3479 1685 in
3508 1644 3774 1702 conspectu

2188 1708 2306 1766 Dei.
2336 1712 2390 1768 5.
2428 1711 2580 1768 Nunc
2627 1732 2746 1786 ergo
2792 1719 2932 1772 mitte
2975 1721 3110 1774 viros
3153 1722 3208 1774 in
3247 1720 3472 1792 lappen,
3516 1735 3565 1777 et
3595 1727 3783 1778 accersi

2188 1803 2450 1858 Simonem
2477 1811 2765 1875 quemdam,
2799 1810 2883 1879 qui
2925 1813 3310 1881 cognominatur
3335 1812 3541 1870 Petrus.
3592 1815 3670 1870 Ne
3717 1815 3786 1868 ad

2186 1893 2350 1949 alium
2382 1898 2618 1966 veniant,
2654 1915 2760 1954 non
2790 1915 2818 1954 a
2851 1903 3171 1971 cognomine
3201 1911 3406 1958 tantum
3430 1947 3446 1970 ,
3489 1906 3588 1961 sed
3619 1907 3784 1961 etiam

2185 2001 2216 2039 a
2254 1986 2372 2041 loco
2400 1989 2572 2042 virum
2609 1990 2852 2045 denotat.
2883 1991 2938 2046 6.
2977 1993 3076 2047 llic
3105 1995 3396 2065 ltospitatur
3431 1998 3572 2066 apud
3605 1997 3785 2053 Simo-

2185 2094 2298 2131 nem
2324 2080 2592 2148 quemdam
2621 2083 2930 2150 coriarium,
2963 2086 3115 2156 cujus
3138 2088 3415 2142 estdomus
3432 2091 3591 2158 juxta
3618 2107 3783 2144 mare.

2186 2169 2433 2225 Vidistin’
2477 2175 2753 2243 quomodo
2802 2178 3072 2246 apostoli,
3123 2179 3428 2235 solitudinis
3475 2191 3531 2236 et
3581 2184 3786 2252 quietis

2183 2273 2446 2330 amantes,
2473 2269 2792 2324 remotiores
2818 2270 3028 2324 urbium
3052 2281 3231 2340 partes
3255 2275 3618 2329 sectarentur?
3641 2276 3785 2342 Quid

2184 2355 2365 2425 igitur,
2419 2358 2463 2410 si
2491 2359 2808 2428 contigisset
2852 2362 3016 2416 alium
3048 2375 3170 2418 esse
3203 2363 3475 2418 Simonem
3503 2374 3558 2421 et
3604 2368 3782 2436 ipsum

2181 2447 2508 2502 coriarium?
2561 2449 2666 2505 Sed
2722 2461 2777 2506 et
2840 2453 3002 2507 aliam
3070 2463 3253 2509 notam
3298 2455 3576 2523 habebat,
3633 2460 3781 2527 quod

2181 2539 2442 2595 habitaret
2461 2541 2610 2611 juxta
2635 2558 2782 2598 mare
2815 2563 2828 2597 :
2863 2547 2962 2598 tria
2991 2555 3168 2602 autem
3201 2547 3287 2602 illa
3317 2564 3422 2602 non
3449 2563 3781 2606 concurrere

2179 2641 2448 2701 poterant.
2499 2633 2609 2689 Nec
2642 2634 2796 2701 dixit,
2827 2652 3013 2706 quare,
3047 2653 3116 2694 ne
3144 2641 3441 2703 resolutum
3485 2643 3777 2705 redderet;

2179 2724 2275 2777 sed
2305 2724 2540 2793 dimisit,
2583 2735 2643 2782 ut
2682 2729 2933 2783 audiendi
2963 2729 3232 2786 desiderio
3271 2733 3582 2800 teneretur?
3617 2736 3673 2792 7.
3707 2734 3778 2788 Et

2180 2833 2296 2869 cum
2318 2818 2623 2872 discessisset
2648 2820 2879 2891 angelus,
2911 2825 3000 2890 qui
3020 2821 3315 2889 loquebatur
3338 2823 3593 2888 Cornelio,
3621 2841 3776 2879 voca-

2178 2911 2247 2963 vit
2273 2911 2401 2963 duos
2435 2911 2737 2965 domesticos
2783 2930 2923 2979 suos,
2954 2924 3002 2968 et
3030 2915 3239 2969 militem
3263 2925 3560 2970 metuentem
3582 2916 3770 2971 Domi-

2179 3020 2322 3069 num,
2355 3020 2418 3058 ex
2433 3005 2498 3058 iis
2525 3006 2610 3073 qui
2639 3006 2717 3058 illi
2746 3006 3018 3075 parebant.
3046 3006 3100 3061 8.
3152 3005 3344 3072 Quibus
3373 3024 3489 3061 cum
3516 3020 3766 3062 narrasset

2178 3099 2370 3163 omnia,
2417 3098 2554 3152 misit
2589 3097 2708 3152 illos
2751 3100 2807 3152 in
2842 3097 3068 3170 Joppen.
3117 3098 3307 3154 Viden’
3342 3100 3490 3154 illum
3521 3101 3634 3155 hanc
3661 3118 3771 3156 non

2177 3191 2295 3245 sine
2322 3205 2482 3245 causa
2513 3190 2717 3256 dicere,
2763 3190 2855 3245 sed
2884 3200 2943 3245 ut
2971 3191 3282 3246 ostenderet
3311 3207 3426 3258 eos,
3469 3194 3558 3262 qui
3611 3209 3772 3264 pare-

2176 3281 2307 3335 bant
2334 3281 2427 3346 illi,
2461 3282 2594 3336 talcs
2622 3281 2830 3336 fuisse?
2879 3280 2945 3335 Et
2991 3298 3108 3336 cum
3131 3293 3382 3338 narrasset
3421 3285 3524 3338 illis
3553 3288 3729 3339 omnia
3751 3330 3766 3350 ,

2178 3371 2368 3441 inquit.
2400 3373 2532 3427 Vide
2557 3388 2716 3443 quam
2747 3373 2956 3428 alienus
2977 3374 3045 3429 sit
3067 3390 3097 3429 a
3132 3374 3290 3430 fastu.
3322 3375 3437 3430 Non
3466 3377 3633 3441 dixit,
3670 3378 3764 3431 Vo-

2174 3473 2294 3520 cate
2319 3463 2447 3519 mihi
2472 3464 2729 3530 Petrum;
2761 3465 2857 3520 sed
2877 3475 2934 3520 ut
2954 3465 3227 3530 suaderet,
3268 3467 3507 3520 narravit
3534 3469 3710 3521 omnia
3740 3486 3752 3518 :

2175 3558 2255 3612 sic
2284 3572 2400 3612 rem
2425 3558 2512 3612 illc
2544 3558 2766 3626 provide
2793 3559 3004 3626 agebat.
3054 3557 3173 3612 Non
3201 3558 3346 3612 enim
3373 3559 3544 3614 voluit
3569 3575 3639 3613 ex
3670 3575 3766 3614 auo

2175 3647 2425 3704 ctoritate
2473 3649 2620 3703 illum
2669 3663 2950 3704 accersere
2980 3666 2995 3703 :
3029 3649 3151 3703 ideo
3181 3658 3380 3704 narrat.
3423 3649 3604 3720 Usque
3633 3653 3772 3706 adeo

2175 3741 2452 3794 modestus
2477 3749 2594 3794 erat
2621 3739 2804 3802 homo,
2846 3739 3057 3794 etiamsi
3087 3739 3220 3793 nihil
3257 3754 3505 3810 magnum
3543 3743 3772 3811 cogitari

2174 3841 2358 3901 posset
2379 3832 2448 3886 de
2473 3833 2590 3886 viro
2613 3831 2752 3902 apud
2773 3833 3060 3887 coriarium
3091 3832 3426 3888 diversante.
3459 3833 3510 3888 9.
3545 3834 3770 3890 Postera

2172 3933 2344 3977 autem
2383 3923 2484 3990 die,
2535 3924 2631 3976 iter
2665 3923 2770 3977 illis
2809 3923 3134 3994 facientibus,
3166 3933 3214 3978 et
3238 3927 3769 3995 appropinquantibus

2171 4016 2381 4082 civitati,
2427 4015 2653 4068 ascendit
2701 4015 2884 4069 Petrus
2916 4015 2971 4070 in
2998 4016 3263 4086 superiora
3288 4017 3425 4070 circa
3449 4017 3626 4070 horam
3651 4035 3770 4072 se:-

2175 4117 2298 4161 tam.
2331 4107 2467 4163 Vide
2505 4105 2776 4176 quomodo
2805 4105 3036 4176 Spiritus
3069 4118 3307 4176 tempora
3334 4119 3648 4171 connectat,
3697 4123 3762 4163 ac

2171 4215 2345 4270 neque
2383 4201 2540 4255 citius
2583 4214 2756 4270 neque
2790 4200 2999 4254 tardius
3032 4215 3146 4255 rem
3177 4199 3351 4254 iaciat.
3387 4200 3647 4260 Ascendit,
3681 4199 3759 4252 in-

2171 4295 2304 4363 quit,
2339 4292 2525 4348 Petrus
2553 4295 2605 4346 in
2632 4293 2914 4361 superiora,
2961 4301 3017 4346 ut
3050 4300 3217 4346 oraret
3253 4291 3390 4344 circa
3428 4292 3603 4346 horam
3646 4307 3760 4350 sea;-

2172 4396 2277 4440 tam
2303 4401 2323 4440 :
2363 4386 2468 4440 hoc
2507 4395 2610 4451 est,
2657 4399 2902 4439 seorsum
2931 4393 2986 4438 et
3017 4384 3068 4437 in
3096 4384 3297 4453 quiete,
3325 4385 3476 4451 quasi
3500 4384 3552 4436 in
3573 4397 3758 4436 cinna-

2169 4479 2310 4532 culo.
2339 4477 2424 4532 l0.
2471 4477 2534 4530 Et
2565 4493 2676 4530 cum
2722 4479 2956 4542 esuriret,
3003 4476 3162 4530 voluit
3199 4485 3421 4544 gustare.
3451 4473 3761 4529 Parentibus

2168 4581 2335 4624 autem
2356 4571 2480 4636 illis,
2525 4571 2702 4623 cecidit
2739 4585 2892 4638 super
2919 4584 3033 4622 eum
3059 4569 3238 4622 mentis
3264 4582 3514 4634 excessus,
3560 4578 3605 4620 et
3637 4569 3760 4621 uidit

2169 4663 2348 4716 etclam
2372 4673 2622 4731 apertum.
2669 4661 2807 4727 Quid
2835 4671 2920 4716 est
2949 4662 3145 4716 mentis
3166 4675 3419 4715 excessus
3443 4662 3468 4713 ?
3493 4660 3758 4730 Spirittta-

2169 4752 2256 4816 lis,
2288 4753 2479 4821 inquit,
2527 4752 2909 4820 contemplatio
2946 4751 3147 4806 accidit
3172 4751 3244 4805 illi
3278 4767 3383 4806 :ex
3410 4766 3659 4820 corpore,
3703 4761 3763 4804 ut

2170 4842 2240 4897 ita
2271 4841 2465 4906 dicam,
2498 4841 2731 4896 excessit
2757 4841 2956 4895 anima.
2989 4841 3076 4896 M.
3129 4841 3191 4893 Et
3231 4841 3355 4894 vidit
3398 4842 3578 4895 cazlum
3605 4858 3761 4910 aper-

2170 4943 2296 4999 tum,
2319 4943 2368 4987 et
2389 4933 2694 4987 descendens
2714 4949 2800 4987 vas
2826 4931 3085 5001 quoddam
3105 4932 3235 4984 velut
3265 4931 3472 4985 linteum
3495 4948 3758 5002 magnum,

2167 5037 2385 5096 quatuor
2403 5027 2561 5080 initiis
2600 5026 2822 5079 submitti
2849 5024 2912 5077 de
2937 5023 3061 5078 ccelo
3099 5023 3152 5076 in
3179 5031 3367 5075 terram
3398 5039 3418 5076 :
3462 5022 3548 5077 12.
3581 5023 3633 5074 in
3659 5039 3762 5089 quo

2168 5128 2311 5172 erant
2333 5118 2504 5171 omnia
2531 5116 2879 5186 quadrupedia
2919 5124 3096 5178 teme,
3129 5123 3175 5166 et
3207 5113 3375 5166 bestia:
3419 5121 3464 5165 et
3508 5113 3761 5182 serpentia

2168 5221 2216 5263 et
2243 5207 2474 5263 volatilia
2503 5207 2636 5262 cwli.
2665 5207 2753 5260 15.
2786 5205 2848 5258 Ει
2883 5209 3020 5276 facta
3046 5212 3119 5257 est
3153 5219 3246 5256 vox
3272 5203 3340 5256 ad
3365 5218 3482 5255 eum
3509 5217 3528 5256 :
3567 5201 3754 5272 Surge,

2171 5300 2343 5363 Petre,
2367 5298 2560 5362 occide,
2592 5307 2636 5352 et
2666 5296 2937 5349 manduca.
2970 5294 3058 5348 H.
3086 5293 3170 5346 Ait
3197 5303 3368 5347 autem
3400 5291 3585 5346 Petrus
3612 5308 3630 5345 :
3660 5293 3758 5344 Ab-

2168 5395 2254 5457 sit,
2287 5392 2526 5454 Domine,
2559 5391 2676 5460 quia
2703 5403 2979 5453 numquam
2999 5385 3298 5438 mauducavi
3327 5399 3474 5437 omne
3499 5399 3762 5436 commune

2170 5496 2216 5540 et
2245 5483 2586 5539 innnnndum.
2637 5481 2722 5536 15.
2772 5479 2836 5531 Et
2875 5493 2974 5532 vos:
3015 5478 3198 5530 iterum
3245 5475 3464 5529 secundo
3506 5475 3575 5527 ad
3599 5490 3714 5527 eum
3739 5489 3759 5528 :

2171 5577 2322 5645 Quod
2344 5575 2481 5630 Deus
2507 5573 2813 5645 puriﬁcavit,
2844 5581 2897 5624 tu
2925 5583 3187 5623 commune
3204 5583 3268 5620 ne
3297 5566 3504 5621 dixeris.
3531 5566 3619 5620 16.
3650 5563 3762 5618 Hoc

2165 5677 2333 5722 autem
2355 5671 2544 5738 factum
2575 5675 2646 5718 est
2686 5679 2842 5732 usque
2879 5662 3062 5724 tertio;
3092 5669 3139 5712 et
3175 5658 3345 5712 statim
3392 5665 3648 5724 receptum
3691 5665 3761 5709 est

2169 5778 2254 5816 uas
2282 5763 2333 5813 in
2362 5760 2563 5813 ccelum.

2245 5853 2298 5907 ἢ.
2333 5851 2470 5918 Quid
2517 5849 2618 5904 hoc
2645 5848 2763 5902 est?
2800 5843 3110 5917 Symbolum
3151 5841 3312 5896 totius
3340 5839 3498 5895 orbis
3526 5853 3615 5893 res
3654 5847 3759 5891 est.
