3946 6440
394 446 499 505 173

394 561 536 615 πάνυ
552 562 738 623 αὐτοῖς
763 560 1111 631 προσίστατο,
1137 560 1455 628 ἀναγκαίως
1476 559 1839 628 οἰκονομεῖται
1863 556 2059 619 εἰπεῖν,

396 650 696 706 Οὐδέποτε
741 650 971 720 ἔφαγον
1006 666 1021 680 ·
1055 650 1173 721 οὐχὶ
1198 649 1361 711 αὐτὸς
1390 645 1675 710 δεδοικὼς,
1717 645 1791 717 μὴ
1816 643 2027 713 γένοιτο
2048 682 2062 705 ,

394 736 507 791 ἀλλ’
548 737 654 791 ὑπὸ
685 736 779 790 τοῦ
808 736 1147 808 Πνεύματος,
1195 736 1269 800 ὡς
1300 735 1456 806 ἔφην,
1482 732 1952 802 οἱκονομούμενος,
1994 728 2063 781 ἵν’

393 827 495 901 ἔχῃ
533 827 832 896 ἀπολογίαν
871 827 1008 898 πρὸς
1048 826 1177 888 τοὺς
1216 823 1582 895 ἐγκαλοῦντας
1608 863 1621 884 ,
1651 823 1732 875 ὅτι
1763 820 1854 872 καὶ
1889 819 2065 873 ἀντεῖ-

393 933 496 968 πεν
521 932 535 946 ⁸
562 916 705 969 πάνυ
725 915 835 987 γὰρ
859 916 1043 978 αὐτοῖς
1071 914 1229 985 ἔμελε
1255 913 1347 966 τοῦ
1370 913 1462 966 16v
1492 910 1655 980 νόμον
1678 905 2062 978 φυλάττεσθαι.

392 1004 494 1070 Είς
518 1003 649 1069 ἔθνη
672 1004 972 1074 ἐπέμπετο.
1009 1003 1129 1055 Ἵνα
1157 998 1249 1055 οῦν
1282 1001 1358 1071 μὴ
1391 1000 1487 1053 καὶ
1516 992 1664 1051 οὗτοι
1731 993 1896 1048 αὑτοῦ
1932 1009 2064 1046 κατ-

400 1091 699 1163 ηγορῶσιν,
731 1091 805 1153 ὡς
835 1090 1007 1161 ἔφθην
1025 1089 1216 1156 εἰπὼν,
1249 1088 1421 1142 ταῦτα
1457 1087 1822 1155 οἰκονομεῖται
1842 1099 1855 1113 ·
1898 1083 1931 1151 ἦ
1973 1081 2066 1134 καὶ

396 1178 486 1231 ἵνα
512 1178 586 1250 μὴ
609 1177 735 1250 δόξῃ
757 1178 1025 1246 φαντασία
1043 1196 1129 1242 τις
1157 1173 1320 1239 εἶναι,
1344 1172 1486 1235 εἷπε,
1515 1170 1833 1241 Μηδαμῶς,
1866 1170 2062 1237 Κύριε,

395 1266 486 1320 ὅτι
510 1265 796 1320 οὐδέποτε
835 1268 1063 1337 ἔφαγον
1089 1266 1296 1320 κοινὸν
1333 1263 1371 1331 ἢ
1407 1262 1765 1328 ἀκάθαρτον.
1812 1257 2067 1324 Ἐγένετο

394 1352 451 1405 δὲ
490 1353 646 1422 φωνὴ
675 1354 811 1425 πρὸς
844 1355 1009 1407 αὐτόν
1040 1370 1055 1385 ·
1094 1356 1164 1407 ’Ἀ
1199 1355 1231 1406 ὁ
1275 1351 1419 1415 Θεὸς
1463 1347 1817 1414 ὲκαθάρισε,
1866 1343 1948 1397 σὺ
1976 1343 2065 1412 μὴ

393 1440 627 1494 κοίνου.
669 1441 841 1493 Τοῦτο
885 1441 1036 1494 δοκεῖ
1078 1440 1174 1510 μὲν
1212 1437 1350 1509 πρὸς
1395 1436 1558 1491 αὐτὸν
1588 1432 1885 1502 λέγεσθαι*
1916 1431 1977 1483 16
2006 1431 2064 1483 δὲ

393 1529 504 1581 πᾶν
535 1531 673 1599 πρὸς
709 1529 999 1592 Ἰουδαίους
1026 1527 1267 1595 λέγεται.
1312 1525 1376 1578 Et
1401 1524 1509 1594 γὰρ
1546 1525 1575 1575 6
1603 1520 1918 1583 διδάσκαλος
1941 1520 2064 1571 ἐπι-

390 1615 620 1684 τιμᾶται
647 1654 663 1679 ,
713 1614 896 1683 πολλῷ
946 1613 1146 1683 μᾶλλον
1195 1605 1363 1667 οὗτοι.
1418 1612 1483 1664 Ἦ
1516 1607 1610 1664 οῦν
1649 1608 1839 1662 σινδὼν
1863 1646 1879 1671 ,
1905 1606 2067 1659 τοῦτό

391 1702 542 1755 ἐστιν
572 1704 606 1771 ἡ
639 1700 712 1771 γῆ
744 1717 758 1731 '
797 1702 866 1754 τὰ
892 1703 948 1756 δέ
973 1715 998 1743 ι
1029 1705 1087 1754 ἐν
1118 1701 1256 1772 αὐτῇ
1296 1699 1484 1771 θηρία,
1516 1699 1564 1751 οἱ
1595 1697 1656 1761 ἐξ
1682 1695 1882 1750 ἐθνῶν·
1905 1694 2062 1756 τὸδὲ,

306 1772 310 1776 Δ
394 1790 599 1845 Θῦσον
639 1788 738 1843 καὶ
780 1788 968 1859 φάγε,
1008 1789 1089 1840 ὅτι
1143 1788 1418 1849 κάκείνοις
1449 1785 1531 1838 δεῖ
1562 1783 1845 1856 προσιέναι
1877 1800 1889 1814 ·
1922 1782 1983 1835 τὸ
2005 1781 2065 1834 δὲ

388 1879 574 1949 τρίτον
605 1876 767 1932 τοῦτο
792 1875 1067 1944 γενέσθαι,
1095 1874 1156 1928 16
1189 1875 1472 1946 βάπτισμα
1503 1871 1671 1943 δηλοῖ.
1719 1868 2022 1938 Μηδαμῶς
2046 1908 2063 1933 ,

391 1970 588 2037 Κύριε,
629 1965 920 2020 οὐδέποτε
966 1963 1195 2032 ἔφατον
1230 1962 1439 2016 κοινὸν
1466 1961 1504 2028 ἢ
1544 1957 1906 2026 ἀκάθαρτον.
1952 1956 2065 2010 Καὶ

387 2060 477 2114 διά
512 2058 587 2125 τί,
611 2056 800 2127 φησὶν,
832 2054 1124 2119 ἀντεῖπεν;
1162 2052 1282 2106 Ἵνα
1307 2052 1381 2122 μή
1423 2066 1508 2112 τις
1538 2050 1688 2121 εἴπῃ,
1720 2049 1801 2101 ὅτι
1838 2046 2063 2117 ἐπείρα-

390 2147 482 2210 ζεν
510 2146 540 2199 6
582 2145 718 2208 Θεὸς
757 2143 957 2206 αὐτὸν,
1004 2141 1197 2211 ὥσπερ
1235 2142 1328 2193 ἐπὶ
1366 2139 1462 2191 τοῦ
1509 2138 1780 2208 Ἀϐραὰμ,
1811 2137 1901 2189 ὅτε
1944 2137 2064 2188 ἐκε-

388 2233 577 2286 λεύετο
616 2233 709 2286 τὸν
748 2230 864 2284 υίδν
892 2229 1088 2283 θυσίαν
1120 2229 1432 2295 ἀνενεγκεῖν
1459 2240 1473 2254 '
1509 2226 1585 2287 ὡς
1626 2225 1719 2277 ἐπὶ
1748 2223 1842 2276 τοῦ
1875 2222 2063 2275 Φιλίπ-

391 2336 518 2384 που,
566 2319 678 2384 ὅτε,
729 2318 972 2381 Πόσους
1021 2315 1241 2384 ἄρτους
1292 2313 1496 2381 έχετες
1541 2311 1646 2365 ὑπὸ
1681 2311 1777 2365 τοῦ
1821 2309 2060 2381 Χριστοῦ

387 2408 649 2478 ἠρωτήθη
680 2423 697 2437 ·
741 2407 841 2477 οὐχ
881 2407 968 2459 ἵνα
1002 2405 1181 2476 μάθῃ,
1234 2402 1369 2456 ἀλλά
1416 2403 1690 2473 πειράζων
1729 2401 1910 2454 αὐτόν.
1952 2401 2063 2454 Καὶ

390 2494 498 2565 μὴν
527 2497 588 2548 ἐν
614 2494 695 2565 τῷ
725 2494 875 2564 νόμῳ
912 2494 1043 2564 περι
1069 2490 1327 2561 καθαρῶν
1352 2489 1445 2543 καὶ
1471 2489 1798 2559 ἀκαθάρτων
1837 2487 2063 2540 διεστεί-

385 2582 517 2634 λατο
560 2581 804 2650 Μωῦσῆς
841 2579 951 2634 τῶν
999 2596 1058 2633 τε
1091 2581 1150 2632 ἐν
1185 2580 1254 2649 γῇ
1287 2577 1396 2629 τῶν
1437 2593 1499 2629 τε
1546 2578 1605 2629 ἐν
1654 2576 1895 2647 θαλάσσῃ
1923 2592 1936 2605 ·
1970 2575 2063 2627 καὶ

384 2668 534 2736 ὅμως
566 2666 688 2720 οὐδέ
718 2665 892 2729 οὔτως
925 2664 1063 2736 ᾔδει.
1107 2664 1207 2728 Ὠς
1238 2663 1307 2715 δὲ
1354 2663 1424 2715 ἐν
1468 2660 1661 2726 ἐαυτῷ
1707 2660 1975 2727 διηπόρει
2029 2662 2063 2713 ό

384 2754 627 2822 Πέτρος,
661 2755 718 2806 τί
748 2752 828 2806 ἂν
845 2753 939 2819 εἵη
971 2752 1037 2806 τὸ
1068 2750 1283 2820 ὅραμα,
1313 2749 1344 2803 ὃ
1381 2745 1504 2803 εἶδε
1526 2788 1541 2812 ,
1570 2748 1670 2802 καί
1706 2747 1834 2801 ἰδοὺ
1869 2750 1922 2800 οἱ
1959 2746 2062 2800 ἇν-

383 2843 523 2908 δρες
548 2843 602 2894 οὶ
621 2839 1070 2908 ἀπεσταλμένοι
1096 2838 1214 2893 ἀπὸ
1245 2837 1353 2891 τοῦ
1387 2837 1724 2904 Κορνηλίου
1741 2877 1755 2900 ,
1787 2834 2063 2903 διερωτή-

384 2949 607 2998 σαντες
630 2932 749 2999 τὴν
768 2932 965 2985 οὶκίαν
988 2930 1094 2984 τοῦ
1116 2929 1387 2998 Σίμωνος
1401 2967 1416 2989 ,
1449 2926 1800 2992 ἐπέστησαν
1818 2924 1917 2977 ἐπὶ
1955 2925 2063 2979 τὸν

389 3018 666 3080 πυλῶνα,
708 3019 806 3071 καὶ
837 3014 1234 3085 φωνήσαντες
1252 3056 1267 3078 ,
1312 3011 1725 3066 ἐπυνθάνοντο
1744 3053 1760 3078 ,
1786 3013 1838 3064 εί
1866 3012 2064 3080 Σίμων

386 3109 420 3159 ὁ
456 3104 936 3172 ἐπικαλούμενος
960 3101 1181 3170 Πέτρος
1202 3099 1416 3155 ἐνθάδε
1443 3097 1750 3164 ξενίζεται.
1808 3098 2064 3168 Θαμϐου-

389 3193 546 3262 μένῳ
579 3191 703 3245 καθ’
734 3190 928 3242 ἐαυτὸν
952 3190 1046 3243 καὶ
1076 3185 1419 3258 διαποροῦντι
1453 3186 1530 3257 τῷ
1570 3187 1782 3257 Πέτρῳ.
1812 3185 2063 3257 ἔρχονται

387 3282 437 3332 οἱ
466 3280 662 3350 ἄνδρες
691 3276 963 3346 εὐκαίρως
991 3276 1091 3346 τὴν
1113 3276 1351 3346 ἀπορίαν
1372 3273 1594 3338 λύοντες
1638 3290 1653 3304 ⁸
1687 3274 1813 3326 ἐπεὶ
1851 3274 1945 3327 καὶ
1972 3273 2063 3328 τὸν

400 3367 600 3437 Ἰωσὴφ
633 3366 907 3436 πρότερον
931 3364 1081 3417 εἴασε
1110 3361 1511 3432 θορυϐηθῆναι,
1540 3362 1633 3414 καὶ
1674 3363 1796 3414 τότε
1818 3360 1909 3415 16v
1933 3363 2061 3433 ἀρχ-

389 3453 622 3523 άγγελον
673 3452 904 3521 πέμπει.
956 3450 1210 3513 Εὐκόλως
1253 3448 1363 3519 γὰρ
1427 3451 1461 3520 ἠ
1504 3448 1650 3519 ψυχὴ
1696 3448 1915 3520 δέχεται
1962 3449 2061 3521 τὴν

387 3541 561 3605 λύσιν,
595 3540 861 3611 πρότερον
892 3539 949 3590 ἐν
971 3538 1176 3609 ἀπορίᾳ
1207 3537 1496 3608 γενομένη.
1531 3535 1669 3590 Οὔτε
1694 3533 1786 3590 οῦν
1818 3537 1911 3590 ἐπὶ
1927 3537 2061 3591 πολὺ

385 3631 596 3699 γίνεται
634 3629 782 3700 αύτῷ
818 3628 888 3682 τά
919 3629 1016 3698 τῆς
1050 3627 1285 3698 ἀπορίας
1306 3665 1320 3689 ,
1350 3624 1474 3679 οὔτε
1516 3627 1622 3698 πρὸ
1659 3626 1881 3690 τούτου,
1925 3626 2062 3681 ἀλλά

388 3721 518 3791 περὶ⁹
546 3719 637 3773 τὸν
670 3718 863 3789 καιρὸν
888 3716 983 3769 τοῦ
1007 3715 1252 3787 ἀρίστου.
1287 3715 1397 3770 Τοῦ
1421 3716 1447 3755 ι)
1473 3714 1543 3767 δὲ
1570 3713 1796 3782 Πέτρου
1829 3715 2060 3770 διενθυ-

384 3826 461 3877 μο
470 3804 687 3875 υμένου
712 3803 846 3873 περὶ
870 3802 977 3856 τοῦ
994 3803 1312 3872 ὁράματος,
1334 3798 1505 3855 εἶπεν
1531 3801 1690 3866 αὐτῷ
1710 3801 1777 3855 τὸ
1793 3801 2057 3872 Πνεῦμα·

400 3892 556 3947 Ἰδοὺ
591 3891 806 3959 ἄνδρες
832 3890 1082 3958 ζητοῦσί
1100 3905 1193 3944 σε.
1232 3888 1422 3944 Ἀλλὰ
1447 3889 1736 3955 ἀναστὰς,
1773 3888 2063 3957 κατάϐηθι

387 3978 491 4033 καί
514 3979 777 4047 πορεύου
807 3976 930 4030 σὺν
952 3976 1180 4043 αὐτοῖς,
1191 3975 1385 4045 μηδὲν
1408 3976 1878 4045 διακρινόμενος,
1911 3976 2060 4030 διότι

386 4066 503 4136 ἐγὼ
532 4065 893 4123 ἀπέσταλκα
924 4065 1168 4131 αὐτούς.
1209 4064 1319 4118 Καὶ
1371 4064 1535 4118 πάλιν
1590 4063 1748 4117 τοῦτο
1796 4063 2061 4132 ἀπολογία

390 4154 596 4226 Πέτρου
628 4152 765 4224 πρὸς
787 4153 917 4215 τοὺς
947 4150 1199 4223 μαθητὰς
1219 4191 1234 4215 ,
1295 4151 1381 4204 ἵνα
1416 4152 1658 4222 μάθωσιν
1678 4189 1693 4215 ,
1730 4152 1810 4204 ὅτι
1851 4151 1944 4204 καὶ
1985 4152 2063 4204 δι-

387 4240 605 4312 εκρίθη,
636 4240 730 4293 καὶ
769 4239 1066 4308 ἐπαιδεύθη
1110 4238 1276 4309 μηδὲν
1320 4237 1710 4310 διακρίνεσθαι.
1745 4238 1873 4291 Ὀτι
1923 4238 2058 4308 ἐγὼ,

386 4328 574 4399 φησὶν,
607 4326 829 4393 αὐτοὺς
856 4326 1233 4380 ἀπέσταλκα.
1274 4326 1414 4398 Ὅρα
1436 4328 1534 4395 ὅση
1563 4325 1658 4378 τοῦ
1678 4325 1815 4378 Πνεύ
1825 4343 1993 4395 ματος
2025 4328 2060 4397 ἡ

387 4417 624 4482 ἐξουσία.
643 4415 797 4488 [180]
819 4417 883 4470 Ὃ
899 4418 957 4469 δέ
975 4418 1120 4469 ποιεῖ
1133 4415 1326 4479 ὁΘεὸς,
1339 4415 1499 4468 τοῦτο
1519 4414 1736 4483 λέγεται
1758 4415 1818 4467 16
1836 4413 2062 4485 Πνεῦμα

386 4507 583 4558 ποιεῖν.
624 4504 683 4558 '0
727 4505 825 4574 μὲν
865 4498 958 4557 οῦν
1006 4502 1240 4571 ἄγγελος
1280 4503 1379 4573 οὐχ
1419 4502 1592 4566 οὕτως
1616 4519 1631 4534 ο
1675 4502 1810 4556 ἀλλὰ
1843 4503 2060 4574 πρῶτον

385 4590 579 4657 εἰπὼν,
612 4592 684 4645 Αἱ
726 4590 903 4659 εὐχαί
941 4606 1058 4644 σου
1085 4591 1182 4644 καί
1228 4593 1288 4642 al
1326 4591 1731 4659 ἐλεημοσύναι
1764 4593 1881 4651 σου
1901 4630 1916 4653 ,
1938 4592 2058 4645 τότε

388 4679 574 4750 φησὶν,
593 4679 1007 4740 Ἀπόστειλον,
1045 4678 1131 4731 ἵνα
1160 4677 1328 4749 δείξῃ,
1361 4679 1442 4731 ὅτι
1473 4678 1680 4732 ἐκεῖθεν
1700 4679 2055 4734 ἀπέσταλταιο

387 4768 448 4820 τὸ
476 4768 533 4820 δὲ
556 4766 800 4837 Πνεῦμα,
829 4767 952 4820 ἐπεὶ
976 4766 1204 4838 Κύριον,
1243 4766 1388 4836 Ἐγὼ
1420 4766 1640 4833 αὐτοὺς
1680 4767 2055 4822 ἀπέσταλκα.

388 4855 660 4921 Καταϐὰς
683 4854 751 4908 δὲ
776 4858 808 4909 ό
832 4854 1054 4922 Πέτρος
1082 4855 1232 4922 πρὸς
1264 4853 1405 4919 τοὺς
1425 4853 1671 4923 ἄνδρας,
1695 4851 1885 4908 εἶπεν
1905 4856 2059 4910 Ἰδοὺ

386 4944 502 5014 ἐγώ
533 4946 672 5012 ειμι,
702 4943 777 4996 ὃν
803 4942 1044 5011 ζητεῖτε.
1084 4944 1178 5007 Τίς
1206 4944 1244 5011 ἡ
1279 4943 1440 4996 αἰτία
1462 4942 1535 4995 δι’
1565 4940 1645 5009 ἣν
1668 4942 1961 5010 πάρεστε;
1996 4944 2060 4999 Οἱ

385 5033 455 5085 δὲ
482 5029 656 5086 εἷπον
679 5047 693 5101 '_
713 5031 1049 5099 Κορνήλιος
1076 5034 1108 5084 ό
1138 5031 1585 5098 ἑκατοντάρχης
1603 5071 1617 5094 ,
1650 5031 1804 5098 ἀνὴρ
1830 5030 2059 5099 δίκαιος

386 5120 487 5173 καὶ
538 5119 910 5188 φοϐούμενος
952 5118 1058 5170 τὸν
1087 5118 1270 5183 Θεὸν,
1315 5119 1803 5187 μαρτυρούμενός
1835 5137 1901 5174 τε
1936 5122 2056 5175 ὑπὸ

386 5208 535 5262 ὅλου
567 5206 676 5260 τοῦ
716 5205 935 5271 ἔθνους
962 5203 1080 5259 τῶν
1124 5205 1443 5268 Ἰουδαίων,
1490 5206 1897 5276 ἐχρηματίσθη
1940 5209 2059 5263 ὑπὸ

385 5295 646 5367 ἀγγέλου
667 5292 840 5364 ἁγίου
857 5291 1368 5362 μεταπέμψασθαί
1390 5310 1464 5346 σε
1489 5295 1578 5358 εὶς
1612 5294 1721 5346 τάν
1754 5291 1926 5348 οἷκον
1963 5300 2038 5351 αὐ

387 5384 514 5446 τοῦ,
545 5381 644 5436 καὶ
675 5379 935 5435 ἀκοῦσαι
956 5378 1197 5449 ῥήματα
1233 5382 1393 5447 παρὰ
1432 5383 1570 5435 σοῦ.
1614 5382 1844 5452 Λέγουσι
1875 5384 1943 5437 ’.τὰ
1977 5388 2039 5453 ἐγ

389 5470 592 5540 κώμια.
623 5470 766 5523 ὥστε
796 5470 1005 5533 πεῖσαι,
1037 5469 1120 5521 ὅτι
1146 5469 1240 5521 καὶ
1265 5468 1497 5537 ἅγγελος
1527 5468 1681 5542 ὤφθη
1713 5471 1881 5542 αὐτῷ.
1922 5476 2035 5527 Eia

390 5560 801 5628 καλεσάμενος
832 5553 948 5613 οὖν
992 5558 1217 5624 αὐτοὺς
1254 5558 1551 5622 ἐξένισεν.
1597 5561 1794 5631 Ὁρᾷς,
1826 5561 1990 5614 πόθεν
2025 5563 2057 5633 ὴ

389 5648 530 5717 ἀρχὴ
564 5649 774 5716 γίνεται
807 5646 915 5699 τῶν
949 5645 1158 5712 ἐθγῶν;
1202 5646 1334 5700 Ἀπὸ
1362 5647 1553 5718 ἀνδρὸς
1576 5648 1866 5713 εὐσεϐοῦς,
1907 5649 2058 5714 ἀξίου

387 5735 645 5803 φανέντος
672 5735 780 5788 ἀπὸ
811 5734 917 5788 τῶν
947 5734 1143 5806 ἔργων.
1170 5736 1233 5788 Εἰ
1265 5736 1374 5807 γὰρ
1407 5739 1502 5790 καὶ
1527 5736 1684 5790 τοῦτο
1718 5739 1932 5807 γέγονε,
1967 5741 2060 5794 καὶ

387 5822 534 5890 ὅμως
564 5821 1041 5890 σκανδαλίζονται,
1089 5825 1139 5876 εί
1172 5823 1247 5895 μὴ
1279 5825 1439 5878 τοῦτο
1462 5821 1531 5896 ἦν
1552 5866 1566 5888 ,
1599 5826 1652 5878 τί
1683 5827 1783 5879 ούκ
1812 5829 1876 5880 ἂν
1907 5826 2057 5884 εἶπον

399 5911 641 5963 Ἰουδαῖοι
668 5927 683 5975 ;
714 5911 1249 5978 Ε’ίσκαλεσάμενος
1279 5909 1414 5980 οὖν,
1447 5914 1643 5984 φησὶν,
1673 5917 1895 5984 αὐτοὺς
1931 5918 2059 5983 ἐξέ-

452 6012 479 6042 ⁸
509 6011 645 6072 υηηο
662 6011 772 6060 cod.
796 6011 947 6058 οὗτοι.
979 6010 1040 6061 Ἥ
1073 6011 1155 6060 οὖν
1189 6020 1248 6072 γῆ
1271 6012 1414 6063 τοῦτὸ
1447 6016 1575 6063 ἐστιν
1602 6020 1630 6071 ἡ
1661 6020 1862 6068 σινδών·
1894 6024 1962 6072 Τὰ
1987 6024 2053 6072 δέ.

395 6068 421 6108 δ
445 6074 545 6120 Alii
583 6068 668 6120 τὸν
690 6072 853 6131 καιρὸν
876 6072 1148 6132 ἠρώτησαν,
1177 6068 1215 6121 εί
1240 6068 1340 6122 ἐκεῖ
1372 6076 1603 6130 ξενίζεται.
1623 6068 1757 6128 τοῦ.

1149 443 1206 499 S.
1250 443 1540 499 JOANNIS
1577 438 2065 497 CHRYSOSTOMI
2106 439 2430 498 ARCIIIEP.
2475 445 3021 506 (ZONSTANTINOP.

3760 455 3876 509 174

2169 573 2325 611 νισε.
2375 559 2483 613 Θέα
2514 561 2654 632 πόση
2682 562 2973 632 ἀσφάλεια.
3018 562 3178 614 Ὥστε
3220 563 3385 632 μηδὲν
3415 560 3612 627 αὐτοῦς
3648 568 3881 621 παθεῖν

2169 644 2363 707 δεινὸν,
2400 649 2769 711 είσκαλεῖται,
2805 652 2901 703 καὶ
2953 649 3090 719 μετὰ
3121 651 3436 721 παρρησίας
3477 651 3669 706 λοιπὸν
3730 670 3875 707 συν-

2169 730 2457 788 διαιτᾶται.
2483 734 2563 804 Τῇ
2595 736 2663 788 δὲ
2696 736 2982 803 ἐπαύριον
3009 736 3280 803 ἀναστὰς
3298 741 3332 790 ό
3359 737 3599 806 Πέτρος,
3620 739 3878 809 ἐξῆλθε

2167 816 2292 872 σὺν
2319 820 2546 888 αὐτοῖς,
2573 823 2675 876 καί
2694 840 2854 890 τινες
2876 823 3292 893 τῶνάδελςοῶν
3307 824 3424 877 τῶν
3441 826 3563 879 ἀπὸ
3597 828 3878 895 Ἰόππης

2166 905 2483 974 συνῆλθον
2508 909 2689 975 αὐτῷ,
2722 911 2821 963 καί
2850 910 2928 979 τῇ
2956 912 3245 979 ἐπαύριον
3267 911 3561 980 εἰσῆλθον
3596 918 3694 980 είς
3744 916 3877 984 τὴν

2166 994 2547 1063 Καισάρειαν.
2596 997 2900 1069 Ἐπίσημος
2950 996 3019 1071 ἦν
3073 1002 3101 1054 6
3155 1001 3316 1073 ἀνὴρ,
3361 1002 3436 1066 ὡς
3480 1006 3538 1055 ἐν
3587 1006 3874 1076 ἐπισήμῳ

2166 1081 2319 1134 πόλει
2351 1085 2655 1154 τυγχάνων.
2691 1086 2782 1139 Διὸ
2813 1087 2906 1141 καὶ
2932 1089 3021 1139 ἐπ’
3053 1088 3205 1158 αύτῷ
3237 1090 3419 1143 πάντα
3461 1091 3602 1161 ὁμοῦ
3634 1095 3871 1146 οἰκονοο

2169 1171 2369 1239 μεῖται,
2395 1173 2491 1225 καὶ
2518 1174 2626 1226 ἀπὸ
2654 1175 2754 1239 τῆς
2792 1175 3056 1238 Ἰουδαίας
3084 1177 3259 1249 ἀρχὴν
3283 1178 3553 1249 λαμϐάνει
3582 1180 3647 1232 τὸ
3670 1185 3870 1251 πρᾶγ-

2169 1272 2245 1323 μα
2273 1273 2288 1288 ο
2320 1252 2431 1309 οἷον
2461 1258 2522 1311 16
2557 1261 2632 1335 μὴ
2664 1260 2925 1314 ὑπνοῦντ.
2947 1260 3180 1332 ὀφθῆναι
3200 1305 3215 1327 ,
3244 1263 3363 1316 ἀλλ’
3389 1265 3731 1335 ἐγρηγορότι
3749 1306 3767 1329 ,
3801 1267 3868 1320 16

2166 1343 2226 1394 ὲν
2253 1344 2438 1415 ἡμέρᾳ
2461 1362 2475 1376 ·
2656 1348 2854 1418 ἐνάτην
2891 1328 3001 1421 γὰρ
3030 1328 3210 1420 ὤραν·
3248 1328 3439 1415 οὕτως.
3675 1371 3861 1425 προσ-

2166 1432 2332 1500 εῖχεν.
2379 1433 2518 1493 Ἀλλ’
2567 1434 2766 1505 ἴδωμεν
2802 1437 3011 1491 ἄνωθεν
3046 1439 3115 1491 τὰ
3149 1439 3440 1510 εἰρημένα.
3470 1441 3590 1493 Καὶ
3618 1437 3797 1494 εἶπεν
3821 1445 3861 1496 ὁ

2165 1517 2441 1588 ἅγγελος·
2475 1524 2543 1575 Δί
2571 1523 2747 1591 εὐχαί
2787 1539 2904 1577 σου
2934 1525 3029 1577 καὶ
3063 1528 3122 1578 αἱ
3147 1526 3554 1595 ἐλεημοσύναι
3600 1544 3714 1583 σου
3748 1530 3849 1583 ἀν-

2166 1606 2404 1674 έϐησαν
2428 1610 2514 1674 εἰς
2540 1611 2940 1679 μνημόσυνον
2965 1612 3225 1667 ἐνώπιον
3241 1614 3349 1669 τοῦ
3370 1615 3541 1669 Θεοῦ.
3564 1616 3847 1669 Ἐντεῦθεν

2164 1693 2344 1764 δῆλον,
2388 1697 2471 1749 ὅτι
2513 1697 2602 1750 διὰ
2643 1701 2827 1771 φωνῆς
2865 1700 3127 1755 ἐκάλεσεν
3163 1703 3192 1755 ὁ
3226 1703 3495 1771 ἄγγελος,
3542 1707 3645 1757 καὶ
3675 1704 3851 1767 οὕτως

2165 1777 2307 1837 εἶδεν
2350 1784 2544 1838 αὐτόν’
2583 1785 2660 1851 ὠς
2701 1788 2751 1840 εί
2779 1787 2856 1859 μὴ
2898 1790 3180 1855 ἐκάλεσεν,
3224 1791 3335 1844 οὐδ’
3378 1792 3445 1845 ἂν
3500 1787 3859 1846 είδενόῦτω

2167 1872 2561 1942 συντεταμένος
2604 1869 2672 1945 ἦν
2719 1874 2829 1929 ἀπὸ
2877 1875 2972 1929 τοῦ
3020 1876 3369 1947 πράγματος,
3409 1880 3467 1932 ἐν
3518 1873 3566 1947 ᾧ
3611 1875 3707 1951 ἦν.
3744 1881 3855 1934 Καὶ

2160 1958 2543 2029 μετάπεμψαι
2592 1963 2829 2032 Σίμωνα
2889 1965 2997 2018 τὸν
3045 1964 3526 2035 ἐπικαλούμενον
3591 1968 3854 2035 Πέτρον.

2165 2047 2337 2112 Τέως,
2373 2049 2456 2102 ὅτι
2481 2049 2576 2102 ἐπὶ
2602 2053 2861 2122 χρηστοῖς
2889 2052 3052 2106 αὐτὴν
3085 2053 3535 2123 μετακαλέσεται,
3556 2055 3812 2124 ἐδήλωσε
3836 2073 3853 2087 ο

2167 2136 2341 2201 ποίοις
2371 2136 2426 2190 δὲ
2452 2141 2733 2209 χρηστοῖς,
2768 2139 2868 2192 οὐκ
2897 2138 3002 2194 ἐτι.
3031 2138 3219 2203 Οῦτως
3243 2140 3365 2193 οὐδὲ
3386 2142 3597 2213 Πέτρος
3616 2141 3777 2210 λέγει
3795 2144 3858 2196 16

2165 2225 2273 2276 πᾶν
2293 2240 2307 2254 ι
2334 2223 2473 2277 ἀλλὰ
2493 2225 2773 2295 πανταχοῦ
2794 2228 2860 2279 ἐκ
2888 2227 3088 2297 μέρους
3112 2227 3183 2280 τὰ
3220 2227 3555 2299 διηγήματα,
3600 2229 3751 2283 ὥστε
3779 2232 3855 2282 δι-

2165 2310 2400 2381 εγείρειν
2417 2312 2542 2374 τοὺς
2558 2312 2855 2375 ἀκούοντας
2873 2324 2894 2351 ε
2906 2353 2920 2367 .
2942 2313 3101 2366 Οὕτω
3117 2316 3210 2367 καὶ
3225 2316 3492 2368 Φίλιππον
3509 2316 3677 2370 καλεῖ
3689 2319 3855 2387 μόνον

2165 2401 2243 2460 εἰς
2270 2398 2368 2469 τὴν
2398 2398 2624 2470 ἔρημον.
2663 2399 2868 2466 Ἀνέϐη
2898 2401 2966 2454 δὲ
2990 2401 3211 2470 Πέτρος
3240 2403 3427 2456 ἐπίτό
3456 2403 3629 2473 δῶμα
3656 2421 3854 2473 προσ-

2163 2486 2453 2550 εύξασθαι
2483 2488 2615 2554 περὶ
2649 2486 2811 2557 ὤραν
2854 2488 3076 2555 ἕκτην,
3119 2489 3220 2542 και
3266 2490 3491 2544 ἔπεσεν
3525 2492 3626 2543 ἐπ’
3656 2493 3855 2546 αὐτὸν

2162 2574 2475 2641 ἔκστασις,
2517 2575 2615 2628 καί
2660 2578 2867 2643 θεωρεῖ
2897 2576 3121 2641 σκεῦός
3148 2593 3203 2629 τι
3228 2578 3310 2642 ὡς
3333 2577 3580 2645 ὀθόνην.
3617 2579 3849 2645 Σκόπει,

2161 2661 2244 2714 ὅτι
2269 2661 2390 2714 οὐδὲ
2416 2664 2449 2732 ἡ
2484 2665 2645 2715 πεῖνα
2670 2663 2981 2733 ἠνάγκασεν
3026 2663 3189 2718 αὐτὸν
3225 2664 3598 2736 προσδραμεῖν
3629 2669 3701 2737 τῇ
3740 2684 3852 2721 σιν-
3944 2680 3946 2701 ί

2162 2746 2291 2802 δόνι.
2326 2750 2444 2802 ’ῐνα
2467 2748 2526 2802 δὲ
2566 2749 2644 2819 μὴ
2682 2752 2742 2803 ἐν
2773 2749 2981 2803 πλείονι
3015 2752 3222 2823 ἀπορίᾳ
3246 2755 3273 2805 6
3301 2750 3565 2827 Πέτροςῇ
3594 2794 3612 2817 ,
3655 2757 3852 2810 ἀκούει

2162 2833 2433 2905 λεγούσης
2474 2837 2680 2905 φωνῆς’
2726 2837 3041 2904 Ἀναστὰς,
3065 2840 3283 2907 Πέτρε,
3309 2840 3503 2894 θῦσον
3525 2842 3627 2894 καί
3665 2843 3847 2912 φάγε.

2167 2923 2329 2985 Ἴσως
2362 2924 2457 2975 ἐπὶ
2486 2924 2691 2989 γόνατα
2720 2925 2974 2996 κείμενος
3009 2923 3116 2980 εἶδε
3149 2927 3247 2998 τὴν
3278 2928 3543 2982 ὀπτασίαν
3572 2945 3587 2959 ·
3621 2932 3750 3000 ἐμοὶ
3788 2932 3850 2985 δὲ

2162 3012 2314 3065 δοκεῖ
2353 3012 2444 3066 διὰ
2480 3013 2543 3066 16
2585 3016 2853 3086 κήρυγμα
2900 3018 3105 3086 ταύτην
3134 3018 3459 3089 ἑωρακέναι.
3497 3020 3618 3072 Ὅτι
3649 3019 3707 3071 δὲ
3748 3022 3844 3074 καὶ

2164 3097 2307 3151 θεῖον
2346 3094 2414 3169 ἦν
2462 3099 2524 3152 16
2565 3100 2851 3170 γινόμενον
2875 3143 2889 3168 ,
2941 3103 3102 3173 δῆλον
3140 3104 3202 3157 ἔκ
3249 3122 3309 3157 τε
3343 3105 3439 3156 τοῦ
3471 3105 3681 3159 ἄνωθεν
3714 3107 3845 3160 ἰδεῖν

2165 3185 2515 3251 καταϐαῖνον,
2547 3187 2611 3240 ἐκ
2636 3205 2695 3241 τε
2726 3188 2820 3243 τοῦ
2859 3190 2920 3243 ἐν
2953 3192 3210 3245 ἐκστάσει
3243 3191 3515 3260 γενέσθαι.
3547 3193 3626 3245 T6
3657 3193 3718 3246 δέ
3754 3196 3843 3247 καὶ

2165 3274 2349 3344 φωνὴν
2375 3275 2585 3329 ἐκεῖθεν
2622 3277 2911 3347 ἐνεχθῆναι
2931 3317 2946 3343 ,
2979 3279 3075 3332 καὶ
3111 3278 3174 3331 16
3208 3280 3330 3350 τρὶς
3353 3279 3511 3332 τοῦτο
3542 3281 3799 3347 γενέσθαι
3821 3322 3837 3343 ,

2164 3360 2259 3414 καλ⁸
2292 3362 2353 3415 16
2383 3362 2611 3434 οὐρανὸν
2641 3365 2981 3436 ἀνεῳχθῆναι
3005 3405 3022 3430 ,
3067 3366 3163 3420 καὶ
3196 3367 3255 3419 τὸ
3280 3366 3490 3420 ἐκεῖθεν
3517 3368 3678 3438 ἥκειν
3700 3411 3715 3431 ,
3748 3370 3831 3422 καὶ

2162 3448 2224 3502 16
2274 3450 2391 3502 ἐκεῖ
2438 3450 2857 3523 ἀναρωσθῆναι
2913 3453 3098 3520 πάλιν,
3148 3455 3289 3526 μέγα
3329 3456 3528 3526 δεῖγμα
3574 3457 3672 3510 τοῦ
3698 3456 3824 3510 θεῖον

2163 3530 2304 3590 εἶναι
2333 3537 2393 3591 16
2421 3541 2675 3609 πρᾶγμα.

2238 3633 2309 3694 γ’.
2342 3627 2443 3680 Διά
2477 3627 2616 3706 τίδὲ
2639 3627 2796 3682 τοῦτο
2815 3628 3062 3697 γίνεται;
3099 3630 3197 3685 Διά
3223 3632 3349 3695 τοὺς
3383 3631 3525 3703 μετά
3545 3632 3749 3694 ταῦτα,
3767 3626 3840 3696 οἷς

2168 3712 2353 3784 μέλλει
2396 3700 2711 3784 ἐξηγεῖσθαι
2740 3734 2751 3747 ·
2776 3694 2901 3770 ἐπεὶ
2951 3694 3115 3781 αὐτὸς
3151 3719 3255 3789 ήδη
3301 3694 3542 3784 ἀκούσας
3572 3715 3667 3791 ἦν,
3703 3694 3839 3774 ὄτιδ
3938 3694 3946 3727 τ

2161 3804 2269 3866 Είς
2284 3801 2430 3856 ὁδὸν
2449 3802 2640 3857 ἐθνῶν
2649 3803 2736 3873 μὴ
2759 3804 3078 3871 ἀπέλθητε.
3107 3807 3215 3859 Καὶ
3234 3807 3308 3876 μὴ
3325 3806 3638 3878 θαυμάσῃς.
3658 3808 3843 3879 Εἰγὰρ

2163 3889 2466 3958 περιτομῆς
2492 3890 2684 3961 ἐδεήθη
2705 3892 2801 3944 καὶ
2835 3890 3026 3954 θυσίας
3054 3892 3286 3955 Παῦλος,
3307 3892 3458 3966 [181]
3491 3893 3677 3965 πολλῷ
3704 3896 3829 3963 μάλα

2161 3973 2253 4027 λον
2278 3974 2401 4028 τότε
2429 3978 2486 4030 ἐν
2524 3979 2665 4047 ἀρχῇ
2700 3976 2796 4031 τοῦ
2837 3979 3195 4050 κηρύγματος
3234 3980 3641 4053 ἀσθενεστέρων
3670 3983 3847 4037 ὄντων
3944 3972 3946 3975 ’

2163 4063 2366 4128 αὐτῶν,
2396 4064 2601 4118 τούτων
2634 4067 2760 4122 ἔδει.
2787 4068 2899 4121 Καὶ
2931 4068 3060 4121 ἰδοὺ
3091 4071 3144 4122 οί
3169 4068 3405 4138 ἄνδρες,
3432 4072 3583 4141 φησὶ,
3614 4075 3672 4125 οἱ
3722 4074 3845 4127 ἀπ-
3943 4067 3946 4081 ¹

2164 4155 2528 4223 εσταλμένοι
2560 4156 2675 4210 ἀπὸ
2712 4157 2817 4211 τοῦ
2846 4159 3183 4225 Κορνηλίου
3204 4159 3552 4226 ἐπέστησαν
3584 4160 3686 4212 ἐπὶ
3736 4162 3846 4216 τὸν
3944 4158 3946 4185 ⁵

2163 4240 2417 4295 πυλῶνα
2436 4255 2452 4269 ’
2475 4243 2574 4296 καὶ
2599 4244 2995 4313 φωνήσαντες
3014 4245 3425 4299 ἐπυνθάνοντο
3453 4286 3467 4307 ,
3500 4248 3553 4300 εὶ
3576 4248 3787 4315 Σίμων
3813 4253 3845 4303 ό

2161 4328 2637 4398 ἐπικαλούμενος
2694 4332 2919 4399 Πέτρος
2974 4331 3187 4387 ἐνθάδε
3238 4331 3543 4397 ξενίζὶςται.
3595 4334 3732 4387 "At:
3771 4336 3844 4398 ὡς

2162 4416 2353 4488 εὐτελῆ
2382 4418 2593 4484 οἰκίαν,
2639 4419 2883 4473 κάτωθεν
2917 4421 3309 4485 ἐπυνθάνοντο,
3340 4423 3402 4475 οὐ
3424 4423 3550 4485 τοὺς
3586 4423 3843 4490 γείτονας

2161 4502 2416 4573 ἠρώτων.
2451 4505 2561 4559 Τοῦ
2582 4505 2650 4557 δὲ
2675 4505 2901 4574 Πέτρου
2922 4507 3450 4578 διενθυμουμένου,
3476 4505 3649 4562 εἶπεν
3676 4511 3843 4575 αὑτῴ

2161 4591 2228 4645 τὸ
2260 4593 2532 4661 Πνεῦμα
2573 4593 2869 4659 Ἀναστὰς
2894 4595 3201 4662 κατάϐηθι,
3234 4596 3331 4650 καί
3358 4599 3618 4666 πορεύου
3639 4600 3842 4667 μηδὲν

2160 4676 2636 4748 διακρινόμενος,
2668 4681 2817 4735 διότι
2849 4681 2965 4751 ἐγὼ
2988 4683 3344 4738 ἀπέσταλκα
3374 4687 3615 4749 αὐτούς.
3652 4686 3805 4757 Ὅρα
3824 4704 3837 4717 ·

2160 4767 2261 4820 οὐκ
2293 4765 2434 4821 εἴπεο
2455 4769 2554 4820 Διὰ
2579 4769 2687 4840 γὰρ
2706 4770 2864 4824 τοῦτο
2893 4771 2954 4824 16
2982 4772 3166 4843 ὃραμά
3191 4789 3274 4826 σοι
3302 4772 3458 4843 ὤφθη
3484 4791 3496 4803 ⁸
3518 4774 3657 4837 ἀλλ’,
3685 4774 3843 4845 Ἐγὼ

2159 4854 2379 4921 αὐτοὺς
2410 4856 2790 4910 ἀπέσταλκασ
2828 4858 3043 4922 δεικνὺς
3068 4900 3079 4921 ,
3117 4861 3198 4913 ὅτι
3223 4860 3366 4914 οὕτω
3389 4860 3471 4914 δεῖ
3502 4861 3798 4916 πείθεσθαι
3826 4903 3841 4924 ,

2162 4941 2391 5006 εὐθύνας
2414 4944 2515 4997 οὐκ
2541 4944 2903 4999 ἀπαιτοῦντα.
2954 4947 3140 5017 ’Δρκεῖ
3167 4947 3276 5018 γὰρ
3302 4949 3437 5017 πρὸς
3472 4950 3656 5002 πᾶσαν
3697 4950 3842 5020 7111‘-

2165 5031 2425 5101 ροφορίαν
2468 5031 2530 5084 16
2577 5031 2806 5086 ἀκοῦσαι
2855 5034 2983 5106 παρ’
3014 5035 3180 5087 αὑτοῦ
3207 5052 3222 5066 ’
3259 5036 3388 5089 Τόδε
3419 5037 3641 5107 ποίησον
3664 5080 3681 5102 ,
3713 5041 3842 5093 τόδε

2160 5116 2416 5187 λάλησον,
2445 5122 2539 5172 καὶ
2570 5120 2736 5190 μηδὲν
2766 5120 2928 5174 πλέον
2966 5121 3167 5192 ζητεῖν.
3217 5126 3489 5189 Καταϐὰς
3515 5124 3583 5177 δὲ
3607 5126 3843 5195 Πέτρος

2160 5203 2364 5261 εἶπεν·
2400 5206 2546 5261 Ἰδοὺ
2595 5207 2712 5275 ἐγώ
2761 5210 2897 5277 ειμι,
2946 5208 3018 5262 ὃν
3063 5209 3306 5277 ζητεῖτε.
3365 5212 3408 5263 Τ
3414 5212 3431 5264 ί
3474 5212 3672 5281 δήποτε
3733 5216 3842 5267 οὐκ

2159 5292 2365 5355 εὐθέως
2411 5293 2608 5357 αὐτοὺς
2651 5294 2889 5360 ἐδέξατο,
2940 5296 3076 5349 ἀλλὰ
3121 5297 3478 5363 πυνθάνεται;
3517 5294 3635 5351 Εἷδε
3666 5316 3841 5369 στρα-

2157 5380 2358 5444 τιώτας
2404 5379 2565 5443 ὄντας
2610 5382 2735 5444 τοὺς
2778 5383 3128 5447 ἐπιστάντας.
3156 5386 3247 5438 Διὸ
3277 5387 3376 5457 οὐχ
3401 5386 3583 5449 ἁπλῶς
3612 5387 3836 5460 ἐρωτᾷ,

2158 5467 2295 5520 ἀλλὰ
2320 5468 2588 5538 πρότερον
2622 5469 2966 5541 ὁμολογήσας
2998 5471 3160 5535 αὐτὸς
3186 5468 3346 5538 εἶναι,
3371 5475 3492 5527 τότε
3523 5474 3623 5544 τὴν
3651 5477 3838 5529 αἰτίαν

2159 5556 2488 5609 πυνθάνεται
2506 5560 2605 5628 τῆς
2632 5558 2888 5627 ἀφίξεως,
2918 5561 3004 5615 ἵνα
3035 5560 3109 5632 μὴ
3139 5560 3368 5631 νομισθῇ
3400 5562 3491 5616 διὰ
3514 5563 3674 5615 τοῦτο
3701 5580 3837 5615 πυν-

2160 5644 2441 5709 θάνεσθαι,
2474 5645 2550 5709 ὡς
2573 5645 2637 5717 δὴ
2666 5645 2837 5700 θέλων
2866 5649 3057 5702 ἐαυτὸν
3082 5650 3451 5721 κατακρύψαι.
3481 5652 3592 5705 Καὶ
3622 5652 3834 5707 πυνθά-

2158 5752 2329 5796 νεται,
2369 5734 2456 5788 ἵνα
2476 5775 2491 5797 ,
2522 5734 2588 5789 ἂν
2618 5736 2716 5806 μὲν
2747 5737 2949 5801 εὐθέως
2978 5740 3285 5812 κατεπείγῃ
3310 5782 3324 5803 ,
3357 5742 3452 5794 καὶ
3494 5740 3791 5815 συνεξέλθῃ
3816 5758 3832 5773 ·

2157 5822 2225 5877 ἀν
2252 5824 2309 5878 δέ
2350 5824 2447 5896 μὴ,
2479 5825 2566 5879 ἴνα
2600 5824 2804 5899 ξενίσῃ.
2842 5825 3000 5888 Τίνος
3033 5828 3089 5880 δὲ
3122 5828 3310 5882 ἐνεκεν
3340 5831 3534 5883 ἐκεῖνοι
3574 5829 3796 5898 λέγουσι
3816 5871 3831 5895 ,

2222 5966 2245 6026 ὲ
2290 5964 2382 6013 Hic
2418 5967 2579 6015 omnia
2623 5968 2822 6017 diverse
2866 5975 3029 6020 narrat
3062 5984 3207 6026 unus,
3247 5969 3313 6021 ita
3351 5980 3407 6022 ut
3459 5972 3518 6021 ad
3559 5972 3835 6022 urielales

2159 6025 2450 6096 rgfprendas
2486 6032 2790 6096 lot_a_pagiua
2819 6032 3140 6096 exscribenda
3171 6025 3336 6093 esset;
3376 6035 3463 6084 scd
3496 6048 3620 6083 unus
3649 6046 3831 6083 sensus

2162 6087 2345 6149 ubique
2375 6097 2469 6140 est,
2537 6089 2562 6130 d
2597 6087 2726 6140 [ξηιῖς
2751 6095 2856 6142 cod.
2896 6094 3032 6150 αὐτὸς
3056 6097 3279 6154 ἤκουσεν,
3316 6087 3406 6146 ὅτι.
