3946 6432
210 422 303 480 173

208 539 364 592 Homo
391 525 789 587 ineircumcisus
821 529 961 588 erat,
994 516 1232 588 nihilque
1272 523 1560 568 commune
1594 504 1759 560 habe-

208 629 424 680 liatcmn
454 619 670 675 Judmis.
711 614 846 682 Quia
891 612 1048 681 igitur
1092 621 1283 662 omnes
1322 604 1472 659 illum
1501 609 1561 654 nt
1587 607 1758 653 trans—

206 728 488 787 gressorem
517 706 809 765 accusaturi
838 712 1012 766 erant,
1059 709 1114 755 et
1152 698 1258 754 illis
1296 693 1582 751 admodum
1612 687 1762 744 cordi

206 782 306 863 erat
334 822 351 861 :
380 801 678 858 necessario
707 797 794 853 ille
820 796 898 849 sic
932 795 1047 849 rem
1093 788 1408 860 temperavit
1435 794 1491 839 ut
1516 782 1718 837 diceret
1745 794 1760 832 :

215 896 486 963 Nantquam
526 888 753 954 comedi;
800 901 907 941 non
949 881 1091 955 quod
1132 882 1367 940 timeret,
1404 875 1581 939 absit;
1612 869 1704 924 sed
1732 884 1764 923 ει

214 962 414 1056 Spiritu,
442 993 500 1035 ut
544 979 667 1041 dixi,
698 979 773 1032 sic
803 974 1090 1045 dispositus
1137 970 1256 1033 fuit,
1297 977 1350 1021 ut
1393 962 1760 1019 defensionem

218 1050 407 1132 haberet
433 1080 620 1126 contra
646 1085 758 1134 eos,
790 1067 877 1138 qui
909 1081 968 1121 se
992 1069 1325 1121 accusarent,
1358 1056 1498 1128 quod
1531 1050 1764 1108 restitis-

220 1182 312 1223 set:
337 1153 525 1233 inagna
563 1163 697 1216 enim
725 1174 851 1214 cura
880 1157 987 1211 illis
1015 1162 1152 1219 erat,
1200 1161 1258 1207 ut
1304 1150 1391 1205 lex
1438 1151 1762 1202 servaretur.

220 1261 282 1317 Ad
302 1266 474 1329 gentes
509 1254 828 1307 mittebatur.
860 1250 938 1305 Ne
967 1248 1127 1318 igitur
1152 1245 1206 1299 hi
1236 1242 1395 1298 etiam
1427 1240 1576 1294 illum
1604 1250 1765 1290 accu-

221 1361 394 1417 sarent,
414 1360 464 1405 ut
497 1347 628 1412 disi,
661 1346 775 1401 lure
803 1346 873 1398 ita
897 1342 1201 1413 dispensata
1224 1344 1348 1393 sunt
1375 1354 1388 1389 :
1415 1341 1507 1387 aut
1532 1347 1600 1386 ne
1619 1330 1769 1385 vide-

223 1457 340 1501 retur
371 1440 645 1513 phantasia
677 1437 920 1509 qutedam
960 1449 1102 1500 esse,
1127 1431 1263 1488 dixit
1292 1448 1304 1483 :
1335 1429 1497 1492 Absit,
1526 1426 1763 1489 Domine,

225 1542 321 1608 quia
347 1551 609 1604 numquam
655 1531 954 1586 manducavi
1005 1542 1269 1583 commune
1296 1532 1386 1577 aut
1428 1518 1766 1575 immundum.

230 1631 363 1687 Facta
384 1636 452 1682 est
484 1635 666 1680 autem
689 1639 790 1678 vox
819 1621 887 1677 ad
917 1622 1060 1674 illum
1091 1636 1104 1672 :
1138 1617 1267 1685 Qua:
1296 1614 1432 1668 Deus
1459 1610 1767 1683 puri/iravit,

240 1733 283 1774 tu
301 1734 523 1774 commune
554 1733 617 1771 ne
640 1715 849 1769 dixeris.
879 1713 990 1768 Hoc
1018 1710 1227 1765 videtur
1254 1706 1468 1778 quidem
1513 1703 1579 1758 ad
1621 1701 1768 1758 illum

236 1812 328 1873 dici,
353 1819 505 1864 totum
537 1822 667 1862 vero
691 1804 890 1862 Judwis
914 1803 1128 1858 dicitur.
1155 1799 1287 1855 Nam
1327 1798 1371 1851 si
1415 1795 1665 1865 Magister
1690 1794 1771 1847 in-

226 1908 448 1970 crepatur,
493 1899 668 1953 multo
706 1896 876 1967 magis
907 1894 982 1949 hi.
1017 1893 1265 1949 Linteum
1295 1903 1426 1960 ergo
1468 1896 1552 1943 est
1596 1896 1769 1951 terra;

220 1994 322 2049 ferte
342 2001 508 2048 autem
536 1993 594 2047 in
619 1991 710 2044 illa
736 1988 1002 2060 gentiles;
1028 1985 1156 2040 illud
1179 1998 1328 2048 vero,
1359 1980 1546 2035 Occide
1565 1988 1610 2032 et
1628 1994 1774 2031 man-

217 2085 343 2144 duca.
365 2083 628 2154 signiﬁcat
672 2081 793 2137 illos
818 2079 1074 2134 accedere
1100 2076 1297 2130 debere
1321 2090 1336 2139 ;
1368 2071 1510 2143 quod
1536 2083 1663 2124 vero
1693 2077 1775 2122 ter

216 2178 306 2239 list,
331 2176 377 2230 id
401 2177 722 2245 baptismum
748 2172 1032 2242 signiﬁcat.
1057 2168 1218 2231 Absit,
1237 2165 1477 2228 Domine,
1497 2176 1774 2232 numquam

213 2267 480 2321 manducavi
510 2281 780 2321 commune
807 2272 893 2318 aut
922 2260 1264 2317 immundum.
1297 2257 1364 2313 Et
1391 2271 1508 2322 cur,
1541 2254 1771 2325 inquies,

211 2358 545 2413 contradixit?
574 2357 656 2412 Ne
683 2356 803 2427 quis
832 2355 1057 2420 diceret,
1087 2352 1255 2407 Deum
1281 2347 1571 2403 tentavisse
1598 2345 1773 2410 illum,

210 2453 329 2507 sicut
354 2451 739 2511 Abrahamum.
769 2462 893 2505 cum
916 2446 1103 2517 jussus
1126 2453 1210 2499 est
1238 2442 1406 2496 ﬁlium
1437 2439 1667 2494 hostiam
1698 2436 1776 2490 οι·-

210 2546 331 2599 ferre
353 2561 367 2611 ;
393 2546 531 2600 sicut
562 2553 620 2600 et
662 2542 989 2613 Philippum,
1017 2537 1230 2609 quando
1260 2535 1463 2605 rogavit
1508 2532 1773 2597 Christus,

211 2640 328 2701 Quot
353 2653 505 2707 panes
526 2635 723 2689 habetis
740 2634 766 2686 .9
794 2629 1162 2701 interrogavit,
1188 2642 1294 2682 non
1325 2634 1383 2680 nt
1405 2625 1657 2687 disceret,
1680 2620 1776 2675 sed

209 2735 397 2782 tentans
432 2727 604 2781 illum.
636 2725 796 2795 Atqui
828 2724 879 2777 in
910 2722 1027 2791 lege
1055 2720 1124 2777 de
1167 2718 1378 2774 mundis
1397 2725 1450 2773 et
1486 2713 1782 2770 immundis

208 2818 437 2873 distincte
466 2824 805 2888 praeceperat
847 2814 1075 2885 Moyses,
1124 2820 1232 2865 tam
1262 2810 1314 2863 in
1345 2818 1510 2873 terra,
1537 2820 1694 2876 quam
1723 2805 1775 2859 in

208 2911 325 2964 mari
350 2928 362 2964 :
386 2920 622 2964 attamen
645 2922 818 2977 neque
841 2906 919 2961 sic
944 2905 1162 2960 sciebat.
1191 2903 1281 2957 l7.
1304 2900 1428 2956 Cum
1450 2910 1617 2953 autem
1639 2897 1778 2968 apud

210 3017 256 3054 se
276 3001 512 3055 dubitaret
556 2999 747 3054 Petrus
773 3014 795 3054 :
821 3013 934 3069 quia
958 3005 1083 3052 esset
1112 2995 1255 3061 visio,
1286 3010 1437 3062 quam
1475 2991 1668 3044 viderat
1690 3008 1709 3044 :
1732 2998 1779 3043 et

213 3108 307 3147 ecce
330 3093 437 3157 uiri,
467 3093 555 3162 qui
579 3091 721 3145 missi
745 3100 887 3143 erant
907 3105 940 3143 a
966 3085 1221 3150 Cornelio,
1244 3083 1548 3155 iuquirentes
1574 3081 1781 3134 domum

214 3182 438 3252 Simonis,
466 3184 773 3239 adstiterant
799 3181 866 3236 ad
881 3182 1122 3252 januam.
1152 3178 1237 3233 18.
1264 3175 1330 3229 Et
1355 3191 1473 3228 cum
1498 3181 1777 3238 vocassent,

212 3280 566 3351 interrogabant
596 3278 642 3332 si
672 3277 873 3342 Simon,
905 3274 992 3343 qui
1020 3270 1411 3344 cognominatur
1437 3266 1645 3332 Petrus,
1674 3264 1782 3318 illic

217 3371 389 3425 haberet
432 3369 732 3440 hospitium.
761 3366 983 3421 Mirante
1015 3364 1067 3419 in
1098 3361 1387 3430 semetipso
1413 3369 1468 3413 et
1504 3357 1783 3412 dubitante

216 3460 371 3528 Petro,
398 3462 628 3516 veniunt
653 3454 1105 3529 opportuneviri,
1136 3454 1223 3523 qui
1266 3449 1648 3507 dubitationem
1676 3445 1786 3501 sol-

217 3562 323 3605 vaut
352 3569 364 3604 :
392 3551 661 3621 siquidem
708 3558 762 3605 et
800 3547 1091 3617 Josepbum
1139 3542 1382 3599 dubitare
1431 3539 1691 3610 permisit,
1731 3546 1787 3592 et

218 3650 324 3713 tunc
346 3641 724 3712 archangelum
763 3639 911 3694 misit
940 3635 1153 3697 (Matth.
1179 3630 1258 3688 ‘2.'
1282 3631 1393 3704 15).
1426 3629 1606 3685 Facile
1636 3644 1787 3682 nam-

216 3749 306 3799 que
343 3735 515 3787 anima
557 3731 881 3786 solutionem
913 3725 1126 3796 accipit,
1158 3739 1277 3795 quae
1322 3722 1470 3791 prius
1501 3718 1781 3774 dubitavit.

220 3824 315 3879 Non
343 3826 427 3879 diu
458 3839 614 3896 ergo,
644 3837 816 3891 neque
841 3829 998 3875 antea
1033 3817 1313 3879 dubitavit,
1355 3813 1449 3869 sed
1476 3813 1614 3868 circa
1648 3821 1785 3865 tem-

222 3932 303 3985 pus
325 3916 547 3988 prandii.
584 3914 673 3972 l9.
710 3911 862 3966 Petro
884 3919 1051 3963 autent
1078 3908 1329 3980 cogitante
1350 3906 1412 3958 de
1432 3904 1638 3960 uisione.
1660 3900 1789 3954 dixit

224 4008 423 4077 Spiritus
457 4010 503 4064 ei
532 4023 551 4062 :
581 4005 716 4060 Ecce
755 4004 850 4058 viri
890 4007 1119 4072 quaerunt
1154 4009 1219 4052 te.
1267 3995 1359 4051 20.
1399 3992 1567 4065 Surge
1599 3996 1787 4061 itaque,

224 4098 460 4166 descende,
488 4106 537 4152 et
562 4096 692 4150 vade
725 4078 841 4148 cum
868 4093 939 4146 eis
964 4090 1091 4144 nihil
1117 4088 1373 4152 dubitans,
1404 4085 1523 4152 quia
1551 4099 1641 4154 ego
1676 4081 1792 4135 misi

226 4206 308 4245 eos.
340 4192 456 4246 llzee
482 4192 613 4245 item
645 4188 746 4242 alia
796 4194 879 4242 est
922 4183 1161 4239 defensio
1192 4178 1334 4234 Petri
1363 4177 1428 4232 ad
1458 4174 1789 4245 discipulos;

228 4291 274 4333 ut
296 4281 490 4338 discant
511 4291 568 4338 et
592 4279 891 4335 dubitatum
929 4275 1113 4341 fuisse,
1143 4282 1200 4329 et
1229 4273 1400 4341 ipsum
1429 4268 1681 4323 didicisse
1713 4266 1794 4320 ni-

229 4370 289 4425 hil
314 4387 422 4430 esse
449 4370 824 4429 dubitandum.
855 4367 988 4434 Quia
1008 4382 1121 4437 ego,
1152 4363 1339 4432 inquit,
1363 4360 1477 4413 misi
1495 4360 1630 4413 illos.
1659 4356 1794 4412 Vide

232 4476 398 4531 quanta
420 4465 486 4519 sit
520 4462 757 4534 Spiritus
786 4468 1041 4531 potestas.
1076 4454 1227 4524 Quod
1255 4461 1433 4507 autem
1475 4452 1599 4505 facit
1628 4450 1791 4517 Deus,

236 4551 342 4607 illud
377 4555 565 4609 dicitur
595 4552 825 4622 Spiritus
863 4548 1057 4603 facere.
1092 4545 1327 4616 Angelus
1356 4559 1483 4598 vero
1529 4558 1634 4596 non
1679 4542 1792 4604 ita;

238 4643 314 4696 sed
337 4660 443 4699 cum
483 4647 635 4717 prius
673 4644 916 4708 dixisset,
953 4638 1218 4694 Orationes
1256 4647 1355 4691 tum
1383 4645 1428 4687 et
1469 4636 1798 4703 eleemosyna:

245 4743 338 4799 tute,
387 4747 505 4793 tunc
553 4737 651 4797 ait,
704 4734 868 4798 Mitte,
918 4740 976 4786 ut
1021 4728 1272 4786 ostendat
1323 4726 1518 4782 isthinc
1575 4725 1795 4778 missum

251 4819 377 4878 luisse
404 4844 416 4878 :
442 4826 674 4897 Spiritus
725 4838 871 4889 vero,
912 4821 1035 4891 quia
1085 4818 1342 4874 Dominus
1385 4827 1487 4878 est,
1536 4814 1642 4885 Ego
1681 4814 1799 4866 illos

394 4916 475 4971 2|.
526 4913 851 4971 Descendens
886 4922 1057 4966 autem
1099 4909 1286 4964 Petrus
1328 4906 1395 4959 ad
1437 4907 1588 4972 viros,
1630 4905 1799 4958 dixit:

268 4998 365 5059 Ecce
385 5026 459 5080 ego
483 5027 623 5073 sum,
654 5024 800 5079 quem
828 5005 1085 5074 queritis;
1114 5017 1228 5073 quia
1269 5016 1425 5054 causa
1467 5009 1560 5064 est,
1594 5006 1802 5067 propter

266 5109 384 5160 quam
401 5102 633 5157 venistis?
676 5099 765 5154 22.
803 5099 899 5165 Qui
931 5100 1166 5151 dixerunt
1196 5111 1215 5148 :
1246 5092 1510 5148 Cornelius
1552 5091 1800 5156 centurio,

262 5187 473 5257 virjastus
515 5204 565 5249 et
613 5194 790 5247 timens
835 5189 1018 5253 Deum,
1058 5198 1105 5242 et
1148 5185 1485 5241 testimonium
1512 5182 1700 5237 habens
1740 5183 1803 5235 ab

257 5280 448 5338 universa
474 5296 621 5356 gente
643 5283 961 5347 Judworunt,
990 5295 1288 5350 responsum
1318 5276 1509 5345 accepit
1538 5274 1599 5328 ab
1625 5275 1804 5345 angelo

253 5385 398 5427 sancto
423 5393 669 5432 accersere
689 5387 737 5429 te
766 5376 819 5428 in
842 5376 1047 5427 domum
1073 5387 1238 5432 suam,
1270 5377 1316 5422 et
1340 5367 1519 5420 audire
1544 5366 1689 5419 verba
1717 5365 1805 5419 obs

256 5470 310 5515 τε.
344 5464 535 5523 Laudes
561 5468 857 5538 proferunt,
886 5474 945 5519 ut
987 5462 1245 5518 suadeant
1271 5458 1415 5530 quod
1458 5457 1680 5527 angelus
1709 5471 1804 5525 ap-

257 5560 463 5619 l’amerit
479 5562 550 5617 ei.
580 5562 667 5616 25.
703 5558 1041 5613 Introducens
1066 5570 1184 5625 ergo
1209 5570 1311 5617 eos,
1341 5551 1527 5619 recepit
1566 5548 1802 5617 hospitio.

259 5641 439 5712 Viden’,
467 5651 598 5706 unde
626 5649 717 5705 ﬁat
747 5647 953 5703 initium
979 5643 1259 5717 gentium?
1288 5644 1329 5695 A
1362 5642 1478 5696 viro
1509 5639 1599 5710 pio
1627 5640 1713 5709 qui
1744 5638 1808 5693 ab

259 5737 479 5801 operibus
520 5740 709 5813 dignus
736 5741 881 5793 visus
907 5746 1007 5792 est.
1053 5736 1185 5790 Nam
1233 5734 1277 5789 si
1322 5733 1406 5788 vel
1449 5747 1508 5786 re
1549 5731 1618 5784 ita
1658 5739 1807 5799 gesta

260 5824 562 5889 OEenduntur
584 5833 754 5892 Judaei
783 5850 796 5886 :
832 5832 879 5887 si
906 5846 991 5885 res
1022 5844 1123 5884 non
1170 5828 1376 5894 luisset,
1421 5823 1547 5896 quid
1593 5838 1696 5877 non
1726 5821 1805 5876 di-

1151 400 1215 458 IN
1255 395 1435 454 ACTA
1476 387 2000 451 APOSTOIDRUM.
2044 385 2276 443 HOMIL.
2319 384 2487 442 XXII.

3356 382 3465 436 178

1868 501 2002 555 eturi
2030 499 2226 556 erant?
2253 498 2625 568 Introduccns,
2641 495 2829 570 inquit,
2862 497 2979 553 illos
3006 498 3190 567 recepit
3218 496 3461 567 hospitio.
3505 506 3527 578 ί

1874 593 2004 648 Vide
2046 600 2241 663 quanta
2287 593 2566 648 securitas.
2606 591 2686 648 Ne
2732 590 2860 662 quid
2902 591 3008 647 illis
3055 605 3215 661 grave
3256 590 3467 645 accidat
3505 591 3511 631 l

1871 685 2015 754 ipsos
2044 685 2350 749 introducit,
2374 694 2435 740 et
2452 684 2676 739 ﬁdenter
2698 698 2821 739 eum
2847 682 2955 738 illis
2974 683 3200 738 victitut.
3224 683 3467 755 Sequenti

1870 786 2039 829 alitem
2062 777 2142 829 die
2175 774 2357 830 Petrus
2384 792 2596 846 surgens
2623 774 2877 845 profectus
2898 783 2969 829 est
2999 791 3113 828 cum
3140 775 3261 837 illis,
3291 787 3336 828 et
3356 775 3467 845 qui-

1871 867 1990 921 dam
2017 885 2080 924 ea:
2105 868 2347 938 fratribus
2369 868 2430 922 ab
2452 868 2624 938 Joppe
2643 867 2869 921 comitati
2890 878 3007 921 sunt
3030 884 3163 921 eum.
3181 867 3271 921 ‘24.
3291 866 3466 920 Altera

1870 969 2039 1013 autem
2073 960 2155 1014 die
2195 960 2495 1015 introierunt
2529 958 2835 1014 Cresaream.
2871 959 3098 1029 Insignis
3128 959 3208 1012 vir
3243 968 3380 1022 erat,
3412 968 3470 1012 ut

1874 1053 1930 1108 in
1949 1053 2138 1123 insigni
2163 1052 2294 1109 urbe
2313 1067 2550 1108 versans.
2577 1052 2754 1121 Quare
2779 1052 2830 1105 in
2858 1051 2950 1106 illo
2972 1049 3149 1105 omnia
3175 1050 3333 1103 simul
3360 1049 3471 1104 dis-

1875 1157 2190 1220 pensantur,
2242 1157 2402 1217 atque
2443 1162 2472 1201 a
2516 1144 2699 1200 ludaea
2746 1160 2833 1199 res
2875 1144 3096 1214 incipit;
3140 1143 3285 1197 velut
3327 1141 3469 1213 quod

1876 1254 1981 1293 non
2011 1236 2322 1301 dormienti,
2352 1235 2447 1292 sed
2479 1235 2736 1306 vigilanti,
2763 1245 2922 1304 atque
2945 1234 3085 1304 qttod
3129 1234 3359 1288 interdiu
3387 1249 3472 1286 res

1874 1330 2118 1395 accidat;
2146 1333 2287 1386 circa
2323 1343 2517 1382 nonam
2549 1328 2692 1383 enim
2730 1327 2916 1380 horam
2949 1345 2961 1379 :
2993 1325 3062 1379 ita
3108 1325 3209 1379 sibi
3254 1324 3352 1391 ipsi
3388 1334 3471 1378 at-

1878 1423 2147 1479 tendebat.
2191 1421 2297 1477 Sed
2321 1421 2564 1490 superius
2592 1420 2730 1474 dieta
2763 1427 3090 1488 repetamus,
3124 1417 3188 1471 Et
3215 1418 3343 1471 dixit
3374 1431 3473 1470 an-

1876 1516 2018 1586 gelus
2048 1530 2068 1569 :
2101 1513 2370 1568 Orationes
2393 1522 2494 1566 tua?
2514 1522 2558 1565 et
2579 1517 2911 1581 eleemosgna:
2939 1520 3038 1562 tum
3065 1513 3398 1564 ascenderunt
3421 1512 3473 1561 in

1878 1608 2170 1662 memoriam
2200 1607 2253 1661 in
2277 1616 2549 1676 conspectu
2576 1603 2689 1659 Dei.
2732 1604 2867 1659 Iline
2898 1603 3066 1672 palam
3098 1611 3200 1669 est,
3227 1602 3473 1672 angelum

1878 1699 2073 1753 emissa
2110 1713 2240 1753 voce
2267 1698 2416 1751 illum
2444 1697 2827 1767 appellavisse,
2855 1703 3016 1765 atque
3044 1695 3115 1749 ita
3144 1694 3275 1749 vidit
3304 1695 3473 1749 illum.

1878 1791 2031 1859 Quod
2060 1791 2106 1847 si
2135 1806 2239 1845 non
2270 1798 2540 1854 vocasset,
2566 1805 2670 1842 non
2698 1789 2880 1856 utique
2898 1787 3120 1842 vidisset
3149 1805 3163 1840 :
3196 1788 3267 1842 ita
3299 1787 3446 1842 inten
3466 1818 3479 1828 ο

1881 1893 1965 1937 tus
1986 1892 2099 1937 erat
2143 1882 2251 1948 rei,
2290 1896 2448 1951 quam
2476 1878 2688 1949 agebat.
2737 1877 2803 1931 Et
2844 1878 3045 1931 accersi
3081 1877 3358 1942 Simonem,
3392 1879 3481 1949 qui

1879 1978 2264 2050 cognominatur
2311 1973 2517 2028 Petrus.
2572 1972 2788 2028 Interim
2833 1971 2976 2041 quod
3019 1970 3086 2025 ad
3133 1970 3280 2024 utilia
3327 1970 3477 2024 illum

1879 2080 2166 2127 vacaturus
2198 2070 2287 2133 sit,
2315 2067 2593 2132 declarat;
2621 2065 2687 2120 ad
2715 2079 2835 2135 qua:
2864 2077 2994 2117 vero
3016 2063 3185 2129 milia,
3218 2061 3477 2115 nondum.

1878 2165 1968 2222 Sic
2006 2178 2180 2233 neque
2220 2161 2412 2216 Petrus
2458 2168 2626 2214 totum
2675 2157 2949 2222 declarat;
2979 2155 3074 2211 sed
3120 2154 3315 2223 ubique
3357 2162 3489 2208 sunt

1880 2256 2103 2313 succisa:
2125 2253 2493 2314 narrationes,
2510 2260 2567 2306 ut
2587 2250 2865 2305 audientes
2884 2248 3140 2303 excitent.
3164 2245 3252 2300 Sic
3278 2254 3332 2300 et
3356 2245 3483 2298 Phi,

1881 2351 2083 2419 lippum
2113 2346 2286 2402 solum
2322 2352 2477 2398 vocat
2514 2344 2568 2398 ia
2612 2340 2980 2397 solitudinem.
3026 2337 3263 2392 Ascendit
3310 2345 3483 2390 autem

1882 2439 2067 2495 Petrus
2091 2436 2161 2490 ad
2180 2435 2465 2505 superiora,
2492 2444 2547 2487 ut
2574 2441 2742 2487 oraret
2777 2433 2913 2486 circa
2938 2431 3119 2486 horam
3161 2438 3376 2484 sextam.
3412 2426 3483 2480 Et

1881 2530 2063 2584 cecidit
2093 2543 2244 2598 super
2274 2542 2388 2580 eum
2431 2526 2610 2579 mentis
2641 2538 2892 2587 excessus,
2944 2530 2991 2575 et
3033 2519 3161 2573 vidit
3204 2535 3292 2573 uas
3321 2519 3486 2584 (μιοὼ

1883 2621 2003 2674 dum
2032 2619 2164 2673 velut
2195 2618 2430 2672 linteum.
2462 2614 2761 2683 Perpende,
2792 2612 3063 2683 quomodo
3106 2626 3281 2680 neque
3317 2610 3485 2665 fames

1880 2712 2057 2781 coegit
2089 2726 2211 2765 eum
2237 2722 2457 2763 currere
2481 2706 2547 2760 ad
2578 2706 2879 2759 sindoncm.
2908 2702 2987 2759 Ne
3017 2718 3145 2757 vero
3170 2702 3340 2771 magis
3370 2701 3486 2755 ha:-

1883 2806 2071 2861 sitaret
2088 2802 2300 2865 Petrus,
2318 2799 2467 2855 audit
2487 2814 2672 2853 vocem
2695 2796 2959 2851 dicentem
2985 2814 2999 2848 :
3026 2794 3283 2865 Sui-gens,
3309 2792 3481 2857 Petre,

1884 2903 2049 2949 macta
2074 2902 2121 2947 et
2147 2891 2420 2945 manduca.
2468 2889 2632 2944 Forte
2665 2888 2721 2943 in
2749 2901 2920 2958 genua
2964 2884 3325 2957 procmnbens
3353 2881 3486 2936 vidit

1884 2987 2145 3042 visionem
2176 3003 2190 3039 :
2225 2982 2435 3038 videtur
2466 2981 2594 3036 mihi
2623 2989 2844 3052 propter
2871 2977 3308 3049 praedicationem
3340 2974 3483 3028 illam

1886 3079 2106 3135 vidisse.
2144 3076 2298 3145 Quod
2342 3091 2472 3131 vero
2514 3073 2750 3129 divinum
2791 3081 2941 3129 esset
2973 3071 3048 3135 id,
3079 3068 3221 3141 quod
3250 3067 3485 3128 videbat.

1887 3172 2013 3227 hinc
2037 3169 2379 3225 manifestum
2405 3177 2507 3234 est,
2534 3165 2673 3236 quod
2701 3165 2829 3221 illud
2849 3178 3080 3233 superne
3107 3159 3483 3221 descenderet,

1888 3275 2000 3320 tum
2029 3264 2211 3326 etiam,
2241 3260 2383 3332 quod
2416 3262 2529 3329 ipse
2556 3261 2607 3314 in
2633 3273 2857 3315 excessu
2890 3257 3083 3312 mentis
3105 3262 3251 3311 esset
3280 3273 3294 3307 :
3327 3257 3486 3306 item-

1887 3372 1994 3427 que
2036 3354 2179 3426 quod
2217 3370 2320 3409 vox
2367 3352 2490 3407 inde
2536 3352 2786 3417 ferretur,
2828 3349 2971 3420 quod
3015 3348 3145 3404 illud
3194 3356 3274 3401 ter
3315 3345 3486 3408 ﬁeret,

1888 3449 2032 3521 quod
2062 3450 2252 3504 caelum
2286 3451 2609 3516 aperlretur,
2649 3443 2791 3513 quod
2831 3441 2962 3498 illud
3002 3440 3127 3496 inde
3170 3439 3394 3501 veniret,
3437 3445 3501 3492 ct

1891 3546 2015 3600 illuc
2066 3542 2414 3611 arriperetur,
2452 3553 2702 3609 magnum
2741 3546 2859 3592 erat
2898 3534 3151 3590 indicium
3204 3548 3318 3588 rem
3366 3544 3490 3584 esse

1893 3648 2112 3705 prorsus
2139 3632 2395 3686 divinam.

1964 3727 2017 3781 5.
2058 3725 2168 3780 Cur
2198 3738 2327 3779 vero
2354 3724 2433 3778 sic
2461 3736 2549 3777 res
2591 3718 2807 3791 agitur?
2861 3718 3085 3789 Propter
3129 3729 3244 3775 eos.
3296 3712 3491 3782 quibus

1893 3828 2079 3890 postea
2110 3816 2237 3872 illud
2266 3824 2578 3871 narraturus
2598 3822 2715 3868 erat
2745 3832 2758 3868 :
2791 3828 2912 3867 nam
2937 3813 3053 3881 ipse
3080 3811 3187 3880 jam
3214 3807 3491 3862 audierat:

1896 3909 1963 3964 In
1993 3909 2124 3963 viam
2149 3907 2371 3979 gentium
2401 3923 2464 3961 ne
2494 3905 2717 3959 abieritis
2748 3903 2963 3976 (Matth.
2991 3902 3076 3957 10.
3102 3900 3277 3972 5)-Et
3304 3912 3372 3952 ne
3397 3897 3498 3951 mi-

1897 4000 2052 4056 reris.
2082 3998 2139 4054 Si
2167 3999 2310 4053 enim
2351 3997 2761 4052 circumcisione
2795 4003 2853 4051 et
2881 3993 3107 4050 victima.
3137 4008 3270 4061 opus
3314 3989 3496 4043 hame

1899 4092 2132 4155 Paulus;
2171 4091 2338 4145 mttlto
2378 4089 2549 4159 magis
2584 4097 2712 4143 tunc
2741 4089 2890 4142 initio
2918 4085 3335 4157 praedicationis,
3362 4098 3485 4137 cum

1899 4191 2081 4238 essent
2105 4180 2282 4235 adlmc
2310 4180 2657 4243 inﬁrmiores,
2683 4180 2766 4233 his
2794 4193 2931 4246 opus
2958 4178 3244 4231 habebant.
3276 4173 3337 4228 Et
3362 4190 3495 4236 ecce,

1902 4274 2094 4344 inquit,
2122 4273 2217 4326 uiri
2242 4273 2383 4326 missi
2411 4289 2442 4324 a
2468 4271 2703 4325 Cornelio
2730 4271 3034 4324 adstiterant
3062 4269 3131 4322 ad
3152 4269 3369 4338 januam
3403 4281 3422 4319 :
3453 4273 3496 4318 et

1903 4381 2017 4418 cum
2041 4374 2324 4426 uocassent,
2352 4362 2732 4433 interrogabant
2758 4363 2799 4415 si
2831 4360 3034 4425 Simon,
3058 4359 3143 4430 qui
3171 4358 3498 4429 cognomina-

1903 4468 1988 4511 tur
2014 4455 2219 4519 Petrus,
2249 4456 2358 4509 iltic
2386 4455 2590 4509 haberet
2620 4454 2914 4525 hospitium.
2944 4452 3023 4507 Eo
3047 4450 3189 4522 quod
3217 4451 3336 4503 vilis
3357 4457 3501 4503 esset

1903 4548 2125 4611 domus,
2177 4547 2336 4612 infra,
2392 4562 2495 4601 non
2540 4555 2718 4601 autem
2775 4546 3015 4605 vicinos,
3073 4539 3498 4612 interrogabant.

1906 4642 2062 4696 Petro
2091 4651 2257 4693 autem
2300 4639 2408 4693 hate
2452 4655 2623 4692 secum
2656 4637 2925 4707 cogitante,
2956 4634 3084 4689 dixit
3114 4634 3191 4687 illi
3220 4632 3447 4701 Spiritus
3478 4646 3497 4683 :

1909 4731 2136 4802 Surgens
2163 4726 2429 4789 descende,
2462 4736 2507 4780 et
2534 4726 2660 4780 vade
2688 4726 2819 4780 nihil
2841 4725 3102 4787 haesitans,
3131 4722 3250 4791 quia
3277 4737 3366 4791 ego
3389 4718 3502 4772 misi

1907 4842 2010 4879 eos.
2042 4821 2207 4886 Vide;
2239 4834 2342 4872 non
2370 4818 2509 4873 dixit
2535 4836 2548 4872 :
2574 4818 2705 4872 Ideo
2741 4817 2882 4871 enim
2917 4815 3050 4868 visio
3079 4813 3326 4882 apparuit
3365 4809 3458 4863 tibi
3487 4827 3500 4871 ;

1908 4914 2024 4979 sed,
2049 4910 2159 4983 Ego
2176 4911 2289 4964 ill'os
2309 4910 2443 4975 misi,
2461 4908 2754 4964 ostendens
2770 4908 2847 4962 sic
2862 4904 3340 4975 obtemperandum
3359 4918 3503 4967 esse,

1910 5020 2011 5059 nec
2037 5004 2272 5057 rationes
2308 5017 2427 5056 esse
2453 4999 2761 5069 exigendas.
2791 4999 2933 5055 Satis
2963 4999 3105 5053 enim
3135 5005 3271 5062 erat,
3299 5004 3358 5050 ut
3381 5011 3501 5050 cer-

1909 5100 2016 5153 tior
2044 5098 2216 5162 ﬁeret,
2244 5095 2382 5165 quod
2411 5094 2480 5148 ab
2520 5094 2609 5148 illo
2648 5092 2960 5155 audivisset,
2993 5091 3106 5145 Iloe
3142 5089 3247 5154 fac,
3283 5089 3384 5142 hoc
3427 5088 3503 5140 ru-

1911 5204 2114 5259 quere;
2145 5203 2244 5242 nec
2286 5186 2413 5257 quid
2461 5186 2594 5240 ultra
2622 5185 2971 5256 qumrendum
3005 5191 3140 5239 erat.
3185 5181 3505 5235 Descendens

1912 5293 2079 5334 autem
2106 5278 2292 5332 Petrus
2317 5278 2448 5332 dixit
2479 5292 2497 5331 :
2522 5277 2652 5331 Ecce
2677 5294 2767 5348 ego
2789 5293 2923 5339 sum,
2950 5292 3097 5344 quem
3127 5272 3372 5342 (μείω-ἰῆς.
3399 5270 3505 5323 Cvr

1915 5386 2021 5425 non
2044 5369 2222 5424 statim
2250 5368 2371 5423 illos
2392 5368 2599 5438 recipit,
2624 5368 2722 5422 sed
2738 5366 2969 5437 quaerit?
2994 5364 3215 5421 Videbat
3247 5361 3364 5415 illos
3384 5375 3506 5413 esse

1916 5461 2114 5516 milites
2148 5475 2163 5514 :
2194 5458 2313 5514 ideo
2359 5474 2464 5512 non
2502 5458 2815 5527 simpliciter
2860 5458 3187 5524 interrogat;
3233 5450 3326 5505 sed
3361 5460 3505 5519 post-

1918 5566 2076 5622 quam
2101 5548 2274 5605 l'assus
2303 5558 2406 5615 est,
2435 5563 2494 5603 se
2525 5549 2696 5619 ipsum
2722 5562 2864 5613 esse,
2891 5559 3017 5600 tunc
3036 5542 3227 5613 quaerit
3245 5542 3507 5596 adventus

1917 5657 2154 5707 causam,
2185 5649 2242 5694 ut
2269 5655 2336 5693 ne
2364 5647 2659 5709 putaretur,
2682 5654 2739 5691 se
2770 5637 2892 5691 ideo
2919 5634 3199 5698 sciscitari,
3223 5634 3374 5703 quasi
3400 5632 3507 5686 velo

1919 5732 1993 5786 let
2021 5747 2143 5787 sese
2172 5731 2461 5785 occultare.
2505 5729 2570 5783 Et
2597 5728 2920 5792 sciscitatur,
2950 5735 3011 5782 ut
3049 5725 3095 5781 si
3126 5728 3305 5781 statim
3349 5738 3509 5795 urge-

1924 5830 2090 5882 retur.
2117 5836 2239 5876 cum
2266 5818 2371 5875 illis
2400 5819 2541 5886 iret;
2565 5818 2647 5875 sin
2673 5816 2868 5886 minus,
2904 5817 3023 5873 illos
3047 5815 3277 5888 hospitio
3300 5814 3511 5882 ext-ipe-
