3946 6430
450 411 552 466 175

447 535 547 582 ret.
606 524 714 578 Cur
754 533 934 577 autem
984 523 1165 576 dicunt
1212 521 1284 575 illi
1323 538 1336 573 :
1377 520 1600 574 Aecci-sit
1649 528 1695 572 te
1737 519 1789 571 in
1837 517 2041 570 domum

443 615 634 673 suam?
661 615 795 683 Quia
822 615 899 668 sic
930 614 1031 668 illis
1061 620 1407 683 praeceperat.
1440 610 1867 672 Fortasse-vero,
1892 606 2071 687 quasi’

444 711 705 764 rationem
733 722 830 778 pro
866 707 956 762 illo
998 705 1208 772 dantes,
1240 705 1426 759 dicunt
1456 721 1468 756 :
1498 702 1574 757 Nc
1601 703 1822 756 damnes
1855 701 2039 764 illum;

445 815 550 854 non
576 799 724 871 quasi
755 808 808 854 te
835 808 1185 854 contemnens
1211 798 1371 862 misit,
1413 795 1506 849 sed
1533 794 1736 864 jussus.
1777 791 2043 846 Cornelius

442 906 559 947 vero
589 892 910 962 exspectabat
938 891 1076 956 illos,
1109 888 1394 943 convocatis
1423 887 1652 957 cognatis
1686 885 1790 938 suis
1811 923 1825 947 ,
1863 893 1909 936 et
1951 898 2040 935 ue-

442 984 678 1038 cessariis
698 983 894 1035 amicis.
925 981 1056 1038 Jure
1089 998 1103 1034 :
1132 995 1308 1051 neque
1331 981 1473 1034 enim
1496 978 1698 1047 justum
1731 976 1922 1031 fuisset
1946 988 2042 1028 co-

442 1086 636 1145 gnatos
677 1086 732 1131 et
770 1077 971 1131 amicos
997 1092 1105 1131 non
1146 1074 1300 1130 simul
1340 1073 1530 1128 adduci
1564 1089 1577 1125 :
1609 1070 1847 1142 alioquin
1889 1083 2040 1135 vero,

445 1167 553 1221 illic
586 1178 877 1236 praesentes
903 1169 1072 1237 magis
1097 1166 1330 1222 audituri
1358 1175 1532 1222 erant.

517 1256 871 1329 Eleemosyna:
910 1259 1066 1313 virtus
1105 1259 1527 1328 prwdt'catur.-—
1552 1255 1802 1320 Vidistis,
1844 1260 2042 1323 quanta

441 1350 511 1403 sit
549 1350 907 1423 cleemosyna:
949 1351 1141 1417 virtus,
1189 1361 1243 1406 et
1286 1352 1340 1406 in
1386 1350 1547 1421 priori
1592 1357 1646 1403 et
1692 1349 1751 1403 in
1791 1346 2041 1418 praesenti

443 1442 736 1504 sermone?
765 1443 858 1497 Illa
889 1456 918 1497 a
952 1450 1295 1512 temporanea
1326 1452 1502 1496 morte
1532 1441 1796 1505 liberavit,
1830 1437 1947 1492 hmo
1974 1436 2043 1491 ab

443 1543 645 1589 aeterna
674 1551 687 1587 :
722 1532 839 1588 haec
866 1543 921 1590 et
941 1533 1136 1602 januas
1160 1533 1275 1587 caeli
1303 1532 1531 1603 aperuit.
1563 1531 1714 1596 Vide,
1744 1527 1927 1600 quanti
1962 1528 2041 1581 fe-

443 1626 578 1682 cerit
605 1627 747 1695 quod
777 1626 963 1680 credat
989 1624 1292 1689 Cornelius,
1333 1635 1392 1679 ut
1432 1636 1487 1678 et
1526 1623 1745 1693 angelus
1779 1621 2037 1683 tuittatur,

444 1727 499 1772 et
535 1717 765 1787 Spiritus
798 1728 1067 1788 oneretur,
1113 1727 1167 1773 et
1203 1718 1566 1787 apostolorum
1597 1713 1915 1787 coryphtnus
1943 1710 2043 1765 ad-

444 1822 686 1878 vocetur,
722 1812 946 1881 talisque
975 1823 1231 1883 appareat
1261 1813 1415 1878 visio,
1441 1826 1506 1866 ac
1533 1810 1660 1864 nihil
1695 1817 1838 1863 retro
1868 1805 2039 1861 relin-

444 1912 656 1971 quatur.
701 1904 842 1969 Quot
880 1914 1035 1958 erant
1082 1904 1444 1966 centuriones,
1504 1902 1725 1968 trilmni,
1772 1915 1947 1969 reges,
1988 1907 2043 1953 et

444 1995 621 2049 nullus
648 2011 831 2051 eorum
861 1996 1048 2053 eadem
1090 2006 1455 2067 consequutus
1491 2004 1595 2051 est.
1632 1995 2043 2056 Audite,onmes

441 2097 704 2158 quotquot
735 2091 786 2144 in
829 2092 1066 2146 exercitu
1102 2093 1234 2147 estis
1257 2134 1273 2159 ,
1318 2098 1579 2159 quotquot
1618 2103 1772 2157 reges
1810 2086 2040 2156 stipatis.

444 2177 577 2233 Pius
616 2191 744 2248 erat,
778 2183 969 2253 inquit,
1012 2193 1060 2236 et
1089 2187 1268 2237 timens
1306 2180 1472 2235 Deum
1502 2196 1520 2234 :
1548 2179 1799 2251 quodque
1840 2177 2037 2245 majus,

447 2272 568 2326 talis
607 2283 723 2327 erat
749 2273 874 2327 Cum
919 2276 1057 2328 omni
1085 2275 1238 2329 domo
1267 2291 1383 2328 sua.
1421 2272 1494 2327 Ita
1534 2282 1651 2327 erat
1691 2271 1815 2326 huic
1855 2271 1928 2324 rei
1961 2270 2042 2323 in-

445 2373 643 2432 tentus,
672 2376 729 2419 ut
761 2381 866 2421 non
895 2367 1056 2422 modo
1078 2383 1172 2422 sua
1204 2366 1341 2421 bene
1367 2366 1724 2436 dispensaret,
1754 2364 1847 2419 sed
1879 2364 2038 2418 etiam

444 2455 499 2510 in
530 2456 726 2513 familia
758 2474 855 2515 sua
884 2461 1114 2532 idipsum
1146 2459 1365 2515 faceret.
1391 2459 1507 2514 Non
1533 2460 1675 2514 enim
1713 2466 1771 2511 ut
1799 2470 1918 2523 nos,
1948 2457 2041 2526 qui

442 2546 576 2602 nihil
608 2565 713 2604 non
753 2552 981 2621 agimus,
1013 2560 1071 2606 ut
1098 2568 1194 2606 nos
1232 2551 1461 2606 ministri
1491 2551 1746 2614 timeant;
1775 2557 1835 2602 ut
1862 2557 2039 2602 autem

443 2639 515 2707 pii
548 2639 676 2705 sint,
705 2658 810 2696 non
844 2643 993 2697 item.
1024 2643 1124 2698 Hic
1149 2657 1278 2698 vero
1309 2658 1415 2697 non
1460 2642 1557 2706 sic,
1604 2640 1699 2696 sed
1740 2655 1860 2694 cmn
1891 2639 2041 2693 omni

442 2729 606 2786 domo
626 2746 721 2787 sua
753 2735 917 2788 Deum
944 2735 1165 2790 timebat
1195 2751 1210 2788 :
1244 2748 1345 2790 nec
1372 2733 1535 2788 modo
1559 2732 1710 2804 quasi
1737 2731 2040 2786 communis

445 2828 597 2887 pater
624 2832 743 2878 erat
765 2826 1007 2880 omnium
1028 2825 1260 2895 quicum
1293 2825 1409 2895 ipso
1428 2834 1602 2890 erant,
1634 2823 1728 2879 sed
1757 2823 1921 2877 etiam
1943 2822 2043 2875 mi-

444 2910 595 2967 litum
625 2929 868 2969 suorum.
917 2916 1074 2980 Audi,
1123 2915 1250 2987 quid
1297 2914 1441 2970 aliud
1481 2915 1702 2970 dicant:
1738 2914 2043 2969 necessario

444 3005 588 3060 enim
649 3006 777 3061 illud
824 3007 1037 3062 additur
1082 3026 1096 3061 :
1146 3007 1510 3062 Testimonium
1557 3006 1745 3060 habens
1790 3007 1853 3059 ab
1903 3006 2044 3060 omni

445 3105 633 3163 gente;
663 3112 730 3150 ne
768 3098 888 3167 quis
916 3097 1122 3152 diceret
1148 3113 1162 3150 :
1190 3097 1349 3165 Quid,
1400 3098 1444 3152 si
1476 3097 1879 3152 incircumcisus
1918 3098 2044 3152 cSt?

448 3186 514 3240 Et
537 3185 731 3251 Judaei,
763 3188 953 3258 inquit,
985 3187 1337 3243 testificantur
1358 3188 1428 3243 ei.
1458 3186 1602 3258 Ergo
1625 3188 1755 3242 nihil
1785 3204 1882 3258 par
1901 3189 2046 3244 elee-

447 3292 689 3350 mosyna:
727 3297 741 3334 :
766 3282 872 3336 imo
902 3288 1046 3334 tanta
1073 3282 1149 3336 rei
1182 3282 1260 3334 vis
1290 3290 1393 3345 est,
1426 3280 1640 3350 quando
1668 3295 1734 3335 ex
1773 3280 2045 3350 penuariis

449 3375 597 3444 puris
620 3375 979 3444 proiunditur,
1012 3387 1070 3430 ut
1107 3392 1192 3438 ea,
1229 3392 1350 3445 qua:
1380 3391 1445 3431 ex
1486 3375 1683 3445 injuste
1724 3374 1889 3445 partis
1930 3389 2046 3430 ma-

450 3477 598 3531 nant,
632 3470 824 3524 similia
855 3470 965 3525 sint
989 3469 1117 3525 fonti
1148 3470 1314 3524 lutum
1346 3467 1612 3524 cmittenti
1636 3484 1651 3533 ;
1679 3483 1798 3538 quae
1824 3481 1953 3522 vero
1976 3482 2045 3522 ex

446 3567 591 3636 jnste
620 3565 805 3633 partis,
833 3564 990 3619 alveo
1020 3564 1244 3633 limpido
1274 3572 1328 3619 et
1364 3579 1516 3632 puro,
1551 3563 1602 3616 in
1644 3560 1892 3632 paradiso
1923 3575 2043 3615 ma-

450 3656 617 3721 nanti,
651 3655 741 3724 qui
780 3655 958 3709 suavis
1000 3655 1136 3720 visu,
1177 3659 1357 3710 suavis
1389 3662 1444 3708 et
1473 3662 1636 3718 uictu,
1668 3651 1797 3722 quid
1840 3652 1960 3707 lene
1990 3660 2045 3707 et

447 3745 700 3815 frigidum
726 3744 860 3800 dans
896 3745 946 3798 in
974 3745 1220 3799 meridie.
1249 3744 1338 3798 Sic
1362 3753 1446 3799 est
1478 3751 1532 3798 et
1558 3744 1922 3814 eleemosyna.
1962 3742 2045 3796 Ad

451 3838 594 3895 hunc
622 3837 823 3893 fontem
855 3853 960 3892 non
1003 3837 1182 3907 populi
1225 3837 1464 3898 arbores,
1496 3852 1601 3891 non
1633 3835 1763 3905 pini,
1803 3850 1911 3889 non
1953 3850 2047 3889 cu-

451 3928 647 3997 pressi,
672 3928 766 3982 sed
798 3927 994 3997 planta:
1021 3927 1125 3981 illis
1154 3927 1309 3994 longe
1340 3927 1590 3981 meliores
1628 3935 1683 3981 et
1711 3925 2046 3995 proceriores

452 4027 578 4071 sunt
608 4035 622 4071 :
651 4032 807 4073 amor
833 4019 948 4081 Dei,
983 4019 1100 4074 laus
1124 4018 1423 4085 hominum,
1449 4019 1617 4090 gloria
1648 4020 1700 4073 in
1731 4019 1921 4083 Deum,
1948 4019 2044 4073 be-

453 4107 754 4163 nevolentia
803 4111 1085 4177 onmimn,
1138 4119 1479 4178 peccatorqu
1533 4108 1789 4176 abolitio,
1852 4109 2044 4164 ﬁducia

452 4202 642 4269 multa,
673 4218 832 4272 opum
858 4210 1224 4273 contemptus,
1253 4203 1614 4275 eleemosyna,
1646 4217 1742 4273 per
1768 4217 1927 4272 quam
1957 4217 2048 4257 ca-

452 4294 627 4350 ritatis
656 4295 833 4364 planta
864 4297 1118 4351 nutritur.
1146 4295 1290 4351 Nihil
1315 4296 1457 4352 enim
1482 4296 1561 4351 sic
1595 4297 1871 4351 caritatem
1898 4295 2047 4352 alere

452 4384 613 4450 solet,
646 4397 704 4439 ut
725 4387 768 4441 si
795 4387 915 4457 quis
945 4388 1252 4443 misericors
1296 4387 1477 4442 fuerit.
1519 4387 1646 4443 Hzec
1676 4403 1854 4443 ramos
1886 4389 1938 4443 in
1965 4387 2047 4442 al-

454 4484 568 4529 tmn
599 4476 757 4546 erigit
784 4494 797 4530 :
829 4477 917 4531 hic
948 4478 1138 4533 melior
1166 4478 1285 4533 fons
1322 4488 1409 4533 est
1437 4478 1549 4541 illo,
1581 4479 1669 4545 qui
1715 4479 1767 4533 in
1799 4478 2048 4548 paradiso

456 4577 596 4635 erat,
628 4585 732 4624 non
778 4571 832 4625 in
871 4583 1104 4642 quatuor
1140 4572 1315 4641 capita
1346 4571 1569 4636 divisus,
1611 4571 1704 4626 sed
1745 4572 1811 4627 ad
1856 4572 2046 4627 caelum

454 4659 627 4730 ipsum
661 4660 1011 4730 pertingens:
1047 4662 1131 4716 hic
1159 4662 1299 4732 parit
1325 4662 1542 4717 ﬂuvium
1583 4662 1728 4715 illum
1767 4662 2045 4718 salientem

462 4750 517 4805 in
543 4751 701 4806 vitam
729 4763 983 4807 aeternam
1008 4753 1191 4822 (Joan.
1218 4754 1272 4808 4.
1307 4754 1395 4823 14)
1427 4771 1439 4807 :
1474 4754 1527 4807 in
1567 4752 1709 4808 hunc
1739 4742 1886 4807 mors
1915 4754 2049 4809 inci-

455 4842 611 4903 dens.
634 4844 786 4912 quasi
814 4845 1044 4899 sc1ntilla
1068 4844 1367 4899 absumitur
1391 4862 1419 4898 a
1447 4845 1591 4899 fonte
1620 4863 1632 4896 :
1666 4845 1801 4898 adeo
1823 4845 1909 4900 hic
1932 4845 2050 4899 ubi-

456 4948 688 5001 cumque
725 4934 907 5001 stillet,
952 4950 1144 5005 magna
1194 4937 1650 5007 operaturbona.
1686 4937 1783 4991 llic
1828 4937 2045 4992 ﬂuvium

458 5023 599 5091 ignis
619 5026 768 5092 quasi
785 5026 1071 5079 scintillam
1093 5027 1421 5096 exstinguit:
1446 5027 1533 5082 hic
1551 5043 1785 5081 vermcm
1804 5027 1948 5082 illmn
1977 5029 2046 5082 ita

459 5114 688 5169 suﬂ'ocat
714 5117 865 5186 quasi
898 5116 1147 5171 nihilum.
1169 5117 1270 5187 Qui
1300 5117 1443 5173 hunc
1458 5118 1638 5183 habet,
1673 5119 2048 5175 nondentibus

455 5206 664 5261 stridet.
697 5209 773 5262 Ex
799 5224 932 5278 aqua
960 5210 1061 5263 ista
1092 5209 1135 5263 si
1166 5225 1270 5280 qua
1298 5210 1440 5264 stilla
1467 5210 1712 5265 inciderit
1742 5211 1792 5265 in
1813 5211 2041 5278 vincula,

456 5300 653 5355 scindit
671 5303 756 5356 illa
780 5321 791 5354 :
814 5302 859 5357 si
894 5304 944 5357 in
974 5303 1218 5359 fornaces
1238 5303 1503 5369 inciderit,
1529 5320 1717 5359 omnes
1735 5306 2042 5375 exstinguit.

527 5398 581 5448 ὁ.
624 5394 772 5449 Sicut
804 5395 892 5450 ille
925 5397 1042 5450 fons
1069 5396 1321 5465 paradisi,
1354 5412 1459 5450 non
1485 5396 1643 5450 modo
1668 5394 1863 5450 ﬂuenta
1887 5398 2044 5451 emit-

462 5485 544 5549 tit,
569 5484 729 5539 modo
759 5486 994 5540 siccatur
1022 5485 1294 5556 (alioquin
1313 5486 1423 5556 jam
1452 5486 1571 5541 fons
1599 5502 1703 5541 non
1723 5484 1917 5557 esset),
1949 5488 2042 5542 sed

458 5589 675 5641 semper
718 5579 943 5631 scaturit
975 5594 988 5629 :
1023 5577 1095 5632 ita
1121 5587 1175 5633 et
1206 5577 1327 5632 fons
1367 5586 1551 5632 noster
1588 5593 1803 5647 semper
1848 5577 2045 5648 largius

461 5662 659 5716 ﬂuenta
702 5666 941 5719 eﬂ‘uudat
983 5664 1050 5720 ad
1087 5681 1179 5722 eos
1210 5667 1477 5731 maxime,
1537 5667 1626 5738 qui
1673 5667 2041 5723 misericordia

457 5763 668 5821 egeant,
704 5764 755 5808 ut
786 5755 906 5810 fons
934 5767 1165 5811 maneat.
1195 5757 1307 5812 lloc
1332 5758 1553 5815 hilarem
1583 5758 1755 5815 reddit
1776 5775 1919 5823 eum,
1953 5760 2042 5830 qui

457 5844 648 5916 accipit
682 5862 692 5897 :
722 5847 821 5901 hoc
857 5847 1199 5919 cleemosyua
1226 5859 1306 5905 est
1327 5892 1339 5916 ,
1391 5852 1434 5905 si
1476 5867 1581 5908 non
1610 5853 1768 5907 modo
1797 5852 2038 5922 rapidum

1195 403 1250 459 ὃ.
1291 401 1571 459 JOANNIS
1596 396 2069 457 CllliYSOSTUMI
2125 397 2442 455 AHClllEP.
2477 401 3012 459 CONSTANTINOP.

3653 410 3746 465 176

2153 516 2412 570 fluentum
2444 518 2673 583 emittat,
2705 520 2799 573 sed
2822 519 2982 574 etiam
3008 530 3353 590 perpetuum.
3385 521 3443 575 Si
3477 522 3578 589 vis,
3603 525 3748 593 quasi

2149 623 2214 661 ex
2259 609 2491 663 fontibus
2532 612 2623 664 tibi
2656 612 2747 666 Dei
2788 614 3213 669 misericordiam
3263 613 3544 683 impluere
3567 658 3581 679 ,
3613 628 3665 670 et
3694 627 3746 671 tu

2151 699 2350 755 fontem
2400 701 2614 757 habeto.
2647 703 2787 758 Nihil
2836 705 2909 758 illi
2940 721 3037 774 par
3072 713 3176 761 est.
3206 705 3263 760 Si
3300 713 3359 759 tu
3398 704 3567 760 fontis
3603 706 3749 775 hujus

2148 805 2242 846 ora
2274 795 2575 863 aperueris,
2611 795 2772 850 fontis
2800 797 2895 852 Dei
2923 798 3049 852 talia
3079 806 3240 852 erunt
3270 814 3395 865 ora,
3423 808 3483 852 ut
3504 801 3747 871 abyssum

2148 899 2363 939 omnem
2397 897 2674 957 superent.
2716 888 3063 945 Occasionem
3091 893 3267 946 solum
3312 894 3514 962 qnmrit
3543 909 3572 947 a
3604 898 3747 951 nobis

2149 977 2394 1046 accipere
2435 979 2597 1047 Deus,
2626 991 2682 1036 et
2714 983 2988 1051 profundit
3018 984 3156 1039 bona
3203 1000 3270 1040 ex
3307 988 3592 1055 penuariis
3620 989 3742 1042 suis.

2147 1067 2278 1120 Cum
2315 1069 2551 1133 insumit,
2606 1086 2729 1126 cum
2770 1073 3049 1142 impendit,
3085 1084 3208 1130 tunc
3256 1075 3423 1130 dives
3468 1087 3589 1139 est,
3632 1087 3744 1133 tunc

2149 1158 2458 1227 opulentus.
2477 1160 2721 1231 Magnum
2746 1174 2827 1218 est
2843 1180 2907 1219 os
2930 1164 3089 1220 fontis
3118 1166 3260 1221 illius
3287 1185 3299 1220 :
3325 1182 3527 1237 purum
3557 1169 3733 1222 etlim-

2149 1248 2329 1318 pidum
2360 1250 2476 1319 ejus
2505 1251 2786 1307 ﬂuentum.
2817 1253 2870 1309 Si
2912 1254 3056 1309 hunc
3094 1271 3198 1309 non
3243 1255 3531 1324 obstruas,
3581 1273 3741 1329 neque

2149 1340 2297 1395 illum
2323 1341 2591 1397 obstrues.
2628 1342 2782 1397 Nulla
2815 1344 3139 1399 infructuosa
3163 1346 3321 1415 juxta
3357 1347 3511 1401 illum
3540 1358 3641 1402 stet
3662 1364 3740 1402 ar-

2148 1433 2267 1499 bor,
2297 1450 2365 1489 ne
2393 1434 2676 1491 humorem
2703 1437 2848 1491 illum
2880 1437 3146 1492 absumat.
3178 1437 3365 1494 Habes
3401 1438 3653 1494 divitias?
3676 1440 3737 1496 Ns

2147 1526 2355 1595 plantes
2402 1527 2512 1582 illic
2560 1528 2752 1583 salices
2786 1530 2944 1591 ;talis
2989 1540 3070 1583 est
3116 1529 3261 1584 enim
3306 1530 3432 1599 ejus
3464 1531 3728 1601 voluptas:

2147 1618 2315 1673 multa
2338 1618 2589 1687 insmnit,
2621 1631 2677 1676 et
2701 1620 2832 1675 nihil
2878 1622 2934 1675 in
2964 1636 3023 1677 se
3049 1621 3327 1687 Ostendit,
3380 1621 3479 1677 sed
3525 1622 3732 1677 fructum

2149 1710 2343 1782 perdit.
2365 1710 2444 1765 Ne
2463 1711 2673 1782 plantes
2694 1712 2931 1776 salicem,
2957 1729 3025 1767 ne
3050 1714 3252 1782 pimun,
3284 1728 3391 1768 nec
3413 1714 3542 1783 quid
3560 1715 3735 1782 simile,

2146 1805 2288 1874 quod
2318 1815 2601 1860 consumat
2633 1816 2685 1860 et
2714 1806 2902 1860 inutile
2937 1806 3008 1860 sit
3037 1824 3050 1859 :
3083 1806 3202 1860 talis
3228 1806 3380 1861 enim
3413 1817 3500 1860 est
3529 1808 3734 1863 vestium

2147 1898 2424 1966 voluptas;
2457 1898 2573 1952 visu
2603 1896 2841 1967 pulchra:
2869 1907 3011 1964 sunt,
3042 1897 3135 1953 sed
3164 1897 3231 1951 ad
3263 1898 3406 1952 nihil
3439 1899 3619 1953 utiles.
3647 1899 3735 1953 lm-

2147 1988 2234 2059 ple
2257 1988 2491 2043 surculis
2519 2006 2531 2041 :
2565 1990 2742 2043 omnia
2782 1988 3055 2044 fructifera
3079 1990 3293 2054 plantes
3324 1990 3382 2044 in
3407 2005 3596 2046 manus
3626 2006 3734 2060 pau-

2147 2095 2335 2150 perum
2358 2095 2711 2151 quaccumque
2726 2081 2979 2136 volueris.
3005 2080 3145 2135 Nihil
3170 2081 3271 2137 hac
3297 2092 3446 2136 terra
3472 2084 3730 2154 pinguius;

2147 2174 2393 2243 quamvis
2423 2188 2585 2242 parva
2618 2174 2685 2229 sit
2736 2190 2925 2228 manus
2969 2176 3263 2245 capacitas,
3317 2185 3562 2232 attamen
3590 2178 3734 2231 arbor

2150 2263 2237 2318 illa
2262 2264 2495 2334 plantata
2523 2265 2589 2319 ad
2623 2280 2791 2334 usque
2820 2266 3007 2320 caelum
3044 2268 3334 2336 pertingit,
3368 2279 3423 2323 et
3455 2268 3600 2321 firma
3622 2278 3728 2321 stat.

2148 2354 2262 2410 Hoc
2292 2365 2375 2410 est
2406 2372 2532 2411 vere
2559 2357 2821 2427 plantare.
2851 2358 2983 2412 Nam
3012 2360 3153 2428 quod
3183 2360 3236 2413 in
3283 2369 3431 2415 terra
3459 2362 3726 2431 plantatur,

2145 2448 2190 2501 si
2221 2464 2326 2503 non
2350 2463 2511 2513 nunc,
2541 2458 2663 2519 post
2690 2462 2908 2503 centum
2935 2464 3106 2504 annos
3138 2448 3361 2519 peribit.
3383 2451 3492 2506 Cur
3530 2453 3728 2506 arbores

2148 2540 2375 2610 plantas,
2408 2541 2603 2610 quibus
2635 2556 2739 2594 non
2781 2541 3011 2603 frueris;
3060 2542 3155 2595 sed
3203 2552 3502 2614 antequam
3532 2541 3724 2607 fruaris,

2147 2649 2292 2689 mors
2319 2634 2577 2690 invadens
2608 2643 2659 2689 to
2689 2634 2956 2704 abripiet?
2988 2634 3113 2690 llaec
3138 2637 3328 2703 arbor,
3360 2652 3487 2692 cum
3512 2645 3725 2690 mortuus

2145 2723 2332 2795 fueris,
2361 2734 2488 2780 tunc
2515 2725 2606 2780 tibi
2636 2725 2865 2780 fructum
2905 2722 3073 2781 dabit.
3108 2726 3165 2781 Si
3195 2727 3414 2797 plantes
3436 2769 3452 2793 ,
3483 2743 3548 2782 ne
3571 2728 3618 2781 in
3643 2741 3724 2796 ga-

2146 2818 2463 2887 strimargize
2509 2828 2698 2872 ventre
2748 2817 2992 2887 plantes,
3038 2833 3105 2872 ne
3132 2817 3186 2872 in
3217 2833 3501 2873 secessum
3547 2817 3723 2871 fructus

2145 2918 2333 2974 exeat;
2373 2907 2468 2962 sed
2497 2907 2678 2977 planta
2726 2909 2779 2961 in
2822 2906 3025 2963 afﬂicto
3069 2919 3284 2973 ventre,
3337 2917 3398 2963 ut
3441 2907 3635 2962 fructus
3668 2906 3721 2959 ad

2147 3000 2338 3054 cadum
2361 3000 2572 3054 exsiliat
2604 3020 2619 3055 :
2665 3015 2851 3055 recrea
2879 3000 3112 3056 animam
3142 3002 3402 3072 pauperis
3427 3002 3479 3057 in
3508 3001 3720 3072 angustia

2146 3091 2435 3157 versantia,
2466 3101 2524 3145 ut
2564 3107 2633 3145 ne
2663 3091 2825 3145 latam
2855 3099 2996 3147 tuam
3029 3092 3169 3146 viam
3199 3105 3407 3149 arctes.
3441 3092 3554 3148 Non
3576 3092 3720 3155 vides,

2147 3184 2418 3253 quomodo
2443 3186 2688 3252 arbores,
2718 3202 2838 3256 qua:
2866 3188 2984 3242 sine
3016 3202 3271 3243 mensura
3301 3190 3575 3260 rigantur,
3601 3203 3628 3242 a
3652 3202 3722 3240 ra-

2148 3275 2271 3331 dice
2306 3287 2760 3347 corrumpantur;
2792 3292 2910 3347 qum
2940 3287 3117 3333 autem
3145 3295 3269 3333 cum
3305 3294 3555 3334 mensura
3580 3319 3595 3344 ,
3620 3292 3723 3331 crc.

2148 3370 2340 3424 scant?
2369 3370 2442 3425 Ita
2469 3380 2525 3425 et
2552 3382 2605 3424 tu
2639 3385 2705 3425 ne
2730 3381 2975 3426 ventrem
2998 3381 3147 3425 tuum
3181 3381 3312 3441 potu
3342 3372 3648 3442 ingurgites,
3668 3380 3721 3421 ne

2151 3468 2422 3529 putrescat
2437 3461 2646 3515 arboris
2667 3460 2818 3515 radix
2845 3476 2858 3510 :
2882 3470 3062 3530 potum
3093 3461 3161 3516 da
3183 3463 3416 3527 sitienti,
3443 3473 3499 3516 ut
3517 3460 3722 3515 fructum

2149 3550 2304 3606 ferat.
2337 3551 2467 3620 Qua:
2493 3552 2771 3608 moderate
2798 3561 2980 3622 potum
3012 3553 3306 3623 accipiunt,
3334 3570 3443 3609 non
3469 3549 3723 3624 putrefacit

2149 3643 2254 3709 sol,
2275 3642 2367 3698 sed
2400 3658 2520 3712 quae
2544 3643 2901 3699 immoderate
2931 3644 2949 3675 ⁸
2979 3659 2993 3696 :
3021 3644 3139 3698 talis
3164 3646 3371 3715 quippe
3396 3652 3481 3699 est
3498 3643 3619 3698 solis
3646 3655 3723 3692 na-

2150 3744 2289 3791 tura.
2326 3735 2535 3807 Ubiquc
2565 3736 2703 3791 mala
2748 3745 2834 3792 est
2874 3736 3251 3792 immoderatio
3278 3757 3294 3794 :
3322 3738 3551 3806 ideoque
3595 3733 3718 3787 illam

2149 3826 2546 3890 exscindamus,
2581 3837 2641 3880 ut
2663 3842 2782 3896 quae
2804 3828 3038 3896 petimus
3065 3841 3445 3898 assequamur.
3471 3828 3525 3881 ln
3551 3822 3721 3879 altissi-

2149 3921 2253 3975 mis
2296 3919 2428 3975 locis
2456 3920 2709 3975 dicuntur
2746 3921 2923 3975 fontes
2962 3922 3116 3975 oriri.
3158 3922 3303 3993 Ergo
3332 3923 3501 3977 simus
3543 3928 3593 3974 et
3634 3926 3717 3970 nos

2150 4013 2333 4067 animo
2356 4012 2636 4076 sublimes,
2670 4021 2724 4067 et
2751 4012 3095 4084 eleetnosyna
3122 4014 3230 4069 cito
3259 4014 3520 4067 manabit.
3560 4008 3717 4076 Neque

2150 4106 2293 4161 enim
2320 4114 2496 4175 potest
2515 4105 2762 4161 sublimis
2801 4105 2978 4160 anima
3013 4123 3119 4161 non
3149 4107 3480 4168 misericors,
3510 4114 3561 4157 et
3587 4099 3717 4155 mise'

2152 4195 2324 4251 ricors
2351 4210 2459 4250 non
2488 4197 2734 4252 sublimis
2757 4212 2899 4253 esse.
2930 4197 3030 4264 Qui
3058 4213 3187 4268 ergo
3215 4199 3475 4268 pecunias
3495 4187 3713 4260 despicit.

2152 4287 2335 4343 radice
2360 4287 2626 4343 malorum
2653 4290 2900 4358 superior
2925 4297 3028 4344 est.
3050 4288 3251 4344 Fontes
3282 4290 3335 4343 in
3364 4285 3587 4343 desertis
3611 4285 3715 4334 sunt

2152 4391 2212 4437 ut
2239 4381 2524 4452 plurimum
2557 4401 2570 4436 :
2601 4390 2657 4437 ct
2684 4397 2783 4438 nos
2808 4383 3040 4437 animam
3070 4396 3139 4437 ex
3165 4382 3398 4437 tumultu
3432 4378 3711 4434 educamus.

2152 4481 2207 4526 et
2234 4471 2376 4542 apud
2426 4487 2525 4527 nos
2576 4473 2835 4528 scaturiat
2883 4473 3249 4543 eleemosyna.
3300 4472 3500 4527 Fontes
3544 4470 3715 4536 quanto

2153 4566 2323 4632 magis
2348 4571 2663 4633 purgantur,
2703 4570 2850 4616 tanto
2881 4561 3156 4616 uberiores
3175 4571 3340 4617 sunt:
3372 4562 3441 4615 ita
3470 4572 3563 4612 nos
3600 4564 3715 4621 quo-

2152 4671 2276 4725 que,
2301 4670 2407 4724 quo
2434 4655 2603 4724 magis
2620 4656 2972 4721 insumemus,
2997 4662 3053 4708 et
3068 4655 3238 4726 magis
3263 4655 3401 4710 bona
3427 4646 3710 4705 scaturient.

2152 4743 2252 4811 Qui
2282 4745 2482 4798 fontem
2522 4744 2701 4809 habet,
2736 4758 2841 4798 non
2875 4744 3029 4799 timet
3056 4762 3070 4797 :
3101 4744 3146 4798 si
3173 4759 3304 4808 ergo
3333 4753 3383 4798 et
3417 4754 3511 4795 nos
3538 4736 3710 4791 Ιῖηιῑειη

2156 4834 2448 4890 habeamus
2475 4834 2900 4904 eleemosynam,
2927 4849 3033 4889 non
3059 4835 3387 4890 timebimus.
3422 4831 3515 4885 llic
3541 4826 3711 4895 quipl'e

2152 4923 2275 4980 fons
2297 4925 2363 4979 ad
2388 4934 2595 4994 potum,
2626 4923 2695 4979 ad
2724 4924 3109 4992 irrigationem,
3143 4924 3211 4980 ad
3250 4921 3492 4983 aedificia,
3521 4916 3581 4970 ad
3610 4927 3705 4965 om-

2155 5019 2241 5074 nia
2289 5018 2444 5072 nobis
2489 5019 2638 5072 utilis
2687 5025 2789 5073 est.
2822 5017 2969 5072 Nihil
3016 5018 3120 5073 hoc
3151 5025 3274 5087 pottt
3306 5015 3492 5071 melius
3522 5026 3534 5063 :
3565 5001 3711 5061 nesci!

2152 5110 2242 5166 hic
2273 5109 2393 5164 fons
2420 5111 2737 5166 ebrietatem
2766 5109 3023 5165 inducere
3049 5128 3065 5165 :
3099 5109 3290 5164 melius
3326 5115 3407 5163 est
3435 5101 3585 5191 talem
3628 5092 3707 5191 ba-

2154 5201 2281 5256 bere
2309 5200 2533 5267 fontem‘,
2563 5216 2724 5271 quam
2753 5201 2870 5255 auri
2897 5198 3075 5255 fontes
3099 5200 3367 5255 emittere.
3395 5190 3544 5251 Omni
3576 5196 3704 5240 attt‘l-

2153 5293 2265 5348 fera
2321 5304 2462 5348 terra
2507 5294 2699 5348 melior
2737 5301 2817 5348 est
2867 5293 3067 5358 anima,
3116 5308 3236 5361 qua:
3287 5279 3572 5357 hujusmodi
3620 5275 3703 5327 [ενι

2153 5400 2361 5439 aurum.
2388 5383 2503 5438 Non
2536 5384 2678 5438 enim
2711 5384 2763 5437 in
2798 5383 2935 5436 hanc
2963 5384 3162 5453 regiam
3190 5425 3205 5448 ,
3234 5381 3324 5436 sed
3358 5379 3407 5432 in
3446 5375 3698 5438 supernam

2154 5476 2431 5529 nobiscum
2463 5474 2730 5529 concedit.
2761 5473 2874 5528 Hoc
2896 5489 3083 5527 aurmu
3113 5476 3475 5527 ornamentum
3502 5467 3579 5514 est
3610 5454 3692 5507 Εὐ·

2151 5566 2331 5622 clesia:
2363 5565 2453 5620 Dei
2484 5580 2587 5619 :ex
2632 5564 2735 5619 hoc
2781 5579 2917 5619 auro
2963 5563 3191 5618 efficitur
3238 5559 3437 5633 gladius
3478 5546 3696 5621 Spiritus

2150 5658 2358 5729 gladius
2380 5672 2475 5728 per
2498 5672 2657 5726 quem
2686 5655 2849 5710 draco
2872 5655 3191 5709 dissecatur.
3218 5652 3292 5706 Ex
3325 5652 3419 5703 hoc
3445 5643 3576 5698 fonte
3597 5645 3690 5702 Pw“

2213 5795 2229 5826 ³
2268 5792 2432 5845 Codex
2461 5804 2587 5840 unus
2614 5790 2765 5840 habet
2785 5788 2875 5852 εν.ςί
2918 5795 3082 5852 potum
3110 5788 3352 5852 moderate
3376 5770 3588 5852 μεάιιύδο
3617 5769 3690 5811 ‘5‘“

2148 5854 2403 5919 putrefieri!
2427 5854 2494 5904 sol
2507 5865 2526 5913 ;
2549 5853 2592 5904 si
2615 5858 2773 5902 autem
2797 5845 3129 5911 immoderate,
3154 5845 3418 5911 putrefacti.
