3946 6452
244 401 345 456 177

242 712 522 769 inosynam
575 694 892 756 inferamus,
937 700 993 745 ut
1041 691 1133 745 Dei
1165 691 1494 760 benignitate
1523 690 1827 758 dignemur,

1180 390 1243 445 IN
1284 389 1466 445 ACTA
1506 383 2032 444 Al’OSTOLORUﬂ.
2073 387 2302 444 50!“...
2346 390 2536 447 XXIII.

240 517 404 569 dsunt
433 509 650 581 lapides
675 506 912 580 pretiosi,
952 503 1041 575 qui
1083 513 1244 573 caput
1299 502 1440 573 regis
1492 509 1703 556 ornant.
1757 498 1834 553 Ne

240 608 418 676 itaque
448 603 785 672 negligamus
813 608 988 653 tantas
1026 598 1280 660 divitias;
1308 596 1401 652 sed
1436 596 1655 666 largiter
1691 594 1837 651 elee—

3434 391 3533 447 178

1942 504 2110 573 gratia
2137 512 2192 559 et
2219 504 2656 560 miserationibus
2683 502 2940 576 unigeniti
2972 503 3087 574 ejus
3118 503 3273 568 Filii,
3300 505 3383 559 cui
3414 520 3528 559 om-

1941 598 2025 651 nis
2048 597 2237 667 glorta,
2267 604 2509 654 honoret
2531 599 2812 669 imperium
2836 614 2938 652 una
2955 614 3076 653 cum
3098 606 3286 653 sancto
3303 597 3526 668 Spiritu,

1939 688 1993 742 in
2021 689 2213 743 saecula
2241 690 2580 743 saeculorum.
2604 692 2799 744 Amen.

1630 896 1979 958 HOMILIA
2037 898 2280 959 XXIII.

243 1046 359 1103 Car.
389 1045 483 1101 lO.
536 1061 597 1097 v.
628 1044 715 1098 25.
747 1041 985 1112 Sequenti
1029 1050 1197 1094 autem
1237 1042 1348 1102 a’ie,
1379 1039 1549 1108 inquit
1570 1081 1585 1104 ,
1618 1056 1830 1109 surgens

308 1137 488 1191 Petrus
508 1176 527 1202 ,
558 1139 816 1205 profectus
840 1143 911 1186 est
941 1149 1057 1184 cum
1081 1132 1185 1184 illis
1209 1148 1230 1183 :
1256 1140 1303 1183 et
1328 1132 1535 1200 quidam
1560 1146 1623 1181 et
1652 1130 1829 1199 fratri-

308 1228 391 1282 bus
410 1229 476 1279 ab
496 1224 676 1296 Jappe
699 1241 814 1277 cum
835 1223 924 1277 illo
961 1230 1196 1276 venerunt
1240 1218 1537 1274 Ctesaream.
1581 1217 1670 1271 24.
1701 1217 1828 1273 Cor-

307 1321 459 1375 nelius
483 1334 608 1371 vero
647 1315 967 1384 exspectabat
994 1313 1133 1377 illos,
1160 1311 1443 1366 convocatis
1470 1311 1696 1382 cognatis
1718 1311 1824 1364 suis

309 1422 350 1467 et
386 1410 689 1465 necessariis
730 1408 928 1461 amicis.

310 1508 356 1560 l.
398 1505 697 1573 Postquam
730 1502 872 1554 viros
915 1498 1253 1567 h08|lll3lll8r
1293 1495 1573 1557 tractavit,
1615 1492 1824 1564 egredi-

258 1608 330 1653 tur
358 1611 464 1651 cum
496 1595 648 1649 illis:
685 1601 851 1648 recte.
897 1591 1051 1645 Prius
1080 1589 1308 1658 benigne
1347 1603 1467 1641 cum
1498 1588 1600 1640 illis
1641 1584 1748 1655 agit
1778 1585 1819 1651 ¹,

267 1698 410 1759 utpote
433 1704 499 1742 ex
535 1689 735 1741 itinere
764 1685 1029 1754 fatigatis,
1053 1683 1262 1752 sibique
1291 1679 1581 1734 familiares
1610 1677 1818 1744 reddit,

262 1782 549 1849 domumque
573 1794 680 1833 una
711 1777 1087 1848 proficiscitur.
1124 1773 1366 1845 Sequenti
1388 1783 1555 1824 autem
1595 1771 1710 1836 die,
1740 1769 1821 1823 in-

252 1874 373 1941 quit,
410 1888 631 1942 surgens
667 1870 849 1923 Petrus
872 1909 890 1935 ,
923 1868 1180 1937 profectus
1204 1875 1273 1919 est
1312 1880 1426 1917 cum
1463 1863 1603 1917 illis:
1636 1872 1681 1915 et
1704 1863 1819 1930 qui-

247 1964 347 2017 dam
370 1967 578 2034 fratres.
605 1960 725 2016 Non
756 1960 907 2014 solus
931 1998 947 2023 ,
978 1958 1072 2012 sed
1094 1965 1151 2011 et
1175 1956 1262 2009 alii
1285 1971 1404 2009 cum
1439 1954 1529 2007 illo
1561 1954 1778 2008 veniunt
1801 1969 1816 2018 ;

247 2055 386 2124 idque
410 2071 529 2110 cum
570 2053 804 2124 quadam
830 2050 1159 2121 providentia
1180 2090 1196 2115 ,
1226 2057 1283 2101 ut
1311 2058 1494 2117 postea
1526 2055 1690 2100 testes
1727 2060 1818 2098 es-

242 2156 375 2211 sent,
414 2146 639 2217 quando
670 2146 827 2201 Petro
854 2158 989 2214 opus
1035 2143 1136 2195 fuit
1177 2140 1507 2195 defensione.
1553 2137 1819 2192 Cornelius

241 2255 341 2293 vero
374 2240 704 2311 exspectabat
741 2238 857 2292 illos
880 2277 895 2303 ,
927 2234 1214 2290 convocatis
1240 2232 1468 2303 cognatis
1497 2231 1604 2286 suis
1642 2241 1689 2285 et
1730 2247 1816 2283 ne-

238 2334 447 2386 cessariis
481 2333 691 2387 amicis.
721 2330 834 2386 Hoc
862 2328 1020 2383 amici
1047 2369 1062 2391 ,
1092 2327 1194 2381 hoc
1222 2326 1292 2397 pii
1322 2325 1420 2380 viri
1461 2335 1542 2379 est
1566 2366 1582 2392 ,
1617 2323 1667 2377 in
1701 2323 1819 2377 tali-

238 2422 326 2477 bus
355 2423 506 2479 bonis
555 2423 767 2479 amicos
810 2436 919 2491 prce
949 2419 1197 2473 omnibus
1239 2418 1412 2471 facere
1441 2415 1640 2470 socios.
1688 2412 1817 2468 Jure

238 2513 326 2568 hos
345 2527 495 2570 vocat
525 2515 729 2586 quibus
757 2514 990 2579 fidebat,
1017 2511 1085 2565 de
1118 2509 1311 2565 talibus
1339 2507 1571 2561 maxime
1602 2520 1817 2575 semper

238 2605 532 2673 disserens,
587 2622 711 2674 quae
759 2604 956 2659 frustra
1007 2601 1242 2656 fortasse
1288 2600 1410 2654 aliis
1455 2598 1813 2667 exposuisset.

238 2695 478 2750 Videntur
525 2706 712 2750 autem
761 2695 890 2748 mihi
936 2704 991 2748 et
1036 2693 1193 2747 amici
1239 2700 1294 2746 ct
1331 2691 1542 2761 cognati
1584 2690 1652 2743 ab
1701 2690 1816 2759 ipso

236 2784 387 2841 fuisse
417 2788 675 2842 instituti.
702 2786 794 2843 25.
825 2785 953 2841 Cum
991 2785 1247 2839 introisset
1272 2793 1438 2836 autem
1471 2781 1653 2835 Petrus
1677 2825 1692 2847 ,
1724 2783 1816 2835 ob-

235 2879 353 2932 viam
387 2881 516 2933 venit
549 2881 655 2951 ipsi
698 2878 996 2941 Cornelius,
1026 2887 1072 2932 et
1112 2858 1378 2947 procidentis
1402 2876 1472 2928 ad
1511 2876 1661 2943 pedes
1701 2875 1814 2945 ejus

237 2969 464 3024 adoravit.
489 2971 583 3027 26.
627 2971 807 3025 Petrus
837 2988 952 3025 vero
1005 2970 1160 3024 erexit
1190 2985 1304 3022 eum
1325 3008 1341 3034 ,
1369 2968 1537 3021 dicens
1562 2982 1580 3020 :
1610 2965 1813 3035 Surge;

239 3079 341 3116 nam
382 3074 425 3118 et
456 3082 548 3137 ego
579 3065 732 3118 homo
761 3082 886 3118 sum.
924 3065 1036 3118 lloc
1065 3063 1189 3116 facit
1214 3104 1229 3126 ,
1264 3061 1618 3115 humilitatem
1661 3074 1811 3113 suam
1830 3070 1841 3077 ‘

242 3155 513 3212 ostendens
534 3200 550 3224 ,
581 3157 827 3227 aliosque
853 3155 1054 3210 docens
1082 3155 1295 3225 Dcoque
1320 3153 1521 3225 gratias
1541 3154 1679 3224 :Igil,
1711 3153 1811 3205 de-

241 3245 491 3317 claratque
528 3264 591 3303 se
615 3289 629 3311 ,
658 3248 864 3303 etiamsi
909 3248 1090 3317 jussus
1121 3248 1227 3311 sit,
1260 3262 1321 3300 ex
1369 3261 1428 3301 se
1457 3255 1631 3300 tamen
1675 3246 1815 3299 mul-

248 3343 338 3390 tam
384 3337 587 3394 habere
643 3339 914 3409 pietatem.
960 3338 1097 3404 Quid
1148 3353 1276 3408 ergo
1328 3337 1559 3393 Petrus?
1601 3336 1813 3409 Surge;

241 3442 344 3479 nam
370 3438 416 3481 et
440 3446 531 3500 ego
562 3431 717 3484 homo
756 3447 889 3484 sum.
925 3429 1132 3494 Viden‘,
1165 3428 1438 3502 quomodo
1464 3438 1588 3482 ante
1630 3428 1809 3481 omnia

242 3515 348 3572 illus
367 3520 597 3588 docent,
626 3539 691 3575 ne
721 3523 845 3592 quid
875 3537 1122 3592 magnum
1155 3522 1222 3575 de
1242 3537 1300 3575 se
1322 3521 1596 3574 sentiant?
1624 3519 1714 3573 27.
1745 3517 1813 3572 Et

242 3607 428 3676 loquens
451 3629 568 3665 cum
592 3613 682 3666 illo
700 3652 717 3675 ,
748 3613 952 3665 intravit
978 3629 996 3665 :
1024 3622 1069 3665 et
1098 3613 1283 3665 invenit
1312 3611 1501 3664 multos
1525 3611 1610 3681 qui
1633 3625 1813 3663 conve-

244 3711 435 3766 nerant,
483 3702 576 3759 28.
624 3703 851 3774 dixitque
889 3703 957 3755 ad
986 3702 1142 3756 illos:
1185 3700 1285 3755 Vos
1334 3702 1505 3764 scitis,
1561 3700 1812 3771 quomodo

244 3794 561 3850 abominatum
593 3797 658 3851 sit
686 3798 790 3850 viro
811 3795 994 3849 Jutle
1020 3795 1263 3867 conjungi
1333 3804 1422 3847 aut
1448 3794 1683 3848 accedere
1746 3792 1815 3847 ad

245 3885 576 3958 alienigenam.
615 3889 778 3954 Vide,
815 3899 873 3943 ut
898 3887 1078 3941 statim
1111 3889 1177 3940 de
1212 3887 1300 3940 Dei
1336 3886 1665 3955 benignitate
1704 3885 1814 3938 dis-

248 3989 399 4046 serat,
432 3981 788 4052 ostendatqne
828 3981 999 4050 ipsum
1042 3995 1234 4049 magna
1283 3978 1387 4032 illis
1419 3979 1661 4047 largitum
1694 3990 1814 4030 esse

251 4064 388 4122 bona.
411 4066 525 4127 Non
556 4076 662 4127 hoc
685 4073 856 4126 solum
885 4071 1255 4125 admirandum
1285 4069 1370 4124 hic
1395 4080 1497 4135 cst,
1520 4068 1659 4137 quod
1690 4069 1810 4123 talia

254 4159 499 4229 loquatur;
538 4164 637 4219 sed
678 4175 731 4218 et
759 4164 1028 4234 quomodo
1062 4163 1221 4216 simul
1262 4173 1314 4216 et
1346 4177 1535 4231 magna
1569 4161 1814 4229 loquatur

254 4262 297 4304 et
320 4256 544 4312 modeste
573 4268 715 4327 agat.
747 4257 864 4311 Non
893 4257 1027 4310 dixit
1050 4256 1234 4311 enim:
1266 4254 1370 4308 Nos
1400 4256 1488 4324 qui
1519 4253 1587 4307 ad
1639 4252 1811 4306 nemi-

258 4360 357 4399 uem
378 4350 633 4405 accedere
662 4350 944 4420 dignamur
964 4391 977 4412 ,
1007 4348 1072 4403 ad
1099 4364 1192 4401 vos
1221 4347 1499 4410 venimus;
1531 4346 1622 4399 sed
1648 4345 1813 4415 quid?

268 4433 349 4490 Vos
366 4441 492 4495 scitis
517 4444 686 4511 (Deus
709 4442 811 4495 hoc
832 4441 1020 4510 jussit,
1045 4440 1241 4509 inquit)
1265 4483 1277 4501 .
1306 4440 1536 4510 iniquum
1566 4453 1672 4491 esse
1695 4453 1817 4489 con-

261 4527 380 4597 iungi
417 4544 497 4586 aut
524 4533 764 4587 accedere
791 4533 858 4585 ad
899 4532 1254 4599 alienigenam.
1303 4530 1506 4585 Deinde
1536 4545 1604 4583 ne
1644 4529 1695 4581 in
1724 4529 1817 4582 illo

266 4622 453 4685 gratiam
500 4634 737 4691 statuat,
781 4624 997 4679 subdit:
1039 4622 1102 4675 Et
1132 4623 1256 4676 mihi
1282 4620 1423 4675 Deus
1448 4620 1698 4684 ostendit,
1733 4636 1818 4674 ne-

271 4710 417 4765 minem
461 4732 773 4772 communem
825 4726 911 4769 aut
966 4715 1280 4768 immundum
1323 4714 1491 4767 dicere
1542 4713 1814 4765 hominem.

275 4796 360 4855 Hoc
388 4806 685 4879 subjungit,
720 4822 789 4862 ne
816 4808 1057 4861 videatur
1086 4806 1290 4861 adulari
1327 4805 1446 4874 ipsi.
1473 4804 1566 4859 ‘29.
1603 4804 1820 4873 Propter

282 4894 378 4954 (Ιιοά
398 4898 494 4952 sine
515 4900 919 4954 contradictione
962 4898 1073 4952 veni
1100 4898 1394 4951 accersitus.
1427 4896 1503 4951 Ne
1532 4902 1779 4965 putarent
1800 4934 1817 4962 ,

291 4985 361 5036 etsi
379 5003 449 5044 res
476 4992 657 5046 illicita
685 5000 865 5057 esset,
894 5005 954 5046 se
983 4998 1169 5059 utpote
1199 4988 1428 5060 principi
1456 5003 1520 5043 ea
1556 4987 1623 5042 de
1655 5002 1817 5041 causa

295 5072 651 5151 "blEHIperasse,
681 5084 774 5140 sed
806 5093 974 5140 totum
1000 5064 1113 5139 Deo
1144 5085 1469 5152 imputarent
1487 5125 1499 5144 .
1528 5099 1630 5136 nntt
1659 5082 1819 5136 modo

287 5170 482 5246 l‘Oﬂjungi
503 5220 519 5248 ,
550 5178 642 5233 sed
671 5180 831 5233 etiam
864 5176 1122 5232 accedere
1150 5192 1256 5231 non
1290 5175 1452 5231 licere
1475 5175 1624 5229 dicit.
1655 5173 1801 5228 Inter

286 5272 379 5327 ⁷⁸90
401 5283 505 5338 ergo
524 5311 539 5336 ,
575 5287 725 5342 quant
753 5270 814 5324 ob
841 5285 1047 5323 causam
1072 5268 1355 5322 accersistis
1381 5283 1476 5320 me.
1512 5266 1625 5320 Non
1670 5268 1795 5332 igno

285 5363 383 5407 fans
418 5357 697 5432 interrogat
728 5379 740 5414 :
774 5362 975 5417 sciebat
1002 5361 1146 5416 enim
1178 5369 1345 5414 totum
1376 5359 1563 5413 Petrus
1599 5374 1628 5413 a
1660 5359 1821 5412 visio-

289 5455 340 5496 Ile
376 5448 615 5509 edoctus:
659 5454 904 5508 audierat
954 5454 1116 5508 etiam
1164 5469 1192 5506 a
1242 5451 1541 5516 militibus;
1572 5449 1666 5507 sed
1709 5449 1823 5503 vult

337 5594 429 5674 illi
447 5616 536 5674 tuto
558 5606 846 5674 exemplari,
864 5607 942 5656 bis
957 5605 1163 5674 _9missis
1186 5604 1355 5674 verbis
1371 5639 1387 5662 ,
1411 5610 1668 5674 postquqm.
1693 5601 1826 5674 siros

290 5648 544 5734 ίτξξιξιῖίιαιὶιενΔ
559 5648 798 5734 Ligula;
812 5648 1207 5734 1’g‘i‘é.1i_i}i'_r"éiir_.i
1222 5648 1386 5717 illis?
1395 5648 1558 5734 ﬁcte;
1568 5648 1739 5734 ab]
1752 5648 1827 5713 in;

288 5723 448 5822 Ἃηιιιτ,
470 5728 600 5779 Prius
625 5723 823 5803 benigne
845 5723 958 5780 cum
980 5728 1078 5779 illis
1093 5744 1122 5777 a
1163 5729 1210 5778 't.
1231 5736 1496 5790 t’ossetque
1520 5723 1611 5777 [ιω
1636 5727 1824 5775 initium

290 5778 306 5820 ‘
347 5791 470 5840 mn.
489 5792 569 5840 sed
591 5790 767 5840 melius
785 5792 1015 5840 incipitur
1038 5792 1100 5840 ab
1123 5741 1218 5840 illis
1241 5791 1408 5840 verbis
1425 5828 1439 5840 .
1473 5796 1722 5840 postquam
1757 5786 1824 5837 ri-

290 5778 470 5895 ξξὲθτὲἷὲ.
489 5778 573 5842 sed
588 5778 767 5844 melius
782 5778 1015 5845 incipitur
1038 5778 1100 5840 ab
1123 5778 1218 5842 illis
1241 5778 1439 5850 verbis',
1473 5796 1722 5854 postquam
1757 5786 1824 5837 ri-

352 5874 367 5895 Ι
459 5883 470 5895 ι

352 5874 367 5899 1
390 5874 470 5896 vus.

1937 1042 2057 1096 illos
2088 1043 2317 1112 primum
2362 1043 2640 1111 confiteri,
2671 1053 2727 1098 et
2756 1043 2876 1098 fidei
2915 1043 3178 1097 obnoxios
3220 1042 3353 1095 fieri.
3386 1042 3520 1107 Quid

1932 1149 2060 1200 ergo
2080 1137 2401 1189 Cornelius?
2422 1137 2535 1188 Non
2564 1137 2721 1198 dixit,
2750 1136 2866 1189 Non
2900 1137 2992 1187 tibi
3019 1136 3212 1187 milites
3233 1133 3479 1187 dixerunt
3502 1133 3521 1184 ἲ

1932 1222 2025 1275 sed
2056 1224 2211 1291 vide,
2245 1239 2404 1294 quam
2436 1234 2716 1281 mansuete
2746 1236 2799 1280 et
2827 1224 3100 1279 humiliter
3132 1227 3401 1289 loquatur.
3429 1225 3516 1277 50.

1933 1311 1973 1366 Α
2003 1326 2185 1381 quarta
2228 1315 2311 1369 die
2339 1333 2494 1384 usque
2524 1318 2575 1371 in
2607 1318 2738 1371 hanc
2766 1317 2943 1370 harant
2972 1333 3111 1370 eram
3147 1318 3387 1388 jejuuans
3406 1355 3422 1379 ,
3473 1326 3519 1367 et

1929 1418 2064 1456 nona
2103 1405 2230 1458 liora
2257 1424 2395 1458 erant
2422 1424 2572 1460 orans
2611 1408 2664 1461 in
2693 1408 2844 1461 domo
2874 1424 2987 1461 mea
3009 1424 3027 1461 :
3055 1416 3102 1461 et
3129 1424 3241 1461 ecce
3279 1410 3354 1461 uir
3381 1408 3516 1459 stetit

1929 1510 2098 1547 coram
2125 1512 2204 1548 me
2233 1498 2283 1550 in
2310 1500 2489 1551 vestitu
2536 1498 2806 1567 splendido
2831 1539 2845 1561 ,
2891 1508 2935 1552 et
2976 1499 3089 1553 ait:
3135 1499 3222 1553 5!.
3272 1496 3515 1564 Corneli,

1928 1586 2167 1638 exaudita
2192 1597 2267 1640 est
2292 1589 2454 1641 oratio
2479 1601 2565 1642 tua
2588 1631 2603 1653 ,
2636 1600 2683 1642 et
2709 1590 3038 1660 clcemosynm
3060 1599 3160 1642 tute
3179 1591 3515 1642 ascenderunt

1926 1675 1979 1729 in
2010 1680 2304 1732 memoriam
2331 1681 2384 1733 in
2414 1693 2684 1749 conspectu
2714 1681 2833 1736 Dei.
2868 1681 2931 1733 Et
2960 1698 3095 1735 nona
3123 1683 3267 1744 IlOl'fl,
3304 1682 3468 1750 inquit
3494 1720 3512 1746 ,

1925 1787 2099 1825 orans.
2127 1772 2263 1838 Quid
2295 1772 2395 1827 hoc
2421 1775 2541 1827 est?
2570 1774 2787 1828 Videtur
2820 1775 2948 1828 mihi
2994 1776 3091 1828 sibi
3121 1785 3358 1843 tempora
3387 1789 3517 1829 con-

1925 1862 2163 1917 suluisse
2185 1865 2530 1919 accnratioris
2553 1866 2674 1920 vitae
2702 1867 2752 1919 in
2781 1866 3098 1934 quibusdam
3122 1866 3347 1920 diebus:
3377 1866 3517 1920 idco-

1925 1968 2027 2019 quc
2056 1955 2162 2020 ait,
2207 1955 2251 2008 Α
2282 1966 2464 2025 quarta
2510 1956 2610 2009 die.
2655 1956 2826 2023 Vide,
2860 1968 3056 2027 quanta
3088 1973 3173 2012 res
3202 1959 3270 2012 sit
3315 1960 3512 2013 oratio.

1924 2046 2148 2114 Quando
2179 2049 2231 2102 in
2260 2050 2456 2118 pietate
2485 2049 2731 2120 profecit,
2764 2060 2888 2104 tunc
2916 2060 3139 2121 apparet
3168 2052 3241 2105 illi
3268 2053 3510 2120 angelus.

1926 2139 2050 2195 llam
2070 2156 2169 2194 una
2194 2140 2310 2196 dies
2328 2152 2472 2208 erat;
2496 2157 2559 2198 ea
2582 2158 2684 2212 qua
2707 2143 2955 2197 abierunt
2974 2144 3030 2209 ii,
3052 2146 3141 2213 qui
3167 2144 3313 2198 missi
3335 2148 3510 2209 erant,

1924 2248 2065 2295 una;
2103 2251 2206 2304 qua
2237 2224 2521 2300 venerunt,
2552 2250 2739 2291 rursus
2766 2252 2908 2301 una;
2941 2246 2996 2290 et
3021 2245 3208 2307 quarta
3238 2236 3510 2306 apparuit,

1924 2326 1992 2379 ita
2024 2337 2080 2380 ut
2108 2328 2178 2381 sit
2203 2326 2435 2381 secunda
2466 2338 2586 2396 post
2613 2344 2753 2392 eam,
2778 2344 2882 2398 qua
2908 2340 3155 2397 precatus
3176 2339 3279 2383 est.
3307 2328 3371 2382 Et
3393 2346 3507 2383 ecce

1920 2419 1997 2472 vir
2012 2420 2148 2472 stetit
2165 2436 2332 2473 coram
2352 2437 2430 2473 me
2449 2421 2499 2473 in
2518 2431 2649 2477 veste
2660 2419 3073 2489 splendida.Non
3093 2421 3340 2491 angelum
3353 2421 3507 2486 dicit;

1924 2511 1995 2565 ita
2016 2512 2222 2566 alienus
2239 2522 2353 2566 erat
2374 2529 2400 2565 ιι
2423 2511 2581 2566 fastu.
2605 2513 2670 2566 Et
2689 2514 2791 2567 ait:
2811 2513 3031 2575 Corneli,
3051 2514 3287 2568 exaudita
3309 2523 3382 2568 est
3395 2530 3511 2567 ora-

1921 2605 1990 2657 tio
2026 2614 2112 2656 tua
2131 2643 2147 2668 ,
2178 2613 2225 2658 et
2265 2604 2597 2674 eleemosynte
2626 2615 2725 2657 tua:
2769 2606 3104 2659 ascenderant
3137 2606 3189 2658 in
3218 2607 3511 2658 memoriant

1919 2694 1972 2747 in
2002 2705 2273 2763 conspectu
2313 2695 2425 2748 Dei.
2451 2696 2539 2751 52.
2569 2696 2718 2749 Mitte
2753 2712 2873 2766 ergo
2903 2697 2956 2750 in
2984 2695 3189 2767 lappen
3208 2737 3225 2760 ,
3253 2707 3299 2750 et
3323 2696 3513 2749 accersi

1921 2788 2219 2853 Simonem,
2251 2791 2339 2858 qui
2364 2791 2755 2860 cognominatur
2775 2788 2962 2844 Petrus
2990 2805 3009 2844 :
3032 2790 3114 2843 hic
3142 2790 3429 2857 hospitatnr
3454 2790 3507 2843 in

1918 2883 2069 2935 domo
2098 2882 2324 2935 Simonis
2345 2882 2551 2935 coriarii
2582 2882 2737 2952 juxta
2769 2898 2907 2935 mare
2930 2896 2949 2935 :
2973 2881 3061 2951 qui
3101 2882 3180 2933 ubi
3211 2880 3467 2933 advenerit
3493 2921 3509 2944 ,

1918 2976 2148 3043 loquetur
2177 2974 2284 3029 tibi.
2315 2974 2403 3030 55.
2450 2974 2726 3045 Confestim
2756 2990 2874 3044 ergo
2902 2973 3016 3026 misi
3039 2972 3109 3026 ad
3137 2983 3183 3025 te
3209 2986 3229 3027 :
3258 2981 3303 3025 et
3333 2983 3385 3024 tu
3414 2973 3500 3024 be-

1919 3086 1982 3125 ne
2006 3070 2168 3137 fecisti
2193 3069 2456 3123 veniendo.
2491 3067 2646 3122 Nunc
2674 3084 2792 3138 ergo
2827 3082 2999 3120 omnes
3038 3082 3129 3119 nos
3156 3066 3207 3119 in
3235 3076 3506 3132 conspectu

1919 3160 2014 3215 Dei
2052 3161 2323 3226 adsumus,
2354 3171 2410 3214 ut
2439 3148 2708 3214 audiamus
2733 3160 2933 3222 omnia,
2971 3172 3085 3226 qua:
3123 3157 3212 3210 tibi
3256 3168 3506 3225 prtecepta

1917 3263 2032 3309 sunt
2071 3270 2102 3306 a
2132 3253 2262 3309 Deo.
2294 3253 2418 3307 ldco
2448 3253 2620 3315 dixit,
2655 3249 2769 3316 Qua
2796 3250 2858 3303 de
2880 3266 3035 3303 causa
3060 3249 3344 3302 accersistis
3374 3263 3452 3301 me
3476 3248 3503 3301 ?

1918 3357 1976 3402 ιιι
2003 3347 2117 3400 hzcc
2155 3347 2231 3400 sic
2259 3346 2417 3399 verba
2445 3345 2606 3399 dicat.
2638 3344 2727 3399 5i.
2771 3342 3018 3412 Aperiens
3041 3349 3209 3392 autem
3241 3338 3424 3391 Petrus
3449 3354 3507 3391 os

1919 3457 2100 3506 suum,
2132 3439 2260 3493 dixit
2285 3455 2304 3493 :
2333 3438 2359 3491 Ι
2369 3456 2400 3491 ιι
2426 3438 2630 3492 veritate
2653 3436 2909 3505 comperi,
2941 3432 3078 3502 quod
3103 3447 3204 3485 non
3244 3430 3310 3484 sit
3334 3446 3507 3500 perso-

1918 3549 2100 3586 narum
2140 3540 2374 3600 acceptor
2397 3529 2568 3593 Deus;
2612 3527 2701 3581 55.
2733 3527 2820 3579 sed
2867 3527 2920 3578 in
2961 3523 3098 3577 onmi
3126 3531 3301 3593 gente.
3330 3520 3418 3590 qui
3445 3520 3506 3572 ti~

1919 3633 2017 3679 met
2058 3624 2207 3678 illaut
2235 3632 2281 3676 et
2308 3630 2547 3691 operatur
2565 3619 2859 3689 justitiam,
2888 3625 3123 3684 acceptus
3152 3613 3231 3667 illi
3273 3622 3364 3668 est.
3395 3612 3509 3666 Hoc

1919 3724 2036 3781 est,
2084 3718 2196 3768 sive
2227 3713 2573 3784 pra-potionis
2601 3711 2688 3773 sit,
2720 3710 2833 3763 sive
2875 3706 3246 3761 circumcisus.
3297 3702 3411 3757 Hoc
3455 3712 3510 3756 et

1919 3809 2118 3865 Paulus
2166 3808 2245 3862 sic
2287 3806 2565 3867 declarat,
2613 3802 2736 3857 Non
2782 3812 2853 3855 est
2906 3813 3237 3870 personarum
3282 3795 3509 3865 acceptio

1888 3902 2059 3970 .apud
2098 3901 2259 3955 Deum
2288 3900 2465 3970 (Rom.
2495 3897 2552 3950 2.
2587 3895 2695 3966 Η).
2727 3892 2885 3949 Nunc
2913 3908 3035 3963 ergo
3065 3891 3308 3945 adsumus
3336 3905 3509 3943 omnes

1918 4012 2045 4059 nos,
2078 3994 2290 4063 inquit,
2338 3992 2393 4044 in
2439 3998 2710 4059 conspectu
2758 3985 2876 4040 Dei.
2926 3984 3057 4039 Vide
3101 3991 3297 4052 quanta
3330 3980 3462 4033 ﬁdes
3494 4020 3509 4040 ,

1920 4094 2117 4159 quanta
2142 4086 2330 4154 pietas.
2351 4081 2566 4137 Sciebat
2589 4079 2716 4134 nihil
2740 4078 3033 4132 humanum
3061 4074 3242 4129 dicere
3268 4073 3507 4135 Petrum;

1920 4179 2058 4232 Deus
2084 4176 2299 4229 ostendit
2329 4174 2485 4243 milii,
2515 4172 2670 4226 dixit.
2699 4169 2825 4224 ldco
2851 4178 2904 4223 et
2930 4168 3057 4221 illud
3080 4206 3096 4230 ,
3123 4166 3381 4219 Adsumus
3403 4204 3421 4229 ,
3451 4172 3506 4216 ut

1920 4273 2191 4326 audiamus
2215 4269 2387 4323 omnia
2409 4308 2425 4331 ,
2456 4280 2569 4334 qua:
2587 4263 2677 4317 tibi
2705 4269 2957 4333 praecepta
2984 4270 3098 4314 sunt
3124 4274 3158 4311 α
3190 4257 3316 4310 Deo.
3359 4255 3500 4321 Quid

1922 4366 2095 4435 ergo?
2125 4380 2250 4418 num
2296 4368 2549 4428 acreptus
2575 4364 2657 4411 est
2684 4354 2758 4408 illi
2790 4354 2864 4420 is,
2893 4352 2982 4421 qui
3029 4359 3112 4404 est
3149 4348 3202 4404 in
3246 4345 3508 4402 Perside?

1924 4458 1978 4514 Si
2009 4458 2201 4526 dignus
2230 4453 2329 4515 sit,
2364 4453 2433 4505 ita
2459 4458 2709 4517 acceptus
2735 4446 2836 4501 erit
2857 4484 2873 4509 ,
2903 4453 2956 4497 ut
2988 4441 3145 4496 fidem
3168 4448 3506 4509 assequatur.

1925 4550 2060 4605 llinc
2086 4548 2246 4602 etiam
2293 4542 2599 4600 eunuclmm
2622 4555 2688 4594 ex
2715 4536 2982 4603 rEthiopia
3014 4548 3119 4588 non
3145 4532 3407 4602 despexit.
3444 4530 3511 4584 Et

1923 4641 2087 4712 quid.
2139 4638 2380 4707 inquies,
2427 4634 2628 4689 dixeris
2671 4630 2741 4684 de
2783 4627 3048 4698 religiosis
3082 4626 3211 4679 viris
3239 4665 3253 4686 ,
3281 4623 3369 4693 qui
3414 4621 3510 4676 dc-

1926 4732 2094 4803 Specti
2144 4726 2607 4789 fut-rtttitlAbsit,
2653 4736 2811 4778 nemo
2864 4719 3148 4789 religiosus
3195 4715 3490 4795 despiqitur

1925 4826 2041 4881 Non
2069 4833 2245 4895 potest
2269 4822 2411 4877 Clllm
2433 4860 2449 4886 ,
2479 4832 2587 4872 non
2618 4824 2798 4886 potest
2822 4814 3010 4881 utique
3035 4808 3238 4877 despici
3266 4808 3356 4877 qui
3386 4807 3507 4859 talis

1926 4926 2029 4973 est.
2061 4891 2125 4970 η
2156 4915 2293 4969 omni
2320 4922 2497 4985 gente,
2532 4909 2740 4980 inquit,
2772 4906 2861 4977 qui
2890 4907 3031 4957 timet
3047 4901 3225 4968 ,Deum
3250 4909 3297 4955 et
3331 4891 3511 4968 operao

1929 5020 2011 5065 tur
2028 5009 2303 5077 justitiam.
2335 5002 2604 5059 Justitiam
2635 5007 2792 5054 vocat
2827 5011 3042 5067 omnem
3071 4994 3346 5047 virtutem.

1997 5102 2051 5155 2.
2087 5100 2263 5162 Vides,
2288 5108 2345 5151 ut
2365 5096 2635 5164 deprimat
2658 5091 2800 5145 illius
2819 5088 3100 5141 sublimem
3129 5098 3367 5143 sensum,
3390 5094 3510 5134 emo

1929 5196 2059 5251 dicit
2083 5213 2097 5249 :
2128 5192 2191 5247 In
2219 5191 2356 5247 omni
2380 5199 2524 5261 gente
2550 5186 2635 5257 qui
2663 5187 2797 5238 timet
2822 5180 3011 5243 Deum,
3032 5185 3270 5247 acceptus
3299 5184 3368 5226 est
3394 5170 3513 5224 illi?

1931 5304 1993 5343 ac
2039 5286 2083 5341 si
2130 5285 2368 5346 diceret,
2414 5279 2693 5336 Neminem
2744 5275 2984 5345 repellit,
3015 5283 3204 5324 omnes
3230 5264 3514 5320 credentes

1931 5379 2185 5435 admittit.
2212 5374 2430 5432 Deinde.
2463 5382 2522 5428 ut
2549 5387 2617 5427 ne
2640 5369 2920 5424 videantur
2950 5366 3088 5419 inter
3107 5360 3344 5427 abjcctos
3370 5370 3511 5416 esse,

1932 5471 2114 5526 subdit
2139 5487 2153 5524 :
2177 5469 2267 5524 56.
2301 5465 2517 5521 Verbum
2537 5461 2674 5534 quod
2697 5459 2831 5512 misit
2854 5457 2975 5525 filiis
3004 5448 3192 5516 Israel,
3211 5446 3519 5501 annuntians

1935 5579 2109 5635 pacem
2139 5577 2226 5632 per
2247 5559 2423 5613 Jesum
2455 5554 2754 5610 Christum:
2785 5550 2865 5602 hic
2894 5556 2966 5601 est
2992 5544 3215 5599 omnium
3242 5539 3514 5594 Dominus.

1937 5629 2062 5708 lla-c
2087 5629 2216 5707 dicit
2244 5651 2294 5703 in
2323 5646 2665 5717 praesentium
2686 5641 2936 5711 gratiam,
2958 5645 3015 5691 ut
3044 5633 3150 5688 illis
3185 5629 3520 5701 persuadeat.

1935 5744 2060 5799 Ideo
2085 5748 2274 5807 curat,
2305 5747 2367 5791 ut
2405 5733 2684 5789 Cornelius
2724 5733 2989 5799 loquatur.
3029 5721 3281 5784 Verbum,
3310 5720 3520 5787 inquit,

1933 5836 2068 5908 mimi
2097 5833 2234 5891 misit
2277 5830 2401 5902 ﬁliis
2424 5826 2612 5883 lsraet.
2646 5822 2805 5890 Vide,
2832 5820 2935 5876 illis
2958 5816 3173 5875 interim
3207 5814 3296 5869 dat
3328 5823 3524 5882 puro—
