3946 6474
393 431 492 487 179
1128 420 1188 480 S.
1228 420 1504 478 JOANNIS
1541 411 2017 475 CIIRYSOSTOMI
2054 410 2373 467 ARClllEP.
2413 408 2947 469 CONSTANTINOP.
3157 368 3162 371 I
3658 414 3762 467 ltiti

389 548 642 613 gatiram.
675 541 876 596 Deinde
901 540 1021 595 illus
1047 546 1214 593 testes
1242 536 1470 599 inducit,
1502 535 1723 589 dicens:
1751 532 1839 586 57.
1877 528 1979 583 Vos

388 634 529 689 scitis
554 632 776 694 verbum,
805 632 941 702 quod
966 633 1160 700 factum
1192 639 1263 683 est
1295 644 1383 698 per
1410 628 1693 680 universam
1715 623 1749 676 .1
1756 620 1980 686 udwam,

392 729 639 797 incipiens
678 743 709 779 a
743 724 962 780 Galiltca
985 764 998 787 ,
1034 733 1149 793 post
1193 722 1442 791 baptisma
1467 761 1480 781 ,
1508 718 1643 790 quod
1686 714 1982 785 prtcdicuvit

390 820 637 875 Joannes.
669 816 823 886 Quod
855 817 935 871 sic
977 830 1064 881 res
1106 814 1332 877 habeat,
1363 827 1427 865 ex
1459 807 1807 878 sequentibus
1845 819 1981 859 con-

393 912 591 964 lirtnat.
639 910 728 964 '58.
767 906 1005 962 Jesuma
1040 904 1329 964 Nazareth,
1375 901 1625 973 quomodo
1675 899 1821 953 unxit
1865 910 1981 972 eum

393 1000 535 1055 Deus
566 999 767 1067 Spiritu
797 1009 973 1053 sancto
1010 1007 1056 1051 et
1098 996 1297 1049 virtute.
1322 993 1435 1049 Non
1464 992 1636 1058 dixit,
1681 989 1861 1045 Nostis
1886 986 1978 1040 Je-

389 1109 509 1145 sum
553 1091 755 1161 (neque
800 1091 943 1144 enim
989 1085 1308 1155 noverant);
1338 1084 1431 1139 sed
1467 1098 1586 1152 quae
1616 1081 1686 1136 ab
1725 1081 1816 1135 illo
1842 1078 1979 1133 facta

390 1192 514 1237 sunt
537 1224 551 1245 ,
582 1190 782 1234 narrat.
821 1180 923 1245 Qui
961 1176 1253 1248 pertransiit
1281 1173 1642 1244 benefaciendo
1679 1179 1726 1225 et
1751 1170 1982 1222 sanando

391 1290 564 1327 ontnes
589 1288 854 1342 Oppressae
879 1287 911 1323 a
944 1269 1169 1324 diabolo.
1200 1266 1335 1322 Hinc
1365 1266 1602 1320 ostendit.
1627 1264 1826 1320 multas
1865 1278 1984 1316 mu-

393 1365 661 1419 tilationes
691 1362 1007 1426 diabolicas,
1040 1371 1097 1415 et
1118 1359 1365 1429 corporis
1393 1358 1545 1413 labes
1574 1356 1642 1411 ab
1670 1354 1764 1410 illo
1790 1353 1979 1408 factas.

394 1457 649 1523 Quoniam
679 1454 815 1508 Deus
845 1465 951 1507 erat
980 1470 1095 1507 cum
1136 1451 1251 1507 illo.
1283 1451 1516 1506 Rursum
1561 1448 1781 1503 humilia
1813 1445 1986 1515 loqui-

393 1562 512 1613 tur,
542 1561 649 1601 non
682 1548 799 1601 sine
823 1560 984 1599 causa
1014 1551 1170 1614 puto,
1200 1542 1295 1597 sed
1324 1551 1545 1612 prepter
1570 1538 1981 1594 humanitatem.

393 1640 482 1694 '59.
520 1638 581 1692 lit
612 1656 704 1693 nos
736 1648 881 1693 testes
910 1654 1085 1692 sumus
1111 1636 1341 1690 omnium
1362 1676 1375 1702 ,
1401 1650 1517 1707 qua:
1542 1633 1664 1704 fecit
1691 1634 1746 1685 in
1781 1632 1986 1702 regione

389 1729 691 1783 Judworum
721 1740 766 1783 et
790 1728 1099 1782 Jerusalem.
1134 1727 1202 1782 Et
1230 1743 1345 1790 vos,
1371 1726 1565 1795 inquit,
1595 1734 1649 1779 et
1675 1739 1793 1777 nos.
1823 1722 1984 1788 Quem

391 1833 439 1875 et
482 1823 770 1875 occiderunt
813 1820 1177 1888 suspendentes
1220 1819 1271 1871 in
1321 1819 1481 1886 ligno.
1534 1815 1631 1870 llic
1676 1815 1982 1885 passionem

394 1906 669 1975 praedicat.
699 1905 790 1959 40.
828 1904 982 1956 lluuc
1009 1902 1147 1956 Deus
1175 1902 1439 1957 suscitavit
1464 1901 1611 1954 tertia
1631 1900 1746 1966 die,
1774 1908 1819 1953 et
1846 1899 1984 1951 dedit

391 2013 506 2051 eum
550 1997 875 2066 manifestum
922 1994 1034 2062 ﬁeri
1053 2035 1068 2054 .
1099 1994 1188 2047 M.
1230 2008 1331 2046 non
1361 1992 1500 2046 onmi
1526 1992 1717 2062 populo
1737 2033 1752 2055 ,
1779 1990 1869 2043 sed
1906 1999 1983 2043 te-

388 2089 549 2142 stibus
587 2086 942 2157 praordinatis
968 2102 999 2138 a
1029 2084 1160 2152 Deo,
1183 2085 1327 2139 nobis
1351 2086 1438 2155 qui
1479 2084 1894 2138 manducavimus
1937 2092 1986 2136 et

388 2180 602 2234 bibimus
640 2197 754 2234 cum
800 2195 859 2234 eo
879 2222 895 2246 ,
929 2189 1199 2250 postquam
1236 2180 1514 2235 resurrexit
1543 2195 1576 2232 a
1609 2178 1844 2233 mortuis.
1873 2177 1986 2232 [loc

394 2274 684 2327 maximum
738 2273 1156 2327 resurrectionis
1201 2280 1578 2342 argumentum
1623 2279 1726 2324 est.
1774 2270 1865 2324 42.
1921 2269 1984 2323 Et

393 2364 629 2433 prwcepit
679 2363 821 2418 nobis
872 2363 1154 2434 praedicare
1196 2362 1387 2434 populo
1430 2370 1476 2416 et
1521 2361 1815 2430 testiﬁcari,
1864 2360 1985 2432 quia

390 2455 499 2514 ipse
532 2463 641 2518 est,
671 2455 758 2522 qni
786 2455 1088 2508 constitutus
1115 2462 1189 2507 cst
1213 2470 1248 2507 a
1272 2452 1383 2507 Deo
1455 2451 1623 2523 judea;
1665 2451 1890 2506 vivorum
1938 2458 1984 2504 et

390 2557 728 2600 mortuorum.
768 2545 1011 2614 Magnum
1041 2545 1203 2599 etiam
1238 2545 1340 2599 hoc
1364 2585 1378 2607 ,
1413 2552 1471 2598 ut
1512 2543 1615 2597 ﬁde
1655 2541 1846 2612 dignos
1885 2540 1984 2596 de-

391 2648 686 2692 monstret.
727 2639 847 2708 Ipse
890 2654 1021 2693 vero
1068 2638 1432 2693 testiinonium
1480 2635 1721 2700 inducit,
1751 2636 1982 2689 dicens:

387 2730 476 2783 45.
523 2728 658 2782 Huic
685 2746 857 2784 onmes
908 2731 1168 2802 propheta:
1207 2729 1547 2783 testimonium
1578 2728 1870 2797 perhibent,
1897 2743 1981 2781 re-

388 2822 676 2875 missionem
719 2823 949 2893 accipere
978 2839 1067 2891 per
1107 2838 1290 2876 nomen
1332 2821 1443 2891 ejus
1469 2836 1670 2874 omnem
1709 2820 1796 2889 qui
1825 2818 1982 2872 credit

388 2913 439 2965 in
471 2913 632 2967 illum.
674 2914 798 2968 Haec
824 2914 1103 2984 praedictio
1133 2922 1218 2968 est
1242 2927 1430 2968 eorum
1454 2954 1468 2977 ,
1498 2928 1619 2980 quae
1655 2919 1778 2981 post
1806 2911 1981 2964 futura

383 3012 568 3065 erant;
593 3012 753 3073 q‘uun
777 3002 1126 3065 conﬁrmans,
1153 3003 1445 3073 prophetas
1485 3013 1790 3070 opportune
1814 3010 1981 3055 testes

387 3093 625 3148 adhibet.
649 3093 752 3150 Sed
778 3105 1086 3162 repetamus
1114 3109 1199 3159 ea,
1224 3109 1342 3164 quae
1369 3093 1437 3148 de
1462 3093 1714 3148 Cornelio
1736 3093 1983 3162 superius

384 3182 526 3237 dicta
574 3194 717 3238 sunt.
765 3184 940 3251 Misit,
984 3184 1190 3254 inquit,
1235 3185 1290 3238 in
1334 3183 1561 3254 Joppen,
1606 3193 1661 3237 ut
1704 3192 1982 3237 accerseret

392 3272 618 3326 Petrum.
653 3273 887 3327 Omnino
915 3284 1199 3329 venturum
1231 3273 1498 3329 credidit:
1547 3272 1671 3327 ideo
1716 3273 1881 3327 misit.
1915 3271 1982 3326 Et

385 3368 596 3431 loquens
623 3384 739 3421 cum
763 3368 873 3433 illo,
905 3368 1097 3437 inquit,
1139 3368 1361 3421 intravit.
1408 3366 1546 3434 Quid
1579 3367 1848 3437 loquens?
1879 3366 1978 3431 Ea,

389 3469 447 3512 ut
505 3470 673 3528 puto,
718 3475 840 3529 qua:
901 3460 1149 3528 superius
1201 3460 1344 3514 dicta
1402 3469 1548 3514 sunt.
1590 3459 1659 3513 Et
1713 3459 1982 3529 procidens

385 3550 457 3603 ad
497 3551 648 3619 pedes
688 3553 834 3624 ejus,
866 3552 1116 3605 adoravit.
1168 3552 1305 3608 Vide
1353 3553 1549 3622 ubique
1578 3568 1881 3608 sermonem
1913 3552 1982 3608 ab

383 3643 690 3698 adulatione
719 3644 954 3700 alienum
979 3688 992 3709 ,
1022 3654 1079 3700 et
1118 3646 1420 3702 humilitate
1466 3648 1703 3716 plenum.
1733 3646 1867 3702 llinc
1893 3646 1980 3700 di—

384 3748 520 3801 gnus
547 3736 850 3791 ostenditur
883 3747 936 3790 et
968 3737 1055 3791 ille
1086 3737 1389 3792 eunuchus.
1432 3737 1687 3810 Prtecepit
1708 3780 1722 3803 ,
1759 3739 1932 3810 inquit
1961 3780 1977 3805 ,

393 3824 653 3895 Philippo,
672 3835 725 3879 ut
750 3828 1038 3881 ascenderet
1067 3832 1116 3881 e't
1145 3829 1336 3881 sederet
1361 3831 1415 3882 in
1443 3845 1637 3894 curru;
1667 3831 1766 3885 etsi
1798 3831 1978 3885 uesci-

388 3925 472 3969 ret
497 3917 614 3984 quis
656 3926 805 3970 esset
829 3960 844 3977 ,
876 3918 975 3970 nisi
1020 3919 1195 3972 solum
1225 3934 1290 3973 ex
1341 3920 1619 3989 proiihetae
1645 3935 1980 3976 commemo—

387 4009 614 4063 ratione.
634 4008 730 4063 llic
754 4024 885 4064 vero
907 4013 1066 4064 etiam
1088 4011 1285 4066 cecidit
1301 4012 1365 4066 ad
1388 4013 1572 4081 pedes.
1592 4013 1782 4068 Viden’
1803 4029 1981 4068 mores

386 4102 504 4156 sine
533 4101 708 4156 fastu?
737 4103 815 4156 Tu
841 4119 969 4158 vero
994 4103 1122 4158 mihi
1152 4105 1432 4159 considera
1460 4146 1474 4170 ,
1504 4107 1775 4175 quomodo
1805 4116 1983 4160 osten-

385 4197 479 4252 dat
505 4198 695 4252 Petrus
715 4196 954 4252 divinnm
982 4213 1103 4253 esse
1125 4213 1279 4253 suum
1307 4198 1622 4262 adventum,
1650 4213 1771 4253 cum
1799 4199 1932 4253 dicit
1958 4216 1972 4252 :

398 4288 500 4342 Vos
524 4291 663 4343 scitis
692 4289 927 4342 illicitum
953 4306 1077 4344 esse.
1126 4291 1192 4344 Et
1216 4306 1314 4344 cur
1356 4305 1460 4344 non
1488 4293 1666 4345 statim
1700 4290 1979 4346 sindonem

392 4382 754 4436 memoravit?
799 4382 930 4445 Quia
963 4398 991 4434 a
1021 4386 1156 4436 vana
1199 4382 1366 4452 gloria
1408 4392 1525 4438 erat
1562 4382 1720 4437 valde
1748 4382 1975 4437 alienus.

387 4473 540 4542 Quod
571 4470 768 4527 missus
795 4473 866 4527 s‘it
884 4488 911 4525 a
940 4473 1050 4527 Deo
1070 4474 1231 4539 dicit;
1261 4474 1551 4542 quomodo,
1576 4490 1682 4528 non
1705 4477 1864 4535 item;
1888 4473 1983 4527 Sed

388 4579 510 4617 cum
541 4575 761 4617 neces~e
793 4562 907 4629 fuit,
945 4578 1066 4618 cum
1098 4564 1232 4618 dixit
1260 4583 1273 4617 :
1314 4562 1418 4618 Vos
1445 4566 1584 4619 scitis
1612 4564 1849 4618 illicitum
1877 4580 1984 4618 esse

386 4655 572 4708 Judwo
600 4656 844 4725 conjungi
868 4656 943 4709 vel
967 4658 1203 4710 accedere
1224 4657 1293 4710 ad
1314 4657 1686 4724 alienigenam:
1707 4657 1776 4711 ita
1801 4658 1985 4726 procul

389 4757 505 4800 erat
557 4761 584 4800 a
633 4761 766 4800 rana
809 4746 997 4817 gloria.
1040 4745 1139 4800 Vos
1172 4749 1326 4802 scitis.
1368 4747 1479 4802 Hoc
1507 4747 1726 4815 dicens,
1773 4748 1983 4802 illorum

395 4840 713 4892 sententiam
744 4839 795 4891 in
814 4840 1155 4908 sponsionem
1178 4840 1357 4893 trahit.
1377 4838 1512 4907 Quid
1532 4855 1661 4894 vero
1680 4840 1986 4895 Cornelius?

393 4930 669 4995 Adsumus,
694 4930 881 4998 inquit,
914 4931 965 4983 iu
1006 4941 1275 5001 conspectu
1299 4928 1396 4984 Dei
1421 4932 1599 4985 audire
1620 4933 1792 4984 omnia
1810 4972 1824 4995 ,
1847 4947 1988 5000 quae-

391 5036 605 5089 cumque
648 5020 736 5073 tibi
765 5034 1015 5090 ρνωεερια
1051 5031 1169 5075 sunt
1195 5038 1227 5075 a
1268 5019 1396 5075 Deo.
1426 5020 1541 5076 Non
1569 5021 1737 5086 dixit,
1772 5020 1827 5075 In
1859 5036 1990 5076 con-

392 5125 581 5184 spet'lll
617 5113 866 5176 hominis.
896 5114 1013 5180 sed,
1039 5111 1154 5179 Dei,
1186 5115 1496 5179 ostendens,
1520 5115 1597 5168 sic
1621 5113 1983 5169 accedendum

393 5222 515 5260 esse
545 5205 610 5259 ad
640 5205 733 5260 Dci
759 5219 965 5260 servos.
1002 5204 1219 5261 Vidistis
1242 5217 1476 5260 mentem
1498 5206 1824 5260 excitatam?
1853 5206 1990 5261 vidi-

394 5303 492 5356 stis
518 5316 677 5371 quam
700 5301 892 5372 dignus
917 5312 1064 5358 esset
1089 5301 1171 5357 his
1200 5303 1489 5358 omnibus?
1512 5303 1754 5374 Aperiens
1775 5314 1945 5357 autem
1966 5344 1985 5370 ,

399 5394 591 5465 inquit,
622 5392 808 5449 Petrus
835 5410 891 5449 os
910 5411 1059 5449 suum
1079 5395 1209 5449 dixit
1231 5411 1251 5449 :
1272 5395 1339 5448 In
1365 5396 1575 5449 veritate
1597 5396 1843 5462 comperi,
1866 5397 1989 5462 quia

399 5501 499 5538 non
530 5494 602 5540 est
643 5502 973 5557 personarum
1011 5497 1246 5555 acceptor
1284 5484 1448 5539 Deus.
1495 5485 1608 5541 lloc
1633 5485 1989 5556 prmsentibus

398 5574 598 5628 .ludasis
639 5577 721 5631 sui
765 5577 1021 5646 purgandi
1057 5592 1216 5631 causa
1257 5578 1487 5632 dicubat.
1522 5576 1653 5632 Cum
1695 5578 1836 5632 enim
1882 5576 1989 5631 illis

401 5666 619 5719 rei-bum
642 5667 934 5721 traditurus
954 5676 1116 5730 esset,
1134 5666 1285 5738 quasi
1308 5667 1673 5722 defensionem
1693 5666 1988 5737 praemittit.

401 5752 539 5820 Quid
585 5757 753 5824 ergo?
790 5773 920 5811 num
965 5770 1120 5815 antea
1163 5775 1512 5831 personarum
1554 5770 1805 5832 acceptor
1832 5756 1992 5815 erat?

404 5841 596 5913 Absit;
626 5863 747 5903 nam
776 5860 933 5904 antea
959 5851 1036 5907 sic
1060 5863 1195 5909 erat.
1232 5851 1411 5908 Omnis
1432 5894 1447 5921 ,
1480 5852 1650 5926 inquit
1671 5894 1686 5919 ,
1726 5853 1810 5924 qui
1851 5853 1989 5906 timet

2099 521 2280 587 Deum,
2321 532 2369 575 et
2408 532 2651 585 operatur
2671 523 2951 593 justitiam,
2993 536 3243 595 acceptus
3278 527 3374 581 illi
3408 538 3516 581 est.
3555 526 3679 583 Hoc
3708 541 3764 584 et

2091 616 2286 671 Paulus
2320 616 2561 671 scribens
2601 617 2732 672 dicit
2767 635 2780 670 :
2810 617 2936 673 Cum
2978 620 3107 672 enim
3147 630 3356 691 gentes
3378 661 3395 685 ,
3436 636 3566 690 qua:
3593 621 3762 693 legens

2090 725 2191 763 non
2217 709 2422 776 habent,
2449 725 2508 763 ea
2531 726 2646 778 qua:
2671 710 2795 781 legis
2815 720 2932 766 sunt
2960 712 3154 781 faciunt
3176 712 3395 785 (Rom.
3426 712 3493 766 2.
3530 715 3655 781 14).
3694 718 3760 769 Et

2088 803 2282 874 dogma
2310 803 2512 859 inducit
2553 813 2607 858 et
2653 803 3066 861 institutionem.
3109 806 3260 861 Nam
3297 807 3351 860 si
3403 822 3616 876 magos
3649 826 3759 862 non

2064 894 2369 964 despexit,
2402 911 2576 966 neque
2604 896 2949 966 Ethiopcm,
2984 914 3158 968 neque
3191 899 3537 964 latronem,
3573 917 3759 968 neque

2088 986 2425 1040 meretricem
2453 1001 2469 1038 :
2500 986 2670 1042 multo
2698 989 2866 1056 magis
2892 998 3176 1058 operantcs
3202 989 3523 1057 justitiam
3566 998 3627 1044 et
3658 1006 3756 1045 ve-

2089 1078 2260 1133 leutes
2287 1092 2392 1133 non
2420 1088 2751 1133 contemnet.
2774 1080 2908 1148 Quid
2941 1096 3099 1148 ergo,
3136 1084 3179 1135 si
3215 1082 3349 1135 sint
3378 1084 3670 1137 litansucti
3697 1092 3752 1139 ct

2089 1170 2246 1222 mites
2295 1169 2543 1223 homines
2587 1172 2677 1239 qui
2706 1170 2930 1227 credere
2964 1173 3156 1226 nolint.
3209 1173 3378 1227 Ecce
3416 1181 3479 1227 tu
3525 1189 3749 1230 causam

2088 1256 2268 1311 dixisti
2301 1275 2314 1310 :
2347 1259 2470 1329 quia
2502 1260 2725 1315 credere
2756 1262 2961 1317 uolunt.
3009 1264 3276 1333 Alioquin
3330 1273 3541 1319 autem
3595 1280 3744 1319 mau-

2089 1359 2298 1403 suetum
2329 1348 2417 1404 hic
2442 1348 2574 1405 dicit
2606 1368 2712 1405 non
2743 1354 2950 1421 mitem,
2988 1354 3082 1410 sed
3111 1370 3243 1408 cum
3272 1397 3293 1421 ,
3329 1356 3435 1426 qui
3467 1356 3742 1426 justitiam

2090 1449 2375 1509 operatur;
2410 1441 2460 1494 id
2492 1450 2608 1506 est,
2640 1459 2763 1497 eum
2785 1484 2799 1507 ,
2833 1446 2924 1514 qui
2955 1445 3007 1499 in
3039 1447 3311 1502 omnibus
3346 1446 3734 1514 beneplacitus

2090 1540 2194 1598 est,
2240 1533 2329 1601 qui
2382 1541 2508 1588 tunc
2555 1536 2673 1589 talis
2702 1545 2816 1601 est,
2847 1537 3061 1606 quando
3093 1537 3272 1592 Deum
3310 1548 3374 1593 ut
3408 1556 3521 1610 par
3562 1550 3651 1595 est
3674 1542 3731 1595 ti-

2091 1632 2221 1677 met.
2270 1623 2584 1691 Huiusmodi
2629 1643 2756 1682 vero
2803 1626 3071 1683 hominem
3120 1629 3282 1685 Deus
3336 1632 3506 1686 solus
3568 1635 3729 1688 norit.

2090 1713 2225 1770 Vide
2267 1718 2539 1787 quomodo
2584 1718 2669 1773 hic
2709 1728 2963 1788 acceptus
3005 1731 3121 1776 erat
3148 1739 3162 1776 :
3193 1739 3341 1778 mox
3380 1733 3443 1777 ut
3488 1726 3731 1792 audivit,

2090 1805 2251 1859 etiam
2283 1807 2693 1876 obtemperavit.
2720 1808 2789 1863 Et
2816 1826 2980 1875 nunc,
3010 1811 3054 1865 si
3087 1812 3338 1882 angelus
3370 1815 3631 1875 Veniret,
3658 1816 3731 1868 in-

2090 1896 2266 1965 quies,
2300 1913 2457 1952 nemo
2482 1907 2565 1953 est
2591 1902 2679 1970 qui
2724 1916 2830 1955 non
2858 1902 3124 1957 crederet.
3156 1903 3384 1960 Verum
3420 1906 3589 1976 longe
3616 1923 3727 1961 ma-

2086 1988 2203 2059 jora
2228 2006 2366 2045 nunc
2386 1993 2532 2062 signa
2560 2003 2715 2059 sunt,
2744 2010 2905 2066 quam
2935 1996 3023 2049 illa
3054 2014 3067 2049 :
3100 2004 3157 2052 et
3182 2005 3389 2052 tamen
3427 2000 3593 2056 multi
3619 2015 3721 2055 non

2090 2080 2337 2135 credunt.
2384 2082 2583 2138 Deinde
2625 2084 2925 2141 doctrinam
2972 2087 3178 2156 incipit,
3223 2098 3288 2142 et
3331 2088 3553 2145 Juda‘is
3578 2105 3722 2144 suam

2091 2180 2271 2225 servat
2301 2172 2651 2228 nobilitatem.
2697 2174 2946 2244 Verbum,
2976 2177 3148 2248 inquit
3168 2221 3181 2242 ,
3212 2181 3371 2250 quod
3404 2183 3554 2239 misit
3586 2180 3722 2239 Deus

2091 2263 2215 2332 [iliis
2246 2264 2429 2331 Israel,
2457 2270 2767 2324 annuntians
2796 2288 2971 2339 pacem
3000 2288 3019 2326 .'
3044 2275 3126 2326 hic
3149 2284 3225 2327 est
3256 2277 3513 2328 omnium
3542 2275 3716 2330 Domi-

2091 2373 2204 2411 nus.
2234 2358 2413 2413 Primo
2437 2359 2504 2414 de
2531 2360 2897 2418 dominatione
2924 2365 3039 2434 ejus
3070 2367 3323 2436 loquitur
3342 2410 3359 2433 ,
3393 2370 3712 2425 admodum-

2090 2462 2197 2516 que
2222 2449 2544 2519 sublimiter,
2579 2461 2636 2506 ut
2667 2453 2933 2518 licebat’;
2967 2457 3090 2526 quia
3118 2473 3245 2511 cum
3279 2459 3517 2522 homine
3540 2478 3713 2516 seruio

2092 2551 2227 2607 erat,
2278 2542 2366 2611 qui
2405 2543 2515 2613 jam
2549 2543 2793 2600 sublimis
2822 2548 3064 2614 ell‘ectus,
3112 2550 3391 2606 ardenter
3437 2554 3620 2607 omnia
3649 2554 3710 2606 ab

2090 2646 2150 2687 se
2176 2634 2367 2689 tradita
2398 2635 2722 2705 suscipiebat
2751 2655 2763 2691 :
2787 2637 2981 2692 deinde
3005 2640 3268 2709 probans,
3300 2644 3708 2713 quomodoom-

2092 2725 2238 2779 nium
2268 2722 2524 2781 Dominus
2552 2737 2713 2795 esset,
2745 2729 2930 2799 adjicit
2963 2749 2976 2783 :
3015 2730 3167 2797 Quod
3199 2735 3349 2787 misit
3371 2737 3704 2800 annuntians;

2090 2817 2143 2872 id
2170 2828 2272 2879 est.
2303 2818 2370 2872 ad
2398 2820 2534 2873 bona
2554 2835 2782 2888 vocans,
2818 2838 2922 2874 non
2947 2820 3208 2891 judicium
3242 2825 3543 2883 inducens.

2162 2908 2215 2961 5.
2241 2908 2377 2962 Hinc
2392 2910 2650 2977 declarat,
2676 2910 2850 2980 ipsum
2871 2911 3104 2966 Verbum
3120 2928 3151 2967 a
3169 2915 3285 2970 Deo
3307 2914 3524 2971 Jud:eis
3542 2918 3701 2986 primo

2089 3000 2312 3055 missum
2346 3000 2530 3055 fuisse.
2566 3002 2768 3057 Deinde
2792 3005 2860 3057 ab
2881 3004 2967 3073 iis,
2992 3021 3112 3074 qua:
3142 3020 3244 3075 per
3274 3017 3452 3063 totam
3471 3009 3694 3064 .ludreaui

2089 3092 2289 3160 ellecit,
2313 3092 2417 3149 hoc
2438 3094 2791 3162 demonstrat,
2819 3096 3039 3153 dicens:
3070 3096 3168 3152 Vos
3188 3101 3338 3154 scitis
3359 3102 3503 3170 quod
3520 3104 3698 3173 faciunt

2088 3197 2160 3242 est
2175 3189 2379 3241 verbum
2400 3204 2489 3257 per
2508 3189 2792 3243 universam
2811 3188 3049 3242 Iudicum
3064 3206 3082 3242 :
3095 3191 3310 3260 etquod
3331 3202 3419 3246 est
3438 3191 3691 3254 mirabile,

2087 3278 2335 3349 incipiens
2347 3296 2379 3332 a
2396 3277 2632 3342 Galiltea,
2657 3291 2767 3349 post
2786 3281 3057 3348 baptisma,
3072 3282 3211 3349 quod
3224 3284 3539 3352 prmdicavit
3551 3282 3695 3336 Joan-

2089 3388 2197 3426 nes.
2218 3372 2397 3426 Primo
2414 3372 2667 3441 loquutus
2688 3373 2851 3427 estde
2875 3372 2991 3441 ejus
3011 3374 3280 3444 prmclaro
3304 3391 3497 3444 opere,
3514 3383 3564 3428 et
3580 3384 3691 3426 tunc

2087 3463 2156 3519 de
2184 3463 2301 3535 ejus
2332 3466 2500 3533 patria
2532 3463 2756 3518 lideuter
2775 3464 3031 3535 loquitur.
3060 3463 3293 3519 Jesuma
3315 3465 3603 3526 Nasareth.
3627 3465 3690 3517 Ita

2088 3556 2290 3611 sciebat
2306 3558 2474 3625 ipsam
2492 3556 2718 3624 patriam
2741 3554 3068 3611 offeutliculo
3093 3571 3239 3612 esse.
3259 3556 3536 3623 Quomodo
3557 3555 3689 3609 unxit

2087 3664 2201 3701 eum
2214 3647 2351 3701 Deus
2368 3647 2565 3717 Spiritu
2579 3656 2752 3701 sancto
2767 3656 2812 3701 et
2828 3650 3025 3701 virtute.
3044 3647 3241 3702 lterum
3259 3648 3477 3717 probat.
3492 3646 3568 3701 Ne
3582 3644 3687 3714 quis

2086 3738 2755 3803 enimdiceret,Undenam
2783 3740 2884 3792 hoc
2901 3738 3241 3793 manifestum
3260 3740 3379 3795 est?
3394 3734 3680 3807 subiungit:

2090 3832 2192 3897 Qui
2214 3832 2533 3902 pertransivit
2563 3830 2920 3901 benefaciendo
2940 3840 2988 3885 et
3011 3832 3244 3885 sanando
3273 3848 3455 3885 omnes
3483 3843 3681 3897 Oppres-

2086 3940 2171 3979 sos
2195 3942 2228 3978 a
2250 3925 2474 3979 diabolo.
2508 3924 2709 3980 Deinde
2737 3938 2857 3978 cum
2902 3924 3089 3991 bonis,
3118 3940 3240 3995 quin
3272 3934 3531 3994 operatus
3570 3929 3673 3984 est,

2086 4016 2320 4070 Ostendit
2341 4024 2537 4085 quanta
2560 4016 2726 4068 virtus
2753 4015 2870 4083 ejus
2893 4025 3036 4069 esset
3061 4037 3074 4070 :
3099 4031 3218 4069 cum
3244 4015 3392 4070 enim
3422 4011 3674 4068 diabolum

2087 4108 2457 4177 superaverit,
2487 4108 2759 4178 ingentem
2789 4106 2933 4161 illam
2968 4106 3133 4161 fuisse
3159 4118 3401 4176 oportet.
3431 4103 3674 4175 Adjicitur

2087 4212 2270 4264 causa,
2308 4197 2563 4265 Quoniam
2592 4194 2734 4251 Deus
2765 4206 2875 4250 erat
2909 4214 3024 4250 cum
3047 4197 3158 4251 illo.
3189 4198 3315 4251 Ideo
3341 4206 3398 4251 ct
3424 4193 3587 4251 Judaei
3611 4192 3671 4242 ita

2089 4289 2335 4344 dicebant
2366 4307 2382 4343 :
2415 4288 2623 4344 Scimus
2642 4329 2657 4355 ,
2688 4290 2929 4359 quoniam
2956 4305 2990 4341 a
3032 4287 3141 4341 Deo
3188 4289 3373 4343 uenisti
3411 4285 3672 4356 magister:

2090 4399 2232 4435 nemo
2258 4381 2392 4435 enim
2417 4390 2580 4451 potest
2606 4381 2715 4435 lucc
2734 4381 2879 4450 signa
2901 4383 3087 4449 facere,
3119 4382 3216 4435 nisi
3236 4380 3383 4435 Deus
3404 4380 3550 4443 fuerit
3569 4389 3671 4429 cum

2089 4492 2146 4529 eo
2189 4473 2368 4545 (Joan.
2415 4474 2468 4529 '5.
2510 4473 2589 4546 2).
2638 4474 2860 4539 Deinde,
2907 4482 3187 4543 postquam
3226 4473 3462 4527 Ostendit
3491 4483 3603 4524 eum
3641 4481 3665 4516 a

2095 4568 2204 4624 Deo
2230 4570 2451 4623 missum
2475 4565 2657 4632 fuisse,
2684 4576 2809 4621 tunc
2833 4566 2981 4620 addit
3000 4581 3120 4621 eum
3141 4566 3477 4621 interfectum
3497 4560 3664 4619 fuisse,

2094 4675 2161 4713 ne
2191 4658 2318 4726 quid
2364 4657 2655 4713 absurdum
2695 4656 3023 4726 imagineris.
3056 4655 3244 4711 Viden’
3268 4656 3394 4710 illos
3422 4660 3661 4717 nusquam

2092 4750 2361 4806 occultare
2383 4762 2619 4815 crucem,
2646 4746 2754 4801 imo
2779 4758 2831 4802 et
2859 4746 3072 4801 modum
3102 4747 3260 4800 etiam
3288 4760 3407 4800 cum
3435 4740 3548 4796 aliis
3573 4733 3660 4798 τιό·

2093 4844 2320 4898 dentes?
2353 4842 2517 4909 Quem
2547 4841 2840 4895 occiderunt
2861 4882 2874 4902 ,
2905 4841 3110 4910 inquit,
3142 4840 3495 4909 suspendentes
3522 4833 3568 4893 in
3600 4829 3659 4881 li-

2092 4952 2213 5006 gno.
2246 4934 2310 4988 Et
2342 4936 2480 4989 dedit
2510 4935 2654 4988 illum
2680 4934 3008 5004 manifestum
3034 4934 3166 5002 ﬁeri,
3193 4949 3291 4985 non
3313 4930 3446 4984 omni
3465 4920 3656 4997 populo,

2093 5028 2183 5082 sed
2207 5027 2413 5082 testibus
2445 5025 2805 5096 prteordinatis
2829 5041 2860 5077 a
2882 5023 2990 5079 Deo
3020 5024 3183 5077 nobis.
3216 5023 3371 5091 Atqui
3407 5023 3515 5087 ipse
3552 5013 3657 5066 illos

2092 5120 2293 5190 elegit;
2324 5118 2418 5173 sed
2450 5116 2577 5171 illud
2603 5116 2861 5171 adscribit
2888 5115 3017 5170 Deo.
3051 5112 3439 5174 l’razordinatis,
3472 5103 3622 5173 inquit
3641 5138 3655 5153 .

2095 5211 2229 5267 Vide
2259 5209 2399 5263 unde
2429 5209 2880 5264 resurrectionem
2910 5222 3123 5278 procer,
3148 5223 3178 5260 a
3203 5199 3539 5261 comedenda.
3560 5192 3657 5278 Cur

2095 5315 2382 5373 tesurgens
2409 5301 2612 5355 nullum
2644 5301 2854 5369 signum
2885 5277 3032 5365 fecit,
3062 5297 3157 5352 sed
3184 5293 3412 5352 comedit
3434 5298 3485 5344 et
3507 5277 3651 5337 bibit?

2094 5394 2228 5461 Quia
2270 5394 2382 5462 ipsa
2425 5392 2748 5446 resurrectio
2791 5406 2889 5460 per
2916 5404 2975 5444 se
3005 5405 3252 5459 magnum
3282 5394 3393 5441 erat
3421 5383 3609 5448 signum
3635 5384 3647 5419 :

2099 5485 2255 5555 hujus
2293 5498 2424 5539 vero
2472 5482 2672 5537 nullum
2718 5483 2888 5550 majus
2936 5490 3302 5550 argumentum
3339 5481 3463 5532 erat,
3506 5473 3643 5560 qvi-tit"

2096 5550 2241 5649 quod
2272 5574 2583 5630 comederet
2626 5582 2682 5628 et
2722 5571 2950 5627 biberet.
2994 5569 3299 5640 Testi/icari,
3348 5559 3520 5631 inquit.
3564 5550 3645 5604 llic

2099 5670 2410 5726 terribiliter
2440 5667 2698 5738 loquitur,
2729 5682 2798 5721 ne
2834 5674 3053 5735 possent
3078 5666 3143 5718 ad
3180 5657 3506 5735 ignorantiam
3530 5656 3638 5738 con-

2101 5762 2306 5832 fugere.
2353 5761 2463 5816 Nec
2510 5732 2647 5813 dixit
2720 5732 2847 5829 Ipse
2882 5768 2965 5812 est
3008 5756 3177 5811 Filius
3204 5732 3344 5816 vDei;
3390 5744 3487 5832 sed.
3519 5732 3640 5806 tll'"d

2166 5826 2345 5915 ῖιιιυά,
2372 5857 2423 5902 ut
2443 5849 2615 5902 licebat
2639 5849 2726 5913 (ιτες
2743 5826 2894 5907 ἐνῆν),
2918 5845 3063 5894 deest
3084 5846 3130 5892 in
3149 5833 3427 5906 quibusdam
3450 5826 3546 5877 Mss-
