  <div class='ocr_page' id='page_1' title='image "/cluster/home/n/w/nwhite01/storage/ocr_20150623/60:no.9/coo.31924054869601/185.png"; bbox 0 0 3946 6424; ppageno 0'>
   <div class='ocr_carea' id='block_1_1' title="bbox 320 380 414 437">
    <p class='ocr_par' dir='ltr' id='par_1_1' title="bbox 320 380 414 437">
     <span class='ocr_line' id='line_1_1' title="bbox 320 380 414 437; baseline 0 -1"><span class='ocrx_word' id='word_1_1' title='bbox 320 380 414 437; x_wconf 75' lang='grc'>181</span> 
     </span>
    </p>
   </div>
   <div class='ocr_carea' id='block_1_2' title="bbox 318 484 1994 561">
    <p class='ocr_par' dir='ltr' id='par_1_2' title="bbox 318 484 1994 561">
     <span class='ocr_line' id='line_1_2' title="bbox 318 484 1994 561; baseline -0.006 -16"><span class='ocrx_word' id='word_1_2' title='bbox 318 495 517 561; x_wconf 77' lang='grc' dir='ltr'>φαγεῖν</span> <span class='ocrx_word' id='word_1_3' title='bbox 573 492 668 545; x_wconf 73' lang='grc' dir='ltr'>καὶ</span> <span class='ocrx_word' id='word_1_4' title='bbox 725 493 886 544; x_wconf 84' lang='grc' dir='ltr'>πιεῖν.</span> <span class='ocrx_word' id='word_1_5' title='bbox 923 491 1455 560; x_wconf 83' lang='grc' dir='ltr'>Διαμαρτύρασθαι,</span> <span class='ocrx_word' id='word_1_6' title='bbox 1503 487 1687 557; x_wconf 89' lang='grc' dir='ltr'>φησίν.</span> <span class='ocrx_word' id='word_1_7' title='bbox 1727 484 1994 538; x_wconf 78' lang='grc' dir='ltr'>Ἐνταῦθα</span> 
     </span>
    </p>
   </div>
   <div class='ocr_carea' id='block_1_3' title="bbox 320 574 1991 649">
    <p class='ocr_par' dir='ltr' id='par_1_3' title="bbox 320 574 1991 649">
     <span class='ocr_line' id='line_1_3' title="bbox 320 574 1991 649; baseline -0.005 -18"><span class='ocrx_word' id='word_1_8' title='bbox 320 579 414 631; x_wconf 76' lang='grc' dir='ltr'>καὶ</span> <span class='ocrx_word' id='word_1_9' title='bbox 437 579 686 649; x_wconf 87' lang='grc' dir='ltr'>φοϐερῶς</span> <span class='ocrx_word' id='word_1_10' title='bbox 714 574 887 641; x_wconf 77' lang='grc' dir='ltr'>εἶπεν,</span> <span class='ocrx_word' id='word_1_11' title='bbox 919 579 1008 631; x_wconf 82' lang='grc' dir='ltr'>ἵνα</span> <span class='ocrx_word' id='word_1_12' title='bbox 1039 579 1114 647; x_wconf 86' lang='grc' dir='ltr'>μὴ</span> <span class='ocrx_word' id='word_1_13' title='bbox 1141 577 1335 646; x_wconf 72' lang='grc' dir='ltr'>ἔχωσιν</span> <span class='ocrx_word' id='word_1_14' title='bbox 1386 577 1465 639; x_wconf 88' lang='grc' dir='ltr'>είς</span> <span class='ocrx_word' id='word_1_15' title='bbox 1491 576 1712 641; x_wconf 86' lang='grc' dir='ltr'>ἄγνοιαν</span> <span class='ocrx_word' id='word_1_16' title='bbox 1746 587 1991 636; x_wconf 75' lang='grc' dir='ltr'>καταφυ-</span> 
     </span>
    </p>
   </div>
   <div class='ocr_carea' id='block_1_4' title="bbox 320 657 1986 734">
    <p class='ocr_par' dir='ltr' id='par_1_4' title="bbox 320 657 1986 734">
     <span class='ocr_line' id='line_1_4' title="bbox 320 657 1986 734; baseline -0.004 -17"><span class='ocrx_word' id='word_1_17' title='bbox 320 669 461 734; x_wconf 86' lang='grc' dir='ltr'>γεῖν.</span> <span class='ocrx_word' id='word_1_18' title='bbox 490 667 598 719; x_wconf 75' lang='grc' dir='ltr'>Καὶ</span> <span class='ocrx_word' id='word_1_19' title='bbox 626 668 726 719; x_wconf 79' lang='grc' dir='ltr'>οὐκ</span> <span class='ocrx_word' id='word_1_20' title='bbox 753 664 924 727; x_wconf 70' lang='grc' dir='ltr'>εἶπεν,</span> <span class='ocrx_word' id='word_1_21' title='bbox 951 667 1032 720; x_wconf 84' lang='grc' dir='ltr'>ὅτι</span> <span class='ocrx_word' id='word_1_22' title='bbox 1064 665 1237 728; x_wconf 84' lang='grc' dir='ltr'>Αὐτός</span> <span class='ocrx_word' id='word_1_23' title='bbox 1268 665 1415 717; x_wconf 86' lang='grc' dir='ltr'>ἐστιν</span> <span class='ocrx_word' id='word_1_24' title='bbox 1440 663 1469 714; x_wconf 99' lang='lat'>6</span> <span class='ocrx_word' id='word_1_25' title='bbox 1501 661 1628 725; x_wconf 82' lang='grc' dir='ltr'>Υἱὸς</span> <span class='ocrx_word' id='word_1_26' title='bbox 1680 660 1774 713; x_wconf 84' lang='grc' dir='ltr'>τοῦ</span> <span class='ocrx_word' id='word_1_27' title='bbox 1826 657 1986 722; x_wconf 86' lang='grc' dir='ltr'>Θεοῦ,</span> 
     </span>
    </p>
   </div>
   <div class='ocr_carea' id='block_1_5' title="bbox 321 747 1999 823">
    <p class='ocr_par' dir='ltr' id='par_1_5' title="bbox 321 747 1999 823">
     <span class='ocr_line' id='line_1_5' title="bbox 321 747 1999 823; baseline -0.003 -19"><span class='ocrx_word' id='word_1_28' title='bbox 321 752 485 805; x_wconf 83' lang='grc' dir='ltr'>ἀλλ’ὃ</span> <span class='ocrx_word' id='word_1_29' title='bbox 519 753 753 823; x_wconf 86' lang='grc' dir='ltr'>μάλιστα</span> <span class='ocrx_word' id='word_1_30' title='bbox 775 755 973 816; x_wconf 81' lang='grc' dir='ltr'>αὐτοὺς</span> <span class='ocrx_word' id='word_1_31' title='bbox 1001 752 1206 820; x_wconf 88' lang='grc' dir='ltr'>ἐφόϐει,</span> <span class='ocrx_word' id='word_1_32' title='bbox 1239 752 1321 804; x_wconf 84' lang='grc' dir='ltr'>ὅτι</span> <span class='ocrx_word' id='word_1_33' title='bbox 1371 752 1560 815; x_wconf 82' lang='grc' dir='ltr'>Αὐτός</span> <span class='ocrx_word' id='word_1_34' title='bbox 1582 749 1755 802; x_wconf 86' lang='grc' dir='ltr'>ἐστιν</span> <span class='ocrx_word' id='word_1_35' title='bbox 1805 751 1838 801; x_wconf 82' lang='grc' dir='ltr'><em>ὀ</em></span> <span class='ocrx_word' id='word_1_36' title='bbox 1870 747 1999 816; x_wconf 73' lang='grc' dir='ltr'>ὠρισ</span> 
     </span>
    </p>
   </div>
   <div class='ocr_carea' id='block_1_6' title="bbox 322 830 2004 907">
    <p class='ocr_par' dir='ltr' id='par_1_6' title="bbox 322 830 2004 907">
     <span class='ocr_line' id='line_1_6' title="bbox 322 830 2004 907; baseline -0.002 -17"><span class='ocrx_word' id='word_1_37' title='bbox 322 839 547 906; x_wconf 83' lang='grc' dir='ltr'>σμένος</span> <span class='ocrx_word' id='word_1_38' title='bbox 580 842 698 895; x_wconf 79' lang='grc' dir='ltr'>ὑπὸ</span> <span class='ocrx_word' id='word_1_39' title='bbox 731 840 881 894; x_wconf 86' lang='grc' dir='ltr'>Θεοῦ</span> <span class='ocrx_word' id='word_1_40' title='bbox 905 839 1115 907; x_wconf 79' lang='grc' dir='ltr'>κριτὴς</span> <span class='ocrx_word' id='word_1_41' title='bbox 1161 838 1393 899; x_wconf 80' lang='grc' dir='ltr'><em>ζώντων</em></span> <span class='ocrx_word' id='word_1_42' title='bbox 1430 837 1532 891; x_wconf 78' lang='grc' dir='ltr'>καί</span> <span class='ocrx_word' id='word_1_43' title='bbox 1584 834 1834 903; x_wconf 80' lang='grc' dir='ltr'>νεκρῶν.</span> <span class='ocrx_word' id='word_1_44' title='bbox 1870 830 2004 886; x_wconf 78' lang='grc' dir='ltr'>Εἶτα</span> 
     </span>
    </p>
   </div>
   <div class='ocr_carea' id='block_1_7' title="bbox 324 922 2004 995">
    <p class='ocr_par' dir='ltr' id='par_1_7' title="bbox 324 922 2004 995">
     <span class='ocr_line' id='line_1_7' title="bbox 324 922 2004 995; baseline -0.001 -19"><span class='ocrx_word' id='word_1_45' title='bbox 324 926 357 993; x_wconf 88' lang='grc' dir='ltr'><strong>ἡ</strong></span> <span class='ocrx_word' id='word_1_46' title='bbox 415 925 581 995; x_wconf 87' lang='grc' dir='ltr'>κυρία</span> <span class='ocrx_word' id='word_1_47' title='bbox 644 927 959 995; x_wconf 88' lang='grc' dir='ltr'>κατασκευὴ</span> <span class='ocrx_word' id='word_1_48' title='bbox 1005 927 1039 995; x_wconf 79' lang='grc' dir='ltr'>η</span> <span class='ocrx_word' id='word_1_49' title='bbox 1093 924 1202 978; x_wconf 90' lang='grc' dir='ltr'>ἀπὸ</span> <span class='ocrx_word' id='word_1_50' title='bbox 1228 924 1335 977; x_wconf 91' lang='grc' dir='ltr'>τῶν</span> <span class='ocrx_word' id='word_1_51' title='bbox 1390 923 1704 994; x_wconf 80' lang='grc' dir='ltr'>προφητῶν·</span> <span class='ocrx_word' id='word_1_52' title='bbox 1760 922 2004 992; x_wconf 83' lang='grc' dir='ltr'>μεγάλην</span> 
     </span>
    </p>
   </div>
   <div class='ocr_carea' id='block_1_8' title="bbox 322 1006 2000 1081">
    <p class='ocr_par' dir='ltr' id='par_1_8' title="bbox 322 1006 2000 1081">
     <span class='ocr_line' id='line_1_8' title="bbox 322 1006 2000 1081; baseline -0.001 -18"><span class='ocrx_word' id='word_1_53' title='bbox 322 1011 432 1080; x_wconf 77' lang='grc' dir='ltr'>γὰρ</span> <span class='ocrx_word' id='word_1_54' title='bbox 459 1008 604 1081; x_wconf 75' lang='grc' dir='ltr'>εἶχον</span> <span class='ocrx_word' id='word_1_55' title='bbox 637 1011 795 1076; x_wconf 81' lang='grc' dir='ltr'>δόξαν</span> <span class='ocrx_word' id='word_1_56' title='bbox 845 1014 1062 1065; x_wconf 87' lang='grc' dir='ltr'>ἐκεῖνοι.</span> <span class='ocrx_word' id='word_1_57' title='bbox 1105 1012 1297 1077; x_wconf 85' lang='grc' dir='ltr'><em>Τούτῳ</em></span> <span class='ocrx_word' id='word_1_58' title='bbox 1329 1009 1553 1076; x_wconf 81' lang='grc' dir='ltr'>πάντες</span> <span class='ocrx_word' id='word_1_59' title='bbox 1603 1012 1657 1063; x_wconf 81' lang='grc' dir='ltr'>οὶ</span> <span class='ocrx_word' id='word_1_60' title='bbox 1705 1006 2000 1077; x_wconf 70' lang='grc' dir='ltr'>προφῆται</span> 
     </span>
    </p>
   </div>
   <div class='ocr_carea' id='block_1_9' title="bbox 319 1098 2002 1169">
    <p class='ocr_par' dir='ltr' id='par_1_9' title="bbox 319 1098 2002 1169">
     <span class='ocr_line' id='line_1_9' title="bbox 319 1098 2002 1169; baseline -0.001 -18"><span class='ocrx_word' id='word_1_61' title='bbox 319 1099 748 1169; x_wconf 81' lang='grc' dir='ltr'>μαρτυροῦσιν.</span> <span class='ocrx_word' id='word_1_62' title='bbox 785 1100 913 1152; x_wconf 90' lang='grc' dir='ltr'>Ὅτε</span> <span class='ocrx_word' id='word_1_63' title='bbox 942 1101 1019 1169; x_wconf 85' lang='grc' dir='ltr'>τῷ</span> <span class='ocrx_word' id='word_1_64' title='bbox 1068 1100 1216 1169; x_wconf 88' lang='grc' dir='ltr'>φόϐῳ</span> <span class='ocrx_word' id='word_1_65' title='bbox 1262 1100 1570 1160; x_wconf 87' lang='grc' dir='ltr'>κατέσεισε,</span> <span class='ocrx_word' id='word_1_66' title='bbox 1631 1098 1752 1152; x_wconf 89' lang='grc' dir='ltr'>τότε</span> <span class='ocrx_word' id='word_1_67' title='bbox 1807 1098 2002 1165; x_wconf 88' lang='grc' dir='ltr'>ἐπάγει</span> 
     </span>
    </p>
   </div>
   <div class='ocr_carea' id='block_1_10' title="bbox 325 1184 2002 1258">
    <p class='ocr_par' dir='ltr' id='par_1_10' title="bbox 325 1184 2002 1258">
     <span class='ocr_line' id='line_1_10' title="bbox 325 1184 2002 1258; baseline 0.001 -20"><span class='ocrx_word' id='word_1_68' title='bbox 325 1186 424 1255; x_wconf 85' lang='grc' dir='ltr'>τὴν</span> <span class='ocrx_word' id='word_1_69' title='bbox 451 1186 820 1257; x_wconf 83' lang='grc' dir='ltr'>συγχώρησιν,</span> <span class='ocrx_word' id='word_1_70' title='bbox 851 1189 912 1240; x_wconf 88' lang='grc' dir='ltr'>οὐ</span> <span class='ocrx_word' id='word_1_71' title='bbox 945 1190 1072 1258; x_wconf 84' lang='grc' dir='ltr'>παρ’</span> <span class='ocrx_word' id='word_1_72' title='bbox 1103 1187 1265 1240; x_wconf 86' lang='grc' dir='ltr'>αὐτοῦ</span> <span class='ocrx_word' id='word_1_73' title='bbox 1288 1186 1611 1257; x_wconf 81' lang='grc' dir='ltr'>λεγομένην,</span> <span class='ocrx_word' id='word_1_74' title='bbox 1665 1185 1801 1239; x_wconf 87' lang='grc' dir='ltr'>ἀλλά</span> <span class='ocrx_word' id='word_1_75' title='bbox 1851 1184 2002 1253; x_wconf 86' lang='grc' dir='ltr'>παρά</span> 
     </span>
    </p>
   </div>
   <div class='ocr_carea' id='block_1_11' title="bbox 324 1272 2004 1346">
    <p class='ocr_par' dir='ltr' id='par_1_11' title="bbox 324 1272 2004 1346">
     <span class='ocr_line' id='line_1_11' title="bbox 324 1272 2004 1346; baseline 0.001 -22"><span class='ocrx_word' id='word_1_76' title='bbox 324 1273 434 1325; x_wconf 88' lang='grc' dir='ltr'>τῶν</span> <span class='ocrx_word' id='word_1_77' title='bbox 479 1274 794 1344; x_wconf 77' lang='grc' dir='ltr'>προφητῶν,</span> <span class='ocrx_word' id='word_1_78' title='bbox 836 1276 946 1328; x_wconf 78' lang='grc' dir='ltr'>Καὶ</span> <span class='ocrx_word' id='word_1_79' title='bbox 998 1276 1061 1327; x_wconf 91' lang='grc' dir='ltr'>τὸ</span> <span class='ocrx_word' id='word_1_80' title='bbox 1089 1276 1186 1345; x_wconf 82' lang='grc' dir='ltr'>μὲν</span> <span class='ocrx_word' id='word_1_81' title='bbox 1213 1275 1466 1346; x_wconf 83' lang='grc' dir='ltr'>φοϐερὸν,</span> <span class='ocrx_word' id='word_1_82' title='bbox 1525 1276 1656 1345; x_wconf 87' lang='grc' dir='ltr'>παρ’</span> <span class='ocrx_word' id='word_1_83' title='bbox 1702 1272 1889 1327; x_wconf 89' lang='grc' dir='ltr'>αὐτοῦ·</span> <span class='ocrx_word' id='word_1_84' title='bbox 1942 1272 2004 1326; x_wconf 89' lang='grc' dir='ltr'>τὸ</span> 
     </span>
    </p>
   </div>
   <div class='ocr_carea' id='block_1_12' title="bbox 324 1361 2001 1435">
    <p class='ocr_par' dir='ltr' id='par_1_12' title="bbox 324 1361 2001 1435">
     <span class='ocr_line' id='line_1_12' title="bbox 324 1361 2001 1435; baseline 0.001 -23"><span class='ocrx_word' id='word_1_85' title='bbox 324 1361 529 1430; x_wconf 77' lang='grc' dir='ltr'>ἥμερον</span> <span class='ocrx_word' id='word_1_86' title='bbox 580 1361 655 1425; x_wconf 84' lang='grc' dir='ltr'>δὲ,</span> <span class='ocrx_word' id='word_1_87' title='bbox 716 1363 825 1416; x_wconf 90' lang='grc' dir='ltr'>ἀπὸ</span> <span class='ocrx_word' id='word_1_88' title='bbox 887 1362 995 1415; x_wconf 90' lang='grc' dir='ltr'>τῶν</span> <span class='ocrx_word' id='word_1_89' title='bbox 1033 1363 1351 1435; x_wconf 82' lang='grc' dir='ltr'>προφητῶν.</span> <span class='ocrx_word' id='word_1_90' title='bbox 1412 1364 1568 1416; x_wconf 86' lang='grc' dir='ltr'>Ὅσοι</span> <span class='ocrx_word' id='word_1_91' title='bbox 1624 1363 1722 1432; x_wconf 82' lang='grc' dir='ltr'>τῆς</span> <span class='ocrx_word' id='word_1_92' title='bbox 1754 1361 2001 1430; x_wconf 82' lang='grc' dir='ltr'>ἀφέσεως</span> 
     </span>
    </p>
   </div>
   <div class='ocr_carea' id='block_1_13' title="bbox 325 1446 2004 1520">
    <p class='ocr_par' dir='ltr' id='par_1_13' title="bbox 325 1446 2004 1520">
     <span class='ocr_line' id='line_1_13' title="bbox 325 1446 2004 1520; baseline 0.001 -21"><span class='ocrx_word' id='word_1_93' title='bbox 325 1446 545 1516; x_wconf 77' lang='grc' dir='ltr'>ἐτύχετε</span> <span class='ocrx_word' id='word_1_94' title='bbox 587 1448 814 1518; x_wconf 87' lang='grc' dir='ltr'>ταύτης,</span> <span class='ocrx_word' id='word_1_95' title='bbox 867 1450 980 1503; x_wconf 80' lang='grc' dir='ltr'>ὅσοι</span> <span class='ocrx_word' id='word_1_96' title='bbox 1026 1451 1127 1520; x_wconf 80' lang='grc' dir='ltr'>τῆς</span> <span class='ocrx_word' id='word_1_97' title='bbox 1166 1452 1403 1515; x_wconf 88' lang='grc' dir='ltr'>πίστεως</span> <span class='ocrx_word' id='word_1_98' title='bbox 1454 1450 1854 1519; x_wconf 79' lang='grc' dir='ltr'>κατηξιώθητε,</span> <span class='ocrx_word' id='word_1_99' title='bbox 1898 1465 2004 1518; x_wconf 90' lang='grc' dir='ltr'>μα-</span> 
     </span>
    </p>
   </div>
   <div class='ocr_carea' id='block_1_14' title="bbox 326 1533 2001 1606">
    <p class='ocr_par' dir='ltr' id='par_1_14' title="bbox 326 1533 2001 1606">
     <span class='ocr_line' id='line_1_14' title="bbox 326 1533 2001 1606; baseline 0.001 -21"><span class='ocrx_word' id='word_1_100' title='bbox 326 1533 507 1598; x_wconf 90' lang='grc' dir='ltr'>θόντες</span> <span class='ocrx_word' id='word_1_101' title='bbox 537 1533 639 1602; x_wconf 81' lang='grc' dir='ltr'>τῆς</span> <span class='ocrx_word' id='word_1_102' title='bbox 681 1533 889 1605; x_wconf 82' lang='grc' dir='ltr'>δωρεᾶς</span> <span class='ocrx_word' id='word_1_103' title='bbox 912 1535 974 1588; x_wconf 91' lang='grc' dir='ltr'>τὸ</span> <span class='ocrx_word' id='word_1_104' title='bbox 1015 1537 1263 1606; x_wconf 86' lang='grc' dir='ltr'>μέγεθος,</span> <span class='ocrx_word' id='word_1_105' title='bbox 1298 1535 1623 1606; x_wconf 87' lang='grc' dir='ltr'>παρακαλῶ,</span> <span class='ocrx_word' id='word_1_106' title='bbox 1660 1536 2001 1589; x_wconf 83' lang='grc' dir='ltr'>σπουδάσατε</span> 
     </span>
    </p>
   </div>
   <div class='ocr_carea' id='block_1_15' title="bbox 329 1620 1999 1695">
    <p class='ocr_par' dir='ltr' id='par_1_15' title="bbox 329 1620 1999 1695">
     <span class='ocr_line' id='line_1_15' title="bbox 329 1620 1999 1695; baseline 0.009 -24"><span class='ocrx_word' id='word_1_107' title='bbox 329 1621 404 1690; x_wconf 77' lang='grc' dir='ltr'>μὴ</span> <span class='ocrx_word' id='word_1_108' title='bbox 435 1620 656 1692; x_wconf 80' lang='grc' dir='ltr'>ὑϐρίσαι</span> <span class='ocrx_word' id='word_1_109' title='bbox 686 1624 766 1686; x_wconf 88' lang='grc' dir='ltr'>είς</span> <span class='ocrx_word' id='word_1_110' title='bbox 797 1622 886 1676; x_wconf 89' lang='grc' dir='ltr'>τὸν</span> <span class='ocrx_word' id='word_1_111' title='bbox 908 1624 1226 1695; x_wconf 88' lang='grc' dir='ltr'>εὐεργέτην.</span> <span class='ocrx_word' id='word_1_112' title='bbox 1272 1623 1565 1694; x_wconf 86' lang='grc' dir='ltr'>Ἐτύχομεν</span> <span class='ocrx_word' id='word_1_113' title='bbox 1591 1624 1700 1693; x_wconf 86' lang='grc' dir='ltr'>γάρ</span> <span class='ocrx_word' id='word_1_114' title='bbox 1730 1622 1999 1693; x_wconf 58' lang='grc' dir='ltr'>ἀφέσεως,</span> 
     </span>
    </p>
   </div>
   <div class='ocr_carea' id='block_1_16' title="bbox 326 1706 2002 1781">
    <p class='ocr_par' dir='ltr' id='par_1_16' title="bbox 326 1706 2002 1781">
     <span class='ocr_line' id='line_1_16' title="bbox 326 1706 2002 1781; baseline 0.002 -24"><span class='ocrx_word' id='word_1_115' title='bbox 326 1706 424 1776; x_wconf 81' lang='grc' dir='ltr'>οὐχ</span> <span class='ocrx_word' id='word_1_116' title='bbox 482 1707 569 1759; x_wconf 81' lang='grc' dir='ltr'>ἵνα</span> <span class='ocrx_word' id='word_1_117' title='bbox 623 1708 839 1778; x_wconf 83' lang='grc' dir='ltr'>χείρους</span> <span class='ocrx_word' id='word_1_118' title='bbox 889 1710 1201 1780; x_wconf 90' lang='grc' dir='ltr'>γενώμεθα,</span> <span class='ocrx_word' id='word_1_119' title='bbox 1238 1711 1354 1767; x_wconf 82' lang='grc' dir='ltr'>ἀλλ’</span> <span class='ocrx_word' id='word_1_120' title='bbox 1393 1712 1480 1765; x_wconf 79' lang='grc' dir='ltr'>ἵνα</span> <span class='ocrx_word' id='word_1_121' title='bbox 1525 1710 1779 1781; x_wconf 88' lang='grc' dir='ltr'>ἀμείνους</span> <span class='ocrx_word' id='word_1_122' title='bbox 1820 1708 2002 1779; x_wconf 83' lang='grc' dir='ltr'>πολλῷ</span> 
     </span>
    </p>
   </div>
   <div class='ocr_carea' id='block_1_17' title="bbox 327 1793 724 1863">
    <p class='ocr_par' dir='ltr' id='par_1_17' title="bbox 327 1793 724 1863">
     <span class='ocr_line' id='line_1_17' title="bbox 327 1793 724 1863; baseline 0.005 -17"><span class='ocrx_word' id='word_1_123' title='bbox 327 1796 422 1847; x_wconf 72' lang='grc' dir='ltr'>καὶ</span> <span class='ocrx_word' id='word_1_124' title='bbox 462 1793 724 1863; x_wconf 77' lang='grc' dir='ltr'>βελτίους.</span> 
     </span>
    </p>
   </div>
   <div class='ocr_carea' id='block_1_18' title="bbox 396 1882 2000 1955">
    <p class='ocr_par' dir='ltr' id='par_1_18' title="bbox 396 1882 2000 1955">
     <span class='ocr_line' id='line_1_18' title="bbox 396 1882 2000 1955; baseline 0.001 -21"><span class='ocrx_word' id='word_1_125' title='bbox 396 1882 601 1952; x_wconf 78' lang='grc' dir='ltr'>Μηδεὶς</span> <span class='ocrx_word' id='word_1_126' title='bbox 625 1883 803 1936; x_wconf 81' lang='grc' dir='ltr'>τοίνυν</span> <span class='ocrx_word' id='word_1_127' title='bbox 829 1884 959 1955; x_wconf 85' lang='grc' dir='ltr'>εῖπῃ</span> <span class='ocrx_word' id='word_1_128' title='bbox 983 1885 1066 1937; x_wconf 86' lang='grc' dir='ltr'>ὅτι</span> <span class='ocrx_word' id='word_1_129' title='bbox 1092 1885 1121 1937; x_wconf 90' lang='lat'>6</span> <span class='ocrx_word' id='word_1_130' title='bbox 1172 1884 1305 1948; x_wconf 89' lang='grc' dir='ltr'>Θεὸς</span> <span class='ocrx_word' id='word_1_131' title='bbox 1362 1886 1494 1955; x_wconf 77' lang='grc' dir='ltr'>ἡμῖν</span> <span class='ocrx_word' id='word_1_132' title='bbox 1550 1884 1726 1948; x_wconf 85' lang='grc' dir='ltr'>αἴτιος</span> <span class='ocrx_word' id='word_1_133' title='bbox 1789 1882 2000 1946; x_wconf 86' lang='grc' dir='ltr'>κακῶν,</span> 
     </span>
    </p>
   </div>
   <div class='ocr_carea' id='block_1_19' title="bbox 331 1967 2003 2043">
    <p class='ocr_par' dir='ltr' id='par_1_19' title="bbox 331 1967 2003 2043">
     <span class='ocr_line' id='line_1_19' title="bbox 331 1967 2003 2043; baseline 0.001 -22"><span class='ocrx_word' id='word_1_134' title='bbox 331 1967 406 2038; x_wconf 80' lang='grc' dir='ltr'>μὴ</span> <span class='ocrx_word' id='word_1_135' title='bbox 437 1968 675 2032; x_wconf 83' lang='grc' dir='ltr'>κολάσας</span> <span class='ocrx_word' id='word_1_136' title='bbox 716 1970 851 2040; x_wconf 87' lang='grc' dir='ltr'>μηδέ</span> <span class='ocrx_word' id='word_1_137' title='bbox 903 1970 1378 2043; x_wconf 84' lang='grc' dir='ltr'>τιμωρησάμενος.</span> <span class='ocrx_word' id='word_1_138' title='bbox 1438 1971 1576 2024; x_wconf 81' lang='grc' dir='ltr'>Εἰπὲ</span> <span class='ocrx_word' id='word_1_139' title='bbox 1625 1972 1735 2042; x_wconf 89' lang='grc' dir='ltr'>γάρ</span> <span class='ocrx_word' id='word_1_140' title='bbox 1794 1986 1903 2039; x_wconf 91' lang='grc' dir='ltr'>μοι,</span> <span class='ocrx_word' id='word_1_141' title='bbox 1935 1968 2003 2022; x_wconf 79' lang='grc' dir='ltr'>ἂν</span> 
     </span>
    </p>
   </div>
   <div class='ocr_carea' id='block_1_20' title="bbox 327 2055 2004 2130">
    <p class='ocr_par' dir='ltr' id='par_1_20' title="bbox 327 2055 2004 2130">
     <span class='ocr_line' id='line_1_20' title="bbox 327 2055 2004 2130; baseline -0.001 -22"><span class='ocrx_word' id='word_1_142' title='bbox 327 2055 510 2126; x_wconf 81' lang='grc' dir='ltr'>ἄρχων</span> <span class='ocrx_word' id='word_1_143' title='bbox 541 2055 720 2109; x_wconf 88' lang='grc' dir='ltr'>λαϐὼν</span> <span class='ocrx_word' id='word_1_144' title='bbox 750 2057 917 2127; x_wconf 80' lang='grc' dir='ltr'>φονέα</span> <span class='ocrx_word' id='word_1_145' title='bbox 938 2060 1073 2130; x_wconf 81' lang='grc' dir='ltr'>ἀφῇ,</span> <span class='ocrx_word' id='word_1_146' title='bbox 1102 2058 1213 2111; x_wconf 90' lang='grc' dir='ltr'>τῶν</span> <span class='ocrx_word' id='word_1_147' title='bbox 1249 2058 1386 2129; x_wconf 89' lang='grc' dir='ltr'>μετά</span> <span class='ocrx_word' id='word_1_148' title='bbox 1416 2058 1589 2111; x_wconf 89' lang='grc' dir='ltr'>ταῦτα</span> <span class='ocrx_word' id='word_1_149' title='bbox 1624 2058 1803 2125; x_wconf 88' lang='grc' dir='ltr'>φόνων</span> <span class='ocrx_word' id='word_1_150' title='bbox 1842 2055 2004 2118; x_wconf 89' lang='grc' dir='ltr'>αὐτὸς</span> 
     </span>
    </p>
   </div>
   <div class='ocr_carea' id='block_1_21' title="bbox 329 2139 2005 2216">
    <p class='ocr_par' dir='ltr' id='par_1_21' title="bbox 329 2139 2005 2216">
     <span class='ocr_line' id='line_1_21' title="bbox 329 2139 2005 2216; baseline 0 -20"><span class='ocrx_word' id='word_1_151' title='bbox 329 2143 503 2207; x_wconf 79' lang='grc' dir='ltr'>αἴτιος</span> <span class='ocrx_word' id='word_1_152' title='bbox 548 2139 686 2197; x_wconf 84' lang='grc' dir='ltr'>εἶναι</span> <span class='ocrx_word' id='word_1_153' title='bbox 738 2146 1019 2216; x_wconf 86' lang='grc' dir='ltr'>κρίνεται;</span> <span class='ocrx_word' id='word_1_154' title='bbox 1067 2146 1355 2216; x_wconf 76' lang='grc' dir='ltr'>Οὐδαμῶς.</span> <span class='ocrx_word' id='word_1_155' title='bbox 1391 2147 1503 2199; x_wconf 74' lang='grc' dir='ltr'>Καὶ</span> <span class='ocrx_word' id='word_1_156' title='bbox 1554 2145 1672 2209; x_wconf 90' lang='grc' dir='ltr'>πῶς</span> <span class='ocrx_word' id='word_1_157' title='bbox 1702 2145 1856 2198; x_wconf 71' lang='grc' dir='ltr'>αὐτοὶ</span> <span class='ocrx_word' id='word_1_158' title='bbox 1882 2146 2005 2207; x_wconf 86' lang='grc' dir='ltr'>ταῖς</span> 
     </span>
    </p>
   </div>
   <div class='ocr_carea' id='block_1_22' title="bbox 329 2226 2005 2301">
    <p class='ocr_par' dir='ltr' id='par_1_22' title="bbox 329 2226 2005 2301">
     <span class='ocr_line' id='line_1_22' title="bbox 329 2226 2005 2301; baseline 0.001 -20"><span class='ocrx_word' id='word_1_159' title='bbox 329 2229 510 2292; x_wconf 78' lang='grc' dir='ltr'>ἀθέοις</span> <span class='ocrx_word' id='word_1_160' title='bbox 551 2230 824 2299; x_wconf 85' lang='grc' dir='ltr'>γλώσσαις</span> <span class='ocrx_word' id='word_1_161' title='bbox 879 2232 1108 2295; x_wconf 79' lang='grc' dir='ltr'>διδόντες</span> <span class='ocrx_word' id='word_1_162' title='bbox 1160 2231 1477 2301; x_wconf 81' lang='grc' dir='ltr'>ὑϐρίζεσθαι</span> <span class='ocrx_word' id='word_1_163' title='bbox 1532 2231 1625 2284; x_wconf 91' lang='grc' dir='ltr'>τὸν</span> <span class='ocrx_word' id='word_1_164' title='bbox 1667 2231 1799 2285; x_wconf 86' lang='grc' dir='ltr'>Θεὸν</span> <span class='ocrx_word' id='word_1_165' title='bbox 1834 2231 1902 2284; x_wconf 88' lang='grc' dir='ltr'>δι’</span> <span class='ocrx_word' id='word_1_166' title='bbox 1929 2226 2005 2283; x_wconf 78' lang='grc' dir='ltr'>ῶν</span> 
     </span>
    </p>
   </div>
   <div class='ocr_carea' id='block_1_23' title="bbox 327 2308 2006 2390">
    <p class='ocr_par' dir='ltr' id='par_1_23' title="bbox 327 2308 2006 2390">
     <span class='ocr_line' id='line_1_23' title="bbox 327 2308 2006 2390; baseline 0 -19"><span class='ocrx_word' id='word_1_167' title='bbox 327 2317 633 2389; x_wconf 86' lang='grc' dir='ltr'>τολμῶμεν.</span> <span class='ocrx_word' id='word_1_168' title='bbox 664 2319 726 2372; x_wconf 91' lang='grc' dir='ltr'>οὐ</span> <span class='ocrx_word' id='word_1_169' title='bbox 767 2318 1083 2389; x_wconf 87' lang='grc' dir='ltr'>δεδοίκαμεν</span> <span class='ocrx_word' id='word_1_170' title='bbox 1125 2319 1246 2373; x_wconf 79' lang='grc' dir='ltr'>οὐδὲ</span> <span class='ocrx_word' id='word_1_171' title='bbox 1296 2308 1625 2390; x_wconf 71' lang='grc' dir='ltr'>φρίττομίενς</span> <span class='ocrx_word' id='word_1_172' title='bbox 1666 2317 1730 2371; x_wconf 90' lang='grc' dir='ltr'>Τί</span> <span class='ocrx_word' id='word_1_173' title='bbox 1761 2318 1869 2389; x_wconf 84' lang='grc' dir='ltr'>γὰρ</span> <span class='ocrx_word' id='word_1_174' title='bbox 1906 2317 2006 2371; x_wconf 88' lang='grc' dir='ltr'>οὐκ</span> 
     </span>
    </p>
   </div>
   <div class='ocr_carea' id='block_1_24' title="bbox 328 2403 2003 2477">
    <p class='ocr_par' dir='ltr' id='par_1_24' title="bbox 328 2403 2003 2477">
     <span class='ocr_line' id='line_1_24' title="bbox 328 2403 2003 2477; baseline 0 -21"><span class='ocrx_word' id='word_1_175' title='bbox 328 2403 556 2476; x_wconf 80' lang='grc' dir='ltr'>ἐροῦσι;</span> <span class='ocrx_word' id='word_1_176' title='bbox 596 2405 648 2459; x_wconf 91' lang='grc' dir='ltr'>τί</span> <span class='ocrx_word' id='word_1_177' title='bbox 674 2406 762 2460; x_wconf 54' lang='grc' dir='ltr'>δαὶ⁸</span> <span class='ocrx_word' id='word_1_178' title='bbox 789 2407 852 2459; x_wconf 88' lang='grc' dir='ltr'>οὐ</span> <span class='ocrx_word' id='word_1_179' title='bbox 882 2406 1205 2475; x_wconf 80' lang='grc' dir='ltr'>φθέγξονται</span> <span class='ocrx_word' id='word_1_180' title='bbox 1233 2421 1248 2470; x_wconf 89' lang='grc'>;</span> <span class='ocrx_word' id='word_1_181' title='bbox 1305 2407 1478 2468; x_wconf 83' lang='grc' dir='ltr'>Αὐτὸς</span> <span class='ocrx_word' id='word_1_182' title='bbox 1503 2406 1687 2469; x_wconf 89' lang='grc' dir='ltr'>αὐτοῖς</span> <span class='ocrx_word' id='word_1_183' title='bbox 1715 2405 2003 2477; x_wconf 74' lang='grc' dir='ltr'>ἐπέτρεψε,</span> 
     </span>
    </p>
   </div>
   <div class='ocr_carea' id='block_1_25' title="bbox 330 2492 2004 2565">
    <p class='ocr_par' dir='ltr' id='par_1_25' title="bbox 330 2492 2004 2565">
     <span class='ocr_line' id='line_1_25' title="bbox 330 2492 2004 2565; baseline 0.001 -21"><span class='ocrx_word' id='word_1_184' title='bbox 330 2493 528 2562; x_wconf 84' lang='grc' dir='ltr'>φησίν·</span> <span class='ocrx_word' id='word_1_185' title='bbox 585 2493 753 2564; x_wconf 83' lang='grc' dir='ltr'>ἐχρῆν</span> <span class='ocrx_word' id='word_1_186' title='bbox 805 2494 913 2565; x_wconf 92' lang='grc' dir='ltr'>γάρ</span> <span class='ocrx_word' id='word_1_187' title='bbox 944 2493 1130 2558; x_wconf 81' lang='grc' dir='ltr'>ἀξίους</span> <span class='ocrx_word' id='word_1_188' title='bbox 1185 2492 1346 2558; x_wconf 76' lang='grc' dir='ltr'>ὄντας</span> <span class='ocrx_word' id='word_1_189' title='bbox 1406 2493 1654 2556; x_wconf 82' lang='grc' dir='ltr'>κολάσαι,</span> <span class='ocrx_word' id='word_1_190' title='bbox 1703 2493 1763 2547; x_wconf 88' lang='grc' dir='ltr'>οὐ</span> <span class='ocrx_word' id='word_1_191' title='bbox 1814 2495 2004 2563; x_wconf 85' lang='grc' dir='ltr'>τιμᾷν,</span> 
     </span>
    </p>
   </div>
   <div class='ocr_carea' id='block_1_26' title="bbox 327 2580 2007 2653">
    <p class='ocr_par' dir='ltr' id='par_1_26' title="bbox 327 2580 2007 2653">
     <span class='ocr_line' id='line_1_26' title="bbox 327 2580 2007 2653; baseline 0.003 -21"><span class='ocrx_word' id='word_1_192' title='bbox 327 2580 448 2633; x_wconf 84' lang='grc' dir='ltr'>οὐδὲ</span> <span class='ocrx_word' id='word_1_193' title='bbox 477 2581 794 2650; x_wconf 82' lang='grc' dir='ltr'>στεφανοῦν,</span> <span class='ocrx_word' id='word_1_194' title='bbox 837 2582 897 2634; x_wconf 89' lang='grc' dir='ltr'>οὐ</span> <span class='ocrx_word' id='word_1_195' title='bbox 945 2581 1053 2633; x_wconf 81' lang='grc' dir='ltr'>τῶν</span> <span class='ocrx_word' id='word_1_196' title='bbox 1114 2582 1399 2653; x_wconf 75' lang='grc' dir='ltr'>πρωτείων</span> <span class='ocrx_word' id='word_1_197' title='bbox 1453 2582 1811 2653; x_wconf 82' lang='grc' dir='ltr'>μεταδιδόναι,</span> <span class='ocrx_word' id='word_1_198' title='bbox 1870 2582 2007 2637; x_wconf 85' lang='grc' dir='ltr'>ἀλλά</span> 
     </span>
    </p>
   </div>
   <div class='ocr_carea' id='block_1_27' title="bbox 328 2665 2008 2740">
    <p class='ocr_par' dir='ltr' id='par_1_27' title="bbox 328 2665 2008 2740">
     <span class='ocr_line' id='line_1_27' title="bbox 328 2665 2008 2740; baseline 0.002 -21"><span class='ocrx_word' id='word_1_199' title='bbox 328 2665 576 2731; x_wconf 80' lang='grc' dir='ltr'>κολάζειν</span> <span class='ocrx_word' id='word_1_200' title='bbox 628 2668 722 2721; x_wconf 77' lang='grc' dir='ltr'>καὶ</span> <span class='ocrx_word' id='word_1_201' title='bbox 770 2667 1152 2738; x_wconf 86' lang='grc' dir='ltr'>τιμωρεῖσθαι.</span> <span class='ocrx_word' id='word_1_202' title='bbox 1218 2668 1275 2721; x_wconf 88' lang='grc' dir='ltr'>Ὀ</span> <span class='ocrx_word' id='word_1_203' title='bbox 1312 2668 1370 2721; x_wconf 88' lang='grc' dir='ltr'>δέ</span> <span class='ocrx_word' id='word_1_204' title='bbox 1439 2669 1605 2740; x_wconf 88' lang='grc' dir='ltr'>μηδέν</span> <span class='ocrx_word' id='word_1_205' title='bbox 1657 2686 1711 2722; x_wconf 83' lang='grc' dir='ltr'>τι</span> <span class='ocrx_word' id='word_1_206' title='bbox 1767 2669 2008 2723; x_wconf 89' lang='grc' dir='ltr'>τοιοῦτον</span> 
     </span>
    </p>
   </div>
   <div class='ocr_carea' id='block_1_28' title="bbox 327 2753 2009 2826">
    <p class='ocr_par' dir='ltr' id='par_1_28' title="bbox 327 2753 2009 2826">
     <span class='ocr_line' id='line_1_28' title="bbox 327 2753 2009 2826; baseline 0 -19"><span class='ocrx_word' id='word_1_207' title='bbox 327 2756 511 2817; x_wconf 88' lang='grc' dir='ltr'>αὐτοῖς</span> <span class='ocrx_word' id='word_1_208' title='bbox 553 2753 724 2808; x_wconf 88' lang='grc' dir='ltr'>ποιῶν</span> <span class='ocrx_word' id='word_1_209' title='bbox 753 2766 801 2819; x_wconf 80' lang='grc' dir='ltr'>ι,</span> <span class='ocrx_word' id='word_1_210' title='bbox 831 2753 944 2808; x_wconf 79' lang='grc' dir='ltr'>ἀλλ’</span> <span class='ocrx_word' id='word_1_211' title='bbox 971 2755 1093 2808; x_wconf 73' lang='grc' dir='ltr'>ἀντὶ</span> <span class='ocrx_word' id='word_1_212' title='bbox 1130 2755 1334 2809; x_wconf 87' lang='grc' dir='ltr'>τούτων</span> <span class='ocrx_word' id='word_1_213' title='bbox 1380 2757 1472 2809; x_wconf 76' lang='grc' dir='ltr'>καὶ</span> <span class='ocrx_word' id='word_1_214' title='bbox 1500 2755 1699 2826; x_wconf 88' lang='grc' dir='ltr'>τιμῶν,</span> <span class='ocrx_word' id='word_1_215' title='bbox 1732 2756 2009 2821; x_wconf 79' lang='grc' dir='ltr'>τοιούτους</span> 
     </span>
    </p>
   </div>
   <div class='ocr_carea' id='block_1_29' title="bbox 328 2843 2007 2917">
    <p class='ocr_par' dir='ltr' id='par_1_29' title="bbox 328 2843 2007 2917">
     <span class='ocr_line' id='line_1_29' title="bbox 328 2843 2007 2917; baseline 0 -18"><span class='ocrx_word' id='word_1_216' title='bbox 328 2843 525 2907; x_wconf 78' lang='grc' dir='ltr'>αὐτοὺς</span> <span class='ocrx_word' id='word_1_217' title='bbox 559 2843 949 2917; x_wconf 77' lang='grc' dir='ltr'>ἀπεργάζεται.</span> <span class='ocrx_word' id='word_1_218' title='bbox 978 2844 1093 2916; x_wconf 79' lang='grc' dir='ltr'>Μὴ,</span> <span class='ocrx_word' id='word_1_219' title='bbox 1122 2843 1314 2916; x_wconf 86' lang='grc' dir='ltr'>δέομαι</span> <span class='ocrx_word' id='word_1_220' title='bbox 1359 2846 1455 2898; x_wconf 77' lang='grc' dir='ltr'>καὶ</span> <span class='ocrx_word' id='word_1_221' title='bbox 1485 2845 1771 2909; x_wconf 89' lang='grc' dir='ltr'>ἀντιϐολῶ,</span> <span class='ocrx_word' id='word_1_222' title='bbox 1815 2846 2007 2917; x_wconf 72' lang='grc' dir='ltr'>μηδεὶς</span> 
     </span>
    </p>
   </div>
   <div class='ocr_carea' id='block_1_30' title="bbox 328 2930 2012 3006">
    <p class='ocr_par' dir='ltr' id='par_1_30' title="bbox 328 2930 2012 3006">
     <span class='ocr_line' id='line_1_30' title="bbox 328 2930 2012 3006; baseline 0.001 -21"><span class='ocrx_word' id='word_1_223' title='bbox 328 2930 531 3001; x_wconf 87' lang='grc' dir='ltr'>ταύτην</span> <span class='ocrx_word' id='word_1_224' title='bbox 573 2933 703 3003; x_wconf 84' lang='grc' dir='ltr'>περὶ</span> <span class='ocrx_word' id='word_1_225' title='bbox 746 2931 897 3002; x_wconf 72' lang='grc' dir='ltr'>ἡμῶν</span> <span class='ocrx_word' id='word_1_226' title='bbox 934 2932 1046 3002; x_wconf 83' lang='grc' dir='ltr'>ἀφῇ</span> <span class='ocrx_word' id='word_1_227' title='bbox 1107 2931 1204 3003; x_wconf 80' lang='grc' dir='ltr'>τὴν</span> <span class='ocrx_word' id='word_1_228' title='bbox 1249 2933 1453 3004; x_wconf 77' lang='grc' dir='ltr'>φωνήν.</span> <span class='ocrx_word' id='word_1_229' title='bbox 1514 2933 1728 2987; x_wconf 80' lang='grc' dir='ltr'>Βέλτιον</span> <span class='ocrx_word' id='word_1_230' title='bbox 1783 2950 2012 3006; x_wconf 88' lang='grc' dir='ltr'>κατορυ-</span> 
     </span>
    </p>
   </div>
   <div class='ocr_carea' id='block_1_31' title="bbox 327 3015 2006 3091">
    <p class='ocr_par' dir='ltr' id='par_1_31' title="bbox 327 3015 2006 3091">
     <span class='ocr_line' id='line_1_31' title="bbox 327 3015 2006 3091; baseline 0.004 -23"><span class='ocrx_word' id='word_1_231' title='bbox 327 3019 493 3088; x_wconf 81' lang='grc' dir='ltr'>γῆναι</span> <span class='ocrx_word' id='word_1_232' title='bbox 551 3018 832 3089; x_wconf 87' lang='grc' dir='ltr'>μυριάκις.</span> <span class='ocrx_word' id='word_1_233' title='bbox 866 3017 899 3088; x_wconf 80' lang='grc' dir='ltr'>ἢ</span> <span class='ocrx_word' id='word_1_234' title='bbox 953 3015 1129 3071; x_wconf 86' lang='grc' dir='ltr'>ταῦτα</span> <span class='ocrx_word' id='word_1_235' title='bbox 1169 3018 1262 3071; x_wconf 86' lang='grc' dir='ltr'>τὸν</span> <span class='ocrx_word' id='word_1_236' title='bbox 1298 3019 1431 3072; x_wconf 86' lang='grc' dir='ltr'>Θεὸν</span> <span class='ocrx_word' id='word_1_237' title='bbox 1476 3019 1710 3073; x_wconf 84' lang='grc' dir='ltr'>ἀκοῦσαι</span> <span class='ocrx_word' id='word_1_238' title='bbox 1738 3019 1803 3072; x_wconf 80' lang='grc' dir='ltr'>δι’</span> <span class='ocrx_word' id='word_1_239' title='bbox 1835 3022 2006 3091; x_wconf 79' lang='grc' dir='ltr'>ἡμᾶς.</span> 
     </span>
    </p>
   </div>
   <div class='ocr_carea' id='block_1_32' title="bbox 328 3102 2008 3174">
    <p class='ocr_par' dir='ltr' id='par_1_32' title="bbox 328 3102 2008 3174">
     <span class='ocr_line' id='line_1_32' title="bbox 328 3102 2008 3174; baseline 0.001 -17"><span class='ocrx_word' id='word_1_240' title='bbox 328 3104 496 3157; x_wconf 82' lang='grc' dir='ltr'>Εἶπον</span> <span class='ocrx_word' id='word_1_241' title='bbox 548 3102 696 3173; x_wconf 83' lang='grc' dir='ltr'>αὐτῷ</span> <span class='ocrx_word' id='word_1_242' title='bbox 739 3103 833 3156; x_wconf 59' lang='grc' dir='ltr'>καὶ⁵</span> <span class='ocrx_word' id='word_1_243' title='bbox 882 3103 1162 3157; x_wconf 65' lang='grc' dir='ltr'>Ἰουδαῖον</span> <span class='ocrx_word' id='word_1_244' title='bbox 1208 3103 1261 3157; x_wconf 90' lang='grc' dir='ltr'><em>Ὁ</em></span> <span class='ocrx_word' id='word_1_245' title='bbox 1301 3107 1620 3158; x_wconf 81' lang='grc' dir='ltr'>καταλύων</span> <span class='ocrx_word' id='word_1_246' title='bbox 1680 3105 1790 3159; x_wconf 84' lang='grc' dir='ltr'>τὸν</span> <span class='ocrx_word' id='word_1_247' title='bbox 1836 3105 2008 3174; x_wconf 85' lang='grc' dir='ltr'>ναόν,</span> 
     </span>
    </p>
   </div>
   <div class='ocr_carea' id='block_1_33' title="bbox 330 3188 2009 3260">
    <p class='ocr_par' dir='ltr' id='par_1_33' title="bbox 330 3188 2009 3260">
     <span class='ocr_line' id='line_1_33' title="bbox 330 3188 2009 3260; baseline 0.002 -17"><span class='ocrx_word' id='word_1_248' title='bbox 330 3190 430 3244; x_wconf 77' lang='grc' dir='ltr'>καί</span> <span class='ocrx_word' id='word_1_249' title='bbox 459 3192 528 3243; x_wconf 82' lang='grc' dir='ltr'>ἐν</span> <span class='ocrx_word' id='word_1_250' title='bbox 553 3191 754 3257; x_wconf 79' lang='grc' dir='ltr'>τρισίν</span> <span class='ocrx_word' id='word_1_251' title='bbox 790 3188 1037 3259; x_wconf 78' lang='grc' dir='ltr'>ἡμέραις</span> <span class='ocrx_word' id='word_1_252' title='bbox 1068 3191 1312 3260; x_wconf 76' lang='grc' dir='ltr'>ἐγείρων</span> <span class='ocrx_word' id='word_1_253' title='bbox 1344 3193 1548 3255; x_wconf 72' lang='grc' dir='ltr'>αὐτόν,</span> <span class='ocrx_word' id='word_1_254' title='bbox 1584 3189 1793 3245; x_wconf 86' lang='grc' dir='ltr'>σῶσον</span> <span class='ocrx_word' id='word_1_255' title='bbox 1824 3207 2009 3247; x_wconf 81' lang='grc' dir='ltr'>σεαυ-</span> 
     </span>
    </p>
   </div>
   <div class='ocr_carea' id='block_1_34' title="bbox 330 3276 2008 3344">
    <p class='ocr_par' dir='ltr' id='par_1_34' title="bbox 330 3276 2008 3344">
     <span class='ocr_line' id='line_1_34' title="bbox 330 3276 2008 3344; baseline 0.002 -13"><span class='ocrx_word' id='word_1_256' title='bbox 330 3278 474 3331; x_wconf 80' lang='grc' dir='ltr'>τόν’</span> <span class='ocrx_word' id='word_1_257' title='bbox 533 3277 628 3329; x_wconf 77' lang='grc' dir='ltr'>καὶ</span> <span class='ocrx_word' id='word_1_258' title='bbox 666 3276 847 3338; x_wconf 88' lang='grc' dir='ltr'>πάλιν,</span> <span class='ocrx_word' id='word_1_259' title='bbox 902 3278 970 3330; x_wconf 77' lang='grc' dir='ltr'>Εἰ</span> <span class='ocrx_word' id='word_1_260' title='bbox 1016 3279 1148 3344; x_wconf 84' lang='grc' dir='ltr'>Υιὸς</span> <span class='ocrx_word' id='word_1_261' title='bbox 1178 3276 1239 3333; x_wconf 79' lang='grc' dir='ltr'>εἷ</span> <span class='ocrx_word' id='word_1_262' title='bbox 1262 3279 1368 3333; x_wconf 86' lang='grc' dir='ltr'>τοῦ</span> <span class='ocrx_word' id='word_1_263' title='bbox 1423 3279 1591 3343; x_wconf 84' lang='grc' dir='ltr'>Θεοῦ,</span> <span class='ocrx_word' id='word_1_264' title='bbox 1631 3278 1860 3335; x_wconf 79' lang='grc' dir='ltr'>κατάϐα</span> <span class='ocrx_word' id='word_1_265' title='bbox 1889 3281 2008 3337; x_wconf 81' lang='grc' dir='ltr'>ἀπὸ</span> 
     </span>
    </p>
   </div>
   <div class='ocr_carea' id='block_1_35' title="bbox 332 3363 2008 3441">
    <p class='ocr_par' dir='ltr' id='par_1_35' title="bbox 332 3363 2008 3441">
     <span class='ocr_line' id='line_1_35' title="bbox 332 3363 2008 3441; baseline 0.003 -25"><span class='ocrx_word' id='word_1_266' title='bbox 332 3363 440 3417; x_wconf 83' lang='grc' dir='ltr'>τοῦ</span> <span class='ocrx_word' id='word_1_267' title='bbox 455 3363 741 3430; x_wconf 85' lang='grc' dir='ltr'>σταυροῦ.</span> <span class='ocrx_word' id='word_1_268' title='bbox 757 3363 915 3417; x_wconf 82' lang='grc' dir='ltr'>Ἀλλά</span> <span class='ocrx_word' id='word_1_269' title='bbox 928 3365 1101 3418; x_wconf 81' lang='grc' dir='ltr'>ταῦτα</span> <span class='ocrx_word' id='word_1_270' title='bbox 1118 3365 1340 3419; x_wconf 89' lang='grc' dir='ltr'>ἐκείνων</span> <span class='ocrx_word' id='word_1_271' title='bbox 1355 3367 1728 3439; x_wconf 86' lang='grc' dir='ltr'>χαλεπώτερα.</span> <span class='ocrx_word' id='word_1_272' title='bbox 1750 3366 1898 3441; x_wconf 83' lang='grc'><strong>[189]</strong></span> <span class='ocrx_word' id='word_1_273' title='bbox 1910 3368 2008 3422; x_wconf 81' lang='grc' dir='ltr'>’Ίν’</span> 
     </span>
    </p>
   </div>
   <div class='ocr_carea' id='block_1_36' title="bbox 333 3448 2006 3526">
    <p class='ocr_par' dir='ltr' id='par_1_36' title="bbox 333 3448 2006 3526">
     <span class='ocr_line' id='line_1_36' title="bbox 333 3448 2006 3526; baseline 0.002 -21"><span class='ocrx_word' id='word_1_274' title='bbox 333 3448 428 3506; x_wconf 80' lang='grc' dir='ltr'>οὖν</span> <span class='ocrx_word' id='word_1_275' title='bbox 464 3454 539 3522; x_wconf 84' lang='grc' dir='ltr'>μὴ</span> <span class='ocrx_word' id='word_1_276' title='bbox 588 3451 681 3524; x_wconf 78' lang='grc' dir='ltr'>ἐξῇ</span> <span class='ocrx_word' id='word_1_277' title='bbox 707 3452 775 3506; x_wconf 85' lang='grc' dir='ltr'>δι’</span> <span class='ocrx_word' id='word_1_278' title='bbox 806 3455 953 3523; x_wconf 79' lang='grc' dir='ltr'>ἡμᾶς</span> <span class='ocrx_word' id='word_1_279' title='bbox 983 3454 1245 3526; x_wconf 86' lang='grc' dir='ltr'>πονηρίας</span> <span class='ocrx_word' id='word_1_280' title='bbox 1298 3456 1460 3509; x_wconf 90' lang='grc' dir='ltr'>αὐτὸν</span> <span class='ocrx_word' id='word_1_281' title='bbox 1494 3457 1816 3512; x_wconf 89' lang='grc' dir='ltr'>διδάσκαλον</span> <span class='ocrx_word' id='word_1_282' title='bbox 1851 3457 2006 3526; x_wconf 65' lang='grc' dir='ltr'>λέγει</span> 
     </span>
    </p>
   </div>
   <div class='ocr_carea' id='block_1_37' title="bbox 338 3540 2007 3619">
    <p class='ocr_par' dir='ltr' id='par_1_37' title="bbox 338 3540 2007 3619">
     <span class='ocr_line' id='line_1_37' title="bbox 338 3540 2007 3619; baseline 0.004 -26"><span class='ocrx_word' id='word_1_283' title='bbox 338 3541 483 3603; x_wconf 85' lang='grc' dir='ltr'>σθαι,</span> <span class='ocrx_word' id='word_1_284' title='bbox 523 3540 656 3611; x_wconf 78' lang='grc' dir='ltr'>μηδὲ</span> <span class='ocrx_word' id='word_1_285' title='bbox 685 3540 835 3612; x_wconf 81' lang='grc' dir='ltr'>αὐτῷ</span> <span class='ocrx_word' id='word_1_286' title='bbox 860 3542 1035 3613; x_wconf 83' lang='grc' dir='ltr'>τούτῳ</span> <span class='ocrx_word' id='word_1_287' title='bbox 1086 3543 1164 3614; x_wconf 83' lang='grc' dir='ltr'>τῷ</span> <span class='ocrx_word' id='word_1_288' title='bbox 1200 3543 1632 3614; x_wconf 87' lang='grc' dir='ltr'>βλασφημεῖσθαι</span> <span class='ocrx_word' id='word_1_289' title='bbox 1663 3546 1908 3600; x_wconf 82' lang='grc' dir='ltr'>ὑπόδικοι</span> <span class='ocrx_word' id='word_1_290' title='bbox 1941 3550 2007 3619; x_wconf 81' lang='grc' dir='ltr'>τῇ</span> 
     </span>
    </p>
   </div>
   <div class='ocr_carea' id='block_1_38' title="bbox 336 3628 2009 3704">
    <p class='ocr_par' dir='ltr' id='par_1_38' title="bbox 336 3628 2009 3704">
     <span class='ocr_line' id='line_1_38' title="bbox 336 3628 2009 3704; baseline 0.004 -21"><span class='ocrx_word' id='word_1_291' title='bbox 336 3629 552 3683; x_wconf 83' lang='grc' dir='ltr'>κολάσει</span> <span class='ocrx_word' id='word_1_292' title='bbox 582 3628 865 3697; x_wconf 83' lang='grc' dir='ltr'>γενώμεθα</span> <span class='ocrx_word' id='word_1_293' title='bbox 903 3631 1003 3699; x_wconf 86' lang='grc' dir='ltr'>(Δι’</span> <span class='ocrx_word' id='word_1_294' title='bbox 1028 3630 1183 3699; x_wconf 73' lang='grc' dir='ltr'>ὑμᾶς</span> <span class='ocrx_word' id='word_1_295' title='bbox 1219 3631 1350 3702; x_wconf 77' lang='grc' dir='ltr'>γάρ,</span> <span class='ocrx_word' id='word_1_296' title='bbox 1384 3634 1537 3702; x_wconf 81' lang='grc' dir='ltr'>φησὶ,</span> <span class='ocrx_word' id='word_1_297' title='bbox 1567 3632 1632 3686; x_wconf 88' lang='grc' dir='ltr'>τὸ</span> <span class='ocrx_word' id='word_1_298' title='bbox 1659 3633 1848 3704; x_wconf 76' lang='grc' dir='ltr'>ὄνομα</span> <span class='ocrx_word' id='word_1_299' title='bbox 1887 3652 2009 3704; x_wconf 79' lang='grc' dir='ltr'>μου</span> 
     </span>
    </p>
   </div>
   <div class='ocr_carea' id='block_1_39' title="bbox 327 3716 2009 3794">
    <p class='ocr_par' dir='ltr' id='par_1_39' title="bbox 327 3716 2009 3794">
     <span class='ocr_line' id='line_1_39' title="bbox 327 3716 2009 3794; baseline 0.002 -24"><span class='ocrx_word' id='word_1_300' title='bbox 327 3716 777 3786; x_wconf 72' lang='grc' dir='ltr'>,βλασφημεῖται</span> <span class='ocrx_word' id='word_1_301' title='bbox 804 3717 875 3770; x_wconf 80' lang='grc' dir='ltr'>ἐν</span> <span class='ocrx_word' id='word_1_302' title='bbox 915 3716 1038 3782; x_wconf 87' lang='grc' dir='ltr'>τοῖς</span> <span class='ocrx_word' id='word_1_303' title='bbox 1081 3718 1350 3789; x_wconf 79' lang='grc' dir='ltr'>ἐθνεσι)·</span> <span class='ocrx_word' id='word_1_304' title='bbox 1407 3721 1665 3774; x_wconf 89' lang='grc' dir='ltr'>τάναντία</span> <span class='ocrx_word' id='word_1_305' title='bbox 1693 3724 2009 3794; x_wconf 82' lang='grc' dir='ltr'>ποιήσωμεν</span> 
     </span>
    </p>
   </div>
   <div class='ocr_carea' id='block_1_40' title="bbox 333 3803 2010 3880">
    <p class='ocr_par' dir='ltr' id='par_1_40' title="bbox 333 3803 2010 3880">
     <span class='ocr_line' id='line_1_40' title="bbox 333 3803 2010 3880; baseline 0.004 -24"><span class='ocrx_word' id='word_1_306' title='bbox 333 3804 608 3872; x_wconf 83' lang='grc' dir='ltr'>λέγεσθαι,</span> <span class='ocrx_word' id='word_1_307' title='bbox 655 3803 820 3868; x_wconf 81' lang='grc' dir='ltr'>ἀξίως</span> <span class='ocrx_word' id='word_1_308' title='bbox 853 3803 944 3857; x_wconf 85' lang='grc' dir='ltr'>τοῦ</span> <span class='ocrx_word' id='word_1_309' title='bbox 978 3804 1266 3869; x_wconf 82' lang='grc' dir='ltr'>καλοῦντος</span> <span class='ocrx_word' id='word_1_310' title='bbox 1302 3806 1725 3878; x_wconf 84' lang='grc' dir='ltr'>πολιτευόμενοι,</span> <span class='ocrx_word' id='word_1_311' title='bbox 1781 3809 1874 3863; x_wconf 78' lang='grc' dir='ltr'>καὶ</span> <span class='ocrx_word' id='word_1_312' title='bbox 1931 3810 2010 3880; x_wconf 81' lang='grc' dir='ltr'>τῷ</span> 
     </span>
    </p>
   </div>
   <div class='ocr_carea' id='block_1_41' title="bbox 333 3885 2009 3965">
    <p class='ocr_par' dir='ltr' id='par_1_41' title="bbox 333 3885 2009 3965">
     <span class='ocr_line' id='line_1_41' title="bbox 333 3885 2009 3965; baseline 0.004 -26"><span class='ocrx_word' id='word_1_313' title='bbox 333 3886 433 3957; x_wconf 80' lang='grc' dir='ltr'>τῆς</span> <span class='ocrx_word' id='word_1_314' title='bbox 491 3885 763 3948; x_wconf 81' lang='grc' dir='ltr'>υἱοθεσίας</span> <span class='ocrx_word' id='word_1_315' title='bbox 827 3887 1144 3957; x_wconf 73' lang='grc' dir='ltr'>προσιόντες</span> <span class='ocrx_word' id='word_1_316' title='bbox 1205 3886 1565 3960; x_wconf 83' lang='grc' dir='ltr'>βαπτίσματι.</span> <span class='ocrx_word' id='word_1_317' title='bbox 1635 3893 1844 3955; x_wconf 86' lang='grc' dir='ltr'>Ὄντως</span> <span class='ocrx_word' id='word_1_318' title='bbox 1900 3892 2009 3965; x_wconf 85' lang='grc' dir='ltr'>γὰρ</span> 
     </span>
    </p>
   </div>
   <div class='ocr_carea' id='block_1_42' title="bbox 339 3972 2010 4044">
    <p class='ocr_par' dir='ltr' id='par_1_42' title="bbox 339 3972 2010 4044">
     <span class='ocr_line' id='line_1_42' title="bbox 339 3972 2010 4044; baseline 0.005 -18"><span class='ocrx_word' id='word_1_319' title='bbox 339 3973 546 4044; x_wconf 89' lang='grc' dir='ltr'>μεγάλη</span> <span class='ocrx_word' id='word_1_320' title='bbox 572 3972 666 4026; x_wconf 89' lang='grc' dir='ltr'>τοῦ</span> <span class='ocrx_word' id='word_1_321' title='bbox 691 3973 1064 4043; x_wconf 75' lang='grc' dir='ltr'>βαπτίσματος</span> <span class='ocrx_word' id='word_1_322' title='bbox 1100 3975 1132 4044; x_wconf 81' lang='grc' dir='ltr'>ἡ</span> <span class='ocrx_word' id='word_1_323' title='bbox 1175 3973 1432 4043; x_wconf 80' lang='grc' dir='ltr'>δύναμις·</span> <span class='ocrx_word' id='word_1_324' title='bbox 1486 3976 1674 4041; x_wconf 79' lang='grc' dir='ltr'>ἄλλους</span> <span class='ocrx_word' id='word_1_325' title='bbox 1702 3978 1817 4033; x_wconf 85' lang='grc' dir='ltr'>ἀντ’</span> <span class='ocrx_word' id='word_1_326' title='bbox 1832 3980 2010 4036; x_wconf 78' lang='grc' dir='ltr'>ἄλλων</span> 
     </span>
    </p>
   </div>
   <div class='ocr_carea' id='block_1_43' title="bbox 337 4060 2008 4138">
    <p class='ocr_par' dir='ltr' id='par_1_43' title="bbox 337 4060 2008 4138">
     <span class='ocr_line' id='line_1_43' title="bbox 337 4060 2008 4138; baseline 0.006 -27"><span class='ocrx_word' id='word_1_327' title='bbox 337 4062 479 4113; x_wconf 84' lang='grc' dir='ltr'>ποιεῖ</span> <span class='ocrx_word' id='word_1_328' title='bbox 503 4060 630 4122; x_wconf 82' lang='grc' dir='ltr'>τοὺς</span> <span class='ocrx_word' id='word_1_329' title='bbox 682 4061 1049 4130; x_wconf 87' lang='grc' dir='ltr'>μετασχόντας</span> <span class='ocrx_word' id='word_1_330' title='bbox 1073 4061 1170 4131; x_wconf 86' lang='grc' dir='ltr'>τῆς</span> <span class='ocrx_word' id='word_1_331' title='bbox 1198 4061 1426 4133; x_wconf 60' lang='grc' dir='ltr'>δωρεᾶς</span> <span class='ocrx_word' id='word_1_332' title='bbox 1460 4064 1560 4117; x_wconf 87' lang='grc' dir='ltr'>οὐκ</span> <span class='ocrx_word' id='word_1_333' title='bbox 1598 4065 1822 4138; x_wconf 86' lang='grc' dir='ltr'>ἀφίησιν</span> <span class='ocrx_word' id='word_1_334' title='bbox 1868 4065 2008 4122; x_wconf 78' lang='grc' dir='ltr'>εἶναι</span> 
     </span>
    </p>
   </div>
   <div class='ocr_carea' id='block_1_44' title="bbox 333 4146 2011 4227">
    <p class='ocr_par' dir='ltr' id='par_1_44' title="bbox 333 4146 2011 4227">
     <span class='ocr_line' id='line_1_44' title="bbox 333 4146 2011 4227; baseline 0.005 -26"><span class='ocrx_word' id='word_1_335' title='bbox 333 4146 653 4218; x_wconf 83' lang='grc' dir='ltr'>ἀνθρώπους</span> <span class='ocrx_word' id='word_1_336' title='bbox 713 4147 839 4210; x_wconf 86' lang='grc' dir='ltr'>τοὺς</span> <span class='ocrx_word' id='word_1_337' title='bbox 911 4146 1253 4219; x_wconf 87' lang='grc' dir='ltr'>ἀνθρώπους.</span> <span class='ocrx_word' id='word_1_338' title='bbox 1312 4150 1545 4220; x_wconf 86' lang='grc' dir='ltr'>Ποίησον</span> <span class='ocrx_word' id='word_1_339' title='bbox 1608 4152 1701 4206; x_wconf 89' lang='grc' dir='ltr'>τὸν</span> <span class='ocrx_word' id='word_1_340' title='bbox 1768 4154 2011 4227; x_wconf 85' lang='grc' dir='ltr'>Ἕλληνα</span> 
     </span>
    </p>
   </div>
   <div class='ocr_carea' id='block_1_45' title="bbox 334 4234 2008 4312">
    <p class='ocr_par' dir='ltr' id='par_1_45' title="bbox 334 4234 2008 4312">
     <span class='ocr_line' id='line_1_45' title="bbox 334 4234 2008 4312; baseline 0.005 -24"><span class='ocrx_word' id='word_1_341' title='bbox 334 4235 643 4298; x_wconf 81' lang='grc' dir='ltr'>πιστεῦσαι,</span> <span class='ocrx_word' id='word_1_342' title='bbox 679 4234 761 4289; x_wconf 78' lang='grc' dir='ltr'>ὅτι</span> <span class='ocrx_word' id='word_1_343' title='bbox 812 4234 1019 4305; x_wconf 86' lang='grc' dir='ltr'>μεγάλη</span> <span class='ocrx_word' id='word_1_344' title='bbox 1070 4236 1162 4289; x_wconf 90' lang='grc' dir='ltr'>τοῦ</span> <span class='ocrx_word' id='word_1_345' title='bbox 1195 4237 1511 4308; x_wconf 87' lang='grc' dir='ltr'>Πνεύματος</span> <span class='ocrx_word' id='word_1_346' title='bbox 1564 4240 1878 4312; x_wconf 82' lang='grc' dir='ltr'>ήδύναμις,</span> <span class='ocrx_word' id='word_1_347' title='bbox 1925 4245 2008 4298; x_wconf 76' lang='grc' dir='ltr'>ὅτι</span> 
     </span>
    </p>
   </div>
   <div class='ocr_carea' id='block_1_46' title="bbox 334 4322 2007 4399">
    <p class='ocr_par' dir='ltr' id='par_1_46' title="bbox 334 4322 2007 4399">
     <span class='ocr_line' id='line_1_46' title="bbox 334 4322 2007 4399; baseline 0.005 -23"><span class='ocrx_word' id='word_1_348' title='bbox 334 4322 694 4395; x_wconf 88' lang='grc' dir='ltr'>μετέπλασεν,</span> <span class='ocrx_word' id='word_1_349' title='bbox 729 4322 811 4375; x_wconf 83' lang='grc' dir='ltr'>ὅτι</span> <span class='ocrx_word' id='word_1_350' title='bbox 871 4322 1293 4395; x_wconf 76' lang='grc' dir='ltr'>μετεῤῥύθμισε.</span> <span class='ocrx_word' id='word_1_351' title='bbox 1355 4325 1420 4378; x_wconf 90' lang='grc' dir='ltr'>Τί</span> <span class='ocrx_word' id='word_1_352' title='bbox 1455 4325 1555 4391; x_wconf 85' lang='grc' dir='ltr'>τὰς</span> <span class='ocrx_word' id='word_1_353' title='bbox 1583 4328 1819 4399; x_wconf 78' lang='grc' dir='ltr'>ἐσχάτας</span> <span class='ocrx_word' id='word_1_354' title='bbox 1873 4331 2007 4384; x_wconf 83' lang='grc' dir='ltr'>ἀνα-</span> 
     </span>
    </p>
   </div>
   <div class='ocr_carea' id='block_1_47' title="bbox 333 4407 2010 4488">
    <p class='ocr_par' dir='ltr' id='par_1_47' title="bbox 333 4407 2010 4488">
     <span class='ocr_line' id='line_1_47' title="bbox 333 4407 2010 4488; baseline 0.008 -27"><span class='ocrx_word' id='word_1_355' title='bbox 333 4413 502 4472; x_wconf 65' lang='grc' dir='ltr'>πνοὰς</span> <span class='ocrx_word' id='word_1_356' title='bbox 553 4407 867 4479; x_wconf 83' lang='grc' dir='ltr'>ἀναμένεις.</span> <span class='ocrx_word' id='word_1_357' title='bbox 900 4409 976 4471; x_wconf 85' lang='grc' dir='ltr'>ὡς</span> <span class='ocrx_word' id='word_1_358' title='bbox 1003 4409 1300 4481; x_wconf 87' lang='grc' dir='ltr'>δραπέτης,</span> <span class='ocrx_word' id='word_1_359' title='bbox 1334 4413 1410 4477; x_wconf 85' lang='grc' dir='ltr'>ὡς</span> <span class='ocrx_word' id='word_1_360' title='bbox 1438 4414 1767 4488; x_wconf 81' lang='grc' dir='ltr'>κακοῦργος,</span> <span class='ocrx_word' id='word_1_361' title='bbox 1793 4418 1870 4482; x_wconf 83' lang='grc' dir='ltr'>ὡς</span> <span class='ocrx_word' id='word_1_362' title='bbox 1907 4420 2010 4475; x_wconf 84' lang='grc' dir='ltr'>οὐκ</span> 
     </span>
    </p>
   </div>
   <div class='ocr_carea' id='block_1_48' title="bbox 331 4492 2010 4575">
    <p class='ocr_par' dir='ltr' id='par_1_48' title="bbox 331 4492 2010 4575">
     <span class='ocr_line' id='line_1_48' title="bbox 331 4492 2010 4575; baseline 0.007 -26"><span class='ocrx_word' id='word_1_363' title='bbox 331 4495 561 4561; x_wconf 74' lang='grc' dir='ltr'>ὀφείὶων</span> <span class='ocrx_word' id='word_1_364' title='bbox 610 4492 687 4562; x_wconf 85' lang='grc' dir='ltr'>τῷ</span> <span class='ocrx_word' id='word_1_365' title='bbox 725 4492 846 4561; x_wconf 86' lang='grc' dir='ltr'>Θεῷ</span> <span class='ocrx_word' id='word_1_366' title='bbox 893 4495 1090 4564; x_wconf 74' lang='grc' dir='ltr'>ς’ήσαις</span> <span class='ocrx_word' id='word_1_367' title='bbox 1144 4496 1197 4550; x_wconf 88' lang='grc' dir='ltr'>τί</span> <span class='ocrx_word' id='word_1_368' title='bbox 1228 4498 1304 4563; x_wconf 87' lang='grc' dir='ltr'>ώς</span> <span class='ocrx_word' id='word_1_369' title='bbox 1335 4500 1471 4572; x_wconf 91' lang='grc' dir='ltr'>πρὸς</span> <span class='ocrx_word' id='word_1_370' title='bbox 1499 4503 1683 4575; x_wconf 77' lang='grc' dir='ltr'>ἀπηνῆ</span> <span class='ocrx_word' id='word_1_371' title='bbox 1734 4522 1856 4560; x_wconf 86' lang='grc' dir='ltr'>τινα</span> <span class='ocrx_word' id='word_1_372' title='bbox 1913 4507 2010 4562; x_wconf 73' lang='grc' dir='ltr'>καὶ</span> 
     </span>
    </p>
   </div>
   <div class='ocr_carea' id='block_1_49' title="bbox 329 4580 2009 4667">
    <p class='ocr_par' dir='ltr' id='par_1_49' title="bbox 329 4580 2009 4667">
     <span class='ocr_line' id='line_1_49' title="bbox 329 4580 2009 4667; baseline 0.01 -34"><span class='ocrx_word' id='word_1_373' title='bbox 329 4580 480 4651; x_wconf 83' lang='grc' dir='ltr'>ὠμὸν</span> <span class='ocrx_word' id='word_1_374' title='bbox 507 4581 645 4650; x_wconf 75' lang='grc' dir='ltr'>ἔχων</span> <span class='ocrx_word' id='word_1_375' title='bbox 682 4582 958 4653; x_wconf 80' lang='grc' dir='ltr'>Δεσπότην</span> <span class='ocrx_word' id='word_1_376' title='bbox 990 4582 1133 4637; x_wconf 80' lang='grc' dir='ltr'>οὕτω</span> <span class='ocrx_word' id='word_1_377' title='bbox 1159 4586 1466 4656; x_wconf 85' lang='grc' dir='ltr'>διάκεισαι;</span> <span class='ocrx_word' id='word_1_378' title='bbox 1498 4590 1550 4643; x_wconf 91' lang='grc' dir='ltr'>τί</span> <span class='ocrx_word' id='word_1_379' title='bbox 1571 4590 1925 4667; x_wconf 77' lang='grc' dir='ltr'>ψυχρότερον,</span> <span class='ocrx_word' id='word_1_380' title='bbox 1955 4594 2009 4649; x_wconf 89' lang='grc' dir='ltr'>τί</span> 
     </span>
    </p>
   </div>
   <div class='ocr_carea' id='block_1_50' title="bbox 329 4667 2009 4753">
    <p class='ocr_par' dir='ltr' id='par_1_50' title="bbox 329 4667 2009 4753">
     <span class='ocr_line' id='line_1_50' title="bbox 329 4667 2009 4753; baseline 0.009 -31"><span class='ocrx_word' id='word_1_381' title='bbox 329 4667 804 4740; x_wconf 86' lang='grc' dir='ltr'>ταλαιπωρότερον</span> <span class='ocrx_word' id='word_1_382' title='bbox 835 4671 942 4723; x_wconf 89' lang='grc' dir='ltr'>τῶν</span> <span class='ocrx_word' id='word_1_383' title='bbox 970 4673 1092 4726; x_wconf 88' lang='grc' dir='ltr'>τότε</span> <span class='ocrx_word' id='word_1_384' title='bbox 1129 4674 1398 4731; x_wconf 89' lang='grc' dir='ltr'>λαϐόντων</span> <span class='ocrx_word' id='word_1_385' title='bbox 1419 4679 1480 4733; x_wconf 90' lang='grc' dir='ltr'>τὸ</span> <span class='ocrx_word' id='word_1_386' title='bbox 1512 4678 1807 4753; x_wconf 87' lang='grc' dir='ltr'>φώτισμα;</span> <span class='ocrx_word' id='word_1_387' title='bbox 1852 4682 2009 4738; x_wconf 82' lang='grc' dir='ltr'>Φίλον</span> 
     </span>
    </p>
   </div>
   <div class='ocr_carea' id='block_1_51' title="bbox 337 4753 2007 4839">
    <p class='ocr_par' dir='ltr' id='par_1_51' title="bbox 337 4753 2007 4839">
     <span class='ocr_line' id='line_1_51' title="bbox 337 4753 2007 4839; baseline 0.014 -37"><span class='ocrx_word' id='word_1_388' title='bbox 337 4767 396 4839; x_wconf 79' lang='grc' dir='ltr'>σε</span> <span class='ocrx_word' id='word_1_389' title='bbox 421 4753 678 4825; x_wconf 70' lang='grc' dir='ltr'>ἐποίησεν</span> <span class='ocrx_word' id='word_1_390' title='bbox 727 4758 756 4808; x_wconf 90' lang='lat'>6</span> <span class='ocrx_word' id='word_1_391' title='bbox 796 4756 948 4821; x_wconf 82' lang='grc' dir='ltr'>Θεὸς,</span> <span class='ocrx_word' id='word_1_392' title='bbox 987 4759 1082 4812; x_wconf 78' lang='grc' dir='ltr'>καὶ</span> <span class='ocrx_word' id='word_1_393' title='bbox 1119 4761 1337 4816; x_wconf 89' lang='grc' dir='ltr'>πάντων</span> <span class='ocrx_word' id='word_1_394' title='bbox 1368 4763 1567 4832; x_wconf 79' lang='grc' dir='ltr'>ἠξίωσε</span> <span class='ocrx_word' id='word_1_395' title='bbox 1595 4766 1705 4820; x_wconf 88' lang='grc' dir='ltr'>τῶν</span> <span class='ocrx_word' id='word_1_396' title='bbox 1763 4769 2007 4839; x_wconf 86' lang='grc' dir='ltr'>ἀγαθῶν,</span> 
     </span>
    </p>
   </div>
   <div class='ocr_carea' id='block_1_52' title="bbox 337 4838 2009 4929">
    <p class='ocr_par' dir='ltr' id='par_1_52' title="bbox 337 4838 2009 4929">
     <span class='ocr_line' id='line_1_52' title="bbox 337 4838 2009 4929; baseline 0.013 -37"><span class='ocrx_word' id='word_1_397' title='bbox 337 4838 425 4929; x_wconf 75' lang='grc' dir='ltr'>ἵνα</span> <span class='ocrx_word' id='word_1_398' title='bbox 448 4841 734 4929; x_wconf 72' lang='grc' dir='ltr'>καὶαύτὸς</span> <span class='ocrx_word' id='word_1_399' title='bbox 767 4845 1009 4918; x_wconf 78' lang='grc' dir='ltr'>ἐπιδείξῃ</span> <span class='ocrx_word' id='word_1_400' title='bbox 1047 4846 1116 4902; x_wconf 81' lang='grc' dir='ltr'>τὰ</span> <span class='ocrx_word' id='word_1_401' title='bbox 1153 4848 1248 4902; x_wconf 86' lang='grc' dir='ltr'>τοῦ</span> <span class='ocrx_word' id='word_1_402' title='bbox 1291 4850 1468 4920; x_wconf 82' lang='grc' dir='ltr'>φίλου.</span> <span class='ocrx_word' id='word_1_403' title='bbox 1511 4854 1644 4908; x_wconf 78' lang='grc' dir='ltr'><strong>Εἰπὲ</strong></span> <span class='ocrx_word' id='word_1_404' title='bbox 1693 4855 1759 4929; x_wconf 82' lang='grc' dir='ltr'>δή</span> <span class='ocrx_word' id='word_1_405' title='bbox 1801 4838 1913 4928; x_wconf 84' lang='grc' dir='ltr'>μοι,</span> <span class='ocrx_word' id='word_1_406' title='bbox 1959 4860 2009 4914; x_wconf 85' lang='grc' dir='ltr'>ει</span> 
     </span>
    </p>
   </div>
   <div class='ocr_carea' id='block_1_53' title="bbox 332 4927 2010 5017">
    <p class='ocr_par' dir='ltr' id='par_1_53' title="bbox 332 4927 2010 5017">
     <span class='ocr_line' id='line_1_53' title="bbox 332 4927 2010 5017; baseline 0.013 -38"><span class='ocrx_word' id='word_1_407' title='bbox 332 4927 404 5017; x_wconf 77' lang='grc' dir='ltr'>τά</span> <span class='ocrx_word' id='word_1_408' title='bbox 436 4928 647 5017; x_wconf 86' lang='grc' dir='ltr'>μεγάλα</span> <span class='ocrx_word' id='word_1_409' title='bbox 674 4930 936 5001; x_wconf 74' lang='grc' dir='ltr'>ἠδίκησας</span> <span class='ocrx_word' id='word_1_410' title='bbox 966 4935 1045 4997; x_wconf 85' lang='grc' dir='ltr'>είς</span> <span class='ocrx_word' id='word_1_411' title='bbox 1067 4950 1185 4988; x_wconf 86' lang='grc' dir='ltr'>τινα</span> <span class='ocrx_word' id='word_1_412' title='bbox 1213 4938 1306 4991; x_wconf 83' lang='grc' dir='ltr'>καὶ</span> <span class='ocrx_word' id='word_1_413' title='bbox 1362 4936 1611 5011; x_wconf 78' lang='grc' dir='ltr'>ὕϐρισας,</span> <span class='ocrx_word' id='word_1_414' title='bbox 1652 4927 1755 4997; x_wconf 68' lang='grc' dir='ltr'>καῖ</span> <span class='ocrx_word' id='word_1_415' title='bbox 1795 4927 2010 5017; x_wconf 84' lang='grc' dir='ltr'>μυρίοις</span> 
     </span>
    </p>
   </div>
   <div class='ocr_carea' id='block_1_54' title="bbox 334 5016 2008 5099">
    <p class='ocr_par' dir='ltr' id='par_1_54' title="bbox 334 5016 2008 5099">
     <span class='ocr_line' id='line_1_54' title="bbox 334 5016 2008 5099; baseline 0.011 -30"><span class='ocrx_word' id='word_1_416' title='bbox 334 5016 497 5070; x_wconf 89' lang='grc' dir='ltr'>αὐτὸν</span> <span class='ocrx_word' id='word_1_417' title='bbox 521 5016 745 5071; x_wconf 81' lang='grc' dir='ltr'>ὀνείδεσι</span> <span class='ocrx_word' id='word_1_418' title='bbox 770 5019 1098 5091; x_wconf 85' lang='grc' dir='ltr'>περιϐαλὼν,</span> <span class='ocrx_word' id='word_1_419' title='bbox 1139 5025 1219 5087; x_wconf 86' lang='grc' dir='ltr'>είς</span> <span class='ocrx_word' id='word_1_420' title='bbox 1251 5025 1349 5088; x_wconf 82' lang='grc' dir='ltr'>τὰς</span> <span class='ocrx_word' id='word_1_421' title='bbox 1380 5030 1569 5099; x_wconf 87' lang='grc' dir='ltr'>χεῖρας</span> <span class='ocrx_word' id='word_1_422' title='bbox 1606 5016 1879 5095; x_wconf 88' lang='grc' dir='ltr'>ἐνέπεσες</span> <span class='ocrx_word' id='word_1_423' title='bbox 1913 5032 2008 5087; x_wconf 90' lang='grc' dir='ltr'>τοῦ</span> 
     </span>
    </p>
   </div>
   <div class='ocr_carea' id='block_1_55' title="bbox 333 5101 2008 5183">
    <p class='ocr_par' dir='ltr' id='par_1_55' title="bbox 333 5101 2008 5183">
     <span class='ocr_line' id='line_1_55' title="bbox 333 5101 2008 5183; baseline 0.01 -27"><span class='ocrx_word' id='word_1_424' title='bbox 333 5101 704 5175; x_wconf 80' lang='grc' dir='ltr'>ὑϐρισθέντος,</span> <span class='ocrx_word' id='word_1_425' title='bbox 737 5105 766 5157; x_wconf 92' lang='lat'>6</span> <span class='ocrx_word' id='word_1_426' title='bbox 800 5105 856 5158; x_wconf 83' lang='grc' dir='ltr'>δὲ</span> <span class='ocrx_word' id='word_1_427' title='bbox 883 5105 1005 5160; x_wconf 77' lang='grc' dir='ltr'>ἀντὶ</span> <span class='ocrx_word' id='word_1_428' title='bbox 1036 5107 1242 5162; x_wconf 87' lang='grc' dir='ltr'>τούτων</span> <span class='ocrx_word' id='word_1_429' title='bbox 1270 5112 1519 5183; x_wconf 88' lang='grc' dir='ltr'>ἐτίμησε,</span> <span class='ocrx_word' id='word_1_430' title='bbox 1549 5115 1643 5169; x_wconf 79' lang='grc' dir='ltr'>καὶ</span> <span class='ocrx_word' id='word_1_431' title='bbox 1694 5116 1803 5171; x_wconf 86' lang='grc' dir='ltr'>τῶν</span> <span class='ocrx_word' id='word_1_432' title='bbox 1841 5119 2008 5173; x_wconf 87' lang='grc' dir='ltr'>αὐτοῦ</span> 
     </span>
    </p>
   </div>
   <div class='ocr_carea' id='block_1_56' title="bbox 337 5189 2008 5279">
    <p class='ocr_par' dir='ltr' id='par_1_56' title="bbox 337 5189 2008 5279">
     <span class='ocr_line' id='line_1_56' title="bbox 337 5189 2008 5279; baseline 0.013 -39"><span class='ocrx_word' id='word_1_433' title='bbox 337 5189 635 5279; x_wconf 79' lang='grc' dir='ltr'>μετέδωκεν</span> <span class='ocrx_word' id='word_1_434' title='bbox 665 5190 939 5261; x_wconf 85' lang='grc' dir='ltr'>ἁπάντων,</span> <span class='ocrx_word' id='word_1_435' title='bbox 970 5196 1063 5249; x_wconf 77' lang='grc' dir='ltr'>καὶ</span> <span class='ocrx_word' id='word_1_436' title='bbox 1094 5197 1153 5250; x_wconf 91' lang='grc' dir='ltr'>ἐν</span> <span class='ocrx_word' id='word_1_437' title='bbox 1184 5199 1295 5262; x_wconf 88' lang='grc' dir='ltr'>τοῖς</span> <span class='ocrx_word' id='word_1_438' title='bbox 1320 5199 1495 5267; x_wconf 81' lang='grc' dir='ltr'>φίλοις</span> <span class='ocrx_word' id='word_1_439' title='bbox 1529 5203 1615 5272; x_wconf 89' lang='grc' dir='ltr'>ἐφ’</span> <span class='ocrx_word' id='word_1_440' title='bbox 1644 5197 1720 5258; x_wconf 82' lang='grc' dir='ltr'>ὧν</span> <span class='ocrx_word' id='word_1_441' title='bbox 1752 5204 2008 5279; x_wconf 81' lang='grc' dir='ltr'>ὑϐρίσθη,</span> 
     </span>
    </p>
   </div>
   <div class='ocr_carea' id='block_1_57' title="bbox 330 5276 2006 5365">
    <p class='ocr_par' dir='ltr' id='par_1_57' title="bbox 330 5276 2006 5365">
     <span class='ocr_line' id='line_1_57' title="bbox 330 5276 2006 5365; baseline 0.013 -38"><span class='ocrx_word' id='word_1_442' title='bbox 330 5276 425 5328; x_wconf 77' lang='grc' dir='ltr'>ἐπὶ</span> <span class='ocrx_word' id='word_1_443' title='bbox 448 5276 677 5365; x_wconf 21' lang='grc' dir='ltr'>τούτωνᾲ</span> <span class='ocrx_word' id='word_1_444' title='bbox 693 5295 752 5332; x_wconf 91' lang='grc' dir='ltr'>σε</span> <span class='ocrx_word' id='word_1_445' title='bbox 780 5279 1145 5352; x_wconf 88' lang='grc' dir='ltr'>ἐστεφάνωσε,</span> <span class='ocrx_word' id='word_1_446' title='bbox 1187 5286 1281 5339; x_wconf 79' lang='grc' dir='ltr'>καὶ</span> <span class='ocrx_word' id='word_1_447' title='bbox 1310 5287 1510 5359; x_wconf 73' lang='grc' dir='ltr'>ἔφησεν</span> <span class='ocrx_word' id='word_1_448' title='bbox 1563 5291 1640 5355; x_wconf 84' lang='grc' dir='ltr'>ὡς</span> <span class='ocrx_word' id='word_1_449' title='bbox 1686 5292 1801 5346; x_wconf 85' lang='grc' dir='ltr'>υίὸν</span> <span class='ocrx_word' id='word_1_450' title='bbox 1824 5276 1835 5279; x_wconf 23' lang='grc' dir='ltr'><strong>τ</strong></span> <span class='ocrx_word' id='word_1_451' title='bbox 1859 5293 2006 5365; x_wconf 76' lang='grc' dir='ltr'>ἔχειν</span> 
     </span>
    </p>
   </div>
   <div class='ocr_carea' id='block_1_58' title="bbox 329 5361 2009 5451">
    <p class='ocr_par' dir='ltr' id='par_1_58' title="bbox 329 5361 2009 5451">
     <span class='ocr_line' id='line_1_58' title="bbox 329 5361 2009 5451; baseline 0.012 -35"><span class='ocrx_word' id='word_1_452' title='bbox 329 5364 573 5436; x_wconf 85' lang='grc' dir='ltr'>γνήσιον,</span> <span class='ocrx_word' id='word_1_453' title='bbox 626 5361 745 5421; x_wconf 78' lang='grc' dir='ltr'>εἶτα</span> <span class='ocrx_word' id='word_1_454' title='bbox 798 5368 1000 5434; x_wconf 86' lang='grc' dir='ltr'>εὐθέως</span> <span class='ocrx_word' id='word_1_455' title='bbox 1057 5371 1362 5427; x_wconf 83' lang='grc' dir='ltr'>ἀπέθανεν’</span> <span class='ocrx_word' id='word_1_456' title='bbox 1410 5376 1509 5429; x_wconf 86' lang='grc' dir='ltr'>οὐκ</span> <span class='ocrx_word' id='word_1_457' title='bbox 1570 5379 1637 5431; x_wconf 87' lang='grc' dir='ltr'>ἂν</span> <span class='ocrx_word' id='word_1_458' title='bbox 1687 5361 1921 5451; x_wconf 28' lang='grc' dir='ltr'>ζημίαν-ν</span> <span class='ocrx_word' id='word_1_459' title='bbox 1949 5384 2009 5435; x_wconf 91' lang='grc' dir='ltr'>τὸ</span> 
     </span>
    </p>
   </div>
   <div class='ocr_carea' id='block_1_59' title="bbox 330 5454 2010 5537">
    <p class='ocr_par' dir='ltr' id='par_1_59' title="bbox 330 5454 2010 5537">
     <span class='ocr_line' id='line_1_59' title="bbox 330 5454 2010 5537; baseline 0.012 -34"><span class='ocrx_word' id='word_1_460' title='bbox 330 5454 564 5523; x_wconf 86' lang='grc' dir='ltr'>πρᾶγμα</span> <span class='ocrx_word' id='word_1_461' title='bbox 613 5455 907 5526; x_wconf 87' lang='grc' dir='ltr'>ἐνόμισας;</span> <span class='ocrx_word' id='word_1_462' title='bbox 947 5458 1048 5511; x_wconf 88' lang='grc' dir='ltr'>οὐκ</span> <span class='ocrx_word' id='word_1_463' title='bbox 1102 5458 1169 5513; x_wconf 81' lang='grc' dir='ltr'>ἂν</span> <span class='ocrx_word' id='word_1_464' title='bbox 1228 5455 1404 5525; x_wconf 63' lang='grc' dir='ltr'>εἶπες</span> <span class='ocrx_word' id='word_1_465' title='bbox 1476 5463 1808 5537; x_wconf 84' lang='grc' dir='ltr'>Ἐϐουλόμην</span> <span class='ocrx_word' id='word_1_466' title='bbox 1846 5468 2010 5523; x_wconf 87' lang='grc' dir='ltr'>αὐτὸν</span> 
     </span>
    </p>
   </div>
   <div class='ocr_carea' id='block_1_60' title="bbox 329 5537 2009 5624">
    <p class='ocr_par' dir='ltr' id='par_1_60' title="bbox 329 5537 2009 5624">
     <span class='ocr_line' id='line_1_60' title="bbox 329 5537 2009 5624; baseline 0.011 -32"><span class='ocrx_word' id='word_1_467' title='bbox 329 5537 509 5602; x_wconf 79' lang='grc' dir='ltr'>ζῶντα</span> <span class='ocrx_word' id='word_1_468' title='bbox 537 5538 697 5607; x_wconf 77' lang='grc' dir='ltr'>εἶναι,</span> <span class='ocrx_word' id='word_1_469' title='bbox 731 5543 819 5597; x_wconf 83' lang='grc' dir='ltr'>ἴνα</span> <span class='ocrx_word' id='word_1_470' title='bbox 874 5544 1094 5617; x_wconf 88' lang='grc' dir='ltr'>δυνηθῶ</span> <span class='ocrx_word' id='word_1_471' title='bbox 1149 5548 1442 5603; x_wconf 82' lang='grc' dir='ltr'>ἀποδοῦναι</span> <span class='ocrx_word' id='word_1_472' title='bbox 1496 5552 1593 5617; x_wconf 78' lang='grc' dir='ltr'>τὰς</span> <span class='ocrx_word' id='word_1_473' title='bbox 1633 5554 1888 5624; x_wconf 78' lang='grc' dir='ltr'>ἀμοιϐάς,</span> <span class='ocrx_word' id='word_1_474' title='bbox 1923 5557 2009 5612; x_wconf 87' lang='grc' dir='ltr'>ἴνα</span> 
     </span>
    </p>
   </div>
   <div class='ocr_carea' id='block_1_61' title="bbox 333 5626 2005 5715">
    <p class='ocr_par' dir='ltr' id='par_1_61' title="bbox 333 5626 2005 5715">
     <span class='ocr_line' id='line_1_61' title="bbox 333 5626 2005 5715; baseline 0.012 -37"><span class='ocrx_word' id='word_1_475' title='bbox 333 5626 670 5715; x_wconf 57' lang='grc' dir='ltr'>ἀμείψωμαι,</span> <span class='ocrx_word' id='word_1_476' title='bbox 725 5632 811 5685; x_wconf 83' lang='grc' dir='ltr'>ἵνα</span> <span class='ocrx_word' id='word_1_477' title='bbox 850 5632 925 5705; x_wconf 84' lang='grc' dir='ltr'>μὴ</span> <span class='ocrx_word' id='word_1_478' title='bbox 953 5634 1125 5698; x_wconf 87' lang='grc' dir='ltr'>κακὸς</span> <span class='ocrx_word' id='word_1_479' title='bbox 1163 5636 1316 5703; x_wconf 83' lang='grc' dir='ltr'>φανῶ</span> <span class='ocrx_word' id='word_1_480' title='bbox 1350 5639 1478 5710; x_wconf 76' lang='grc' dir='ltr'>περὶ</span> <span class='ocrx_word' id='word_1_481' title='bbox 1530 5640 1622 5693; x_wconf 86' lang='grc' dir='ltr'>τὸν</span> <span class='ocrx_word' id='word_1_482' title='bbox 1674 5641 2005 5715; x_wconf 84' lang='grc' dir='ltr'>εὐεργέτην;</span> 
     </span>
    </p>
   </div>
   <div class='ocr_carea' id='block_1_62' title="bbox 329 5710 2006 5792">
    <p class='ocr_par' dir='ltr' id='par_1_62' title="bbox 329 5710 2006 5792">
     <span class='ocr_line' id='line_1_62' title="bbox 329 5710 2006 5792; baseline 0.012 -26"><span class='ocrx_word' id='word_1_483' title='bbox 329 5710 463 5768; x_wconf 83' lang='grc' dir='ltr'>Εῐτα</span> <span class='ocrx_word' id='word_1_484' title='bbox 493 5717 579 5768; x_wconf 76' lang='grc' dir='ltr'>ἐπ’</span> <span class='ocrx_word' id='word_1_485' title='bbox 611 5718 899 5789; x_wconf 90' lang='grc' dir='ltr'>ἀνθρώπου</span> <span class='ocrx_word' id='word_1_486' title='bbox 941 5722 1039 5792; x_wconf 80' lang='grc' dir='ltr'>μὲν</span> <span class='ocrx_word' id='word_1_487' title='bbox 1069 5721 1243 5788; x_wconf 79' lang='grc' dir='ltr'>οὓτως</span> <span class='ocrx_word' id='word_1_488' title='bbox 1265 5740 1281 5757; x_wconf 69' lang='grc' dir='ltr'>ι</span> <span class='ocrx_word' id='word_1_489' title='bbox 1333 5726 1423 5778; x_wconf 76' lang='grc' dir='ltr'>ἐπὶ</span> <span class='ocrx_word' id='word_1_490' title='bbox 1449 5726 1506 5781; x_wconf 84' lang='grc' dir='ltr'>δέ</span> <span class='ocrx_word' id='word_1_491' title='bbox 1536 5727 1631 5781; x_wconf 88' lang='grc' dir='ltr'>τοῦ</span> <span class='ocrx_word' id='word_1_492' title='bbox 1664 5710 1799 5783; x_wconf 89' lang='grc' dir='ltr'>Θεοῦ</span> <span class='ocrx_word' id='word_1_493' title='bbox 1818 5710 2006 5786; x_wconf 7' lang='grc' dir='ltr'>ἀσπουέ</span> 
     </span>
    </p>
   </div>
   <div class='ocr_carea' id='block_1_63' title="bbox 328 5800 2008 5889">
    <p class='ocr_par' dir='ltr' id='par_1_63' title="bbox 328 5800 2008 5889">
     <span class='ocr_line' id='line_1_63' title="bbox 328 5800 2008 5889; baseline 0.013 -35"><span class='ocrx_word' id='word_1_494' title='bbox 328 5800 511 5867; x_wconf 79' lang='grc' dir='ltr'>δάζεις</span> <span class='ocrx_word' id='word_1_495' title='bbox 543 5805 818 5872; x_wconf 85' lang='grc' dir='ltr'>ἀπελθεῖν,</span> <span class='ocrx_word' id='word_1_496' title='bbox 868 5809 955 5862; x_wconf 83' lang='grc' dir='ltr'>ἴνα</span> <span class='ocrx_word' id='word_1_497' title='bbox 1017 5810 1092 5882; x_wconf 82' lang='grc' dir='ltr'>μὴ</span> <span class='ocrx_word' id='word_1_498' title='bbox 1138 5813 1344 5884; x_wconf 68' lang='grc' dir='ltr'>ἀμείψῃ</span> <span class='ocrx_word' id='word_1_499' title='bbox 1396 5813 1487 5867; x_wconf 91' lang='grc' dir='ltr'>τὸν</span> <span class='ocrx_word' id='word_1_500' title='bbox 1543 5816 1840 5889; x_wconf 79' lang='grc' dir='ltr'>εὐεργέτην</span> <span class='ocrx_word' id='word_1_501' title='bbox 1897 5821 2008 5875; x_wconf 89' lang='grc' dir='ltr'>τῶν</span> 
     </span>
    </p>
   </div>
   <div class='ocr_carea' id='block_1_64' title="bbox 329 5889 2009 5971">
    <p class='ocr_par' dir='ltr' id='par_1_64' title="bbox 329 5889 2009 5971">
     <span class='ocr_line' id='line_1_64' title="bbox 329 5889 2009 5971; baseline 0.012 -29"><span class='ocrx_word' id='word_1_502' title='bbox 329 5889 600 5944; x_wconf 84' lang='grc' dir='ltr'>τοσούτων</span> <span class='ocrx_word' id='word_1_503' title='bbox 627 5892 881 5964; x_wconf 88' lang='grc' dir='ltr'>δωρεῶν;</span> <span class='ocrx_word' id='word_1_504' title='bbox 936 5898 1045 5949; x_wconf 72' lang='grc' dir='ltr'>Καὶ</span> <span class='ocrx_word' id='word_1_505' title='bbox 1080 5899 1188 5969; x_wconf 81' lang='grc' dir='ltr'>μὴν</span> <span class='ocrx_word' id='word_1_506' title='bbox 1220 5901 1341 5953; x_wconf 90' lang='grc' dir='ltr'>τότε</span> <span class='ocrx_word' id='word_1_507' title='bbox 1376 5900 1661 5971; x_wconf 81' lang='grc' dir='ltr'>πρόσελθε,</span> <span class='ocrx_word' id='word_1_508' title='bbox 1712 5906 1800 5959; x_wconf 76' lang='grc' dir='ltr'>ὅτε</span> <span class='ocrx_word' id='word_1_509' title='bbox 1844 5908 2009 5963; x_wconf 83' lang='grc' dir='ltr'>αὐτὸν</span> 
     </span>
    </p>
   </div>
   <div class='ocr_carea' id='block_1_65' title="bbox 393 5977 1268 6042">
    <p class='ocr_par' dir='ltr' id='par_1_65' title="bbox 393 5977 1268 6042">
     <span class='ocr_line' id='line_1_65' title="bbox 393 5977 1268 6042; baseline 0.008 -16"><span class='ocrx_word' id='word_1_510' title='bbox 393 5977 418 6007; x_wconf 81' lang='grc'><strong><em>⁸</em></strong></span> <span class='ocrx_word' id='word_1_511' title='bbox 482 5977 619 6027; x_wconf 79' lang='lat' dir='ltr'>Unus</span> <span class='ocrx_word' id='word_1_512' title='bbox 657 5979 843 6029; x_wconf 81' lang='lat' dir='ltr'>omiull</span> <span class='ocrx_word' id='word_1_513' title='bbox 866 5983 1069 6042; x_wconf 85' lang='grc' dir='ltr'>μηδέν...</span> <span class='ocrx_word' id='word_1_514' title='bbox 1101 5986 1268 6033; x_wconf 87' lang='grc' dir='ltr'>ποιῶν.</span> 
     </span>
    </p>
   </div>
   <div class='ocr_carea' id='block_1_66' title="bbox 1106 368 2958 432">
    <p class='ocr_par' dir='ltr' id='par_1_66' title="bbox 1106 368 2958 432">
     <span class='ocr_line' id='line_1_66' title="bbox 1106 368 2958 432; baseline 0 -1"><span class='ocrx_word' id='word_1_515' title='bbox 1106 376 1164 431; x_wconf 89' lang='lat' dir='ltr'><strong>S.</strong></span> <span class='ocrx_word' id='word_1_516' title='bbox 1200 374 1490 432; x_wconf 78' lang='lat' dir='ltr'>JOANNIS</span> <span class='ocrx_word' id='word_1_517' title='bbox 1525 369 2017 432; x_wconf 77' lang='lat' dir='ltr'>CHRYSOSTOMI</span> <span class='ocrx_word' id='word_1_518' title='bbox 2058 368 2377 426; x_wconf 79' lang='lat' dir='ltr'>ARCIIIEP.</span> <span class='ocrx_word' id='word_1_519' title='bbox 2418 371 2958 431; x_wconf 79' lang='lat' dir='ltr'>CONSTANTINOP.</span> 
     </span>
    </p>
   </div>
   <div class='ocr_carea' id='block_1_67' title="bbox 3676 376 3779 430">
    <p class='ocr_par' dir='ltr' id='par_1_67' title="bbox 3676 376 3779 430">
     <span class='ocr_line' id='line_1_67' title="bbox 3676 376 3779 430; baseline 0 0"><span class='ocrx_word' id='word_1_520' title='bbox 3676 376 3779 430; x_wconf 69' lang='lat'>183</span> 
     </span>
    </p>
   </div>
   <div class='ocr_carea' id='block_1_68' title="bbox 2097 483 3782 557">
    <p class='ocr_par' dir='ltr' id='par_1_68' title="bbox 2097 483 3782 557">
     <span class='ocr_line' id='line_1_68' title="bbox 2097 483 3782 557; baseline 0.001 -21"><span class='ocrx_word' id='word_1_521' title='bbox 2097 483 2324 538; x_wconf 86' lang='grc' dir='ltr'>δύνασαι</span> <span class='ocrx_word' id='word_1_522' title='bbox 2374 489 2489 551; x_wconf 88' lang='grc' dir='ltr'>τοῖς</span> <span class='ocrx_word' id='word_1_523' title='bbox 2520 486 2657 549; x_wconf 83' lang='grc' dir='ltr'>ἴσοις</span> <span class='ocrx_word' id='word_1_524' title='bbox 2689 486 3043 557; x_wconf 75' lang='grc' dir='ltr'>ἀμείψασθαι.</span> <span class='ocrx_word' id='word_1_525' title='bbox 3093 485 3157 538; x_wconf 90' lang='grc' dir='ltr'>Τί</span> <span class='ocrx_word' id='word_1_526' title='bbox 3196 485 3452 554; x_wconf 76' lang='grc' dir='ltr'>φεύγειςς</span> <span class='ocrx_word' id='word_1_527' title='bbox 3504 484 3638 549; x_wconf 72' lang='grc' dir='ltr'>Ναὶ,</span> <span class='ocrx_word' id='word_1_528' title='bbox 3673 502 3782 555; x_wconf 84' lang='grc' dir='ltr'>φη-</span> 
     </span>
    </p>
   </div>
   <div class='ocr_carea' id='block_1_69' title="bbox 2101 569 3784 641">
    <p class='ocr_par' dir='ltr' id='par_1_69' title="bbox 2101 569 3784 641">
     <span class='ocr_line' id='line_1_69' title="bbox 2101 569 3784 641; baseline 0.001 -21"><span class='ocrx_word' id='word_1_529' title='bbox 2101 569 2207 634; x_wconf 74' lang='grc' dir='ltr'>σὶν,</span> <span class='ocrx_word' id='word_1_530' title='bbox 2235 570 2351 624; x_wconf 80' lang='grc' dir='ltr'>ἀλλ’</span> <span class='ocrx_word' id='word_1_531' title='bbox 2388 574 2449 625; x_wconf 89' lang='grc' dir='ltr'>οὐ</span> <span class='ocrx_word' id='word_1_532' title='bbox 2490 573 2723 641; x_wconf 88' lang='grc' dir='ltr'>δύναμαι</span> <span class='ocrx_word' id='word_1_533' title='bbox 2778 573 3030 639; x_wconf 80' lang='grc' dir='ltr'>φυλάξαι.</span> <span class='ocrx_word' id='word_1_534' title='bbox 3063 571 3272 625; x_wconf 81' lang='grc' dir='ltr'>Οὐκοῦν</span> <span class='ocrx_word' id='word_1_535' title='bbox 3301 572 3371 625; x_wconf 76' lang='grc' dir='ltr'>τά</span> <span class='ocrx_word' id='word_1_536' title='bbox 3414 570 3656 625; x_wconf 82' lang='grc' dir='ltr'>ἀδύνατα</span> <span class='ocrx_word' id='word_1_537' title='bbox 3684 572 3784 622; x_wconf 73' lang='grc' dir='ltr'>ἑπ-</span> 
     </span>
    </p>
   </div>
   <div class='ocr_carea' id='block_1_70' title="bbox 2101 657 3787 729">
    <p class='ocr_par' dir='ltr' id='par_1_70' title="bbox 2101 657 3787 729">
     <span class='ocr_line' id='line_1_70' title="bbox 2101 657 3787 729; baseline 0.001 -20"><span class='ocrx_word' id='word_1_538' title='bbox 2101 657 2291 724; x_wconf 78' lang='grc' dir='ltr'>έταξεν</span> <span class='ocrx_word' id='word_1_539' title='bbox 2327 661 2355 713; x_wconf 92' lang='lat'>6</span> <span class='ocrx_word' id='word_1_540' title='bbox 2383 661 2555 727; x_wconf 84' lang='grc' dir='ltr'>Θεός;</span> <span class='ocrx_word' id='word_1_541' title='bbox 2604 663 2734 716; x_wconf 85' lang='grc' dir='ltr'>Ἀπὸ</span> <span class='ocrx_word' id='word_1_542' title='bbox 2759 662 2948 716; x_wconf 84' lang='grc' dir='ltr'>τούτου</span> <span class='ocrx_word' id='word_1_543' title='bbox 2981 661 3160 714; x_wconf 86' lang='grc' dir='ltr'>πάντα</span> <span class='ocrx_word' id='word_1_544' title='bbox 3199 658 3629 729; x_wconf 85' lang='grc' dir='ltr'>ἀνατέτραπται,</span> <span class='ocrx_word' id='word_1_545' title='bbox 3670 657 3787 710; x_wconf 81' lang='grc' dir='ltr'>ἀπὸ</span> 
     </span>
    </p>
   </div>
   <div class='ocr_carea' id='block_1_71' title="bbox 2098 745 3862 822">
    <p class='ocr_par' dir='ltr' id='par_1_71' title="bbox 2098 745 3862 822">
     <span class='ocr_line' id='line_1_71' title="bbox 2098 745 3862 822; baseline -0.001 -24"><span class='ocrx_word' id='word_1_546' title='bbox 2098 746 2288 800; x_wconf 87' lang='grc' dir='ltr'>τούτου</span> <span class='ocrx_word' id='word_1_547' title='bbox 2336 749 2404 802; x_wconf 84' lang='grc' dir='ltr'>τά</span> <span class='ocrx_word' id='word_1_548' title='bbox 2432 750 2529 820; x_wconf 81' lang='grc' dir='ltr'>τῆς</span> <span class='ocrx_word' id='word_1_549' title='bbox 2553 751 2877 822; x_wconf 77' lang='grc' dir='ltr'>οἰκουμένης</span> <span class='ocrx_word' id='word_1_550' title='bbox 2907 750 3246 820; x_wconf 85' lang='grc' dir='ltr'>διέφθαρται,</span> <span class='ocrx_word' id='word_1_551' title='bbox 3284 749 3366 802; x_wconf 84' lang='grc' dir='ltr'>ὅτι</span> <span class='ocrx_word' id='word_1_552' title='bbox 3402 747 3576 810; x_wconf 76' lang='grc' dir='ltr'>οὐδεὶς</span> <span class='ocrx_word' id='word_1_553' title='bbox 3603 745 3784 799; x_wconf 77' lang='grc' dir='ltr'>οὐδενὶ</span> <span class='ocrx_word' id='word_1_554' title='bbox 3856 746 3862 755; x_wconf 90' lang='grc'><strong>’</strong></span> 
     </span>
    </p>
   </div>
   <div class='ocr_carea' id='block_1_72' title="bbox 2102 833 3787 909">
    <p class='ocr_par' dir='ltr' id='par_1_72' title="bbox 2102 833 3787 909">
     <span class='ocr_line' id='line_1_72' title="bbox 2102 833 3787 909; baseline -0.001 -23"><span class='ocrx_word' id='word_1_555' title='bbox 2102 834 2304 898; x_wconf 87' lang='grc' dir='ltr'>σκοπὸς</span> <span class='ocrx_word' id='word_1_556' title='bbox 2331 836 2473 890; x_wconf 85' lang='grc' dir='ltr'>κατά</span> <span class='ocrx_word' id='word_1_557' title='bbox 2517 838 2647 891; x_wconf 83' lang='grc' dir='ltr'>Θεὸν</span> <span class='ocrx_word' id='word_1_558' title='bbox 2673 838 2790 909; x_wconf 77' lang='grc' dir='ltr'>ζῇν.</span> <span class='ocrx_word' id='word_1_559' title='bbox 2842 840 2905 892; x_wconf 79' lang='grc' dir='ltr'>Οἱ</span> <span class='ocrx_word' id='word_1_560' title='bbox 2939 840 3035 908; x_wconf 82' lang='grc' dir='ltr'>μὲν</span> <span class='ocrx_word' id='word_1_561' title='bbox 3069 833 3162 890; x_wconf 80' lang='grc' dir='ltr'>οὖν</span> <span class='ocrx_word' id='word_1_562' title='bbox 3196 834 3594 905; x_wconf 68' lang='grc' dir='ltr'>κατηχούμενοι</span> <span class='ocrx_word' id='word_1_563' title='bbox 3618 833 3787 885; x_wconf 70' lang='grc' dir='ltr'>τοῦτο</span> 
     </span>
    </p>
   </div>
   <div class='ocr_carea' id='block_1_73' title="bbox 2105 918 3784 994">
    <p class='ocr_par' dir='ltr' id='par_1_73' title="bbox 2105 918 3784 994">
     <span class='ocr_line' id='line_1_73' title="bbox 2105 918 3784 994; baseline -0.001 -22"><span class='ocrx_word' id='word_1_564' title='bbox 2105 921 2516 986; x_wconf 76' lang='grc' dir='ltr'>σπουδάζοντες,</span> <span class='ocrx_word' id='word_1_565' title='bbox 2571 924 2827 994; x_wconf 78' lang='grc' dir='ltr'>οὐδεμίαν</span> <span class='ocrx_word' id='word_1_566' title='bbox 2889 923 3164 977; x_wconf 82' lang='grc' dir='ltr'>ποιοῦνται</span> <span class='ocrx_word' id='word_1_567' title='bbox 3229 921 3553 992; x_wconf 85' lang='grc' dir='ltr'>ἐπιμέλειαν</span> <span class='ocrx_word' id='word_1_568' title='bbox 3612 918 3784 989; x_wconf 82' lang='grc' dir='ltr'>ὀρθοῦ</span> 
     </span>
    </p>
   </div>
   <div class='ocr_carea' id='block_1_74' title="bbox 2102 1008 3786 1084">
    <p class='ocr_par' dir='ltr' id='par_1_74' title="bbox 2102 1008 3786 1084">
     <span class='ocr_line' id='line_1_74' title="bbox 2102 1008 3786 1084; baseline -0.005 -18"><span class='ocrx_word' id='word_1_569' title='bbox 2102 1009 2218 1079; x_wconf 80' lang='grc' dir='ltr'>βίου</span> <span class='ocrx_word' id='word_1_570' title='bbox 2239 1027 2254 1041; x_wconf 77' lang='grc'>⁶</span> <span class='ocrx_word' id='word_1_571' title='bbox 2287 1012 2336 1064; x_wconf 86' lang='grc' dir='ltr'>οί</span> <span class='ocrx_word' id='word_1_572' title='bbox 2374 1011 2431 1065; x_wconf 87' lang='grc' dir='ltr'>δέ</span> <span class='ocrx_word' id='word_1_573' title='bbox 2460 1013 2560 1084; x_wconf 76' lang='grc' dir='ltr'>ήδη</span> <span class='ocrx_word' id='word_1_574' title='bbox 2592 1013 2975 1080; x_wconf 84' lang='grc' dir='ltr'>φωτισθέντες,</span> <span class='ocrx_word' id='word_1_575' title='bbox 3016 1014 3065 1065; x_wconf 87' lang='grc' dir='ltr'>οἱ</span> <span class='ocrx_word' id='word_1_576' title='bbox 3109 1013 3209 1081; x_wconf 82' lang='grc' dir='ltr'>μὲν</span> <span class='ocrx_word' id='word_1_577' title='bbox 3239 1011 3363 1063; x_wconf 72' lang='grc' dir='ltr'>ἐπεὶ</span> <span class='ocrx_word' id='word_1_578' title='bbox 3400 1010 3591 1070; x_wconf 85' lang='grc' dir='ltr'>παῖδες</span> <span class='ocrx_word' id='word_1_579' title='bbox 3623 1008 3786 1071; x_wconf 74' lang='grc' dir='ltr'>ὅντες</span> 
     </span>
    </p>
   </div>
   <div class='ocr_carea' id='block_1_75' title="bbox 2098 1095 3782 1171">
    <p class='ocr_par' dir='ltr' id='par_1_75' title="bbox 2098 1095 3782 1171">
     <span class='ocr_line' id='line_1_75' title="bbox 2098 1095 3782 1171; baseline 0 -23"><span class='ocrx_word' id='word_1_580' title='bbox 2098 1095 2259 1150; x_wconf 87' lang='grc' dir='ltr'>τοῦτο</span> <span class='ocrx_word' id='word_1_581' title='bbox 2304 1099 2560 1164; x_wconf 64' lang='grc' dir='ltr'>ἐλαϐονδ,</span> <span class='ocrx_word' id='word_1_582' title='bbox 2586 1101 2637 1152; x_wconf 81' lang='grc' dir='ltr'>οἱ</span> <span class='ocrx_word' id='word_1_583' title='bbox 2676 1100 2732 1153; x_wconf 85' lang='grc' dir='ltr'>δὲ</span> <span class='ocrx_word' id='word_1_584' title='bbox 2785 1102 2844 1152; x_wconf 87' lang='grc' dir='ltr'>ἐν</span> <span class='ocrx_word' id='word_1_585' title='bbox 2869 1101 3172 1171; x_wconf 69' lang='grc' dir='ltr'>ἀρρωστία,</span> <span class='ocrx_word' id='word_1_586' title='bbox 3221 1100 3315 1151; x_wconf 71' lang='grc' dir='ltr'>καὶ</span> <span class='ocrx_word' id='word_1_587' title='bbox 3365 1098 3782 1163; x_wconf 81' lang='grc' dir='ltr'>ἀνενεγκόντες,</span> 
     </span>
    </p>
   </div>
   <div class='ocr_carea' id='block_1_76' title="bbox 2100 1182 3786 1258">
    <p class='ocr_par' dir='ltr' id='par_1_76' title="bbox 2100 1182 3786 1258">
     <span class='ocr_line' id='line_1_76' title="bbox 2100 1182 3786 1258; baseline -0.002 -21"><span class='ocrx_word' id='word_1_588' title='bbox 2100 1185 2285 1255; x_wconf 81' lang='grc' dir='ltr'>ἐπειδὴ</span> <span class='ocrx_word' id='word_1_589' title='bbox 2318 1186 2393 1256; x_wconf 81' lang='grc' dir='ltr'>μὴ</span> <span class='ocrx_word' id='word_1_590' title='bbox 2440 1182 2586 1257; x_wconf 82' lang='grc' dir='ltr'>εἶχον</span> <span class='ocrx_word' id='word_1_591' title='bbox 2632 1186 2941 1258; x_wconf 89' lang='grc' dir='ltr'>προθυμίαν</span> <span class='ocrx_word' id='word_1_592' title='bbox 2971 1187 3091 1239; x_wconf 87' lang='grc' dir='ltr'>τινὰ</span> <span class='ocrx_word' id='word_1_593' title='bbox 3119 1186 3282 1255; x_wconf 82' lang='grc' dir='ltr'>ζῆσαι</span> <span class='ocrx_word' id='word_1_594' title='bbox 3326 1184 3415 1238; x_wconf 82' lang='grc' dir='ltr'>διὰ</span> <span class='ocrx_word' id='word_1_595' title='bbox 3447 1183 3603 1247; x_wconf 72' lang='grc' dir='ltr'>Θεὸν,</span> <span class='ocrx_word' id='word_1_596' title='bbox 3659 1183 3786 1235; x_wconf 68' lang='grc' dir='ltr'>οὐδὲ</span> 
     </span>
    </p>
   </div>
   <div class='ocr_carea' id='block_1_77' title="bbox 2098 1266 3785 1345">
    <p class='ocr_par' dir='ltr' id='par_1_77' title="bbox 2098 1266 3785 1345">
     <span class='ocr_line' id='line_1_77' title="bbox 2098 1266 3785 1345; baseline -0.002 -20"><span class='ocrx_word' id='word_1_597' title='bbox 2098 1266 2244 1326; x_wconf 71' lang='grc' dir='ltr'>οὗτοι</span> <span class='ocrx_word' id='word_1_598' title='bbox 2272 1274 2507 1345; x_wconf 82' lang='grc' dir='ltr'>σπουδὴν</span> <span class='ocrx_word' id='word_1_599' title='bbox 2544 1273 2781 1328; x_wconf 91' lang='grc' dir='ltr'>τίθενται</span> <span class='ocrx_word' id='word_1_600' title='bbox 2811 1292 2824 1306; x_wconf 87' lang='grc'><strong>·</strong></span> <span class='ocrx_word' id='word_1_601' title='bbox 2880 1274 3014 1327; x_wconf 88' lang='grc' dir='ltr'>οἱδέ</span> <span class='ocrx_word' id='word_1_602' title='bbox 3052 1275 3110 1326; x_wconf 86' lang='grc' dir='ltr'>ἐν</span> <span class='ocrx_word' id='word_1_603' title='bbox 3148 1274 3307 1344; x_wconf 80' lang='grc' dir='ltr'>ὐγείᾳ</span> <span class='ocrx_word' id='word_1_604' title='bbox 3358 1271 3636 1333; x_wconf 83' lang='grc' dir='ltr'>λαϐόντες,</span> <span class='ocrx_word' id='word_1_605' title='bbox 3671 1270 3785 1323; x_wconf 77' lang='grc' dir='ltr'>ὀλί-</span> 
     </span>
    </p>
   </div>
   <div class='ocr_carea' id='block_1_78' title="bbox 2099 1359 3782 1434">
    <p class='ocr_par' dir='ltr' id='par_1_78' title="bbox 2099 1359 3782 1434">
     <span class='ocr_line' id='line_1_78' title="bbox 2099 1359 3782 1434; baseline -0.003 -19"><span class='ocrx_word' id='word_1_606' title='bbox 2099 1379 2204 1433; x_wconf 90' lang='grc' dir='ltr'>γην</span> <span class='ocrx_word' id='word_1_607' title='bbox 2229 1363 2434 1434; x_wconf 88' lang='grc' dir='ltr'>ταύτην</span> <span class='ocrx_word' id='word_1_608' title='bbox 2471 1364 2566 1417; x_wconf 72' lang='grc' dir='ltr'>καὶ</span> <span class='ocrx_word' id='word_1_609' title='bbox 2594 1364 2750 1417; x_wconf 75' lang='grc' dir='ltr'>αὐτοὶ</span> <span class='ocrx_word' id='word_1_610' title='bbox 2775 1363 3194 1425; x_wconf 84' lang='grc' dir='ltr'>ἐπιδείκνυνται,</span> <span class='ocrx_word' id='word_1_611' title='bbox 3223 1363 3317 1414; x_wconf 73' lang='grc' dir='ltr'>καὶ</span> <span class='ocrx_word' id='word_1_612' title='bbox 3351 1361 3488 1430; x_wconf 89' lang='grc' dir='ltr'>πρὸς</span> <span class='ocrx_word' id='word_1_613' title='bbox 3509 1360 3574 1411; x_wconf 88' lang='grc' dir='ltr'>τὸ</span> <span class='ocrx_word' id='word_1_614' title='bbox 3602 1359 3782 1430; x_wconf 86' lang='grc' dir='ltr'>παρὸν</span> 
     </span>
    </p>
   </div>
   <div class='ocr_carea' id='block_1_79' title="bbox 2099 1446 3775 1521">
    <p class='ocr_par' dir='ltr' id='par_1_79' title="bbox 2099 1446 3775 1521">
     <span class='ocr_line' id='line_1_79' title="bbox 2099 1446 3775 1521; baseline -0.002 -20"><span class='ocrx_word' id='word_1_615' title='bbox 2099 1449 2433 1515; x_wconf 85' lang='grc' dir='ltr'>διατεθέντες</span> <span class='ocrx_word' id='word_1_616' title='bbox 2464 1449 2678 1521; x_wconf 71' lang='grc' dir='ltr'>θερμοὶ,</span> <span class='ocrx_word' id='word_1_617' title='bbox 2714 1450 2852 1520; x_wconf 85' lang='grc' dir='ltr'>μετά</span> <span class='ocrx_word' id='word_1_618' title='bbox 2887 1450 3061 1504; x_wconf 89' lang='grc' dir='ltr'>ταῦτα</span> <span class='ocrx_word' id='word_1_619' title='bbox 3092 1450 3187 1503; x_wconf 78' lang='grc' dir='ltr'>καὶ</span> <span class='ocrx_word' id='word_1_620' title='bbox 3216 1446 3357 1503; x_wconf 77' lang='grc' dir='ltr'>οὗτοι</span> <span class='ocrx_word' id='word_1_621' title='bbox 3379 1448 3440 1501; x_wconf 89' lang='grc' dir='ltr'>τὸ</span> <span class='ocrx_word' id='word_1_622' title='bbox 3475 1447 3589 1518; x_wconf 84' lang='grc' dir='ltr'>πῦρ</span> <span class='ocrx_word' id='word_1_623' title='bbox 3622 1446 3775 1499; x_wconf 80' lang='grc' dir='ltr'>ἐσϐε-</span> 
     </span>
    </p>
   </div>
   <div class='ocr_carea' id='block_1_80' title="bbox 2102 1534 3771 1611">
    <p class='ocr_par' dir='ltr' id='par_1_80' title="bbox 2102 1534 3771 1611">
     <span class='ocr_line' id='line_1_80' title="bbox 2102 1534 3771 1611; baseline -0.002 -21"><span class='ocrx_word' id='word_1_624' title='bbox 2102 1554 2220 1592; x_wconf 87' lang='grc' dir='ltr'>σαν.</span> <span class='ocrx_word' id='word_1_625' title='bbox 2258 1539 2349 1610; x_wconf 82' lang='grc' dir='ltr'>Μὴ</span> <span class='ocrx_word' id='word_1_626' title='bbox 2397 1540 2503 1611; x_wconf 84' lang='grc' dir='ltr'>γάρ</span> <span class='ocrx_word' id='word_1_627' title='bbox 2546 1541 2646 1591; x_wconf 83' lang='grc' dir='ltr'>οὐκ</span> <span class='ocrx_word' id='word_1_628' title='bbox 2690 1539 2770 1591; x_wconf 78' lang='grc' dir='ltr'>ενι</span> <span class='ocrx_word' id='word_1_629' title='bbox 2805 1540 3094 1610; x_wconf 79' lang='grc' dir='ltr'>πράγμασι</span> <span class='ocrx_word' id='word_1_630' title='bbox 3126 1536 3401 1607; x_wconf 71' lang='grc' dir='ltr'>χρῆσθαιξ</span> <span class='ocrx_word' id='word_1_631' title='bbox 3440 1534 3515 1605; x_wconf 77' lang='grc' dir='ltr'>μὴ</span> <span class='ocrx_word' id='word_1_632' title='bbox 3546 1534 3654 1602; x_wconf 81' lang='grc' dir='ltr'>γάρ</span> <span class='ocrx_word' id='word_1_633' title='bbox 3674 1536 3771 1601; x_wconf 77' lang='grc' dir='ltr'>τῆς</span> 
     </span>
    </p>
   </div>
   <div class='ocr_carea' id='block_1_81' title="bbox 2100 1620 3778 1697">
    <p class='ocr_par' dir='ltr' id='par_1_81' title="bbox 2100 1620 3778 1697">
     <span class='ocr_line' id='line_1_81' title="bbox 2100 1620 3778 1697; baseline -0.001 -20"><span class='ocrx_word' id='word_1_634' title='bbox 2100 1627 2356 1693; x_wconf 83' lang='grc' dir='ltr'>γυναικός</span> <span class='ocrx_word' id='word_1_635' title='bbox 2380 1644 2438 1679; x_wconf 90' lang='grc' dir='ltr'>σε</span> <span class='ocrx_word' id='word_1_636' title='bbox 2463 1626 2712 1695; x_wconf 89' lang='grc' dir='ltr'>διείργω;</span> <span class='ocrx_word' id='word_1_637' title='bbox 2749 1626 3010 1697; x_wconf 89' lang='grc' dir='ltr'>Πορνείας</span> <span class='ocrx_word' id='word_1_638' title='bbox 3038 1643 3096 1679; x_wconf 89' lang='grc' dir='ltr'>σε</span> <span class='ocrx_word' id='word_1_639' title='bbox 3123 1626 3391 1694; x_wconf 85' lang='grc' dir='ltr'>ἀπείργω.</span> <span class='ocrx_word' id='word_1_640' title='bbox 3418 1625 3510 1692; x_wconf 79' lang='grc' dir='ltr'>Μὴ</span> <span class='ocrx_word' id='word_1_641' title='bbox 3536 1623 3650 1691; x_wconf 84' lang='grc' dir='ltr'>γάρ</span> <span class='ocrx_word' id='word_1_642' title='bbox 3680 1620 3778 1689; x_wconf 70' lang='grc' dir='ltr'>τῆς</span> 
     </span>
    </p>
   </div>
   <div class='ocr_carea' id='block_1_82' title="bbox 2098 1710 3779 1785">
    <p class='ocr_par' dir='ltr' id='par_1_82' title="bbox 2098 1710 3779 1785">
     <span class='ocr_line' id='line_1_82' title="bbox 2098 1710 3779 1785; baseline -0.002 -20"><span class='ocrx_word' id='word_1_643' title='bbox 2098 1713 2208 1765; x_wconf 88' lang='grc' dir='ltr'>τῶν</span> <span class='ocrx_word' id='word_1_644' title='bbox 2238 1714 2534 1785; x_wconf 84' lang='grc' dir='ltr'>χρημάτων</span> <span class='ocrx_word' id='word_1_645' title='bbox 2569 1714 2955 1779; x_wconf 86' lang='grc' dir='ltr'>ἀπολαύσεως;</span> <span class='ocrx_word' id='word_1_646' title='bbox 2993 1712 3306 1777; x_wconf 79' lang='grc' dir='ltr'>Πλεονεξίας</span> <span class='ocrx_word' id='word_1_647' title='bbox 3359 1713 3453 1764; x_wconf 76' lang='grc' dir='ltr'>καὶ</span> <span class='ocrx_word' id='word_1_648' title='bbox 3497 1710 3779 1780; x_wconf 76' lang='grc' dir='ltr'>ἁρπαγῆς.</span> 
     </span>
    </p>
   </div>
   <div class='ocr_carea' id='block_1_83' title="bbox 2100 1796 3784 1872">
    <p class='ocr_par' dir='ltr' id='par_1_83' title="bbox 2100 1796 3784 1872">
     <span class='ocr_line' id='line_1_83' title="bbox 2100 1796 3784 1872; baseline -0.003 -18"><span class='ocrx_word' id='word_1_649' title='bbox 2100 1801 2192 1870; x_wconf 86' lang='grc' dir='ltr'><strong>Μὴ</strong></span> <span class='ocrx_word' id='word_1_650' title='bbox 2246 1801 2355 1872; x_wconf 89' lang='grc' dir='ltr'>γάρ</span> <span class='ocrx_word' id='word_1_651' title='bbox 2406 1801 2702 1869; x_wconf 83' lang='grc' dir='ltr'>ἀναγκάζω</span> <span class='ocrx_word' id='word_1_652' title='bbox 2746 1802 2928 1855; x_wconf 85' lang='grc' dir='ltr'>πάντα</span> <span class='ocrx_word' id='word_1_653' title='bbox 2969 1801 3236 1863; x_wconf 86' lang='grc' dir='ltr'>κενῶσαι;</span> <span class='ocrx_word' id='word_1_654' title='bbox 3280 1799 3465 1867; x_wconf 82' lang='grc' dir='ltr'>Ὀλίγα</span> <span class='ocrx_word' id='word_1_655' title='bbox 3507 1797 3622 1852; x_wconf 87' lang='grc' dir='ltr'>ἀπὸ</span> <span class='ocrx_word' id='word_1_656' title='bbox 3672 1796 3784 1849; x_wconf 86' lang='grc' dir='ltr'>τῶν</span> 
     </span>
    </p>
   </div>
   <div class='ocr_carea' id='block_1_84' title="bbox 2100 1886 3783 1957">
    <p class='ocr_par' dir='ltr' id='par_1_84' title="bbox 2100 1886 3783 1957">
     <span class='ocr_line' id='line_1_84' title="bbox 2100 1886 3783 1957; baseline -0.003 -16"><span class='ocrx_word' id='word_1_657' title='bbox 2100 1888 2329 1942; x_wconf 88' lang='grc' dir='ltr'>ἐνόντων</span> <span class='ocrx_word' id='word_1_658' title='bbox 2355 1888 2537 1942; x_wconf 90' lang='grc' dir='ltr'>δοῦναι</span> <span class='ocrx_word' id='word_1_659' title='bbox 2559 1892 2671 1951; x_wconf 86' lang='grc' dir='ltr'>τοῖς</span> <span class='ocrx_word' id='word_1_660' title='bbox 2697 1889 2972 1957; x_wconf 80' lang='grc' dir='ltr'>δεομένοις</span> <span class='ocrx_word' id='word_1_661' title='bbox 3012 1889 3107 1957; x_wconf 85' lang='grc' dir='ltr'>(Τὸ</span> <span class='ocrx_word' id='word_1_662' title='bbox 3161 1886 3330 1956; x_wconf 74' lang='grc' dir='ltr'>ῠμιῖιν</span> <span class='ocrx_word' id='word_1_663' title='bbox 3376 1887 3783 1954; x_wconf 76' lang='grc' dir='ltr'>περίσσευμα,</span> 
     </span>
    </p>
   </div>
   <div class='ocr_carea' id='block_1_85' title="bbox 2102 1970 3787 2048">
    <p class='ocr_par' dir='ltr' id='par_1_85' title="bbox 2102 1970 3787 2048">
     <span class='ocr_line' id='line_1_85' title="bbox 2102 1970 3787 2048; baseline -0.004 -19"><span class='ocrx_word' id='word_1_664' title='bbox 2102 1977 2288 2048; x_wconf 73' lang='grc' dir='ltr'>φησὶν,</span> <span class='ocrx_word' id='word_1_665' title='bbox 2316 1979 2405 2041; x_wconf 85' lang='grc' dir='ltr'>είς</span> <span class='ocrx_word' id='word_1_666' title='bbox 2438 1976 2507 2030; x_wconf 87' lang='grc' dir='ltr'>τὸ</span> <span class='ocrx_word' id='word_1_667' title='bbox 2535 1978 2785 2030; x_wconf 82' lang='grc' dir='ltr'>ἐκείνων</span> <span class='ocrx_word' id='word_1_668' title='bbox 2818 1975 3147 2044; x_wconf 83' lang='grc' dir='ltr'>ὑστέρημα)</span> <span class='ocrx_word' id='word_1_669' title='bbox 3168 1992 3182 2007; x_wconf 86' lang='grc'><strong>·</strong></span> <span class='ocrx_word' id='word_1_670' title='bbox 3224 1975 3319 2027; x_wconf 60' lang='grc' dir='ltr'>καὶ¹</span> <span class='ocrx_word' id='word_1_671' title='bbox 3343 1973 3463 2026; x_wconf 85' lang='grc' dir='ltr'>οὐδὲ</span> <span class='ocrx_word' id='word_1_672' title='bbox 3490 1973 3640 2026; x_wconf 78' lang='grc' dir='ltr'>οὔτω</span> <span class='ocrx_word' id='word_1_673' title='bbox 3663 1970 3787 2024; x_wconf 85' lang='grc' dir='ltr'>πεί-</span> 
     </span>
    </p>
   </div>
   <div class='ocr_carea' id='block_1_86' title="bbox 2102 2059 3785 2137">
    <p class='ocr_par' dir='ltr' id='par_1_86' title="bbox 2102 2059 3785 2137">
     <span class='ocr_line' id='line_1_86' title="bbox 2102 2059 3785 2137; baseline -0.004 -20"><span class='ocrx_word' id='word_1_674' title='bbox 2102 2063 2287 2136; x_wconf 86' lang='grc' dir='ltr'>θομεν.</span> <span class='ocrx_word' id='word_1_675' title='bbox 2334 2066 2425 2136; x_wconf 87' lang='grc' dir='ltr'>Μὴ</span> <span class='ocrx_word' id='word_1_676' title='bbox 2454 2065 2564 2137; x_wconf 85' lang='grc' dir='ltr'>γάρ</span> <span class='ocrx_word' id='word_1_677' title='bbox 2597 2062 2878 2136; x_wconf 82' lang='grc' dir='ltr'>νηστεύειν</span> <span class='ocrx_word' id='word_1_678' title='bbox 2909 2064 3194 2132; x_wconf 76' lang='grc' dir='ltr'>βιάζομεν;</span> <span class='ocrx_word' id='word_1_679' title='bbox 3235 2060 3470 2116; x_wconf 86' lang='grc' dir='ltr'>Μεθύειν</span> <span class='ocrx_word' id='word_1_680' title='bbox 3497 2059 3785 2128; x_wconf 81' lang='grc' dir='ltr'>κωλύομεν</span> 
     </span>
    </p>
   </div>
   <div class='ocr_carea' id='block_1_87' title="bbox 2102 2146 3784 2223">
    <p class='ocr_par' dir='ltr' id='par_1_87' title="bbox 2102 2146 3784 2223">
     <span class='ocr_line' id='line_1_87' title="bbox 2102 2146 3784 2223; baseline -0.005 -17"><span class='ocrx_word' id='word_1_681' title='bbox 2102 2154 2197 2206; x_wconf 74' lang='grc' dir='ltr'>καὶ</span> <span class='ocrx_word' id='word_1_682' title='bbox 2223 2152 2631 2223; x_wconf 78' lang='grc' dir='ltr'>γαστρίζεσθαι.</span> <span class='ocrx_word' id='word_1_683' title='bbox 2662 2151 2848 2204; x_wconf 87' lang='grc' dir='ltr'>Ταῦτα</span> <span class='ocrx_word' id='word_1_684' title='bbox 2883 2149 3294 2221; x_wconf 87' lang='grc' dir='ltr'>περιαιροῦμεν,</span> <span class='ocrx_word' id='word_1_685' title='bbox 3322 2148 3359 2201; x_wconf 77' lang='grc' dir='ltr'>ἀ</span> <span class='ocrx_word' id='word_1_686' title='bbox 3388 2146 3784 2217; x_wconf 81' lang='grc' dir='ltr'>ἀσχημοσύνην</span> 
     </span>
    </p>
   </div>
   <div class='ocr_carea' id='block_1_88' title="bbox 2103 2234 3783 2310">
    <p class='ocr_par' dir='ltr' id='par_1_88' title="bbox 2103 2234 3783 2310">
     <span class='ocr_line' id='line_1_88' title="bbox 2103 2234 3783 2310; baseline -0.004 -18"><span class='ocrx_word' id='word_1_687' title='bbox 2103 2257 2185 2293; x_wconf 91' lang='grc' dir='ltr'>σοι</span> <span class='ocrx_word' id='word_1_688' title='bbox 2245 2239 2447 2310; x_wconf 86' lang='grc' dir='ltr'>φέρει,</span> <span class='ocrx_word' id='word_1_689' title='bbox 2501 2238 2539 2293; x_wconf 79' lang='grc' dir='ltr'>ἀ</span> <span class='ocrx_word' id='word_1_690' title='bbox 2602 2238 2697 2292; x_wconf 78' lang='grc' dir='ltr'>καὶ</span> <span class='ocrx_word' id='word_1_691' title='bbox 2751 2238 2857 2310; x_wconf 84' lang='grc' dir='ltr'>πρὸ</span> <span class='ocrx_word' id='word_1_692' title='bbox 2904 2238 3003 2307; x_wconf 81' lang='grc' dir='ltr'>τῆς</span> <span class='ocrx_word' id='word_1_693' title='bbox 3065 2237 3291 2307; x_wconf 87' lang='grc' dir='ltr'>γεέννης</span> <span class='ocrx_word' id='word_1_694' title='bbox 3355 2234 3609 2288; x_wconf 85' lang='grc' dir='ltr'>ἐντεῦθεν</span> <span class='ocrx_word' id='word_1_695' title='bbox 3679 2234 3783 2304; x_wconf 69' lang='grc' dir='ltr'>ἤδη</span> 
     </span>
    </p>
   </div>
   <div class='ocr_carea' id='block_1_89' title="bbox 2103 2319 3780 2397">
    <p class='ocr_par' dir='ltr' id='par_1_89' title="bbox 2103 2319 3780 2397">
     <span class='ocr_line' id='line_1_89' title="bbox 2103 2319 3780 2397; baseline -0.003 -17"><span class='ocrx_word' id='word_1_696' title='bbox 2103 2327 2314 2396; x_wconf 84' lang='grc' dir='ltr'>φευκτὰ</span> <span class='ocrx_word' id='word_1_697' title='bbox 2369 2328 2465 2381; x_wconf 75' lang='grc' dir='ltr'>καὶ</span> <span class='ocrx_word' id='word_1_698' title='bbox 2522 2325 2726 2397; x_wconf 77' lang='grc' dir='ltr'>μισητά</span> <span class='ocrx_word' id='word_1_699' title='bbox 2778 2327 2874 2378; x_wconf 76' lang='grc' dir='ltr'>καὶ</span> <span class='ocrx_word' id='word_1_700' title='bbox 2929 2324 3093 2387; x_wconf 89' lang='grc' dir='ltr'>αὐτὸς</span> <span class='ocrx_word' id='word_1_701' title='bbox 3164 2319 3305 2378; x_wconf 74' lang='grc' dir='ltr'>εἶναι</span> <span class='ocrx_word' id='word_1_702' title='bbox 3374 2322 3780 2391; x_wconf 81' lang='grc' dir='ltr'>συνομολογεῖς.</span> 
     </span>
    </p>
   </div>
   <div class='ocr_carea' id='block_1_90' title="bbox 2102 2406 3783 2486">
    <p class='ocr_par' dir='ltr' id='par_1_90' title="bbox 2102 2406 3783 2486">
     <span class='ocr_line' id='line_1_90' title="bbox 2102 2406 3783 2486; baseline -0.004 -18"><span class='ocrx_word' id='word_1_703' title='bbox 2102 2415 2194 2485; x_wconf 84' lang='grc' dir='ltr'>Μὴ</span> <span class='ocrx_word' id='word_1_704' title='bbox 2226 2415 2334 2485; x_wconf 91' lang='grc' dir='ltr'>γάρ</span> <span class='ocrx_word' id='word_1_705' title='bbox 2380 2413 2602 2485; x_wconf 75' lang='grc' dir='ltr'>ἥδεσθαι</span> <span class='ocrx_word' id='word_1_706' title='bbox 2632 2414 2727 2467; x_wconf 77' lang='grc' dir='ltr'>καὶ</span> <span class='ocrx_word' id='word_1_707' title='bbox 2754 2412 3001 2486; x_wconf 89' lang='grc' dir='ltr'>χαίρειν;</span> <span class='ocrx_word' id='word_1_708' title='bbox 3043 2410 3201 2465; x_wconf 84' lang='grc' dir='ltr'>Ἀλλά</span> <span class='ocrx_word' id='word_1_709' title='bbox 3229 2413 3304 2481; x_wconf 74' lang='grc' dir='ltr'>μὴ</span> <span class='ocrx_word' id='word_1_710' title='bbox 3351 2408 3615 2480; x_wconf 80' lang='grc' dir='ltr'>αἰσχρῶς,</span> <span class='ocrx_word' id='word_1_711' title='bbox 3647 2406 3783 2479; x_wconf 70' lang='grc' dir='ltr'>μηδὲ</span> 
     </span>
    </p>
   </div>
   <div class='ocr_carea' id='block_1_91' title="bbox 2102 2501 2357 2567">
    <p class='ocr_par' dir='ltr' id='par_1_91' title="bbox 2102 2501 2357 2567">
     <span class='ocr_line' id='line_1_91' title="bbox 2102 2501 2357 2567; baseline 0.004 -12"><span class='ocrx_word' id='word_1_712' title='bbox 2102 2501 2357 2567; x_wconf 81' lang='grc' dir='ltr'>ἀναξίως.</span> 
     </span>
    </p>
   </div>
   <div class='ocr_carea' id='block_1_92' title="bbox 2177 2580 3779 2661">
    <p class='ocr_par' dir='ltr' id='par_1_92' title="bbox 2177 2580 3779 2661">
     <span class='ocr_line' id='line_1_92' title="bbox 2177 2580 3779 2661; baseline -0.006 -17"><span class='ocrx_word' id='word_1_713' title='bbox 2177 2586 2331 2661; x_wconf 74' lang='grc'>[190]</span> <span class='ocrx_word' id='word_1_714' title='bbox 2346 2588 2403 2645; x_wconf 90' lang='grc' dir='ltr'>δ’.</span> <span class='ocrx_word' id='word_1_715' title='bbox 2414 2582 2480 2641; x_wconf 84' lang='grc' dir='ltr'>Τί</span> <span class='ocrx_word' id='word_1_716' title='bbox 2497 2587 2741 2651; x_wconf 87' lang='grc' dir='ltr'>δέδοικας</span> <span class='ocrx_word' id='word_1_717' title='bbox 2761 2606 2777 2654; x_wconf 89' lang='lat'><strong>;</strong></span> <span class='ocrx_word' id='word_1_718' title='bbox 2796 2587 2850 2641; x_wconf 88' lang='grc' dir='ltr'>τί</span> <span class='ocrx_word' id='word_1_719' title='bbox 2867 2587 3005 2658; x_wconf 76' lang='grc' dir='ltr'>φοϐῇ</span> <span class='ocrx_word' id='word_1_720' title='bbox 3025 2603 3040 2653; x_wconf 90' lang='lat'><strong>;</strong></span> <span class='ocrx_word' id='word_1_721' title='bbox 3058 2585 3111 2639; x_wconf 93' lang='grc' dir='ltr'>τί</span> <span class='ocrx_word' id='word_1_722' title='bbox 3125 2585 3373 2661; x_wconf 78' lang='grc' dir='ltr'>τρέμειςς</span> <span class='ocrx_word' id='word_1_723' title='bbox 3396 2582 3565 2637; x_wconf 86' lang='grc' dir='ltr'>Ἔνθα</span> <span class='ocrx_word' id='word_1_724' title='bbox 3577 2580 3779 2652; x_wconf 84' lang='grc' dir='ltr'>γάμος,</span> 
     </span>
    </p>
   </div>
   <div class='ocr_carea' id='block_1_93' title="bbox 2105 2658 3783 2749">
    <p class='ocr_par' dir='ltr' id='par_1_93' title="bbox 2105 2658 3783 2749">
     <span class='ocr_line' id='line_1_93' title="bbox 2105 2658 3783 2749; baseline -0.004 -20"><span class='ocrx_word' id='word_1_725' title='bbox 2105 2658 2233 2730; x_wconf 69' lang='grc' dir='ltr'>ἔνθα</span> <span class='ocrx_word' id='word_1_726' title='bbox 2267 2658 2565 2749; x_wconf 83' lang='grc' dir='ltr'>χρημάτων</span> <span class='ocrx_word' id='word_1_727' title='bbox 2594 2676 2915 2738; x_wconf 88' lang='grc' dir='ltr'>ἀπόλαυσις,</span> <span class='ocrx_word' id='word_1_728' title='bbox 2939 2673 3068 2726; x_wconf 76' lang='grc' dir='ltr'>ἔνθα</span> <span class='ocrx_word' id='word_1_729' title='bbox 3087 2674 3260 2743; x_wconf 82' lang='grc' dir='ltr'>τροφὴ</span> <span class='ocrx_word' id='word_1_730' title='bbox 3278 2658 3627 2742; x_wconf 67' lang='grc' dir='ltr'>σύμμετρος,</span> <span class='ocrx_word' id='word_1_731' title='bbox 3650 2671 3783 2722; x_wconf 83' lang='grc' dir='ltr'>ποία</span> 
     </span>
    </p>
   </div>
   <div class='ocr_carea' id='block_1_94' title="bbox 2106 2758 3784 2836">
    <p class='ocr_par' dir='ltr' id='par_1_94' title="bbox 2106 2758 3784 2836">
     <span class='ocr_line' id='line_1_94' title="bbox 2106 2758 3784 2836; baseline -0.004 -20"><span class='ocrx_word' id='word_1_732' title='bbox 2106 2764 2381 2836; x_wconf 83' lang='grc' dir='ltr'>ἁμαρτίας</span> <span class='ocrx_word' id='word_1_733' title='bbox 2436 2763 2724 2829; x_wconf 78' lang='grc' dir='ltr'>ὑπόθεσιςς</span> <span class='ocrx_word' id='word_1_734' title='bbox 2786 2762 2896 2815; x_wconf 74' lang='grc' dir='ltr'>Καὶ</span> <span class='ocrx_word' id='word_1_735' title='bbox 2953 2761 3058 2833; x_wconf 83' lang='grc' dir='ltr'>μὴν</span> <span class='ocrx_word' id='word_1_736' title='bbox 3105 2762 3153 2813; x_wconf 86' lang='grc' dir='ltr'>οἱ</span> <span class='ocrx_word' id='word_1_737' title='bbox 3208 2759 3408 2827; x_wconf 77' lang='grc' dir='ltr'>ἔξωθεν</span> <span class='ocrx_word' id='word_1_738' title='bbox 3441 2758 3510 2812; x_wconf 84' lang='grc' dir='ltr'>τὰ</span> <span class='ocrx_word' id='word_1_739' title='bbox 3559 2758 3784 2811; x_wconf 84' lang='grc' dir='ltr'>ἐναντία</span> 
     </span>
    </p>
   </div>
   <div class='ocr_carea' id='block_1_95' title="bbox 2105 2846 3784 2919">
    <p class='ocr_par' dir='ltr' id='par_1_95' title="bbox 2105 2846 3784 2919">
     <span class='ocr_line' id='line_1_95' title="bbox 2105 2846 3784 2919; baseline -0.004 -15"><span class='ocrx_word' id='word_1_740' title='bbox 2105 2852 2472 2913; x_wconf 84' lang='grc' dir='ltr'>ἐπιτάττουσι,</span> <span class='ocrx_word' id='word_1_741' title='bbox 2514 2849 2609 2903; x_wconf 76' lang='grc' dir='ltr'>καὶ</span> <span class='ocrx_word' id='word_1_742' title='bbox 2654 2848 2964 2903; x_wconf 89' lang='grc' dir='ltr'>ἀκούονται.</span> <span class='ocrx_word' id='word_1_743' title='bbox 3023 2849 3096 2902; x_wconf 88' lang='grc' dir='ltr'>Οὐ</span> <span class='ocrx_word' id='word_1_744' title='bbox 3131 2847 3241 2919; x_wconf 88' lang='grc' dir='ltr'>γὰρ</span> <span class='ocrx_word' id='word_1_745' title='bbox 3277 2847 3385 2901; x_wconf 89' lang='grc' dir='ltr'>ἀπὸ</span> <span class='ocrx_word' id='word_1_746' title='bbox 3416 2846 3522 2898; x_wconf 88' lang='grc' dir='ltr'>τῶν</span> <span class='ocrx_word' id='word_1_747' title='bbox 3551 2846 3784 2898; x_wconf 84' lang='grc' dir='ltr'>ἐνόντων</span> 
     </span>
    </p>
   </div>
   <div class='ocr_carea' id='block_1_96' title="bbox 2105 2932 3784 3004">
    <p class='ocr_par' dir='ltr' id='par_1_96' title="bbox 2105 2932 3784 3004">
     <span class='ocr_line' id='line_1_96' title="bbox 2105 2932 3784 3004; baseline -0.004 -13"><span class='ocrx_word' id='word_1_748' title='bbox 2105 2936 2450 3001; x_wconf 87' lang='grc' dir='ltr'>ἀπαιτοῦσιν,</span> <span class='ocrx_word' id='word_1_749' title='bbox 2480 2934 2617 2989; x_wconf 88' lang='grc' dir='ltr'>ἀλλά</span> <span class='ocrx_word' id='word_1_750' title='bbox 2643 2936 2912 3004; x_wconf 88' lang='grc' dir='ltr'>λέγουσιν,</span> <span class='ocrx_word' id='word_1_751' title='bbox 2938 2937 3019 2989; x_wconf 84' lang='grc' dir='ltr'>δτι</span> <span class='ocrx_word' id='word_1_752' title='bbox 3048 2935 3266 2989; x_wconf 88' lang='grc' dir='ltr'>τοσόνδε</span> <span class='ocrx_word' id='word_1_753' title='bbox 3317 2934 3500 2988; x_wconf 86' lang='grc' dir='ltr'>δοῦναι</span> <span class='ocrx_word' id='word_1_754' title='bbox 3531 2933 3638 2985; x_wconf 74' lang='grc' dir='ltr'>δεῖο</span> <span class='ocrx_word' id='word_1_755' title='bbox 3681 2932 3784 2985; x_wconf 74' lang='grc' dir='ltr'>κᾶν</span> 
     </span>
    </p>
   </div>
   <div class='ocr_carea' id='block_1_97' title="bbox 2107 3021 3785 3097">
    <p class='ocr_par' dir='ltr' id='par_1_97' title="bbox 2107 3021 3785 3097">
     <span class='ocr_line' id='line_1_97' title="bbox 2107 3021 3785 3097; baseline -0.002 -20"><span class='ocrx_word' id='word_1_756' title='bbox 2107 3023 2384 3097; x_wconf 83' lang='grc' dir='ltr'>προϐάλλῃ</span> <span class='ocrx_word' id='word_1_757' title='bbox 2418 3025 2626 3089; x_wconf 90' lang='grc' dir='ltr'>πενίαν,</span> <span class='ocrx_word' id='word_1_758' title='bbox 2661 3024 2783 3078; x_wconf 77' lang='grc' dir='ltr'>οὐδὲ</span> <span class='ocrx_word' id='word_1_759' title='bbox 2807 3024 2981 3088; x_wconf 76' lang='grc' dir='ltr'>οὕτως</span> <span class='ocrx_word' id='word_1_760' title='bbox 3004 3024 3344 3093; x_wconf 86' lang='grc' dir='ltr'>ἀφίστανται.</span> <span class='ocrx_word' id='word_1_761' title='bbox 3384 3024 3442 3075; x_wconf 89' lang='lat'><strong>&#39;0</strong></span> <span class='ocrx_word' id='word_1_762' title='bbox 3464 3021 3522 3075; x_wconf 83' lang='grc' dir='ltr'>δὲ</span> <span class='ocrx_word' id='word_1_763' title='bbox 3547 3021 3785 3093; x_wconf 82' lang='grc' dir='ltr'>Χριστὸς</span> 
     </span>
    </p>
   </div>
   <div class='ocr_carea' id='block_1_98' title="bbox 2104 3105 3787 3184">
    <p class='ocr_par' dir='ltr' id='par_1_98' title="bbox 2104 3105 3787 3184">
     <span class='ocr_line' id='line_1_98' title="bbox 2104 3105 3787 3184; baseline -0.004 -18"><span class='ocrx_word' id='word_1_764' title='bbox 2104 3113 2204 3184; x_wconf 90' lang='grc' dir='ltr'>οὐχ</span> <span class='ocrx_word' id='word_1_765' title='bbox 2233 3113 2405 3176; x_wconf 76' lang='grc' dir='ltr'>οὕτως</span> <span class='ocrx_word' id='word_1_766' title='bbox 2428 3128 2442 3143; x_wconf 75' lang='grc'><em>’</em></span> <span class='ocrx_word' id='word_1_767' title='bbox 2465 3112 2600 3176; x_wconf 83' lang='grc' dir='ltr'>ἀλλ’,</span> <span class='ocrx_word' id='word_1_768' title='bbox 2637 3111 2754 3181; x_wconf 70' lang='grc' dir='ltr'>Ἀφ’</span> <span class='ocrx_word' id='word_1_769' title='bbox 2784 3105 2859 3166; x_wconf 84' lang='grc' dir='ltr'>ὧν</span> <span class='ocrx_word' id='word_1_770' title='bbox 2893 3112 3033 3182; x_wconf 79' lang='grc' dir='ltr'>ἔχεις</span> <span class='ocrx_word' id='word_1_771' title='bbox 3065 3112 3173 3175; x_wconf 92' lang='grc' dir='ltr'>δὸς,</span> <span class='ocrx_word' id='word_1_772' title='bbox 3208 3111 3303 3164; x_wconf 74' lang='grc' dir='ltr'>καὶ</span> <span class='ocrx_word' id='word_1_773' title='bbox 3333 3112 3413 3173; x_wconf 86' lang='grc' dir='ltr'>είς</span> <span class='ocrx_word' id='word_1_774' title='bbox 3434 3111 3532 3180; x_wconf 81' lang='grc' dir='ltr'>τὴν</span> <span class='ocrx_word' id='word_1_775' title='bbox 3559 3107 3787 3180; x_wconf 86' lang='grc' dir='ltr'>πρώτην</span> 
     </span>
    </p>
   </div>
   <div class='ocr_carea' id='block_1_99' title="bbox 2107 3196 3782 3267">
    <p class='ocr_par' dir='ltr' id='par_1_99' title="bbox 2107 3196 3782 3267">
     <span class='ocr_line' id='line_1_99' title="bbox 2107 3196 3782 3267; baseline -0.003 -15"><span class='ocrx_word' id='word_1_776' title='bbox 2107 3216 2168 3253; x_wconf 88' lang='grc' dir='ltr'>σε</span> <span class='ocrx_word' id='word_1_777' title='bbox 2198 3198 2478 3265; x_wconf 78' lang='grc' dir='ltr'>καταλέξω</span> <span class='ocrx_word' id='word_1_778' title='bbox 2522 3199 2698 3264; x_wconf 81' lang='grc' dir='ltr'>τάξιν.</span> <span class='ocrx_word' id='word_1_779' title='bbox 2762 3200 2931 3254; x_wconf 89' lang='grc' dir='ltr'>Πάλιν</span> <span class='ocrx_word' id='word_1_780' title='bbox 2980 3200 3201 3262; x_wconf 88' lang='grc' dir='ltr'>ἐκεῖνοι,</span> <span class='ocrx_word' id='word_1_781' title='bbox 3244 3198 3305 3251; x_wconf 78' lang='lat' dir='ltr'>El</span> <span class='ocrx_word' id='word_1_782' title='bbox 3354 3196 3555 3267; x_wconf 83' lang='grc' dir='ltr'>βούλει,</span> <span class='ocrx_word' id='word_1_783' title='bbox 3593 3196 3782 3266; x_wconf 69' lang='grc' dir='ltr'>φησιν,</span> 
     </span>
    </p>
   </div>
   <div class='ocr_carea' id='block_1_100' title="bbox 2105 3281 3785 3359">
    <p class='ocr_par' dir='ltr' id='par_1_100' title="bbox 2105 3281 3785 3359">
     <span class='ocr_line' id='line_1_100' title="bbox 2105 3281 3785 3359; baseline -0.004 -19"><span class='ocrx_word' id='word_1_784' title='bbox 2105 3286 2430 3358; x_wconf 81' lang='grc' dir='ltr'>εὐδοκιμεῖν,</span> <span class='ocrx_word' id='word_1_785' title='bbox 2464 3286 2732 3341; x_wconf 86' lang='grc' dir='ltr'>κατάλιπε</span> <span class='ocrx_word' id='word_1_786' title='bbox 2779 3286 3009 3359; x_wconf 85' lang='grc' dir='ltr'>πατέρα,</span> <span class='ocrx_word' id='word_1_787' title='bbox 3040 3286 3272 3357; x_wconf 82' lang='grc' dir='ltr'>μητέρα,</span> <span class='ocrx_word' id='word_1_788' title='bbox 3300 3285 3600 3352; x_wconf 87' lang='grc' dir='ltr'>συγγενεῖς,</span> <span class='ocrx_word' id='word_1_789' title='bbox 3622 3281 3785 3335; x_wconf 84' lang='grc' dir='ltr'>οῖκεί-</span> 
     </span>
    </p>
   </div>
   <div class='ocr_carea' id='block_1_101' title="bbox 2104 3368 3780 3447">
    <p class='ocr_par' dir='ltr' id='par_1_101' title="bbox 2104 3368 3780 3447">
     <span class='ocr_line' id='line_1_101' title="bbox 2104 3368 3780 3447; baseline -0.005 -18"><span class='ocrx_word' id='word_1_790' title='bbox 2104 3392 2220 3440; x_wconf 87' lang='grc' dir='ltr'>ους,</span> <span class='ocrx_word' id='word_1_791' title='bbox 2256 3377 2354 3428; x_wconf 74' lang='grc' dir='ltr'>καὶ</span> <span class='ocrx_word' id='word_1_792' title='bbox 2375 3375 2706 3447; x_wconf 87' lang='grc' dir='ltr'>προσέδρευε</span> <span class='ocrx_word' id='word_1_793' title='bbox 2726 3377 2842 3438; x_wconf 88' lang='grc' dir='ltr'>τοῖς</span> <span class='ocrx_word' id='word_1_794' title='bbox 2871 3374 3182 3444; x_wconf 84' lang='grc' dir='ltr'>βασιλείοις,</span> <span class='ocrx_word' id='word_1_795' title='bbox 3220 3371 3575 3441; x_wconf 86' lang='grc' dir='ltr'>κοπτόμενος,</span> <span class='ocrx_word' id='word_1_796' title='bbox 3601 3368 3780 3422; x_wconf 84' lang='grc' dir='ltr'>ταλαι-</span> 
     </span>
    </p>
   </div>
   <div class='ocr_carea' id='block_1_102' title="bbox 2107 3456 3771 3536">
    <p class='ocr_par' dir='ltr' id='par_1_102' title="bbox 2107 3456 3771 3536">
     <span class='ocr_line' id='line_1_102' title="bbox 2107 3456 3771 3536; baseline -0.005 -18"><span class='ocrx_word' id='word_1_797' title='bbox 2107 3463 2480 3536; x_wconf 83' lang='grc' dir='ltr'>πωρούμενος,</span> <span class='ocrx_word' id='word_1_798' title='bbox 2502 3462 2789 3529; x_wconf 86' lang='grc' dir='ltr'>δουλεύων,</span> <span class='ocrx_word' id='word_1_799' title='bbox 2816 3460 3124 3532; x_wconf 87' lang='grc' dir='ltr'>σπώμενος,</span> <span class='ocrx_word' id='word_1_800' title='bbox 3156 3460 3324 3531; x_wconf 86' lang='grc' dir='ltr'>μυρία</span> <span class='ocrx_word' id='word_1_801' title='bbox 3345 3459 3573 3529; x_wconf 84' lang='grc' dir='ltr'>πάσχων</span> <span class='ocrx_word' id='word_1_802' title='bbox 3604 3456 3771 3511; x_wconf 80' lang='grc' dir='ltr'>κακά·</span> 
     </span>
    </p>
   </div>
   <div class='ocr_carea' id='block_1_103' title="bbox 2106 3545 3809 3624">
    <p class='ocr_par' dir='ltr' id='par_1_103' title="bbox 2106 3545 3809 3624">
     <span class='ocr_line' id='line_1_103' title="bbox 2106 3545 3809 3624; baseline -0.004 -18"><span class='ocrx_word' id='word_1_803' title='bbox 2106 3552 2136 3606; x_wconf 90' lang='lat'>6</span> <span class='ocrx_word' id='word_1_804' title='bbox 2166 3552 2224 3606; x_wconf 88' lang='grc' dir='ltr'>δέ</span> <span class='ocrx_word' id='word_1_805' title='bbox 2243 3551 2478 3624; x_wconf 84' lang='grc' dir='ltr'>Χριστὸς</span> <span class='ocrx_word' id='word_1_806' title='bbox 2498 3552 2598 3622; x_wconf 88' lang='grc' dir='ltr'>οὐχ</span> <span class='ocrx_word' id='word_1_807' title='bbox 2622 3550 2816 3614; x_wconf 84' lang='grc' dir='ltr'>οὕτως,</span> <span class='ocrx_word' id='word_1_808' title='bbox 2835 3549 2971 3613; x_wconf 88' lang='grc' dir='ltr'>ἀλλ’,</span> <span class='ocrx_word' id='word_1_809' title='bbox 2992 3550 3126 3603; x_wconf 83' lang='grc' dir='ltr'>Ἔσο</span> <span class='ocrx_word' id='word_1_810' title='bbox 3148 3551 3207 3602; x_wconf 91' lang='grc' dir='ltr'>ἐν</span> <span class='ocrx_word' id='word_1_811' title='bbox 3228 3552 3295 3620; x_wconf 81' lang='grc' dir='ltr'>τῇ</span> <span class='ocrx_word' id='word_1_812' title='bbox 3329 3548 3477 3618; x_wconf 83' lang='grc' dir='ltr'>οίκίᾳ</span> <span class='ocrx_word' id='word_1_813' title='bbox 3513 3546 3659 3618; x_wconf 86' lang='grc' dir='ltr'>μετά</span> <span class='ocrx_word' id='word_1_814' title='bbox 3688 3545 3809 3616; x_wconf 67' lang='grc' dir='ltr'>τῆς</span> 
     </span>
    </p>
   </div>
   <div class='ocr_carea' id='block_1_104' title="bbox 2105 3634 3787 3711">
    <p class='ocr_par' dir='ltr' id='par_1_104' title="bbox 2105 3634 3787 3711">
     <span class='ocr_line' id='line_1_104' title="bbox 2105 3634 3787 3711; baseline -0.003 -20"><span class='ocrx_word' id='word_1_815' title='bbox 2105 3640 2385 3711; x_wconf 87' lang='grc' dir='ltr'>γυναικὸς,</span> <span class='ocrx_word' id='word_1_816' title='bbox 2421 3638 2561 3710; x_wconf 89' lang='grc' dir='ltr'>μετά</span> <span class='ocrx_word' id='word_1_817' title='bbox 2596 3640 2705 3693; x_wconf 87' lang='grc' dir='ltr'>τῶν</span> <span class='ocrx_word' id='word_1_818' title='bbox 2735 3638 2960 3702; x_wconf 87' lang='grc' dir='ltr'>παίδων,</span> <span class='ocrx_word' id='word_1_819' title='bbox 2982 3637 3076 3691; x_wconf 74' lang='grc' dir='ltr'>καὶ</span> <span class='ocrx_word' id='word_1_820' title='bbox 3107 3636 3247 3690; x_wconf 86' lang='grc' dir='ltr'>αὐτὰ</span> <span class='ocrx_word' id='word_1_821' title='bbox 3276 3635 3447 3690; x_wconf 89' lang='grc' dir='ltr'>ταῦτα</span> <span class='ocrx_word' id='word_1_822' title='bbox 3491 3634 3787 3688; x_wconf 75' lang='grc' dir='ltr'>διάπλαττε</span> 
     </span>
    </p>
   </div>
   <div class='ocr_carea' id='block_1_105' title="bbox 2106 3721 3783 3799">
    <p class='ocr_par' dir='ltr' id='par_1_105' title="bbox 2106 3721 3783 3799">
     <span class='ocr_line' id='line_1_105' title="bbox 2106 3721 3783 3799; baseline -0.005 -17"><span class='ocrx_word' id='word_1_823' title='bbox 2106 3730 2201 3783; x_wconf 76' lang='grc' dir='ltr'>καὶ</span> <span class='ocrx_word' id='word_1_824' title='bbox 2234 3727 2482 3799; x_wconf 75' lang='grc' dir='ltr'>ρύθμιζε,</span> <span class='ocrx_word' id='word_1_825' title='bbox 2529 3727 2620 3781; x_wconf 86' lang='grc' dir='ltr'>τὸν</span> <span class='ocrx_word' id='word_1_826' title='bbox 2651 3726 2982 3797; x_wconf 88' lang='grc' dir='ltr'>ἀπράγμονα</span> <span class='ocrx_word' id='word_1_827' title='bbox 3019 3724 3134 3795; x_wconf 83' lang='grc' dir='ltr'>βίον</span> <span class='ocrx_word' id='word_1_828' title='bbox 3160 3725 3260 3795; x_wconf 77' lang='grc' dir='ltr'>ζῇν</span> <span class='ocrx_word' id='word_1_829' title='bbox 3290 3734 3315 3762; x_wconf 78' lang='grc' dir='ltr'><strong>ο</strong></span> <span class='ocrx_word' id='word_1_830' title='bbox 3352 3724 3448 3777; x_wconf 81' lang='grc' dir='ltr'>καὶ</span> <span class='ocrx_word' id='word_1_831' title='bbox 3477 3721 3783 3776; x_wconf 82' lang='grc' dir='ltr'>ἀκίνδυνον.</span> 
     </span>
    </p>
   </div>
   <div class='ocr_carea' id='block_1_106' title="bbox 2107 3808 3783 3888">
    <p class='ocr_par' dir='ltr' id='par_1_106' title="bbox 2107 3808 3783 3888">
     <span class='ocr_line' id='line_1_106' title="bbox 2107 3808 3783 3888; baseline -0.006 -16"><span class='ocrx_word' id='word_1_832' title='bbox 2107 3818 2238 3882; x_wconf 72' lang='grc' dir='ltr'>Ναὶ,</span> <span class='ocrx_word' id='word_1_833' title='bbox 2264 3817 2449 3888; x_wconf 61' lang='grc' dir='ltr'>φησιν,</span> <span class='ocrx_word' id='word_1_834' title='bbox 2487 3815 2601 3870; x_wconf 88' lang='grc' dir='ltr'>ἀλλ’</span> <span class='ocrx_word' id='word_1_835' title='bbox 2629 3817 2835 3877; x_wconf 85' lang='grc' dir='ltr'>ἐκεῖνος</span> <span class='ocrx_word' id='word_1_836' title='bbox 2867 3814 2973 3884; x_wconf 87' lang='grc' dir='ltr'>χρή</span> <span class='ocrx_word' id='word_1_837' title='bbox 2983 3830 3129 3883; x_wconf 82' lang='grc' dir='ltr'>ματα</span> <span class='ocrx_word' id='word_1_838' title='bbox 3186 3810 3601 3880; x_wconf 82' lang='grc' dir='ltr'>ἐπαγγέλλεται.</span> <span class='ocrx_word' id='word_1_839' title='bbox 3640 3808 3783 3862; x_wconf 75' lang='grc' dir='ltr'>Ἀλλ’</span> 
     </span>
    </p>
   </div>
   <div class='ocr_carea' id='block_1_107' title="bbox 2106 3898 3783 3974">
    <p class='ocr_par' dir='ltr' id='par_1_107' title="bbox 2106 3898 3783 3974">
     <span class='ocr_line' id='line_1_107' title="bbox 2106 3898 3783 3974; baseline -0.006 -15"><span class='ocrx_word' id='word_1_840' title='bbox 2106 3900 2261 3968; x_wconf 77' lang='grc' dir='ltr'>οὗτος</span> <span class='ocrx_word' id='word_1_841' title='bbox 2293 3902 2589 3974; x_wconf 86' lang='grc' dir='ltr'>βασιλείαν,</span> <span class='ocrx_word' id='word_1_842' title='bbox 2621 3901 2820 3972; x_wconf 79' lang='grc' dir='ltr'>μᾶλλον</span> <span class='ocrx_word' id='word_1_843' title='bbox 2861 3900 2920 3953; x_wconf 82' lang='grc' dir='ltr'>δὲ</span> <span class='ocrx_word' id='word_1_844' title='bbox 2946 3900 3041 3955; x_wconf 66' lang='grc' dir='ltr'>κα)⁵</span> <span class='ocrx_word' id='word_1_845' title='bbox 3071 3902 3333 3971; x_wconf 85' lang='grc' dir='ltr'>χρήματα</span> <span class='ocrx_word' id='word_1_846' title='bbox 3372 3898 3512 3969; x_wconf 84' lang='grc' dir='ltr'>μετὰ</span> <span class='ocrx_word' id='word_1_847' title='bbox 3534 3898 3744 3967; x_wconf 75' lang='grc' dir='ltr'>ταύτης</span> <span class='ocrx_word' id='word_1_848' title='bbox 3766 3913 3783 3931; x_wconf 77' lang='grc' dir='ltr'><strong><em>ο</em></strong></span> 
     </span>
    </p>
   </div>
   <div class='ocr_carea' id='block_1_108' title="bbox 2107 3984 3777 4059">
    <p class='ocr_par' dir='ltr' id='par_1_108' title="bbox 2107 3984 3777 4059">
     <span class='ocr_line' id='line_1_108' title="bbox 2107 3984 3777 4059; baseline -0.004 -14"><span class='ocrx_word' id='word_1_849' title='bbox 2107 3991 2347 4059; x_wconf 78' lang='grc' dir='ltr'>Ζητεῖτε</span> <span class='ocrx_word' id='word_1_850' title='bbox 2398 3990 2529 4059; x_wconf 83' lang='grc' dir='ltr'>γάρ,</span> <span class='ocrx_word' id='word_1_851' title='bbox 2571 3988 2726 4059; x_wconf 79' lang='grc' dir='ltr'>φησὶ,</span> <span class='ocrx_word' id='word_1_852' title='bbox 2787 3987 2904 4055; x_wconf 79' lang='grc' dir='ltr'>τὴν</span> <span class='ocrx_word' id='word_1_853' title='bbox 2963 3987 3293 4053; x_wconf 81' lang='grc' dir='ltr'>βασιλείαν</span> <span class='ocrx_word' id='word_1_854' title='bbox 3324 3985 3444 4040; x_wconf 84' lang='grc' dir='ltr'>τῶν</span> <span class='ocrx_word' id='word_1_855' title='bbox 3485 3984 3777 4053; x_wconf 74' lang='grc' dir='ltr'>οὐρανῶν,</span> 
     </span>
    </p>
   </div>
   <div class='ocr_carea' id='block_1_109' title="bbox 2108 4074 3780 4145">
    <p class='ocr_par' dir='ltr' id='par_1_109' title="bbox 2108 4074 3780 4145">
     <span class='ocr_line' id='line_1_109' title="bbox 2108 4074 3780 4145; baseline -0.004 -11"><span class='ocrx_word' id='word_1_856' title='bbox 2108 4079 2423 4134; x_wconf 77' lang='grc' dir='ltr'>καὶταῦτα</span> <span class='ocrx_word' id='word_1_857' title='bbox 2472 4077 2670 4133; x_wconf 80' lang='grc' dir='ltr'>πάντα</span> <span class='ocrx_word' id='word_1_858' title='bbox 2688 4076 3187 4145; x_wconf 61' lang='grc' dir='ltr'>προστεθήσεται</span> <span class='ocrx_word' id='word_1_859' title='bbox 3218 4075 3381 4145; x_wconf 82' lang='grc' dir='ltr'>ὑμῖν.</span> <span class='ocrx_word' id='word_1_860' title='bbox 3422 4074 3533 4130; x_wconf 71' lang='grc' dir='ltr'>Καὶ</span> <span class='ocrx_word' id='word_1_861' title='bbox 3578 4075 3780 4135; x_wconf 85' lang='grc' dir='ltr'>ἐκεῖνος</span> 
     </span>
    </p>
   </div>
   <div class='ocr_carea' id='block_1_110' title="bbox 2110 4158 3779 4238">
    <p class='ocr_par' dir='ltr' id='par_1_110' title="bbox 2110 4158 3779 4238">
     <span class='ocr_line' id='line_1_110' title="bbox 2110 4158 3779 4238; baseline -0.005 -18"><span class='ocrx_word' id='word_1_862' title='bbox 2110 4167 2211 4238; x_wconf 83' lang='grc' dir='ltr'>μὲν</span> <span class='ocrx_word' id='word_1_863' title='bbox 2264 4164 2388 4220; x_wconf 83' lang='grc' dir='ltr'>οὐδὲ</span> <span class='ocrx_word' id='word_1_864' title='bbox 2438 4167 2497 4218; x_wconf 83' lang='grc' dir='ltr'>ἐν</span> <span class='ocrx_word' id='word_1_865' title='bbox 2533 4164 2855 4235; x_wconf 86' lang='grc' dir='ltr'>προσθήκης</span> <span class='ocrx_word' id='word_1_866' title='bbox 2889 4164 3070 4236; x_wconf 87' lang='grc' dir='ltr'>μέρει,</span> <span class='ocrx_word' id='word_1_867' title='bbox 3106 4158 3262 4226; x_wconf 74' lang='grc' dir='ltr'>οὗτος</span> <span class='ocrx_word' id='word_1_868' title='bbox 3291 4162 3351 4215; x_wconf 79' lang='grc' dir='ltr'>δὲ</span> <span class='ocrx_word' id='word_1_869' title='bbox 3382 4161 3479 4215; x_wconf 71' lang='grc' dir='ltr'>καὶ</span> <span class='ocrx_word' id='word_1_870' title='bbox 3513 4178 3779 4232; x_wconf 86' lang='grc' dir='ltr'>προηγου-</span> 
     </span>
    </p>
   </div>
   <div class='ocr_carea' id='block_1_111' title="bbox 2110 4247 3774 4324">
    <p class='ocr_par' dir='ltr' id='par_1_111' title="bbox 2110 4247 3774 4324">
     <span class='ocr_line' id='line_1_111' title="bbox 2110 4247 3774 4324; baseline -0.004 -18"><span class='ocrx_word' id='word_1_871' title='bbox 2110 4252 2310 4324; x_wconf 81' lang='grc' dir='ltr'>μένως.</span> <span class='ocrx_word' id='word_1_872' title='bbox 2343 4249 2643 4320; x_wconf 86' lang='grc' dir='ltr'>Νεώτερος</span> <span class='ocrx_word' id='word_1_873' title='bbox 2669 4252 2985 4321; x_wconf 78' lang='grc' dir='ltr'>ἐγενόμην,</span> <span class='ocrx_word' id='word_1_874' title='bbox 3017 4249 3150 4320; x_wconf 88' lang='grc' dir='ltr'>φησί</span> <span class='ocrx_word' id='word_1_875' title='bbox 3174 4266 3188 4280; x_wconf 74' lang='grc' dir='ltr'><strong>ο</strong></span> <span class='ocrx_word' id='word_1_876' title='bbox 3228 4249 3327 4303; x_wconf 80' lang='grc' dir='ltr'>καὶ</span> <span class='ocrx_word' id='word_1_877' title='bbox 3355 4248 3467 4317; x_wconf 75' lang='grc' dir='ltr'>γὰρ</span> <span class='ocrx_word' id='word_1_878' title='bbox 3492 4247 3774 4317; x_wconf 70' lang='grc' dir='ltr'>ἐγήρασα-</span> 
     </span>
    </p>
   </div>
   <div class='ocr_carea' id='block_1_112' title="bbox 2107 4335 3779 4407">
    <p class='ocr_par' dir='ltr' id='par_1_112' title="bbox 2107 4335 3779 4407">
     <span class='ocr_line' id='line_1_112' title="bbox 2107 4335 3779 4407; baseline -0.005 -10"><span class='ocrx_word' id='word_1_879' title='bbox 2107 4343 2209 4396; x_wconf 78' lang='grc' dir='ltr'>καὶ</span> <span class='ocrx_word' id='word_1_880' title='bbox 2272 4342 2387 4396; x_wconf 83' lang='grc' dir='ltr'>οὐκ</span> <span class='ocrx_word' id='word_1_881' title='bbox 2434 4336 2601 4394; x_wconf 82' lang='grc' dir='ltr'>εἶδον</span> <span class='ocrx_word' id='word_1_882' title='bbox 2647 4339 2884 4395; x_wconf 82' lang='grc' dir='ltr'>δίκαιον</span> <span class='ocrx_word' id='word_1_883' title='bbox 2944 4337 3582 4407; x_wconf 73' lang='grc' dir='ltr'>ἐγκαταλελειμμένον,</span> <span class='ocrx_word' id='word_1_884' title='bbox 3643 4335 3779 4390; x_wconf 69' lang='grc' dir='ltr'>οὐδὲ</span> 
     </span>
    </p>
   </div>
   <div class='ocr_carea' id='block_1_113' title="bbox 2108 4423 3775 4498">
    <p class='ocr_par' dir='ltr' id='par_1_113' title="bbox 2108 4423 3775 4498">
     <span class='ocr_line' id='line_1_113' title="bbox 2108 4423 3775 4498; baseline -0.005 -14"><span class='ocrx_word' id='word_1_885' title='bbox 2108 4429 2176 4484; x_wconf 85' lang='grc' dir='ltr'>τὸ</span> <span class='ocrx_word' id='word_1_886' title='bbox 2203 4428 2443 4498; x_wconf 66' lang='grc' dir='ltr'>σπέρμα</span> <span class='ocrx_word' id='word_1_887' title='bbox 2469 4428 2657 4482; x_wconf 84' lang='grc' dir='ltr'>αὑτοῦ</span> <span class='ocrx_word' id='word_1_888' title='bbox 2705 4424 2919 4496; x_wconf 79' lang='grc' dir='ltr'>ζητοῦν</span> <span class='ocrx_word' id='word_1_889' title='bbox 2959 4426 3200 4495; x_wconf 79' lang='grc' dir='ltr'>ἄρτους.</span> <span class='ocrx_word' id='word_1_890' title='bbox 3239 4423 3559 4497; x_wconf 82' lang='grc' dir='ltr'>Ἀρξώμεθα</span> <span class='ocrx_word' id='word_1_891' title='bbox 3585 4424 3775 4487; x_wconf 85' lang='grc' dir='ltr'>τοίνυν,</span> 
     </span>
    </p>
   </div>
   <div class='ocr_carea' id='block_1_114' title="bbox 2107 4510 3779 4590">
    <p class='ocr_par' dir='ltr' id='par_1_114' title="bbox 2107 4510 3779 4590">
     <span class='ocr_line' id='line_1_114' title="bbox 2107 4510 3779 4590; baseline -0.002 -20"><span class='ocrx_word' id='word_1_892' title='bbox 2107 4517 2210 4589; x_wconf 73' lang='grc' dir='ltr'>τῆς</span> <span class='ocrx_word' id='word_1_893' title='bbox 2265 4516 2468 4590; x_wconf 80' lang='grc' dir='ltr'>ἀρετῆς</span> <span class='ocrx_word' id='word_1_894' title='bbox 2501 4515 2684 4587; x_wconf 87' lang='grc' dir='ltr'>θῶμεν</span> <span class='ocrx_word' id='word_1_895' title='bbox 2742 4513 3074 4588; x_wconf 81' lang='grc' dir='ltr'>προοίμιονά</span> <span class='ocrx_word' id='word_1_896' title='bbox 3099 4530 3113 4545; x_wconf 87' lang='grc'><strong>·</strong></span> <span class='ocrx_word' id='word_1_897' title='bbox 3177 4511 3567 4582; x_wconf 86' lang='grc' dir='ltr'>ἐπιλαϐώμεθα</span> <span class='ocrx_word' id='word_1_898' title='bbox 3617 4510 3779 4581; x_wconf 80' lang='grc' dir='ltr'>αὐτῆς</span> 
     </span>
    </p>
   </div>
   <div class='ocr_carea' id='block_1_115' title="bbox 2113 4596 3781 4677">
    <p class='ocr_par' dir='ltr' id='par_1_115' title="bbox 2113 4596 3781 4677">
     <span class='ocr_line' id='line_1_115' title="bbox 2113 4596 3781 4677; baseline -0.005 -18"><span class='ocrx_word' id='word_1_899' title='bbox 2113 4605 2293 4677; x_wconf 90' lang='grc' dir='ltr'>μόνον,</span> <span class='ocrx_word' id='word_1_900' title='bbox 2345 4606 2441 4659; x_wconf 81' lang='grc' dir='ltr'>καὶ</span> <span class='ocrx_word' id='word_1_901' title='bbox 2494 4603 2616 4674; x_wconf 74' lang='grc' dir='ltr'>ὄψει</span> <span class='ocrx_word' id='word_1_902' title='bbox 2676 4596 2767 4657; x_wconf 73' lang='grc' dir='ltr'>οἷα</span> <span class='ocrx_word' id='word_1_903' title='bbox 2825 4601 2896 4655; x_wconf 89' lang='grc' dir='ltr'>τά</span> <span class='ocrx_word' id='word_1_904' title='bbox 2959 4599 3158 4670; x_wconf 90' lang='grc' dir='ltr'>ἀγαθά.</span> <span class='ocrx_word' id='word_1_905' title='bbox 3226 4599 3318 4670; x_wconf 84' lang='grc' dir='ltr'>Μὴ</span> <span class='ocrx_word' id='word_1_906' title='bbox 3377 4598 3489 4669; x_wconf 83' lang='grc' dir='ltr'>γάρ</span> <span class='ocrx_word' id='word_1_907' title='bbox 3555 4599 3781 4668; x_wconf 81' lang='grc' dir='ltr'>ἀπονητὶ</span> 
     </span>
    </p>
   </div>
   <div class='ocr_carea' id='block_1_116' title="bbox 2110 4685 3782 4763">
    <p class='ocr_par' dir='ltr' id='par_1_116' title="bbox 2110 4685 3782 4763">
     <span class='ocr_line' id='line_1_116' title="bbox 2110 4685 3782 4763; baseline -0.006 -15"><span class='ocrx_word' id='word_1_908' title='bbox 2110 4695 2294 4748; x_wconf 78' lang='grc' dir='ltr'>ἐκεῖνα</span> <span class='ocrx_word' id='word_1_909' title='bbox 2344 4690 2651 4763; x_wconf 86' lang='grc' dir='ltr'>κατορθοῖς,</span> <span class='ocrx_word' id='word_1_910' title='bbox 2702 4689 2785 4742; x_wconf 83' lang='grc' dir='ltr'>ὅτι</span> <span class='ocrx_word' id='word_1_911' title='bbox 2832 4687 2970 4760; x_wconf 91' lang='grc' dir='ltr'>πρὸς</span> <span class='ocrx_word' id='word_1_912' title='bbox 3015 4688 3190 4741; x_wconf 87' lang='grc' dir='ltr'>ταῦτα</span> <span class='ocrx_word' id='word_1_913' title='bbox 3250 4686 3563 4758; x_wconf 78' lang='grc' dir='ltr'>μαλακίζῃ;</span> <span class='ocrx_word' id='word_1_914' title='bbox 3639 4685 3782 4750; x_wconf 84' lang='grc' dir='ltr'>Ναὶ,</span> 
     </span>
    </p>
   </div>
   <div class='ocr_carea' id='block_1_117' title="bbox 2110 4773 3780 4853">
    <p class='ocr_par' dir='ltr' id='par_1_117' title="bbox 2110 4773 3780 4853">
     <span class='ocr_line' id='line_1_117' title="bbox 2110 4773 3780 4853; baseline -0.005 -19"><span class='ocrx_word' id='word_1_915' title='bbox 2110 4782 2298 4853; x_wconf 75' lang='grc' dir='ltr'>φησὶν,</span> <span class='ocrx_word' id='word_1_916' title='bbox 2330 4781 2515 4834; x_wconf 86' lang='grc' dir='ltr'>ἐκεῖνα</span> <span class='ocrx_word' id='word_1_917' title='bbox 2550 4778 2806 4848; x_wconf 71' lang='grc' dir='ltr'>ἀπονητὶ,</span> <span class='ocrx_word' id='word_1_918' title='bbox 2843 4775 3021 4831; x_wconf 88' lang='grc' dir='ltr'>ταῦτα</span> <span class='ocrx_word' id='word_1_919' title='bbox 3051 4773 3107 4828; x_wconf 75' lang='grc' dir='ltr'>δὲ</span> <span class='ocrx_word' id='word_1_920' title='bbox 3143 4775 3281 4844; x_wconf 86' lang='grc' dir='ltr'>μετά</span> <span class='ocrx_word' id='word_1_921' title='bbox 3309 4774 3495 4827; x_wconf 90' lang='grc' dir='ltr'>πόνου.</span> <span class='ocrx_word' id='word_1_922' title='bbox 3531 4774 3742 4841; x_wconf 79' lang='grc' dir='ltr'>’Δπαγε</span> <span class='ocrx_word' id='word_1_923' title='bbox 3765 4789 3780 4803; x_wconf 91' lang='grc'><strong>·</strong></span> 
     </span>
    </p>
   </div>
   <div class='ocr_carea' id='block_1_118' title="bbox 2111 4860 3785 4932">
    <p class='ocr_par' dir='ltr' id='par_1_118' title="bbox 2111 4860 3785 4932">
     <span class='ocr_line' id='line_1_118' title="bbox 2111 4860 3785 4932; baseline -0.004 -12"><span class='ocrx_word' id='word_1_924' title='bbox 2111 4866 2213 4921; x_wconf 89' lang='grc' dir='ltr'>οὐκ</span> <span class='ocrx_word' id='word_1_925' title='bbox 2273 4864 2390 4918; x_wconf 74' lang='grc' dir='ltr'>ἐστι</span> <span class='ocrx_word' id='word_1_926' title='bbox 2439 4862 2611 4925; x_wconf 90' lang='grc' dir='ltr'>τοῦτο,</span> <span class='ocrx_word' id='word_1_927' title='bbox 2648 4864 2750 4917; x_wconf 84' lang='grc' dir='ltr'>οὐκ</span> <span class='ocrx_word' id='word_1_928' title='bbox 2793 4862 2981 4916; x_wconf 81' lang='grc' dir='ltr'>ἐστιν⁹</span> <span class='ocrx_word' id='word_1_929' title='bbox 3037 4861 3153 4915; x_wconf 86' lang='grc' dir='ltr'>ἀλλ’</span> <span class='ocrx_word' id='word_1_930' title='bbox 3204 4862 3258 4915; x_wconf 81' lang='grc' dir='ltr'>εί</span> <span class='ocrx_word' id='word_1_931' title='bbox 3312 4879 3367 4915; x_wconf 90' lang='grc' dir='ltr'>τι</span> <span class='ocrx_word' id='word_1_932' title='bbox 3419 4862 3502 4915; x_wconf 84' lang='grc' dir='ltr'>δεῖ</span> <span class='ocrx_word' id='word_1_933' title='bbox 3558 4860 3785 4932; x_wconf 78' lang='grc' dir='ltr'>τάληθὲς</span> 
     </span>
    </p>
   </div>
   <div class='ocr_carea' id='block_1_119' title="bbox 2111 4947 3783 5022">
    <p class='ocr_par' dir='ltr' id='par_1_119' title="bbox 2111 4947 3783 5022">
     <span class='ocr_line' id='line_1_119' title="bbox 2111 4947 3783 5022; baseline -0.003 -15"><span class='ocrx_word' id='word_1_934' title='bbox 2111 4955 2309 5019; x_wconf 71' lang='grc' dir='ltr'>εἰπεῖν,</span> <span class='ocrx_word' id='word_1_935' title='bbox 2371 4953 2560 5006; x_wconf 86' lang='grc' dir='ltr'>ἐκεῖνα</span> <span class='ocrx_word' id='word_1_936' title='bbox 2612 4950 2811 5022; x_wconf 80' lang='grc' dir='ltr'>μᾶλλον</span> <span class='ocrx_word' id='word_1_937' title='bbox 2861 4949 3044 5014; x_wconf 90' lang='grc' dir='ltr'>πόνοις</span> <span class='ocrx_word' id='word_1_938' title='bbox 3091 4947 3449 5012; x_wconf 77' lang='grc' dir='ltr'>συνέζευκται</span> <span class='ocrx_word' id='word_1_939' title='bbox 3502 4949 3599 5002; x_wconf 56' lang='grc' dir='ltr'>καὶ⁵</span> <span class='ocrx_word' id='word_1_940' title='bbox 3649 4950 3783 5019; x_wconf 88' lang='grc' dir='ltr'>μετά</span> 
     </span>
    </p>
   </div>
   <div class='ocr_carea' id='block_1_120' title="bbox 2112 5034 3781 5110">
    <p class='ocr_par' dir='ltr' id='par_1_120' title="bbox 2112 5034 3781 5110">
     <span class='ocr_line' id='line_1_120' title="bbox 2112 5034 3781 5110; baseline -0.005 -14"><span class='ocrx_word' id='word_1_941' title='bbox 2112 5043 2277 5097; x_wconf 86' lang='grc' dir='ltr'>πόνου</span> <span class='ocrx_word' id='word_1_942' title='bbox 2329 5040 2567 5105; x_wconf 85' lang='grc' dir='ltr'>πλείονος</span> <span class='ocrx_word' id='word_1_943' title='bbox 2618 5036 2998 5110; x_wconf 85' lang='grc' dir='ltr'>κατορθοῦται,</span> <span class='ocrx_word' id='word_1_944' title='bbox 3049 5036 3224 5092; x_wconf 80' lang='grc' dir='ltr'>ταῦτα</span> <span class='ocrx_word' id='word_1_945' title='bbox 3258 5036 3337 5103; x_wconf 85' lang='grc' dir='ltr'>δὲ,</span> <span class='ocrx_word' id='word_1_946' title='bbox 3375 5034 3442 5090; x_wconf 83' lang='grc' dir='ltr'>ἂν</span> <span class='ocrx_word' id='word_1_947' title='bbox 3489 5034 3781 5107; x_wconf 85' lang='grc' dir='ltr'>ἐθέλωμεν,</span> 
     </span>
    </p>
   </div>
   <div class='ocr_carea' id='block_1_121' title="bbox 2112 5130 2334 5203">
    <p class='ocr_par' dir='ltr' id='par_1_121' title="bbox 2112 5130 2334 5203">
     <span class='ocr_line' id='line_1_121' title="bbox 2112 5130 2334 5203; baseline -0.005 0"><span class='ocrx_word' id='word_1_948' title='bbox 2112 5130 2334 5203; x_wconf 70' lang='grc' dir='ltr'>ῥᾳδίως·</span> 
     </span>
    </p>
   </div>
   <div class='ocr_carea' id='block_1_122' title="bbox 2181 5213 3784 5290">
    <p class='ocr_par' dir='ltr' id='par_1_122' title="bbox 2181 5213 3784 5290">
     <span class='ocr_line' id='line_1_122' title="bbox 2181 5213 3784 5290; baseline -0.004 -18"><span class='ocrx_word' id='word_1_949' title='bbox 2181 5218 2275 5289; x_wconf 83' lang='grc' dir='ltr'>Μὴ</span> <span class='ocrx_word' id='word_1_950' title='bbox 2303 5218 2369 5290; x_wconf 86' lang='grc' dir='ltr'>δὴ</span> <span class='ocrx_word' id='word_1_951' title='bbox 2412 5216 2781 5288; x_wconf 88' lang='grc' dir='ltr'>ἀποπηδῶμεν</span> <span class='ocrx_word' id='word_1_952' title='bbox 2804 5214 2915 5268; x_wconf 89' lang='grc' dir='ltr'>τῶν</span> <span class='ocrx_word' id='word_1_953' title='bbox 2949 5213 3108 5269; x_wconf 91' lang='grc' dir='ltr'>θείων</span> <span class='ocrx_word' id='word_1_954' title='bbox 3147 5213 3482 5285; x_wconf 87' lang='grc' dir='ltr'>μυστηρίων,</span> <span class='ocrx_word' id='word_1_955' title='bbox 3537 5229 3784 5282; x_wconf 84' lang='grc' dir='ltr'>παρακα-</span> 
     </span>
    </p>
   </div>
   <div class='ocr_carea' id='block_1_123' title="bbox 2111 5296 3783 5374">
    <p class='ocr_par' dir='ltr' id='par_1_123' title="bbox 2111 5296 3783 5374">
     <span class='ocr_line' id='line_1_123' title="bbox 2111 5296 3783 5374; baseline -0.003 -20"><span class='ocrx_word' id='word_1_956' title='bbox 2111 5301 2188 5355; x_wconf 92' lang='grc' dir='ltr'>λῶ</span> <span class='ocrx_word' id='word_1_957' title='bbox 2209 5319 2223 5333; x_wconf 85' lang='grc'><strong>·</strong></span> <span class='ocrx_word' id='word_1_958' title='bbox 2247 5302 2323 5374; x_wconf 85' lang='grc' dir='ltr'>μὴ</span> <span class='ocrx_word' id='word_1_959' title='bbox 2351 5302 2509 5356; x_wconf 89' lang='grc' dir='ltr'>τοῦτο</span> <span class='ocrx_word' id='word_1_960' title='bbox 2531 5302 2668 5374; x_wconf 81' lang='grc' dir='ltr'>ίδης,</span> <span class='ocrx_word' id='word_1_961' title='bbox 2699 5302 2782 5355; x_wconf 82' lang='grc' dir='ltr'>ὅτι</span> <span class='ocrx_word' id='word_1_962' title='bbox 2814 5302 2843 5354; x_wconf 94' lang='lat'>6</span> <span class='ocrx_word' id='word_1_963' title='bbox 2873 5300 2978 5371; x_wconf 89' lang='grc' dir='ltr'>πρὸ</span> <span class='ocrx_word' id='word_1_964' title='bbox 3000 5298 3093 5353; x_wconf 89' lang='grc' dir='ltr'>σοῦ</span> <span class='ocrx_word' id='word_1_965' title='bbox 3119 5299 3431 5366; x_wconf 71' lang='grc' dir='ltr'>φωτισθεὶς,</span> <span class='ocrx_word' id='word_1_966' title='bbox 3470 5296 3671 5366; x_wconf 89' lang='grc' dir='ltr'>φαῦλος</span> <span class='ocrx_word' id='word_1_967' title='bbox 3694 5296 3783 5365; x_wconf 86' lang='grc' dir='ltr'>γέ-</span> 
     </span>
    </p>
   </div>
   <div class='ocr_carea' id='block_1_124' title="bbox 2111 5383 3780 5461">
    <p class='ocr_par' dir='ltr' id='par_1_124' title="bbox 2111 5383 3780 5461">
     <span class='ocr_line' id='line_1_124' title="bbox 2111 5383 3780 5461; baseline -0.006 -17"><span class='ocrx_word' id='word_1_968' title='bbox 2111 5408 2257 5460; x_wconf 88' lang='grc' dir='ltr'>γονε,</span> <span class='ocrx_word' id='word_1_969' title='bbox 2297 5391 2393 5444; x_wconf 80' lang='grc' dir='ltr'>καὶ</span> <span class='ocrx_word' id='word_1_970' title='bbox 2438 5392 2538 5461; x_wconf 79' lang='grc' dir='ltr'>τῆς</span> <span class='ocrx_word' id='word_1_971' title='bbox 2569 5389 2784 5451; x_wconf 87' lang='grc' dir='ltr'>ἐλπίδος</span> <span class='ocrx_word' id='word_1_972' title='bbox 2810 5386 3034 5453; x_wconf 79' lang='grc' dir='ltr'>ἐξέπεσε</span> <span class='ocrx_word' id='word_1_973' title='bbox 3074 5386 3174 5455; x_wconf 81' lang='grc' dir='ltr'>τῆς</span> <span class='ocrx_word' id='word_1_974' title='bbox 3214 5383 3401 5449; x_wconf 90' lang='grc' dir='ltr'>αὐτοῦ,</span> <span class='ocrx_word' id='word_1_975' title='bbox 3438 5385 3532 5437; x_wconf 72' lang='grc' dir='ltr'>καὶ</span> <span class='ocrx_word' id='word_1_976' title='bbox 3557 5384 3780 5454; x_wconf 82' lang='grc' dir='ltr'>ὀκνηρό-</span> 
     </span>
    </p>
   </div>
   <div class='ocr_carea' id='block_1_125' title="bbox 2110 5472 3780 5552">
    <p class='ocr_par' dir='ltr' id='par_1_125' title="bbox 2110 5472 3780 5552">
     <span class='ocr_line' id='line_1_125' title="bbox 2110 5472 3780 5552; baseline -0.005 -18"><span class='ocrx_word' id='word_1_977' title='bbox 2110 5498 2268 5552; x_wconf 89' lang='grc' dir='ltr'>τερος</span> <span class='ocrx_word' id='word_1_978' title='bbox 2289 5479 2489 5534; x_wconf 88' lang='grc' dir='ltr'>σαυτοῦ</span> <span class='ocrx_word' id='word_1_979' title='bbox 2510 5479 2664 5552; x_wconf 78' lang='grc' dir='ltr'>γένῃ·</span> <span class='ocrx_word' id='word_1_980' title='bbox 2692 5478 2815 5532; x_wconf 79' lang='grc' dir='ltr'>ἐπεὶ</span> <span class='ocrx_word' id='word_1_981' title='bbox 2843 5479 2938 5531; x_wconf 76' lang='grc' dir='ltr'>καὶ</span> <span class='ocrx_word' id='word_1_982' title='bbox 2970 5481 3028 5530; x_wconf 84' lang='grc' dir='ltr'>ἐν</span> <span class='ocrx_word' id='word_1_983' title='bbox 3050 5478 3164 5539; x_wconf 92' lang='grc' dir='ltr'>τοῖς</span> <span class='ocrx_word' id='word_1_984' title='bbox 3189 5472 3546 5546; x_wconf 86' lang='grc' dir='ltr'>στρατιώταις</span> <span class='ocrx_word' id='word_1_985' title='bbox 3572 5472 3780 5546; x_wconf 76' lang='grc' dir='ltr'>ὁρῶμεν</span> 
     </span>
    </p>
   </div>
   <div class='ocr_carea' id='block_1_126' title="bbox 2109 5560 3783 5639">
    <p class='ocr_par' dir='ltr' id='par_1_126' title="bbox 2109 5560 3783 5639">
     <span class='ocr_line' id='line_1_126' title="bbox 2109 5560 3783 5639; baseline -0.005 -19"><span class='ocrx_word' id='word_1_986' title='bbox 2109 5570 2237 5632; x_wconf 83' lang='grc' dir='ltr'>τοὺς</span> <span class='ocrx_word' id='word_1_987' title='bbox 2268 5568 2367 5639; x_wconf 78' lang='grc' dir='ltr'>μὲν</span> <span class='ocrx_word' id='word_1_988' title='bbox 2401 5568 2502 5621; x_wconf 88' lang='grc' dir='ltr'>οὐκ</span> <span class='ocrx_word' id='word_1_989' title='bbox 2533 5569 2612 5631; x_wconf 83' lang='grc' dir='ltr'>είς</span> <span class='ocrx_word' id='word_1_990' title='bbox 2648 5566 2769 5620; x_wconf 89' lang='grc' dir='ltr'>δέον</span> <span class='ocrx_word' id='word_1_991' title='bbox 2806 5564 3124 5636; x_wconf 88' lang='grc' dir='ltr'>χρωμένους</span> <span class='ocrx_word' id='word_1_992' title='bbox 3146 5564 3211 5633; x_wconf 84' lang='grc' dir='ltr'>τῇ</span> <span class='ocrx_word' id='word_1_993' title='bbox 3258 5562 3536 5632; x_wconf 72' lang='grc' dir='ltr'>στρατεία,</span> <span class='ocrx_word' id='word_1_994' title='bbox 3563 5561 3688 5622; x_wconf 80' lang='grc' dir='ltr'>τοὺς</span> <span class='ocrx_word' id='word_1_995' title='bbox 3727 5560 3783 5613; x_wconf 78' lang='grc' dir='ltr'>δέ</span> 
     </span>
    </p>
   </div>
   <div class='ocr_carea' id='block_1_127' title="bbox 2110 5645 3783 5727">
    <p class='ocr_par' dir='ltr' id='par_1_127' title="bbox 2110 5645 3783 5727">
     <span class='ocr_line' id='line_1_127' title="bbox 2110 5645 3783 5727; baseline -0.006 -18"><span class='ocrx_word' id='word_1_996' title='bbox 2110 5656 2530 5727; x_wconf 87' lang='grc' dir='ltr'>εὐδοκιμοῦντας</span> <span class='ocrx_word' id='word_1_997' title='bbox 2553 5668 2569 5684; x_wconf 82' lang='grc'><strong><em>⁸</em></strong></span> <span class='ocrx_word' id='word_1_998' title='bbox 2605 5654 2700 5708; x_wconf 75' lang='grc' dir='ltr'>καὶ</span> <span class='ocrx_word' id='word_1_999' title='bbox 2731 5654 2792 5706; x_wconf 90' lang='grc' dir='ltr'>οὐ</span> <span class='ocrx_word' id='word_1_1000' title='bbox 2829 5655 2945 5716; x_wconf 88' lang='grc' dir='ltr'>τοῖς</span> <span class='ocrx_word' id='word_1_1001' title='bbox 2971 5650 3236 5722; x_wconf 77' lang='grc' dir='ltr'>ῥᾳθύμοις</span> <span class='ocrx_word' id='word_1_1002' title='bbox 3263 5648 3621 5720; x_wconf 87' lang='grc' dir='ltr'>προσέχομεν,</span> <span class='ocrx_word' id='word_1_1003' title='bbox 3653 5645 3783 5699; x_wconf 85' lang='grc' dir='ltr'>ἀλλά</span> 
     </span>
    </p>
   </div>
   <div class='ocr_carea' id='block_1_128' title="bbox 2109 5734 3783 5813">
    <p class='ocr_par' dir='ltr' id='par_1_128' title="bbox 2109 5734 3783 5813">
     <span class='ocr_line' id='line_1_128' title="bbox 2109 5734 3783 5813; baseline -0.008 -15"><span class='ocrx_word' id='word_1_1004' title='bbox 2109 5744 2331 5808; x_wconf 88' lang='grc' dir='ltr'>τούτους</span> <span class='ocrx_word' id='word_1_1005' title='bbox 2388 5742 2658 5813; x_wconf 83' lang='grc' dir='ltr'>ζηλοῦμεν</span> <span class='ocrx_word' id='word_1_1006' title='bbox 2713 5742 2841 5803; x_wconf 79' lang='grc' dir='ltr'>τοὺς</span> <span class='ocrx_word' id='word_1_1007' title='bbox 2889 5738 3307 5810; x_wconf 89' lang='grc' dir='ltr'>κατορθοῦντας.</span> <span class='ocrx_word' id='word_1_1008' title='bbox 3376 5736 3521 5808; x_wconf 91' lang='grc' dir='ltr'>Πρὸς</span> <span class='ocrx_word' id='word_1_1009' title='bbox 3580 5734 3783 5796; x_wconf 86' lang='grc' dir='ltr'>τούτοις</span> 
     </span>
    </p>
   </div>
   <div class='ocr_carea' id='block_1_129' title="bbox 2110 5821 3783 5902">
    <p class='ocr_par' dir='ltr' id='par_1_129' title="bbox 2110 5821 3783 5902">
     <span class='ocr_line' id='line_1_129' title="bbox 2110 5821 3783 5902; baseline -0.007 -16"><span class='ocrx_word' id='word_1_1010' title='bbox 2110 5832 2385 5902; x_wconf 87' lang='grc' dir='ltr'>ἐννόησον,</span> <span class='ocrx_word' id='word_1_1011' title='bbox 2411 5833 2526 5884; x_wconf 79' lang='grc' dir='ltr'>ὅσοι</span> <span class='ocrx_word' id='word_1_1012' title='bbox 2549 5830 2686 5900; x_wconf 90' lang='grc' dir='ltr'>μετά</span> <span class='ocrx_word' id='word_1_1013' title='bbox 2712 5828 2774 5882; x_wconf 89' lang='grc' dir='ltr'>τὸ</span> <span class='ocrx_word' id='word_1_1014' title='bbox 2797 5826 3052 5896; x_wconf 84' lang='grc' dir='ltr'>φώτισμα</span> <span class='ocrx_word' id='word_1_1015' title='bbox 3079 5824 3302 5892; x_wconf 86' lang='grc' dir='ltr'>ἄγγελοι</span> <span class='ocrx_word' id='word_1_1016' title='bbox 3333 5824 3455 5878; x_wconf 72' lang='grc' dir='ltr'>ἀντὶ</span> <span class='ocrx_word' id='word_1_1017' title='bbox 3484 5821 3783 5893; x_wconf 86' lang='grc' dir='ltr'>ἀνθρώπων</span> 
     </span>
    </p>
   </div>
   <div class='ocr_carea' id='block_1_130' title="bbox 2176 5918 3780 5995">
    <p class='ocr_par' dir='ltr' id='par_1_130' title="bbox 2176 5918 3780 5995">
     <span class='ocr_line' id='line_1_130' title="bbox 2176 5918 3780 5995; baseline -0.009 -10"><span class='ocrx_word' id='word_1_1018' title='bbox 2176 5936 2206 5976; x_wconf 71' lang='grc' dir='ltr'>ὶ)</span> <span class='ocrx_word' id='word_1_1019' title='bbox 2236 5934 2334 5984; x_wconf 73' lang='lat' dir='ltr'><strong>Alii</strong></span> <span class='ocrx_word' id='word_1_1020' title='bbox 2389 5938 2434 5983; x_wconf 88' lang='grc' dir='ltr'>οί</span> <span class='ocrx_word' id='word_1_1021' title='bbox 2471 5934 2556 5995; x_wconf 79' lang='grc' dir='ltr'>μὲν</span> <span class='ocrx_word' id='word_1_1022' title='bbox 2581 5932 2749 5988; x_wconf 78' lang='grc' dir='ltr'>παῖδες</span> <span class='ocrx_word' id='word_1_1023' title='bbox 2766 5930 3090 5995; x_wconf 72' lang='grc' dir='ltr'>λαμϐάνοντες</span> <span class='ocrx_word' id='word_1_1024' title='bbox 3175 5930 3197 5959; x_wconf 63' lang='grc' dir='ltr'>τ</span> <span class='ocrx_word' id='word_1_1025' title='bbox 3225 5927 3379 5977; x_wconf 73' lang='lat' dir='ltr'>Savil.</span> <span class='ocrx_word' id='word_1_1026' title='bbox 3408 5925 3610 5989; x_wconf 81' lang='lat' dir='ltr'><strong>aliique,</strong></span> <span class='ocrx_word' id='word_1_1027' title='bbox 3659 5918 3780 5982; x_wconf 75' lang='grc' dir='ltr'>ζῆθι.</span> 
     </span>
    </p>
   </div>
   <div class='ocr_carea' id='block_1_131' title="bbox 2114 5990 3297 6060">
    <p class='ocr_par' dir='ltr' id='par_1_131' title="bbox 2114 5990 3297 6060">
     <span class='ocr_line' id='line_1_131' title="bbox 2114 5990 3297 6060; baseline -0.008 -14"><span class='ocrx_word' id='word_1_1028' title='bbox 2114 5995 2142 6037; x_wconf 72' lang='grc' dir='ltr'>ἆ</span> <span class='ocrx_word' id='word_1_1029' title='bbox 2163 5999 2334 6060; x_wconf 78' lang='grc' dir='ltr'>Θῶμεν</span> <span class='ocrx_word' id='word_1_1030' title='bbox 2357 5990 2609 6059; x_wconf 79' lang='grc' dir='ltr'>προοίμιον</span> <span class='ocrx_word' id='word_1_1031' title='bbox 2631 5995 2779 6043; x_wconf 73' lang='lat' dir='ltr'>deest</span> <span class='ocrx_word' id='word_1_1032' title='bbox 2802 5990 2852 6041; x_wconf 66' lang='lat' dir='ltr'>ili</span> <span class='ocrx_word' id='word_1_1033' title='bbox 2878 5990 3171 6054; x_wconf 82' lang='lat' dir='ltr'>quibusdam</span> <span class='ocrx_word' id='word_1_1034' title='bbox 3198 6002 3297 6037; x_wconf 76' lang='lat' dir='ltr'>mss</span> 
     </span>
    </p>
   </div>
  </div>
