3946 6476
252 440 334 494 l8!
1252 434 1319 490 IN
1357 432 1536 488 ACTA
1575 420 2097 486 APOSTULORUM.
2140 425 2371 482 HOMIL.
2416 429 2607 486 XXIII.

263 554 494 609 maxime
516 548 668 610 illos
694 553 941 610 terrebat
969 570 983 606 :
1016 550 1044 605 1
1051 566 1139 618 pse
1173 558 1282 617 est,
1309 548 1396 619 qui
1421 546 1719 601 constitutus
1758 550 1830 593 est
1854 556 1887 592 a

280 650 372 705 Deo
398 648 571 717 inde:
599 649 844 703 vivorum
867 657 914 701 et
938 655 1273 699 mortuorum.
1306 641 1442 696 Hinc
1481 638 1724 708 sequitur
1749 633 1886 688 vali—

279 746 398 802 dum
445 751 849 813 argumentum
882 756 913 794 a
951 737 1227 811 prophetis
1268 755 1282 792 :
1315 734 1392 789 illi
1431 734 1571 787 enim
1606 731 1658 783 in
1700 740 1890 797 magna

288 833 691 891 existimatione
714 842 892 886 erant.
917 828 1054 884 Huic
1073 842 1245 881 omnes
1273 823 1534 895 praphelw
1555 816 1893 874 testimonium

293 928 577 996 perhibent.
615 923 913 994 Postquam
947 922 1136 974 timore
1165 915 1458 987 perculsit,
1505 920 1633 964 tunc
1678 906 1892 996 veniam

297 993 517 1083 inducit,
549 1034 662 1072 non
692 993 901 1078 abillo,
930 1013 1021 1068 sed
1050 1027 1080 1066 a
1108 1009 1384 1080 prophetis
1406 1005 1623 1058 dictam.
1656 999 1722 1053 Et
1748 993 1892 1067 quod

300 1110 536 1167 terribile
562 1118 706 1174 erat,
734 1107 802 1162 ab
830 1106 961 1170 illo;
990 1103 1130 1174 quod
1162 1110 1339 1155 autem
1371 1094 1574 1158 tuitius,
1602 1107 1634 1146 a
1665 1087 1898 1160 prophe-

301 1208 358 1259 tis
382 1202 854 1276 proﬁciscebatur.
885 1198 1157 1267 Quotquot
1184 1195 1322 1248 hanc
1347 1187 1720 1245 remissionem
1758 1194 1893 1276 conf

298 1272 509 1368 sequi-ti
538 1300 675 1350 estis
697 1333 714 1360 ,
759 1300 1018 1361 quotquot
1046 1289 1204 1342 ﬁdem
1248 1282 1389 1338 nacti
1424 1281 1592 1344 estis;
1617 1290 1740 1331 cum
1767 1272 1894 1327 doni

294 1389 727 1461 magnitudinem
757 1383 1050 1439 didiceritis
1069 1423 1086 1444 ,
1115 1382 1361 1442 obsecro,
1399 1376 1523 1429 date
1559 1384 1799 1461 operam,
1827 1380 1897 1421 ne

295 1459 737 1538 Bene-factorem
778 1474 1099 1531 contumelia
1163 1469 1432 1525 alliciatis.
1501 1459 1894 1519 Remissionem

300 1586 540 1642 namque
564 1568 887 1641 consequuti
916 1580 1120 1629 sumus,
1150 1579 1254 1617 non
1285 1569 1342 1616 ut
1367 1557 1664 1614 deteriores
1693 1550 1896 1607 efﬁcia-

301 1678 458 1725 mur,
484 1660 575 1714 sed
602 1667 661 1713 ιιι
688 1658 857 1712 multo
880 1656 1130 1711 meliores
1156 1664 1208 1709 et
1239 1651 1655 1722 praestantiores.

391 1754 524 1807 Deus
539 1767 642 1805 non
664 1760 740 1804 est
767 1765 921 1803 causa
948 1746 1216 1801 malorum.
1243 1773 1316 1784 —
1343 1742 1512 1798 Nemo
1537 1739 1697 1811 igitur
1720 1736 1896 1799 dicat,

314 1846 482 1899 Deum
502 1856 626 1897 esse
650 1840 807 1895 nobis
827 1853 1044 1895 causam
1070 1838 1354 1901 malorum,
1384 1833 1526 1905 quod
1556 1846 1663 1886 non
1690 1828 1896 1900 puniat,

302 1950 405 1991 nec
451 1933 773 2004 supplicium
818 1930 1036 1985 inferat.
1079 1930 1173 1983 Dic
1209 1928 1352 1983 enim
1392 1924 1545 1990 mihi,
1574 1924 1620 1979 si
1651 1922 1900 1992 princeps

295 2027 573 2097 quispiam
618 2032 830 2092 captum
877 2019 1199 2076 homicidam
1239 2017 1529 2081 dimiserit,
1559 2030 1626 2068 an
1666 2027 1898 2083 sequen-

295 2122 438 2174 tium
489 2116 725 2173 caedium
771 2123 957 2170 auctor
997 2129 1119 2169 esse
1155 2110 1518 2184 judicabitur?
1555 2107 1793 2163 Minime.
1838 2105 1904 2158 Et

293 2210 616 2280 quomodo,
644 2208 771 2263 dum
814 2207 990 2276 impiis
1033 2207 1230 2277 linguis
1269 2204 1529 2258 audemus
1564 2201 1674 2256 Deo
1712 2207 1903 2254 contu-

298 2302 527 2356 meliam
569 2299 804 2363 inferre,
834 2314 940 2352 non
974 2297 1253 2360 timemus,
1287 2310 1386 2350 nec
1426 2288 1903 2348 exhorrescimus?

296 2393 444 2462 Quid
474 2393 623 2447 enim
649 2407 756 2447 non
781 2390 998 2446 dicent?
1016 2387 1141 2459 quid
1164 2403 1269 2443 non
1296 2384 1618 2456 loquentur?
1645 2384 1764 2452 Ipse
1786 2397 1903 2451 per—

304 2488 477 2551 misit,
504 2486 754 2557 inquiunt
781 2502 795 2539 :
819 2484 1099 2555 oportebat
1121 2483 1266 2538 enim
1298 2482 1489 2552 dignos
1508 2480 1774 2551 supplicio
1797 2495 1903 2533 non

306 2578 605 2642 honorare,
653 2592 761 2630 non
804 2589 1086 2643 coronare,
1112 2590 1217 2628 non
1268 2574 1497 2643 primatu
1527 2570 1765 2640 dignari,
1808 2567 1906 2623 sed

307 2670 505 2738 punire
525 2679 584 2722 et
606 2668 821 2733 ulcisci;
857 2667 947 2722 ille
972 2681 1101 2722 vero
1127 2676 1334 2731 contra,
1359 2665 1485 2720 dum
1512 2663 1635 2718 illos
1658 2662 1905 2726 honorat,

307 2761 451 2815 tales
482 2760 631 2829 ipsos
657 2759 840 2815 efficit.
870 2758 968 2824 Ne,
996 2772 1178 2829 quazso
1207 2765 1262 2812 et
1285 2772 1402 2819 oro,
1434 2770 1504 2810 ne
1524 2753 1785 2824 quiSpiam
1814 2767 1911 2805 no-

310 2864 484 2907 strum
517 2853 682 2907 talem
720 2854 930 2908 emittat
966 2868 1173 2907 vocem.
1209 2850 1391 2906 Satius
1416 2849 1576 2904 fuerit
1609 2846 1910 2902 sexcenties

309 2944 518 3009 defodi,
542 2959 702 3013 quam
730 2943 897 2999 Deum
928 2959 1024 3014 per
1051 2958 1149 2998 nos
1175 2943 1298 2998 talia
1324 2942 1529 2997 audire.
1561 2938 1814 2994 Dicebant
1834 2935 1910 2990 illi

310 3049 372 3091 et
406 3037 582 3092 Judaei
618 3053 633 3091 :
677 3036 782 3104 Qui
819 3036 1035 3091 destruis
1070 3036 1347 3105 templum,
1380 3044 1427 3089 et
1461 3034 1516 3087 in
1546 3032 1704 3088 tribus
1738 3030 1913 3085 diebus

314 3128 605 3195 rewdiﬁcas
643 3126 793 3193 illud,
826 3127 968 3181 salua
994 3129 1343 3190 temetipsum;
1367 3134 1423 3180 et
1451 3139 1662 3179 rursum
1689 3140 1702 3177 :
1729 3121 1791 3177 Si
1818 3119 1912 3174 Fi-

316 3219 416 3273 lius
452 3217 555 3272 Dei
598 3234 681 3283 es,
714 3217 960 3273 descende
984 3217 1048 3272 de
1068 3233 1221 3272 cruce
1260 3215 1471 3289 (Matth.
1508 3214 1602 3269 27.
1644 3212 1759 3284 40).
1806 3210 1913 3267 Sed

320 3312 438 3366 haec
476 3312 583 3366 illis
629 3319 754 3364 sunt
781 3311 1050 3380 graviora.
1100 3308 1179 3363 Ne
1228 3309 1409 3378 itaque
1458 3321 1556 3376 per
1610 3319 1710 3360 nos
1755 3304 1916 3359 liceat

320 3403 496 3473 ipsum
540 3402 646 3456 dici
679 3401 969 3470 iniquitatis
997 3400 1271 3456 doctorem
1293 3440 1309 3464 ,
1342 3413 1518 3468 neque
1544 3413 1612 3452 ex
1646 3397 1776 3467 ipsis
1797 3396 1915 3449 bla-

318 3495 587 3563 sphemiis
617 3492 879 3563 supplicio
906 3491 1126 3546 obnoxii
1148 3490 1450 3546 efﬁciamur
1479 3489 1627 3559 (nam
1656 3489 1750 3549 ait,
1785 3485 1919 3540 Pro-

315 3597 433 3654 pter
470 3601 559 3639 eos
587 3600 767 3638 nomen
794 3600 961 3638 meum
985 3584 1365 3655 blasphematur
1399 3582 1454 3636 in
1479 3581 1707 3652 gentibus
1737 3578 1914 3652 [Ιίοηι.

318 3679 373 3732 2.
395 3675 495 3749 24]
522 3679 542 3746 )
577 3694 591 3729 :
618 3676 809 3730 demus
838 3690 1086 3745 operam,
1118 3685 1176 3730 ut
1218 3672 1487 3731 contraria
1528 3671 1800 3732 dicantur,
1830 3668 1917 3722 di-

320 3786 483 3840 gnam
524 3770 810 3824 vocatione
850 3778 1030 3823 nostra
1061 3768 1220 3822 vitam
1250 3765 1530 3831 ducentes,
1567 3773 1622 3818 et
1645 3763 1711 3818 ad
1744 3761 1919 3830 bapti-

321 3879 441 3917 sma
473 3861 784 3932 adoptionis
821 3859 1158 3914 accedentes.
1194 3858 1331 3913 Vere
1362 3871 1594 3926 namque
1619 3868 1808 3923 magna
1836 3860 1922 3908 est

325 3957 406 4009 vis
432 3953 708 4021 baptismi,
732 3967 852 4022 quae
872 3951 997 4005 doni
1020 3959 1298 4005 consortes
1317 3950 1454 4003 alios
1477 3964 1543 4001 ex
1572 3946 1691 4000 aliis
1714 3942 1918 4000 efﬁcit:

325 4062 433 4099 non
484 4044 614 4098 sinit
657 4042 902 4096 homines
930 4056 1054 4096 esse
1096 4040 1363 4095 homines.
1410 4038 1552 4101 Fac,
1605 4043 1663 4091 ut
1706 4032 1923 4105 gentilis

323 4137 519 4195 credat
548 4152 793 4207 magnam
820 4150 941 4190 esse
965 4135 1193 4202 Spiritus
1221 4133 1491 4197 virtutem,
1519 4144 1638 4200 quae
1665 4125 1920 4183 transfor-

323 4240 464 4292 met,
485 4244 609 4299 qua:
641 4237 980 4282 transmutet.
1008 4223 1114 4280 Cur
1134 4234 1405 4280 extremos
1426 4222 1623 4277 halitus
1642 4227 1925 4288 exspectas

324 4331 385 4376 ut
432 4319 708 4391 fugitivus,
756 4327 817 4373 ut
853 4317 1167 4381 sceleratus,
1213 4324 1269 4371 ut
1307 4316 1399 4385 qui
1440 4328 1547 4368 non
1585 4310 1785 4366 debeas
1812 4306 1926 4363 Deo

324 4415 513 4466 vivere
532 4411 559 4463 ?
588 4426 683 4464 cur
710 4410 779 4462 ita
807 4407 1030 4462 allectus
1058 4422 1139 4471 es,
1170 4421 1233 4460 ac
1261 4406 1308 4458 si
1337 4402 1686 4457 inhumanum
1717 4407 1773 4454 et
1798 4414 1924 4452 cru-

323 4507 509 4562 delem
534 4503 762 4557 haberes
790 4500 1118 4555 Dominum?
1148 4497 1275 4568 quid
1300 4495 1543 4567 frigidius
1563 4536 1578 4560 ,
1606 4492 1732 4564 quid
1763 4491 1929 4545 mise-

327 4596 565 4653 rabilius
609 4594 708 4659 iis,
748 4592 839 4663 qui
882 4601 1008 4645 tunc
1040 4589 1301 4658 baptisma
1341 4585 1655 4656 accipiunt?
1684 4585 1928 4639 Amicum

328 4700 385 4741 te
431 4684 564 4739 fecit
602 4683 763 4749 Deus,
802 4694 856 4736 et
898 4680 1150 4736 omnibus
1176 4679 1424 4749 dignatus
1451 4686 1533 4730 est
1563 4676 1738 4741 bonis,
1781 4683 1839 4728 ut
1875 4681 1932 4728 et

331 4780 452 4849 ipse
472 4791 559 4843 ea,
587 4790 707 4846 qum
731 4774 887 4829 amici
914 4782 1061 4839 sunt,
1084 4771 1360 4827 exhibeas.
1390 4769 1483 4825 Dic
1504 4769 1655 4834 mihi,
1678 4769 1723 4824 si
1746 4783 1934 4838 quem-

342 4871 480 4936 piam
525 4865 734 4936 injuriis
771 4876 827 4920 et
865 4864 1075 4933 probris
1103 4862 1375 4918 aﬂ‘ecisses
1401 4861 1777 4930 sexcentisque
1802 4873 1932 4912 con-

348 4958 498 5016 victis
522 4971 829 5024 onerasses,
859 4957 996 5035 etin
1026 4971 1214 5009 manus
1253 4955 1369 5024 ejus
1395 4952 1718 5008 incidentem
1763 4962 1815 5006 te
1843 4950 1934 5005 ille

358 5047 586 5101 vicissim
627 5049 941 5113 honoraret,
990 5057 1046 5101 et
1089 5061 1307 5100 suorum
1355 5045 1593 5106 omnium
1624 5051 1932 5097 consortem

352 5137 577 5202 faceret,
600 5149 652 5194 et
679 5140 820 5193 inter
845 5140 1047 5192 amicos
1077 5152 1174 5207 pro
1200 5137 1364 5191 illatis
1390 5134 1598 5203 iniuriis
1625 5142 1677 5188 te
1702 5149 1934 5190 corona-

350 5238 459 5293 ret,
489 5237 642 5299 teque
672 5239 729 5284 ut
755 5245 1071 5299 germanum
1101 5227 1268 5282 lilium
1306 5228 1503 5283 habere
1526 5226 1749 5290 diceret,
1781 5224 1938 5280 dein-

343 5318 524 5389 deque
552 5318 727 5373 subito
766 5331 1068 5374 moreretur
1100 5335 1114 5372 :
1143 5334 1320 5372 annon
1350 5318 1605 5373 damnum
1650 5316 1779 5371 illud
1817 5331 1940 5371 esse

344 5410 729 5466 existimares?
757 5425 935 5465 annon
967 5410 1195 5474 diceres,
1234 5410 1434 5465 Vellem
1467 5409 1617 5463 illum
1646 5408 1853 5474 vivere,
1883 5416 1943 5460 ιιι

345 5520 562 5574 possem
610 5505 781 5560 vicem
830 5505 1059 5560 reddere
1106 5519 1171 5559 ac
1213 5503 1530 5573 rependere,
1582 5517 1651 5558 ne
1703 5502 1942 5572 ingratus

346 5613 475 5667 erga
517 5598 922 5653 benefactorum
964 5596 1222 5651 viderer?
1250 5596 1365 5651 Jam
1396 5598 1475 5650 sic
1509 5610 1635 5666 erga
1669 5594 1939 5649 hominem

346 5690 572 5744 allectus
608 5704 709 5756 es;
744 5698 798 5744 et
835 5704 957 5743 cum
989 5688 1055 5742 de
1087 5689 1195 5744 Deo
1220 5690 1415 5759 agitur,
1458 5689 1530 5742 ita
1560 5685 1825 5742 decedere
1852 5700 1946 5739 cu-

346 5796 458 5846 ras,
507 5791 563 5837 ut
594 5792 671 5837 tot
711 5796 999 5837 munerum
1044 5782 1216 5836 datori
1261 5782 1433 5837 vicem
1482 5796 1588 5836 non
1636 5780 1944 5850 rependas?

348 5873 483 5941 Quin
526 5875 704 5944 potius
738 5884 865 5929 tunc
891 5872 1110 5940 accede,
1152 5889 1272 5929 cum
1316 5883 1471 5946 potes
1510 5875 1654 5944 paria
1697 5871 1941 5928 reddere.

1994 537 2104 592 Cur
2129 536 2306 609 fugis?
2344 541 2537 608 Etiam,
2566 545 2810 614 inquies;
2844 549 2938 605 sed
2962 567 3068 607 non
3099 569 3312 624 possum
3340 574 3426 613 me
3449 575 3584 616 cono

1995 631 2187 686 tinere.
2215 633 2358 704 Ergo
2388 636 2737 706 impossibilia
2767 648 3013 714 praecepit
3046 647 3220 703 Deus?
3248 649 3384 707 Hinc
3406 656 3583 709 omnia

1994 725 2250 781 subversa
2278 737 2422 796 sunt,
2447 729 2572 787 hinc
2594 733 2825 789 mundus
2850 750 3134 808 corruptus
3155 751 3257 807 est,
3279 746 3401 813 quia
3429 761 3589 801 nemo

2008 827 2148 871 :urat
2183 823 2477 875 secundum
2509 823 2674 878 Deum
2714 827 2915 884 vivere.
2944 831 3322 890 Catcclmmeni
3358 837 3460 893 hoc
3494 853 3590 893 cu-

1998 919 2180 963 rantes
2205 951 2221 976 ,
2255 912 2458 966 nullam
2500 914 2568 969 de
2598 927 2742 972 recta
2775 921 2878 974 vita
2919 921 3117 977 habent
3142 926 3587 995 Sollicitudinem;

1999 1003 2089 1069 qui
2117 1017 2243 1057 vero
2268 1004 2378 1074 jam
2407 1017 2532 1062 sunt
2558 1009 2862 1079 illuminati,
2892 1013 3082 1069 horum
3113 1017 3225 1081 alii,
3257 1020 3377 1089 quia
3417 1021 3591 1077 adhuc

1999 1105 2118 1145 cum
2165 1095 2315 1161 pueri
2365 1107 2547 1152 essent
2596 1099 2858 1170 baptisma
2904 1117 3259 1175 acceperunt;
3300 1110 3426 1173 alii,
3469 1113 3592 1181 quia

1999 1181 2316 1240 diﬂ'erebant
2347 1196 2400 1241 et
2429 1189 2483 1242 in
2508 1191 2700 1245 morbo
2728 1192 2943 1248 demum
2991 1196 3043 1250 id
3084 1209 3438 1269 acceperunt,
3470 1203 3592 1269 quia

2002 1275 2205 1330 nullum
2238 1276 2508 1335 habebant
2544 1282 2779 1338 studium
2811 1286 3024 1341 vivendi
3056 1290 3352 1345 secundum
3384 1293 3551 1347 Deum
3574 1335 3589 1355 ,

2001 1382 2176 1436 neque
2226 1368 2283 1423 hi
2326 1371 2552 1427 studiosi
2600 1383 2761 1441 sunt;
2808 1377 2898 1446 qui
2946 1388 3124 1434 autem
3168 1382 3308 1437 bene
3356 1384 3594 1438 valentes

2000 1471 2344 1528 acceperunt,
2380 1477 2564 1531 parum
2593 1475 2647 1519 et
2675 1466 2775 1535 ipsi
2822 1468 2983 1522 studii
3021 1470 3296 1536 exhibent,
3330 1482 3383 1526 et
3413 1475 3594 1528 statim

2001 1551 2252 1607 ardentes
2287 1554 2496 1622 ell'ecti,
2530 1568 2711 1625 postea
2756 1567 2810 1613 et
2857 1561 2953 1628 ipsi
2998 1563 3172 1631 ignem
3200 1565 3593 1618 exstinxerunt.

2003 1644 2196 1698 Annon
2229 1655 2380 1713 potes
2411 1649 2712 1716 negotiari?
2735 1665 2812 1717 an,
2831 1651 2900 1705 ah
2921 1668 3091 1708 uxore
3118 1663 3168 1708 te
3193 1654 3411 1723 separo?
3433 1659 3472 1708 Α
3498 1654 3599 1708 for-

2004 1737 2270 1792 nicntione
2291 1738 2532 1795 secludo.
2560 1739 2695 1795 Num
2721 1757 2750 1795 a
2781 1745 3127 1811 pecuniarum
3157 1761 3254 1800 usu
3280 1746 3483 1800 arceo?
3516 1746 3598 1799 Ab

2005 1829 2226 1883 avaritia
2273 1840 2475 1885 tantum
2525 1842 2581 1886 et
2622 1835 2828 1903 rapina.
2874 1836 3010 1891 Num
3037 1853 3173 1907 cogo
3202 1848 3271 1901 te,
3321 1849 3377 1893 ιιι
3417 1839 3595 1893 omnia

2005 1919 2289 1976 ell‘undas?
2318 1923 2493 1978 Pauca
2525 1933 2728 1979 tantum
2770 1942 2834 1981 ex
2877 1926 3218 1983 facultatibus
3253 1930 3438 1998 egenis
3478 1945 3598 1985 eroa

2006 2028 2132 2082 gare
2153 2012 2320 2082 juheo
2349 2014 2699 2082 (Abundantia
2727 2028 2911 2085 vestra,
2942 2020 3131 2090 inquit,
3153 2021 3224 2073 ad
3266 2020 3474 2075 illorum
3516 2024 3599 2076 in-

2007 2105 2174 2173 apiam
2196 2104 2271 2177 [2.
2297 2104 2414 2161 Cor.
2433 2107 2488 2162 8.
2515 2108 2723 2181 14]):ac
2743 2126 2917 2179 neque
2944 2112 3013 2165 ita
3037 2114 3439 2182 persuademus.
3463 2114 3599 2170 Nutu

2006 2197 2072 2252 ad
2095 2198 2443 2268 jejunandum
2471 2203 2759 2271 cogimus?
2787 2205 3111 2260 Ebrietatem
3139 2218 3192 2261 et
3229 2208 3406 2277 gulam
3453 2208 3603 2263 cohi-

2008 2291 2216 2346 bemus.
2264 2293 2354 2347 Illa
2399 2305 2738 2365 amptttamns
2779 2313 2899 2368 qua:
2931 2299 3021 2352 tibi
3055 2301 3435 2368 turpitudinem
3476 2301 3606 2356 alie-

2007 2394 2134 2438 runt
2158 2400 2171 2437 :
2194 2400 2313 2453 quin
2333 2386 2417 2441 vel
2432 2396 2555 2441 ante
2578 2387 2878 2458 gehennam
2905 2389 3602 2460 fugiendaetodiohahenda

2008 2487 2129 2528 esse
2169 2482 2222 2528 tu
2270 2475 2385 2544 ipse
2421 2476 2623 2531 fateris.
2660 2478 2797 2534 Num
2837 2481 2905 2535 ab
2940 2482 3296 2539 oblectatione
3323 2493 3378 2538 et
3409 2484 3605 2554 gaudio

2010 2564 2202 2617 arceo?
2224 2567 2263 2616 A
2290 2567 2427 2635 turpi
2449 2577 2598 2621 certe
2627 2578 2681 2621 et
2702 2569 2936 2639 indigno.

2082 2657 2137 2710 4.
2178 2656 2315 2722 Quid
2356 2657 2514 2712 times
2533 2657 2558 2708 Ἰ
2584 2659 2712 2728 quid
2738 2660 3039 2715 formidas?
3069 2661 3209 2730 Quid
3251 2664 3471 2719 tremis?
3499 2664 3602 2721 Ubi

2011 2749 2362 2815 conoubium,
2392 2749 2479 2804 ubi
2515 2765 2676 2820 opum
2705 2751 2951 2819 facultas,
2985 2753 3071 2807 ubi
3102 2755 3410 2810 moderatus
3431 2757 3605 2820 cibus,

2012 2856 2133 2910 quze
2159 2840 2363 2911 peccati
2388 2843 2599 2896 occasio
2629 2843 2745 2896 est?
2780 2843 2940 2913 Atqui
2980 2846 3148 2899 exteri
3191 2848 3457 2901 contraria
3505 2849 3608 2901 im-

2016 2941 2227 3003 perant,
2260 2943 2315 2987 et
2340 2933 2470 3003 ipsis
2499 2934 2921 3004 obtemperatur.
2950 2935 3064 2990 Non
3093 2938 3235 2991 enim
3276 2954 3339 2992 ex
3370 2939 3455 3001 iis,
3488 2954 3610 3008 qua:

2016 3035 2345 3098 suppetunt,
2385 3029 2639 3097 exigunt;
2682 3029 2777 3084 sed
2807 3029 3011 3097 dicunt,
3038 3030 3266 3085 Tantum
3295 3036 3424 3087 dare
3449 3048 3611 3102 opor-

2018 3131 2093 3175 tet
2135 3138 2150 3172 :
2192 3121 2240 3174 si
2282 3132 2646 3191 paupertatem
2675 3122 2957 3190 obtendas,
3001 3139 3175 3194 neque
3217 3126 3296 3179 sic
3324 3126 3609 3183 desistunt.

2015 3212 2267 3270 Christus
2290 3223 2468 3269 autem
2498 3230 2604 3269 non
2648 3216 2765 3279 sic;
2794 3216 2889 3271 sed
2932 3218 3028 3283 ait,
3071 3215 3153 3271 Ex
3194 3219 3259 3273 iis
3298 3234 3418 3288 qua:
3447 3219 3614 3276 habes

2019 3305 2167 3372 dato,
2194 3314 2356 3375 teque
2385 3306 2437 3360 in
2465 3307 2640 3375 primo
2665 3307 2856 3362 ordine
2875 3311 3218 3364 constituam.
3255 3311 3482 3366 Rursum
3511 3312 3612 3379 illi,

2020 3395 2076 3450 Si
2106 3397 2208 3462 vis,
2240 3398 2410 3460 aiunt,
2443 3397 2623 3451 clarus
2650 3411 2791 3462 esse,
2823 3398 3069 3469 relinque
3099 3408 3326 3468 patrem,
3365 3412 3613 3468 matrem,

2016 3499 2297 3558 cognatos,
2329 3487 2678 3555 domesticos,
2718 3497 2775 3543 et
2807 3489 2859 3544 in
2889 3492 3031 3557 regia
3062 3491 3272 3557 adesto,
3307 3493 3359 3547 in
3391 3494 3574 3549 labore
3594 3536 3611 3560 ,

2023 3581 2263 3643 miseria,
2286 3583 2564 3647 servitute,
2584 3584 2841 3637 aerumnis
2856 3586 3232 3656 sexcentisque
3253 3587 3410 3640 malis
3434 3604 3447 3641 :
3468 3588 3617 3642 Chri-

2022 3682 2136 3727 stus
2162 3687 2292 3727 vero
2314 3688 2420 3728 non
2446 3674 2542 3739 sic,
2573 3675 2666 3729 sed
2684 3715 2700 3740 ,
2723 3674 2854 3728 Esto
2883 3674 3026 3730 domi
3053 3691 3176 3731 cum
3205 3692 3372 3732 uxore
3397 3687 3453 3731 et
3478 3678 3616 3738 libe-

2023 3764 2120 3827 ris,
2144 3775 2195 3819 et
2221 3765 2300 3819 sic
2355 3773 2444 3818 tua
2491 3765 2737 3834 diSpone,
2779 3774 2839 3820 ut
2875 3767 3055 3837 quiete
3100 3777 3151 3823 et
3203 3768 3321 3822 sine
3364 3769 3619 3838 periculis

2025 3857 2189 3912 vivas.
2220 3857 2417 3925 Etiam,
2440 3858 2670 3929 inquies,
2698 3859 2791 3914 sed
2823 3859 2915 3915 ille
2947 3876 3079 3930 opes
3104 3860 3432 3931 pollicetur?
3457 3862 3618 3931 Atqui

2028 3950 2114 4005 hic
2154 3965 2376 4019 regnum
2425 3952 2705 4020 promittit,
2756 3951 2864 4006 imo
2910 3960 2965 4006 et
3007 3968 3135 4022 opes
3177 3968 3297 4007 cum
3328 3954 3419 4007 illo
3446 3971 3461 4011 :
3493 3969 3619 4008 nam

2026 4042 2100 4095 ait
2130 4058 2143 4095 :
2180 4041 2403 4106 Quwrite
2444 4042 2663 4112 primum
2691 4058 2904 4113 regnum
2930 4043 3208 4108 caelorum,
3237 4052 3285 4097 et
3315 4043 3422 4097 [nec
3450 4044 3622 4098 omnia

2028 4133 2335 4202 adjicientur
2367 4134 2503 4187 vobis
2532 4133 2552 4204 (
2577 4133 2763 4188 Matth.
2796 4134 2848 4188 6.
2887 4135 3018 4204 5'5).
3051 4135 3140 4190 Ille
3170 4153 3238 4190 ne
3268 4137 3320 4190 in
3349 4136 3622 4205 augmenti

2028 4223 2243 4293 quidem
2275 4232 2516 4292 partem,
2560 4223 2646 4279 hic
2684 4239 2811 4278 vero
2850 4224 3252 4279 antecedenter.
3293 4224 3482 4278 Junior
3523 4226 3619 4293 fui,

2031 4316 2233 4385 inquit;
2266 4316 2447 4370 elenim
2484 4316 2626 4369 senui
2653 4333 2672 4370 :
2698 4324 2744 4370 et
2775 4332 2875 4369 non
2913 4316 3018 4369 vidi
3051 4317 3248 4384 justum
3287 4316 3581 4370 derelictum
3603 4356 3621 4377 .

2032 4424 2123 4463 nec
2151 4424 2318 4463 semen
2340 4410 2453 4479 ejus
2480 4426 2709 4478 quaerens
2736 4425 2918 4479 panem
2939 4408 3109 4479 (Psal.
3139 4409 3226 4464 56.
3254 4408 3370 4481 25).
3402 4409 3627 4478 Incipia-

2033 4515 2155 4555 mus
2182 4516 2314 4571 ergo
2344 4500 2569 4554 virtutes
2601 4500 2770 4563 adire,
2804 4500 3009 4554 initium
3041 4514 3331 4569 ponamus,
3368 4500 3510 4555 illam
3536 4516 3626 4555 so-

2034 4590 2138 4646 lant
2170 4591 2543 4660 suscipiamus,
2574 4599 2628 4645 et
2657 4590 2862 4644 videbis
2886 4590 3063 4660 qualia
3086 4590 3246 4644 bona.
3267 4589 3404 4645 Num
3426 4592 3629 4661 absque

2036 4681 2221 4737 labore
2250 4682 2337 4736 illa
2364 4682 2604 4749 operaris
2623 4723 2639 4747 ,
2680 4682 2769 4751 qui
2797 4682 2852 4735 in
2881 4682 2962 4734 Itis
3000 4682 3070 4735 ita
3103 4682 3278 4735 mollis
3306 4682 3405 4736 es?
3431 4681 3627 4744 Etiam,

2037 4771 2267 4843 inquies,
2297 4771 2384 4825 illa
2408 4771 2525 4826 sine
2550 4771 2749 4837 labore,
2775 4772 2889 4826 hinc
2907 4786 3028 4825 cum
3052 4771 3255 4825 labore.
3281 4775 3461 4839 Apage
3485 4789 3499 4825 :
3523 4786 3629 4826 non

2038 4865 2110 4919 ita
2141 4880 2230 4920 res
2259 4873 2363 4930 est,
2393 4880 2499 4918 non
2528 4865 2601 4918 ita
2631 4865 2812 4934 utique
2837 4880 2852 4928 ;
2881 4864 2976 4919 sed
3003 4864 3046 4918 si
3075 4879 3203 4918 vere
3228 4862 3473 4917 dicamus
3494 4904 3510 4929 ,
3545 4862 3633 4918 illa

2038 4971 2160 5011 cum
2188 4955 2374 5011 labore
2402 4963 2459 5010 et
2482 4953 2684 5010 sudore
2710 4954 2935 5024 majori;
2965 4954 3080 5009 hinc
3105 4969 3234 5009 vero
3251 4994 3267 5020 ,
3299 4954 3345 5008 si
3369 4953 3598 5009 velimus
3616 4992 3634 5019 ,

2040 5047 2195 5102 facile
2223 5046 2590 5116 perficiuntur.

2110 5136 2379 5207 Baptisma
2404 5155 2506 5192 non
2532 5135 2890 5204 cli/ferendum.
2921 5168 2994 5179 —
3020 5137 3099 5194 Ne
3127 5139 3450 5206 resiliamus,
3478 5151 3635 5207 rogo,

2041 5246 2071 5284 a
2097 5230 2291 5285 divinis
2324 5230 2616 5301 mysteriis.
2651 5229 2731 5285 Ne
2759 5231 2811 5286 id
2850 5238 3082 5300 spectes,
3113 5231 3256 5302 quod
3296 5232 3363 5299 is,
3392 5230 3482 5301 qui
3510 5236 3636 5282 ante

2046 5331 2098 5375 te
2128 5320 2462 5393 illuminatus
2488 5330 2593 5390 est,
2630 5321 2906 5392 improbus
2932 5323 3002 5377 sit
3026 5321 3248 5378 ell‘ectns
3276 5334 3331 5378 et
3357 5338 3388 5377 a
3414 5336 3513 5391 spe
3539 5334 3636 5374 sua

2044 5412 2327 5481 exciderit,
2363 5430 2467 5468 neu
2498 5423 2550 5469 te
2576 5415 2693 5484 ipso
2720 5414 2937 5484 segnior
2964 5414 3083 5469 ﬁas.
3114 5415 3248 5469 Nam
3275 5415 3417 5470 inter
3441 5413 3639 5469 milites

2048 5505 2295 5561 videmus
2339 5503 2493 5573 alios,
2539 5507 2629 5576 qui
2673 5521 2778 5560 non
2819 5515 3040 5561 strenue
3079 5506 3263 5560 militia
3307 5504 3635 5576 funguntur,

2048 5597 2184 5651 alios
2214 5606 2392 5652 autem
2423 5598 2783 5666 conSpicuos:
2831 5612 3006 5666 neque
3035 5597 3241 5667 ignavis
3264 5595 3371 5649 illis
3402 5596 3637 5650 attendi-

2049 5704 2191 5757 mus,
2226 5689 2330 5744 sed~
2353 5688 2641 5759 praeclaros
2664 5689 3002 5743 aemulamur.
3050 5690 3134 5744 Ad
3179 5688 3295 5742 haec
3333 5687 3639 5756 considera,

2049 5792 2181 5850 quot
2210 5790 2329 5854 post
2361 5782 2619 5850 baptisma
2661 5780 2839 5851 angeli
2885 5796 2981 5851 pro
3017 5782 3323 5838 hominibus
3363 5782 3482 5837 facti
3509 5782 3637 5837 sint.

2051 5871 2206 5928 Time
2234 5873 2491 5929 incertam
2520 5872 2684 5929 futuri
2713 5872 3097 5931 conditionem.
3133 5874 3201 5933 Ut
3241 5873 3326 5930 fur
3353 5884 3533 5941 noctu,
3563 5874 3643 5930 sic
