3946 6424
535 429 635 482 133

531 557 675 593 nzors
703 540 876 591 veniet
899 535 973 606 (2.
1005 534 1144 588 Petr.
1173 534 1227 586 5.
1264 532 1386 598 10);
1412 545 1584 598 neque
1614 528 1785 581 solum
1816 535 1871 579 ut
1901 527 2004 580 fur.
2028 522 2122 576 sed

531 633 682 684 nobis
713 630 1104 683 dormientibus
1137 625 1371 688 invadet,
1401 633 1457 678 et
1504 621 1838 691 negligentes
1869 617 2122 685 abripiet.

537 726 661 778 ldeo
691 725 831 777 Deus
869 722 1105 776 ιἰιιιιιιιιη
1139 718 1355 787 reliquit
1393 718 1678 776 incertum,
1721 721 1778 766 ut
1803 726 2019 779 semper
2056 709 2127 761 oh

535 818 796 872 incertam
820 813 1273 882 exspectationem
1305 811 1354 862 in
1375 809 1569 862 virtute
1585 802 1980 874 degamus.Scd
2011 802 2123 855 cleo

535 923 688 960 mens
713 915 817 970 est,
853 905 1080 973 inquies.
1115 903 1404 970 Quousque
1425 897 1670 968 frigidum
1699 895 1824 950 illud
1851 905 1900 949 et
1933 893 2130 947 ridicu-

537 1000 645 1051 lum
687 997 887 1049 dictum
937 992 1300 1062 proferemus?
1349 990 1457 1057 Ego
1498 1003 1601 1041 non
1642 986 1801 1039 modo
1841 985 2126 1052 benignum

540 1105 660 1143 esse
690 1089 852 1142 Deum
888 1086 1030 1147 dico,
1059 1084 1151 1138 sed
1189 1093 1241 1136 et
1275 1081 1399 1134 nihil
1430 1095 1550 1135 esse
1581 1079 1670 1132 illo
1703 1077 2005 1146 benignius,
2037 1074 2126 1144 qui

541 1178 741 1231 utiliter
763 1176 940 1228 omnia
973 1183 1153 1227 nostra
1185 1174 1480 1240 dispenset.
1528 1170 1670 1236 Quot
1704 1170 1854 1222 vides
1885 1166 2130 1220 homines

542 1286 635 1338 per
665 1284 877 1322 onmem
919 1277 1130 1319 :etatcm
1175 1263 1528 1333 clephantiasi
1581 1261 1924 1315 laborantes?
1947 1271 2072 1329 quot
2103 1275 2131 1314 a

539 1371 707 1429 prima
745 1369 901 1412 :etate
932 1357 996 1410 ad
1027 1363 1298 1411 senectam
1329 1370 1497 1424 usque
1536 1368 1708 1408 οειιοος
1731 1395 1744 1416 ,
1777 1354 1913 1407 alios
1950 1361 2132 1420 postea

538 1469 712 1506 cazeos
757 1451 946 1516 factos,
976 1451 1112 1504 alios
1155 1450 1204 1502 in
1239 1456 1590 1516 paupertate,
1626 1447 1760 1499 alios
1797 1446 1848 1498 in
1886 1444 2131 1506 vinculis,

540 1545 677 1596 alios
705 1543 756 1596 in
787 1543 1038 1604 metallis,
1063 1541 1200 1595 alios
1240 1538 1802 1594 iuibicontumulatos.
1833 1538 1965 1591 alios
1995 1536 2135 1590 bello

543 1635 936 1703 interemptos?
964 1636 1384 1702 Annou,qua_-so,
1421 1631 1534 1684 lucc
1563 1645 1630 1684 ex
1660 1629 1986 1698 benignitate
2015 1643 2137 1697 pro-

547 1726 896 1779 ficiscuntur?
921 1741 1097 1778 annon
1124 1725 1236 1778 lucc
1265 1730 1473 1792 poterat
1496 1722 1755 1790 impedire
1781 1721 1823 1775 si
1849 1719 2137 1774 voluisset?

546 1818 640 1872 sed
670 1819 930 1886 permisit.
965 1818 1156 1872 Etiam.
1183 1815 1412 1884 inquies.
1437 1813 1515 1868 Tu
1539 1829 1666 1866 vero
1688 1813 1774 1866 dic
1798 1811 1948 1876 mihi,
1972 1825 2137 1880 quare

543 1909 761 1976 quidam
794 1922 897 1961 ηοιι
927 1923 955 1960 a
989 1908 1154 1975 prima
1199 1915 1356 1960 aetate
1383 1905 1554 1959 cteci?
1596 1903 1708 1958 Non
1737 1903 1938 1962 dicam,
1965 1902 2138 1956 donec

547 1999 852 2066 pollieearis
895 1998 1023 2051 mihi
1059 2011 1108 2051 te
1141 1995 1546 2052 illuminandum
1574 2011 1696 2050 esse
1722 2036 1736 2056 ,
1770 2007 1823 2048 et
1865 1994 2138 2047 illumina—

554 2099 666 2144 tum
697 2099 841 2144 recte
871 2092 1032 2144 vitam
1066 2090 1431 2144 iustituturum
1464 2104 1604 2143 esse.
1643 2087 1757 2141 Non
1790 2088 1911 2141 licet
1939 2086 2028 2138 tibi
2059 2099 2139 2138 Ia-

545 2179 614 2232 lia
647 2182 858 2234 solvere
886 2196 900 2234 :
932 2196 1104 2248 neque
1133 2181 1275 2232 enim
1323 2179 1608 2246 voluptatis
1634 2178 1800 2247 gratia
1831 2191 2010 2231 sermo
2034 2185 2136 2229 est.

545 2269 677 2323 Nam
705 2271 831 2325 licet
857 2271 993 2322 hanc
1023 2269 1246 2332 solvam,
1275 2269 1378 2322 alia
1403 2269 1654 2323 succedet
1679 2269 1906 2337 qutrstio
1939 2285 1952 2323 :
1985 2268 2144 2338 abys-

547 2375 640 2416 sus
665 2363 807 2415 enim
837 2361 1191 2429 ιιιιςιιειίοιιιιηι
1216 2370 1296 2413 cst
1315 2359 1610 2427 Scriptura.
1630 2357 1807 2423 Quare
1835 2373 1938 2411 non
1968 2358 2142 2411 solum

550 2468 618 2506 ne
643 2452 1008 2506 assuefaciatis
1030 2466 1145 2515 vos,
1181 2462 1236 2504 ιιι
1261 2451 1580 2506 solutionem
1606 2451 1878 2519 qumratis,
1905 2449 1999 2504 sed
2023 2465 2139 2503 om-

550 2545 700 2609 nino,
737 2554 791 2598 ut
823 2560 890 2598 ne
920 2546 1171 2612 qumratis
1203 2562 1212 2595 :
1247 2545 1479 2613 alioquin
1532 2558 1819 2611 numquam
1849 2542 1970 2596 finis
1999 2557 2144 2612 qute-

545 2636 779 2688 stionum
807 2637 927 2689 erit.
957 2635 1088 2688 Nam
1111 2636 1154 2688 si
1191 2635 1324 2689 hanc
1348 2636 1572 2696 solvam,
1591 2634 1737 2688 mille
1755 2634 2143 2704 quzestionibus

551 2726 687 2779 viam
735 2727 994 2794 aperiam.
1030 2726 1182 2781 Unde
1221 2725 1490 2781 discamus
1521 2727 1690 2796 magis
1732 2727 1833 2781 hoc
1874 2741 2138 2796 quterere,

547 2833 706 2884 quam
736 2818 958 2884 quaesita
987 2819 1217 2872 solvere.
1249 2817 1430 2887 Neque
1457 2821 1598 2873 enim
1631 2819 1673 2872 si
1703 2821 1991 2882 solvamus,
2027 2834 2146 2872 ont-

547 2907 676 2961 nino
703 2908 997 2973 solvimus;
1025 2911 1119 2962 sed
1157 2910 1450 2963 secundum
1482 2911 1770 2963 lnunauum
1805 2910 2140 2964 ratiocinium

549 3000 762 3068 propria
788 3001 974 3054 talium
999 3001 1194 3054 solutio
1227 3001 1357 3055 fides
1395 3011 1508 3067 est;
1550 3003 1689 3055 scire
1727 3017 1937 3070 nempe,
1978 3003 2142 3055 Deum

549 3091 730 3144 omnia
756 3091 930 3156 jusle,
975 3091 1202 3159 benigne
1232 3102 1286 3146 et
1318 3093 1522 3144 utiliter
1553 3092 1748 3152 facere,
1780 3107 1952 3161 neque
1984 3107 2143 3162 pOSse

552 3180 672 3247 ejus
724 3181 986 3234 rationem
1039 3183 1444 3251 comprehendi.
1499 3183 1624 3236 Ilaec
1661 3200 1760 3236 una
1803 3185 1998 3238 solutio
2035 3193 2138 3249 est,

551 3289 722 3342 neque
750 3273 851 3325 alia
887 3273 1078 3328 melior
1123 3276 1368 3334 habetur.
1401 3276 1532 3341 Qua:
1563 3277 1727 3341 enim,
1759 3291 1961 3345 quasso,
1993 3277 2143 3330 solu-

551 3367 627 3418 tio
655 3375 736 3419 est
759 3367 782 3418 ?
806 3365 1038 3420 Omnino
1067 3383 1170 3420 non
1205 3368 1341 3421 ultra
1363 3383 1607 3437 quan-ere
1635 3367 1706 3430 id,
1737 3367 1877 3434 quod
1906 3369 2142 3421 solutum

553 3467 658 3510 esu
687 3456 743 3510 Si
773 3457 875 3510 hoc
905 3458 998 3510 tibi
1045 3458 1374 3528 persuadeas
1395 3500 1410 3523 ,
1453 3474 1647 3527 nempe
1678 3459 2006 3528 providentia
2047 3458 2141 3512 Dei

549 3546 729 3599 omnia
771 3546 1158 3608 administrari,
1204 3548 1293 3617 qui
1344 3549 1449 3602 alia
1494 3549 1750 3618 permittit
1790 3564 1892 3618 qua
1935 3548 2143 3603 ratione

548 3639 665 3709 ipse
691 3641 860 3706 novit,
889 3642 990 3696 alia
1029 3651 1206 3696 autem
1251 3650 1524 3712 Operatur,
1553 3642 1621 3696 ab
1658 3643 1804 3696 omni
1843 3642 2140 3711 qutestione

1281 417 1339 471 S.
1369 411 1648 470 JO.\N.\'IS
1685 405 2160 464 CHRYSOSTOMI
2186 405 2501 460 AllClllEl’.
2544 404 3078 461 CONSTANTINOP.
3716 412 3796 468 lg;

2237 522 2488 576 liberatus
2518 538 2597 590 cs,
2625 533 2680 576 et
2722 523 3003 577 solutionis
3039 523 3242 578 lucrum
3277 524 3588 595 percepisti.
3627 526 3722 581 Sed
3747 535 3801 583 ad

2238 614 2574 683 propositum
2607 626 2960 670 revertamur.
2992 617 3124 682 Quia
3154 617 3318 686 igitur
3343 618 3495 670 vides
3519 630 3594 673 tot
3619 622 3666 673 in
3694 636 3804 691 Sup-

2239 706 2406 774 pliciis
2432 721 2572 772 esse,
2607 707 2882 778 Demnquc
2927 707 3042 762 hate
3081 711 3258 763 omnia
3309 720 3622 777 permittere
3647 730 3658 764 :
3687 719 3805 768 vale-

2236 795 2420 850 tudine
2448 799 2692 864 corporis
2720 809 2869 852 utere
2891 799 2955 851 ad
2979 800 3172 852 animze
3201 799 3590 853 valetudinem.
3618 800 3712 856 Sed
3737 804 3806 858 di-

2235 904 2326 943 ees
2353 906 2368 942 :
2399 889 2534 954 Quid
2566 890 2695 942 mihi
2723 905 2858 959 Opus
2901 901 2982 944 est
3021 893 3295 944 laboribus
3342 900 3400 946 et
3445 893 3672 955 miseria,
3704 910 3804 950 cum

2239 980 2367 1034 mihi
2395 982 2554 1036 liceat
2574 983 2752 1036 omnia
2781 984 2896 1037 sine
2927 984 3111 1037 labore
3141 984 3400 1038 solvere?
3433 983 3543 1037 Hoc
3566 995 3699 1038 certe
3717 1002 3804 1040 nun

2239 1071 2579 1127 manifestum
2627 1084 2730 1127 est.
2780 1073 3050 1143 Coutingit
3091 1077 3232 1127 enim
3275 1085 3334 1127 ut
3383 1092 3488 1127 non
3537 1075 3686 1129 modo
3719 1093 3802 1130 non

2239 1165 2356 1217 sine
2383 1163 2565 1216 labore
2587 1163 2782 1229 solvas,
2818 1165 2910 1216 sed
2938 1166 3098 1218 etiam
3129 1174 3182 1217 ut
3207 1164 3468 1218 omnibus
3493 1175 3704 1218 onustus
3725 1166 3802 1218 de—

2240 1253 2419 1308 cedas.
2445 1253 2712 1308 Cteterum
2744 1256 2954 1309 etiamsi
2989 1255 3089 1308 hoc
3120 1255 3472 1308 manifestum
3503 1265 3678 1320 esset,
3716 1272 3798 1309 non

2243 1343 2493 1398 ferendus
2526 1355 2700 1399 tamen
2731 1345 2816 1400 hic
2843 1361 3025 1399 sermo
3046 1354 3209 1400 εδει-ι.
3242 1346 3299 1397 In
3321 1345 3614 1399 certamina
3637 1348 3796 1400 traxit:

2241 1452 2387 1490 arma
2431 1436 2601 1505 posita
2639 1447 2763 1490 sont
2803 1453 2984 1491 aurea.
3031 1437 3165 1492 Cum
3201 1445 3487 1506 oporteret
3514 1439 3595 1492 illa
3627 1454 3794 1494 sumere

2242 1539 2298 1584 et
2343 1539 2594 1594 tractare,
2641 1540 2694 1584 tu
2744 1532 2823 1585 vis
2875 1530 3130 1599 inglorius
3172 1531 3408 1596 servari,
3443 1530 3671 1599 nihilque
3703 1533 3792 1584 bna

2242 1623 2476 1691 cperari.
2509 1621 2604 1677 Dic
2633 1622 2784 1688 mihi,
2805 1624 2849 1678 si
2879 1623 3074 1677 bellqu
3100 1625 3350 1688 instaret,
3382 1639 3583 1694 rexque
3605 1624 3792 1686 adesset,

2244 1727 2299 1770 et
2331 1717 2466 1771 alios
2505 1718 2714 1772 videres
2746 1719 2796 1771 in
2846 1719 3048 1772 medias
3092 1720 3390 1788 phalangas
3435 1733 3496 1771 se
3534 1719 3796 1776 immittere,

2245 1807 2514 1862 euadentes
2549 1816 2605 1862 et
2643 1809 2954 1863 innumeros
2981 1809 3293 1863 vulneribus
3335 1808 3646 1872 allicientes,
3673 1809 3799 1863 alios-

2245 1915 2350 1970 que
2378 1903 2428 1954 in
2460 1902 2727 1970 singulare
2747 1912 3016 1956 certamen
3039 1903 3455 1968 descendentes,
3488 1904 3616 1958 alios
3635 1905 3797 1956 saltan-

2247 2002 2350 2058 tes,
2379 1994 2512 2047 alios
2542 2009 2714 2064 equos
2740 1996 3025 2064 agitantes,
3051 2010 3079 2047 a
3112 2010 3238 2064 rege
3269 1995 3498 2058 laudari,
3529 1997 3578 2050 in
3606 1997 3797 2049 admira-

2251 2085 2392 2138 tione
2435 2086 2638 2147 haberi,
2675 2085 2948 2153 plausibus
2977 2087 3172 2151 excipi.
3221 2088 3507 2153 coronari;
3551 2088 3671 2140 alios
3696 2101 3796 2139 con-

2251 2185 2356 2237 tra,
2387 2177 2476 2244 qui
2507 2185 2753 2244 optarent
2783 2176 2912 2229 nihil
2948 2177 3069 2229 mali
3101 2178 3229 2245 pati,
3270 2186 3326 2231 et
3364 2178 3577 2231 ultimos
3603 2187 3795 2231 tenerent

2249 2267 2465 2320 ordines
2488 2285 2504 2322 :
2535 2267 2836 2336 deindeqne
2857 2269 3031 2322 soluto
3060 2269 3220 2332 bello,
3249 2269 3391 2323 alios
3417 2270 3609 2332 voeari,
3635 2269 3797 2337 magnis

2251 2359 2565 2412 muneribus
2595 2357 2788 2427 excipi,
2823 2367 2876 2412 et
2903 2359 3196 2422 celebrari;
3249 2360 3466 2414 illorum
3492 2375 3612 2414 vero
3635 2374 3692 2412 ne
3723 2373 3796 2410 no-

2250 2465 2371 2504 men
2403 2449 2620 2519 quidem
2644 2451 2890 2518 proferri,
2921 2449 3014 2505 sed
3040 2467 3196 2504 unatn
3225 2451 3458 2507 salutem
3488 2451 3706 2520 accipere
3727 2448 3796 2500 bu-

2251 2558 2441 2596 norum
2485 2541 2787 2596 mercedem
2821 2560 2833 2597 2
2867 2558 2936 2598 ex
2967 2551 3211 2596 [IU‘OI‘llm
3247 2559 3478 2597 numero
3503 2557 3616 2596 ρδεθ
3639 2539 3796 2595 velles?

2251 2632 2470 2686 Etiamsi
2507 2631 2750 2701 lapideus
2772 2647 2942 2698 esses,
2975 2633 3183 2687 etiamsi
3216 2633 3614 2688 insensibilibus
3649 2640 3694 2684 et
3732 2629 3794 2680 in-

2250 2723 2501 2777 animatis
2533 2723 2805 2792 ignavior;
2848 2739 3027 2778 annon
3055 2724 3256 2778 millies
3299 2736 3514 2794 optares
3543 2739 3601 2776 ex
3629 2721 3794 2774 illorum

2249 2829 2479 2869 numero
2503 2817 2666 2870 esse?
2711 2817 2879 2870 Etiam
2917 2831 3013 2869 oro
3051 2825 3105 2870 et
3133 2816 3388 2871 obsecro.
3440 2814 3644 2869 Etiamsi
3684 2812 3792 2866 enim

2250 2917 2576 2978 pugnantem
2603 2908 2798 2963 cadere
2824 2919 3119 2978 oporteret,
3145 2925 3326 2963 annon
3352 2909 3481 2964 illud
3503 2917 3692 2962 strenue
3709 2912 3795 2957 erat

2249 3001 2597 3070 eligendum?
2627 3002 2740 3055 Non
2777 3001 2928 3056 vides
2959 3017 3071 3064 eos,
3100 3002 3192 3072 qui
3239 3003 3293 3055 in
3335 3003 3417 3055 his
3447 3000 3592 3056 bellis
3619 2997 3790 3055 cadunt,

2249 3109 2408 3163 quam
2439 3093 2547 3146 sint
2575 3094 2706 3147 clari
2739 3102 2794 3148 et
2831 3094 3097 3163 gloriosi?
3132 3095 3298 3164 Atqui
3338 3103 3459 3164 post
3485 3101 3688 3146 mortem
3715 3102 3792 3140 non

2251 3194 2479 3254 possunt
2506 3201 2534 3238 a
2565 3201 2694 3256 rege
2724 3187 2998 3240 honorari.
3029 3186 3084 3242 In
3116 3187 3206 3242 illo
3232 3197 3418 3242 autem
3451 3187 3584 3241 bello
3610 3181 3719 3236 nihil
3737 3189 3792 3231 ta~

2253 3275 2325 3342 Ie,
2353 3275 2449 3330 sed
2479 3277 2697 3330 omnino
2723 3279 3046 3348 conspicuus
3068 3279 3198 3343 eris,
3227 3279 3275 3332 si
3303 3279 3578 3333 cicatrices
3601 3273 3789 3327 habeas:

2249 3383 2380 3437 quas
2397 3369 2599 3423 utinam
2618 3385 2716 3424 nos
2732 3387 2920 3424 omnes
2935 3370 3194 3425 exhibere
3216 3371 3508 3438 possimus,
3526 3369 3783 3422 etiamcstra

2249 3463 2714 3530 persequutiones,
2741 3465 2793 3516 in
2814 3462 3030 3518 Christo
3056 3462 3185 3517 Jesu
3224 3463 3458 3516 Domino
3497 3451 3782 3520 nostro.qui-

2247 3567 2368 3607 cum
2390 3553 2528 3607 Patri
2551 3564 2606 3608 et
2629 3554 2850 3623 Spiritui
2873 3564 3062 3608 saneto
3090 3553 3284 3623 gloria,
3318 3552 3615 3621 imperium,
3643 3545 3788 3601 honor.

2252 3659 2396 3700 nunc
2423 3653 2478 3699 et
2507 3659 2743 3714 semper,
2787 3653 2844 3699 et
2886 3645 2938 3700 in
2979 3644 3176 3699 sucula
3207 3645 3550 3699 satculorum.
3581 3641 3740 3692 Amen.

1946 3849 2294 3911 HOMILIA
2329 3849 2571 3911 XXIV.

551 4010 680 4066 Car.
713 4013 799 4067 10.
831 4028 880 4066 v.
913 4013 1002 4068 44.
1029 4013 1208 4067 Adhuc
1237 4015 1466 4085 loquente
1498 4012 1651 4067 Petro
1685 4012 1833 4066 verba
1863 4013 1990 4076 lucc,
2019 4013 2148 4065 ceci-

625 4106 700 4158 dit
726 4106 955 4177 Spiritus
990 4120 1196 4160 sanctus
1231 4124 1384 4176 super
1420 4123 1595 4160 omnes
1620 4107 1706 4176 qui
1738 4105 2009 4159 audiebant
2038 4121 2148 4159 ver-

623 4200 760 4254 bum.
791 4202 881 4256 45.
914 4199 984 4254 Et
1013 4201 1377 4270 obstupuerunt
1418 4217 1482 4254 ex
1525 4200 1904 4253 circumcisione
1948 4200 2142 4266 ﬁdeles,

623 4293 712 4360 qui
749 4303 984 4347 venerant
1026 4309 1140 4346 cum
1179 4291 1352 4357 Petro,
1384 4293 1502 4362 quia
1531 4301 1577 4345 et
1603 4292 1657 4344 in
1697 4293 1926 4344 nationes
1955 4291 2147 4343 donum

631 4384 859 4453 Spiritus
886 4386 1046 4439 sancti
1071 4383 1289 4451 e/fusum
1316 4395 1388 4438 est
1411 4399 1430 4437 :
1458 4385 1546 4438 46.
1575 4383 1850 4436 audiebant
1875 4383 2006 4436 enim
2031 4383 2148 4437 illos

627 4477 885 4544 loquentes
911 4479 1119 4548 linguis,
1149 4487 1194 4530 et
1223 4478 1607 4546 ntagni/icantes
1634 4475 1820 4530 Deum.

626 4568 679 4621 1.
731 4567 862 4621 Vide
912 4569 1004 4623 Dei
1048 4568 1430 4624 oeconomiam.
1481 4567 1596 4622 Non
1645 4567 1888 4637 permisit
1941 4566 2146 4622 absolvi

551 4673 878 4721 sermonem,
911 4675 1086 4729 neque
1107 4675 1172 4714 ex
1207 4667 1478 4729 praecepto
1501 4659 1644 4714 Petri
1666 4658 1991 4728 baptismum
2006 4658 2143 4722 dari;

551 4748 645 4802 sed
677 4751 798 4818 quia
830 4761 1062 4806 mentem
1093 4750 1418 4805 exhibebant
1457 4751 1778 4812 mirabilem,
1805 4758 1860 4804 et
1887 4749 2146 4804 doctrinae

553 4841 871 4908 principium
901 4852 1237 4912 acceperant,
1261 4843 1658 4912 credebantque
1682 4842 2002 4910 baptismum
2027 4856 2148 4896 esse

553 4933 926 4988 remissionem
951 4945 1318 5004 peccatorum,
1353 4947 1477 4991 tunc
1502 4937 1718 4992 advenit
1747 4936 1999 5005 Spiritus.
2033 4935 2147 4991 Hoc

553 5032 733 5076 autem
763 5023 942 5086 fiebat,
976 5027 1098 5095 quia
1133 5027 1272 5081 Deus
1303 5028 1683 5097 [)I’OSpiCicbai,
1719 5036 1776 5082 ut
1806 5027 1997 5082 Petrus
2027 5041 2146 5082 ma-

553 5128 712 5182 gnam
737 5113 1104 5171 defensionem
1140 5118 1375 5173 haberet.
1425 5119 1540 5173 Non
1580 5119 1740 5173 modo
1781 5127 1957 5174 autem
1989 5119 2149 5189 Spiri-

555 5214 666 5258 tum
697 5206 986 5274 aeeipiunt,
1021 5208 1114 5263 sed
1143 5210 1336 5276 linguis
1371 5211 1744 5279 loquebantur,
1774 5210 1827 5264 id
1853 5209 1996 5280 quod
2027 5223 2143 5273 eos,

552 5298 642 5367 qui
675 5311 1060 5366 convenerant,
1101 5303 1479 5370 obstupefecit.
1511 5301 1620 5356 Cur
1653 5303 1722 5356 ita
1757 5317 1842 5356 res
1873 5302 2151 5372 dispensa-

556 5395 678 5445 tnr‘l
704 5392 928 5460 Propter
956 5393 1172 5449 Judreos
1199 5415 1212 5450 :
1237 5396 1437 5449 etenim
1469 5394 1571 5450 hoc
1600 5395 1706 5450 illis
1733 5409 1981 5463 perosum
2010 5403 2145 5448 erat.

557 5482 679 5538 Ideo
721 5485 916 5555 ubique
953 5502 982 5538 a
1019 5487 1127 5542 Deo
1166 5497 1333 5542 totum
1363 5487 1609 5541 efficitur.
1664 5488 1727 5541 Et
1766 5487 1956 5540 Petrus
1995 5487 2146 5555 quasi

555 5571 777 5628 fortuito
803 5576 975 5641 adest,
1003 5576 1206 5633 docens
1225 5586 1476 5647 oportere
1493 5579 1709 5632 demum
1735 5577 1853 5630 illos
1875 5577 1938 5630 ad
1961 5589 2149 5645 gentes

552 5668 835 5735 accedere,
863 5679 917 5722 et
945 5671 1086 5739 quod
1119 5681 1340 5740 propter
1368 5686 1463 5726 eos
1490 5671 1540 5724 id
1567 5671 1676 5724 ﬁeri
1711 5685 1804 5738 par
1824 5671 1893 5723 sit
1925 5687 1939 5721 :
1976 5684 2149 5737 neque

555 5758 792 5810 mireris.
821 5761 950 5812 Cum
984 5763 1126 5816 enim
1175 5772 1292 5832 post
1327 5772 1492 5824 tanta,
1527 5771 1580 5817 et
1609 5764 1868 5816 (Stesarere
1899 5773 1952 5815 et
1991 5760 2145 5815 Jero-

557 5847 781 5917 solymis
808 5855 1175 5907 controversia
1206 5855 1381 5918 fuerit,
1417 5853 1544 5922 quid
1578 5870 1681 5906 non
1713 5855 1908 5906 laetum
1940 5853 2144 5910 fuisset,

2254 4011 2299 4066 si
2343 4013 2462 4066 luec'
2495 4029 2602 4066 non
2644 4012 2967 4082 subsequuta
2994 4017 3216 4070 essent?
3251 4017 3377 4071 ideo
3406 4017 3515 4069 lure
3552 4009 3688 4067 modo
3711 4004 3793 4058 sin-

2253 4103 2424 4173 gulari
2455 4103 2609 4158 fiunt.
2643 4103 2778 4159 Vide
2813 4114 2994 4159 autem
3035 4109 3310 4176 quomodo
3341 4107 3530 4162 Petrus
3564 4097 3792 4154 ιιοοηείοηθ

2251 4207 2470 4267 accepta
2494 4211 2554 4253 se
2581 4197 2856 4254 defendat.
2894 4201 3047 4266 Quod
3074 4211 3252 4255 autem
3298 4210 3415 4270 post
3449 4199 3580 4253 illam
3609 4185 3790 4279 occasio-

2251 4303 2379 4342 nem
2405 4289 2747 4358 respondeat,
2789 4291 2912 4346 audi
2940 4293 3323 4361 evangelistam
3352 4297 3639 4346 narrantem
3662 4275 3704 4335 et
3727 4275 3788 4329 (ll-

2251 4390 2463 4436 centem
2494 4399 2507 4434 :
2539 4383 2627 4436 47.
2660 4381 2803 4436 Tunc
2831 4385 3092 4454 respondit
3116 4384 3299 4439 Petrus
3333 4403 3352 4440 :
3381 4378 3630 4451 Numquid
3647 4384 3788 4440 atillam

2251 4473 2363 4540 quis
2393 4473 2656 4542 prohibere
2679 4485 2860 4540 potest,
2904 4485 2958 4526 ut
2984 4491 3084 4529 non
3115 4477 3430 4544 baptizentnr
3457 4474 3525 4535 lii,
3554 4468 3633 4540 qui
3651 4459 3787 4531 Spirl‘

2252 4574 2359 4617 tum
2385 4574 2614 4618 sanctum
2642 4575 2963 4637 acceperunt,
2991 4568 3123 4620 sicut
3151 4577 3196 4620 et
3224 4569 3353 4622 nos?
3384 4563 3562 4619 Viden’
3587 4572 3679 4628 quo
3703 4563 3786 4604 I't‘l“

2252 4655 2491 4720 deduxit,
2515 4665 2569 4711 et
2589 4673 2746 4726 quam
2769 4666 2990 4725 cuperet
3017 4657 3117 4712 hoc
3138 4658 3374 4713 efferre?
3415 4657 3500 4710 Sic
3523 4643 3786 4722 jamdudm"

2253 4746 2304 4800 in
2333 4747 2513 4800 animo
2543 4746 2792 4801 habebat.
2829 4747 3092 4818 Numquid
3121 4766 3326 4818 aquam,
3366 4747 3550 4815 inquit.
3580 4738 3678 4808 qui!
3697 4745 3789 4800 Pm‘

2253 4839 2423 4892 Itibere
2460 4841 2666 4909 potest?
2697 4840 2808 4894 lloc
2855 4840 2966 4894 fere
2999 4850 3080 4895 est
3127 4840 3449 4910 insurgentis
3489 4836 3536 4887 in
3578 4842 3686 4884 eos.
3717 4819 3786 4887 (Ιίιί

2255 4932 2623 5000 prohiberent,
2651 4947 2713 4986 ac
2739 4933 2982 4987 dicerent
3019 4933 3120 4988 hoc
3161 4950 3264 4986 non
3305 4941 3542 5000 oportere
3566 4917 3683 4976 fieri.
3705 4911 3781 4964 Το-

2207 5037 2211 5041 ·
2255 5033 2364 5078 tum
2394 5023 2586 5078 factum
2611 5035 2716 5088 est,
2748 5024 2937 5094 inquit,
2962 5025 3104 5094 quod
3129 5024 3297 5094 magis
3320 5015 3657 5077 necessarium
3676 5009 3782 5094 erat.

2252 5115 2512 5184 baptisma
2543 5131 2756 5185 nempe,
2781 5132 2889 5186 quo
2917 5131 3012 5171 nos
3045 5117 3291 5185 baptizati
3319 5124 3513 5168 sumus.
3545 5103 3624 5158 48.
3653 5095 3783 5152 Jusstl

2251 5207 2367 5260 illos
2406 5206 2653 5275 baptizari
2694 5209 2750 5261 in
2778 5208 2980 5262 nomine
3006 5207 3130 5262 Jesu
3160 5206 3360 5261 Christi.
3409 5203 3668 5264 Postquam
3691 5191 3785 5236 δεῦε

2256 5303 2518 5368 Ρυνὲιτδνὶῑ.
2569 5301 2729 5370 jussit
2771 5301 2891 5355 illos
2937 5300 3218 5369 baptizari,
3267 5298 3383 5352 illos
3424 5307 3514 5364 per
3555 5297 3631 5340 res
3670 5277 3781 5373 ipfni

2254 5391 2539 5446 instituens
2573 5409 2586 5444 :
2631 5393 2764 5446 adeo
2798 5407 2983 5458 perosa
3028 5408 3116 5446 res
3155 5398 3269 5445 erat
3297 5384 3507 5443 Judaéis.
3537 5371 3780 5436 ldeopl'i'Is

2253 5498 2373 5537 sese
2405 5492 2615 5550 Ριιτῐζειι.
2647 5484 2891 5551 quamvis
2939 5499 3030 5539 res
3070 5485 3200 5551 ipsa:
3249 5479 3552 5536 clamarent,
3593 5471 3642 5518 et
3679 5461 3776 5554 ιιξξιο

2255 5577 2526 5644 praecepit.
2548 5575 2694 5630 Tunc
2708 5586 3012 5646 rogaverunt
3037 5593 3169 5642 eum,
3198 5584 3253 5628 ut
3276 5574 3484 5626 maneret
3511 5559 3677 5646 aliqua!
3694 5546 3775 5646 ιξ³⁸³

2253 5636 2360 5720 bus.
2392 5636 2523 5720 ll'inc
2545 5668 2668 5736 jure
2694 5636 2790 5722 ille
2807 5681 2926 5720 cum
2947 5667 3136 5721 fiducia
3157 5636 3350 5720 manet.
3378 5636 3772 5736 (Car-ll-l‘t‘”

2252 5761 2452 5813 dierum
2482 5770 2647 5814 autem
2688 5760 2907 5830 apostoli
2944 5769 2990 5814 et
3018 5765 3218 5831 fratres,
3251 5756 3332 5824 qui
3370 5754 3511 5837 erant
3527 5729 3769 5837 infudit-ili

2250 5851 2490 5919 quoniam
2525 5859 2572 5904 et
2601 5862 2770 5920 gentes
2805 5829 3098 5919 receperant
3127 5849 3322 5904 rerbum
3353 5839 3455 5896 Iiei-
3487 5834 3535 5886 9ο
3563 5829 3667 5881 CW
3689 5829 3766 5865 “"'
