3946 6456
318 442 404 495 185
1232 433 1297 488 ΙΝ
1336 431 1510 487 ACTA
1553 430 2073 489 APOSTOLORUM.
2118 433 2346 488 HUMIL.
2389 433 2578 489 XXIV.

306 567 395 609 teut
417 550 702 608 ascendisset
741 548 925 602 Petrus
962 545 1360 616 Jerosolgtuam,
1393 545 1735 616 disceptabant
1760 546 1859 613 ad-

302 660 462 700 versus
504 642 642 697 illuni
676 641 759 710 qui
787 648 932 694 erant
974 654 1038 694 ea:
1075 637 1476 705 circumcisione,
1514 637 1777 692 dicentes:
1803 638 1857 693 5.

304 738 461 804 Quare
478 735 682 789 introisti
711 734 780 786 ad
804 733 937 786 viros
958 732 1262 802 prteputium
1290 731 1544 794 habentes,
1574 739 1620 783 et
1646 728 1862 783 mandu-

299 827 418 882 casti
440 841 549 879 cum
571 824 727 878 illis?‘
751 823 940 878 Postea
988 821 1349 893 Disceptabant
1390 822 1476 892 qui
1505 837 1567 876 ea:
1594 821 1859 876 circumci-

298 921 445 986 sione,
476 932 574 972 non
599 915 839 986 apostoli.
870 914 1008 983 Quid
1030 922 1113 969 est
1138 913 1287 981 illud,
1313 912 1675 983 Disceptabant
1693 914 1720 967 ?
1743 912 1860 967 Non

297 1025 494 1080 parum,
528 1008 707 1079 inquit,
736 1007 1162 1063 ot'fendebantur.
1196 1007 1263 1061 Et
1289 1005 1411 1061 vide
1430 1004 1556 1075 quid
1583 1004 1856 1075 obiiciant.

295 1104 397 1159 Non
425 1102 619 1166 dicunt,
648 1099 759 1154 Cur
802 1097 1178 1154 annuntiaSti?
1219 1095 1336 1161 sed,
1381 1095 1483 1151 Cur
1511 1113 1613 1150 ttna
1643 1096 1861 1150 mandu-

295 1195 408 1249 casti
426 1195 451 1247 ?
479 1184 661 1248 Petrus
703 1207 830 1248 vero
866 1206 973 1246 non
1002 1192 1054 1245 in
1085 1190 1187 1245 ltoe
1225 1188 1419 1259 frigido
1448 1188 1593 1244 dicto
1621 1197 1861 1242 moratur

298 1289 426 1357 (nam
453 1283 694 1355 frigidum
724 1298 850 1339 vere
876 1280 1044 1354 erat);
1075 1281 1167 1337 sed
1194 1282 1245 1336 in
1277 1296 1471 1352 magno
1498 1281 1612 1349 illo,
1632 1280 1819 1335 dicens
1846 1300 1859 1334 :

300 1378 349 1433 Si
372 1376 627 1446 Spiritum
674 1375 1121 1456 illi.acceperant,
1162 1374 1432 1444 quomodo
1476 1372 1579 1427 hoc
1618 1386 1726 1427 non
1757 1372 1860 1426 illis

298 1465 673 1523 concedendum
717 1466 871 1521 erat?
913 1464 1194 1533 Quomodo
1242 1479 1370 1535 ergo
1411 1464 1463 1518 in
1510 1462 1860 1519 Samaritauis

303 1563 385 1616 boc
409 1561 598 1615 factum
627 1575 732 1615 non
760 1567 862 1624 est,
892 1558 1000 1613 imo
1027 1559 1376 1623 contrarium,
1406 1573 1510 1612 non
1536 1557 1695 1612 modo
1712 1564 1853 1621 ante,

307 1652 379 1707 sed
413 1652 571 1707 etiam
613 1661 732 1721 post
773 1650 1134 1720 baptismum?
1174 1649 1356 1718 Neque
1387 1648 1811 1720 indignati-sunt
1840 1663 1855 1702 :

313 1746 392 1799 imo
412 1743 569 1799 etiam
604 1742 670 1798 ad
704 1758 824 1798 eam
865 1742 1034 1812 ipsam
1064 1758 1177 1817 rem
1225 1744 1506 1797 miserunt.
1540 1740 1740 1796 Verum
1773 1740 1859 1795 hic

310 1850 388 1889 non
412 1851 469 1888 ea
498 1834 567 1890 de
608 1850 668 1890 re
713 1844 1008 1901 accusant;
1037 1833 1280 1890 sciebant
1326 1833 1470 1889 enim
1515 1831 1619 1889 hoc
1660 1831 1859 1887 divina:

298 1930 455 1996 gratia:
492 1943 653 1995 esse;
682 1928 800 1996 sed,
836 1929 1026 1996 Quare,
1070 1929 1347 1999 inquiunt,
1398 1927 1715 1982 manducasti
1741 1943 1860 1980 cum

296 2019 417 2073 illis?
443 2020 690 2091 Alioquin
714 2035 843 2075 vero
869 2035 1119 2089 magnum
1141 2029 1195 2074 et
1224 2010 1545 2073 immensum
1568 2017 1858 2073 discrimen

294 2123 394 2167 erat
418 2113 780 2168 Samaritanus
805 2113 944 2168 inter
991 2123 1045 2167 ct
1084 2121 1292 2183 gentes.
1323 2112 1415 2168 Vel
1444 2113 1603 2168 etiam
1635 2126 1730 2182 per
1749 2110 1861 2166 dis-

294 2207 643 2273 pensationem
673 2206 885 2273 accidit,
914 2205 1058 2275 quod
1110 2206 1155 2259 is
1209 2214 1513 2270 accusetur,
1556 2214 1615 2259 ut
1651 2203 1727 2258 illi
1771 2203 1856 2258 di-

290 2308 425 2352 scant
450 2317 463 2353 :
487 2313 664 2368 neque
694 2298 837 2353 enim
874 2296 1067 2352 Petrus
1097 2312 1222 2352 rem
1263 2296 1381 2350 sine
1409 2311 1568 2351 causa
1602 2295 1856 2351 narravit.

296 2389 409 2444 Vide
435 2400 637 2456 autem,
664 2405 824 2461 quam
854 2390 923 2445 sit
949 2406 978 2445 a
1005 2388 1146 2445 fastu
1187 2397 1242 2445 et
1270 2404 1401 2443 vana
1428 2389 1599 2459 gloria
1628 2389 1855 2444 alienus.

289 2484 408 2539 Nam
434 2486 507 2539 ait
530 2503 543 2538 :
568 2485 623 2539 4.
656 2482 916 2552 Incipiens
943 2483 1143 2550 Petrus,
1174 2482 1453 2554 exponebat
1478 2483 1583 2537 illis
1606 2499 1695 2553 per
1715 2481 1860 2536 ordi-

289 2595 408 2645 nent,
432 2578 603 2633 dicens
624 2594 642 2631 :
663 2578 716 2633 5.
749 2576 860 2648 Ego
879 2594 1017 2633 erant
1040 2578 1094 2631 in
1120 2578 1318 2632 civitate
1343 2577 1514 2646 .loppe
1540 2593 1709 2631 orans.
1742 2575 1859 2630 Non

287 2670 404 2725 dicit
431 2686 618 2741 quare,
649 2669 732 2725 vel
757 2685 858 2740 qua
895 2669 1197 2726 occasione.
1250 2668 1318 2722 Et
1349 2669 1450 2723 vidi
1474 2669 1528 2723 in
1558 2669 1740 2723 utentis
1772 2682 1861 2723 ex-

286 2777 414 2815 cessu
444 2763 709 2828 visionem,
754 2761 1060 2816 descendens
1086 2778 1173 2815 vas
1201 2760 1459 2832 quoddam
1488 2760 1620 2815 velut
1650 2759 1861 2813 linteum

287 2870 532 2924 maguum,
574 2864 794 2925 quatuor
821 2855 979 2910 initiis
1018 2855 1290 2909 demissum
1330 2857 1394 2908 de
1429 2855 1589 2920 cwlo,
1634 2862 1681 2907 et
1726 2853 1861 2908 venit

285 2960 426 3014 usque
450 2944 518 2998 ad
543 2961 642 2999 me.
676 2943 728 2999 6.
759 2943 825 2998 In
852 2945 986 3013 quod
1010 2946 1211 2999 intuens
1241 2943 1655 3009 considerabam;
1684 2953 1729 2997 et
1758 2944 1862 2997 vidi

284 3036 623 3105 quadrupedia
661 3046 826 3103 lerrte,
869 3047 916 3090 et
962 3036 1164 3102 bestias,
1215 3044 1261 3090 et
1298 3036 1520 3106 reptilia,
1561 3045 1607 3089 et
1635 3035 1861 3090 volatilia

283 3127 404 3180 cteli.
437 3127 488 3180 7.
533 3126 719 3180 Audivi
765 3135 938 3181 autem
977 3142 1145 3181 vocem
1185 3128 1429 3183 dicentem
1471 3127 1640 3182 mihi:
1670 3127 1858 3200 Surge,

286 3214 440 3279 Petre,
469 3217 644 3271 occide
666 3226 712 3271 et
741 3218 1014 3272 manduca.
1047 3217 1184 3285 Quid
1231 3234 1328 3288 per
1357 3219 1471 3275 hate
1497 3219 1678 3275 dicere
1706 3220 1861 3275 vult?

282 3306 413 3364 Satis
438 3318 577 3374 erat,
614 3311 803 3380 inquit,
834 3310 1031 3367 vidisse
1055 3311 1275 3366 linteum
1306 3311 1371 3366 ad
1403 3312 1504 3369 hoc
1534 3313 1861 3381 persuaden-

280 3399 434 3466 dum;
464 3410 700 3455 attamen
730 3417 831 3455 vox
855 3417 1065 3473 quoque
1091 3402 1296 3472 adjecta
1318 3414 1419 3459 est.
1439 3403 1492 3459 8.
1520 3402 1643 3459 Dixi
1658 3414 1822 3459 autent
1839 3421 1860 3460 :

284 3489 634 3563 Nequaquam,
688 3490 935 3560 Domine,
985 3494 1103 3561 quia
1151 3510 1416 3549 commune
1457 3505 1504 3548 et
1546 3496 1862 3550 immundum

281 3601 546 3655 numquam
577 3586 802 3640 introivit
839 3587 893 3639 in
923 3602 979 3640 os
1009 3603 1196 3640 meum.
1236 3586 1470 3642 Viden'?
1499 3589 1642 3659 quod
1680 3605 1858 3644 meum

279 3682 406 3742 erat,
434 3677 629 3747 inquit,
670 3675 772 3732 feci
803 3695 816 3730 :
849 3677 982 3742 dixi,
1020 3677 1320 3747 Numquam
1368 3678 1599 3733 comedi.
1641 3680 1755 3735 lloe
1793 3680 1859 3734 ad

281 3764 345 3830 id,
373 3769 511 3837 quod
539 3767 792 3823 dicebant
821 3769 892 3824 illi
921 3787 935 3824 :
966 3768 1217 3836 Introisti,
1246 3780 1293 3823 et
1319 3770 1578 3824 contedisti
1601 3786 1716 3825 cum
1736 3770 1857 3825 illis.

280 3854 386 3912 lloc
423 3874 556 3915 vero
604 3874 711 3913 non
752 3860 886 3914 dixit
914 3861 1206 3916 Cornelio:
1245 3876 1420 3933 neque
1450 3862 1594 3917 enim
1636 3877 1860 3918 necesse

281 3958 402 4004 erat.
436 3951 489 4006 9.
542 3951 824 4022 Respondit
854 3961 1019 4007 autent
1051 3953 1176 4008 nti/ti
1210 3969 1307 4008 vox
1338 3954 1561 4009 secundo
1601 3954 1664 4008 de
1692 3955 1816 4009 ctelo
1841 3971 1860 4009 .'

232 4050 238 4055 ”
284 4039 400 4105 Quae
423 4042 563 4099 Deus
594 4045 876 4110 inundavit,
909 4055 964 4099 tu
997 4062 1059 4100 ne
1085 4047 1373 4100 communia
1398 4047 1608 4100 dixeris.
1636 4046 1725 4102 10.
1749 4045 1861 4101 Hoc

280 4144 437 4188 autem
475 4138 676 4206 factum
708 4146 781 4191 est
823 4146 897 4191 ter
922 4154 942 4192 :
973 4149 1019 4193 et
1057 4149 1279 4192 retracta
1304 4148 1423 4192 sunt
1451 4140 1621 4193 omnia
1658 4156 1861 4194 rursum

281 4227 329 4281 in
350 4230 542 4284 caelum.
570 4231 662 4285 11.
707 4230 776 4284 Et
803 4248 915 4286 ecce
934 4232 1030 4286 viri
1052 4241 1152 4285 tres
1188 4231 1453 4302 confestim
1481 4233 1779 4287 adstiterant
1807 4234 1861 4288 in

278 4316 439 4389 'domo,
462 4324 515 4377 in
543 4340 837 4394 quaeram,
859 4324 1001 4379 missi
1026 4341 1060 4379 a
1082 4324 1313 4380 Ctesarea
1332 4325 1399 4378 ad
1425 4341 1522 4379 me.
1556 4325 1746 4381 Narrat
1773 4340 1855 4391 ea,

285 4428 393 4482 qua).
418 4417 723 4473 necessaria
750 4427 904 4473 erant
927 4435 944 4483 ;
971 4419 1074 4473 alia
1106 4424 1264 4485 tacet,
1296 4418 1404 4473 imo
1433 4427 1488 4474 et
1510 4433 1606 4488 per
1629 4417 1745 4474 hinc
1771 4418 1861 4474 illa

287 4508 479 4572 probat.
515 4501 585 4564 Et
611 4509 751 4577 vide,
785 4509 1056 4580 quomodo
1084 4525 1206 4567 sese
1227 4520 1437 4581 purget,
1462 4512 1651 4567 nolens
1677 4511 1864 4566 docto-

286 4596 354 4650 ris
370 4600 686 4655 auctoritate
710 4600 783 4654 uti
810 4620 823 4655 :
856 4600 1061 4655 sciebat
1084 4601 1227 4655 enim
1258 4615 1317 4656 se
1341 4610 1542 4671 quanto
1567 4602 1861 4658 modestius

288 4686 604 4758 loquebatur,
642 4700 788 4746 tante
831 4693 997 4763 magis
1042 4693 1164 4748 illos
1202 4702 1485 4765 capturum
1513 4709 1659 4752 esse.
1688 4694 1859 4750 Nunt-

291 4796 420 4850 quam
452 4786 700 4853 introivit,
752 4786 944 4856 inquit,
981 4787 1035 4840 in
1075 4803 1131 4840 os
1170 4803 1335 4841 meum
1363 4803 1626 4841 commune
1660 4788 1739 4843 vel
1766 4788 1862 4842 itu-

297 4878 513 4932 mundum
571 4878 638 4933 Et
666 4879 744 4933 sic
786 4888 956 4934 totum
997 4879 1584 4935 ceconomiaa'del‘ensio
1614 4890 1749 4935 erat.
1797 4881 1860 4936 Et

306 4983 392 5025 ecce
412 4983 504 5028 tres
532 4974 631 5027 viri
646 4974 910 5045 confestim
931 4974 1231 5028 adstiterant
1252 4975 1303 5027 in
1325 4974 1494 5038 domo,
1516 4974 1567 5028 in
1585 4991 1685 5045 qua
1699 4991 1856 5029 erant.

314 5056 380 5111 η.
405 5062 532 5119 Dixit
567 5077 735 5121 autem
766 5066 891 5120 nti/ti
917 5065 1165 5137 Spiritus,
1208 5076 1260 5119 ut
1293 5068 1418 5120 irent
1451 5083 1563 5119 cum
1601 5067 1704 5121 illis
1734 5067 1861 5122 nihil

314 5149 532 5213 lttcsitans.

362 5243 405 5298 2.
442 5249 628 5305 Viden‘
668 5251 810 5321 quod
853 5249 1083 5319 Spiritus
1123 5250 1194 5304 sit
1240 5248 1549 5318 legislatio?
1601 5247 1860 5303 Venerunt

298 5349 441 5393 autem
468 5360 661 5397 mecura
680 5354 726 5397 et
754 5360 843 5399 sea:
868 5345 1052 5406 fratres
1080 5343 1183 5397 isti.
1215 5342 1354 5411 Quid
1383 5342 1542 5396 Petro
1570 5341 1855 5407 humilius,

296 5428 372 5497 qui
404 5434 559 5488 etiam
598 5435 685 5489 hic
736 5435 960 5490 fratrum
1008 5435 1371 5489 testimonium
1397 5433 1656 5489 adhibet?
1697 5433 1860 5489 Vene-

296 5532 397 5573 runt
424 5536 587 5578 autem
627 5543 818 5580 mecum
849 5544 938 5581 sea:
968 5531 1152 5598 fratres
1176 5568 1190 5590 ,
1242 5536 1288 5580 et
1330 5526 1548 5597 ingressi
1588 5543 1763 5581 sumus
1807 5526 1861 5580 in

299 5609 481 5668 domum
510 5617 622 5673 viri.
670 5620 756 5673 13.
784 5618 1025 5672 Narravit
1049 5628 1217 5671 autem
1237 5618 1401 5685 nobis,
1431 5618 1682 5686 quontodo
1708 5616 1862 5671 vidis-

298 5710 363 5753 εει
387 5705 611 5775 angelum
652 5710 706 5763 in
750 5709 901 5763 domo
945 5726 1040 5763 sua
1082 5718 1319 5774 stantem,
1361 5719 1408 5762 et
1432 5709 1681 5762 dicentem
1718 5709 1862 5763 sibi:

302 5789 434 5847 Mitte
456 5797 511 5851 in
534 5797 734 5871 lappen
761 5802 915 5868 viros,
945 5808 992 5854 et
1019 5802 1206 5855 accersi
1233 5799 1496 5855 Simonem
1524 5801 1860 5870 cognomina-

303 5892 398 5940 tum
425 5888 649 5961 Petrum,
680 5893 769 5948 14.
796 5892 885 5963 qui
908 5892 1139 5962 loquetur
1160 5891 1247 5947 tibi
1276 5890 1445 5962 verba,
1472 5891 1527 5947 in
1551 5892 1733 5964 quibus
1751 5891 1862 5948 sal-

3456 441 3558 495 186

1962 534 2063 601 'vus
2089 548 2187 602 eris
2217 558 2270 602 tu
2296 558 2344 603 et
2373 550 2604 606 uniuersa
2631 552 2810 605 domus
2840 562 2947 606 tua.
2978 551 3094 607 Non
3135 552 3267 608 dixit
3303 570 3363 609 ea
3387 598 3400 620 ,
3439 574 3556 627 qua:

1969 641 2036 697 ab
2064 642 2256 712 angelo
2297 642 2438 697 dicta
2484 643 2695 698 fuerant
2738 644 2990 702 Cornelio
3022 665 3034 699 :
3071 646 3340 702 Orationes
3372 660 3477 704 tutu
3509 660 3556 703 et

1968 731 2295 803 eleemosyua:
2317 742 2419 788 tua:
2440 735 2777 790 ascenderunt
2800 737 2852 791 in
2882 739 3177 792 memoriam
3203 740 3256 793 in
3283 750 3554 809 conspectu

1968 819 2087 888 Dei,
2116 838 2185 878 ne
2212 824 2330 879 illos
2350 824 2645 882 olfenderet
2669 843 2684 889 ;
2710 827 2806 882 sed
2831 843 2893 882 ea
2923 829 3108 893 verba,
3137 845 3258 900 qua:
3285 829 3415 885 nihil
3444 845 3557 884 ma-

1966 913 2056 982 gni
2084 914 2438 983 praeferebant
2471 934 2484 970 :
2515 915 2773 987 Loquetur
2798 918 2886 971 tibi
2908 920 3076 984 uerba,
3105 921 3358 991 inquibus
3383 921 3557 977 salvus

1966 1005 2066 1060 eris
2095 1015 2149 1059 tu
2185 1015 2231 1061 et
2274 1008 2507 1063 universa
2545 1009 2728 1065 domus
2770 1022 2877 1064 tua.
2924 1011 3131 1079 Viden’,
3173 1014 3444 1083 quomodo
3487 1030 3553 1069 ea

1965 1112 2123 1168 quam
2165 1100 2273 1155 dixi
2303 1101 2371 1157 de
2399 1116 2556 1157 causa
2589 1102 2846 1159 fesdnet?
2892 1103 2961 1159 Et
2989 1105 3121 1160 nihil
3153 1105 3222 1161 de
3252 1107 3353 1161 viri
3396 1123 3535 1161 man-

1964 1190 2247 1247 suetudine
2272 1192 2418 1248 dicit.
2453 1193 2594 1264 Ergo
2623 1194 2826 1265 Spiritu
2853 1195 3096 1250 mittente
3114 1237 3129 1262 ,
3165 1196 3278 1251 Deo
3301 1196 3549 1267 iubente,

1965 1297 2061 1351 per
2089 1285 2335 1353 angelum
2365 1286 2486 1341 inde
2512 1299 2756 1352 vocante,
2789 1287 2913 1343 hinc
2940 1297 3164 1358 urgente
3183 1331 3198 1355 ,
3229 1305 3407 1345 rerum
3444 1289 3556 1345 dis-

1962 1375 2164 1430 crimen
2192 1376 2462 1443 solvente,
2489 1380 2616 1449 quid
2643 1378 2943 1434 faciendum
2972 1380 3132 1435 erat?
3159 1380 3265 1436 Sed
3294 1380 3424 1435 nihil
3449 1381 3548 1435 lto-

1964 1480 2080 1520 rum
2110 1466 2262 1534 dixit,
2286 1484 2472 1523 verum
2497 1485 2524 1522 a
2550 1470 2847 1539 posteriore
2867 1472 3152 1527 confirmat
3176 1489 3190 1527 :
3219 1472 3363 1543 quod
3386 1473 3545 1528 etiam

1966 1571 2061 1625 per
2080 1572 2138 1613 se
2160 1558 2516 1614 indubitatum
2541 1570 2656 1615 erat
2678 1561 3062 1621 testimonium.
3089 1562 3155 1616 Et
3176 1577 3292 1626 cur,
3316 1562 3551 1633 inquies.

1965 1664 2070 1704 non
2101 1650 2203 1706 hoc
2231 1650 2429 1707 factum
2461 1663 2544 1709 est
2571 1654 2790 1709 solum?
2824 1655 2902 1710 Ex
2932 1653 3224 1710 abundanti
3258 1656 3310 1710 Iit
3350 1670 3378 1709 τι
3407 1658 3552 1720 Deo,

1967 1750 2023 1796 ut
2050 1740 2451 1799 demenstretur
2475 1745 2798 1816 principium
2822 1761 2929 1802 non
2956 1747 3024 1802 ab
3048 1747 3295 1818 apostolo
3322 1761 3464 1802 esse.
3495 1748 3551 1803 Si

1965 1842 2142 1889 autem
2170 1848 2265 1890 sua
2288 1845 2479 1907 sponte
2504 1837 2596 1892 illo
2625 1838 2893 1909 prolectus
2920 1848 3098 1907 esset,
3123 1848 3178 1896 et
3202 1840 3333 1895 nibil
3363 1841 3551 1896 borum

1964 1926 2163 1984 factum
2209 1929 2426 1996 fuisset,
2476 1931 2764 1987 admodum
2806 1933 2996 1989 otl'ensi
3034 1932 3282 1989 fuissent.
3327 1936 3368 1988 A
3406 1934 3555 2004 prin-

1965 2020 2104 2092 cipio
2130 2022 2228 2076 sibi
2256 2033 2489 2078 mentem
2517 2024 2727 2079 illorum
2765 2025 3042 2091 conciliat,
3073 2024 3201 2080 dum
3230 2024 3360 2080 dicit
3396 2026 3502 2078 illis
3536 2042 3550 2078 :

1968 2111 2067 2178 Qui
2104 2112 2356 2185 Spiritum
2385 2105 2615 2169 sanctum
2663 2125 2985 2186 acccperunt,
3010 2117 3137 2172 sicut
3162 2126 3208 2171 et
3234 2133 3344 2170 nos.
3373 2117 3438 2171 Et
3458 2117 3557 2171 ite-

1965 2220 2083 2259 rum
2114 2223 2128 2259 :
2159 2207 2245 2262 15.
2274 2205 2400 2262 Cant
2431 2216 2597 2262 autent
2624 2211 2882 2277 erupissent
2908 2210 3067 2280 loqui,
3102 2210 3287 2265 cecidit
3327 2209 3557 2279 Spiritus

1963 2307 2166 2353 sanctus
2193 2316 2347 2368 super
2371 2301 2510 2365 illos,
2539 2303 2668 2355 sicut
2691 2310 2737 2356 et
2762 2302 2816 2356 in
2847 2318 2938 2357 nos
2965 2303 3018 2356 in
3048 2302 3218 2356 initio.
3246 2301 3431 2371 Neque
3457 2301 3559 2357 hoc

1965 2398 2281 2455 contentus,
2312 2392 2532 2446 verbum
2559 2393 2770 2447 Domini
2797 2403 3207 2450 commemorat.
3236 2393 3324 2448 16.
3357 2392 3550 2447 Recor-

1965 2480 2115 2535 datus
2134 2492 2303 2537 autent
2336 2500 2447 2538 sum
2473 2485 2607 2539 verbi
2635 2484 2842 2539 Domini
2867 2486 2996 2540 sicut
3035 2486 3231 2539 dicebat
3261 2503 3278 2538 :
3321 2484 3551 2539 Joannes

1962 2572 2164 2641 quidem
2185 2573 2452 2644 baptizavit
2472 2591 2625 2645 aqua,
2655 2591 2740 2629 vos
2765 2585 2932 2630 autem
2958 2574 3336 2645 baptizabimini
3355 2576 3409 2629 in
3432 2575 3558 2645 Spi-

1964 2668 2067 2717 ritu
2085 2673 2257 2718 sancto
2288 2666 2307 2735 (
2333 2664 2519 2718 Matth.
2546 2667 2599 2720 5.
2632 2666 2693 2720 11
2724 2668 2765 2736 ).
2808 2666 2993 2736 Itaque
3025 2666 3157 2720 nihil
3184 2667 3305 2719 novi
3334 2666 3553 2731 accidit,

1964 2754 2059 2811 sed
2093 2755 2146 2810 id
2172 2756 2312 2826 quod
2342 2756 2687 2826 praedixerat.
2720 2760 2791 2812 At
2821 2773 2928 2812 non
2958 2758 3276 2828 oportebat,
3311 2758 3519 2829 inquies
3539 2800 3553 2821 ,

1965 2847 2219 2917 baptizari
2250 2864 2265 2902 :
2295 2848 2556 2919 baptisma
2583 2851 2727 2905 enim
2773 2849 3069 2919 perfectum
3101 2858 3251 2917 erat,
3285 2865 3408 2905 cum
3437 2848 3558 2920 Spi-

1946 2940 2100 2996 .ritus
2128 2950 2344 2996 sanctus
2373 2942 2423 2995 in
2452 2941 2570 2996 illos
2596 2941 2896 2997 descendit.
2937 2941 3063 2997 ldco
3103 2958 3208 2997 non
3242 2942 3393 3010 dicit,
3416 2942 3559 2998 Jussi

1965 3030 2257 3101 illos.prius
2283 3031 2576 3101 baptizari;
2607 3032 2701 3088 sed
2729 3032 2895 3103 quid?
2935 3033 3199 3103 Numquid
3224 3049 3412 3103 aquam
3441 3049 3560 3103 pro-

1965 3123 2134 3177 hibere
2156 3123 2269 3194 quis
2298 3132 2477 3194 potest,
2510 3133 2567 3177 ut
2595 3139 2696 3178 non
2737 3124 3053 3193 baptizentur
3092 3124 3188 3177 lii?
3216 3124 3340 3177 hinc
3370 3132 3559 3179 osten-

1964 3214 2132 3282 dens,
2185 3230 2245 3271 se
2271 3230 2370 3271 suo
2405 3227 2553 3270 motu
2593 3215 2724 3271 nihil
2771 3215 2985 3273 fecisse.
3030 3215 3182 3284 Quod
3244 3217 3404 3287 igitur
3456 3230 3553 3271 nos

1965 3306 2318 3373 habebamus,
2349 3308 2423 3362 illi
2445 3317 2792 3378 acceperunt.
2832 3309 2920 3363 17.
2955 3308 3017 3362 Si
3041 3324 3160 3378 ergo
3184 3308 3413 3362 eamdem
3442 3323 3560 3378 gra-

1966 3401 2087 3454 tiam
2113 3401 2250 3455 dedit
2276 3400 2436 3468 Deus,
2471 3404 2660 3472 inquit,
2702 3404 2830 3456 sicut
2859 3413 2904 3457 et
2934 3402 3095 3469 nobis,
3129 3403 3216 3472 qui
3244 3402 3556 3471 credidimus

1946 3492 2017 3546 .in
2042 3491 2317 3546 Dominum
2342 3492 2516 3546 Jesum
2547 3509 2565 3546 :
2591 3509 2682 3563 ego
2709 3494 2823 3564 quis
2850 3510 3008 3561 erant,
3041 3495 3127 3563 qui
3158 3509 3353 3564 possem
3382 3494 3561 3565 prohi-

1964 3581 2077 3636 bere
2105 3582 2308 3636 Deum?
2337 3583 2402 3638 Ut
2431 3599 2495 3637 ex
2524 3584 2814 3638 abundanti
2847 3584 3057 3638 illorum
3090 3599 3185 3638 ora
3216 3584 3521 3639 obstruerct
3541 3625 3557 3651 ,

1965 3673 2087 3728 ideo
2113 3673 2335 3728 addidit.
2368 3672 2620 3729 Eamdem
2644 3676 2884 3746 gratiam.
2916 3673 3128 3741 Viden’,
3154 3675 3425 3745 quomodo
3451 3690 3557 3730 non

1966 3767 2208 3835 permisit
2235 3766 2356 3822 illos
2379 3766 2557 3822 minus
2586 3766 2816 3833 habere,
2852 3767 2943 3838 qui
2972 3767 3140 3822 semel
3172 3767 3558 3823 credidissent?

1965 3860 2154 3916 Parem
2184 3860 2410 3931 gratiam
2439 3860 2586 3916 dedit
2628 3861 2734 3916 illis
2764 3862 2904 3917 Deus
2931 3903 2945 3929 ,
2991 3862 3206 3933 qualem
3238 3862 3393 3916 nobis
3412 3901 3428 3926 ,
3463 3864 3556 3931 qui
3581 3936 3586 3941 ὓ

1967 3953 2288 4009 credidimus
2319 3954 2370 4008 in
2403 3954 2686 4008 Dominum
2735 3971 2748 4007 :
2793 3953 2972 4024 itaque
3018 3954 3133 4023 ipse
3176 3963 3366 4024 purgat
3416 3953 3557 4008 illos.

1964 4044 2148 4116 Neque
2188 4044 2354 4110 dicit,
2406 4044 2570 4101 Vobis
2594 4087 2608 4106 .
2660 4045 2792 4113 sed,
2827 4044 3035 4109 Nobis;
3081 4046 3203 4100 hinc
3232 4046 3395 4101 etiam
3438 4061 3580 4101 ser:

1965 4151 2180 4191 mortem
2211 4137 2479 4206 mitigans.
2530 4137 2666 4205 Quid
2705 4151 2832 4207 ergo
2874 4135 3260 4206 indignamini,
3294 4151 3413 4190 cum
3456 4150 3555 4190 nos

1966 4228 2109 4298 ipsos
2140 4228 2422 4297 participes
2442 4227 2718 4281 dicamus?
2741 4226 2828 4281 13.
2862 4225 2961 4280 llis
2984 4226 3195 4291 auditis,
3228 4227 3545 4296 quieverunt,

1966 4329 2012 4372 et
2040 4318 2450 4389 gloriﬁcaverunt
2493 4317 2699 4384 Deum,
2746 4320 2967 4374 dicentes
3009 4335 3028 4372 :
3059 4317 3223 4390 Igitur
3255 4327 3298 4372 et
3328 4318 3559 4389 gentibus

1967 4411 2310 4481 paenitentiam
2335 4412 2471 4464 dedit
2504 4411 2638 4465 Deus
2662 4412 2730 4465 ad
2756 4412 2929 4465 vitam.
2976 4411 3157 4466 Vidcu’
3186 4411 3457 4482 quomodo
3486 4425 3554 4467 ex

1966 4502 2224 4558 concione
2254 4503 2397 4558 Petri
2428 4512 2596 4558 totum
2637 4502 2836 4559 factum
2869 4503 2975 4569 sit,
3008 4503 3096 4574 qui
3127 4518 3225 4570 ea,
3273 4518 3391 4573 qua:
3423 4502 3558 4558 facta

1968 4593 2196 4659 fuerant,
2227 4604 2373 4649 recte
2395 4595 2735 4649 narraverit?
2762 4594 2885 4650 Ideo
2907 4595 3339 4665 glorificaverunt
3366 4594 3557 4657 Deum,

1965 4684 2109 4754 quod
2139 4685 2298 4739 etiam
2330 4684 2437 4741 illis
2468 4686 2834 4756 pcenitcntiam
2876 4685 3086 4741 dederit
3120 4704 3133 4741 :
3176 4689 3249 4741 ita
3293 4686 3557 4741 humiliari

1964 4785 2089 4830 sunt
2108 4776 2175 4831 ab
2197 4776 2280 4833 his
2301 4778 2658 4833 sermonibus.
2690 4777 2825 4832 Hinc
2852 4787 3035 4847 aperta
3059 4778 3277 4833 demum
3304 4779 3559 4848 gentibus

1961 4870 2123 4940 janua
2152 4870 2267 4925 fuit.
2302 4870 2430 4939 Sed,
2464 4871 2507 4925 si
2540 4871 2736 4941 placet,
2767 4872 3045 4941 superiora
3076 4870 3407 4941 repetamus.
3442 4871 3557 4925 Non

1964 4963 2119 5030 dixit,
2151 4963 2491 5033 Disceptabat
2518 4964 2708 5019 Petrus
2730 5003 2746 5027 ,
2776 4964 2872 5019 sed
2893 5004 2909 5030 ,
2944 4963 3043 5029 Qui
3070 4974 3214 5018 erant
3244 4981 3306 5019 ea:
3331 4964 3551 5019 cireum-

1965 5055 2152 5109 cisione
2173 5069 2192 5108 :
2218 5055 2468 5125 quoniam
2498 5056 2612 5125 ipse
2635 5055 2867 5121 sciebat,
2892 5056 3034 5125 quod
3060 5058 3363 5124 parabatur.
3390 5055 3552 5124 Atqui

1967 5145 2097 5200 illud
2127 5147 2409 5215 oportebat
2438 5146 2655 5215 mirari,
2695 5146 2964 5217 quomodo
2991 5156 3043 5201 ct
3071 5146 3147 5201 illi
3177 5143 3550 5202 credidissent.

1965 5237 2193 5304 Quando
2224 5237 2384 5308 igitur
2425 5239 2739 5303 audierunt,
2793 5237 2936 5308 quod
2983 5236 3372 5297 credidissent,
3422 5233 3557 5287 nihil

1968 5330 2107 5399 passi
2155 5339 2314 5395 sunt;
2356 5329 2451 5385 sed
2498 5346 2618 5385 cum
2669 5330 2807 5385 Deus
2850 5330 3073 5400 largitus
3117 5336 3204 5383 est
3251 5324 3511 5395 Spiritum
3538 5364 3553 5389 ,

1965 5422 2181 5493 quando
2210 5421 2400 5477 Petrus
2443 5422 2747 5493 exponebat
2780 5421 3039 5477 visionem
3088 5433 3275 5482 suam,
3316 5416 3504 5471 dicens
3538 5432 3552 5468 :

1964 5514 2110 5569 Deus
2130 5515 2365 5579 ostendit
2387 5515 2537 5581 milti,
2573 5530 2640 5569 ne
2662 5529 2818 5584 quem
2847 5512 3119 5568 hominem
3143 5510 3378 5564 dicerem
3404 5521 3523 5562 eum
3538 5536 3554 5548 ε

1965 5624 2181 5665 munem
2210 5609 2295 5663 vel
2325 5607 2679 5663 immundum.
2725 5607 2814 5662 Sic
2843 5607 2934 5662 ille
2958 5605 3065 5674 jam
3095 5613 3251 5658 antea
3284 5602 3388 5657 hoc
3416 5601 3558 5656 scie-

1966 5702 2076 5758 bat.
2137 5700 2343 5757 Idcirco
2393 5716 2489 5772 pro
2531 5699 2782 5769 gentibus
2838 5710 3145 5754 sermonem
3197 5694 3554 5765 praeparavit,

1966 5794 2257 5850 ostendens
2298 5794 2417 5850 illas
2460 5793 2780 5849 adveniente
2829 5792 2932 5848 nde
2960 5805 3068 5846 non
3112 5790 3344 5860 amplius
3370 5797 3559 5859 gentes

1968 5887 2193 5944 futuras.
2220 5886 2363 5944 Nihil
2385 5887 2576 5942 mirum
2606 5899 2755 5956 ergo,
2781 5885 2828 5943 si
2857 5892 2981 5942 ante
3008 5884 3271 5958 baptisma
3298 5880 3556 5953 Spiritum
