4112 6420
508 414 606 470 l8?

506 520 854 590 acceperint:
899 526 1082 570 nostro
1106 526 1322 584 quoque
1345 518 1591 579 tempore
1621 506 1724 560 hoc
1757 504 1952 558 factum
1981 486 2086 554 est.

505 613 601 668 llic
629 589 861 666 ostendit
890 608 1103 672 Petrus,
1131 604 1274 674 quod
1303 603 1378 656 illi
1411 617 1516 655 non
1549 599 1688 653 sicut
1715 595 1806 650 alii
1841 589 2091 662 baptizati

503 706 645 768 sint,
691 700 785 755 sed
830 697 997 754 multo
1035 695 1250 751 melius.
1293 692 1418 749 Ideo
1449 692 1526 746 sic
1555 705 1621 745 ex
1653 683 1945 743 abundanti
1978 695 2092 736 rem

503 792 759 860 disponit,
789 805 858 844 nc
881 787 1009 858 quid
1031 786 1212 841 dicere
1243 783 1470 854 possint,
1503 779 1597 835 sed
1626 787 1683 834 ut
1711 777 1790 832 sic
1817 775 1918 831 sibi
1941 789 2094 844 pares

506 885 736 938 habeant
767 881 907 936 illos.
952 877 1018 933 Et
1049 885 1350 949 rogaverunt
1391 875 1575 938 illum,
1628 871 1829 940 inquit,
1885 874 1942 920 ut
1988 881 2098 917 ma-

509 984 663 1028 neret.
713 971 896 1028 Viden’
943 968 1212 1041 quomodo
1239 982 1346 1022 non
1392 963 1724 1019 familiariter
1775 973 1902 1028 erga
1950 956 2096 1011 illum

507 1065 688 1121 allecti
717 1063 940 1119 essent?
969 1061 1142 1117 viden’
1173 1069 1428 1130 quantum
1455 1055 1628 1109 zelum
1657 1067 1752 1123 pro
1789 1051 1906 1121 lege
1932 1047 2100 1102 habe-

507 1157 670 1214 rent?
697 1155 814 1212 Non
843 1155 1154 1224 dignitatem
1188 1151 1331 1207 Petri
1359 1147 1574 1205 reveriti
1608 1154 1774 1212 sunt,
1820 1158 1926 1198 non
1957 1142 2098 1197 edita

456 1305 463 1313 _
511 1253 661 1319 signa
683 1291 697 1313 ,
731 1264 834 1303 non
865 1255 1069 1300 tantum
1099 1244 1228 1300 illud
1249 1257 1403 1312 opus,
1435 1239 1577 1311 quod
1627 1244 1934 1306 susceptum
1958 1241 2103 1289 esset

512 1344 766 1408 verbum;
814 1340 908 1397 sed
957 1339 1027 1395 ob
1073 1352 1232 1408 parva
1279 1335 1368 1390 illa
1415 1330 1789 1403 disceptabant
1853 1326 1909 1383 Si
1958 1327 2101 1382 enim

511 1437 644 1492 nihil
677 1436 866 1491 borum
898 1433 1126 1498 luisset,
1171 1445 1280 1484 non
1323 1437 1407 1484 sat
1447 1426 1634 1481 luisset
1671 1423 1993 1495 praestitum.
2035 1421 2104 1473 At

509 1544 618 1584 non
651 1529 722 1582 ita
751 1543 808 1582 se
839 1531 1031 1596 purgat
1055 1523 1246 1578 Petrus
1279 1538 1292 1574 :
1319 1518 1557 1590 prudens
1582 1517 1784 1588 quippe
1812 1521 1964 1578 erat;
1993 1511 2103 1566 imo

512 1635 620 1674 non
653 1634 718 1674 ex
750 1616 1028 1689 prudentia
1075 1614 1278 1685 ipsius,
1320 1611 1416 1666 sed
1448 1627 1511 1666 ex
1541 1610 1743 1679 Spiritu
1771 1606 1934 1662 verba
1968 1620 2093 1675 pre-

524 1709 918 1763 liciscebantur.
963 1706 1030 1762 Et
1057 1705 1108 1760 in
1140 1704 1453 1760 defensioue
1483 1716 1578 1756 sua
1605 1715 1666 1756 se
1694 1714 1800 1755 non
1829 1705 2103 1752 auctorem

514 1799 783 1866 ostendit,
815 1798 910 1854 sed
938 1797 1132 1868 ubique
1161 1797 1347 1852 Deum.
1398 1793 1466 1848 Et
1497 1801 1703 1847 tantum
1745 1805 1849 1844 non
1885 1789 2002 1843 illos
2027 1787 2108 1842 sic

512 1892 741 1946 aﬁ'atur:
771 1890 888 1958 Ipse
917 1888 1062 1954 fecit,
1096 1896 1153 1941 ut
1181 1887 1234 1941 in
1265 1899 1489 1941 excessu
1520 1881 1716 1936 mentis
1745 1894 1923 1936 essent
1956 1897 1971 1933 :
2006 1891 2107 1946 ego

515 1983 658 2036 enim
689 1979 1006 2050 simpliciter
1034 1978 1254 2033 orabam
1290 1993 1303 2029 :
1336 1976 1428 2030 ille
1460 1988 1554 2028 vas
1581 1969 1712 2027 illud
1739 1969 2059 2025 monstravit
2089 1983 2105 2020 :

517 2089 617 2144 ego
646 2071 1077 2128 contradieebam
1110 2089 1122 2124 :
1151 2084 1367 2124 rursum
1390 2068 1477 2123 ille
1503 2065 1675 2132 dixit,
1709 2078 1884 2133 neque
1907 2062 1986 2117 sic
2008 2075 2109 2131 ego

416 2200 428 2211 ο
515 2164 693 2218 audivi
730 2181 742 2216 :
774 2162 1170 2233 Spiritusjussit
1196 2160 1335 2215 abire
1364 2175 1381 2213 :
1412 2168 1468 2213 et
1496 2158 1684 2214 abiens
1711 2170 1816 2210 non
1847 2167 2108 2208 accurre-

517 2257 638 2312 bam
669 2275 681 2310 :
715 2256 822 2312 dixi
851 2255 996 2327 quod
1027 2257 1168 2311 Deus
1211 2254 1458 2318 miserit;
1508 2261 1562 2308 et
1593 2260 1776 2320 postea
1821 2263 1993 2319 neque
2032 2246 2112 2302 sic

517 2350 814 2419 baptizavi,
845 2349 940 2404 sed
969 2363 1182 2403 rursum
1214 2347 1353 2401 Deus
1376 2356 1547 2400 totum
1571 2344 1769 2400 elfecit.
1802 2343 1942 2412 Ergo
1970 2341 2112 2396 Deus

519 2441 641 2496 illos
668 2441 979 2510 baptizavit,
1011 2455 1117 2495 non
1143 2454 1263 2509 ego.
1291 2438 1402 2494 Nec
1427 2438 1595 2504 dixit,
1630 2437 1760 2492 Post
1787 2436 1902 2490 lucc
1930 2433 2108 2490 omnia

521 2526 700 2586 annun
731 2531 1013 2601 oportebat
1047 2531 1263 2586 demum
1307 2545 1500 2599 aquam
1531 2528 1778 2584 addere?
1819 2525 1915 2583 sed
1958 2526 2110 2596 quasi

519 2622 652 2680 nihil
682 2623 957 2688 deliceret,
992 2621 1102 2693 Ego
1131 2623 1242 2691 quis
1264 2637 1425 2686 eram,
1457 2620 1660 2690 inquit,
1687 2618 1774 2689 qui
1795 2617 2112 2688 pro/liberem

519 2713 727 2768 Deum?
766 2714 952 2782 Pap;e,
1001 2715 1176 2782 qualis
1201 2713 1480 2769 defensio!
1531 2711 1718 2783 Neque
1748 2711 1891 2766 enim
1913 2711 2063 2766 dixit
2095 2727 2108 2763 :

520 2807 647 2862 llaec
673 2822 802 2876 ergo
831 2821 954 2862 eum
982 2807 1164 2861 sciatis
1186 2848 1200 2872 ,
1231 2806 1532 2877 quiescite;
1566 2805 1662 2862 sed
1689 2805 1862 2876 quid?
1897 2803 2115 2872 Excipit

517 2900 732 2956 illorum
781 2901 1059 2970 impetum,
1113 2911 1168 2955 et
1209 2901 1312 2954 illis
1342 2899 1717 2955 accusantibus
1773 2913 1834 2954 se
1873 2907 2108 2968 purgat:

523 2991 650 3056 Quis
677 3009 818 3047 eram
854 2994 940 3063 qui
967 3009 1165 3059 possem
1193 2993 1458 3062 prohibere
1495 2991 1661 3045 Deum
1691 2993 1714 3046 ?
1744 2990 1899 3046 dixit.
1932 2989 2114 3046 Vehe-

519 3092 729 3138 menter
756 3093 811 3140 et
839 3085 1072 3154 graviter
1098 3098 1157 3139 se
1187 3082 1427 3138 defendit
1459 3100 1471 3135 :
1505 3081 1620 3136 Non
1651 3090 1893 3151 poteram
1927 3081 2115 3151 prohi-

522 3173 668 3229 bere.
702 3173 855 3230 Unde
884 3173 1098 3229 tandem
1128 3173 1370 3230 deterriti
1395 3173 1748 3243 quieverunt,
1773 3181 1829 3228 ct
1851 3172 2122 3244 gloriﬁca—

525 3275 718 3321 verunt
749 3267 940 3321 Deum.

594 3359 651 3412 '5.
682 3359 770 3438 Sic
793 3367 849 3414 et
876 3373 973 3414 nos
997 3366 1210 3429 oportet
1233 3358 1282 3412 in
1316 3357 1680 3428 proximorum
1716 3357 1872 3412 bonis
1900 3356 2108 3426 gloriﬁ-

526 3467 651 3506 c.u'e
683 3452 870 3516 Deum,
904 3466 1009 3506 non
1043 3459 1223 3506 autem
1255 3451 1514 3505 insultare
1543 3450 1670 3518 illis,
1703 3450 1844 3504 sicut
1873 3450 2023 3504 multi
2050 3465 2118 3504 ex

524 3561 714 3600 recens
743 3545 1064 3600 illumiuatis
1103 3545 1396 3610 insultant,
1427 3542 1642 3614 quando
1674 3543 1858 3598 vident
1894 3543 2031 3597 alios
2057 3542 2117 3596 il—

526 3637 813 3702 lnminari,
846 3646 901 3692 et
945 3637 1127 3692 statim
1172 3635 1493 3706 demigrare.
1540 3634 1857 3690 Glorilicarc
1904 3641 2120 3704 Oportet

530 3729 695 3782 lleum
725 3728 806 3782 vel
833 3727 975 3798 quod
1005 3741 1227 3782 manere
1269 3741 1376 3782 non
1403 3724 1686 3780 concedat.
1729 3724 1915 3794 Itaque
1954 3733 2042 3789 tu,
2071 3724 2118 3779 si

533 3819 669 3871 velis
691 3860 705 3882 ,
739 3820 912 3887 majus
935 3816 1193 3887 accepisti
1220 3815 1452 3879 denum;
1477 3829 1583 3870 non
1613 3813 1757 3883 quod
1787 3814 2119 3868 illuminatus

529 3911 642 3979 sis(
666 3910 766 3964 hoc
789 3909 934 3964 enim
959 3910 1074 3978 ipse
1099 3917 1270 3964 tecum
1293 3922 1581 3962 commune
1607 3906 1769 3962 habet
1781 3905 1827 3978 -);
1858 3906 1953 3962 sed
1975 3905 2117 3976 quod

530 3999 597 4055 ad
644 3999 901 4070 praeclare
935 3999 1198 4071 agendum
1242 4009 1454 4070 tempus
1477 3999 1770 4070 acceperis.
1808 3999 1900 4054 llle
1925 3998 2118 4054 stolam

533 4091 725 4156 induit,
759 4105 856 4146 nec
895 4091 1216 4162 permissum
1239 4089 1288 4145 ei
1317 4089 1450 4155 fuit,
1481 4101 1536 4144 ut
1567 4089 1654 4144 illa
1683 4103 1742 4144 se
1767 4088 2118 4158 spectabilem

530 4184 787 4240 redderet
818 4202 830 4237 :
859 4184 951 4238 tibi
991 4183 1214 4238 multam
1245 4181 1394 4238 dedit
1425 4181 1565 4236 Deus
1593 4181 1903 4236 facultatem
1936 4179 2118 4234 utendi

531 4277 698 4330 armis
729 4284 787 4328 ut
814 4284 1058 4344 oportet,
1083 4284 1137 4329 et
1169 4273 1293 4327 hinc
1334 4272 1422 4327 illa
1454 4272 1710 4340 experiri.
1756 4271 1850 4325 llle
1890 4280 2078 4340 migrat
2101 4311 2117 4339 ,

531 4367 655 4422 lidei
685 4375 890 4420 tantum
913 4365 1219 4420 mercedem
1247 4365 1454 4419 habens
1485 4381 1497 4417 :
1531 4373 1584 4418 tu
1610 4374 1723 4419 stas
1749 4363 1800 4417 in
1827 4363 2024 4430 stadio,
2066 4372 2121 4417 et

531 4458 729 4511 multas
757 4472 980 4526 operum
1010 4455 1290 4510 mercedes
1312 4456 1557 4524 accipere
1586 4464 1758 4524 potes,
1787 4465 1946 4524 atque
1969 4462 2119 4508 tanto

539 4548 632 4602 illo
663 4546 994 4616 splendidior
1018 4561 1280 4618 apparere
1300 4587 1314 4611 ,
1339 4555 1540 4616 quanto
1567 4545 1648 4601 sol
1677 4545 1897 4600 minima
1923 4545 2080 4599 stella
2103 4585 2118 4609 ,

533 4647 734 4708 quanto
760 4637 867 4693 dux
899 4638 1086 4692 ultimo
1114 4638 1302 4704 milite,
1344 4637 1450 4691 imo
1476 4645 1678 4706 quanto
1706 4652 1821 4691 rex.
1853 4635 2016 4706 Igitur
2043 4647 2124 4691 te-

534 4730 708 4798 ipsum
756 4729 1082 4796 eriminare;
1132 4730 1241 4782 imo
1288 4743 1355 4783 ne
1404 4728 1743 4794 critnincris,
1787 4727 1882 4782 sed
1912 4726 2122 4797 corrige

531 4837 747 4891 semper
773 4840 785 4876 :
816 4837 922 4876 non
948 4823 1091 4877 enim
1120 4819 1320 4876 sufﬁcit
1341 4820 1612 4875 criminari
1633 4859 1648 4884 ,
1676 4819 1800 4874 licet
1820 4817 2117 4874 decertare.

534 4915 781 4984 Dejectus
810 4916 908 4969 es?
934 4915 1115 4985 gravia
1144 4929 1333 4985 passus
1361 4913 1458 4970 es?
1481 4913 1744 4983 Rcsurge,
1772 4913 2004 4982 teipsum
2027 4927 2120 4968 re-

533 5022 656 5062 crea
687 5025 699 5061 :
729 5017 838 5062 stas
867 5005 1045 5060 adhuc
1092 5006 1145 5060 in
1194 5004 1367 5059 stadio
1387 5045 1401 5068 ,
1446 5003 1621 5060 adhuc
1653 5003 1918 5058 theatrum
1947 5002 2118 5058 adest.

535 5100 650 5155 Non
681 5099 849 5165 vides,
880 5109 1007 5170 quot
1039 5099 1090 5153 in
1121 5113 1294 5168 pugna
1324 5097 1613 5168 prostrati,
1644 5113 1856 5152 rursum
1879 5096 2123 5152 decerta-

533 5194 693 5248 runt?
733 5193 960 5249 Tantum
1007 5211 1076 5250 ne
1121 5205 1313 5265 sponte
1358 5193 1699 5249 suecumbas.
1742 5194 1964 5249 Beatum
1991 5194 2123 5250 dicis

531 5300 652 5341 enm
705 5287 793 5357 qui
848 5286 1132 5360 defunctus
1185 5286 1312 5343 est?
1373 5287 1629 5356 Teipsum
1686 5289 1854 5358 magis
1909 5287 2120 5342 beatum

532 5375 719 5432 dieito.
752 5376 970 5432 Solutus
991 5387 1075 5434 est
1100 5393 1130 5432 a
1162 5377 1393 5447 peccatis
1434 5376 1558 5431 ille?
1585 5376 1691 5432 Sed
1711 5419 1726 5444 ,
1755 5379 1797 5431 si
1830 5378 1984 5445 velis,
2013 5395 2120 5434 non

537 5469 699 5523 modo
726 5479 944 5538 peccata
987 5470 1214 5535 ablues,
1271 5469 1381 5524 imo
1437 5470 1600 5525 etiam
1657 5468 1813 5525 bonis
1869 5470 2122 5540 operibus

535 5558 827 5616 instructus
855 5563 985 5628 eris,
1020 5562 1166 5633 quod
1208 5562 1297 5618 ille
1322 5579 1428 5619 non
1459 5573 1654 5634 potest.
1704 5565 1998 5622 Pﬁsunius
2024 5580 2122 5620 nos

534 5665 680 5719 Ipsos
710 5666 982 5710 revocare.

612 5742 926 5800 l’wiiilentiw
969 5745 1248 5816 pharmace
1295 5763 1480 5819 magna
1525 5757 1662 5804 sunt.
1688 5748 1967 5818 —Magna
1998 5756 2123 5802 sunt

531 5831 869 5899 pteraitentiae
917 5835 1205 5905 pharmaca
1239 5857 1252 5894 :
1281 5853 1445 5914 nemo
1482 5839 1550 5895 de
1589 5854 1649 5896 se
1689 5840 1961 5912 deSperet.
2022 5838 2117 5894 llle

1251 399 1305 453 S.
1347 393 1623 451 JOANNIS
1661 387 2132 450 CIIRYSOSTOMI
2174 381 2490 438 AIiClllEP.
2534 375 3069 434 CONSTANTINOP.

3719 378 3815 429 188

2203 509 2328 549 vere
2360 492 2739 563 desperatione
2767 492 2960 562 dignus
2983 532 2996 558 ,
3030 491 3118 562 qui
3149 489 3406 558 desperat
3436 530 3451 542 .
3485 488 3579 542 ille
3606 503 3713 542 non
3735 491 3813 543 ul-

2204 597 2284 641 tra
2307 600 2455 655 Spem
2497 585 2686 638 salutis
2716 583 2876 638 habet
2903 585 2943 637 ¹.
2993 581 3108 637 Non
3138 591 3245 635 tam
3271 597 3450 651 grave
3481 591 3571 634 est
3603 580 3656 634 in
3689 594 3812 649 pro-

2204 679 2426 734 fundum
2471 677 2736 733 malorum
2764 678 2950 732 venire
2973 717 2989 743 ,
3018 691 3178 747 quam
3206 684 3396 746 postea
3433 673 3553 729 illic
3589 675 3773 743 jacere
3801 693 3813 728 :

2204 786 2310 826 non
2340 770 2558 840 impium
2587 780 2671 825 est
2698 771 2749 824 in
2783 769 3104 839 profundum
3138 769 3405 823 malorum
3438 766 3813 834 descendere,

2205 862 2297 918 sed
2325 863 2396 916 ibi
2429 863 2662 932 positum
2684 871 3054 917 contemnere.
3079 862 3239 929 Num,
3263 876 3460 932 qumso
3479 902 3494 927 ,
3535 861 3627 914 ubi
3653 863 3818 933 magis

2201 953 2492 1009 sollicitum
2545 969 2668 1009 esse
2694 962 2990 1023 oporteret,
3040 954 3112 1008 ibi
3155 954 3476 1008 contemnis
3495 952 3522 1005 ?
3553 953 3664 1007 Tot
3689 968 3818 1008 con-

2204 1049 2384 1104 t‘ossus
2409 1048 2720 1103 vulneribus
2743 1088 2758 1114 ,
2788 1048 3070 1103 cecidisti?
3114 1047 3329 1102 Nullum
3382 1047 3596 1102 anima:
3629 1047 3818 1102 vulnus

2209 1142 2506 1197 insanabile
2535 1152 2620 1197 est
2652 1159 2666 1196 :
2694 1140 2792 1196 sed
2843 1143 2896 1196 in
2935 1155 3163 1211 corpore
3203 1140 3372 1194 multa
3405 1150 3544 1194 sunt
3569 1122 3700 1194 talia
3720 1181 3736 1208 ,
3767 1140 3817 1194 in

2208 1235 2384 1290 annua
2415 1235 2642 1290 nullum.
2671 1235 2764 1290 Illa
2791 1243 2970 1289 tamen
3018 1233 3302 1304 diligenter
3325 1248 3539 1290 curare
3571 1247 3680 1288 non
3708 1233 3806 1290 de-

2207 1329 2480 1396 sistimus;
2510 1328 2626 1383 inec
2654 1343 2784 1383 vero
2814 1329 3153 1399 negligimus.
3196 1327 3310 1399 Nqn
3340 1327 3503 1381 vides
3537 1328 3799 1382 latronem

2207 1422 2379 1485 illum,
2407 1437 2567 1491 quam
2593 1421 2739 1477 brevi
2764 1429 3004 1490 tempore
3027 1420 3284 1492 praeclara
3315 1419 3568 1475 fecerit?
3596 1435 3707 1474 non
3733 1420 3810 1475 vi-

2207 1514 2306 1570 des
2354 1522 2648 1585 martyres,
2677 1513 2951 1584 quomodo
3005 1512 3154 1568 brevi
3199 1522 3453 1584 tempore
3495 1521 3672 1568 totum
3701 1529 3815 1583 per-

2213 1606 2498 1660 iecerunt?
2529 1605 2598 1659 At
2625 1621 2734 1660 non
2760 1604 2870 1674 jam
2899 1613 2984 1660 est
3010 1604 3251 1675 martyrii
3282 1603 3550 1674 tempus?
3577 1603 3686 1660 Sed
3707 1618 3816 1659 cer-

2214 1699 2476 1752 taminum
2505 1705 2714 1766 tempus
2741 1705 2825 1752 est
2847 1738 2863 1763 ,
2902 1695 2946 1750 si
2977 1696 3202 1750 velimus
3227 1737 3242 1760 ,
3272 1705 3331 1750 ut
3357 1710 3516 1765 smpe
3544 1694 3686 1750 dixi.
3720 1695 3814 1762 Qui

2211 1792 2355 1846 enim
2383 1791 2589 1855 volunt,
2623 1791 2826 1860 inquit,
2856 1791 2907 1844 in
2935 1789 3140 1844 Christo
3167 1788 3291 1844 λεια
3320 1789 3410 1860 pie
3430 1789 3624 1856 vivere,
3656 1805 3815 1860 perse-

2212 1886 2503 1952 quutionem
2546 1883 2803 1953 patientur
2830 1882 2905 1954 (εἰ.
2939 1881 3073 1936 Tim.
3099 1883 3154 1936 5.
3186 1879 3298 1952 12).
3325 1880 3438 1947 Qui
3471 1881 3564 1951 pic
3604 1881 3811 1946 vivunt,

2221 1991 2436 2046 semper
2466 1975 2938 2045 persequutionem
2978 1974 3284 2045 patiuntur:
3331 1974 3380 2028 si
3416 1989 3528 2029 non
3557 1973 3626 2029 ab
3651 1973 3814 2027 homi-

2215 2069 2393 2134 nibus,
2421 2077 2568 2123 certe
2593 2084 2620 2120 a
2646 2067 3002 2133 daemonibus,
3031 2082 3151 2137 quze
3178 2080 3309 2121 sane
3335 2067 3566 2137 gravior
3587 2057 3680 2122 'est
3703 2081 3811 2136 pcr‘

2216 2161 2480 2229 sequutio.
2513 2161 2577 2215 Et
2616 2161 2790 2230 primo
2811 2175 2877 2214 ex
2907 2159 3110 2214 incuria
3148 2159 3287 2214 hanc
3316 2161 3599 2215 sustinent
3629 2160 3702 2226 ii,
3729 2159 3808 2229 qui

2216 2269 2321 2308 non
2352 2253 2592 2324 vigilant.
2625 2255 2706 2307 An
2737 2267 2952 2322 parvam
2984 2259 3138 2321 putas
3169 2254 3663 2322 persequutionem
3691 2266 3801 2304 cum

2216 2345 2418 2400 incuria
2448 2344 2663 2400 vivere?
2690 2343 2800 2399 lloc
2841 2344 3083 2398 omnium
3127 2351 3211 2398 est
3254 2344 3677 2412 gravissinnnn,
3719 2342 3809 2395 hoc

2217 2437 2628 2507 persequutione
2657 2436 2827 2507 pejus.
2878 2435 3008 2490 Nam
3036 2437 3181 2491 velut
3228 2435 3411 2490 llnxus
3445 2451 3695 2502 manans,
3727 2434 3803 2488 in-

2212 2530 2360 2585 curia
2396 2529 2631 2585 animam
2673 2528 2881 2583 emollit
2912 2545 2925 2582 :
2961 2529 3302 2599 idipsumqne
3333 2538 3422 2584 est
3476 2527 3808 2600 persequutio

2215 2632 2271 2679 et
2304 2605 2542 2685 incuria,
2574 2620 2716 2692 quod
2759 2630 2922 2676 testas
2965 2629 3022 2674 et
3075 2619 3268 2675 hiems.
3319 2619 3395 2676 Ut
3423 2630 3606 2675 autem
3654 2618 3805 2688 magis

2214 2715 2426 2771 ediscas
2473 2715 2711 2784 pejorem
2756 2729 2881 2772 esse
2933 2713 3072 2769 hanc
3123 2715 3646 2784 persequutionem,
3696 2713 3805 2765 hinc

2217 2805 2806 2876 perpende:somnum
2859 2805 2911 2860 in
2958 2806 3192 2860 animam
3253 2805 3535 2870 immittit,
3589 2805 3804 2860 oscitan-

2219 2899 2346 2952 tiam
2379 2909 2432 2952 et
2465 2898 2841 2968 negligentiam
2870 2912 3117 2968 magnam
3159 2897 3317 2960 indit,
3347 2899 3638 2968 passiones
3669 2893 3804 2950 undi-

2216 3005 2323 3060 que
2347 2991 2576 3056 excitat;
2624 2999 2796 3044 armat
2834 2988 3061 3056 l'astnm,
3111 2998 3286 3045 armat
3316 2990 3691 3061 voluptatem,
3722 3004 3800 3040 ar-

2220 3093 2330 3138 mat
2356 3068 2510 3150 iram,
2542 3083 2795 3138 invidiam
2819 3125 2834 3150 ,
2870 3099 3060 3138 vanam
3091 3083 3319 3154 gloriam
3347 3126 3364 3151 ,
3397 3083 3799 3139 remulationem.

2221 3178 2290 3232 At
2327 3177 2377 3231 in
2403 3177 2824 3247 persequutione
2869 3177 3003 3231 nihil
3047 3176 3238 3230 horum
3267 3176 3494 3232 turbare
3523 3177 3695 3236 valet;
3722 3187 3801 3227 ve-

2223 3285 2339 3322 rum
2370 3269 2530 3323 timor
2555 3267 2814 3324 invadens
2842 3311 2856 3335 ,
2885 3269 3035 3337 quasi
3063 3267 3293 3338 quodam
3324 3267 3502 3340 ﬂagro
3535 3268 3800 3322 latrantem

2219 3376 2409 3416 canem
2437 3363 2723 3430 impetens,
2757 3360 2856 3415 hos
2881 3375 3071 3416 omnes
3091 3359 3256 3414 animi
3282 3369 3468 3415 motus
3496 3375 3564 3414 ne
3588 3355 3801 3413 suboriri

2221 3455 2436 3524 quidem
2467 3456 2615 3510 sinit.
2645 3455 2776 3523 Quis
2817 3455 2870 3509 in
2915 3452 3333 3524 persequutione
3362 3469 3503 3508 vana
3530 3451 3689 3523 gloria
3730 3445 3799 3502 cl-

2224 3551 2348 3605 lerri
2394 3550 2606 3620 potest?
2636 3550 2755 3620 quis
2804 3549 2857 3603 in
2890 3548 3163 3617 voluptate
3206 3545 3446 3617 degere?
3489 3543 3688 3606 Nemo;
3718 3537 3798 3594 sed

2224 3652 2428 3698 tremor
2471 3642 2669 3696 multus
2702 3651 2754 3696 et
2797 3648 2969 3695 metus
3014 3638 3206 3704 adest,
3241 3639 3332 3708 qui
3376 3650 3627 3708 magnam
3683 3630 3800 3702 parit

2226 3735 2703 3806 tranquillitatem,
2759 3732 3030 3804 placidum
3079 3741 3232 3802 parat
3277 3741 3534 3802 portum,
3587 3726 3796 3782 animam

2235 3828 2377 3898 piam
2399 3826 2590 3881 reddit.
2610 3826 2800 3880 Audivi
2827 3823 3116 3895 aliquando
3135 3835 3316 3894 patres
3343 3833 3562 3879 nostros
3583 3820 3797 3875 dicentes

2226 3918 2321 3987 (id
2355 3917 2496 3989 quod
2534 3933 2602 3972 ne
2630 3925 2812 3972 nostra
2856 3924 3018 3979 aetate
3064 3913 3156 3970 ﬁat
3180 3924 3307 3984 opto
3331 3931 3348 3982 ;
3375 3914 3628 3985 jubemur
3665 3905 3789 3962 enim

2227 4011 2576 4065 tentationem
2605 4022 2710 4063 non
2746 4005 2991 4078 petere).
3023 4005 3168 4077 quod
3193 4006 3324 4062 olim
3360 4016 3605 4074 tempore
3635 4011 3794 4070 perse-

2225 4104 2498 4174 quutionis
2531 4103 2712 4158 videre
2752 4112 2868 4156 erat
2899 4103 3044 4156 viros
3085 4115 3216 4156 vere
3243 4099 3600 4156 Christianos.
3631 4091 3792 4148 Nullus

2225 4197 2369 4252 enim
2396 4211 2529 4266 opes
2557 4195 2803 4258 curabat,
2834 4209 2940 4250 non
2969 4208 3215 4256 uxorem.
3245 4207 3355 4246 non
3385 4191 3555 4256 ﬁlios,
3586 4200 3684 4242 non
3711 4181 3794 4253 do:

2226 4303 2407 4356 nmm,
2459 4303 2566 4342 non
2607 4287 2833 4358 patriam
2865 4303 2879 4340 :
2911 4303 3014 4342 una
3053 4287 3302 4341 omnibus
3341 4300 3470 4341 cura
3511 4289 3625 4337 erat
3662 4287 3791 4332 suam

2225 4394 2442 4436 servare
2461 4382 2712 4435 animam.
2741 4380 2844 4434 Alii
2865 4382 2918 4434 in
2941 4379 3306 4434 monumentis
3333 4387 3390 4434 et
3417 4371 3691 4447 sepulcris,
3714 4364 3789 4420 alii

2227 4475 2280 4528 in
2307 4473 2538 4528 desertis
2570 4473 2826 4529 latebant.
2877 4471 2993 4526 Non
3046 4470 3220 4525 solum
3263 4479 3444 4525 autem
3476 4465 3607 4528 viri,
3636 4457 3720 4515 sed
3747 4463 3790 4508 et

2225 4566 2480 4620 mulieres
2508 4574 2712 4620 tenera:
2733 4579 2796 4619 ac
2819 4563 3066 4618 delicatae
3095 4571 3219 4617 tunc
3246 4558 3666 4617 occultabantur,
3683 4559 3786 4603 cum

2231 4667 2488 4728 perpetua
2524 4657 2662 4713 fame
2691 4656 3082 4712 conﬂictantes.
3131 4655 3316 4726 Cogita
3346 4668 3502 4725 ergo,
3537 4662 3655 4705 num
3683 4654 3786 4696 mu-

2226 4751 2345 4805 lieri
2375 4750 2441 4805 ad
2468 4750 2775 4819 sepulcrum
2820 4749 3009 4804 latenti
3049 4756 3103 4804 et
3131 4748 3379 4803 ancillam
3420 4746 3667 4800 ferentem
3687 4744 3785 4788 cm-

2227 4859 2349 4899 nam
2372 4843 2704 4913 exSpectanti
2728 4883 2743 4908 ,
2778 4855 2841 4896 ac
2879 4855 2947 4896 ne
2972 4847 3258 4910 caperetur
3287 4836 3526 4899 timenti,
3569 4838 3714 4897 atque
3740 4822 3782 4874 in

2226 4933 2475 5004 sepulcro
2497 4933 2648 5005 quasi
2689 4933 2742 4988 in
2783 4931 3002 4987 fornace
3029 4930 3237 4986 sedenti
3262 4972 3274 4995 ,
3309 4923 3520 4998 aliquod
3546 4919 3628 4976 vel
3652 4926 3781 4970 sum-

2226 5034 2414 5098 ptuum
2439 5025 2527 5081 vel
2556 5024 2874 5080 deliciarum
2903 5022 3230 5079 desiderium
3275 5019 3436 5077 fuerit
3461 5033 3476 5084 ;
3508 5026 3626 5069 num
3665 5014 3776 5098 tune

2228 5091 2493 5187 putaverit
2518 5115 2600 5170 Vel
2638 5115 2859 5171 delicias
2884 5114 2969 5169 vel
3010 5113 3266 5169 mundum
3293 5104 3590 5169 exsistere?
3617 5091 3780 5187 Videu'

2228 5223 2370 5264 nunc
2398 5207 2657 5278 majorem
2696 5222 2817 5262 esse
2847 5205 3315 5277 persequutionem
3337 5245 3352 5270 ,
3380 5201 3504 5258 dum
3540 5189 3689 5251 animi
3714 5182 3779 5238 al-

2228 5301 2399 5358 lectus
2417 5301 2571 5370 quasi
2600 5301 2724 5357 ferae
2743 5317 2842 5356 nos
2870 5299 3166 5354 invadunt?
3189 5298 3338 5353 Nune
3360 5303 3502 5352 certe
3524 5282 3684 5360 gravis
3707 5281 3776 5370 ἔδει

2231 5369 2578 5463 persequutio
2603 5433 2617 5456 ,
2647 5391 2774 5446 dum
2806 5400 3024 5462 putatur
3051 5389 3254 5445 nullam
3283 5403 3402 5444 esse
3435 5369 3772 5456 persequutio-

2231 5500 2378 5540 nem.
2410 5487 2479 5538 At
2504 5485 2646 5538 enim
2686 5483 2826 5538 istud
2859 5483 3057 5537 bellum
3086 5482 3186 5539 hoc
3217 5479 3576 5554 gravissimum
3598 5464 3768 5522 habet.

2229 5577 2371 5649 (ιυοά
2399 5591 2500 5648 pax
2531 5591 2653 5632 esse
2685 5575 2970 5641 credatur;
3005 5577 3078 5630 ita
3104 5583 3162 5630 ut
3185 5589 3332 5630 arma
3364 5585 3463 5626 non
3490 5565 3765 5649 sumamus.

2227 5643 2330 5725 nec
2353 5643 2542 5724 contra
2577 5667 2855 5724 inimicum
2901 5667 3243 5732 insumamus
3272 5683 3287 5721 :
3315 5662 3485 5720 nullus
3512 5643 3763 5710 formidat.

2295 5846 2313 5877 ί
2349 5841 2443 5894 Alii
2467 5841 2670 5906 habent,
2691 5853 2785 5892 non
2818 5837 2952 5891 ultra
2973 5837 3180 5892 culidem
3203 5836 3362 5900 habet,
3382 5838 3525 5894 neque
3540 5829 3650 5885 ⁵1³⁸³·
