4112 6420
227 461 317 518 187
1285 468 1353 523 IN
1387 468 1569 525 ACTA
1608 469 2147 535 APOSTOLOBUM.
2190 476 2427 541 HOMIL.
2470 483 2661 540 XXIV.

224 587 325 641 ἀλλ’
369 587 457 641 ὅτε
493 586 525 640 6
560 584 693 651 Θεὸς
732 586 1017 658 ἐχαρίσατο
1067 588 1127 643 τὸ
1172 588 1414 661 Πνεῦμα,
1468 590 1556 644 ὅτε
1593 591 1624 643 ὁ
1654 589 1862 661 Πέτρος

225 673 428 739 ἐξετίθει
454 670 555 745 τὴν
607 673 800 728 ἑαυτοῦ
831 673 1105 740 ἔκστασιν,
1135 674 1310 745 λέγων
1332 693 1347 708 ο
1396 676 1456 731 '0
1511 676 1645 741 Θεὸς
1692 675 1863 743 ἔδειξὲ

228 776 302 832 μοι
333 760 536 832 μηδένα
570 761 745 815 κοινὸν
778 759 807 832 ἦ
861 762 1167 835 ἀκάθαρτον
1197 763 1376 833 λέγειν
1413 763 1722 835 ἄνθρωπον.
1752 762 1858 817 06-

225 864 314 910 τως
340 846 545 901 ἀνωθεν
573 847 684 918 ᾔδει
718 846 892 902 τοῦτο.
926 849 1016 903 Διὸ
1064 850 1157 904 καὶ
1198 850 1710 923 προκατασκευάξει
1770 854 1862 905 τὸν

227 935 354 1003 λόγον
378 933 469 988 τὸν
507 934 644 1006 ὑπὲρ
672 934 779 988 τῶν
796 934 981 1003 ἐθνῶν,
1008 936 1243 1002 δεικνὺς,
1270 939 1350 993 6::
1377 940 1496 994 οὐδέ
1518 939 1648 1011 ἔθνη
1675 937 1862 993 λοιπὸν

233 1017 282 1092 ἦν
328 1021 421 1092 τῆς
474 1022 708 1086 πίστεως
734 1035 760 1063 α
811 1026 1287 1095 παραγενομένης.
1341 1026 1508 1080 Οὐδὲν
1549 1026 1864 1097 θαυμαστὸν

237 1111 389 1175 τοίνυν,
425 1110 475 1163 εἰ
531 1110 631 1182 πρὸ
684 1108 779 1165 τοῦ
839 1111 1216 1184 βαπτίσματος
1262 1113 1328 1167 τὸ
1372 1114 1598 1187 Πνεῦμα
1628 1114 1860 1170 ἐλαϐον·

239 1206 305 1259 καὶ
349 1206 428 1277 ἐφ’
459 1205 615 1276 ἡμῶν
660 1205 819 1259 τοῦτο
877 1207 1120 1276 γέγονεν.
1182 1208 1446 1263 Ἐνταῦθα
1500 1208 1771 1263 δείκνυσιν
1835 1212 1866 1264 ὁ

237 1295 416 1365 Πέτρος,
442 1295 524 1348 ὁτι
548 1293 663 1346 ούδέ
690 1293 765 1357 ώς
791 1294 840 1349 οἰ
868 1293 1045 1350 λοιποὶ
1070 1295 1498 1371 ἐϐαπτίσθησαν,
1518 1296 1653 1352 ἀλλὰ
1683 1297 1862 1370 πολλῷ

236 1382 420 1451 βέλτιον.
451 1379 552 1435 Διά
569 1381 726 1435 τοῦτο
750 1381 807 1436 δὲ
827 1381 1013 1447 «οὕτως
1044 1385 1108 1437 ἐκ
1137 1386 1456 1454 περιουσίας
1476 1387 1860 1457 οἰκονομεῖται,

235 1471 301 1523 ἵνα
335 1468 478 1540 μηδὲν
513 1467 678 1538 ἔχωσι
719 1466 918 1537 λέγειν,
952 1469 1091 1525 ἀλλά
1151 1471 1256 1525 κᾶν
1286 1471 1459 1536 οὕτως
1499 1473 1647 1534 ἴσους
1676 1472 1862 1536 αὐτοῖς

234 1556 463 1626 νομίσωσι.
518 1555 626 1609 Καὶ
688 1556 1010 1627 ἠρώτησαν
1062 1558 1270 1624 αὑτὸν,
1316 1560 1504 1631 φησὶν,
1541 1559 1858 1629 ἐπιμεῖναι.

250 1644 398 1715 ’θρᾷςν
431 1643 537 1708 πῶς
592 1646 695 1698 οὐκ
726 1646 943 1709 οίκείως
974 1646 1112 1718 πρὸς
1168 1646 1334 1701 αὐτὸν
1382 1647 1680 1713 διέκειντο;
1718 1642 1859 1710 εἶδες

246 1732 322 1786 τὸν
357 1731 500 1803 ζῆλον,
553 1728 671 1787 οἷον
699 1728 845 1805 εἶχον
888 1733 1030 1807 ὑπὲρ
1074 1734 1169 1788 τοῦ
1200 1735 1394 1806 νόμους
1430 1735 1505 1788 Οὐ
1542 1735 1603 1789 τὸ
1640 1733 1857 1806 ἀξίωμα

245 1820 401 1891 Πέτρου
419 1820 739 1892 ᾐδέσθησαν,
768 1823 830 1876 οὐ
872 1822 944 1877 τὰ
986 1823 1253 1893 γενόμενα
1289 1824 1511 1894 σημεῖα,
1546 1823 1608 1877 06
1627 1824 1689 1876 τὸ
1725 1840 1857 1878 κατ-

236 1908 429 1978 όρθωμα,
462 1910 586 1963 ὅσον
634 1905 705 1979 ἦν
755 1910 817 1964 τὸ
860 1910 1117 1976 δέξασθαι
1167 1912 1260 1966 τὸν
1308 1911 1463 1981 λόγον
1483 1928 1499 1944 ·
1549 1911 1664 1965 ἀλλ’
1718 1913 1857 1980 ὑπὲρ

228 1997 312 2049 τῶν
337 1997 529 2069 μικρῶν
555 1999 783 2053 ἐκείνων
806 1998 1150 2071 διεκρίνοντο.
1216 2001 1279 2054 Εἰ
1317 2002 1427 2073 γὰρ
1459 2001 1625 2073 μηδὲν
1648 2000 1855 2055 τούτων

223 2081 276 2157 ἦν
301 2087 341 2151 δ,
368 2089 458 2140 οὐκ
503 2087 669 2160 ἤρκει
720 2089 782 2143 τὸ
814 2089 1166 2162 κατόρθωμα.
1208 2090 1347 2143 Ἀλλ’
1381 2090 1481 2145 οὐκ
1504 2091 1854 2160 ἀπολογεῖται

218 2174 335 2229 οὕτω
383 2176 646 2250 Πέτρος*⁴
684 2177 899 2241 συνετὸς
952 2178 1063 2251 γάρ
1110 2174 1181 2251 ἦν
1211 2195 1225 2210 ·
1270 2179 1470 2250 μᾶλλον
1529 2179 1586 2233 δὲ
1635 2179 1697 2232 οὐ
1752 2179 1856 2249 τῆς

220 2263 444 2328 συνέσεως
482 2264 649 2319 αὐτοῦ
700 2261 791 2337 ἦν,
824 2266 962 2320 ἀλλὰ
1007 2266 1103 2320 τοῦ
1150 2267 1466 2339 Πνεύματος
1501 2268 1570 2322 τὰ
1611 2269 1849 2339 ῥήματα.

217 2350 302 2401 Καὶ
333 2350 557 2406 δείκνυσι
596 2353 687 2407 διὰ
724 2354 824 2424 τῆς
888 2354 1183 2424 ἀπολογίας
1219 2355 1410 2409 ἐαυτὸν
1453 2355 1552 2427 μὲν
1611 2354 1852 2426 οὐδαμοῦ

217 2438 371 2503 αἴτιον,
410 2439 687 2511 πανταχοῦ
743 2440 800 2495 δέ
848 2441 938 2495 τὸν
991 2442 1145 2497 Θεόν.
1206 2442 1318 2496 Καὶ
1376 2428 1659 2513 μονδνουχὶ
1714 2441 1852 2513 πρὸς

214 2524 376 2590 αὐτοὺς
404 2527 557 2582 τοῦτο
603 2528 785 2598 λέγει·
836 2529 925 2583 Ἐν
955 2531 1210 2584 ἐκστάσει
1267 2546 1334 2601 με
1378 2529 1637 2599 γενέσθαι
1689 2528 1852 2591 αὐτὸς

215 2615 466 2689 ἐποίησεν·
528 2618 643 2688 ἐγὼ
696 2619 805 2691 γάρ
861 2619 1048 2684 ἅπλῶς
1088 2622 1522 2692 προσευχόμενος
1558 2615 1707 2692 ἥμην
1732 2636 1748 2650 ·
1788 2619 1853 2674 τὸ

215 2703 373 2769 σκεῦος
425 2705 586 2772 αὐτὸς
656 2706 855 2773 ἔδειξεν
878 2724 892 2739 ·
957 2707 1067 2778 ἐγὼ
1129 2711 1416 2763 ἀντεῖπον·
1474 2708 1638 2763 πάλιν
1687 2707 1851 2772 αὐτὸς

216 2786 353 2855 εἶπεν,
382 2793 471 2845 καὶ
511 2793 634 2847 οὐδὲ
689 2792 860 2858 οὕτως
908 2794 1149 2866 ἤκουσα·
1220 2796 1289 2851 Τὸ
1337 2795 1578 2866 Πνεῦμα
1600 2795 1846 2850 ἐκέλευ-

213 2893 301 2932 σεν
322 2880 593 2937 ἀπελθεῖν
618 2900 635 2913 ·
674 2882 770 2935 καὶ
826 2882 975 2954 ὅμως
1030 2881 1281 2937 ἀπελθὼν
1308 2884 1409 2936 οὐκ
1460 2884 1766 2955 ἐπέδραμον
1796 2894 1844 2923 θ’

215 2963 352 3033 εἷπον,
373 2971 448 3025 ὅτι
475 2972 502 3024 6
539 2970 678 3035 Θεὸς
713 2970 947 3043 ἔπεμψε,
981 2971 1077 3025 καὶ
1129 2971 1279 3044 μετά
1314 2971 1488 3026 ταῦτα
1524 2973 1646 3026 οὐδέ
1677 2972 1849 3036 οὕτως

215 3056 474 3125 ἐϐάπτισα,
541 3057 685 3127 ἀλλά
735 3059 896 3114 πάλιν
960 3062 989 3114 6
1043 3058 1178 3124 Θεὸς
1236 3060 1297 3113 τὸ
1348 3061 1457 3114 πᾶν
1528 3060 1847 3131 εἰργάσατο.

217 3148 329 3217 ’Δρα
352 3149 471 3214 Θεὸς
503 3151 705 3214 αὐτοὺς
753 3148 1066 3216 ἐϐάπτισεν,
1121 3149 1223 3204 οὐκ
1274 3147 1405 3219 ἐγώ.
1442 3150 1552 3203 Καὶ
1577 3150 1675 3203 οὐκ
1704 3145 1843 3202 εἰπε·

216 3232 391 3289 Τούτων
430 3238 733 3306 γεγονότων
776 3238 1029 3293 ἁπάντων
1050 3278 1065 3303 ,
1099 3238 1201 3291 οὐκ
1258 3237 1364 3291 ἔδει
1397 3236 1459 3291 τὸ
1497 3235 1641 3306 ὕδωρ
1682 3253 1848 3308 προσ-

220 3320 351 3377 θεῖναι
399 3324 615 3392 λοιπόν;
654 3324 770 3379 ἀλλ’
813 3325 889 3390 ὡς
930 3326 1142 3391 οὐδενὸς
1174 3325 1491 3390 λείποντος,
1542 3324 1693 3396 Ἐγὼ
1754 3326 1848 3392 τίς

220 3407 370 3479 ἤμην,
415 3416 577 3486 φησὶ,
633 3413 910 3471 κωλῦσαι
968 3413 1076 3469 τὸν
1130 3413 1328 3481 Hadr;
1400 3413 1611 3481 Βαϐαῖ,
1668 3414 1754 3468 οἷα
1812 3414 1846 3485 ἡ

219 3497 463 3571 mm:
541 3502 603 3556 οὐ
652 3500 764 3573 γάρ
805 3497 966 3556 είπε’
1019 3501 1207 3557 Ταῦτα
1255 3497 1349 3556 οὖν
1392 3501 1594 3566 εἰδότες
1630 3502 1848 3574 ἡσυχά-

220 3585 307 3649 ζετε
326 3603 339 3618 ·
377 3589 506 3644 ἀλλά
533 3590 586 3645 τί
615 3607 631 3655 ;
694 3590 917 3662 Δέχεται
961 3587 1140 3644 αὐτῶν
1166 3589 1265 3662 τὴν
1295 3589 1504 3662 ὁρμὴν,
1555 3590 1648 3643 καὶ
1676 3590 1845 3658 ἐγκα-

218 3671 362 3731 λοῦσιν
404 3679 755 3749 ἀπολογεῖται
779 3694 795 3710 '
868 3678 966 3747 Τις
1030 3678 1195 3749 ἤμην
1252 3678 1511 3744 δυνατὸς
1574 3679 1847 3735 κωλῦσαι

219 3761 299 3815 τὸν
339 3768 510 3833 Θεόνς
560 3767 776 3836 λέγων·
831 3766 1038 3839 σφόδρα
1089 3765 1456 3838 ἐντρεπτικῶς
1496 3764 1589 3820 καὶ
1635 3766 1848 3837 βαρέως

220 3855 512 3926 χρησάμενος
561 3860 630 3930 τῇ
680 3855 982 3929 ἀπολογίᾳ·
1051 3855 1165 3909 υύκ
1218 3854 1505 3927 ἠδυνάμην
1578 3853 1842 3912 κωλῦσαι.

225 3941 349 3997 Ὅθεν
394 3946 572 4001 λοιπὸν
632 3944 961 4018 φοϐηθέντες
985 3985 1000 4012 ,
1048 3943 1369 4016 ἡσύχασαν,
1429 3944 1524 3998 καὶ
1597 3943 1846 4009 ἐδόξαζον

228 4026 289 4082 τὸν
310 4029 446 4090 Θιόν.

274 4125 328 4188 γ.
341 4122 480 4177 θῦτω
493 4124 588 4177 καὶ
607 4124 759 4196 ἡμᾶς
790 4123 894 4195 χρὴ
921 4123 980 4177 ἐν
1002 4124 1115 4188 τοῖς
1141 4121 1249 4177 τῶν
1260 4122 1492 4193 πλησίον
1509 4121 1735 4192 ἀγαθοῖς
1756 4124 1844 4177 δο-

230 4202 369 4285 ξᾶζειν
388 4210 474 4264 τὸν
498 4211 652 4279 Θεὸν,
688 4211 805 4265 ἀλλ’
830 4211 929 4265 οὐκ
952 4211 1301 4283 ἐπηρεάζειν,
1319 4210 1574 4283 καθάπερ
1590 4211 1638 4265 οἰ
1660 4211 1846 4265 πολλοί

228 4290 307 4345 τῶν
332 4296 688 4365 νεοφωτίστων
715 4297 1139 4369 ἐπηρεάζουσιν,
1174 4298 1305 4351 ὅταν
1334 4296 1527 4361 ἄλλους
1556 4297 1708 4351 ἴδωσι
1739 4314 1848 4367 φω-

228 4378 456 4447 τισθέντας
484 4385 577 4439 καὶ
617 4384 785 4449 εὐθὺς
824 4384 1109 4449 ἀπιόντας.
1157 4384 1411 4451 Δοξάζειν
1443 4385 1526 4439 δεῖ
1563 4384 1663 4439 τὸν
1688 4384 1841 4452 Θεὸν,

230 4465 379 4523 καὶότι
403 4471 568 4541 μένειν
581 4473 646 4526 06
673 4474 966 4544 συγχωρεῖ.
987 4473 1149 4528 Ὥστε
1172 4471 1320 4546 [I96]
1341 4473 1437 4527 καὶ
1458 4475 1523 4527 σὺ
1544 4474 1638 4529 ἐάν
1663 4473 1841 4547 θέλῃς,

235 4553 406 4619 μείζονα
432 4559 614 4627 ἔλαϐες
646 4562 859 4633 δωρεάν
882 4578 897 4593 ·
926 4562 986 4616 οὐ
1006 4558 1164 4617 ’κατὰ
1199 4562 1259 4629 τιδ
1304 4565 1562 4635 φώτισμα
1609 4562 1752 4632 λέγω
1787 4565 1842 4634 (ἡ

234 4638 318 4711 γὰρ
338 4645 451 4719 αὐτή
477 4649 585 4704 ἐστι
620 4649 877 4704 κάκείνου
917 4651 1011 4703 καὶ
1053 4650 1195 4715 σοῦ),
1231 4650 1368 4705 άλλά
1393 4651 1536 4705 κατά
1570 4650 1630 4704 τὸ
1658 4651 1843 4706 λαϐεῖν

243 4729 512 4805 πγιθεσμίαν
579 4738 1008 4810 εὐδοκιμήσεως.
1076 4740 1318 4803 Ἐκεῖνος
1386 4739 1675 4794 ἐνεδύσατο
1743 4738 1842 4812 τὴν

407 4826 486 4878 καὶ
504 4826 599 4880 οὐκ
620 4826 799 4898 ἀφέθη
825 4829 1216 4903 ἐμπομπεῦσαι
1245 4829 1303 4881 ἐν
1330 4828 1467 4900 αὐτῇ
1500 4844 1512 4859 ⁸
1542 4828 1625 4883 σοὶ
1641 4828 1841 4900 πολλὴν

255 4895 399 4988 εδινκεν
416 4908 638 4975 ἐξουσίαν
726 4895 869 4979 Θεὸς-
896 4895 1205 4988 χρησασθαι
1232 4918 1344 4980 τοῖς
1371 4895 1559 4979 ὅπλοις
1578 4918 1659 4981 εἰς
1698 4895 1839 4985 δέον,

257 4985 330 5078 καὶ
344 4989 481 5053 λαϐεῖν
500 5003 675 5057 αὐτῶν
704 5002 953 5058 ἐντεῦθεν
990 5004 1090 5076 τὴν
1121 5006 1338 5078 πεῖραν.
1379 5005 1619 5070 Ἐκεῖνος
1652 5006 1841 5060 ἄπεισι

256 5072 532 5167 τῆἶξίπεως
561 5092 723 5163 μόνον
747 5092 887 5163 ἔχων
910 5093 1001 5147 τὸν
1028 5072 1229 5164 μισθόν*
1254 5110 1270 5124 ·
1316 5095 1381 5150 σὺ
1412 5094 1651 5167 ἕστηκας
1677 5097 1733 5150 ἐν
1759 5092 1841 5165 τῷ

253 5164 405 5255 σταδίῳ
419 5172 503 5229 τῶν
521 5178 696 5252 ἔργων
722 5180 1018 5253 δυνάμενος
1041 5182 1223 5237 λαϐεῖν
1250 5182 1450 5248 πολλάς
1464 5164 1563 5248 τὰς
1583 5164 1843 5255 ἀμοιϐάς,

247 5250 321 5350 3‘4}
338 5260 543 5320 τοσοῦτον
553 5250 777 5323 ἐκείνου
799 5250 1031 5341 φανῆναι
1053 5270 1453 5345 λαμπρότερος,
1489 5272 1613 5325 ὅσον
1637 5273 1666 5325 6
1689 5273 1841 5344 ἥλιος

244 5352 315 5391 του
345 5354 633 5419 μικροτάτου
665 5357 915 5431 ἀστέρος.
958 5359 1081 5413 ὅσον
1116 5360 1143 5413 6
1163 5359 1467 5434 στρατηγὸς
1487 5359 1583 5414 τοῦ
1607 5360 1839 5431 ἐσχάτου

251 5435 516 5518 σῖρῆτιώτου
536 5482 550 5508 ,
587 5446 781 5515 μᾶλλον
810 5447 865 5500 δέ
899 5447 1020 5500 ὅσον
1056 5448 1084 5499 ὁ
1115 5438 1387 5518 βασιλεύς.
1425 5448 1628 5503 Σαυτὸν
1660 5449 1841 5504 τοίνυν

248 5511 598 5611 flag-gemo;
634 5532 689 5585 δε
733 5534 808 5605 μὴ
843 5534 1022 5601 αἰτιῶ,
1055 5511 1191 5590 δοξλά
1220 5536 1433 5610 διόρθου
1476 5536 1599 5591 ἀεί’
1628 5538 1689 5590 οὐ
1731 5538 1840 5611 γὰρ

397 5609 450 5663 τὸ
490 5596 827 5674 αἰτιάσασθαι
857 5639 871 5653 ·
919 5596 1131 5688 ἔξεστιν
1172 5596 1648 5696 ἀναμαχέσασθαι.
1692 5596 1835 5680 κᾶτ’-

253 5683 462 5785 ξελίθηςξ
493 5702 642 5759 δεινᾶ
658 5706 888 5778 ἐπαθεςς
940 5683 1252 5783 ’Ᾱνάστηθῃ
1282 5683 1590 5785 άνάκτησαι
1623 5719 1837 5772 σαυτόν’

332 5778 378 5877 ἓν
404 5784 473 5877 τῷ
498 5791 689 5865 σταδίῳ
716 5766 985 5869 ἕστηκας,
1019 5797 1100 5854 ἔτι
1124 5766 1190 5854 τὸ
1220 5766 1835 5877 θέατρον

263 5858 337 5931 θῦκ
358 5866 468 5942 δρᾷς
512 5858 673 5936 πόσοι.
711 5858 1261 5956 καταπαλαισθέντες,
1296 5858 1522 5966 ὕστερον
1578 5858 1841 5967 ἁνειίαχέλ

269 6000 470 6099 ῥωθπῆ
508 6021 588 6069 Διὸ
741 6046 878 6093 προκ.
911 6034 993 6081 τὸν
1013 6034 1171 6095 λόγον.
1220 6036 1346 6085 Ποῖα
1388 6038 1493 6096 ἔθνη
1535 6040 1717 6097 λοιπὸν,
1751 6044 1837 6091 οὐκ

269 6068 484 6134 ,ξιίθνηγῆν
518 6088 597 6134 τῆς
614 6101 824 6134 meum-
890 6093 918 6132 ιι
949 6095 1083 6134 nunc
1115 6098 1153 6134 εἴ
1179 6099 1267 6134 w‘m
1296 6101 1358 6134 ma
1391 6101 1573 6134 ητις-...υ
1606 6104 1739 6134 ...ξλεμ
1761 6105 1817 6134 .;..

269 6116 286 6144 ε

286 6088 597 6173 m2;
614 6088 824 6173 ῗίετεξίς·
890 6088 1093 6173 Tum:
1115 6098 1154 6144 εῖ
1179 6099 1358 6173 γάρ,μὴ
1391 6088 1573 6150 τούέων
1605 6088 1739 6153 οὐδέν
1759 6088 1833 6166 ἦῖέξ

454 6133 457 6134 ,
546 6133 596 6153 ὅ,
677 6133 824 6147 --ην
1115 6133 1154 6144 -.
1189 6133 1267 6159 μη.
1296 6133 1358 6158 ν...
1399 6133 1464 6149 η..

348 6140 384 6178 m
403 6133 609 6207 άπελθειν,
631 6149 707 6195 καὶ
730 6154 871 6212 οὕτως
894 6157 1121 6214 ἀπελθὼν,
1145 6159 1229 6208 οὐκ
1248 6161 1464 6221 ἔδραμον.

3539 499 3651 555 188

1973 613 2169 665 σαντο;
2219 600 2396 655 Μόνον
2447 602 2522 673 μὴ
2576 603 2718 658 ἑκὼν
2762 608 3099 682 καταπέσῃς.
3161 612 3506 684 Μακαρίζεις
3553 617 3651 673 τὸν

1968 684 2311 778 ἀπελθόντας
2365 689 2554 761 Πολλῷ
2606 692 2807 762 μᾶλλον
2844 696 3152 768 μακάρισον
3190 702 3411 756 σαυτόν;
3444 705 3643 778 Ἀφέθη

1970 773 2389 862 ἁμαρτημάτων
2431 780 2674 844 ἐκεῖνος;
2723 780 2886 848 ’Δλλ’,
2930 782 3218 857 timum;
3252 789 3350 854 σὺ,
3388 791 3450 843 οὐ
3485 773 3647 862 μόνον

1967 858 2037 912 τά
2074 861 2453 935 ἁμαρτήματα
2481 866 2742 939 άπονίψῃ,
2765 868 2904 924 ἀλλά
2935 872 3030 924 καὶ
3057 873 3458 946 κατορθώματα
3477 858 3645 946 ἐξεις,

1966 946 2106 1016 ὅπερ
2146 950 2233 1003 ἐπ’
2263 952 2472 1007 ἐκείνου
2517 955 2579 1007 06
2631 954 2879 1013 δυνατόν.
2909 957 3161 1015 Ἔνεστιν
3198 962 3350 1033 ἡμᾶς
3373 964 3645 1021 ἀνακαλέ-

1970 1036 2167 1092 σασθαι
2207 1039 2455 1107 ἐαυτούς.

2036 1124 2266 1194 Μεγάλα
2292 1127 2393 1199 τῆς
2434 1132 2723 1201 μετανοίας
2765 1133 2835 1187 τά
2876 1133 3148 1206 φάρμακα
3173 1154 3187 1169 ο
3222 1139 3413 1211 μηδεὶς
3448 1141 3643 1210 ἁπογι·

1968 1211 2226 1265 νωσκὲτω
2250 1214 2466 1270 ἑαυτοῦ.
2512 1215 2750 1282 Ἰεδιεῖνος
2788 1219 2958 1285 ὅντως
2988 1221 3357 1290 ἀπογνώσεως
3395 1226 3566 1291 ἄξιος,
3614 1229 3642 1280 6

1968 1298 2365 1367 ἀπογινώσκων
2412 1303 2606 1357 ἐαυτοῦ
2632 1320 2645 1335 ο
2671 1307 2877 1370 ἐκεῖνος
2926 1309 3028 1362 οὐκ
3078 1309 3160 1363 ἔτι
3218 1312 3492 1383 σωτηρίας
3526 1313 3641 1383 εχει

1968 1383 2190 1451 ἐλπίδας
2214 1386 2263 1442 ἀ.
2290 1387 2365 1442 Οὐ
2396 1389 2457 1443 τὸ
2481 1391 2560 1454 εἰς
2592 1391 2754 1460 βάθος
2786 1392 2970 1447 κακῶν
2993 1395 3167 1449 ἐλθεῖν
3190 1396 3385 1462 δεινὸν,
3408 1399 3545 1453 ἀλλὰ
3578 1403 3640 1455 τὸ

1968 1470 2181 1528 κεῖσθαι
2229 1475 2370 1545 μετά
2404 1476 2465 1531 τὸ
2506 1478 2683 1534 ἐλθεῖν
2711 1496 2725 1509 ο
2748 1480 2810 1534 οὐ
2840 1481 2901 1535 τὸ
2932 1482 3011 1547 εἰς
3040 1481 3205 1553 βάθος
3242 1486 3430 1541 κακῶν
3463 1486 3639 1540 ἐλθεῖν

1966 1558 2183 1625 ἀσεϐὲς,
2233 1563 2372 1617 άλλά
2420 1564 2481 1617 τὸ
2530 1568 2945 1640 καταφρονῆσαι
2995 1571 3134 1640 μετά
3170 1571 3230 1625 τὸ
3256 1572 3448 1627 ἐλθεῖν.
3493 1575 3571 1627 Δι’
3609 1574 3638 1626 6

1964 1644 2202 1739 6—:pzi1ug
2251 1653 2542 1723 μεριμνᾷν,
2602 1654 2725 1707 εἰπέ
2784 1672 2913 1726 μοι,
2971 1658 3173 1728 μᾶλλον
3227 1664 3635 1732 καταφρονεῖς;
3740 1736 3743 1739 _

1967 1733 2272 1807 Τραύματα
2296 1739 2535 1793 τοσαῦτα
2576 1740 2739 1812 ἔχων,
2783 1743 3080 1812 ἀνέπεσες;
3129 1745 3294 1800 Οὐδέν
3321 1746 3437 1802 ἐστι
3460 1748 3638 1818 ψυχῆς

1964 1821 2185 1877 ἀνίατον
2218 1824 2439 1896 τραῦμα
2466 1843 2480 1855 ·
2510 1827 2628 1881 ἀλλ’
2660 1829 2754 1883 ἐπὶ
2787 1831 2887 1900 μὲν
2914 1830 3167 1902 σώματος
3195 1834 3365 1888 πολλά
3392 1836 3635 1901 τοιαῦτα,

1962 1910 2058 1963 ἐπὶ
2087 1909 2145 1963 δέ
2169 1910 2272 1981 τῆς
2304 1912 2482 1984 ψυχῆς
2529 1915 2682 1969 οὐδέν
2710 1932 2724 1947 ο
2748 1917 2841 1970 καὶ
2876 1918 3017 1990 ὑπὲρ
3053 1920 3279 1974 ἐκείνων
3306 1921 3404 1991 μὲν
3438 1923 3500 1975 οὐ
3524 1921 3638 1975 δια-

1960 1998 2305 2073 λιμπάνομεν
2358 2004 2682 2075 κάμνοντες,
2736 2005 2878 2078 ὑπὲρ
2923 2007 2980 2061 δέ
3026 2008 3232 2064 τούτων
3260 2010 3633 2082 ῥᾳθυμοῦμεν.

1961 2087 2075 2158 Οὐχ
2100 2088 2235 2159 ὁρᾷς
2263 2089 2356 2143 τὸν
2388 2089 2591 2162 λῃστὴν
2611 2131 2626 2155 ,
2667 2092 2784 2157 πῶς
2816 2094 2873 2146 ἐν
2901 2094 3097 2166 βραχεῖ
3124 2097 3301 2168 χρόνῳ
3343 2097 3640 2169 κατώρθω-

1961 2190 2083 2240 σεν;
2112 2176 2213 2247 οὐχ
2249 2178 2383 2249 ὁρᾷς
2415 2178 2542 2242 τοὺς
2593 2180 2879 2253 μάρτυρας
2902 2221 2918 2245 ,
2960 2182 3078 2247 πῶς
3104 2184 3164 2238 ἐν
3202 2182 3396 2255 βραχεῖ
3429 2185 3491 2238 τὸ
3529 2188 3637 2240 πᾶν

1959 2264 2200 2334 ἦνυσαν;
2245 2265 2386 2320 ‘A11‘
2410 2266 2511 2321 οὐκ
2549 2266 2699 2322 εστιν
2730 2268 2855 2340 ἄρτι
2887 2272 3189 2343 μαρτυρίου
3219 2273 3446 2345 καιρός;
3495 2274 3636 2326 Ἀλλ’

1957 2350 2186 2419 ἀγώνων
2210 2354 2327 2408 ἐστὶ
2352 2354 2546 2426 καιρὸς
2567 2394 2582 2419 ,
2613 2356 2642 2409 ὃ
2677 2356 2943 2423 πολλάκις
2969 2354 3122 2413 εῐπον
3145 2400 3160 2425 ,
3199 2363 3248 2414 εἰ
3281 2360 3633 2431 βουλοίμεθα.

1960 2441 2025 2492 Οἱ
2054 2439 2163 2507 γάρ
2187 2440 2488 2508 θέλοντες,
2516 2444 2703 2513 φησὶν,
2735 2444 3001 2511 εὐσεϐῶς
3043 2445 3149 2516 ζῇν
3172 2447 3243 2501 ἐν
3271 2448 3503 2517 Χριστῷ
3523 2450 3636 2517 ’1η-

1956 2526 2093 2592 σοῦ,
2116 2526 2577 2597 διωχθήσονται.
2605 2532 2667 2585 Οί
2697 2532 2941 2596 εὐσεϐῶς
2974 2532 3178 2598 ζῶντες
3207 2535 3295 2589 ἀεὶ
3322 2535 3633 2603 διώκονται,

1955 2612 2059 2667 κᾶν
2107 2612 2184 2685 μὴ
2233 2615 2385 2685 παρά
2425 2617 2730 2688 ἀνθρώπων
2750 2661 2768 2687 ,
2799 2620 2937 2675 ἀλλά
2970 2622 3123 2693 παρά
3151 2622 3445 2693 δαιμόνων,
3476 2624 3535 2687 ὃς
3567 2625 3633 2696 δὴ

1955 2701 2051 2756 καὶ
2075 2701 2461 2776 χώεπώτερὸς
2489 2707 2605 2759 ἐστι
2633 2706 2895 2779 διωγμὸς.
2933 2710 3046 2763 Καὶ
3077 2708 3295 2781 πρῶτον
3335 2712 3427 2765 ὐπ’
3458 2712 3633 2782 αὐτῆς

1957 2788 2193 2860 μάλιστα
2206 2792 2306 2863 τῆς
2322 2792 2562 2857 ἀνέσεως
2582 2794 2773 2849 τοῦτον
2795 2796 3157 2867 ὑπομένουσιν
3182 2800 3229 2851 οἰ
3251 2798 3327 2869 μὴ
3347 2799 3631 2869 νήφοντες.

1956 2876 2028 2928 Ἢ
2059 2876 2254 2948 μικρὸν
2280 2877 2383 2931 οίει
2398 2878 2639 2950 διωγμὸν
2662 2881 2721 2935 τὸ
2743 2879 2802 2935 ἓν
2823 2882 3006 2936 ἀνέσει
3027 2879 3198 2950 εἷναις
3223 2883 3393 2938 Τοῦτο
3414 2884 3633 2939 πάντων

1952 2965 2071 3020 ἐστί
2109 2966 2449 3039 βαρύτερον,
2499 2970 2657 3024 τοῦτο
2710 2971 2803 3026 καὶ
2849 2972 3095 3043 διωγμοῦ
3130 2975 3335 3045 χεῖρον.
3363 2975 3632 3046 Καθάπερ

1951 3052 2059 3124 γάρ
2094 3054 2274 3126 ῥεῦμα
2303 3057 2562 3130 ἐπιρρέον
2601 3058 2633 3129 ἡ
2673 3057 2858 3122 ἄνεσις
2893 3062 3085 3129 χαυνοῖ
3111 3060 3211 3131 τὴν
3257 3061 3438 3132 ψυχήν
3480 3079 3493 3094 ο
3540 3064 3633 3116 καὶ

1952 3141 2089 3215 ὅπερ
2121 3143 2239 3196 ἐστὶ
2268 3142 2422 3217 θέρος
2456 3145 2551 3199 καὶ
2585 3145 2817 3218 χειμὼν,
2847 3146 3003 3201 τοῦτο
3031 3147 3271 3218 διωγμὸς
3306 3149 3400 3203 καὶ
3424 3150 3626 3214 ἄνεσις.

1954 3230 2073 3284 Ἵνα
2098 3231 2154 3285 δὲ
2191 3234 2372 3305 μάθῃς
2394 3234 2460 3289 ἐκ
2490 3235 2830 3307 περιουσίας,
2859 3237 2941 3289 ὃτι
2972 3236 3172 3308 χείρων
3198 3231 3355 3301 οὗτος
3393 3240 3422 3292 6
3469 3238 3632 3307 διωγ-

1956 3319 2055 3391 μὸς
2075 3332 2125 3385 θ,
2142 3320 2334 3376 σκόπει
2355 3323 2841 3379 ἐντεῦθεν.”Υπνον
2869 3329 3100 3396 καταχεῖ
3124 3328 3188 3398 τῇ
3213 3327 3381 3399 ψυχῇ,
3409 3328 3630 3398 χάσμην

1952 3409 2156 3482 πολλὴν
2190 3411 2286 3464 καὶ
2317 3410 2590 3483 ρᾳθυμίαν
2616 3413 2868 3483 ἐμποιεῖ,
2904 3411 2973 3466 τά
3012 3413 3159 3485 πάθη
3197 3414 3457 3486 διεγείρει
3495 3416 3629 3468 πάνυ

1949 3497 2127 3564 τοθεν,
2170 3497 2379 3563 ὁπλίζει
2415 3498 2605 3567 τῦφον,
2654 3499 2865 3564 ὁπλίζει
2908 3501 3128 3573 ἡδονὴν,
3176 3502 3389 3566 ὁπλίζει
3433 3502 3628 3574 θυμὸν,

1953 3584 2270 3655 βασκανίαν,
2305 3585 2634 3653 κενοδοξίαν,
2664 3585 2847 3658 ζῆλον.
2890 3586 3030 3641 Ἀλλ’
3060 3589 3118 3641 ἐν
3160 3589 3388 3661 διωγμῷ
3421 3590 3627 3645 τούτων

1952 3673 2105 3727 οὐδὲν
2144 3672 2381 3743 ἐνοχλεῖν
2411 3672 2636 3727 δύναται
2660 3690 2676 3707 ο
2701 3674 2818 3728 ἀλλ’
2850 3676 2878 3728 6
2905 3674 3069 3745 φόϐος
3097 3676 3428 3731 ἐπεισελθὼν
3459 3678 3627 3734 καθά·

1951 3778 2058 3832 περ
2082 3762 2189 3815 τινὶ
2214 3760 2437 3833 μάστιγι
2468 3761 2672 3832 σφόδρα
2689 3761 2827 3817 κύνα
2849 3762 3182 3818 ὐλακτοῦντα
3208 3764 3438 3837 πλήξας,
3454 3766 3625 3820 ταῦτα

1951 3851 2131 3905 πάντα
2154 3850 2223 3904 τὰ
2250 3848 2399 3921 πάθη
2428 3850 2549 3903 οὐδέ
2577 3849 2775 3920 γρῦξαι
2796 3851 2881 3923 ἐᾷ.
2911 3848 3066 3924 [I97]
3088 3853 3181 3917 Τίς
3208 3854 3266 3907 ἐν
3287 3853 3513 3924 διωγμῷ
3530 3872 3624 3908 κε-

1953 3933 2239 4004 νοδοξῆσαι
2279 3933 2501 3989 δύναται
2525 3950 2539 4000 ;
2572 3934 2658 3999 τίς
2680 3936 2738 3989 ἐν
2759 3934 2916 4006 ἡδονῇ
2939 3935 3230 4003 γενέσθαις
3256 3936 3465 4000 Οὐδείς·
3491 3937 3624 3990 ἀλλὰ

1949 4016 2149 4089 τρόμος
2174 4018 2342 4082 πολὺς
2372 4018 2467 4072 καὶ
2494 4017 2682 4086 φόϐος,
2727 4017 2931 4090 πολλὴν
2972 4019 3073 4090 τὴν
3115 4019 3361 4092 γαλήνην
3390 4020 3622 4090 ἐργαζό-

1954 4120 2137 4175 μενος,
2187 4104 2362 4159 εῦδιον
2413 4105 2506 4159 τὸν
2560 4105 2755 4177 λιμένα
2804 4106 3242 4176 παρασκευάζων
3267 4148 3283 4173 ,
3318 4106 3417 4177 τὴν
3445 4107 3622 4177 ψυχὴν

1950 4188 2155 4260 εὐλαϐῆ
2198 4189 2390 4245 ποιῶν.
2441 4190 2691 4243 ἽΙκουσά
2734 4206 2866 4245 ποτε
2910 4190 3161 4263 πατέρων
3199 4190 3310 4243 τῶν
3340 4191 3622 4261 ἡμετέρων

1948 4276 2217 4346 λεγόντων
2248 4279 2354 4347 (ἐφ’
2384 4277 2542 4349 ἡμῶν
2588 4278 2700 4348 γάρ
2741 4278 2817 4349 μὴ
2858 4278 3071 4345 γένοιτο
3096 4296 3110 4309 ο
3144 4276 3479 4348 κελευόμεθα
3516 4279 3620 4350 γὰρ

1952 4362 2027 4436 μὴ
2058 4366 2230 4419 αἰτεῖν
2254 4365 2604 4438 πειρασμὸν),
2624 4367 2705 4420 6::
2726 4366 2868 4428 κατὰ
2892 4365 2982 4420 τὸν
3009 4364 3250 4436 διωγμὸν
3277 4366 3369 4419 τὸν
3394 4365 3627 4420 παλαιὸν

1946 4447 2014 4523 ἦν
2040 4452 2167 4507 ἰδεῖν
2187 4453 2357 4516 ὅντως
2385 4454 2747 4527 Χριστιανοὺς
2782 4446 3004 4525 ἀνδρας.
3042 4452 3232 4516 Οὐδεὶς
3262 4453 3370 4525 γὰρ
3400 4454 3619 4525 χρημάσ

1945 4558 2056 4597 των
2082 4542 2423 4617 ἐφρόντιζεν,
2449 4542 2625 4606 οὐδεὶς
2659 4541 2941 4611 γυναικὸς,
2978 4541 3154 4605 οὐδεὶς
3199 4542 3422 4605 παίδων,
3449 4543 3618 4606 οὐδεὶς

1946 4630 2146 4697 οίκίας,
2173 4631 2350 4695 οὐδεὶς
2371 4630 2630 4703 πατρίδος
2653 4647 2667 4661 ·
2710 4629 2811 4701 μία
2840 4631 3007 4684 πᾶσιν
3032 4625 3101 4701 ἦν
3128 4629 3333 4701 σπουδὴ
3356 4670 3372 4695 ,
3397 4630 3496 4701 τὴν
3523 4630 3617 4700 ψυ-

1946 4720 2048 4792 χὴν
2087 4718 2391 4791 περισῶσαι
2417 4719 2648 4772 ἑαυτῶν.
2680 4719 2759 4772 ’οί
2787 4717 2886 4789 μὲν
2910 4718 2968 4771 ἐν
3001 4718 3249 4789 μνήμασι
3283 4717 3377 4772 καὶ
3408 4717 3622 4784 τάφοις,

1945 4806 1995 4859 οἱ
2027 4806 2085 4860 δὲ
2131 4806 2188 4859 ἐν
2228 4805 2490 4877 ἐρημίαις
2540 4804 2898 4875 ἐκρύπτοντο.
2957 4804 3032 4858 Οὐ
3089 4804 3249 4874 μόνον
3299 4803 3356 4856 δὲ
3408 4802 3623 4874 ἄνδρες,

1944 4894 2080 4947 ἀλλά
2110 4893 2129 4931 ί
2164 4894 2258 4947 καὶ
2291 4896 2548 4963 γυναῖκες
2582 4892 2788 4946 ἁπαλαί
2835 4892 2928 4946 καὶ
2979 4890 3249 4963 τρυφεραὶ
3287 4889 3409 4945 τότε
3456 4891 3609 4962 ἐκρύ-

1947 4997 2163 5045 πτοντο,
2196 4980 2436 5052 διηνεκεῖ
2464 4979 2770 5052 μαχόμεναι
2811 4978 2976 5053 λιμῷ.
3013 4979 3294 5049 Ἐννόησον
3313 4974 3428 5045 οὖν,
3467 4978 3520 5032 εἰ
3538 4995 3621 5042 τις

1944 5069 2319 5137 πολυτελείας,
2371 5072 2425 5124 εί
2462 5088 2548 5135 τις
2588 5070 2802 5143 τρυφῆς
2847 5069 3172 5141 ἐπεισῆλθεν
3201 5069 3266 5125 ἄν
3294 5087 3421 5123 ποτε
3458 5067 3621 5131 πόθος

1944 5161 2167 5228 γυναικί
2183 5160 2336 5225 παρὰ
2364 5158 2596 5233 λάρνακι
2619 5158 2974 5230 κρυπτομένῃ
3002 5158 3098 5211 καὶ
3125 5154 3496 5229 περιμενούσῃ
3521 5154 3619 5227 τὴν

1945 5246 2328 5320 θεραπαινίδα,
2361 5248 2509 5311 ὅπως
2535 5246 2667 5321 ἔλθῃ
2692 5244 2999 5319 κομίζουσα
3024 5245 3237 5298 δεῖπνον
3254 5284 3269 5309 ,
3303 5245 3395 5297 καὶ
3425 5243 3621 5313 φοϐοῦ⁴

1948 5335 2105 5407 μένῃ,
2153 5336 2228 5407 μή
2273 5352 2391 5399 πως
2433 5334 2576 5407 ἁλῷ,
2621 5336 2716 5389 καὶ
2743 5333 2996 5405 καθάπερ
3026 5334 3084 5389 ἐν
3112 5331 3328 5404 καμίνῳ
3359 5330 3436 5403 τῷ
3461 5331 3620 5404 τάφῳ

1945 5423 2172 5497 κειμένῃ
2202 5441 2215 5455 ⁸
2248 5421 2361 5496 ἆρα
2386 5423 2495 5497 γάρ
2523 5423 2910 5495 ἐνθυμήσεται,
2941 5422 3022 5475 6::
3043 5419 3235 5491 γέγονέ
3266 5436 3395 5473 ποτε
3413 5436 3550 5490 τρυφ
3566 5420 3617 5492 ὴ,

1942 5513 2025 5566 ὅτι
2074 5512 2279 5585 κόσμος
2323 5513 2458 5578 ὅλως
2502 5512 2684 5580 ἐστίν;
2726 5512 2889 5582 Ὁρᾷς
2937 5511 3019 5564 6::
3059 5508 3154 5563 νῦν
3194 5508 3312 5561 ἐστι
3349 5508 3552 5579 μᾶλλον
3583 5510 3613 5561 6

1943 5602 2203 5673 διωγμὸς,
2255 5601 2506 5673 καθάπερ
2562 5600 2767 5671 θηρίων
2817 5598 2927 5652 τῶν
2989 5596 3178 5651 παθῶν
3221 5594 3618 5668 ἐπιτιθεμένων

1944 5692 2074 5762 ἡμῖν
2114 5689 2419 5756 πάντοθεν;
2472 5686 2584 5741 Νῦν
2624 5689 2771 5740 ἐστιν
2815 5688 2843 5740 ὀ
2890 5685 3126 5756 χαλεπὸς
3151 5684 3412 5755 διωγμὸς,
3440 5684 3616 5758 ταύτῃ

1942 5796 2024 5846 τε,
2053 5779 2148 5833 καὶ
2192 5778 2275 5831 6::
2312 5776 2435 5831 οὐδὲ
2460 5774 2738 5847 νομίζεται
2760 5770 2900 5829 εἶναι
2924 5773 3184 5844 διωγμός.
3221 5773 3331 5827 Καὶ
3375 5774 3483 5846 γὰρ
3522 5778 3619 5831 καὶ

1942 5866 2103 5919 τοῦτο
2125 5865 2239 5936 ἔχει
2267 5866 2328 5919 τὸ
2354 5863 2589 5936 χαλεπὸν
2618 5857 2771 5927 οὗτος
2799 5864 2827 5916 6
2853 5859 3112 5933 πόλεμος,
3146 5860 3207 5924 ὃς
3238 5862 3429 5933 εἰρήνη
3460 5863 3588 5933 νομί
3599 5893 3618 5905 -

1945 5955 2121 6021 ζεται,
2160 5956 2250 6009 ἵνα
2284 5955 2359 6026 μὴ
2386 5952 2736 6024 ὁπλιζώμεθα
2771 5951 2891 6006 κατ’
2927 5948 3117 6014 αὐτοῦ,
3151 5949 3285 6022 μηδέ
3313 5950 3613 6005 διαναστῶ-

2006 6042 2033 6082 ἀ
2070 6044 2190 6094 Alii.
2210 6044 2369 6093 οὐκέτι
2396 6044 2636 6107 σωτηρίαν
2660 6043 2777 6106 ἔχει.
2809 6042 2919 6090 οὐδὲ
2947 6040 3150 6095 ἐλπίδας.
3172 6097 3187 6107 _
3217 6050 3250 6107 ε
3291 6037 3408 6095 Alii,
3426 6040 3524 6107 ﬁve:
3561 6041 3614 6089 δὲ

1942 6107 2052 6166 ὑμῖν
2093 6108 2249 6161 δείξω.
2292 6108 2364 6155 ὅτι
2406 6097 2554 6162 οὕτως
2591 6097 2820 6167 γείςξωνό
2865 6107 3087 6167 διωγμὸς.
3170 6097 3345 6165 τηερε,
3389 6104 3442 6151 οὐ
3469 6105 3608 6164 μόνον

1956 6190 2006 6226 ιε
2027 6177 2205 6237 ἄνδρες,
2229 6177 2367 6237 ἀλλὰ,
2391 6176 2572 6228 dcsunl
2600 6176 2648 6227 in
2674 6191 2770 6229 uno
2800 6178 2907 6228 cod.
