4112 6472
476 503 577 559 189

476 631 608 686 μενο
632 612 808 679 οὐδεὶς
842 614 1114 680 δέδοικεν,
1154 615 1332 681 οὐδεὶς
1377 616 1593 687 τρέμει.
1630 618 1692 670 Εἰ
1727 617 1784 670 δὲ
1812 617 2094 670 ἀπιστεῖτε
2123 652 2139 677 ,

469 705 597 768 τοὺς
620 704 887 774 Ἕλληνας
911 704 1246 775 ἐρωτήσατε,
1272 706 1400 769 τοὺς
1427 704 1741 769 διώκοντας,
1778 705 1907 757 πότε
1939 704 2007 757 τὰ
2032 703 2141 757 τῶν

471 792 815 864 Χριστιανῶν
836 792 1225 864 ἀκριϐέστερα,
1255 793 1386 847 πότε
1414 792 1769 864 δοκιμώτεροι
1786 794 2020 857 πάντες;
2045 792 2139 855 Εἰς

469 881 651 949 ὀλίγον
691 880 792 952 μὲν
833 883 1209 952 περιειστήκει
1242 880 1363 935 τότε
1399 880 1461 934 τὸ
1500 881 1702 951 πλῆθος
1736 897 1747 909 ·
1781 882 1860 945 εἰς
1887 880 2054 934 πολὺν
2086 880 2144 933 δὲ

470 969 674 1039 ἀρετῆς
703 968 933 1022 πλοῦτον
964 964 1054 1040 ἦν.
1074 969 1139 1022 Τί
1159 968 1266 1040 γὰρ
1292 969 1502 1039 ὄφελος,
1527 970 1647 1023 εἰπέ
1676 987 1788 1040 μοι,
1814 969 1983 1023 πολὺν
2005 962 2144 1021 εἶναι

470 1055 686 1126 χόρτον,
721 1056 895 1127 παρὸν
923 1055 1101 1121 λίθους
1126 1052 1269 1111 εἶναι
1298 1056 1516 1128 τιμίους
1539 1069 1594 1121 II;
1617 1058 1731 1110 Οὐκ
1766 1059 1823 1109 ἐν
1845 1056 1923 1127 τῷ
1949 1056 2143 1128 πλήθει

471 1143 564 1196 τοῦ
594 1143 855 1215 ἀριθμοῦ,
891 1144 1005 1198 ἀλλ’
1035 1145 1094 1197 ἐν
1121 1148 1187 1216 τῇ
1215 1144 1529 1216 δοκιμότητι
1559 1146 1658 1217 τῆς
1690 1146 1889 1217 ἀρετῆς
1912 1145 1974 1199 ἐδ
2002 1146 2146 1216 πλῆ-

472 1230 564 1294 θός
587 1232 755 1286 ἐστιν.
790 1232 849 1285 Ὁ
881 1232 1066 1296 Ἠλίας
1094 1228 1175 1296 εἷς
1202 1228 1270 1304 ἦν
1295 1250 1309 1264 ο
1339 1233 1497 1287 ἀλλ’ό
1525 1233 1729 1303 κόσμος
1760 1233 1861 1287 οὐκ
1883 1229 1951 1305 ῆν
1980 1233 2144 1287 αὐτοῦ

471 1317 743 1385 ἀντάξιος.
782 1318 892 1373 Καὶ
927 1318 1034 1391 μὴν
1072 1320 1102 1372 6
1137 1319 1341 1391 κόσμος
1372 1319 1634 1391 μυριάδες
1679 1320 1820 1375 εἰσίν
1843 1336 1856 1351 ⁸
1896 1319 2011 1374 ἀλλ’
2044 1320 2145 1373 οὐκ

472 1406 578 1458 εἰσὶ
598 1405 877 1477 μυριάδες,
894 1407 1021 1460 ὅταν
1040 1406 1174 1478 μηδὲ
1189 1406 1327 1479 πρὸς
1346 1407 1437 1461 τὸν
1457 1408 1556 1462 ἕνα
1585 1407 1871 1473 ἐξισῶνται
1892 1451 1903 1462 .
1936 1408 2143 1476 Κρείον-

471 1507 600 1548 σων
626 1494 654 1534 ιι
680 1492 769 1561 εἷς
792 1494 983 1550 ποιῶν
1006 1498 1070 1550 τὸ
1098 1496 1331 1566 θέλημα
1359 1498 1580 1566 Κυρίου
1597 1538 1610 1559 ,
1648 1498 1686 1565 ἢ
1720 1499 1919 1567 μύριοι
1953 1498 2142 1566 παρὰ·

471 1598 662 1651 νομοι.
680 1581 853 1637 Τοῦτο
872 1584 968 1638 καί
983 1602 1065 1648 τις
1089 1586 1253 1655 σοφὸς
1279 1587 1653 1658 αἰνιττόμενος
1678 1586 1822 1640 οὕτω
1847 1585 1963 1651 πώς
1986 1599 2138 1655 φησι’

469 1670 566 1737 Μὴ
599 1669 871 1741 ἐπιθύμει
912 1672 1150 1742 πλῆθος
1196 1674 1424 1729 τέκνων
1466 1674 1808 1743 ἀχρήστων.
1861 1669 2019 1729 Οὗτοι
2048 1673 2143 1726 καὶ

473 1758 824 1831 βλασφημίαν
851 1761 1269 1832 προσ-τρίϐονται
1294 1762 1373 1834 τῷ
1397 1762 1516 1835 Θεῷ
1545 1764 1764 1835 μᾶλλον,
1782 1763 1815 1834 ἢ
1834 1764 1883 1817 εἰ
1908 1763 1982 1834 μὴ
2002 1758 2143 1835 ἦσαν

469 1836 807 1917 Χριστιανὸί.
837 1847 903 1901 Τί
933 1866 1025 1919 μοι
1049 1848 1130 1902 δεῖ
1149 1850 1413 1921 πλήθους;
1441 1852 1627 1924 Τροφὴ
1655 1852 1857 1906 πλείων
1884 1851 1961 1923 τῷ
1984 1851 2138 1923 πυρί.

469 1932 641 1987 Τοῦτο
671 1936 765 1989 καὶ
795 1936 859 1990 ὲκ
887 1935 983 1989 τοῦ
1014 1936 1267 2008 σώματος
1289 1940 1478 2009 γνοίης
1504 1940 1599 2005 ἂν,
1626 1943 1707 1995 ὄτι
1740 1940 1964 2012 βελτίων
2004 1941 2144 2012 σύμ-

472 2036 672 2092 μετρος
694 2024 867 2095 τροφὴ
902 2026 1044 2096 μετά
1075 2026 1319 2096 ὑγιείας,
1352 2028 1385 2100 ἢ
1419 2029 1599 2100 τρυφὴ
1646 2030 1785 2100 μετά
1822 2030 2138 2093 κακώσεως.

467 2105 617 2176 Αὕτη
656 2109 859 2164 πλείων
884 2113 1103 2184 ἐκείνης
1130 2115 1164 2185 ή
1193 2117 1366 2186 τροφή
1395 2132 1410 2146 ·
1436 2115 1597 2170 τοῦτο
1620 2117 1817 2187 τροφὴ,
1856 2118 2035 2170 ἐκεῖνο
2054 2117 2143 2169 νό-

470 2211 584 2260 σος.
618 2196 792 2251 Τοῦτο
840 2200 936 2253 καὶ
983 2201 1045 2254 ἐν
1089 2201 1315 2274 πολέμῳ
1363 2201 1462 2258 ἴδοι
1505 2222 1591 2268 τις
1647 2204 1735 2271 ἂν,
1769 2204 1978 2275 βέλτιον
2003 2200 2143 2259 εἶναι

468 2283 606 2337 δέκα
632 2285 930 2359 ἐμπείρους
967 2289 1064 2342 καὶ
1091 2290 1374 2358 γενναίους
1398 2289 1622 2362 ἄνδρας,
1659 2292 1693 2363 ἢ
1733 2293 1958 2365 μυρίους
1984 2293 2144 2347 ἀπεί-

474 2387 620 2441 ρους.
652 2368 811 2428 Οὗτοι
851 2375 985 2447 πρὸς
1004 2376 1082 2448 τῷ
1108 2378 1276 2448 μηδὲν
1307 2378 1646 2450 ἐργάσασθαι
1682 2382 1777 2435 καὶ
1813 2381 1940 2445 τοὺς
1971 2382 2141 2455 ἐργα-

469 2457 733 2529 ζομένους
756 2462 1107 2531 ὲγκόπτονσι.
1126 2466 1298 2520 Τοῦτο
1317 2467 1410 2520 καὶ
1440 2468 1534 2522 ἐπὶ
1564 2469 1748 2523 πλοίου
1775 2469 1927 2541 εὖροι
1946 2487 2031 2532 τις
2053 2469 2139 2535 ἂν,

470 2544 682 2614 βέλτιον
714 2543 856 2603 εἶναι
883 2550 976 2604 δύο
1011 2550 1213 2617 ναύτας
1256 2554 1579 2626 ἐμπείρους,
1622 2557 1657 2629 ἢ
1703 2556 1897 2629 μυρίον
1936 2556 2143 2628 πλῆθος

467 2634 714 2707 ἀπείρων
738 2652 750 2666 ·
776 2631 924 2691 οὗτοι
950 2638 1062 2711 γὰρ
1091 2639 1153 2693 τὸ
1185 2640 1368 2697 πλοῖον
1396 2644 1491 2697 καὶ
1523 2644 1915 2699 καταδύσουσι.

540 2721 603 2778 δ’.
635 2722 824 2779 Ταῦτα
844 2724 1008 2794 λέγω,
1033 2727 1154 2797 οὐχὶ
1187 2729 1327 2800 πρὸς
1356 2729 1418 2783 τὸ
1452 2730 1653 2803 πλῆθος
1693 2732 1849 2805 ὐμῶν
1885 2732 2141 2805 ἀπεχθῶς

466 2805 629 2879 ἔχων,
660 2808 800 2863 ἀλλά
830 2810 1152 2883 βουλόμενος
1179 2816 1391 2881 πάντας
1430 2812 1572 2872 εἰναι
1599 2818 1857 2892 δοκίμους
1878 2861 1894 2886 ,
1934 2821 2029 2875 καὶ
2064 2822 2141 2894 μὴ

465 2895 545 2966 τῷ
573 2894 774 2968 πλήθει
797 2896 1039 2969 θαρρεῖν.
1066 2898 1216 2975 [198]
1241 2903 1428 2975 Πολλῷ
1449 2905 1668 2969 πλείους
1684 2907 1822 2961 εἰσὶν
1842 2908 1892 2961 οἰ
1937 2908 2019 2972 εἰς
2042 2908 2142 2980 τὴν

465 2983 692 3052 γέενναν
718 2985 978 3052 εἰσιόντες
999 3005 1014 3019 ·
1037 2989 1173 3043 ἀλλὰ
1208 2989 1412 3060 μείζων
1442 2995 1614 3064 αὐτῆς
1641 2996 1789 3049 ἐστιν
1812 2998 1845 3066 ἡ
1873 2995 2139 3066 βασιλεία,

467 3071 574 3126 κᾶν
593 3073 808 3142 ὀλίγους
839 3074 959 3148 ἔχῃ.
1003 3077 1093 3140 Ὣς
1116 3080 1148 3146 ή
1182 3079 1367 3150 ἄμμος
1392 3081 1492 3152 τῆς
1523 3082 1799 3154 θαλάσσης
1826 3080 1894 3155 ἦν
1922 3084 1983 3138 τὸ
2004 3085 2140 3156 πλῆ-

468 3160 560 3224 θος
583 3158 678 3214 τοῦ
708 3160 862 3226 λαοῦ,
893 3163 1010 3217 ἀλλ’
1037 3159 1118 3228 εἷς
1147 3164 1351 3221 ἔσωσεν
1375 3165 1705 3235 αὐτούς.Είς
1733 3166 1801 3243 ἦν
1828 3172 1856 3224 ὁ
1876 3172 2138 3244 Μωῦσῆς,

466 3247 561 3301 καὶ
585 3248 804 3303 πάντων
836 3250 1062 3321 μείζονα
1089 3253 1308 3324 ἴσχυσεν
1333 3272 1347 3286 ’
1366 3250 1449 3319 εἷς
1476 3251 1546 3328 ἦν
1572 3259 1600 3311 ό
1639 3256 1865 3329 Ἰησοῦς,
1904 3258 1998 3313 καί
2031 3261 2140 3313 τῶν

467 3334 771 3401 ἑξακοσίων
802 3337 1057 3408 χιλιάδων
1091 3339 1252 3394 πλέον
1274 3342 1537 3415 ἠδυνήθη.
1587 3345 1681 3417 Μὴ
1711 3345 1871 3399 τοῦτο
1907 3348 2141 3402 σπουδά-

466 3424 672 3497 ζωμεν,
704 3426 854 3491 ὅπως
886 3429 1073 3484 πολλοὶ
1116 3430 1358 3500 γένοιντο
1397 3433 1576 3504 μόνον,
1628 3434 1768 3488 ἀλλά
1791 3435 1897 3509 πρὸ
1921 3437 2138 3504 τούτου,

465 3512 618 3577 ὅπως
655 3513 869 3586 δόκιμοι
902 3532 915 3545 ⁶
949 3517 1078 3572 ὅταν
1101 3519 1260 3574 τοῦτο
1285 3523 1730 3596 κατασκευασθῇ,
1758 3525 1881 3578 τότε
1899 3527 2137 3582 κάκεῖνο.

467 3601 655 3665 Οὐδεὶς
681 3604 860 3658 οἰκίαν
883 3604 1193 3679 εὐρύχωρον
1219 3608 1436 3681 πρῶτον
1458 3611 1707 3682 βούλεται
1730 3615 1975 3687 ποιῆσαι,
2004 3618 2140 3673 ἀλλὰ

467 3690 684 3763 πρῶτον
720 3693 948 3766 ἰσχυρὰν
976 3696 1073 3749 καὶ
1099 3696 1344 3769 δόκιμον,
1387 3701 1484 3754 καὶ
1506 3701 1628 3756 τότε
1662 3703 1976 3776 εὐρύχωρον
2001 3723 2015 3737 ·
2046 3707 2139 3760 οὐ-

465 3779 579 3844 δεὶς
608 3780 792 3851 βάλλει
821 3781 1048 3854 θεμέλια
1079 3797 1128 3852 ο,
1158 3787 1245 3841 ῖνα
1272 3789 1676 3863 καταγελασθῇ.
1724 3793 1950 3866 Πρῶτον
1982 3794 2140 3849 τοῦτο

466 3866 744 3940 ζητῶμεν,
776 3870 871 3925 καὶ
903 3872 1026 3925 τότε
1054 3873 1251 3927 ἐκεῖνο.
1297 3876 1502 3931 Τούτου
1544 3878 1717 3944 ὄντος,
1766 3879 1990 3937 εὐκολον
2036 3886 2137 3938 κά-

468 3957 616 4009 κεῖνο
648 3957 802 4011 ἔσται
828 3975 843 3988 ·
869 3959 1082 4014 ἐκείνου
1116 3960 1174 4015 δὲ
1203 3963 1305 4016 οὐκ
1329 3963 1512 4029 ὄντος,
1554 3966 1714 4019 τοῦτο
1755 3969 1861 4023 κᾶν
1892 3964 1951 4043 ᾗ,
1984 3971 2139 4026 οὐδὲν

467 4044 683 4115 δφελος.
721 4048 932 4101 Ὄντων
974 4048 1074 4119 μὲν
1113 4049 1222 4123 γάρ
1262 4050 1374 4106 τῶν
1403 4053 1716 4126 δυναμένων
1742 4058 1801 4110 ἐν
1836 4059 2141 4132 Ἐκκλησία

466 4132 701 4205 λάμψαι,
729 4136 939 4206 ταχέως
957 4136 1109 4193 ἔσται
1142 4139 1239 4193 καὶ
1264 4140 1716 4212 πλῆθος’τούτων
1742 4145 1796 4199 δὲ
1822 4148 1924 4202 οὐκ
1944 4148 2134 4216 ὄντων,

466 4221 524 4274 τὸ
555 4220 759 4290 πλῆθος
790 4223 1044 4279 οὐδέποτε
1072 4225 1226 4281 ἔσται
1257 4227 1501 4300 δόκιμον.

535 4310 747 4376 Πόσους
774 4312 952 4367 οίεσθε
982 4315 1039 4368 ἐν
1066 4318 1132 4387 τῇ
1165 4315 1317 4371 πόλει
1345 4321 1410 4391 τῇ
1438 4322 1690 4394 ἡμετέρᾳ
1721 4319 1858 4378 εἶναι
1885 4327 2010 4390 τοὺς
2033 4344 2137 4381 σῶς

464 4396 755 4469 ζομένους;
805 4401 1076 4474 Ἐπαχθὲς
1106 4404 1205 4476 μέν
1232 4408 1402 4472 ἐστιν,
1433 4408 1461 4461 ὃ
1491 4409 1670 4480 μέλλω
1697 4411 1879 4481 λέγειν
1902 4431 1916 4446 ο
1946 4416 2056 4487 ἐρῶ
2080 4416 2136 4470 δὲ

463 4487 633 4555 ὅμως.
673 4489 789 4542 Οὐκ
828 4488 978 4554 ἐστιν
1020 4493 1080 4545 ὲν
1115 4494 1410 4561 τοσαύταις
1439 4500 1698 4568 μυριάσιν
1729 4501 1925 4556 ἑκατὸν
1953 4504 2135 4575 εὑρεῖν

462 4575 590 4638 τοὺς
628 4573 972 4663 σωζομένους
996 4595 1010 4611 ’
1035 4580 1170 4634 ἀλλὰ
1211 4582 1307 4636 καὶ
1347 4585 1489 4658 ὑπὲρ
1532 4586 1737 4642 τούτων
1776 4573 2130 4663 ἀμφισϐητῶ.

462 4660 608 4733 Πόση
635 4662 765 4736 γάρ,
796 4664 920 4718 εἰπέ
954 4683 1063 4737 μοι,
1101 4669 1270 4724 κακία
1295 4672 1354 4726 ἐν
1379 4675 1491 4738 τοῖς
1513 4674 1681 4741 νέοις;
1720 4660 1858 4750 πόση
1890 4660 2135 4752 ῥᾳθυμία
2170 4680 2173 4683 “

460 4751 1114 4840 ἐν-τοῖςῗγεγηρακόσιη
1153 4759 1345 4825 Οὐδεὶς
1392 4761 1469 4825 ὡς
1509 4763 1615 4834 χρὴ
1659 4751 1975 4837 ἐπιμέλειαν
2017 4769 2134 4840 ἔχει

458 4838 554 4892 τοῦ
578 4839 766 4905 παιδὸς
797 4842 891 4895 τοῦ
921 4844 1115 4899 ἐαυτοῦ
1143 4863 1157 4877 θ
1185 4847 1360 4912 οὐδεὶς
1389 4848 1505 4920 ἔχει
1535 4850 1696 4922 ζῆλον
1726 4854 1863 4927 πρὸς
1889 4838 2132 4928 πρεσδύτ

458 4943 560 4997 την
610 4926 735 4981 ἰδὼν
782 4931 1146 5002 μιμήσασθαι.
1198 4935 1281 4990 Τὰ
1336 4938 1625 5009 ἀρχέτυπα
1680 4926 2132 5013 ἠφάνισται-διὰ

457 5015 621 5069 τοῦτο
659 5016 782 5070 οὐδὲ
826 5020 1024 5087 οἰνέοι
1070 5022 1309 5091 γίνονται
1351 5024 1676 5097 θαυμαστοί.
1708 5033 1799 5103 Μή
1833 5049 1925 5103 μοι
1954 5035 2134 5090 ἐκεῖνο

456 5102 607 5173 λέγε,
647 5104 731 5158 ὅτι
756 5105 1191 5193 Πολυοχλοῦμεν.
1214 5111 1388 5167 Τοῦτο
1417 5113 1642 5187 ψυχρῶν
1666 5102 1974 5193 ἀνθρώπων
1989 5125 2129 5179 ἐστί·

458 5194 554 5247 καὶ
586 5193 682 5247 ἐπὶ
716 5192 819 5261 μὲν
853 5193 1160 5268 ἀνθρώπων
1186 5199 1413 5265 εἰκότως
1441 5202 1507 5257 ἂν
1526 5203 1684 5259 τοῦτο
1707 5206 1938 5278 λέγοιτο,
1964 5213 2058 5266 ἐπὶ
2075 5204 2132 5267 δέ

457 5278 593 5332 Θεοῦ
629 5279 727 5333 τοῦ
755 5281 817 5334 οὐ
847 5281 1106 5353 δεομένου
1137 5286 1314 5356 ἡμῶν,
1354 5289 1456 5342 οὐκ
1484 5290 1585 5347 ἔτι.
1623 5293 1746 5348 Ὅτι
1788 5296 1845 5350 δὲ
1881 5300 1977 5353 καί
2015 5300 2133 5356 ἐκεῖ

456 5364 666 5440 ψυχρόν
703 5370 818 5424 ἐστι
850 5370 913 5424 τὸ
949 5372 1124 5443 ῥῆμα,
1164 5374 1416 5431 ἄκουσον.
1471 5378 1532 5434 '0
1567 5381 1794 5447 πολλοὺς
1819 5384 1959 5456 ἔχων
1986 5390 2132 5444 οἰκέ-

456 5469 577 5519 τας,
618 5455 685 5512 ἂν
714 5457 1143 5531 διεφθαρμένους
1173 5462 1373 5529 αὐτοὺς
1405 5465 1525 5540 ἔχῃ,
1559 5467 1657 5520 ὅσα
1683 5455 1929 5525 πείσεται
1951 5475 2127 5531 δειναὶ

458 5544 567 5597 Καὶ
598 5547 692 5600 ἐπὶ
731 5549 830 5618 μὲν
867 5548 965 5602 τοῦ
1011 5550 1219 5622 μηδένα
1256 5553 1473 5624 ἔχοντος
1519 5554 1679 5610 τοῦτο
1715 5559 1863 5613 δοκεῖ
1891 5557 2034 5617 εἶναι
2071 5567 2130 5620 τὸ

454 5625 649 5698 δεινὸν,
680 5634 764 5687 δτι
791 5637 891 5707 οὐχ
925 5637 1283 5710 ὐπηρετεῖται
1308 5657 1323 5672 ’
1368 5642 1462 5696 ἐπὶ
1492 5642 1549 5696 δὲ
1578 5644 1674 5697 τοῦ
1703 5649 1828 5710 τοὺς
1862 5655 2127 5722 πονηροζς

459 5716 716 5787 ἔχοντος,’
751 5726 846 5776 καὶ
891 5725 1084 5778 ἑαυτὸν
1133 5729 1544 5799 προσαπόλλυσι
1598 5734 1718 5802 μετ’
1753 5735 2000 5804 ἐκείνων,
2038 5742 2131 5795 καὶ

463 5805 667 5899 μείζων
697 5809 729 5877 ἠ
758 5809 952 5880 ζημία.
986 5812 1093 5866 Τοῦ
1123 5814 1233 5887 γὰρ
1263 5816 1442 5889 ἐαυτῷ
1469 5818 1738 5877 διακονεῖν
1773 5824 1952 5899 πολλῷ
1975 5816 2131 5897 χαλεέ

460 5892 706 5964 πώτερον
750 5898 812 5949 τὸ
854 5900 949 5952 καὶ
987 5901 1196 5975 ἑτέροις
1228 5907 1519 5960 πυκτεύειν
1550 5910 1644 5963 καὶ
1667 5910 1904 5984 πόλεμον
1923 5892 2128 5970 ’ἀναδέο

526 6057 551 6127 f
578 6056 732 6135 quil;
758 6062 908 6136 παρὸν
928 6066 957 6121 ἢ
990 6067 1349 6136 λίθους-τιμίους
1369 6073 1400 6129 ἢ
1424 6073 1601 6135 χρυσὸν
1632 6077 1907 6136 ἀγαγέσθαι.
1974 6079 2003 6121 ι)
2030 6082 2128 6132 Alii

463 6122 577 6181 πρὸς
598 6123 678 6171 τὸν
711 6122 792 6171 ἕνα
831 6122 1081 6187 ἔρχωνται.
1126 6122 1482 6194 ΚρέίσσωνξίῚε
1520 6122 1868 6197 Alii

1243 504 1303 564 S.
1340 504 1627 562 JOANNIS
1662 502 2151 561 CIIRYSOSTOMI
2193 507 2520 566 ARCIIIEP.
2560 504 3112 566 CONSTANTINOP.
3759 514 3839 569 ωε]

2246 614 2458 681 χεσθαι.
2482 614 2667 669 Ταῦτα
2688 614 2853 683 λέγω,
2882 616 2972 670 ἴνα
3004 617 3078 687 μή
3105 633 3189 681 τις
3211 618 3310 689 τὴν
3349 619 3653 693 Ἐκκλησίαν
3672 624 3848 695 θαυμά-

2246 698 2315 771 ζῃ
2348 699 2439 754 διὰ
2467 700 2529 754 τὸ
2564 701 2786 773 πλῆθος,
2816 701 2935 755 ἀλλ’
2970 703 3057 757 ἵνα
3087 704 3474 776 σπουδάζωμεν
3506 708 3634 763 ἀὐτὸ
3663 710 3846 779 δόκιμον

2245 787 2619 857 ἐργάσασθαι·
2648 789 2736 842 ἵνα
2782 789 3012 853 ἕκαστος
3052 791 3147 845 τοῦ
3195 793 3396 848 οἰκείου
3439 800 3626 868 προνοῇ
3672 798 3845 869 μέλους,

2239 876 2361 947 οὐχὶ
2405 877 2513 931 τῶν
2564 878 2754 947 φίλων,
2800 879 2923 933 οὐδὲ
2963 881 3073 934 τῶν
3125 883 3419 951 συγγενῶν,
3451 885 3582 955 ὅπερ
3615 886 3691 940 ἀεὶ
3713 886 3845 955 λέγω,

2239 962 2362 1016 οὐδέ
2393 963 2501 1016 τῶν
2536 965 2795 1032 γειτόνων
2827 983 2841 996 ο
2874 965 3018 1020 ἀλλά
3050 968 3146 1020 καὶ
3174 967 3314 1022 ὥστε
3350 970 3475 1033 τούς
3516 969 3685 1035 ξένους
3719 973 3849 1042 ἐφέλ-

2242 1053 2454 1107 κεσθαι.
2488 1048 2634 1117 Οἷον,
2664 1054 2798 1125 εὐχὴ
2828 1055 3037 1122 γίνεται
3057 1099 3070 1119 ,
3099 1059 3308 1111 κεῖνται
3344 1058 3540 1123 πάντες
3567 1059 3668 1113 νέοι
3688 1059 3847 1131 ψυχροὶ

2241 1141 2335 1193 καὶ
2361 1140 2617 1211 γέροντες
2634 1160 2649 1174 ο
2675 1143 3004 1214 καθάρματα
3033 1144 3232 1215 μᾶλλον
3260 1145 3292 1216 ἦ
3317 1145 3444 1210 νέοι,
3472 1146 3733 1215 γελῶντες,
3749 1151 3848 1203 ἀνα-

2241 1228 2645 1298 καγχάζοντες,
2680 1230 3052 1303 διαλεγόμενοι
3087 1234 3339 1306 (καὶγὰρ
3367 1236 3462 1289 καὶ
3500 1236 3649 1291 τοῦτο
3683 1238 3848 1308 ηκουσα

2241 1315 2579 1388 γινόμενον),
2610 1318 2705 1371 καὶ
2734 1318 2997 1390 ἀλλήλους
3039 1320 3382 1387 σκώπτοντες
3425 1323 3516 1376 ἐπὶ
3550 1324 3733 1392 γόνατα
3763 1325 3846 1378 κεί-

2244 1420 2394 1472 μενοι
2423 1421 2437 1436 ·
2480 1405 2544 1457 σὺ
2583 1405 2936 1476 παρέστηκας
2963 1408 2993 1462 6
3020 1408 3139 1473 νέος
3171 1409 3203 1481 ἢ
3236 1409 3603 1480 ό-πρεσδύτης
3623 1450 3637 1474 ,
3664 1411 3845 1481 ἐπίπλη-

2242 1489 2351 1556 ξον,
2377 1492 2443 1545 ἀν
2464 1491 2599 1562 ἴδῃς,
2624 1493 2920 1560 ὲγκάλεσον
2943 1494 3317 1568 σφοδρότερον,
3331 1497 3430 1550 οὐκ
3448 1497 3765 1568 ἀνεχόμενον,
3780 1497 3840 1550 τὸν

2239 1578 2489 1633 διάκονον
2511 1579 2761 1645 κάλεσον,
2791 1582 3109 1654 ἀπείλησον,
3139 1582 3208 1637 τά
3230 1583 3382 1656 παρά
3408 1583 3600 1638 σαυτοῦ
3626 1585 3835 1655 ποίησον

2241 1667 2337 1719 καὶ
2364 1667 2461 1720 ἐὰν
2487 1668 2735 1743 τολμήσῃ
2760 1687 2815 1723 τι
2842 1671 2921 1733 εἰς
2954 1670 3013 1724 σε
3043 1670 3405 1743 ἐργάσασθαι,
3437 1672 3643 1737 πάντως
3670 1671 3840 1734 πολλοὺς

2241 1753 2385 1818 ἕξεις
2409 1754 2438 1794 ά
2476 1755 2601 1820 τοὺς
2637 1756 3080 1828 συναιρομένους.
3133 1758 3229 1822 Τίς
3255 1758 3364 1831 γὰρ
3387 1758 3557 1825 οὕτως
3586 1759 3843 1827 ἀλόγιστος,

2239 1842 2316 1906 ὡς
2347 1843 2472 1898 ἰδών
2500 1860 2562 1897 σε
2584 1844 2923 1913 ἐγκαλοῦντα
2954 1846 3095 1916 ὑπὲρ
3129 1846 3389 1901 τοιούτων
3428 1846 3696 1909 κάκείνους
3717 1848 3846 1914 ἐγκα-

2240 1932 2555 2006 λουμένους,
2590 1934 2666 2006 μὴ
2687 1935 2787 2006 τῆς
2816 1936 2915 2006 σῆς
2949 1935 3202 2005 γενέσθαι
3244 1938 3502 2008 μερίδος;
3534 1936 3749 1990 Ἀπελθε
3779 1936 3848 1988 λα-

2240 2021 2351 2076 ϐὼν
2397 2022 2489 2076 τὸν
2536 2022 2729 2093 μισθὸν
2771 2023 2880 2077 ἀπὸ
2924 2023 3022 2092 τῆς
3069 2024 3250 2095 εὐχῆς.
3289 2025 3378 2078 Ἐν
3428 2024 3575 2096 οἰκίᾳ
3611 2024 3846 2091 δεσποτικῇ

2239 2108 2462 2174 τούτους
2492 2109 2883 2182 εὐνουστέρους
2912 2111 3021 2163 τῶν
3052 2110 3254 2165 δούλων
3281 2112 3562 2184 κρίνομεν,
3589 2114 3782 2182 ὅσοιπερ
3799 2111 3848 2163 ἂν

2244 2195 2412 2266 μηδὲν
2450 2195 2766 2271 παρορῶσιν
2793 2197 3049 2261 ἀτάκτως
3093 2197 3349 2269 κείμενον
3398 2198 3603 2263 σκεῦος.
3648 2199 3762 2252 Εἰπὲ
3801 2197 3846 2263 δή

2242 2296 2354 2349 μοι,
2369 2280 2435 2334 ἀν
2448 2281 2562 2353 ἴδῃς
2577 2284 2634 2336 ἐν
2644 2281 2792 2354 οἰκίᾳ
2804 2282 2865 2337 τὸ
2880 2283 3149 2356 ἀργύρεον
3164 2283 3354 2349 σκεῦος
3369 2284 3848 2359 [199]έξωέῤῥιμμέ-

2239 2384 2350 2431 νον,
2374 2367 2477 2422 κᾶν
2508 2369 2583 2441 μὴ
2617 2365 2683 2442 ᾖς
2719 2371 3179 2442 ἐπιτεταγμένος,
3216 2367 3307 2444 ἆρ’
3340 2373 3401 2426 οὐ
3429 2372 3571 2447 λήψῃ
3610 2372 3746 2427 τοῦτο
3779 2370 3849 2423 καί

2239 2456 2493 2522 εἰσοίσεις
2524 2458 2582 2511 ἐν
2610 2461 2679 2529 τῇ
2707 2459 2894 2531 οἰκία;
2931 2460 2997 2514 ἂν
3033 2460 3247 2532 ἱμάτιον
3295 2462 3485 2527 ἁπλῶς
3537 2460 3847 2534 ἐρριμμένον,

2201 2540 2204 2543 “
2238 2542 2342 2598 κᾶν
2375 2544 2449 2617 μὴ
2486 2544 2616 2617 ἔχῃς
2638 2547 2741 2618 τὴν
2774 2547 3059 2618 φροντίδα,
3094 2549 3198 2603 κᾶν
3233 2549 3430 2623 ἐχθρὸς
3458 2546 3526 2624 ᾗς
3549 2549 3637 2603 τοῦ
3664 2562 3848 2619 προστε-

2236 2634 2535 2705 ταχότοςθ,
2568 2634 2658 2688 διὰ
2680 2636 2780 2707 τὴν
2805 2638 2886 2699 εἰς
2909 2636 2999 2691 τὸν
3026 2636 3294 2709 δεσπότην
3333 2638 3543 2694 εὐνοιαν
3563 2679 3578 2703 ,
3620 2638 3676 2691 οὐ
3705 2635 3848 2707 θήσεις

2237 2718 2397 2773 τοῦτο
2422 2720 2636 2789 καλῶςς
2664 2721 2821 2775 Οὕτω
2842 2723 2935 2776 καὶ
2963 2721 3077 2776 νῦν.
3104 2723 3282 2797 Σκεύη
3310 2725 3482 2779 ταῦτά
3502 2727 3641 2778 ἐστιν
3657 2740 3668 2750 ·
3688 2722 3743 2776 ἂν
3762 2720 3849 2790 ῑδῃς

2238 2807 2492 2872 ἀτάκτως
2521 2809 2784 2879 κείμενα,
2837 2809 3283 2882 μεταρῤύθμισον
3312 2829 3326 2844 ·
3363 2814 3484 2884 ἐμοὶ
3512 2808 3749 2883 πρόσελθε
3768 2846 3781 2870 ,
3802 2804 3848 2858 οὐ
3950 2880 3951 2885 η

2239 2896 2612 2969 παραιτοῦμαι
2639 2914 2653 2928 °
2680 2898 2803 2969 ἐμοὶ
2825 2898 2971 2964 εἰπὲ,
2991 2898 3152 2969 δῆλον
3177 2899 3522 2970 κατάστησον
3546 2916 3558 2928 ·
3581 2899 3638 2952 οὐ
3664 2896 3848 2965 δύναμαι

2239 2986 2417 3040 πάντα
2448 2986 2613 3056 όρᾷν,
2650 2985 2953 3053 σύγγνωτε.
3003 2986 3196 3059 Ὁρᾶτε
3216 3030 3231 3054 ,
3272 2989 3374 3061 ὅση
3409 2987 3576 3043 κακία
3607 2985 3693 3057 τὴν
3712 2985 3849 3036 οἰκου-

2242 3073 2410 3143 μένην
2441 3072 2684 3143 κατέχει.
2739 3074 2891 3144 Μήτι
2918 3075 3107 3139 ἁπλῶς
3130 3076 3348 3145 ἔλεγον,
3394 3078 3476 3131 ὅτι
3511 3074 3700 3145 πλῆθός
3720 3074 3847 3140 ἐσμεν

2237 3159 2458 3231 χόρτου,
2492 3159 2734 3229 πέλαγος
2756 3160 3029 3229 ἄτακτον;
3061 3164 3134 3218 Οὐ
3160 3163 3329 3234 λέγω,
3366 3166 3449 3219 ὅτι
3473 3156 3848 3217 έκεῖνοιτοιαῦτα

2238 3246 2506 3314 ποιοῦσιν,
2532 3248 2649 3302 ἀλλ’
2686 3249 2768 3302 ὅτι
2800 3250 3056 3315 τοσοῦτος
3091 3251 3257 3316 ὕπνος
3298 3254 3612 3324 καταχεῖται
3642 3248 3735 3302 τῶν
3763 3246 3848 3298 εἰσ-

2242 3334 2417 3388 ιόντωπ
2448 3374 2463 3395 ,
2504 3334 2647 3389 ὣστε
2683 3337 2818 3408 μηδὲ
2852 3337 3030 3391 ταῦτα
3065 3338 3337 3411 διορθοῦν.
3367 3340 3535 3395 Πάλιν
3560 3337 3754 3410 ἐτέρους
3767 3328 3847 3401 ὁρῶ

2236 3421 2653 3494 διαλεγομένους
2701 3425 2981 3491 ἑστῶτας,
3033 3426 3136 3496 τῆς
3186 3426 3361 3498 εὐχῆς
3411 3423 3770 3497 γινομένηςοοὶ
3806 3416 3842 3468 ἱὲ

2236 3509 2632 3582 ἐπιεικέστεροι
2667 3512 2867 3580 αὐτῶν,
2909 3513 3032 3567 οὐδὲ
3057 3514 3158 3585 τῆς
3190 3514 3363 3586 εὐχῆς
3394 3514 3671 3585 γινομένης
3713 3508 3838 3581 μόνον’

2235 3597 2373 3651 ἀλλά
2427 3599 2523 3653 καὶ
2583 3600 2933 3669 εὐλογοῦντος
2990 3601 3085 3655 τοῦ
3150 3602 3366 3675 ἱερέως.
3409 3604 3477 3657 Ὤ
3515 3601 3613 3673 τῆς
3657 3592 3847 3667 τόλμηςί

2237 3685 2369 3739 πότε
2396 3685 2551 3741 ἔσται
2576 3689 2859 3760 σωτηρία;
2886 3688 3005 3753 πῶς
3032 3690 3380 3763 δυνησόμεθα
3404 3691 3496 3745 τὸν
3524 3689 3647 3745 Θεὸν
3675 3680 3846 3752 ὲξιλεὼ-

2240 3773 2463 3840 σασθαι;
2494 3777 2588 3840 Εἰς
2605 3776 2823 3831 παιδιὰν
2842 3776 2907 3831 ἂν
2923 3777 3184 3850 ἀπέλθῃς,
3210 3778 3336 3850 ὄψει
3367 3781 3574 3842 πάντας
3599 3773 3852 3847 εὐρύθμους

2235 3856 2559 3928 χορεύοντας
2577 3898 2592 3924 ,
2621 3859 2717 3912 καὶ
2736 3858 2888 3912 οὐδὲν
2922 3860 3410 3932 παρημελημένον.
3449 3863 3535 3927 Ὠς
3559 3856 3647 3914 οὖν
3670 3859 3717 3911 ἐν
3740 3853 3852 3921 λύρᾳ.

2238 3946 2594 4017 παναρμονίῳ
2636 3946 2730 4000 καὶ
2773 3946 3031 4010 ποικίλως
3054 3950 3441 4022 ἐσκευασμένη
3480 3949 3574 4020 μία
3605 3964 3679 4008 τις
3700 3941 3853 4010 εὔηχος

2238 4033 2528 4104 συμφωνία
2576 4033 2917 4087 ἀποτελεῖται
2951 4037 3016 4088 ἐκ
3056 4036 3156 4108 τῆς
3207 4037 3334 4091 καθ’
3378 4039 3603 4092 ἕκαστον
3628 4026 3854 4092 ἐὐταξίας

2235 4120 2343 4174 τῶν
2376 4120 2748 4192 συγκειμένων
2778 4138 2792 4153 ο
2818 4122 2961 4175 οὓτω
2999 4122 3063 4195 δὴ
3100 4124 3191 4178 καὶ
3216 4125 3454 4179 ἐνταῦθα
3487 4126 3612 4197 μίαν
3642 4121 3694 4185 ἐξ
3720 4114 3851 4172 (ἱκάν’

2235 4226 2343 4270 των
2385 4207 2674 4279 σύμφωνον
2725 4209 2991 4280 ἁρμονίαν
3045 4211 3327 4282 προσῆκεν
3365 4208 3738 4288 ἀποτελεῖσθαι.
3771 4199 3852 4257 Μία

2235 4295 2343 4367 γὰρ
2380 4296 2684 4367 γεγόναμεν
2730 4295 3061 4369 Ἐκκλησία,
3117 4299 3245 4369 μιᾶς
3293 4300 3536 4370 κεφαλῆς
3583 4288 3851 4385 συναρμοὶρο

2235 4383 2477 4455 γούμενρι
2513 4383 2648 4455 μέλη
2682 4384 2946 4457 τελοῦμεν
2970 4429 2983 4453 ,
3015 4385 3073 4439 ἓν
3116 4388 3166 4440 οἱ
3196 4390 3400 4452 πάντες
3429 4388 3746 4454 κατέστημεν
3774 4383 3862 4429 σῶοι

2239 4490 2313 4544 μα
2340 4488 2353 4502 ’
2378 4471 2443 4526 ἂν
2473 4471 2718 4545 ἀμεληθῇ
2763 4473 2821 4527 τὸ
2865 4478 3063 4545 τυχὸν,
3106 4475 3168 4528 τὸ
3219 4478 3328 4529 πᾶν
3370 4475 3641 4561 ἠμέληται
3676 4468 3753 4561 καὶ

2237 4557 2523 4632 ἔφθαρται.
2545 4560 2699 4614 Οὐτω
2713 4564 2778 4632 τῇ
2798 4561 2906 4613 τῶν
2927 4560 3138 4614 πολλῶν
3165 4562 3390 4635 εὐταξίᾳ
3404 4566 3439 4634 ἡ
3460 4561 3552 4616 τοῦ
3576 4560 3684 4622 ἐνὸς
3702 4551 3855 4616 ἀταξία

2233 4647 2575 4719 λυμαίνεται.
2611 4650 2721 4703 Καὶ
2749 4648 2810 4702 τὸ
2841 4648 2903 4719 δὴ
2934 4648 3167 4720 φοϐερὸν
3186 4693 3200 4717 ,
3239 4652 3322 4705 ὅτι
3362 4650 3596 4706 ἐνταῦθα
3622 4645 3727 4715 οὐχί
3760 4655 3855 4693 παι·

2232 4735 2350 4789 διάν
2380 4737 2501 4789 οὐδὲ
2526 4735 2745 4807 χορείαν
2778 4736 2912 4808 ἔρχῃ
2941 4737 3237 4807 χορεύσων,
3268 4739 3367 4793 καὶ
3396 4740 3628 4810 ἕστηκας
3647 4734 3853 4789 ἄτακτοςο

2234 4823 2349 4877 υύκ
2397 4820 2545 4887 οἶδας
2591 4824 2673 4876 ὅτι
2720 4825 2858 4895 μετά
2903 4824 3154 4892 ἀγγέλων
3207 4825 3485 4896 ἓστηκας;
3522 4822 3633 4896 μετ’
3674 4815 3855 4873 ἐκείνων

2233 4910 2380 4982 ᾄδεις
2406 4950 2420 4975 9
2460 4912 2578 4982 μετ’
2614 4911 2837 4964 ἐκείνων
2866 4911 3059 4982 ὑμνεῖς
3079 4950 3095 4975 ν
3126 4912 3222 4965 καὶ
3263 4913 3506 4984 ἕστηκας
3545 4907 3734 4981 τελῶνδ

2232 4997 2342 5069 γὰρ
2372 4997 2614 5068 σκηπτὸς
2634 4998 2734 5050 οὐκ
2763 4998 3006 5068 ἀφίεται,
3033 5000 3133 5053 οὐκ
3158 4999 3245 5052 ἐπ’
3283 5001 3526 5066 ἐκείνους
3557 4997 3721 5084 μόνον,
3750 4984 3858 5084 (ξλλά

2233 5088 2326 5142 καὶ
2348 5089 2434 5157 ἐφ’
2464 5088 2641 5159 ἡμᾶς,
2673 5088 2733 5141 οὐ
2758 5087 3106 5159 θαυμαστόν;
3137 5088 3263 5154 ἀξια
3290 5088 3402 5159 γάρ
3441 5082 3675 5158 σκηπτοῦ
3699 5082 3854 5132 ταντα.

2234 5158 2503 5249 Πάρεστιν
2524 5178 2552 5230 6
2579 5175 2850 5245 βασιλεὺς,
2880 5176 3077 5247 θεωρεῖ
3106 5176 3165 5230 τὸ
3197 5175 3563 5247 στρατόπεδον
3586 5191 3599 5204 ’
3622 5171 3680 5225 σὺ
3702 5167 3751 5221 δὲ
3776 5158 3855 5214 ὑπὸ

2231 5264 2604 5327 ταῖςηέκείνων
2642 5264 2829 5333 ὄψεσιν
2859 5264 3097 5334 ἕστηκας
3126 5265 3321 5333 γελῶν,
3356 5265 3389 5337 ἢ
3420 5266 3511 5319 τὸν
3541 5258 3856 5349 γελῶνταξεῖ

2234 5346 2467 5418 Ρωρῶνῖ
2506 5346 2667 5399 Ἀλλά
2716 5347 2878 5418 μέχρι
2922 5347 3066 5412 τίνος
3113 5349 3488 5421 ἐγκαλοῦμεν;
3543 5346 3694 5417 μέχρι
3741 5344 3854 5389 τίνος

2237 5433 2567 5505 μεμφόμεθα
2588 5451 2603 5500 ;
2628 5434 2704 5488 Οὐ
2730 5434 2843 5506 γὰρ
2864 5434 2937 5498 ὼς
2964 5434 3269 5506 λυμεῶνας,
3305 5438 3365 5489 οὐ
3397 5435 3504 5506 γὰρ
3532 5434 3602 5495 ὡς
3630 5423 3851 5499 φθορέαςι

2231 5522 2292 5574 οὐ
2325 5521 2434 5592 γὰρ
2461 5521 2538 5585 ὡς
2579 5520 2800 5586 ἐξώλεις
2830 5523 2924 5577 καὶ
2961 5523 3391 5595 διεφθαρμένους
3431 5524 3553 5585 τοὺς
3588 5515 3850 5610 ww???“

2233 5609 2328 5661 καὶ
2358 5608 2570 5678 μυρίων
2598 5609 2870 5680 γέμοντας
2901 5612 3088 5666 κακῶν
3118 5612 3219 5682 τῆς
3263 5609 3585 5682 Ἐκκλησίας
3604 5602 3853 5699 ἀπελαῗνεο

2234 5700 2357 5754 σθαι
2401 5699 2545 5764 ἔδεις
2600 5700 2737 5755 Πότε
2782 5693 2930 5754 οῦτοι
2980 5702 3256 5771 φείσονται
3300 5700 3552 5769 γέλωτος,
3591 5696 3637 5748 oi
3671 5695 3722 5744 ἐν
3758 5693 3852 5777 ῶρξ

2233 5788 2435 5860 φρίκης
2474 5787 2770 5857 γελῶντες;
2808 5789 2939 5842 πότε
2968 5789 3255 5857 ἀφέξονται
3283 5787 3547 5859 φλυαρίας
3568 5824 3582 5849 ,
3618 5782 3663 5835 οἰ
3698 5781 3747 5830 ἐν
3790 5786 3851 5860 τε)

2233 5859 2413 5946 κᾲιρῷ
2440 5876 2539 5945 τῆς
2567 5875 2819 5943 εὐλογίας
2845 5875 3326 5948 διαλεγόμενοι;οὐ
3355 5877 3480 5939 τοὺς
3509 5869 3759 5958 MP“???
3780 5859 3849 5958 αξ

2230 5962 2485 6048 δοῦνταυ
2509 5963 2570 6016 οὐ
2594 5963 2703 6036 γὰρ
2731 5963 2822 6018 τὸν
2844 5964 2976 6018 Θεὸν
2996 5964 3324 6027 δεδοίκασιν;
3357 5962 3418 6015 οὐ
3449 5960 3551 6031 γὰρ
3578 5954 3721 6030 ἀρκεῖ
3740 5951 3850 6017 ἡμῖν

2292 6066 2319 6107 ἆ
2352 6069 2451 6117 Alii
2485 6069 2664 6126 πάντας
2697 6069 2811 6126 ἕξεις
2899 6083 2922 6111 ο
2949 6068 3041 6127 Ἦς
3071 6068 3158 6118 τοῦ
3201 6068 3571 6130 ἐπιτεταγμένον,
3597 6064 3663 6112 δίο
3682 6053 3847 6119 qum“

2242 6138 2295 6181 ct
2339 6131 2564 6180 Savilius.
