4112 6420
343 339 437 397 189

339 449 507 506 nullus
549 446 748 506 tremit.
798 445 857 505 Si
905 453 1085 503 autem
1133 460 1240 500 non
1283 444 1529 510 creditis,
1576 444 1901 513 interrogate

330 542 551 615 gentiles
577 541 667 612 qui
694 547 1088 612 persequuntur
1104 580 1121 607 ,
1147 536 1485 609 quandonam
1527 550 1617 590 res
1643 534 1905 590 Christia-

333 647 514 688 norum
562 630 863 685 accuratius
912 637 1246 699 gererentur,
1278 626 1617 697 quandenam
1647 624 1907 679 clariores

332 724 619 779 illiessent.
648 721 798 778 Tunc
825 719 1108 791 pauciores
1131 734 1357 775 numero
1380 726 1551 782 erant,
1580 715 1674 773 sed
1703 730 1908 787 magna:

328 824 475 870 erant
506 813 764 867 virtutum
790 810 1011 866 divitiae.
1040 810 1170 878 Quae
1198 810 1420 874 utilitas,
1443 824 1645 879 quaeso,
1682 807 1905 863 multum

328 921 438 961 esse
465 903 693 970 fenum,
716 901 841 958 dum
865 901 1117 973 possibile
1138 913 1221 956 est
1240 900 1445 971 lapides
1467 899 1730 971 pretiosos
1752 898 1907 953 ades-

328 997 416 1054 se?
441 996 566 1052 Non
596 995 653 1050 in
679 994 1040 1061 multitudine,
1068 992 1165 1049 sed
1191 993 1242 1047 in
1274 989 1485 1048 virtutis
1509 990 1800 1061 splendore
1826 1000 1908 1047 to-

333 1099 435 1143 tum
451 1086 775 1141 restituatur.
798 1084 941 1140 Elias
968 1098 1105 1139 unus
1133 1092 1271 1152 erat,
1293 1083 1388 1140 sed
1413 1082 1644 1138 mundus
1664 1099 1769 1137 non
1791 1090 1908 1138 erat

332 1178 410 1231 illo
432 1177 652 1247 dignus.
678 1174 836 1245 Atqui
860 1173 1095 1229 mundus
1120 1174 1288 1229 millia
1315 1174 1482 1229 multa
1504 1174 1903 1243 complectitur;

332 1267 411 1323 sed
438 1267 604 1321 millia
635 1281 741 1320 non
781 1273 942 1332 sunt,
968 1264 1184 1335 quando
1213 1280 1390 1336 neque
1419 1264 1509 1320 uni
1537 1273 1903 1335 comquantur.

336 1360 504 1414 Melior
551 1375 686 1412 unus
727 1358 921 1427 faciens
963 1358 1272 1412 voluntate»:
1319 1356 1557 1424 Domini,
1585 1373 1740 1428 quam
1768 1355 1909 1412 mille

333 1453 475 1523 aliqui
496 1451 690 1523 (Ereti.
717 1452 804 1507 l6.
837 1452 917 1524 ὃ).
942 1451 1056 1507 llec
1081 1452 1298 1522 sapiens
1320 1451 1537 1521 quidam
1563 1449 1906 1506 subindicans

339 1543 445 1599 dicit
476 1560 490 1596 :
530 1541 619 1597 Ne
656 1543 908 1598 desideres
950 1543 1324 1598 multitudinem
1370 1543 1597 1612 ﬁliorum
1646 1542 1906 1597 inutilium

345 1633 484 1701 (ibid.
522 1651 570 1688 υ.
620 1633 697 1704 1).
731 1634 796 1689 Ili
826 1636 995 1705 magis
1023 1633 1407 1709 blasphemiam
1436 1633 1493 1688 in
1524 1633 1690 1689 Deum
1721 1632 1907 1689 conci-

349 1740 468 1793 tant,
497 1744 660 1798 quam
692 1727 738 1782 si
759 1727 1050 1783 Christiani
1082 1742 1187 1782 non
1218 1736 1421 1784 essent.
1447 1726 1593 1794 Quid
1610 1726 1743 1781 mihi
1772 1739 1907 1796 opus

341 1832 403 1875 est
426 1820 812 1876 multitudine?
838 1821 1162 1875 Alimentum
1187 1820 1417 1890 amplius
1457 1819 1587 1890 igni.
1616 1818 1730 1874 Hoc
1760 1828 1816 1874 et
1838 1833 1906 1874 ex

331 1928 541 1982 corpore
561 1910 879 1982 cognoveris
907 1929 920 1965 :
950 1910 1142 1967 melior
1161 1911 1357 1982 quippe
1378 1918 1461 1966 est
1479 1911 1630 1966 cibus
1655 1909 1906 1965 modera~

327 2013 399 2060 tus
419 2020 549 2061 cum
597 2004 860 2072 sanitate,
893 2019 1054 2075 quam
1099 2003 1308 2059 deliciae
1333 2017 1455 2059 cum
1496 2002 1762 2060 molestia.
1792 2002 1907 2059 lloc

324 2097 636 2152 alimentum
652 2096 745 2151 illo
761 2095 990 2166 amplius
1017 2110 1033 2149 :
1064 2094 1167 2151 hoc
1182 2094 1516 2161 alimentum,
1532 2093 1664 2151 illud
1690 2093 1908 2150 morbus

324 2197 414 2243 est.
434 2188 573 2244 llaxc
594 2198 650 2244 et
665 2188 718 2243 in
734 2187 877 2243 bello
895 2187 1014 2259 quis
1040 2185 1270 2242 viderit:
1296 2186 1546 2242 meliores
1573 2200 1695 2243 esse
1718 2186 1907 2242 decem

327 2279 455 2333 viros
469 2288 731 2335 strenuos
755 2278 810 2333 et
832 2279 958 2335 belli
985 2279 1205 2350 peritos,
1224 2293 1385 2350 quam
1402 2279 1712 2334 innumeros
1732 2277 1906 2350 impe-

320 2369 467 2425 ritos.
496 2369 568 2424 lli
592 2377 948 2441 pneterquam
971 2369 1121 2441 quod
1144 2370 1280 2424 nihil
1308 2379 1619 2441 operantur,
1647 2371 1785 2425 alios
1815 2370 1906 2442 qui

318 2469 634 2530 operantur,
647 2461 1083 2533 impcdiuntJloc
1097 2472 1153 2518 et
1166 2464 1218 2518 in
1236 2464 1357 2518 navi
1373 2465 1490 2534 quis
1509 2464 1908 2531 invenerit,me—

318 2552 471 2608 liores
493 2567 624 2608 esse
644 2564 831 2608 nautas
851 2552 985 2609 duos
1008 2554 1229 2625 peritos,
1251 2570 1412 2625 quam
1430 2570 1674 2626 magnam
1698 2556 1907 2625 imperi-

316 2653 488 2699 torum
514 2646 727 2700 turbam
755 2661 770 2699 :
801 2644 855 2699 bi
887 2660 1117 2716 namque
1144 2646 1318 2699 navim
1345 2646 1506 2701 etiam
1536 2646 1902 2717 submergcnt.

376 2736 428 2791 4.
459 2734 604 2791 llaec
626 2736 768 2801 dico,
802 2750 906 2791 non
930 2735 1073 2805 quod
1102 2736 1495 2790 multitudinem
1527 2745 1756 2790 vestram
1779 2734 1908 2791 ode-

314 2828 427 2892 rim,
456 2825 570 2882 scd
602 2826 743 2897 quod
775 2826 934 2882 velim
966 2841 1154 2882 omnes
1180 2841 1301 2882 esse
1328 2826 1604 2897 probatos,
1637 2840 1736 2882 nec
1765 2828 1904 2882 mul-

316 2918 532 2974 titudini
580 2918 766 2973 lidere.
815 2918 979 2973 Multo
1008 2918 1187 2989 plures
1215 2927 1339 2973 sunt
1364 2960 1379 2985 ,
1407 2920 1495 2989 qui
1529 2919 1580 2973 in
1608 2918 1905 2988 gehennam

315 3012 597 3077 incidunt;
627 3010 723 3066 sed
751 3012 922 3082 majus
946 3011 1033 3066 illa
1064 3020 1149 3069 est
1173 3028 1422 3083 regnum,
1452 3013 1551 3067 etsi
1584 3028 1782 3082 paucos
1809 3012 1906 3066 ha-

315 3103 443 3158 heat.
490 3101 658 3158 Sicut
686 3117 847 3157 arena
890 3104 1054 3159 maris
1079 3112 1197 3158 erat
1234 3102 1522 3158 multitudo
1568 3105 1781 3174 pepuli;
1812 3104 1905 3160 sed

316 3210 442 3251 llllllS
462 3195 717 3250 servavit
740 3210 855 3250 eos.
887 3194 1034 3252 Unus
1064 3205 1181 3250 erat
1201 3194 1432 3265 Moyses,
1467 3195 1561 3249 sed
1597 3195 1716 3264 plus
1747 3211 1905 3266 quam

319 3305 494 3344 omnes
528 3288 710 3358 potuit
737 3304 750 3339 :
777 3304 914 3342 unus
935 3297 1052 3343 erat
1078 3286 1256 3352 .lesus,
1286 3289 1380 3347 sed
1413 3289 1531 3357 plus
1556 3288 1729 3356 potuit
1749 3303 1906 3358 quam

321 3391 572 3437 sexcenta
608 3381 792 3436 millia.
838 3380 955 3435 Non
984 3380 1087 3436 hoc
1125 3381 1299 3437 solum
1342 3395 1626 3445 curemus,
1656 3389 1715 3434 ut
1758 3381 1908 3435 multi

322 3477 437 3537 sint.
458 3476 560 3530 sed
591 3483 649 3530 et
675 3475 840 3543 magis
865 3515 880 3538 ,
913 3484 970 3528 ut
1007 3474 1113 3529 sint
1144 3474 1385 3543 praeclari
1412 3491 1426 3527 :
1453 3488 1575 3527 cum
1605 3472 1710 3528 hoc
1734 3472 1908 3543 perfe-

322 3578 454 3621 ctum
482 3567 674 3628 fuerit,
697 3576 820 3621 tune
848 3565 979 3622 illud
999 3566 1112 3620 lict.
1143 3565 1313 3620 Nemo
1339 3564 1557 3620 dotnutn
1584 3564 1764 3619 statim
1787 3579 1911 3634 Spa-

325 3660 508 3713 tiosam
538 3658 661 3711 vult
700 3656 907 3722 facere,
941 3657 1036 3712 scd
1067 3658 1239 3726 primo
1271 3659 1481 3710 lirmam
1507 3665 1561 3709 et
1591 3655 1906 3725 probatam,

323 3750 508 3805 deinde
539 3750 836 3819 spatiosam
874 3766 889 3803 :
922 3762 1080 3803 nemo
1120 3747 1461 3803 fundamenta
1486 3745 1614 3816 jacit
1635 3786 1652 3813 ,
1685 3754 1743 3799 ut
1769 3744 1910 3801 deri-

324 3842 524 3897 deatur.
564 3840 802 3895 Pritnum
834 3839 936 3895 hoc
960 3853 1268 3908 quaeramus
1286 3879 1300 3905 ,
1334 3835 1527 3893 deinde
1555 3835 1706 3891 illud.
1730 3835 1842 3890 Hoc
1864 3836 1910 3891 si

327 3933 391 3985 sit
416 3928 577 3988 facile
600 3940 655 3985 et
677 3929 805 3985 illud
832 3929 1005 3985 aderit
1033 3947 1046 3983 :
1078 3928 1205 3984 illud
1234 3937 1413 3984 autem
1435 3927 1481 3983 si
1504 3943 1610 3982 non
1629 3927 1785 3993 adsit,
1812 3926 1913 3981 bu-

326 4022 404 4089 jus
428 4024 600 4076 etiam
620 4022 662 4076 si
689 4022 777 4086 sit,
804 4021 945 4075 nulla
976 4022 1195 4075 utilitas.
1229 4020 1361 4075 Nam
1388 4020 1436 4075 si
1463 4020 1517 4075 in
1546 4021 1784 4076 Ecclesia
1804 4020 1913 4075 sint

328 4114 418 4181 qui
438 4113 575 4168 clari
604 4126 725 4168 esse
754 4112 986 4182 possint,
1019 4112 1126 4167 cito
1161 4112 1265 4167 erit
1308 4119 1363 4167 et
1413 4110 1699 4167 multitudo
1728 4130 1740 4167 :
1771 4110 1824 4165 hi
1865 4111 1911 4166 si

332 4220 428 4258 non
448 4205 584 4270 sint,
612 4220 898 4273 numquam
927 4205 1031 4259 erit
1052 4205 1194 4259 clara
1212 4205 1518 4261 multitudo.

400 4292 519 4347 Non
547 4303 694 4364 putat
724 4293 1110 4364 Chrysostomus
1139 4310 1202 4349 ea:
1250 4295 1420 4349 multis
1462 4294 1685 4349 millibus
1712 4303 1914 4347 centum

334 4387 488 4441 sulcos
504 4387 615 4455 [ore
629 4388 695 4440 de
714 4386 902 4456 populo
916 4388 1250 4453 suo.-—-Quot
1270 4387 1465 4455 putatis
1490 4388 1540 4442 in
1574 4388 1702 4443 urbe
1734 4396 1911 4442 nostra

336 4493 476 4546 esse,
515 4479 607 4550 qui
656 4481 883 4535 salutem
922 4480 1345 4551 consequentur?
1384 4480 1663 4535 Molestum
1696 4479 1911 4550 quidem

339 4585 431 4636 εει,
456 4571 599 4640 quod
625 4572 865 4626 dicturus
895 4586 1035 4637 sum,
1065 4571 1239 4627 dicam
1263 4581 1464 4626 tatnen.
1487 4571 1544 4626 In
1577 4583 1654 4627 tot
1683 4572 1915 4628 millibus

346 4675 439 4715 non
467 4673 593 4717 sunt
614 4672 830 4718 centum
853 4704 867 4729 ,
893 4663 982 4733 qui
1016 4663 1239 4717 Salutem
1268 4671 1700 4734 consequantur;
1732 4664 1825 4718 sed
1848 4663 1916 4719 de

348 4752 440 4808 illis
465 4755 626 4809 etiam
656 4755 863 4810 dubito.
889 4756 1119 4820 Quanta,
1152 4770 1355 4825 quaeso,
1384 4756 1618 4826 nequitia
1648 4757 1698 4811 in
1730 4756 1915 4812 adole-

354 4845 603 4899 scentibus
622 4886 637 4911 ,
660 4855 855 4916 quanta
878 4846 1078 4902 desidia
1109 4848 1159 4900 in
1190 4847 1532 4902 senioribus?
1561 4847 1728 4902 Nemo
1756 4864 1916 4917 quam

363 4944 605 4998 oporteret
644 4936 905 4991 educandi
940 4937 1032 4990 lilii
1082 4928 1268 4991 curam
1317 4937 1478 4992 habet
1504 4955 1518 4991 :
1543 4953 1702 4994 nemo
1733 4954 1917 4993 senem

368 5024 549 5093 videns,
586 5028 735 5081 illmu
766 5029 956 5083 imitari
989 5029 1186 5083 studet.
1212 5028 1468 5100 Exempla
1496 5030 1564 5086 de
1591 5030 1767 5085 medio
1791 5031 1919 5084 sub-

368 5112 452 5166 lata
487 5119 864 5173 suntzidcirco
913 5136 1011 5173 nec
1049 5119 1273 5188 juvenes
1307 5120 1439 5174 ﬁunt
1484 5120 1806 5175 admirandi.
1844 5120 1921 5176 Ne

362 5206 471 5262 mihi
499 5211 644 5265 dicas
665 5253 678 5275 ,
709 5212 869 5266 Multa
898 5211 1170 5266 hominum
1199 5212 1348 5268 turba
1381 5228 1589 5267 sumus.
1622 5212 1736 5268 lloc
1766 5213 1919 5284 frigi-

356 5294 527 5351 dorum
559 5302 829 5361 hominum
861 5310 943 5355 est
967 5318 979 5354 ε
1006 5301 1057 5355 id
1087 5301 1154 5356 de
1200 5303 1507 5358 hominibus
1539 5304 1732 5358 merito
1770 5303 1920 5359 dica-

360 5391 463 5449 tur,
490 5388 557 5443 de
590 5389 693 5444 Deo
719 5403 894 5445 autem
915 5432 929 5456 ,
962 5393 1049 5461 qui
1095 5410 1199 5445 non
1230 5407 1366 5462 opus
1402 5392 1565 5449 habet
1591 5394 1745 5449 nobis
1767 5436 1781 5459 ,
1815 5410 1920 5451 non

360 5476 494 5531 item.
519 5482 666 5544 Quod
694 5497 870 5536 autem
894 5482 1053 5536 etiam
1075 5483 1141 5537 de
1166 5484 1271 5538 illis
1295 5484 1545 5554 frigidum
1573 5485 1643 5540 sit
1672 5486 1920 5554 verbum,

358 5568 489 5622 audi.
522 5570 625 5637 Qui
667 5573 861 5645 multos
907 5573 1068 5628 habet
1093 5573 1451 5641 domesticos,
1498 5577 1543 5631 si
1587 5576 1663 5631 illi
1692 5576 1922 5647 improbi

359 5661 475 5723 sint,
502 5668 634 5729 quot
659 5664 790 5717 mala
819 5664 1087 5734 patietur?
1118 5663 1217 5731 Ei,
1249 5665 1336 5735 qui
1369 5665 1575 5720 nullum
1606 5667 1787 5734 habet,
1822 5668 1923 5724 hoc

1243 330 1308 387 ιΝ
1345 330 1524 387 ACTA
1564 326 2086 386 APOSTOLORUM.
2120 329 2346 387 llOMlL.
2385 331 2573 390 XXIV.

3503 340 3597 391 itm

2018 443 2214 512 probos
2242 443 2400 500 habet
2428 444 2675 514 famulos,
2697 460 2821 503 cum
2850 445 2958 503 illis
2980 447 3020 503 it
3047 447 3099 502 in
3127 448 3455 518 perniciem;
3480 466 3597 503 tuas

2008 537 2204 606 jusque
2224 545 2305 591 est
2331 536 2607 593 damnum.
2630 537 2858 595 Gravius
2888 539 3086 611 quippe
3116 549 3197 595 est
3225 541 3341 595 aliis
3364 556 3600 610 pugnus

2013 636 2069 683 et
2095 628 2393 697 decertare,
2426 645 2587 701 quam
2611 631 2710 686 sibi
2740 631 2839 702 ipsi
2869 634 3089 688 servire.
3125 632 3252 688 lla-c
3274 634 3416 700 dice,
3449 643 3505 688 ιιι
3534 652 3599 689 ne

2012 719 2134 789 quis
2158 719 2452 776 Ecclesium
2475 722 2770 777 admiretur
2797 735 3012 793 propter
3043 724 3433 779 multitudinem
3460 768 3472 789 ,
3502 726 3595 780 sed

2014 818 2072 864 ut
2096 826 2349 867 curemus
2394 812 2536 867 illam
2583 814 2981 870 multitudinem
3030 816 3227 871 claram
3255 818 3510 873 efﬁcere:
3542 830 3599 873 ut

2013 902 2378 974 unusquisque
2405 918 2555 959 suam
2583 916 2732 961 curet
2763 915 2989 975 partem,
3025 917 3083 962 ut
3104 924 3208 962 non
3239 910 3458 974 amicos,
3489 925 3597 966 non

2013 1003 2291 1063 Cognatas,
2321 1004 2380 1049 ut
2406 1008 2623 1065 semper
2647 1007 2856 1067 repeto,
2884 1013 2989 1053 non
3019 998 3222 1053 vicinos
3254 1008 3481 1065 tantum,
3500 1002 3594 1057 sed

2014 1084 2174 1139 etiam
2206 1097 2499 1142 extraneos
2521 1087 2814 1158 pettrahat.
2846 1090 3087 1159 Exempli
3114 1106 3294 1159 causa,
3320 1092 3380 1147 lit
3403 1094 3596 1157 oratio;

2007 1172 2189 1243 jacent
2233 1175 2407 1247 frigidi
2447 1192 2636 1234 omnes
2676 1179 2902 1249 juvenes
2940 1190 2995 1236 et
3021 1196 3215 1249 senes,
3245 1195 3595 1255 purgamenta

2011 1269 2182 1340 magis
2200 1284 2358 1340 quam
2386 1271 2629 1340 juvenes,
2664 1273 2816 1338 risui,
2840 1272 3135 1338 cachinnis,
3171 1274 3595 1333 fabulisincum-

2010 1359 2235 1429 bentes;
2268 1363 2526 1418 hoeenim
2541 1380 2641 1435 ego
2657 1364 2940 1430 audivi;et
2964 1366 3189 1436 genibus
3220 1369 3329 1422 nixi
3358 1370 3493 1424 alios
3514 1371 3597 1424 di~

2011 1454 2194 1509 cteriis
2214 1454 2533 1526 impetentcs
2555 1475 2568 1511 :
2594 1467 2647 1512 tu
2676 1459 2764 1529 qui
2787 1458 2937 1525 ades,
2959 1445 3173 1529 juvenis
3193 1472 3283 1516 aut
3303 1478 3491 1528 senex,
3514 1464 3597 1518 in-

2010 1558 2168 1614 crepa
2195 1546 2241 1601 si
2272 1546 2473 1614 videas,
2499 1548 2869 1605 vehementius
2898 1550 3126 1614 incesse,
3153 1561 3207 1607 ct
3235 1553 3278 1605 si
3303 1569 3406 1607 non
3441 1553 3593 1619 ferat,

2011 1635 2292 1692 diaconum
2325 1655 2487 1707 voca,
2534 1641 2770 1706 minare,
2802 1657 2920 1712 qua:
2949 1657 3115 1712 penes
3142 1652 3192 1698 te
3220 1654 3346 1699 sunt
3390 1645 3547 1701 facito
3578 1663 3597 1701 ιο

2014 1737 2071 1783 et
2099 1729 2145 1783 si
2170 1729 2301 1799 quid
2345 1731 2540 1787 audeat
2580 1743 2766 1788 contra
2816 1742 2868 1789 te
2910 1734 3122 1799 facere,
3154 1737 3351 1792 tnnltos
3382 1737 3601 1793 habebis

2009 1817 2460 1888 adjutores.Qttis
2492 1822 2633 1876 enim
2667 1823 2735 1876 ita
2770 1823 3156 1880 irrationabilis
3182 1836 3287 1893 est,
3317 1828 3406 1896 qtti
3438 1838 3488 1883 te
3522 1828 3600 1882 vi-

2009 1908 2146 1964 dens
2176 1909 2295 1965 illos
2323 1910 2392 1966 de
2418 1927 2481 1967 ea
2526 1928 2585 1967 re
2614 1914 3018 1984 ebjurgantem,
3051 1932 3157 1971 non
3203 1927 3309 1972 stet
3340 1919 3390 1972 in
3439 1927 3595 1990 parte

2011 2000 2136 2054 tua?
2163 1999 2387 2057 Discede
2414 2012 2626 2072 sumpta
2658 2005 2831 2074 procis
2878 2006 3151 2062 mercede.
3200 2006 3253 2061 lu
3281 2008 3395 2062 aede
3415 2009 3592 2063 domi-

2011 2093 2131 2147 nica
2158 2090 2260 2147 hos
2286 2108 2474 2149 servos
2503 2094 2623 2148 aliis
2655 2095 3121 2152 benevolentiores
3144 2097 3468 2167 judieamus,
3501 2102 3590 2169 qui

2011 2183 2214 2238 nullum
2247 2199 2343 2240 vas
2373 2195 2525 2241 extra
2577 2184 2821 2240 ordinem
2859 2186 3042 2257 jacere
3067 2188 3270 2243 sinunt.
3302 2187 3355 2243 Si
3384 2190 3597 2244 videres

2011 2273 2064 2328 in
2109 2273 2271 2330 demo
2317 2290 2414 2331 vas
2457 2284 2773 2347 argenteum
2822 2284 3025 2333 temere
3073 2276 3215 2333 foras
3263 2278 3594 2349 projectum,

2010 2364 2224 2421 etiamsi
2255 2380 2361 2421 non
2384 2380 2534 2423 esses
2560 2367 2628 2423 ad
2656 2367 2760 2424 hoc
2787 2367 3070 2438 deputatus
3090 2411 3105 2436 ,
3138 2384 3313 2424 annon
3345 2370 3598 2428 illud'do-

2010 2470 2156 2511 mum
2183 2456 2457 2513 referres‘l
2499 2458 2543 2513 si
2595 2459 2973 2515 vestimentum
3021 2460 3353 2530 projectum,
3409 2463 3598 2517 etiam-

2009 2547 2055 2602 si
2081 2562 2264 2603 curam
2292 2548 2409 2620 ejus
2447 2564 2555 2606 non
2601 2565 2851 2621 gereres,
2885 2552 3095 2607 etiamsi
3140 2567 3304 2618 eum,
3352 2554 3438 2608 cui
3467 2569 3593 2609 cura

2009 2643 2318 2709 commissa,
2346 2642 2472 2698 odio
2506 2642 2763 2709 haberes,
2793 2659 2969 2698 annon
3001 2644 3071 2700 ob
3096 2643 3517 2701 benevolentiam
3543 2646 3596 2700 in

2009 2734 2287 2789 dominum
2315 2734 2447 2803 illud
2473 2744 2597 2806 apte
2620 2735 2948 2791 reduceres?
2964 2736 3040 2791 lla
3061 2744 3115 2791 et
3137 2751 3294 2791 nunc.
3323 2736 3448 2791 Haec
3471 2753 3595 2793 vasa

2012 2834 2137 2881 sunt
2168 2844 2180 2881 :
2208 2827 2253 2882 si
2281 2826 2466 2882 videas
2489 2827 2576 2882 illa
2600 2826 2951 2897 incomposite
2967 2828 3219 2897 jacentis,
3251 2828 3412 2883 reduc
3434 2828 3485 2883 in
3511 2846 3598 2885 or-

2011 2917 2190 2973 dinem
2221 2937 2235 2973 :
2259 2917 2458 2975 accede
2481 2917 2548 2973 ad
2575 2933 2683 2987 me,
2706 2934 2815 2974 non
2842 2933 3033 2974 recuso
3057 2935 3072 2972 :
3094 2917 3179 2973 die
3206 2917 3333 2973 mihi
3357 2959 3373 2986 ,
3406 2919 3488 2974 fac
3510 2935 3598 2975 me

2011 3008 2296 3065 certiorem
2324 3026 2339 3063 :
2363 3024 2467 3063 non
2498 3023 2716 3079 possum
2740 3009 2918 3063 omnia
2949 3009 3163 3072 videre;
3200 3010 3477 3079 ignoscite.
3507 3010 3595 3066 Vi-

2012 3099 2135 3154 dete
2153 3140 2168 3165 ,
2188 3108 2385 3169 quanta
2414 3098 2651 3171 nequitia
2671 3099 2856 3154 urbem
2884 3108 3131 3170 occupat.
3153 3099 3285 3153 Num
3303 3101 3419 3156 sine
3439 3116 3598 3156 causa

2012 3184 2255 3248 dicebam
2277 3234 2292 3258 ,
2342 3206 2441 3248 nos
2467 3206 2589 3248 esse
2615 3206 2871 3246 acervum
2905 3191 3064 3259 lieni,
3096 3207 3243 3248 mare
3286 3193 3602 3263 incomposi-

2015 3283 2157 3337 tum?
2185 3282 2301 3338 Non
2329 3282 2451 3339 dico
2488 3283 2608 3338 illos
2640 3283 2761 3337 talia
2794 3281 2993 3348 facere,
3027 3283 3120 3338 sed
3149 3293 3293 3338 tanta
3320 3284 3596 3339 oscitantia

2013 3377 2276 3432 intrantes
2320 3377 2566 3432 laborare
2590 3417 2605 3441 ,
2650 3384 2709 3429 ιιι
2747 3374 2864 3430 haec
2904 3390 3013 3432 non
3040 3375 3331 3445 corrigam.
3368 3376 3596 3433 Rursum

2012 3468 2150 3522 alios
2181 3468 2337 3523 video
2357 3507 2372 3534 ,
2401 3467 2773 3537 colloquentes
2817 3476 2964 3522 stare
2988 3465 3115 3521 dum
3143 3465 3204 3520 lit
3227 3468 3437 3524 oratio:
3464 3469 3598 3524 alios

2015 3562 2368 3617 modestiores
2395 3560 2637 3627 scilicet,
2678 3575 2784 3615 non
2817 3561 2978 3615 modo
3005 3562 3131 3616 dum
3174 3562 3232 3616 tit
3258 3561 3431 3617 oratio
3451 3602 3464 3624 ,
3495 3562 3612 3616 sed~

2014 3653 2175 3708 etiam
2195 3652 2321 3709 dum
2342 3652 2594 3707 sacerdos
2628 3653 2915 3707 benedicit.
2943 3652 2988 3708 0
3012 3651 3315 3707 audaciam!
3350 3653 3601 3720 Quando-

2014 3759 2138 3799 nam
2165 3744 2267 3799 erit
2294 3742 2477 3798 salus?
2503 3743 2772 3814 quomodo
2801 3743 3099 3813 poterimus
3147 3745 3311 3815 Deum
3344 3744 3597 3814 placare?

2014 3834 2070 3889 Si
2116 3834 2182 3889 ad
2228 3833 2410 3889 ludum
2456 3833 2659 3901 abeas,
2704 3834 2910 3890 videbis
2944 3849 3131 3889 omnes
3175 3835 3437 3889 concinne
3464 3836 3598 3889 CllO-

2016 3939 2138 3980 reas
2162 3933 2399 3995 agentes,
2425 3925 2666 3996 nihilque
2688 3926 2904 3998 negligi.
2927 3926 3075 3982 Sicut
3093 3942 3219 3997 ergo
3243 3927 3293 3981 in
3322 3927 3433 3999 lyra
3456 3930 3603 3983 varie

2016 4026 2073 4073 ct
2097 4025 2244 4073 recte
2271 4019 2565 4088 centposita
2596 4029 2717 4089 apta
2750 4019 2993 4091 quaedam
3020 4021 3338 4092 symphonia
3365 4036 3430 4076 ex
3458 4020 3599 4076 bono

2018 4111 2204 4166 ordine
2232 4110 2461 4167 efﬁcitur
2488 4128 2503 4165 :
2538 4112 2608 4167 ita
2640 4121 2693 4167 et
2735 4113 2823 4168 hie
2852 4128 3010 4167 unam
3056 4113 3294 4168 omnium
3327 4121 3382 4167 et
3408 4128 3607 4168 conso-

2017 4218 2140 4259 nam
2190 4203 2522 4259 harmoniam
2565 4203 2708 4260 eﬂici
2754 4219 2849 4275 par
2888 4213 3055 4261 esset.
3090 4204 3205 4261 Una
3237 4205 3378 4259 enim
3418 4220 3604 4259 sumus

2019 4293 2257 4349 Ecclesia
2284 4334 2299 4359 ,
2347 4296 2517 4353 unius.
2556 4295 2753 4364 capitis
2797 4295 3039 4349 membra
3091 4294 3346 4350 decenter
3388 4303 3597 4364 aptata;

2019 4400 2182 4439 unum
2214 4399 2397 4439 sumus
2424 4400 2614 4440 omnes
2639 4399 2835 4455 corpus
2867 4403 2881 4440 :
2911 4385 2956 4441 si
2993 4385 3120 4456 quid
3162 4385 3462 4455 neglectum
3491 4386 3607 4442 lue-

2019 4476 2106 4539 rit,
2143 4485 2310 4529 totum
2339 4475 2643 4546 neglectum
2667 4484 2722 4531 et
2746 4485 3054 4548 corruptum
3082 4477 3204 4532 erit.
3232 4477 3304 4531 Ita
3330 4486 3383 4531 et
3409 4479 3605 4532 multo-

2022 4583 2139 4621 rum
2193 4576 2398 4621 rectum
2448 4566 2693 4623 ordinem
2734 4570 2893 4623 unius
2938 4568 3261 4624 inordinatio
3305 4569 3607 4625 labefactat.

2020 4658 2280 4728 Qttedque
2307 4659 2547 4715 terribile
2570 4669 2653 4714 est
2670 4702 2685 4726 ,
2723 4675 2830 4715 non
2876 4659 2982 4716 huc
3007 4661 3076 4716 ad
3106 4659 3289 4717 ludum
3314 4661 3602 4719 choreant-

2023 4769 2128 4824 que
2166 4754 2457 4810 saltaturus
2481 4757 2634 4811 venis
2654 4798 2667 4821 ,
2693 4766 2749 4812 et
2778 4757 3165 4828 incompositus
3193 4768 3327 4814 stas.
3349 4759 3533 4816 Nescis
3561 4770 3613 4817 te

2024 4863 2145 4901 cum
2172 4849 2379 4918 angelis
2407 4851 2592 4906 stare?
2617 4851 2750 4906 Cum
2801 4853 2908 4909 illis
2948 4864 3133 4911 cantas
3163 4854 3497 4927 hymnosque
3521 4871 3613 4910 ce-
3688 4920 3697 4929 .

2027 4938 2237 5007 lebras,
2266 4948 2321 4994 et
2344 4949 2457 4996 stas
2502 4942 2721 4997 ridens?
2748 4945 2941 4999 Annon
2968 4945 3164 4999 mirum
3194 4955 3277 5001 est
3298 4985 3313 5010 ,
3346 4944 3487 5016 quod
3516 4945 3616 4999 ful-

2027 5046 2149 5085 men
2179 5046 2285 5087 non
2318 5032 2636 5089 immittatur
2661 5075 2677 5102 ,
2710 5051 2816 5091 non
2846 5036 2897 5090 in
2930 5036 3051 5093 illos
3081 5046 3283 5092 tantum
3306 5079 3320 5104 ,
3366 5036 3461 5093 sed
3483 5047 3537 5092 et
3562 5036 3621 5089 iu

2028 5137 2127 5177 nos
2151 5123 2383 5179 omnes?
2413 5123 2529 5180 haec
2557 5125 2757 5195 quippe
2801 5125 3025 5182 fulmine
3064 5127 3225 5199 digna
3273 5135 3418 5182 sunt.
3448 5124 3621 5181 Adest
3680 5187 3685 5191 ς

2028 5230 2158 5282 rex,
2191 5215 2336 5271 videt
2384 5218 2721 5283 exercitum;
2767 5227 2822 5272 tu
2862 5232 2994 5273 vero
3032 5219 3138 5273 illis
3166 5216 3468 5277 videntibus
3507 5222 3619 5268 stas

2028 5304 2208 5362 ridens
2231 5347 2247 5371 ,
2280 5308 2360 5362 vel
2391 5308 2660 5364 ridentem
2693 5309 2967 5381 negligis?
2993 5309 3099 5365 Sed
3128 5321 3408 5379 quousque
3438 5306 3617 5360 incre-

2031 5397 2253 5466 pamus?
2282 5412 2560 5469 quousque
2588 5399 3076 5469 reprehendimus?
3108 5401 3299 5453 Annon
3329 5403 3387 5450 ut
3410 5404 3614 5465 pestes,

2028 5505 2209 5545 annon
2238 5499 2295 5544 ut
2322 5501 2666 5561 corruptores
2688 5533 2704 5558 ,
2750 5506 2927 5547 annon
2956 5500 3013 5543 ut
3038 5496 3319 5557 corruptos
3359 5494 3416 5542 et
3439 5486 3620 5557 perni-

2028 5581 2207 5635 ciosos
2238 5581 2541 5651 bujusmodi
2570 5584 2834 5648 homines,
2865 5581 3263 5649 innutncrisque
3302 5578 3460 5634 malis
3495 5593 3620 5632 onat-

2031 5682 2144 5728 stos
2173 5673 2240 5729 ab
2269 5673 2504 5729 Ecclesia
2551 5674 2675 5744 pelli
2706 5672 3078 5745 oportuisset?
3102 5667 3461 5733 Quandonam
3485 5670 3559 5727 illi
3589 5685 3619 5725 a

360 5750 560 5807 videtur
581 5767 735 5823 grave
760 5796 776 5826 ,
797 5756 938 5828 quod
968 5772 1074 5814 non
1114 5758 1412 5814 serviatur:
1437 5759 1481 5814 is
1510 5775 1637 5816 vero
1655 5799 1673 5830 ,
1700 5761 1787 5833 qui
1817 5761 1920 5817 int.-
2034 5764 2146 5821 risu
2171 5763 2536 5834 abstincbunt,
2564 5764 2654 5837 qui
2680 5765 2735 5821 in
2766 5765 2898 5822 hora
2921 5762 3198 5820 tremenda
3224 5762 3620 5830 rident?quan-

1928 5856 1964 5873 p-
