4112 6484
466 378 559 434 191

459 492 532 547 do
558 503 590 543 a
620 483 774 556 nugis
800 475 1174 539 abstinebunt,
1205 467 1296 541 qui
1326 470 1380 523 in
1410 471 1657 532 tempore
1700 449 2040 556 benedictio-

458 585 546 638 nis
571 543 857 651 garriunt?
888 585 999 627 non
1033 568 1327 638 praesentes
1354 560 1671 613 reverentur
1693 588 1711 615 ,
1882 543 2049 651 [zeum

462 633 693 730 timent?
735 678 917 723 annon
960 633 1162 717 sufﬁcit
1206 652 1363 709 nobis
1410 645 1605 703 mentis
1630 633 1917 730 socordia?
1943 646 2051 687 non

461 728 593 822 satis
612 770 697 820 est
710 757 853 832 quod
878 762 1095 811 orantes
1118 748 1226 803 alio
1251 752 1570 814 evagemur:
1601 731 1698 791 sed
1723 738 1778 786 et
1805 728 1974 783 risum
1997 729 2054 779 et

463 857 758 915 cachinnos
783 849 984 905 multos
1008 836 1342 913 ingerimus?

534 907 724 1003 Contra
742 938 950 997 Theatri
972 907 1447 1003 spectacula.—-An
1476 922 1744 978 theatrum
1763 914 1880 971 base
1902 907 2055 967 sunt?

465 1040 574 1098 Sed
622 1039 729 1094 hoc
756 1044 885 1106 puto
910 1027 1180 1086 atheatris
1227 1022 1398 1078 oriri:
1444 1015 1864 1083 inobsequentes
1911 1005 2054 1062 enim

467 1132 667 1189 multos
715 1098 775 1184 et
810 1120 1197 1193 incompositos
1228 1113 1489 1171 efliciunt.
1526 1108 1655 1176 Qum
1694 1104 1782 1158 hic
1818 1098 2055 1156 aediﬁca-

470 1239 594 1281 mus
627 1262 644 1288 ,
668 1201 799 1276 illic
832 1190 1224 1274 destruantur:
1269 1218 1445 1276 neque
1483 1201 1588 1257 hoc
1644 1198 1853 1263 solum,
1883 1190 1981 1249 sed
2003 1198 2059 1288 et

467 1280 588 1371 aliis
615 1280 966 1368 immunditiis
986 1316 1208 1361 necesse
1233 1306 1317 1357 est
1342 1296 1463 1351 illos
1487 1290 1708 1363 repleri.
1740 1287 1808 1342 Et
1834 1280 2058 1357 perinde

470 1411 548 1474 tit,
570 1420 636 1462 ac
653 1404 701 1463 si
719 1402 842 1474 quis
857 1411 1110 1469 campum
1132 1389 1428 1451 emundare
1476 1385 1605 1441 velit
1631 1423 1648 1450 ,
1693 1381 1748 1438 in
1775 1391 1936 1450 quem
1962 1389 2056 1431 su-

471 1516 637 1574 perae
660 1498 778 1555 fons
805 1497 977 1553 lutum
1024 1482 1309 1552 immittat;
1332 1485 1461 1541 dum
1484 1481 1630 1539 enim
1649 1477 1818 1549 magis
1836 1484 2056 1545 purgas,

469 1565 613 1651 aliud
645 1590 838 1649 influit.
870 1588 1106 1658 ldipsum
1132 1583 1220 1638 hic
1249 1579 1448 1637 evenit.
1490 1575 1782 1644 Postquam
1820 1566 1965 1624 enim
1995 1565 2059 1619 il-

469 1690 572 1754 los,
603 1687 693 1757 qui
717 1700 785 1742 ex
814 1680 1037 1739 theatris
1062 1673 1457 1734 immunditiam
1483 1668 1797 1730 intulerant,
1829 1658 2058 1717 munda-

469 1783 729 1847 verimus,
756 1777 852 1833 illo
873 1778 1213 1831 revertentes
1235 1766 1337 1839 ipsi
1370 1762 1635 1834 majorem
1683 1755 1928 1813 referunt
1954 1751 2058 1847 im.

469 1840 788 1930 ntuuditiam
817 1885 833 1923 :
864 1864 1017 1938 quasi
1032 1861 1218 1920 dedita
1241 1871 1404 1929 opera
1429 1854 1508 1911 sic
1522 1853 1788 1916 viventes,
1820 1853 1878 1901 ut
1903 1840 2061 1899 nobis

1206 355 1266 413 S.
1305 345 1585 411 JOANNIS
1619 334 2093 401 CHRYSOSTOMI
2123 328 2439 393 ARCHIEP.
2480 330 3018 392 CONSTANTINOP.

3748 338 3852 395 192

2153 445 2424 517 negotium
2449 446 2752 505 lacessant:
2781 457 2837 504 et
2869 450 3101 507 redeunt
3129 452 3370 509 iterum
3401 450 3673 509 multnm
3697 464 3848 512 δια-ς

2155 542 2296 595 coris
2321 549 2612 612 gestantes,
2633 543 2685 597 in
2714 543 2974 609 moribus,
3003 545 3058 600 in
3083 546 3379 609 m‘otibns,
3403 546 3473 601 in
3502 546 3711 602 verbis
3736 590 3754 614 ,
3789 548 3845 603 in

2156 633 2265 688 risu
2287 674 2302 698 ,
2324 633 2375 687 in
2399 633 2625 689 desidia.
2658 634 2861 691 Deinde
2889 645 3197 692 nostterum
3231 636 3544 702 fodimus,
3572 638 3744 709 quasi
3774 640 3846 697 de

2158 724 2414 779 industria
2438 725 2720 793 fodientes,
2746 736 2804 783 ut
2829 728 2948 784 illos
2989 732 3222 785 mundos
3247 731 3625 786 eminentes
3646 773 3664 797 ,
3693 732 3847 803 ipsos

2159 832 2371 871 rursum
2417 817 2689 873 videamus
2722 833 2882 875 emno
2917 830 3163 877 onustos.
3230 808 3489 877 Idcirco
3536 823 3845 880 committo

2160 922 2255 963 vos
2279 909 2407 964 Deo.
2438 909 2625 979 Etjam
2654 910 2782 966 hinc
2807 912 2961 968 vobis
2980 954 2995 979 ,
3022 914 3112 984 qui
3141 913 3275 970 sani
3294 915 3494 982 'estis,
3535 914 3840 984 testiticor,

2156 1000 2415 1070 judicium
2462 1001 2617 1058 vobis
2657 1013 2713 1059 et
2763 1004 3159 1063 damnationem
3207 1007 3374 1073 fore,
3414 1007 3471 1062 si
3525 1009 3663 1080 quis
3717 1024 3840 1065 cum

2161 1094 2307 1150 videt
2349 1094 2653 1155 inordinate
2679 1110 2922 1171 agentes,
2973 1103 3340 1175 maximeque
3400 1104 3517 1159 illo
3581 1115 3838 1177 tempore

2161 1187 2594 1256 confabulantes,
2619 1205 2728 1248 non
2760 1194 3100 1251 admonuerit
3135 1212 3244 1253 nec
3276 1199 3641 1253 correxerit
3691 1215 3835 1257 eos:

2163 1281 2269 1338 hoc
2288 1283 2479 1340 melius
2505 1294 2589 1339 est
2618 1288 2929 1357 precatione
2974 1290 3109 1361 ipsa.
3160 1291 3421 1347 Dimitte
3478 1307 3736 1362 preces,
3782 1304 3839 1351 et

2163 1372 2315 1428 illum
2345 1372 2607 1447 increpa:
2657 1378 2729 1434 ita
2759 1387 2816 1435 et
2843 1379 2919 1435 illi
2941 1380 3208 1453 proderis,
3247 1392 3318 1439 et
3366 1392 3432 1438 tu
3481 1361 3830 1442 lucraberis.

2161 1464 2253 1521 Sic
2307 1466 2606 1537 poterimus
2643 1483 2835 1527 omnes
2878 1473 3108 1529 salutem
3134 1482 3190 1531 et
3238 1490 3514 1547 regnum
3559 1477 3824 1534 caelorum

2164 1558 2420 1629 assequi:
2452 1573 2560 1630 quo
2590 1576 2691 1618 nos
2714 1578 2904 1620 omnes
2926 1563 3032 1621 frui
3060 1565 3393 1638 contingat,
3422 1568 3627 1639 gratia
3652 1577 3713 1624 et
3740 1570 3824 1626 be-

2166 1651 2431 1722 nignitate
2458 1654 2668 1710 Domini
2698 1658 2869 1712 nostri
2921 1655 3050 1714 Jesu
3075 1657 3289 1715 Christi
3321 1701 3342 1728 ,
3405 1662 3654 1731 quicum
3684 1661 3828 1717 Patri

2166 1745 2436 1817 simulque
2465 1747 2689 1819 Spiritui
2721 1760 2910 1806 sancto
2937 1751 3105 1823 gloria
3124 1794 3141 1817 ,
3190 1750 3554 1823 imperium,
3592 1753 3782 1811 honor
3808 1796 3824 1822 ,

2170 1853 2315 1896 nunc
2334 1849 2389 1896 et
2413 1855 2629 1911 semper
2651 1882 2667 1908 ,
2697 1851 2751 1898 et
2771 1843 2823 1899 in
2851 1845 3047 1901 smcula
3077 1847 3460 1902 saeculorum.
3494 1847 3715 1903 Amen.

480 1959 3824 2007 .W

1854 2028 2203 2092 HOMILIA
2247 2027 2457 2090 XXV.

468 2205 596 2260 CAP.
626 2186 712 2258 ll.
737 2216 792 2256 v.
827 2198 915 2254 19.
967 2194 1059 2251 ηιξ
1078 2193 1302 2267 quidem,
1340 2187 1425 2257 qui
1448 2182 1663 2256 dispersi
1695 2183 1894 2254 fuerant
1919 2191 1952 2229 a
1977 2174 2070 2229 tri-

542 2296 817 2360 bulatione,
840 2305 953 2363 quae
976 2292 1113 2362 facta
1134 2291 1301 2359 fuerat
1320 2281 1383 2337 ob
1406 2278 1748 2362 Stephanum,
1762 2267 2068 2344 pertransis-

542 2396 661 2443 runt
704 2361 864 2454 usque
915 2361 1187 2435 Phanicen
1234 2385 1281 2431 et
1325 2372 1552 2445 Cyprum
1602 2376 1650 2422 et
1704 2361 2065 2425 Antiochiam,

544 2479 733 2535 nemini
777 2476 1036 2547 loquentes
1080 2469 1309 2535 verbum,
1356 2466 1456 2522 nisi
1478 2463 1602 2519 solis
1625 2459 1849 2517 ludatis.

548 2573 605 2628 1.
659 2569 775 2625 Νοη
805 2581 991 2638 parum
1021 2562 1089 2620 ad
1121 2562 1269 2618 verbi
1303 2558 1599 2629 profectum
1628 2549 1856 2609 contulit
1883 2561 2070 2619 perse-

479 2664 668 2737 quutio
705 2680 721 2717 :
752 2676 875 2716 nam
903 2655 1241 2730 Diligentibus
1268 2651 1466 2714 Deum,
1511 2646 1706 2718 inquit,
1769 2642 1940 2698 omnia
1978 2655 2068 2694 co.

474 2732 752 2829 operantur
772 2755 825 2808 in
842 2751 1031 2808 bonum
1059 2747 1237 2820 (Rom.
1258 2745 1312 2801 8.
1333 2740 1448 2816 es).
1473 2740 1531 2797 Si
1552 2734 1932 2829 voluissentilli
1960 2732 2068 2788 Ee-

472 2828 692 2907 clesiam
722 2858 1042 2918 propagare,
1098 2856 1205 2897 non
1245 2837 1392 2894 aliud
1443 2834 1699 2891 fecissent
1724 2848 1740 2886 :
1764 2829 1833 2887 de
1858 2828 2073 2897 disper-

363 2951 377 2962 ‘
474 2944 627 2997 sione
652 2941 847 3012 loquor
876 2937 1180 2993 doctorum.
1235 2932 1305 2988 Et
1350 2928 1474 2986 vide
1521 2939 1783 3000 quorsum
1836 2930 2063 2979 extensa

479 3032 639 3089 fuerit
696 3009 1030 3101 praedicatio.
1082 3021 1533 3085 Pertransierunt,
1592 3016 1787 3087 inquit,
1814 3027 1973 3085 usque
2004 3009 2074 3063 ad

482 3123 761 3179 Pluenicen
787 3130 836 3174 et
878 3119 1104 3191 Cyprum
1133 3126 1178 3172 et
1204 3113 1528 3169 Antiochiam
1551 3151 1568 3177 ,
1597 3108 1786 3186 nemini
1813 3106 2074 3177 loquentes

474 3216 709 3280 uerbum,
760 3213 859 3268 nisi
915 3209 1037 3268 solis
1079 3208 1301 3273 Judozis.
1342 3204 1535 3272 Vides,
1583 3199 1855 3273 quomodo
1894 3196 2074 3252 omnia

479 3310 622 3362 circa
649 3303 966 3362 Cornelium
1000 3318 1096 3373 per
1120 3297 1581 3370 dispensationem
1608 3293 1747 3350 facta
1773 3291 1883 3346 sint
1908 3290 1932 3344 ‘i
1961 3289 2075 3344 lloc

478 3408 660 3455 autem
689 3405 743 3453 et
773 3394 843 3450 ad
863 3393 1238 3450 defensionem
1264 3388 1462 3446 Christi
1493 3395 1548 3442 et
1572 3385 1642 3441 ad
1671 3381 2071 3441 accusationem

481 3490 793 3549 indecorum
814 3484 1044 3543 confert.
1076 3483 1259 3554 itaque
1283 3495 1405 3538 cum
1420 3477 1725 3549 Stephanus
1742 3475 1951 3530 occisus
1970 3480 2073 3538 est,

484 3600 607 3639 cum
628 3581 828 3639 Paulus
846 3579 931 3636 bis
959 3587 1040 3635 est
1068 3575 1402 3650 periclitatus
1425 3612 1440 3637 ,
1471 3586 1592 3627 cum
1619 3567 1849 3640 apostoli
1889 3564 2075 3637 ﬂagel-

380 3722 383 3723 ν
482 3676 571 3734 lati
595 3681 740 3740 sunt,
770 3687 891 3729 cum
918 3671 1114 3741 saipius
1145 3668 1325 3739 ejecti.
1355 3678 1481 3722 tunc
1502 3675 1711 3737 gentes,
1734 3672 1859 3734 tupc
1886 3661 2076 3717 Sama-

481 3768 644 3823 ritani
666 3756 1022 3836 recepti‘sunt
1049 3782 1064 3819 :
1095 3761 1239 3832 quod
1265 3769 1320 3817 et
1343 3759 1539 3816 Paulus
1596 3757 1796 3813 clamat
1842 3753 2073 3811 dicens:

493 3859 643 3915 Vobis
665 3858 930 3928 oportebat
964 3856 1185 3927 primunt
1238 3853 1377 3924 loqui
1402 3852 1606 3907 uerbum
1647 3847 1784 3904 Dei:
1809 3848 1898 3903 sed
1946 3863 2078 3919 quo-

483 3954 621 4007 niam
639 3950 884 4023 repellitis
916 3947 1086 4014 illud,
1136 3957 1185 4002 ct
1231 3945 1469 4019 indignos
1511 3960 1597 4000 vos
1630 3942 1919 4014 judicatis,
1969 3957 2081 3995 ecce

483 4047 822 4100 convertimur
840 4043 909 4096 ad
926 4050 1096 4113 gentes
1121 4040 1259 4113 (Act.
1292 4039 1346 4095 ὃ.
1377 4037 1493 4109 46).
1525 4036 1866 4092 Circuierunt
1896 4034 2074 4104 igitur,

482 4146 538 4192 et
564 4146 756 4209 gentes
783 4132 1218 4205 a'lloquebantur.
1246 4129 1338 4186 20.
1372 4129 1534 4184 Erant
1562 4137 1731 4184 autem
1753 4128 1964 4198 quidam
1985 4143 2076 4182 eo-

482 4245 597 4283 rum
618 4228 715 4284 uiri
733 4225 909 4300 Cyprii
939 4222 1258 4297 etCyrenaii,
1308 4222 1395 4294 qui
1446 4237 1562 4276 cum
1596 4220 1848 4276 uenissent
1898 4219 2081 4274 Antias

483 4315 674 4389 chiam,
699 4319 1034 4391 loquebantur
1052 4319 1121 4373 ad
1147 4315 1376 4383 Graicos,
1411 4315 1773 4369 annumiantes
1801 4310 2080 4367 Dominum

483 4414 685 4470 Jesum.
715 4413 808 4468 21.
834 4411 903 4467 Et
921 4419 1033 4467 erat
1059 4425 1243 4464 manus
1268 4406 1480 4462 Domini
1507 4422 1625 4460 cum
1646 4407 1717 4460 eis
1745 4420 1764 4459 :
1790 4404 2081 4472 multusque

486 4521 727 4559 muneras
746 4503 1058 4558 credentium
1080 4516 1352 4556 conuersus
1378 4510 1452 4554 est
1475 4497 1543 4551 ad
1571 4496 1848 4552 Dominum
1873 4496 1908 4551 J
1915 4513 2075 4552 esum.

501 4597 656 4662 Vide,
684 4595 891 4651 Cnccis
915 4592 1251 4664 evangelium
1290 4591 1631 4647 annuntiant.
1670 4588 1974 4645 Verisimile
1997 4597 2082 4643 est

486 4690 633 4746 enim
658 4689 781 4746 illos
809 4686 998 4744 Graece
1023 4685 1273 4752 solvisse,
1304 4695 1360 4741 et
1389 4683 1689 4740 Antiochiae
1710 4683 1911 4739 multos
1941 4683 2079 4738 tales

488 4782 672 4840 fuisse.
689 4779 759 4834 Ει
783 4789 912 4847 erat,
939 4778 1132 4849 inquit,
1161 4794 1342 4832 ntanus
1368 4775 1576 4830 Domini
1595 4791 1709 4830 cum
1730 4775 1868 4839 illis;
1895 4773 1948 4828 id
1973 4783 2080 4842 est,

487 4876 641 4947 signa
671 4871 956 4929 faciebant.
986 4870 1197 4937 Viden‘,
1250 4884 1347 4925 cur
1387 4869 1550 4925 etiam
1609 4883 1754 4923 nunc
1806 4869 2082 4937 signorum

432 4966 445 4978 '
487 4966 780 5022 ticcessitas
810 4962 990 5030 fuerit,
1022 4971 1079 5018 ut
1126 4961 1412 5017 crederent
1441 4961 1466 5015 ἲ
1498 4960 1590 5014 22.
1622 4959 1862 5014 Peruenit
1913 4967 2082 5012 autem

490 5074 657 5116 sermo
681 5056 751 5111 ad
770 5071 919 5112 aures
942 5054 1206 5120 Ecclesia,
1230 5069 1343 5124 quae
1369 5061 1478 5108 erat
1520 5051 1863 5123 Jerosolymis
1887 5090 1901 5117 ,
1930 5066 2084 5120 super

488 5154 597 5209 istis
614 5168 634 5207 :
655 5160 703 5206 et
726 5149 973 5204 miserunt
999 5146 1291 5201 Barnabam
1316 5161 1473 5216 usque
1489 5145 1559 5200 ad
1580 5146 1927 5201 Antiochiam.
1972 5144 2084 5200 Cur

489 5257 634 5304 tanta
658 5244 875 5301 civitate
899 5240 1121 5298 verbum
1161 5239 1456 5309 recipiente
1484 5255 1591 5294 non
1623 5246 1889 5295 venerunt
1940 5237 2039 5309 ipsi
2065 5278 2080 5305 ,

491 5338 587 5394 sed
616 5335 914 5393 Barnabam
965 5332 1285 5389 miserunt?
1334 5331 1562 5403 Propter
1589 5331 1826 5388 Judmos.
1886 5332 2084 5388 Verum

491 5448 596 5488 non
636 5444 800 5502 parva
829 5444 919 5485 res
937 5428 1026 5483 hic
1045 5429 1266 5499 geritur,
1309 5426 1438 5483 dum
1474 5427 1554 5483 sic
1596 5427 1794 5483 Paulus
1837 5428 1973 5483 istuc
1996 5442 2087 5482 ae-

488 5525 633 5580 cedit
666 5541 680 5577 :
714 5539 892 5595 neque
932 5522 1052 5578 sine
1075 5537 1234 5579 causa
1255 5563 1270 5587 ,
1294 5520 1394 5578 sed
1418 5537 1539 5578 cum
1569 5534 1762 5591 magna
1793 5519 2085 5590 providen-

492 5618 564 5671 tia
595 5616 746 5671 illum
790 5623 1129 5681 aversantur,
1158 5632 1226 5672 ne
1254 5631 1360 5672 vos
1408 5615 1812 5687 pricdicationis
1849 5615 2083 5686 tubaque

494 5705 749 5760 ca‘lornm
774 5705 1121 5778 Jerosolymzc
1146 5707 1532 5765 includeretur.
1569 5708 1782 5775 Vidcn‘,
1814 5710 2086 5779 quomodo

497 5795 697 5864 ubique
725 5795 925 5851 malitia
971 5811 1178 5869 eorum,
1212 5810 1272 5856 ut
1308 5816 1444 5872 opus
1468 5811 1606 5870 erat,
1636 5812 1691 5859 et
1714 5814 1771 5859 ut
1793 5806 1906 5875 ipse
1933 5802 2115 5859 vole-‘

2174 2175 2286 2241 bat,
2313 2175 2560 2233 Christus
2584 2186 2847 2248 uteretur,
2878 2189 3040 2252 atque
3060 2180 3186 2237 odio
3216 2182 3276 2238 in
3302 2184 3565 2241 Paulum
3593 2183 3666 2241 ad
3686 2185 3815 2241 redi-

2174 2266 2476 2324 licationem
2499 2270 2755 2328 Ecclesiae
2780 2286 2845 2328 ex
2875 2273 3122 2344 gentibus
3141 2274 3169 2329 ἲ
3193 2275 3315 2332 Sed
3347 2278 3487 2334 vide
3521 2279 3675 2335 hunc
3690 2295 3820 2350 quo-

2173 2373 2278 2429 que
2292 2370 2535 2417 sanctum
2560 2404 2579 2431 ,
2613 2364 2912 2421 Barnabam
2938 2367 3082 2431 dico,
3105 2370 3408 2439 quomodo
3449 2386 3572 2428 non
3593 2388 3695 2429 sua
3729 2389 3809 2430 rc—

2171 2449 2382 2523 spiciat,
2412 2455 2507 2511 sed
2535 2469 2716 2512 currat
2752 2459 3000 2518 Tarsum.
3040 2460 3128 2518 25.
3178 2464 3291 2533 Qui
3315 2482 3452 2520 cum
3482 2468 3728 2535 venisset,
3769 2476 3815 2523 et

2172 2544 2373 2599 vidisset
2417 2548 2639 2618 gratiam
2660 2548 2792 2617 Dei,
2834 2554 3042 2622 gavisus
3078 2562 3174 2623 est,
3202 2567 3250 2611 et
3281 2557 3618 2613 hortabatur
3643 2574 3809 2615 onum

2172 2638 2228 2692 in
2278 2642 2539 2710 proposito
2584 2644 2755 2699 cordis
2808 2660 3104 2716 permanere
3130 2650 3183 2703 in
3221 2647 3519 2707 Domino:
3559 2653 3656 2708 24.
3697 2654 3810 2724 quia

2173 2741 2279 2788 erat
2308 2734 2384 2788 uir
2406 2733 2568 2790 bonus
2586 2745 2632 2790 et
2657 2737 2837 2806 plenus
2860 2738 3063 2810 Spiritu
3087 2752 3267 2796 saneto
3297 2753 3353 2797 et
3381 2744 3523 2813 ﬁde.
3554 2744 3629 2800 Et
3646 2760 3805 2815 appo-

2173 2826 2270 2881 sita
2300 2837 2373 2882 est
2398 2830 2558 2892 multa
2583 2831 2729 2886 turba
2753 2830 2993 2888 Domina.
3025 2832 3117 2891 25.
3169 2834 3475 2910 Profectus
3520 2848 3597 2895 est
3633 2847 3797 2894 autem

2175 2918 2444 3015 Darnabas
2501 2920 2737 2990 Tarsum,
2770 2935 2824 2979 ut
2851 2938 3095 2996 quaireret
3138 2929 3376 2985 Saulum
3414 2947 3437 2986 :
3492 2949 3649 3003 quem
3693 2948 3800 2987 cum

2177 3012 2468 3079 invenisset,
2506 3015 2745 3084 perduxit
2785 3015 3129 3074 Antiochiam.
3188 3021 3460 3092 Optimus
3499 3025 3587 3080 vir
3611 3032 3800 3080 eratet

2178 3104 2428 3175 simplex,
2462 3115 2624 3178 atque
2650 3107 2818 3165 Paulo
2846 3110 3148 3169 familiaris.
3179 3114 3313 3171 Ideo
3349 3119 3514 3173 venit
3542 3118 3612 3173 ad
3643 3117 3799 3172 athle-

2179 3204 2311 3262 tam,
2337 3197 2405 3254 ad
2426 3197 2643 3265 ducem,
2669 3201 2736 3256 ad
2786 3205 3199 3262 monomaehum
3220 3249 3235 3273 ,
3283 3208 3358 3263 ad
3392 3209 3621 3267 leonem
3652 3227 3668 3276 ;
3703 3224 3794 3264 ne-

2182 3289 2300 3344 seio
2322 3290 2449 3361 quid
2479 3290 2693 3360 dicam;
2717 3294 2976 3366 quidquid
3006 3300 3149 3353 enim
3198 3282 3449 3356 dixerim
3473 3344 3490 3368 ,
3536 3301 3793 3373 dignitate

2181 3380 2408 3438 inferius
2435 3384 2604 3440 Paulo
2632 3385 2753 3442 erit.
2779 3386 2939 3443 Venit
2964 3389 3031 3445 ad
3055 3393 3370 3447 venaticum
3400 3408 3603 3450 canem
3631 3435 3648 3461 ,
3684 3394 3792 3447 leo-

2180 3490 2279 3532 nes
2307 3475 2638 3534 occidentcm
2668 3518 2687 3546 ,
2735 3479 2804 3536 ad
2849 3488 3059 3537 taurum
3109 3482 3307 3540 fortem
3330 3523 3351 3552 ,
3398 3484 3473 3541 ad
3520 3485 3787 3540 lucernam

2179 3568 2519 3640 splendidam
2543 3611 2561 3640 ,
2601 3571 2669 3628 ad
2705 3588 2769 3629 os
2796 3574 2913 3631 orbi
2944 3575 3234 3633 sufﬁciens.
3256 3577 3411 3635 Vere
3446 3578 3574 3635 ideo
3603 3578 3787 3634 Antio-

2180 3660 2318 3716 chia:
2355 3663 2529 3718 vocati
2585 3672 2711 3719 sunt
2761 3664 3097 3735 Christiani,
3147 3669 3271 3738 quia
3302 3669 3515 3727 Paulus
3542 3669 3616 3726 ibi
3650 3677 3787 3724 tanto

2183 3763 2426 3826 tempore
2448 3758 2666 3814 mansit.
2680 3757 2774 3843 26.
2805 3757 3025 3814 Factum
3044 3769 3119 3815 est
3134 3771 3306 3816 autem
3331 3772 3389 3816 ut
3410 3779 3609 3817 annum
3634 3770 3783 3815 totum

2180 3858 2603 3921 congregarentur
2626 3850 2682 3904 in
2706 3848 2957 3921 Ecclesia,
2980 3863 3029 3907 et
3054 3853 3288 3909 docerent
3315 3855 3529 3910 turbam
3557 3855 3777 3913 multam,

2181 3941 2254 3994 ita
2301 3949 2356 3994 ut
2402 3944 2881 4013 cognominarentur
2935 3947 3156 4017 primum
3200 3948 3499 4005 Antiochia:
3555 3945 3777 4016 discipuli

2181 4030 2477 4088 Christiani.
2501 4033 2617 4090 Non
2647 4050 2810 4106 parva
2838 4037 3070 4094 civitatis
3096 4041 3210 4095 laus
3241 4039 3385 4097 hmo.
3440 4040 3556 4095 Hoc
3604 4047 3775 4094 contra

2184 4137 2376 4179 omnes
2427 4124 2620 4181 adduci
2666 4136 2864 4196 potest,
2895 4129 3036 4200 quod
3069 4131 3239 4201 prima
3285 4133 3536 4188 omnium
3567 4146 3659 4186 ore
3694 4126 3771 4182 tali

2183 4225 2332 4271 tanto
2376 4224 2619 4287 tempore
2650 4214 2918 4275 frueretur
2946 4238 2959 4274 :
2991 4222 3134 4279 unde
3165 4230 3222 4279 et
3266 4225 3451 4294 primo
3503 4222 3658 4281 isthic
3683 4221 3773 4275 hoc

2185 4308 2402 4364 nomine
2425 4309 2627 4380 dignati
2652 4320 2799 4368 sunt.
2824 4313 3010 4370 Viden'
3035 4314 3090 4370 in
3112 4326 3377 4388 quantum
3405 4318 3666 4388 fastigium
3696 4312 3767 4366 ci-

2184 4402 2401 4457 vitalem
2426 4404 2701 4473 extulerit,
2754 4406 3150 4479 clarioremque
3194 4408 3431 4467 fecerit?
3471 4411 3584 4466 lloc
3630 4403 3767 4463 Pauli

2183 4507 2321 4564 opus
2346 4503 2449 4549 est.
2474 4494 2576 4552 Ubi
2607 4499 2707 4552 trla
2736 4498 2923 4566 millia,
2954 4498 3044 4556 ubi
3083 4502 3323 4572 quinque
3344 4500 3516 4557 millia
3535 4497 3765 4556 credide-

2186 4594 2330 4653 runt,
2375 4588 2462 4642 ubi
2494 4596 2637 4643 tanta
2665 4589 2950 4645 multitudo
2970 4633 2985 4657 ,
3019 4591 3095 4647 ibi
3134 4593 3269 4648 nihil
3293 4596 3402 4650 tale
3433 4593 3629 4648 factum
3650 4596 3757 4651 est;

2184 4679 2281 4735 sed
2334 4680 2510 4736 adhuc
2532 4680 2601 4737 de
2628 4683 2713 4737 via
2740 4682 2829 4737 illa
2856 4684 3085 4739 tantum
3137 4699 3260 4741 esse
3305 4685 3653 4742 dicebantur:
3682 4678 3758 4733 hic

2186 4786 2313 4827 vero
2339 4772 2627 4830 Christiani
2654 4776 2905 4846 appellati
2936 4786 3081 4832 sunt.
3125 4778 3216 4834 27.
3274 4778 3342 4835 1η
3366 4780 3446 4834 his
3473 4786 3637 4832 autem
3657 4772 3757 4828 die-

2184 4866 2278 4921 bus
2305 4868 2670 4923 descenderunt
2697 4869 2759 4924 ab
2787 4868 3123 4943 Jerosolymis
3149 4873 3411 4944 prapheta:
3431 4869 3752 4926 Antiochiam.

2185 4961 2450 5029 Quoniam
2481 4962 2639 5018 isthic
2662 4962 2889 5019 fructum
2913 4963 3272 5037 eleemosy’nze
3299 4965 3523 5038 plantari
3557 4972 3756 5033 oporte-

2186 5056 2277 5111 bat
2296 5097 2312 5123 ,
2344 5055 2550 5112 utiliter
2572 5057 2888 5128 providetur
2912 5065 2969 5114 ut
2991 5060 3269 5130 prophetu-
3300 5060 3394 5115 illo
3423 5053 3746 5114 descendant.

2190 5150 2273 5205 Tu
2299 5164 2431 5205 vero
2457 5149 2587 5204 mihi
2626 5151 2938 5208 consideres
2964 5153 3148 5220 velim,
3184 5153 3453 5210 neminem
3486 5166 3547 5208 ex
3570 5142 3748 5204 clario-

2186 5242 2339 5296 ribus
2365 5241 2556 5296 horum
2577 5240 2855 5299 doctorem
2882 5242 3047 5300 fuisse
3072 5263 3084 5299 :
3117 5244 3346 5317 Cyprios
3373 5245 3511 5301 enim
3533 5239 3744 5294 habuere

2189 5335 2462 5404 doctores,
2490 5332 2780 5408 Cyrenaeas
2809 5346 2865 5392 et
2894 5337 3147 5411 Paulum(
3177 5339 3384 5394 etiamsi
3417 5337 3500 5391 hic
3524 5332 3636 5387 illos
3660 5341 3743 5380 sn-

2190 5431 2459 5499 νεηνθτίι
2486 5429 2527 5502 ),
2560 5431 2703 5487 sicut
2744 5432 2942 5490 Paulus
2982 5432 3235 5489 doctores
3264 5432 3439 5488 habuit
3472 5422 3736 5485 Barnalm"

2187 5530 2242 5574 et
2263 5523 2526 5577 Ananiam
2553 5538 2569 5588 ;
2595 5524 2692 5580 sed
2720 5524 2850 5581 nihil
2876 5526 2999 5582 inde
3028 5529 3207 5583 minor
3236 5528 3335 5583 fuit
3366 5544 3379 5580 :
3425 5519 3637 5578 habebat
3666 5521 3736 5565 ta-

2193 5629 2315 5670 men
2343 5624 2398 5672 et
2424 5616 2719 5673 Christum.
2746 5618 2839 5674 28.
2894 5618 3123 5692 Surgens
3147 5631 3313 5681 autem
3338 5634 3461 5674 unus
3483 5628 3541 5667 ea:
3566 5609 3628 5663 cis
3652 5618 3730 5657 no-

2190 5708 2325 5762 mine
2353 5707 2577 5780 Agabus,
2602 5711 2922 5783 signiﬁcabat
2942 5717 3131 5783 [alitem
3175 5728 3409 5786 magnam
3448 5711 3649 5779 futuram
3690 5693 3736 5744 ἱη

2194 5804 2425 5860 universo
2459 5804 2600 5876 orbe,
2641 5821 2754 5876 qua:
2783 5808 2925 5879 facta
2950 5817 3025 5862 est
3045 5807 3141 5862 sub
3169 5806 3385 5862 Claudio
3420 5802 3611 5859 limare.
3637 5788 3727 5844 Ναί
