4112 6442
223 516 301 575 193
1104 490 1171 547 IN
1212 488 1391 546 ACTA
1432 476 1958 543 APOSTOLORUM.
2001 474 2236 532 IiOMlL.
2277 474 2444 530 XXV.

247 616 446 689 cessario
470 624 555 679 hic
578 621 769 675 famem
786 626 1018 684 magnam
1049 609 1277 664 futuram
1307 602 1593 674 signiﬁcat,
1620 610 1741 669 quae

223 726 372 787 etiam,
393 727 448 773 ut
477 713 727 787 przedicta
752 708 935 771 fuerat,
963 701 1206 772 contigit.
1227 698 1304 753 Ne
1332 701 1581 767 putarent
1599 689 1742 746 enim

225 815 396 888 quidam
420 811 536 867 ideo
563 782 757 861 famem
778 800 1006 864 venisse,
1035 793 1175 867 quod
1198 788 1643 849 Christianismus
1662 783 1745 837 in-

226 877 395 982 gressus
416 908 588 964 esset,
609 895 748 969 quod
773 895 1040 948 daemones
1090 886 1515 943 abscessissent:
1548 877 1746 950 praedi-

237 970 283 1054 ἱιι
295 995 494 1065 Spiritus
519 999 731 1045 sanctus
758 984 897 1057 quod
941 983 1172 1037 futurum
1203 985 1309 1036 est.
1333 976 1474 1031 sicut
1502 982 1557 1029 et
1585 970 1747 1025 Chri-

239 1102 316 1148 stus
333 1089 476 1145 multa
506 1082 745 1155 prmdixit
784 1092 901 1150 qua:
925 1082 1240 1132 evenerunt.
1336 1088 1341 1095 λ

292 1183 365 1239 Cur
384 1153 533 1251 [antes
558 1174 760 1230 venerit.
782 1202 851 1212 —
870 1169 984 1224 Non
1009 1166 1130 1222 ideo
1161 1165 1339 1234 igitur,
1367 1164 1490 1231 quia
1510 1156 1578 1212 ab
1600 1153 1750 1210 initio

247 1278 294 1331 iu
315 1250 399 1330 retu
425 1267 661 1325 accidere
693 1260 1001 1335 Oportebat;
1035 1257 1129 1313 sed
1169 1265 1386 1326 propter
1433 1250 1572 1305 mala
1621 1260 1756 1318 apo-

245 1366 351 1422 stolis
370 1363 493 1417 illata
517 1377 532 1414 :
556 1373 673 1428 quae
698 1369 859 1429 quum
888 1361 945 1409 et
968 1352 1175 1412 tierent,
1201 1342 1584 1416 aliquantisper
1613 1339 1754 1393 Deus

242 1458 445 1531 patienter
470 1450 699 1514 ferebat;
732 1461 853 1501 cum
894 1452 1078 1498 autem
1109 1439 1183 1494 illi
1215 1441 1535 1508 pergerent,
1583 1429 1755 1517 fames

242 1512 417 1612 accidit;
438 1558 545 1614 qua:
579 1512 782 1596 Judtcis
810 1534 987 1591 futura
1029 1530 1168 1587 mala
1196 1522 1601 1599 prmuuntiabat.
1650 1512 1754 1573 sed

247 1640 323 1695 etsi
344 1646 516 1708 propter
539 1631 754 1689 Judzeos
782 1628 950 1683 fames
981 1631 1148 1688 esset,
1180 1629 1399 1690 propter
1425 1615 1562 1670 alios
1587 1625 1756 1682 opor-

255 1704 365 1785 tebat
395 1704 504 1781 illam
554 1736 793 1779 cessare.
831 1716 969 1787 Quid
1014 1715 1159 1771 enim
1212 1710 1421 1782 injuria:
1469 1704 1760 1761 intulerant

254 1818 405 1882 Grani,
429 1825 472 1870 nt
495 1814 760 1870 malorum
791 1817 975 1866 essent
1011 1801 1340 1878 participes?
1367 1797 1424 1855 Si
1451 1806 1630 1853 autem
1652 1808 1758 1850 non

247 1919 410 1982 propter
428 1905 654 1968 indecus,
689 1903 810 1957 illos
836 1916 962 1971 ergo
984 1896 1243 1953 clariores
1292 1891 1407 1946 fieri
1436 1885 1757 1959 oportebat,

241 1977 346 2075 quod
370 2017 451 2073 pro
476 1999 611 2055 virili
641 2012 739 2054 sua
771 1994 1032 2060 faverent,
1063 1988 1205 2061 quod
1247 1983 1577 2049 occiderent,
1608 1977 1766 2051 puni-

236 2071 699 2168 rentpplecterent,
732 2089 968 2159 undique
994 2087 1464 2156 persequerentur.
1498 2075 1568 2131 Et
1605 2071 1763 2139 vide,

233 2190 517 2264 qnandonam
545 2186 720 2242 fames
750 2180 958 2239 accidat
994 2190 1155 2233 :cum
1175 2171 1374 2231 ethnici
1397 2170 1508 2242 jam
1534 2167 1769 2237 suscepti

231 2292 392 2342 essent.

280 2377 322 2430 2.
342 2374 435 2432 Sed
454 2374 495 2427 si
515 2377 739 2443 propter
760 2365 918 2431 mala,
946 2361 1176 2434 inquies,
1198 2354 1480 2426 Oportebat
1502 2360 1650 2411 certe
1672 2351 1772 2407 hos

232 2470 377 2529 eximi.
402 2469 527 2534 Cur,
554 2466 645 2522 die
672 2461 844 2520 mihi?
869 2471 1047 2513 annon
1078 2464 1201 2509 ante
1230 2451 1441 2508 dixerat
1481 2449 1587 2503 illis
1610 2445 1771 2502 Chri-

229 2575 314 2620 Slus
338 2580 349 2616 :
371 2560 432 2617 In
452 2559 641 2615 mundo
669 2552 1043 2612 tribulationem
1066 2544 1309 2602 habebitis
1331 2541 1510 2617 (Joan.
1534 2540 1621 2594 l6.
1645 2535 1775 2608 5'5)?

230 2656 289 2710 Tu
312 2669 443 2720 vero,
469 2651 557 2723 qui
588 2651 708 2705 haec
729 2645 885 2709 dicis,
911 2642 1046 2697 forte
1065 2637 1308 2710 adjicies,
1337 2646 1442 2689 non
1474 2628 1778 2702 oportuisse

230 2719 610 2817 illosillagellari.
638 2741 708 2796 At
735 2737 858 2792 vide
884 2734 989 2791 nus
1013 2731 1207 2786 famem
1235 2727 1425 2783 factam
1447 2736 1566 2781 esse
1591 2719 1779 2777 salutis

229 2855 403 2897 cattsam
424 2880 439 2905 ,
467 2838 828 2905 eleemosynre
870 2826 1248 2886 occasionem,
1280 2819 1553 2888 multaque
1593 2813 1779 2871 conci-

232 2933 357 2987 liasse
382 2904 539 2998 bona,
568 2936 629 2983 ut
658 2904 812 2980 vobis
838 2918 1198 2981 conciliasset,
1229 2913 1274 2969 si
1310 2907 1654 2972 voluissetis;
1685 2904 1781 2961 sed

233 3025 456 3080 noluistis.
486 2997 809 3078 Prmdicitur
834 3024 1011 3070 autem
1036 3051 1052 3079 ,
1086 3018 1145 3065 ut
1183 3006 1355 3078 magis
1384 3002 1553 3075 parati
1581 3000 1689 3057 sint
1715 2997 1783 3055 ad

232 3115 607 3187 elcemosynam,
638 3110 764 3183 quia
791 3105 972 3179 gravia
998 3099 1142 3174 passi
1166 3108 1311 3165 sunt,
1341 3095 1608 3168 quierant
1632 3090 1788 3147 Jero—

234 3183 445 3282 solymis;
474 3216 634 3264 antea
665 3212 844 3259 autem
876 3198 1017 3255 fame
1059 3210 1165 3251 non
1192 3189 1530 3249 laborabant.
1562 3186 1632 3241 Et
1657 3183 1785 3240 mit—

237 3274 383 3357 tantur
405 3274 676 3356 Barnabas
704 3304 760 3352 et
784 3292 981 3349 Paulus
1007 3282 1381 3343 ministraturi.
1411 3280 1504 3336 29.
1541 3274 1789 3347 Discipuli

238 3404 368 3449 autem
392 3402 534 3467 prout
559 3391 774 3463 quisque
802 3382 1107 3440 abundabat.
1135 3375 1325 3434 Viden’
1354 3374 1473 3429 illos
1501 3371 1680 3426 statim
1711 3377 1791 3423 at-

238 3502 318 3556 que
347 3461 685 3544 crediderunt
731 3480 959 3536 fructum
1004 3475 1228 3540 tulisse,
1260 3484 1367 3526 non
1406 3469 1472 3523 iis
1511 3464 1673 3521 modo
1700 3461 1789 3533 qui

240 3554 399 3649 prope,
428 3578 518 3634 sed
548 3576 717 3632 etiam
749 3572 814 3626 iis
842 3567 933 3640 qui
975 3565 1160 3638 procul
1191 3560 1382 3619 erant?
1412 3558 1523 3614 Hoc
1551 3555 1680 3611 mihi
1708 3554 1792 3608 vi-

240 3647 363 3725 detur
398 3670 481 3725 hic
518 3668 707 3724 dicere
727 3706 741 3728 ,
770 3658 911 3734 quod
955 3657 1081 3713 alibi
1121 3655 1317 3711 Paulus
1342 3650 1473 3708 dicit
1503 3666 1518 3704 :
1547 3647 1794 3702 Dextera:

242 3762 444 3816 dederunt
470 3759 593 3814 mihi
622 3766 673 3813 et
704 3751 956 3809 Barnabaz
980 3747 1231 3804 societatis
1249 3787 1265 3809 ,
1295 3753 1491 3798 tantum
1520 3745 1576 3791 ut
1605 3749 1796 3808 paupe-

243 3871 328 3907 nun
358 3869 589 3908 memores
620 3863 847 3905 essemus
870 3848 886 3876 ³
923 3841 1065 3917 (Gal.
1091 3840 1148 3894 2.
1178 3836 1232 3894 9.
1264 3835 1378 3908 10).
1409 3834 1639 3889 Tantum
1669 3842 1793 3898 pro-

248 3948 320 4003 fait
342 3949 515 4005 fames.
555 3945 626 4002 Et
652 3942 778 3998 vide
817 3938 937 3994 illos
965 3951 1031 3993 ex
1072 3933 1212 3989 fame
1251 3944 1427 4001 neque
1468 3927 1520 3981 in
1564 3924 1720 3981 ﬂetus
1744 3928 1798 3974 et

252 4040 468 4111 hcrymas
494 4036 764 4107 erupisse,
796 4039 855 4086 nt
891 4043 991 4084 nos
1022 4026 1266 4089 facimus,
1299 4020 1393 4076 sed
1423 4018 1489 4073 ad
1520 4031 1654 4087 opus
1679 4028 1797 4069 ma-

250 4145 376 4200 guum
399 4141 448 4187 et
473 4105 673 4186 bonum
700 4140 761 4181 se
784 4120 1085 4183 dedidisse;
1114 4131 1235 4172 cum
1262 4111 1452 4182 majori
1479 4122 1709 4177 namque
1731 4105 1800 4160 Ii-

254 4196 421 4277 bertate
452 4217 818 4292 praedicabant
845 4211 1088 4268 verbum.
1121 4208 1231 4263 Nec
1259 4203 1529 4267 dicebant,
1557 4200 1685 4266 Nos,
1712 4196 1803 4267 qui

253 4310 452 4383 Cyrenzri
475 4322 528 4369 et
551 4307 737 4383 Cyprii
769 4318 975 4371 sumus,
1010 4303 1147 4356 hanc
1172 4295 1509 4370 aggredimur
1534 4292 1802 4379 civitatem

255 4365 538 4471 splendidam
567 4365 929 4470 cit-magnam;
957 4365 1052 4451 sed
1079 4365 1266 4464 gratiae
1293 4387 1386 4443 Dei
1415 4385 1573 4442 ﬁdem
1607 4365 1808 4437 haben-

258 4502 347 4559 tes,
374 4504 423 4551 et
446 4494 517 4551 illi
544 4491 849 4552 doctrinam
878 4484 1115 4558 aggressi
1155 4487 1318 4547 sunt,
1349 4488 1403 4534 et
1433 4476 1488 4532 hi
1514 4489 1619 4531 non
1650 4471 1805 4528 dedi-

259 4586 373 4652 gnati
407 4594 523 4641 sunt
559 4585 629 4641 ab
674 4583 785 4638 illis
818 4577 1089 4651 quidpiam
1119 4574 1382 4629 ediscere.
1414 4567 1546 4624 Vide
1572 4581 1601 4620 a
1633 4562 1809 4634 parvis

262 4684 306 4730 ει
322 4679 496 4750 exiguis
520 4677 701 4733 omnia
735 4680 967 4744 peracta,
998 4665 1429 4739 praedicationem
1458 4668 1689 4723 auctam,
1716 4670 1810 4710 eos

270 4768 337 4835 qui
360 4769 684 4839 Jernsnlymis
706 4763 894 4822 eadem
919 4775 1041 4816 cum
1068 4757 1186 4811 aliis
1216 4753 1465 4809 omnibus
1492 4750 1808 4812 sentientes,

278 4863 321 4911 et
337 4861 454 4928 quasi
489 4835 643 4915 unam
684 4856 905 4912 domum
945 4850 1132 4906 orbem
1172 4854 1341 4901 totum
1375 4841 1577 4897 haberi.
1608 4835 1809 4893 Audie-

285 4960 378 5001 rant
407 4952 521 5019 quod
564 4947 814 5006 Samaria
854 4941 1147 5025 recepisset
1182 4936 1404 4992 verbum
1429 4973 1444 4999 ,
1473 4941 1529 4987 et
1555 4929 1815 4984 miserunt

289 5036 457 5096 Petrum
478 5055 523 5101 et
544 5045 813 5101 Joannem
844 5055 860 5095 :
887 5020 1171 5091 audierunt
1199 5029 1324 5101 quid
1356 5023 1652 5082 Antiochia:
1676 5020 1816 5077 acci-

288 5127 448 5194 disset.
473 5144 515 5190 et
535 5138 759 5191 mittunt
794 5127 1114 5186 Barnabam.
1151 5123 1370 5178 Multum
1411 5117 1554 5174 enim
1585 5124 1701 5171 erat
1730 5112 1817 5169 iti-

282 5223 398 5278 neris
432 5230 639 5299 spatium
663 5269 680 5295 ,
726 5239 823 5281 nec
859 5218 1141 5293 oportebat
1179 5215 1355 5270 adhuc
1391 5210 1663 5282 apostolos
1693 5206 1818 5263 inde

327 5403 341 5432 ¹
370 5410 458 5455 Post
478 5407 893 5463 verba,memores
914 5409 1142 5463 essemus,
1167 5393 1364 5463 quidam
1385 5380 1705 5463 _Manu_seripti
1730 5385 1818 5463 ad-

280 5450 379 5513 dunt
392 5450 808 5522 ,‘Ealti'éih'c'aoui
826 5450 1025 5514 uiuebat.
1051 5450 1199 5522 atiror'
1217 5458 1341 5522 hanc
1356 5450 1618 5522 clausulam
1653 5450 1701 5522 in
1730 5455 1820 5496 Ma-

281 5511 1086 5592 murripﬁtquni'bnsdaminﬁmam-
1108 5518 1298 5592 haberi.
1323 5515 1609 5592 quidet-nm
1627 5511 1819 5592 rei]:

283 5571 995 5693 grésentEmTfa-cittsitdicatur
1040 5583 1120 5632 hic
1159 5580 1315 5630 adhuc
1336 5571 1570 5626 Iacobum
1597 5571 1820 5622 vixisse?

320 5650 441 5693 ainde
461 5665 574 5693 πίῃ-η
593 5652 660 5693 de
682 5662 779 5693 nuo
801 5647 986 5693 Iacobo
1008 5646 1087 5693 hic
1108 5643 1268 5693 aaitur
1282 5641 1307 5691 ’ἒ
1327 5639 1541 5690 Jacobus
1564 5636 1698 5685 enim
1728 5634 1820 5683 fra-

270 5634 779 5713 .béiiaé'iéi-o’aé'ddd
801 5634 993 5713 Iacobo
1008 5646 1087 5695 hic
1108 5643 1268 5713 agitur
1282 5636 1698 5713 ?_Jaeo‘bus'enim
1723 5634 1823 5713 fra-

284 5712 344 5777 εα
359 5698 717 5777 ,Ιοριιιιῖἔρᾷιιιιξ
730 5698 838 5773 post
869 5707 1030 5777 gladio
1053 5698 1209 5777 αξξυς
1230 5698 1825 5777 fet-tur..1acobusautem

286 5766 407 5837 frater
417 5760 621 5837 θυιῖιιῖἰιῖἷ
632 5760 900 5837 episcopus
925 5766 1344 5837 Jerosolgmorum
1356 5801 1370 5823 ,
1411 5760 1823 5837 infet'ijus‘uneque

289 5818 410 5882 anei
426 5818 618 5887 iniiinii;
641 5818 1094 5885 essnniemoratur.
1120 5818 1192 5877 id
1229 5818 1368 5888 quid
1392 5836 1514 5885 ergo
1535 5821 1712 5888 dicitur
1742 5818 1826 5888 hic

293 5881 476 5946 laetanti
501 5881 696 5948 iiiis;
883 5894 909 5944 Υ
924 5881 984 5943 et
1007 5904 1092 5943 cur
1118 5889 1163 5938 id
1188 5881 1515 5938 auianucnsIts
1548 5881 1826 5933 addiderint

296 5963 364 6005 non
378 5961 486 6008 satis
506 5958 759 6023 perspicio.

3337 467 3435 526 191-
3472 495 3477 499 ’

1849 592 2132 647 discedere
2154 629 2171 657 ,
2204 604 2273 646 ne
2300 588 2506 660 fugitivi
2547 599 2668 642 esse
2713 584 3045 649 viderentur,
3076 593 3130 638 et
3156 599 3186 638 a
3215 583 3329 639 suis
3353 583 3437 638 fn-

1849 684 2010 756 gisse.
2040 683 2190 738 Tunc
2216 690 2394 738 autem
2427 678 2734 737 necessario
2761 678 2993 746 separati
3023 686 3165 740 sunt,
3198 691 3319 731 cum
3349 680 3442 730 de-

1850 792 1998 831 mum
2036 774 2210 831 Judaei
2257 771 2585 828 insanabiles
2621 784 2741 825 esse
2779 766 3109 833 viderentur,
3141 782 3262 822 cum
3303 767 3444 821 bello

1848 865 1958 937 jam
1993 866 2306 920 imminente
2337 861 2514 934 perire
2544 860 2665 915 illos
2691 857 2996 927 oportebat,
3026 873 3149 913 cum
3179 857 3443 912 sententia

1855 957 2058 1026 prolata
2089 964 2173 1011 est
2204 972 2217 1008 :
2246 956 2503 1025 quoniam
2533 950 2786 1023 quamdiu
2836 950 3032 1005 Paulus
3069 949 3294 1007 Romam
3339 964 3443 1002 non

1855 1049 2042 1115 venit,
2075 1048 2184 1103 illic
2210 1056 2384 1103 erant.
2413 1045 2669 1100 Exierunt
2697 1051 2876 1099 autem
2896 1082 2912 1107 ,
2946 1057 3051 1097 non
3077 1040 3217 1111 quod
3250 1039 3446 1094 bellmn

1858 1139 2108 1194 timerent
2135 1155 2149 1192 :
2177 1136 2448 1208 quomodo
2473 1134 2617 1190 enim
2648 1133 2970 1198 timuissent,
2999 1132 3090 1202 qui
3117 1138 3452 1208 Oppugnatu-

1856 1246 1949 1286 ros
1972 1204 2228 1285 adibant?
2251 1228 2570 1298 Bellumque
2598 1226 2812 1282 demum
2841 1224 3069 1281 infertur
3088 1225 3197 1295 jam
3228 1204 3452 1277 mortuis

1859 1322 2138 1392 apostolis,
2167 1330 2223 1377 et
2247 1320 2388 1391 quod
2413 1320 2481 1375 de
2510 1320 2615 1376 illis
2643 1319 2845 1374 dictum
2875 1326 2992 1373 erat
3014 1316 3194 1373 evenit
3223 1334 3237 1369 :
3265 1314 3454 1370 Perue-

1810 1422 1811 1425 ‘
1859 1416 1934 1468 nit
1960 1429 2114 1485 super
2150 1412 2269 1468 tua:
2292 1412 2372 1467 ira
2398 1413 2453 1466 in
2483 1412 2636 1481 ﬁnem
2665 1412 2686 1482 (
2704 1410 2757 1467 1.
2788 1408 2965 1463 Thess.
2999 1408 3054 1463 2.
3088 1406 3155 1462 16
3175 1408 3214 1477 ).
3243 1407 3453 1473 Quanto

1861 1506 2023 1577 igitur
2046 1505 2386 1561 obscuriores
2412 1511 2589 1568 erant,
2621 1511 2769 1557 tanto
2799 1500 2968 1571 magis
2992 1499 3162 1571 gratia
3201 1496 3451 1567 fulgebat,

1862 1611 1959 1666 per
1978 1595 2199 1667 exiguos
2223 1610 2417 1667 magna
2444 1593 2668 1650 faciens.
2691 1592 2797 1649 Sed
2825 1591 3101 1662 superiora
3124 1599 3455 1660 repetamus.

1867 1686 2183 1744 Hortabatur
2205 1704 2398 1751 omnes,
2430 1686 2620 1756 inquit,
2651 1693 2705 1738 ut
2735 1690 3087 1754 permanerent
3111 1681 3165 1736 in
3195 1680 3415 1735 Domino
3440 1720 3454 1735 .

1864 1782 1985 1853 quia
2013 1791 2121 1836 erat
2149 1781 2225 1835 uir
2250 1779 2434 1835 bonus.
2463 1778 2692 1834 Videtur
2720 1775 2847 1830 mihi
2889 1776 3084 1831 bonum
3116 1774 3298 1829 dicere
3326 1773 3460 1829 sim-

1866 1874 2059 1946 plicem
2080 1915 2095 1937 ,
2128 1887 2236 1928 non
2263 1870 2570 1926 simulatum
2590 1910 2606 1933 ,
2634 1870 2724 1938 qui
2758 1867 2984 1937 proximi
3014 1867 3242 1922 salutem
3272 1864 3463 1919 admo-

1868 1967 1995 2024 dum
2033 1974 2275 2037 cuperet.
2298 1963 2434 2047 'Non
2475 1962 2636 2018 modo
2663 1970 2842 2016 autem
2872 1960 2951 2014 vir
2980 1959 3153 2013 bonus
3182 1965 3298 2015 erat
3320 1997 3336 2022 ,
3366 1955 3462 2011 sed

1869 2073 1926 2120 et
1967 2062 2158 2134 plenus
2195 2059 2394 2130 Spiritu
2437 2064 2625 2112 sancto
2666 2064 2722 2110 et
2765 2053 2892 2109 fide.
2922 2052 3048 2107 Ideo
3083 2066 3150 2106 ex
3192 2047 3466 2120 proposito

1871 2155 2053 2212 cordis
2091 2167 2283 2208 omnes
2327 2149 2678 2214 hortabatur;
2722 2147 2773 2203 id
2813 2134 2931 2211 est,
2970 2159 3091 2200 cum
3130 2141 3378 2197 cncomio
3414 2147 3469 2195 et

1873 2248 2052 2306 laude.
2083 2247 2150 2303 Et
2169 2245 2446 2302 considera
2468 2241 2632 2313 quod,
2656 2250 2707 2297 ut
2731 2249 2875 2297 terra
2904 2238 3133 2310 pinguis,
3162 2250 3469 2291 sermonem

1875 2341 2083 2413 accepit
2106 2339 2222 2395 haec
2247 2338 2457 2405 civitas,
2481 2346 2534 2392 et
2563 2333 2791 2390 fructum
2824 2332 3049 2387 multum
3074 2327 3337 2385 exhibuit.
3364 2327 3471 2382 Cur

1877 2443 2056 2490 autem
2085 2431 2254 2487 Tarso
2281 2430 2501 2487 Saulum
2532 2426 2806 2482 Barnabas
2832 2422 3071 2487 abduxit,
3097 2431 3151 2476 et
3177 2420 3281 2475 huc
3308 2417 3474 2474 dedu-

1879 2528 1999 2583 xit?
2030 2526 2145 2582 Non
2172 2526 2288 2580 sine
2315 2537 2498 2590 causa,
2529 2520 2623 2577 sed
2651 2519 2773 2592 quia
2801 2518 2888 2573 hic
2918 2517 3056 2572 bona
3088 2529 3233 2585 spes.
3262 2512 3477 2568 civitas-

1879 2635 1986 2690 que
2015 2617 2187 2687 major
2215 2624 2369 2680 erat,
2400 2629 2466 2668 ac
2500 2626 2692 2683 magna
2735 2606 3044 2664 multitudo.
3074 2603 3323 2661 Vidistin’
3351 2618 3476 2676 gra-

1884 2711 2010 2766 tiam
2052 2708 2233 2762 omnia
2280 2705 2492 2776 operari
2518 2743 2536 2772 ,
2585 2718 2690 2758 non
2738 2700 3004 2756 Paulum?
3047 2706 3103 2754 et
3143 2696 3410 2768 quomodo
3446 2711 3478 2750 a

1885 2801 2062 2873 parvis
2093 2816 2180 2855 res
2208 2805 2383 2868 empta
2410 2796 2520 2862 sit;
2551 2794 2641 2850 ubi
2668 2803 2844 2849 autem
2872 2789 3155 2855 inclaruit,
3188 2799 3315 2843 tunc
3341 2789 3479 2842 mitti

1886 2892 2225 2950 Barnabam?
2254 2892 2320 2947 Et
2343 2906 2438 2947 cur
2469 2905 2574 2945 non
2603 2899 2729 2943 ante
2757 2886 3018 2941 miserunt
3046 2883 3236 2939 illum?
3263 2881 3481 2936 Multam

1890 3002 2068 3044 rerum
2093 2985 2160 3041 ad
2190 2999 2251 3040 se
2277 2983 2635 3055 spectantium
2663 2993 2846 3035 curam
2876 2975 3173 3040 habebant,
3205 2988 3305 3029 nec
3333 2975 3487 3028 vole-
3536 3005 3541 3010 -

1889 3081 2018 3137 bant
2058 3078 2257 3136 Iudaeis
2297 3073 2587 3133 accusandi
2617 3089 2676 3128 se
2714 3071 2890 3127 locum
2929 3067 3061 3123 dare
3083 3108 3097 3134 ,
3125 3064 3267 3137 quod
3297 3072 3488 3135 gentes

1889 3175 2262 3240 admitterent;
2282 3170 2381 3227 etsi
2400 3169 2521 3242 quia
2545 3167 2675 3239 ipsis
2698 3162 3003 3220 necessario
3018 3159 3292 3216 commisti
3309 3167 3484 3223 erant,

1891 3271 2014 3341 quia
2041 3265 2358 3338 disceptatio
2387 3260 2628 3335 qumdam
2660 3260 2832 3313 futura
2860 3262 2977 3311 erat
3006 3254 3146 3308 inter
3172 3252 3291 3306 illos
3315 3294 3328 3314 ,
3358 3250 3491 3305 Cor-

1894 3363 2019 3420 uelii
2045 3371 2256 3433 gesmm
2283 3354 2576 3429 praecessit.
2607 3352 2758 3407 Tune
2784 3348 2944 3405 etiam
2972 3347 3155 3402 dicunt
3180 3364 3192 3399 :
3216 3344 3286 3400 Ut
3313 3359 3411 3400 nos
3437 3343 3490 3397 in

1893 3463 2119 3527 gentes,
2165 3452 2266 3523 ipsi
2312 3464 2442 3506 vero
2490 3449 2542 3501 in
2588 3441 3073 3499 circumcisionem.
3115 3438 3182 3493 Et
3222 3435 3494 3506 perpende

1895 3562 2055 3619 quam
2099 3542 2413 3613 tempestive
2449 3537 2740 3594 necessitas
2768 3534 2922 3589 lamis
2949 3531 3492 3587 communicationem

1898 3640 2042 3694 illam
2074 3635 2332 3708 gentium,
2365 3631 2429 3687 iis
2457 3629 2547 3700 qui
2576 3624 2929 3696 Jerrsolymis
2956 3632 3109 3679 erant
3140 3621 3380 3686 missam,
3416 3620 3496 3673 in.

1864 3796 1879 3811 κ
1899 3727 2129 3783 duxerit.
2158 3722 2449 3792 Accipiunt
2469 3729 2648 3774 autem
2676 3715 2745 3770 ab
2773 3715 2894 3781 illis,
2928 3713 3016 3783 qui
3050 3728 3179 3779 non,
3208 3712 3348 3766 sicut
3372 3725 3492 3776 nos,

1901 3819 1958 3874 in
1985 3817 2131 3873 luctu
2165 3813 2501 3870 calamitates
2532 3810 2814 3875 ferebant,
2844 3806 2937 3861 scd
2966 3820 3086 3860 cum
3119 3804 3308 3873 majori
3339 3817 3497 3858 secu-

1903 3910 2082 3975 ritate,
2109 3914 2293 3976 utpote
2317 3904 2405 3975 qtti
2433 3901 2616 3974 procul
2644 3907 2827 3955 essent
2851 3898 2918 3952 ab
2945 3897 3031 3961 iis,
3060 3895 3149 3967 qui
3178 3893 3501 3965 impedirent

1905 4002 2082 4072 ipsos,
2110 4006 2166 4054 et
2192 3999 2332 4053 inter
2358 3994 2602 4050 homines
2629 3998 2808 4047 essent
2830 4031 2846 4057 ,
2875 3988 2964 4060 qui
2994 4003 3100 4042 non
3131 3986 3382 4042 timerent
3404 3983 3501 4039 Ju—

1906 4095 2055 4150 diBOS
2077 4111 2091 4147 :
2116 4089 2258 4162 quod
2287 4088 2461 4159 ipsum
2489 4100 2596 4140 non
2623 4097 2811 4153 parum
2835 4078 3188 4136 conducebat.
3213 4076 3318 4132 Sed
3341 4076 3502 4131 etiam

1908 4188 1962 4242 in
1992 4184 2226 4258 Cyprum
2272 4180 2607 4251 migrarunt,
2639 4175 2732 4230 ubi
2760 4187 2951 4245 magna
2979 4170 3247 4243 securitas
3272 4179 3385 4223 erat
3405 4209 3419 4231 ,
3448 4179 3506 4225 et

1909 4277 2082 4348 major
2110 4274 2351 4330 libertas.
2382 4268 2592 4323 Nemini
2615 4308 2630 4335 ,
2665 4265 2876 4337 inquit,
2906 4262 3238 4335 loquebantur
3266 4260 3467 4315 verbum
3488 4302 3502 4325 ,

1910 4369 2009 4425 nisi
2032 4366 2255 4423 Judwt’s.
2292 4363 2407 4418 Non
2451 4360 2522 4416 ob
2562 4367 2762 4415 metum
2804 4355 3118 4419 hominum,
3150 4367 3307 4423 quem
3354 4351 3508 4407 nihili

1914 4460 2063 4517 facie!
2085 4467 2178 4513 ant
2202 4474 2217 4522 ;
2249 4454 2344 4512 sed
2372 4454 2550 4524 legem
2578 4456 2889 4513 servantes,
2918 4456 2973 4502 et
2999 4446 3147 4516 ipsos
3171 4443 3346 4499 adhuc
3376 4443 3509 4498 tole-

1915 4561 2118 4611 rantes.
2148 4550 2310 4604 Erant
2335 4554 2503 4602 autem
2530 4543 2740 4617 quidam
2766 4538 3051 4594 Antiochiae
3076 4534 3253 4607 Cyprii
3280 4544 3326 4589 et
3355 4533 3511 4605 Cyre-

1915 4646 2033 4702 mei.
2064 4642 2124 4698 lli
2155 4640 2389 4696 maxime
2415 4652 2520 4692 non
2547 4633 2809 4690 curabant
2832 4629 3067 4687 Judrcos.
3101 4626 3202 4693 Qui
3231 4626 3509 4697 loqueban-

1919 4749 2000 4793 tur
2019 4738 2086 4791 ad
2103 4735 2328 4800 ercos,
2348 4729 2707 4784 annuntiantcs
2727 4724 3001 4779 Dominum
3021 4720 3221 4775 Iasum.
3246 4718 3514 4774 Fortassis

1918 4828 2058 4901 quod
2086 4825 2354 4883 nescirent
2376 4819 2665 4887 llebraice,
2689 4817 2905 4874 Graecos
2933 4814 3054 4869 illos
3078 4812 3360 4867 vocabant.
3387 4810 3515 4865 Cum

1919 4921 2152 4986 venisset,
2186 4916 2378 4988 inquit,
2405 4911 2690 4976 Barnabas,
2719 4918 2765 4965 et
2795 4907 2998 4963 ridisset
3027 4905 3243 4978 gratiam
3268 4904 3383 4970 Dei,
3408 4919 3514 4959 non

1922 5012 2250 5086 diligentiam
2294 5009 2570 5065 hominum
2593 5047 2609 5073 ,
2639 5002 2937 5058 hortabatur
2975 5001 3095 5055 illos
3138 5014 3432 5070 permanere
3464 4996 3517 5050 in

1923 5107 2163 5162 Domino.
2196 5104 2361 5159 Forte
2385 5099 2529 5171 quod
2558 5096 2801 5154 laudaret
2842 5092 3049 5148 turbam
3076 5099 3131 5146 et
3157 5089 3514 5161 approbaret,

1926 5198 2048 5254 ideo
2077 5197 2258 5268 plures
2283 5191 2572 5249 convertit.
2605 5189 2669 5244 Et
2701 5200 2869 5257 quare
2909 5200 3013 5238 non
3046 5182 3213 5237 Paulo
3240 5180 3514 5239 scribunt,

1925 5290 2018 5346 sed
2052 5285 2348 5343 Barnabam
2379 5280 2633 5338 mittunt?
2660 5277 2906 5334 Nondum
2937 5275 3032 5330 viri
3060 5274 3310 5327 virtutem
3354 5283 3519 5323 nove-

1929 5389 2080 5445 rant;
2112 5378 2339 5447 ideoque
2378 5372 2631 5429 statuitur
2670 5378 2728 5425 ιιι
2764 5367 3038 5424 Barnabas
3071 5373 3274 5418 tantum
3303 5357 3522 5430 proﬁci-

1928 5482 2191 5529 sceretur.
2213 5470 2346 5538 Quia
2369 5483 2496 5523 vero
2517 5473 2572 5520 et
2596 5460 2881 5518 multitudo
2901 5469 3037 5520 erat,
3061 5466 3110 5511 et
3134 5470 3291 5509 nemo
3313 5450 3523 5516 eberat,

1930 5564 2052 5619 ideo
2079 5562 2233 5617 facile
2262 5559 2394 5614 ﬁdes
2417 5553 2769 5628 germinavit,
2798 5549 3030 5604 maxime
3058 5546 3182 5617 quia
3212 5542 3412 5598 nullam
3441 5540 3528 5594 hic

1933 5657 2175 5714 ferebant
2201 5652 2572 5713 tentationem,
2601 5653 2656 5701 et
2682 5644 2805 5714 quia
2832 5641 3030 5695 Paulus
3055 5631 3399 5708 pradicabat,
3428 5646 3530 5687 nec

1928 5748 2039 5820 jam
2085 5746 2267 5817 fugere
2314 5739 2623 5812 cogebatur.
2666 5735 2836 5790 Recte
2870 5740 3050 5786 autem
3092 5743 3197 5783 non
3226 5724 3302 5783 illi
3332 5720 3531 5783 famem

1937 5816 2263 5913 praedicunt,
2296 5833 2390 5890 sed
2439 5828 2716 5902 propheta:
2736 5868 2751 5894 ,
2780 5840 2848 5881 nc
2879 5822 3095 5880 onerosi
3127 5819 3202 5875 illi
3230 5833 3352 5876 esse
3377 5816 3531 5871 vide-

1940 5905 2148 5991 rentur.
2180 5926 2358 5984 Mirari
2396 5937 2524 5980 vero
2558 5918 2735 5987 subit,
2765 5932 2864 5974 cur
2895 5911 3217 5973 Antiocheni
3255 5905 3407 5985 quasi
3433 5905 3531 5963 de-
