4112 6490
508 482 611 541 195

508 602 674 673 specti
705 617 810 658 non
841 602 1273 673 indignarentur,
1303 600 1399 655 sed
1429 596 1666 653 contenti
1700 600 1885 650 essent
1912 588 2084 646 docto

507 693 653 750 ribus
682 712 697 751 :
722 704 794 750 tta
821 709 1012 750 omnes
1042 692 1319 749 fervebant
1354 704 1478 760 erga
1510 699 1835 742 sermonem.
1861 681 1964 750 Qui
1993 692 2100 733 non

505 796 816 857 exspectato
846 786 1003 843 famis
1032 794 1294 856 tempore,
1322 781 1516 863 singuli
1543 796 1639 852 pro
1664 777 1917 835 facultate
1937 773 2100 828 mise-

508 887 652 933 runt.

577 972 631 1027 3.
664 972 734 1027 Et
761 972 1007 1039 observa,
1037 971 1180 1043 quod
1211 970 1350 1026 inter
1370 967 1644 1038 apostolos
1670 965 1788 1022 aliis
1818 964 1920 1018 hoc
1946 976 2099 1018 com-

506 1062 775 1126 mittitur;
826 1063 913 1119 hic
954 1079 1083 1118 vero
1122 1063 1316 1118 Paulus
1351 1069 1406 1115 et
1447 1057 1719 1115 Barnabas
1755 1056 2095 1124 deputantur.

507 1156 617 1211 Nec
643 1157 760 1212 sine
791 1156 940 1228 gravi
979 1172 1138 1212 causa
1175 1155 1226 1211 id
1256 1155 1529 1226 provisum
1558 1160 1640 1207 est
1666 1169 1679 1206 :
1706 1149 1942 1218 alioquin
1972 1158 2100 1200 vero

507 1247 718 1302 initium
737 1257 878 1316 erat,
906 1256 1139 1318 tuncque
1172 1261 1277 1300 non
1302 1244 1587 1326 oportebat
1613 1240 1830 1297 offendi.
1863 1239 1931 1291 At
1960 1249 2102 1291 nunc

507 1353 668 1393 neruo
702 1338 753 1393 id
789 1338 946 1405 facit,
976 1339 1102 1396 licet
1129 1337 1301 1392 fames
1333 1336 1404 1392 sit
1437 1336 1524 1390 illa
1552 1333 1785 1405 gravior.
1815 1329 1930 1386 Non
1955 1326 2098 1381 enim

507 1443 607 1499 par
640 1444 728 1485 res
768 1439 854 1484 cst
894 1443 1237 1485 communem
1281 1420 1425 1484 ferre
1460 1425 1816 1482 calamitatem
1841 1464 1856 1485 ,
1888 1429 1940 1473 et
1971 1418 2099 1473 dum

507 1533 697 1573 omnes
720 1518 1047 1574 abundantia
1070 1519 1339 1586 fruuntur,
1363 1515 1712 1588 pauperiores
1733 1522 1935 1568 tantum
1960 1510 2100 1564 fame

507 1612 773 1668 laborare.
806 1612 957 1669 Tune
1000 1610 1168 1667 fames
1197 1620 1316 1667 erat
1339 1651 1353 1677 ,
1384 1618 1440 1665 et
1477 1608 1567 1679 qui
1601 1607 1799 1663 dabant
1837 1615 2100 1675 pauperes

507 1702 640 1773 (Pro
669 1704 910 1775 facultate
934 1719 1027 1758 sua
1063 1704 1287 1775 singuli,
1314 1702 1508 1773 inquit)
1539 1719 1553 1756 :
1582 1714 1722 1755 nunc
1747 1715 1875 1754 vero
1901 1697 2097 1767 duplex

506 1807 588 1851 est
620 1795 811 1864 fames,
843 1799 982 1852 sicut
1010 1806 1064 1852 et
1089 1797 1286 1867 duplex
1316 1792 1641 1849 abundantia
1668 1809 1682 1846 :
1709 1792 1875 1847 fames
1898 1788 2095 1861 gravis,

508 1889 704 1956 fames,
740 1905 846 1944 non
882 1889 1131 1945 audiendi
1170 1891 1390 1944 verbum
1436 1886 1677 1953 Domini,
1708 1885 1805 1941 sed
1835 1900 1932 1955 per
1955 1886 2098 1938 elec-

506 1996 785 2052 mosynam
823 1980 998 2036 cibum
1039 1979 1360 2050 accipiendi.
1406 1979 1557 2034 Tunc
1600 1986 1655 2033 et
1690 1979 1777 2048 qui
1823 1976 1873 2031 in
1914 1973 2096 2031 Judaea

505 2086 766 2142 pauperes
789 2057 963 2140 erant,
986 2083 1040 2129 et
1063 2072 1154 2144 qui
1184 2072 1482 2128 Antiochia:
1506 2069 1759 2140 pecunias
1783 2066 2095 2138 erogabant,

505 2164 645 2219 homo
674 2164 984 2221 fruebantur
1009 2181 1024 2231 ;
1053 2174 1109 2220 et
1138 2164 1189 2218 hi
1224 2166 1393 2234 magis
1422 2178 1580 2235 quam
1610 2161 1683 2216 illi
1713 2179 1726 2215 :
1754 2174 1891 2215 nunc
1918 2168 2096 2213 autem

503 2266 558 2311 et
585 2270 683 2310 uos
711 2267 763 2312 et
786 2270 1052 2328 pauperes
1081 2257 1133 2310 in
1164 2255 1304 2311 fame
1328 2272 1342 2309 :
1370 2255 1446 2310 illi
1470 2253 1613 2326 quod
1644 2251 1950 2309 necessario
1975 2250 2098 2305 cibo

504 2358 715 2420 egeant,
748 2364 850 2405 nos
874 2350 1015 2420 quod
1045 2348 1098 2405 in
1126 2347 1757 2423 pemiriamisericordiaz
1787 2347 1878 2401 Dei
1909 2344 2096 2400 simus.

508 2440 618 2494 lloe
640 2440 761 2496 cibo
789 2440 922 2495 nihil
943 2442 1113 2512 magis
1136 2440 1498 2497 necessarium
1521 2439 1698 2495 fuerit.
1723 2438 1822 2494 llic
1843 2452 1948 2492 non
1973 2435 2100 2491 sub-

502 2541 699 2587 euntur
725 2532 894 2599 mala,
928 2548 1047 2603 quae
1084 2547 1149 2588 ex
1192 2533 1470 2589 saturitate
1493 2532 1740 2587 oriuntur
1767 2547 1780 2585 :
1812 2530 1967 2599 hujus
1991 2528 2096 2584 cibi

503 2637 613 2677 non
642 2626 693 2677 in
723 2638 997 2678 secessum
1022 2624 1286 2678 emittitur
1307 2638 1429 2694 pars
1454 2621 1707 2677 maxima.
1729 2621 1870 2676 Nihil
1897 2620 2098 2676 formo-

500 2716 615 2770 sius
637 2753 654 2780 ,
688 2715 820 2770 nihil
851 2715 1035 2769 sanius
1061 2716 1238 2770 anima
1270 2731 1389 2786 qua:
1417 2715 1496 2770 sic
1530 2715 1727 2780 alitur;
1756 2712 1901 2769 omni
1931 2726 2098 2782 supe-

500 2805 611 2861 rior
635 2815 719 2861 est
745 2806 956 2874 morbo,
984 2807 1126 2860 omni
1156 2804 1318 2873 fame,
1349 2805 1493 2861 omni
1523 2803 1841 2876 intemperie
1864 2811 1919 2858 et
1943 2800 2101 2874 nigri-

501 2897 684 2954 tudine
715 2915 729 2951 :
758 2912 918 2953 nemo
958 2897 1104 2952 illam
1160 2912 1355 2968 capere
1395 2899 1629 2968 poterit;
1682 2896 1780 2952 sed
1817 2897 1955 2952 sicut
1994 2894 2096 2950 ad-

496 2989 831 3045 amantinum
854 3005 1051 3060 corpus
1070 3004 1177 3045 non
1199 2990 1396 3044 ferrum
1419 2990 1628 3045 credere
1641 2989 1801 3052 valet,
1826 3002 1932 3043 non
1954 2987 2096 3042 aliud

496 3082 708 3151 quidvis
736 3100 750 3137 :
778 3084 858 3138 sic
888 3099 987 3137 nec
1017 3084 1252 3137 animam
1278 3083 1618 3153 eleemosyna
1645 3081 1909 3137 firmatam
1935 3081 2096 3152 quid-

499 3176 580 3229 vis
607 3189 805 3244 capere
835 3175 1050 3242 poterit.
1077 3174 1251 3240 Quid,
1281 3189 1496 3245 quaeso,
1532 3175 1676 3229 illam
1705 3189 1898 3244 capere
1928 3174 2098 3243 possit

499 3266 791 3337 umquam?
822 3266 1145 3336 paupertas?
1174 3266 1425 3333 Minime;
1454 3266 1505 3320 in
1538 3267 1699 3336 regiis
1724 3267 1867 3322 enim
1898 3281 2097 3336 penua-

498 3359 593 3414 riis
635 3358 804 3428 posite
837 3365 938 3413 est.
984 3357 1067 3413 An
1106 3358 1190 3411 fur
1224 3366 1279 3412 et
1318 3358 1497 3412 latro?
1528 3358 1633 3414 Sed
1663 3358 1785 3414 illos
1817 3358 2096 3428 perfodere

500 3452 734 3521 parietes
762 3466 923 3506 nemo
953 3451 1113 3506 valet.
1147 3452 1229 3504 An
1256 3452 1494 3506 vermis?
1523 3450 1628 3506 Sed
1662 3454 1761 3505 hac
1788 3452 1945 3507 etiam
1977 3466 2099 3520 per-

500 3544 640 3599 nicie
669 3543 916 3615 superior
939 3551 1023 3598 est
1049 3541 1140 3597 hic
1162 3543 1467 3597 thesaurus.
1491 3542 1576 3597 An
1600 3543 1759 3597 timor
1782 3551 1838 3597 et
1862 3543 2097 3597 invidia?

498 3636 570 3689 At
598 3651 702 3689 non
738 3634 821 3689 his
849 3634 1080 3704 capitur.
1122 3632 1502 3704 Syc0pbantiue
1545 3643 1599 3689 et
1633 3633 1877 3689 insidiae?
1913 3633 2097 3703 Neque

499 3727 639 3795 illaz;
670 3727 951 3782 thesaurus
978 3726 1173 3796 quippe
1195 3735 1278 3781 est
1307 3725 1636 3781 inaccessas.
1667 3722 1774 3781 Sed
1803 3736 1957 3795 turpe
1982 3726 2096 3780 fue-

501 3820 598 3884 rit,
629 3821 672 3873 si
705 3818 819 3873 haec
847 3818 1022 3873 solum
1047 3834 1164 3889 qua:
1191 3818 1547 3890 eleemosynze
1578 3817 1759 3872 insunt
1784 3817 2094 3884 ostendero,

499 3911 678 3966 missis
720 3912 783 3966 iis
821 3926 941 3982 qua:
985 3911 1254 3965 contraria
1291 3909 1393 3964 illis
1431 3917 1577 3965 sunt.
1608 3906 1725 3965 Non
1756 3909 1920 3964 modo
1951 3911 2093 3965 cnim

502 4002 592 4056 illa
627 4003 695 4058 ab
734 4002 879 4057 omni
928 4001 1125 4057 invidia
1168 4012 1255 4056 est
1284 4001 1451 4058 libera
1473 4042 1489 4068 ,
1516 4001 1613 4056 sed
1643 4009 1696 4056 et
1725 4000 2097 4057 benedictione

501 4094 694 4148 fruitur
733 4094 898 4147 mtdta
926 4093 994 4148 ab
1024 4093 1122 4159 iis,
1151 4094 1244 4164 qui
1286 4094 1430 4148 illam
1458 4092 1745 4165 accipiunt.
1775 4093 1926 4149 Sicut
1953 4093 2092 4147 enim

503 4186 778 4241 inhumani
808 4196 860 4240 et
889 4184 1136 4261 crudeles
1167 4201 1275 4240 non
1302 4185 1463 4241 laesos
1487 4185 1661 4240 solum
1693 4184 1893 4240 habent
1922 4182 2098 4239 inimi-

499 4293 632 4346 ,
660 4278 754 4333 sed
782 4281 943 4334 etiam
971 4291 1095 4346 eos,
1126 4277 1216 4348 qui
1246 4276 1376 4332 nihil
1415 4277 1538 4332 mali
1569 4278 1710 4347 passi
1743 4277 1900 4332 laesos
1931 4277 2096 4331 mise-

500 4380 709 4437 rantur,
739 4370 1168 4442 inhumanosque
1193 4379 1449 4426 accusant
1477 4389 1490 4426 :
1517 4371 1594 4426 sic
1617 4370 1706 4440 qui
1737 4371 1943 4442 magnis
1968 4368 2100 4425 affe-

499 4479 626 4519 cere
654 4466 827 4529 bonis,
853 4480 961 4521 non
990 4480 1085 4521 eos
1109 4466 1198 4536 qui
1221 4479 1483 4536 accepere
1513 4472 1740 4533 tantum,
1764 4466 1857 4521 sed
1884 4474 1940 4522 et
1963 4466 2098 4522 alios

504 4553 704 4610 habent
725 4556 1049 4612 laudatores.
1078 4557 1215 4624 Quid
1245 4559 1312 4612 ab
1340 4558 1536 4612 invidia
1564 4559 1760 4613 liberos
1791 4561 1913 4614 dico
1937 4561 1990 4614 "t
2016 4558 2099 4613 Ab

507 4645 909 4703 insidiatoribus
948 4649 1110 4703 etiam
1131 4690 1146 4717 ,
1177 4648 1380 4705 furibus
1415 4660 1468 4706 et
1507 4652 1769 4721 parietum
1798 4651 2098 4707 cfiractori-

504 4739 608 4794 bus
637 4740 952 4797 liberantur.
981 4740 1164 4814 Neque
1190 4742 1291 4799 hoc
1313 4744 1487 4799 solum
1515 4744 1656 4800 inest
1676 4744 1800 4800 boni
1825 4762 1840 4811 ;
1869 4744 1964 4801 sed
1991 4760 2097 4800 non

506 4834 669 4889 modo
696 4849 801 4890 non
830 4835 1086 4890 minuitur
1110 4836 1407 4891 substantia
1429 4878 1443 4901 ,
1472 4848 1660 4891 verum
1688 4837 1848 4892 etiam
1875 4848 2101 4908 augetur

505 4936 561 4981 et
591 4927 806 4981 crescit.
834 4926 973 4994 Quid
1002 4927 1527 4985 Nabuchodonosore
1563 4929 1810 4999 turpius?
1848 4930 1973 4999 quid
2007 4929 2102 4985 fa:-

502 5018 669 5074 dins?
695 5018 820 5088 quid
864 5018 1129 5087 iniquius?
1166 5020 1362 5090 Impius
1390 5028 1504 5076 erat
1535 5019 1698 5074 homo
1729 5036 1743 5074 :
1781 5020 1924 5075 mille
1961 5020 2100 5075 indi-

504 5113 585 5167 cia
606 5152 623 5179 ,
657 5110 804 5165 mille
832 5110 982 5180 signa
1016 5111 1184 5179 vidit,
1216 5120 1272 5167 et
1310 5113 1627 5183 resipiscere
1656 5113 1857 5178 noluit;
1885 5113 1978 5168 sed
2009 5112 2100 5167 Dei

507 5218 694 5259 servos
723 5220 774 5257 Ill
804 5201 1073 5258 caminum
1098 5203 1297 5272 injecit,
1324 5204 1531 5259 etiamsi
1567 5213 1749 5272 postea
1778 5204 2099 5261 adoraverit.

504 5299 641 5367 Quid
682 5298 841 5369 igitur
880 5296 1175 5367 propheta?
1212 5295 1324 5351 Item
1347 5338 1362 5363 ,
1400 5294 1666 5351 consilium
1704 5314 1869 5352 meum
1909 5298 2104 5367 placeat

507 5393 593 5449 tibi
623 5410 642 5446 :
668 5401 875 5464 percute
906 5401 994 5445 tua
1020 5390 1347 5462 eleentOsynis
1366 5390 1573 5458 redime,
1601 5402 1647 5444 et
1673 5391 1963 5461 iniquitates
1993 5400 2106 5444 tuas

507 5485 912 5540 miserationibus
953 5500 1231 5556 pauperum
1260 5498 1278 5537 :
1303 5483 1439 5549 forte
1477 5485 1568 5539 erit
1604 5485 1748 5539 venia
1786 5484 1981 5539 delictis
2008 5484 2105 5538 tuis

509 5576 667 5644 (Dan.
702 5578 754 5633 4.
786 5576 902 5649 ).
939 5578 1062 5631 li:cc
1090 5578 1161 5631 ita
1187 5577 1321 5632 dixit
1350 5593 1455 5632 non
1484 5576 1733 5632 dubitans
1762 5576 1938 5648 (valde
1962 5574 2103 5631 enim

513 5668 607 5722 sibi
641 5684 951 5737 persuasum
977 5669 1142 5740 erat),
1170 5670 1264 5725 sed
1292 5679 1345 5723 ut
1376 5669 1526 5723 illuni
1559 5669 1609 5723 in
1637 5668 1892 5739 majorem
1922 5666 2104 5737 injice-

512 5769 597 5813 ret
623 5761 868 5816 timorem
889 5804 903 5828 ,
930 5772 985 5818 et
1011 5762 1267 5833 majorem
1300 5762 1417 5818 haec
1449 5760 1675 5817 faciendi
1706 5762 2104 5817 necessitatem.

628 5899 767 5951 Alius
787 5899 911 5961 haec,
934 5899 1051 5963 quid
1072 5900 1134 5952 ab
1155 5900 1338 5955 invidia
1363 5901 1539 5955 liberos
1556 5900 1697 5964 dico,
1721 5900 1903 5952 omisit.

1181 436 1241 536 .
1278 474 1558 535 JOANNIS
2108 464 2427 523 .
2463 465 2997 526 CUNSTANTINOP.

3701 468 3809 527 196

2213 584 2349 640 Nam
2373 586 2418 640 si
2443 585 2763 640 affirmando
2797 585 3057 650 dixisset,
3087 582 3441 655 negligentior
3468 584 3554 640 ille
3583 583 3803 643 fuisset.

2205 675 2297 755 Sic
2319 685 2375 732 et
2399 692 2496 733 nos
2522 687 2648 732 tunc
2676 679 2906 733 maxime
2930 676 3188 748 quosdam
3218 690 3490 757 urgemus,
3515 694 3639 734 cum
3666 681 3794 736 diei-

2205 785 2324 825 mus
2349 788 2363 825 :
2392 770 2617 826 llnrtare
2648 771 2795 825 illum
2825 771 3019 835 talem;
3049 785 3149 825 nec
3171 768 3442 838 addimus,
3470 770 3621 826 illum
3648 774 3797 829 audi-

2205 873 2382 919 turum
2406 880 2625 932 prorsus
2643 880 2785 931 esse,
2816 865 2932 931 sed,
2959 864 3187 922 fortasse
3212 866 3518 922 auditurum
3544 886 3558 922 :
3584 884 3707 923 nam
3732 884 3797 923 ex

2203 954 2540 1011 dubitatione
2577 956 2748 1024 major
2781 966 2931 1011 ortus
2968 956 3159 1022 timor,
3193 957 3361 1027 magis
3391 959 3637 1028 impellit.
3672 960 3799 1016 Ideo

2206 1045 2257 1100 id
2291 1045 2362 1100 illi
2393 1061 2498 1100 non
2528 1047 2868 1102 manifestum
2898 1048 3043 1103 fecit.
3073 1049 3209 1116 Quid
3238 1050 3371 1105 dicis
3441 1053 3673 1108 tantisne
3698 1052 3799 1107 im-

2206 1137 2494 1208 pietatibus
2521 1141 2624 1194 crit
2655 1140 2853 1193 venia?
2880 1140 3076 1195 Etiam.

2280 1230 2445 1286 Omne
2470 1242 2730 1302 peccatum
2763 1243 2837 1289 cst
2875 1235 3190 1307 eleemosyna
3218 1238 3448 1309 inferius.
3570 1240 3686 1296 Non
3712 1250 3798 1298 cst

2205 1335 2482 1397 peccatum
2507 1368 2523 1393 ,
2555 1326 2696 1397 quod
2744 1344 2850 1383 non
2893 1331 3061 1400 possit
3102 1332 3440 1405 elcemosyna
3487 1348 3711 1406 purgare
3740 1345 3797 1392 ct

2205 1421 2547 1491 exstinguere
2586 1437 2603 1476 :
2642 1437 2802 1479 omne
2849 1434 3122 1493 precatum
3168 1437 3251 1482 est
3296 1426 3384 1482 illa
3430 1427 3650 1484 inferius
3679 1448 3695 1486 :
3723 1431 3795 1486 ad

2205 1526 2365 1569 omne
2391 1514 2585 1569 vulnus
2620 1524 2802 1585 aptum
2832 1515 3180 1587 pharmacum
3207 1526 3309 1574 est.
3342 1519 3478 1588 Quid
3514 1521 3796 1589 publicano

2204 1603 2479 1659 deterius?
2499 1605 2624 1660 [huc
2645 1609 2821 1662 oninis
2843 1608 3138 1679 iniquitatis
3163 1611 3373 1665 occasio
3394 1621 3477 1665 est
3501 1630 3512 1664 :
3539 1612 3633 1667 sed
3656 1615 3797 1668 hanc

2206 1704 2374 1753 totum
2400 1697 2567 1753 abluit
2596 1699 2903 1755 Zacrlneus.
2936 1701 3088 1763 Vide,
3118 1702 3389 1771 quomodo
3420 1705 3521 1759 hoc
3549 1704 3801 1759 ostendat

2203 1790 2470 1857 Christus,
2501 1807 2622 1846 cum
2649 1794 2856 1847 curavit
2883 1794 3212 1864 marsupium
3246 1793 3466 1863 habere,
3495 1804 3550 1851 et
3578 1806 3800 1864 portare

2204 1898 2267 1938 ca
2297 1898 2415 1953 quae
2442 1884 2885 1940 immittebantur.
2919 1885 3114 1942 Paulus
3138 1903 3348 1958 quoque
3373 1887 3502 1942 dicit
3533 1904 3546 1941 :
3572 1885 3801 1941 Tantum

2204 1983 2258 2028 ut
2285 1992 2564 2046 pauperum
2593 1993 2839 2032 memores
2868 1980 3027 2033 simus
3053 1977 3195 2048 (Gal.
3225 1979 3280 2033 2.
3316 1978 3407 2050 10)
3476 1989 3530 2034 et
3556 1979 3621 2037 .iu
3651 1978 3805 2035 Scri-

2204 2071 2374 2138 pturis
2406 2071 2602 2140 passim
2631 2070 2730 2127 hac
2752 2073 2820 2128 de
2860 2088 2918 2127 re
2957 2073 3147 2143 agitur.
3184 2072 3409 2128 Pretium
3447 2074 3632 2128 anima:
3659 2072 3757 2127 viri
3782 2112 3800 2138 ,

2203 2162 2404 2234 inquit,
2433 2165 2623 2220 divitiis
2649 2167 2872 2237 propria:
2900 2165 3081 2236 (Prov.
3113 2158 3197 2222 13.
3234 2167 3291 2239 8)
3319 2185 3333 2233 ;
3363 2165 3608 2223 Christus
3633 2181 3800 2232 vero,

2203 2256 2267 2312 Si
2290 2258 2363 2312 vis
2389 2262 2641 2331 perfectus
2663 2275 2788 2325 esse,
2814 2260 2972 2313 vende
2992 2261 3161 2315 omnia
3182 2276 3295 2329 qua:
3314 2261 3485 2326 habes,
3508 2270 3555 2315 et
3577 2261 3643 2314 da
3663 2276 3805 2330 pau-

2203 2352 2426 2422 peribus,
2454 2360 2502 2405 et
2527 2350 2658 2417 veni,
2684 2367 2892 2421 sequere
2910 2348 2990 2405 me
3010 2352 3223 2423 (Matth.
3256 2352 3342 2409 l9.
3373 2344 3487 2424 21).
3515 2354 3640 2409 "me
3669 2369 3806 2409 vera

2203 2444 2462 2513 perfectio
2489 2451 2590 2500 est.
2624 2444 2979 2517 Elecmosyna
3010 2460 3139 2502 vero
3174 2461 3278 2500 non
3323 2446 3560 2516 pecuniis
3590 2447 3757 2502 modo
3783 2489 3804 2515 ,

2201 2535 2298 2591 sed
2324 2535 2485 2591 etiam
2512 2536 2765 2606 operibus
2793 2545 3095 2592 exercetur.
3121 2537 3576 2607 Exemplicausa,
3606 2540 3805 2608 poSsu-

2202 2644 2322 2684 mus
2353 2629 2672 2698 patrocinari
2693 2672 2710 2697 ,
2742 2643 3024 2699 possumus
3055 2644 3269 2686 manum
3303 2630 3579 2701 porrigere
3607 2648 3622 2686 :
3651 2646 3805 2702 saepe

2204 2721 2555 2794 patrocinium
2587 2722 2706 2793 plus
2734 2722 2989 2791 servavit,
3019 2737 3177 2794 quam
3210 2724 3471 2794 pecuniae.

2272 2815 2327 2870 4.
2374 2815 2723 2886 Eleemosyua:
2746 2816 2886 2870 modi
2910 2816 3056 2870 varii.
3073 2817 3274 2888 Age
3298 2832 3426 2887 ergo
3456 2817 3507 2870 in
3532 2817 3794 2888 prmsenti

2202 2907 2383 2963 omnia
2420 2907 2780 2980 eleemosyna:
2808 2922 3004 2979 genera
3038 2908 3352 2964 excitemus.
3386 2909 3546 2965 Potes
3577 2924 3671 2980 per
3702 2925 3801 2980 pe-

2203 3000 2433 3055 cunias?
2472 3000 2553 3056 Ne
2589 3001 2768 3071 segnis
2795 3009 2933 3056 esto.
2974 3000 3132 3056 Potes
3171 3014 3265 3071 per
3294 3000 3686 3071 patrocinium?
3712 3000 3803 3058 No

2203 3092 2372 3159 dicas,
2400 3093 2522 3160 quia
2548 3092 2790 3163 pecunia:
2820 3107 2925 3147 non
2952 3091 3167 3159 adsunt;
3193 3093 3297 3149 hoc
3326 3092 3459 3148 nihil
3489 3101 3593 3150 est.
3625 3093 3802 3150 Valde

2205 3201 2454 3256 magnum
2482 3185 2584 3241 hoc
2616 3201 2830 3257 quoque
2868 3195 2949 3243 est
2974 3206 2988 3243 :
3016 3201 3080 3242 ac
3118 3187 3163 3243 si
3196 3187 3473 3257 pecuniam
3509 3186 3752 3244 dedisses
3776 3230 3797 3256 ,

2204 3279 2284 3334 sic
2310 3277 2533 3335 affectus
2562 3288 2698 3334 esto.
2740 3278 2900 3334 Potes
2929 3278 3283 3335 ministrando
3308 3279 3536 3349 iuvare?
3565 3280 3678 3336 Hoc
3718 3281 3800 3335 fa-

2203 3373 2333 3427 cito.
2364 3372 2607 3443 Exempli
2629 3373 2820 3445 gratia,
2840 3381 2955 3428 arte
2980 3371 3219 3429 medicus
3230 3373 3338 3429 es?
3363 3372 3606 3428 Infirmos
3627 3387 3748 3428 cura
3771 3389 3791 3437 ;

2202 3476 2251 3520 et
2284 3465 2387 3522 hoc
2414 3480 2663 3536 magnum
2693 3475 2794 3520 est.
2841 3465 2999 3521 Potes
3027 3466 3254 3521 oonsilio
3277 3465 3466 3536 juvare
3487 3470 3512 3521 t
3541 3465 3655 3521 [loc
3678 3482 3795 3519 om-

2204 3558 2353 3615 nium
2380 3560 2641 3630 optimum
2673 3567 2757 3615 est
2795 3570 2850 3615 et
2894 3559 3185 3618 maximum
3211 3601 3228 3627 ,
3261 3561 3541 3632 majusque
3586 3562 3797 3616 lucrum

2206 3651 2369 3708 habet
2401 3669 2414 3707 :
2450 3666 2555 3708 non
2584 3652 2727 3706 enim
2758 3653 2857 3708 hac
2878 3654 2963 3708 via
3002 3651 3198 3709 famem
3227 3695 3245 3722 ,
3290 3652 3384 3709 sed
3425 3654 3797 3724 gravissimam

2205 3754 2433 3800 mortem
2454 3744 2629 3814 pellis.
2652 3744 2765 3800 llnc
2783 3745 3012 3814 apostoli
3037 3745 3180 3801 bono
3202 3734 3344 3815 pleni
3366 3761 3583 3816 prorsus
3601 3756 3761 3803 erant
3780 3767 3796 3804 :

2206 3840 2325 3895 ideo
2345 3840 2691 3910 pecuniarum
2718 3839 3148 3895 distributionem
3175 3839 3518 3897 inferioribus
3544 3841 3798 3897 commit-

2206 3933 2388 3986 tebant
2415 3972 2431 3996 ,
2462 3931 2588 3985 dum
2635 3946 2889 3987 sermone
2930 3931 3210 4002 iuvabant.
3244 3932 3328 3987 An
3375 3942 3529 4003 putas
3574 3947 3794 4003 parvam

2204 4037 2327 4078 esse
2352 4025 2769 4094 eleemosynam,
2793 4024 3025 4079 animam
3048 4024 3261 4079 anxiam
3279 4067 3294 4092 ,
3323 4025 3392 4080 de
3420 4026 3668 4080 extremis
3699 4038 3795 4094 pe-

2204 4116 2521 4172 riclitantem
2541 4158 2556 4183 ,
2595 4116 2758 4171 febris
2794 4116 2987 4172 ardore
3015 4116 3288 4172 detentum
3311 4159 3326 4184 ,
3358 4133 3387 4171 a
3419 4118 3605 4172 morbo
3635 4131 3796 4186 posse

2205 4210 2477 4264 liberare?
2504 4208 2664 4264 Verbi
2694 4209 2887 4280 gratia,
2917 4208 3068 4264 vides
3095 4210 3324 4264 amicum
3356 4208 3578 4265 avaritia
3603 4210 3798 4264 deten-

2205 4302 2360 4356 tum?
2387 4301 2639 4357 Miscrare
2670 4302 2965 4357 hominem.
3008 4301 3313 4357 Sutl'ocatur
3340 4300 3474 4358 ille?
3502 4300 3798 4371 Exstingne

2204 4396 2348 4451 illius
2379 4395 2576 4466 ignem.
2604 4395 2742 4462 Quid
2766 4396 2926 4466 igitur
2945 4394 2990 4450 si
3014 4409 3119 4449 non
3147 4394 3526 4465 obtemperet?
3546 4393 3628 4449 Tu
3653 4393 3797 4465 quod

2207 4500 2354 4544 tuum
2385 4496 2468 4545 est
2499 4487 2659 4542 facito
2679 4530 2695 4556 ,
2729 4502 2829 4544 nec
2857 4487 3078 4558 ignavus
3115 4487 3210 4543 sis.
3242 4486 3406 4543 Vides
3434 4502 3554 4543 eum
3593 4487 3644 4541 in
3674 4487 3796 4541 vin-

2204 4582 2340 4638 culis
2367 4580 2635 4653 detineri?
2664 4580 2683 4652 (
2707 4596 2827 4634 nam
2856 4580 3096 4650 pecunia:
3122 4595 3248 4635 vere
3275 4578 3485 4634 vincula
3518 4587 3639 4633 sunt
3662 4578 3702 4649 ).
3727 4578 3793 4633 ll-

2203 4674 2314 4729 lum
2342 4675 2449 4740 asli,
2475 4673 2671 4742 invise,
2694 4672 2998 4739 consolare,
3029 4687 3057 4725 a
3087 4670 3316 4726 vinculis
3339 4671 3545 4741 eripere
3575 4684 3796 4725 conare.

2206 4769 2262 4826 Si
2303 4769 2472 4831 nolit,
2516 4782 2680 4840 penes
2720 4767 2868 4820 illum
2907 4766 3063 4836 culpa
3101 4766 3223 4821 erit.
3271 4763 3462 4819 Vidisti
3515 4763 3712 4818 nudum
3744 4769 3800 4817 et

2205 4860 2592 4933 peregrinum?
2623 4857 2822 4933 (nudus
2840 4858 2983 4914 enim
3002 4871 3129 4912 vere
3152 4864 3207 4912 et
3230 4854 3545 4926 peregrinus
3574 4854 3627 4908 in
3650 4854 3804 4910 caelis

2207 4962 2311 5021 est,
2345 4953 2433 5024 qui
2463 4960 2665 5009 rectam
2692 4952 2830 5005 viam
2864 4965 2968 5005 non
3004 4950 3204 5019 curat).
3237 4944 3440 5018 Recipe
3466 4947 3520 5002 in
3558 4946 3803 5002 diverso-

2211 5039 2348 5101 rium
2378 5055 2524 5099 tuum
2545 5086 2562 5111 ,
2592 5041 2930 5098 vestimentis
2964 5040 3178 5095 virtutis
3208 5038 3368 5094 indue
3398 5039 3544 5094 illum
3571 5079 3584 5101 .
3630 5038 3696 5093 da
3725 5038 3802 5092 illi

2209 5138 2479 5194 civitatem
2511 5137 2563 5191 in
2592 5135 2755 5197 ,erelo.
2787 5134 2923 5201 Quid
2960 5149 3118 5204 ergo,
3151 5133 3195 5188 si
3230 5142 3283 5188 et
3312 5146 3412 5202 ego
3449 5131 3624 5188 nudus
3656 5133 3757 5187 sim
3786 5172 3801 5197 ,

2212 5228 2462 5300 inquies?
2488 5226 2741 5297 Teipsum
2777 5226 2937 5282 indue
2957 5226 3190 5295 primum
3218 5243 3231 5279 :
3265 5225 3310 5280 si
3345 5223 3487 5281 nosti
3513 5231 3564 5281 te
3599 5222 3802 5278 nudum

2211 5338 2334 5379 esse
2357 5366 2371 5388 ,
2399 5321 2561 5393 'plane
2588 5321 2692 5376 scis
2721 5330 2771 5376 te
2795 5319 2943 5378 indui
2973 5328 3246 5389 oportere.
3273 5317 3329 5374 Si
3357 5317 3614 5373 nuditatis
3642 5315 3801 5386 hujus

2186 5416 2427 5472 modum
2460 5414 2621 5480 nosti,
2646 5429 2805 5471 nosse
2833 5414 3056 5485 poteris,
3083 5427 3190 5484 quo
3206 5428 3340 5484 opus
3364 5414 3440 5479 sit
3457 5413 3800 5468 vestimento.

2212 5510 2350 5579 Quot
2375 5511 2627 5566 mulieres
2652 5510 2824 5565 serica
2859 5509 3176 5565 vestimenta
3207 5514 3450 5579 gestant,
3479 5506 3802 5573 virtutisque

2213 5605 2450 5660 vestibus
2492 5619 2710 5674 prorsus
2755 5604 2912 5659 nuda:
2946 5605 3116 5658 sunt?
3148 5603 3241 5657 llis
3286 5601 3406 5656 illas
3436 5601 3662 5656 vestiant
3700 5598 3801 5652 viri

2212 5697 2315 5752 sui.
2350 5695 2547 5751 Verum
2579 5711 2686 5751 non
2715 5695 3004 5750 admittunt
3029 5694 3150 5749 illas
3194 5700 3370 5747 vestes
3395 5734 3411 5759 ,
3444 5691 3543 5747 has
3571 5689 3805 5744 volunt?

2214 5788 2328 5844 fioe
2371 5788 2601 5858 primum
2648 5789 2846 5849 facito;
2889 5788 3099 5843 illarum
3144 5784 3368 5840 vestium
3415 5781 3804 5851 concupiscen-

2214 5891 2339 5946 tiam
2367 5886 2471 5943 illis
2499 5882 2710 5942 insinua
2736 5896 2751 5949 ;
2780 5878 3007 5936 ostende
3037 5877 3140 5934 illis
3168 5876 3311 5947 ipsas
3343 5891 3462 5934 esse
3504 5874 3671 5931 nudas
3692 5914 3707 5939 ,
3733 5871 3808 5928 de
