4112 6434
179 390 277 447 195

256 516 323 578 γ’.
355 509 468 564 Καὶ
495 509 625 578 δρα,
679 513 770 566 ὅτι
799 517 857 568 ἐν
895 515 994 586 μὲν
1025 517 1134 580 τοῖς
1159 517 1477 580 ἀποστόλοις
1505 517 1681 586 ἕτεροι
1709 512 1868 567 τοῦτο

196 597 609 671 ἐπιτρέποντας·
649 601 890 656 ἐνταῦθα
936 602 992 656 δὲ
1042 603 1253 667 Παῦλος
1282 604 1376 658 καὶ
1428 602 1735 674 Βαρνάϐας.
1791 602 1866 654 Οὐ

197 682 364 754 μικρᾶ
414 683 471 735 δὲ
522 683 621 736 καὶ
649 683 812 738 τοῦτο
850 688 1130 757 οἰκονομία
1160 681 1229 758 ἦν
1275 687 1454 750 ἄλλως
1491 686 1548 739 δὲ
1589 685 1681 738 καί.
1722 684 1868 755 ἀρχὴ

193 768 282 843 ἦν,
310 772 400 825 καὶ
428 771 564 836 τέως
598 773 704 826 οὐκ
731 771 842 826 ἔδει
889 774 1378 846 σκανδαλισθῆναι.¹
1429 774 1589 827 Ἀλλά
1618 773 1714 827 νῦν
1771 774 1869 824 οὐ-

192 862 302 924 δεὶς
331 860 487 914 τοῦτο
525 862 691 924 ποιεῖ,
727 862 905 914 καίτοι
941 861 1094 932 λιμός
1150 864 1266 916 ἐστι
1295 861 1676 933 χαλεπώτερος
1724 860 1869 914 ἐκεί-

195 967 305 1003 νου.
340 948 415 1001 Οὐ
469 947 579 1020 γάρ
634 949 784 1002 ἐστιν
834 950 946 1002 ἴσον
981 953 1132 1023 κοινῇ
1185 951 1371 1022 φέρειν
1397 952 1496 1022 τὴν
1557 949 1867 1021 συμφορὰν,

193 1039 288 1092 καὶ
315 1038 532 1092 πάντων
559 1038 617 1089 ἐν
650 1036 886 1109 ἀφθονίᾳ
934 1038 1122 1102 ὅντων,
1157 1040 1284 1102 τοὺς
1320 1039 1682 1110 πενεστέρους
1728 1034 1868 1090 εἶναι

190 1126 251 1176 ἐν
281 1123 447 1194 λιμῷ.
485 1124 620 1177 Τότε
661 1123 823 1194 μόνον
873 1124 1028 1194 λιμὸς
1079 1121 1171 1196 ἦν,
1207 1125 1296 1180 καὶ
1325 1129 1372 1178 οί
1424 1125 1715 1188 δεδωκότες
1769 1124 1868 1197 πέ-

191 1229 353 1282 νητες
382 1211 612 1282 (Καθὼς
648 1211 965 1280 ηὐπορεῗτο
1003 1213 1110 1283 γάρ
1165 1231 1255 1280 τις
1305 1214 1505 1278 αὐτῶν,
1559 1213 1736 1283 φησί)·
1772 1211 1868 1266 νῦν

190 1299 248 1351 δὲ
270 1299 429 1368 λιμὸς
451 1297 694 1365 διπλοῦς,
741 1298 993 1370 καθάπερ
1027 1301 1059 1370 ή
1094 1300 1325 1369 ἀφθονία
1353 1300 1537 1371 διπλῆ,
1573 1299 1733 1369 λιμὸς
1776 1316 1869 1369 χα-

192 1387 379 1451 λεπὸς,
411 1386 570 1458 λιμὸς
602 1386 664 1439 οὐ
698 1385 792 1439 τοῦ
827 1387 984 1456 λόγον
1013 1388 1245 1441 ἀκοῦσαι
1298 1389 1529 1460 Κυρίου,
1590 1386 1724 1440 ἀλλὰ
1773 1386 1866 1440 τοῦ

193 1475 467 1545 τραφῆναι
521 1474 585 1526 δι’
637 1473 1024 1546 ἐλεημοσύνης.
1089 1476 1223 1528 Τότε
1272 1477 1367 1529 καὶ
1422 1477 1470 1528 οί
1525 1476 1583 1527 ἐν
1634 1474 1868 1544 Ἰουδαία

192 1562 429 1632 πένητες
469 1562 802 1626 ἀπέλαυσαν,
859 1563 951 1616 καὶ
1000 1564 1047 1616 οἱ
1079 1564 1136 1616 ἐν
1205 1562 1509 1633 Ἀντιοχείᾳ
1561 1561 1742 1624 εόντες
1799 1561 1869 1614 τὰ

186 1652 457 1720 χρήματα
491 1689 507 1714 ,
565 1651 657 1704 καὶ
719 1643 863 1703 οὗτοι
932 1650 1131 1722 μᾶλλον
1190 1650 1434 1704 ἐκείνων·
1500 1651 1618 1703 νυνὶ
1666 1649 1723 1702 δὲ
1776 1649 1869 1701 καὶ

186 1741 365 1809 ἡμεῖς
408 1738 501 1792 καὶ
537 1739 579 1792 οί
627 1739 858 1809 πένητες
903 1740 958 1792 ἐν
990 1737 1154 1809 λιμῷ·
1188 1739 1239 1792 οἱ
1275 1740 1374 1810 μὲν
1419 1737 1520 1809 τῆς
1563 1737 1868 1806 ἀναγκαίας

184 1827 529 1897 ἀποροῦντες
556 1828 782 1898 τροφῆς,
811 1829 970 1898 ἡμεῖς
991 1828 1049 1881 δὲ
1069 1830 1128 1881 ἐν
1155 1829 1351 1882 σπάνει
1377 1827 1471 1880 τοῦ
1505 1827 1688 1887 ἐλέους
1717 1825 1868 1887 ὄντες

185 1915 284 1968 τοῦ
316 1915 473 1969 Θεοῦ.
524 1915 738 1986 Ταύτης
766 1916 823 1968 δὲ
867 1915 964 1986 τῆς
1005 1916 1212 1987 τροφῆς
1245 1915 1397 1968 οὐδὲν
1441 1915 1866 1984 ἀναγκαιότερον

188 2003 385 2070 γένοιτ’
410 2002 495 2057 ἀν.
534 2004 646 2056 Οὐκ
677 2003 822 2056 ἐστιν
854 2003 1154 2074 ὑποστῆναι
1198 2003 1266 2056 τὰ
1295 2002 1402 2056 ἀπὸ
1425 2003 1523 2074 τῆς
1549 2001 1866 2072 πλησμονῆς

191 2091 356 2144 κακά·
391 2091 490 2143 οὐκ
514 2091 660 2144 ἔστιν
693 2092 773 2155 είς
825 2090 1112 2162 ἀφεδρῶνα
1164 2091 1517 2163 προχωρῆσαι
1560 2090 1622 2144 τὸ
1651 2089 1814 2143 πλέον
1838 2102 1864 2131 α

193 2179 396 2248 ταύτης
421 2181 519 2251 τῆς
553 2180 775 2250 τροφῆς.
813 2178 978 2234 Οὐδὲν
1005 2179 1357 2250 ὡραιότερον,
1388 2178 1541 2232 οὐδὲν
1573 2178 1864 2247 ὑγιεινότε-

193 2285 290 2339 ρον
334 2269 512 2339 ψυχῆς
565 2267 709 2321 οὕτω
754 2267 1115 2338 τρεφομένης·
1153 2266 1337 2336 πάσης
1380 2267 1629 2337 ἀνωτέρα
1664 2267 1864 2338 ἕστηκε

189 2357 369 2421 νόσου,
402 2358 603 2420 παντὸς
630 2357 810 2426 λιμοῦ,
843 2358 1020 2428 πάσης
1045 2357 1362 2427 ἀνωμαλίας
1391 2359 1484 2410 καὶ
1511 2357 1863 2428 δυσκρασίας·

186 2445 362 2508 0-3551;
381 2446 551 2515 αὐτὴν
573 2445 859 2516 δυνήσεται
881 2446 1041 2500 ἐλεῖν·
1067 2445 1204 2499 ἀλλά
1227 2445 1476 2516 καθάπερ
1503 2445 1866 2515 ἀδαμάντινον

189 2532 351 2602 σῶμα
382 2533 444 2585 οὐ
487 2533 704 2603 σίδηρος
743 2531 944 2602 πλῆξαι
973 2532 1212 2597 δύναται,
1244 2532 1344 2585 οὐκ
1371 2531 1498 2585 ἄλλο
1525 2532 1694 2594 οὐδὲν,
1725 2531 1866 2585 οὕτω

185 2623 285 2674 καὶ
318 2621 495 2691 ψυχὴν
546 2620 654 2674 ἀπὸ
687 2621 1056 2691 ἐλεημοσύνης
1084 2622 1506 2692 συμπεπηγυῖαν
1544 2620 1697 2674 οὐδὲν
1729 2621 1867 2685 ὅλως

146 2747 152 2751 ι
184 2709 669 2780 δυνήσεται-ἑλεῖν.
709 2709 774 2760 Τί
815 2710 944 2780 γὰρ,
973 2711 1093 2762 είπέ
1154 2727 1267 2780 μοι,
1307 2708 1509 2778 ταύτην
1542 2709 1866 2780 χειρώσεταί

187 2797 594 2863 ποτε;.πενία;
643 2798 754 2850 Οὐκ
801 2797 964 2850 ἔστιν·
1002 2799 1057 2852 ἐν
1089 2797 1197 2868 γὰρ
1235 2801 1347 2862 τοῖς
1394 2797 1693 2869 βασιλικοῖς
1727 2798 1867 2851 ἀπό-

184 2904 368 2940 κειται
418 2888 684 2956 ταμείοις.
739 2886 899 2940 Ἀλλὰ
929 2886 1130 2961 λῃστὴς
1180 2889 1274 2940 καὶ
1312 2886 1677 2958 τοιχωρύχος;
1727 2885 1867 2939 Ἀλλ’

185 2977 433 3038 ἐκείνους
463 2975 638 3038 οὐδεὶς
688 2974 929 3044 διορύξαι
982 2975 1108 3038 τοὺς
1142 2976 1353 3046 τοίχους
1401 2970 1510 3039 οἶός
1565 2992 1646 3028 τε.
1708 2965 1868 3030 Ἀλλὰ

187 3063 438 3132 σκώληῄ
477 3062 637 3115 Ἀλλὰ
671 3064 765 3115 καὶ
792 3063 994 3134 ταύτης
1017 3063 1288 3134 άνώτερος
1325 3064 1422 3127 τῆς
1455 3063 1634 3134 λύμης
1663 3058 1815 3128 οὗτος
1841 3066 1870 3116 ὁ

187 3151 483 3223 θησαυρός.
524 3151 682 3204 Ἀλλά
713 3150 978 3220 βασκανία
1008 3151 1102 3204 καὶ
1133 3150 1356 3220 φθόνος;
1404 3151 1543 3205 Ἀλλ’
1583 3152 1703 3205 οὐδὲ
1744 3152 1867 3206 τού-

187 3258 304 3303 τοις
334 3242 641 3295 ἁλίσκεται.
689 3241 848 3295 Ἀλλά
877 3242 1231 3310 συκοφαντίαι
1259 3242 1354 3294 καὶ
1384 3241 1703 3308 ἐπιϐουλαίς
1733 3242 1869 3296 Οὐδέ

189 3331 369 3382 τοῦτο·
403 3330 601 3394 ἄσυλος
633 3329 741 3402 γὰρ
771 3332 798 3383 ὁ
826 3329 1114 3400 θησαυρός.
1168 3329 1304 3383 Ἀλλ’
1346 3330 1568 3402 αἰσχρὸν
1598 3332 1647 3384 εί
1697 3330 1869 3384 ταῦτα

194 3418 444 3482 ἐπιδείξω
505 3418 642 3489 μόνα
681 3420 746 3490 τῇ
806 3417 1142 3491 ἐλεημοσύνη
1171 3419 1464 3488 προσόντα,
1504 3418 1626 3488 οὐχὶ
1673 3418 1728 3471 δέ
1775 3419 1870 3472 καὶ

197 3507 470 3559 τάναντία.
526 3507 600 3559 Οὐ
657 3507 764 3577 γὰρ
814 3505 877 3576 δὴ
933 3505 1229 3574 βασκανίας
1286 3507 1630 3578 ἀπήλλακται
1685 3507 1864 3578 μόνον.

192 3595 326 3646 ἀλλὰ
356 3595 452 3648 καί
486 3594 736 3662 εὐλογίας
759 3593 1022 3647 ἀπολαύει
1049 3593 1251 3665 πολλῆς
1284 3594 1376 3646 καὶ
1426 3593 1576 3663 παρὰ
1602 3593 1712 3646 τῶν
1768 3594 1870 3647 οὐκ

194 3677 252 3734 εὖ
276 3682 675 3736 πεπονθόντων.
730 3681 944 3753 Ὥσπερ
973 3682 1081 3754 γάρ
1127 3683 1177 3734 οἱ
1206 3682 1348 3752 ὠμοὶ
1396 3682 1491 3734 καὶ
1539 3682 1764 3750 ἀπηνεῖς
1805 3681 1866 3733 οὐ

195 3771 318 3832 τοὺς
345 3771 712 3841 ἠδικημένους
740 3770 956 3841 ἔχουσιν
987 3769 1217 3842 ἐχθροὺς
1249 3770 1434 3840 μόνον,
1468 3768 1604 3822 ἀλλά
1633 3768 1870 3832 καὶτοὺς

195 3860 343 3913 οὐδὲν
369 3860 644 3924 παθόντας
665 3858 1063 3928 συναλγοῦντας
1081 3860 1263 3925 αὐτοῖς
1285 3859 1380 3912 καὶ
1404 3855 1865 3930 κατηγοροῦντας·

198 3947 362 4010 οῦτως
385 3950 434 4001 οἱ
461 3947 676 4018 μεγάλα
709 3947 1075 4018 ἐργασάμενοι
1107 3946 1248 4011 καλά
1276 3947 1396 4017 οὐχὶ
1425 3948 1552 4010 τοὺς
1582 3941 1640 4000 εῦ
1666 3962 1870 3998 πεπον-

200 4031 348 4100 θότας
378 4036 563 4106 μόνον,
596 4035 729 4089 ἀλλὰ
774 4036 868 4088 καὶ
902 4037 1025 4098 τοὺς
1055 4033 1207 4088 οὐδὲν
1245 4034 1516 4098 παθόντας
1538 4033 1690 4106 [205]
1717 4033 1871 4104 ἔχου-

204 4139 277 4175 σιν
315 4123 632 4187 ἐπαινέτας.
690 4125 754 4176 Τί
798 4123 940 4191 λέγω
986 4122 1312 4194 βασκανίας;
1342 4123 1454 4176 Καὶ
1500 4123 1872 4176 ἐπιϐουλευόνο

203 4226 295 4264 των
315 4213 671 4276 ἀπήλλακται
692 4212 719 4251 b
744 4213 839 4264 καὶ
865 4212 1076 4284 λῃστῶν
1095 4213 1188 4265 καὶ
1222 4211 1588 4282 τοιχωρύχων.
1615 4213 1687 4264 Οὐ
1714 4212 1874 4264 τοῦτο

203 4293 301 4364 ἔχει
330 4297 494 4366 μόνον
524 4295 584 4348 τὸ
613 4295 796 4359 καλὸν,
835 4295 948 4349 ἀλλ’
1002 4298 1081 4350 ἐτι
1120 4295 1257 4366 προς
1288 4295 1364 4365 τῷ
1389 4295 1462 4366 μὴ
1516 4294 1873 4348 ἐλαττοῦσθαι

202 4386 282 4437 καὶ
302 4385 531 4449 αὔξεται
565 4385 660 4437 καὶ
698 4384 777 4447 είς
812 4383 1017 4454 πλῆθος
1077 4385 1373 4438 ἐπιδίδωσι.
1409 4383 1472 4436 Τί
1506 4383 1604 4460 τοῦ
1664 4383 1876 4437 Ναϐου-

198 4469 474 4544 χώονόσορ
498 4471 724 4541 γέγονεν
747 4471 1132 4544 αίσχρότερον;
1163 4472 1216 4524 τί
1234 4471 1664 4541 δυσειδέστερον;
1694 4471 1744 4524 τί
1768 4489 1873 4524 πα-

199 4560 575 4631 ρανομώτερον
598 4576 613 4626 ;
655 4558 883 4630 Ἀσεϐὴς
909 4561 936 4612 ὁ
961 4559 1245 4630 ἄνθρωπος
1276 4555 1364 4629 ἦν,
1405 4559 1573 4630 μυρία
1598 4561 1874 4629 τεκμήρια

195 4650 284 4701 καὶ
317 4651 524 4719 σημεῖα
572 4644 702 4708 εἶδε,
744 4647 840 4700 καὶ
877 4647 976 4700 οὐκ
1014 4647 1281 4718 ἠθέλησεν
1344 4649 1678 4716 ἀνενεγκεῖν,
1734 4647 1874 4700 ἀλλά

195 4739 317 4799 τους
347 4737 440 4790 τοῦ
475 4736 614 4790 Θεοῦ
671 4737 891 4800 δούλους
948 4739 1026 4800 είς
1083 4738 1311 4806 κάμινον
1347 4735 1618 4799 ἐνέϐαλεν,
1684 4739 1731 4789 εί
1779 4737 1874 4788 καὶ

201 4828 344 4898 μετᾶ
363 4829 534 4882 ταῦτα
555 4829 956 4901 προσεκύνησε.
980 4829 1044 4882 Τί
1066 4825 1158 4883 οῦν
1181 4831 1208 4882 ὁ
1231 4830 1516 4900 προφήτης
1538 4845 1550 4893 ;
1585 4831 1870 4895 Daniel",

196 4918 236 4985 ἠ
282 4917 490 4983 ,ϐουλή
531 4935 649 4988 μου
678 4918 951 4987 ἀρεσάτω
1004 4933 1124 4972 σοι·
1167 4918 1275 4984 τὰς
1315 4918 1605 4986 ἁμαρτίας
1650 4933 1766 4971 σου
1805 4918 1874 4970 ἐν

190 5007 638 5076 ἐλεημοσύναις
665 5010 1001 5076 λύτρωσον,
1036 5007 1136 5060 καί
1193 5006 1299 5071 τὰς
1352 5005 1606 5074 ἀνομίας
1657 5019 1774 5058 σου
1805 5005 1873 5058 ἐν

191 5095 524 5166 οἱκτιρμοῒς
548 5095 842 5163 πενήτων·
879 5095 1025 5160 ἴσως
1058 5092 1230 5148 ἔσται
1261 5093 1584 5163 συγγνώμη
1616 5093 1742 5158 τοῖς
1762 5108 1874 5145 πιι-

189 5185 550 5254 [απτώμασί
573 5199 710 5238 σου.
741 5183 912 5236 Τοῦτο
960 5181 1133 5245 οὕτως
1165 5178 1341 5246 εἶπεν,
1378 5181 1478 5234 οὐκ
1512 5180 1874 5250 ἀμφιϐάλλων

193 5276 424 5345 (σφόδρα
457 5273 568 5344 γὰρ
596 5267 665 5342 ἦν
711 5272 1124 5342 πεπεισμένος).
1156 5271 1292 5326 ἀλλὰ
1345 5269 1670 5340 βουλόμενος
1710 5269 1874 5324 αὐτὸν

196 5365 269 5426 είς
301 5364 532 5434 μείζονα
561 5361 823 5432 ἐμϐαλεῖν
859 5360 1049 5430 φόϐον,
1084 5362 1179 5416 καὶ
1229 5359 1453 5412 πλείονα
1482 5357 1732 5427 ἀνάγκην
1779 5356 1874 5410 τοῦ

200 5450 366 5504 ταῦτα
407 5449 657 5519 ποιῆσαι.
687 5450 750 5503 Εἰ
785 5447 896 5519 γὰρ
927 5445 1080 5502 εἶπεν
1112 5444 1578 5517 ὡμολογημένως,
1608 5443 1876 5497 ὐπτιώτε-

203 5556 287 5610 ρος
310 5540 376 5595 ἂν
405 5541 627 5608 ἐγένετο
652 5540 882 5601 ἐκεῖνος.
914 5536 1070 5592 Οῦτω
1119 5536 1215 5590 καὶ
1245 5537 1409 5606 ἡμεῖς
1458 5533 1580 5586 τότε
1638 5533 1877 5604 μάλιστα

202 5628 440 5697 ὠθοῦμέν
470 5643 647 5691 τινας,
673 5627 804 5680 ὅταν
835 5624 1103 5694 λέγωμεν·
1155 5621 1540 5692 Παρακάλεσον
1569 5618 1661 5675 τὸν
1705 5619 1878 5681 δεῖνα,

204 5716 289 5768 καὶ
326 5716 402 5787 μὴ
435 5713 835 5783 ἐπαγάγωμεν,
877 5713 960 5766 ὅτι
991 5712 1207 5772 πάντως
1256 5708 1572 5772 ἀκούσεται,
1603 5706 1742 5771 ἀλλ’,
1795 5707 1878 5759 ὅτι

204 5805 326 5868 ῐσως
351 5803 669 5859 ἀκούσεται·
695 5801 802 5858 ὑπὸ
824 5799 934 5872 γὰρ
955 5799 1055 5869 τῆς
1100 5796 1566 5869 ἀμφισϐητήσεως
1614 5792 1817 5863 μείζων
1849 5793 1878 5844 ό

199 5892 354 5961 φόϐος
405 5892 726 5963 γενόμενος,
768 5889 971 5961 μᾶλλον
1003 5887 1164 5942 αὐτὸν
1211 5885 1360 5939 ὠθεῖ.
1389 5883 1487 5937 Δια
1533 5882 1694 5936 τοῦτο
1717 5881 1876 5950 δῆλον

257 6040 285 6070 ⁸
329 6039 538 6098 Quidam
577 6039 825 6101 ἀφεδρῶνα
859 6034 1220 6101 τελευτῆσαιξρ
1239 6034 1397 6082 πλέον.
1465 6030 1656 6082 bAlius
1694 6031 1874 6080 ἐπαινέ-

195 6119 294 6158 τας.
331 6103 482 6149 Ιιάλιν
511 6098 1037 6148 τῶνὲπιϐουλευόντων
1065 6098 1383 6154 ἀπήλλακται.

1261 398 1326 453 IN
1366 399 1544 455 ACTA
1581 394 2126 453 APOSTOLORUM.
2174 396 2412 453 HOMIL.
2451 397 2615 454 XXV.

3535 405 3642 461 196

1975 512 2107 564 αὐτὸ
2123 513 2223 566 οὐκ
2243 514 2488 582 ἐποίησε.
2510 514 2575 566 Τί
2599 513 2777 582 λέγεις
2801 531 2814 580 ;
2841 515 3110 580 τοσούτοις
3131 515 3473 587 ἀσεϐήμασιν
3497 517 3649 573 ἔσται

1978 603 2276 672 συγγνώμη
2303 620 2316 667 ;
2346 603 2471 659 Ναί.

2046 691 2161 744 Οὐκ
2187 691 2333 744 ἔστιν
2359 692 2688 764 ἁμάρτημα,
2714 692 2742 746 ὃ
2767 691 2841 763 μὴ
2867 689 3089 745 δύναται
3109 693 3406 764 καθαρίσαι
3429 695 3652 767 ἐλεημο-

1974 776 2129 848 σύνη.
2183 779 2211 831 ὃ
2272 780 2346 850 μὴ
2385 778 2607 834 δύναται
2641 781 2852 834 σϐέσαι·
2884 781 3035 833 πᾶσα
3082 781 3324 852 ἁμαρτία
3364 784 3650 856 κατωτέρα

1979 864 2174 936 ταύτης
2209 867 2430 938 ἕστηκε·
2482 869 2773 940 φάρμακόν
2805 869 2921 921 ἐστι
2953 867 3090 939 πρὸς
3123 871 3230 922 πᾶν
3260 871 3479 941 τραῦμα
3531 873 3650 925 ἐπι-

1970 955 2201 1022 τήδειον.
2241 957 2306 1010 Τί
2336 957 2570 1012 τελώνου
2604 960 2820 1028 χεῖρον;
2869 958 3056 1027 Πάσης
3087 957 3300 1022 ἀδικίας
3330 960 3476 1012 ἐστὶν
3527 961 3652 1012 ὑπό-

1973 1041 2142 1106 θεσις·
2177 1044 2314 1098 ἀλλά
2338 1045 2545 1117 ταύτην
2571 1049 2760 1100 πᾶσαν
2801 1045 3104 1115 ἀπενίψατο
3133 1047 3161 1097 ὁ
3194 1049 3480 1117 Ζακχαῖος.
3510 1049 3652 1118 Ὅρα

1972 1130 2091 1195 πῶς
2134 1133 2229 1185 καὶ
2279 1135 2307 1186 ὁ
2354 1133 2590 1205 Χριστὸς
2647 1134 2805 1186 τοῦτο
2836 1133 3095 1194 δείκνυσι,
3131 1134 3199 1187 δι’
3229 1127 3306 1188 ὧν
3349 1134 3652 1188 ἐσπούδασε

1972 1217 2358 1289 γλωσσόκομον
2385 1220 2549 1290 ἔχειν,
2579 1220 2674 1273 καὶ
2702 1219 2772 1273 τὰ
2833 1218 3139 1290 βαλλόμενα
3185 1220 3496 1290 βαστάζειν.
3543 1222 3653 1274 Καὶ

1973 1304 2186 1368 Παῦλος
2217 1307 2272 1359 δέ
2302 1323 2454 1376 φησι·
2485 1309 2691 1361 Μόνον
2718 1307 2835 1360 τῶν
2864 1307 3118 1377 πτωχῶν
3146 1308 3248 1361 ἵνα
3272 1311 3654 1378 μνημονεύωο

1965 1409 2102 1461 μεν·
2140 1395 2235 1448 καὶ
2262 1394 2429 1458 πολὺς
2466 1394 2740 1465 πανταχοῦ
2772 1395 2878 1448 τῶν
2901 1395 3133 1466 Γραφῶν
3169 1395 3310 1467 ὑπὲρ
3359 1396 3453 1450 τοῦ
3504 1396 3650 1468 πρά-

1971 1497 2182 1550 γματος
2217 1482 2408 1535 τούτου
2435 1487 2462 1536 ὁ
2484 1483 2660 1548 λόγος.
2698 1483 2932 1550 Λύτρον
2960 1481 3169 1553 ψυχῆς
3194 1483 3433 1552 ἀνδρὸς,
3464 1487 3650 1555 φησὶν,

1971 1573 2004 1623 ό
2026 1569 2180 1636 ἴδιος
2209 1570 2494 1638 πλοῦτος·
2523 1573 2618 1625 καὶ
2642 1575 2668 1624 ὁ
2697 1572 2953 1643 Χριστός·
2973 1574 3044 1625 El
3090 1572 3288 1638 θέλεις
3326 1573 3555 1640 τέλειος
3574 1570 3655 1628 εἷο

1969 1674 2089 1721 ναι,
2117 1657 2409 1726 πώλησόν
2439 1677 2556 1713 σου
2587 1677 2660 1713 τα
2691 1659 3065 1729 ὑπάρχοντα,
3098 1660 3198 1714 καὶ
3228 1661 3336 1727 δὸς
3369 1661 3650 1730 πτωχοῖς,

1970 1744 2067 1797 καί
2091 1743 2289 1813 δεῦρο,
2316 1747 2636 1801 ἀκολούθει
2660 1764 2783 1817 μοι.
2820 1747 2992 1800 Τοῦτο
3025 1747 3305 1819 τελειότης
3335 1749 3562 1813 εἰκότως
3599 1759 3650 1805 ο.

1983 1828 2354 1901 Ἐλεημοσύνη
2385 1829 2442 1883 δὲ
2475 1831 2577 1884 οὐκ
2599 1833 2658 1885 ἐν
2688 1831 2935 1903 χρήμασι
2953 1832 3163 1899 γίνεται
3189 1833 3368 1902 μόνον,
3394 1833 3530 1886 ἀλλά
3557 1833 3652 1887 καὶ

1968 1918 2027 1970 ἐν
2056 1917 2397 1988 πράγμασιν.
2431 1915 2558 1971 Οίόν
2587 1918 2826 1988 τιλέγω·
2862 1917 3018 1972 Ἔστι
3047 1919 3142 1973 καὶ
3182 1921 3501 1992 προστῆναι,
3535 1922 3652 1976 ἔστι

1969 2005 2065 2057 καὶ
2081 2007 2240 2076 χεῖρα
2268 2005 2476 2076 ὀρέξαι·
2511 2005 2772 2070 πολλάκις
2793 2005 2889 2061 καὶ
2909 2007 3210 2079 χρημάτων
3235 2006 3498 2079 μειζόνως
3521 2009 3650 2064 ἐσω-

1969 2109 2061 2144 σεν
2095 2093 2126 2163 ἡ
2151 2091 2238 2145 διὰ
2265 2091 2611 2164 πραγμάτων
2637 2095 2970 2165 προστασία.

2041 2182 2103 2235 δ’.
2132 2181 2342 2234 Οὐκοῦν
2361 2182 2497 2253 φέρε
2520 2181 2698 2236 πάντα
2726 2183 3040 2255 κινήσωμεν
3063 2182 3153 2236 ἐπὶ
3176 2182 3270 2236 τοῦ
3298 2183 3566 2254 παρόντος
3581 2186 3652 2239 τά

1967 2270 2067 2340 τῆς
2125 2268 2497 2341 ἐλεημοσύνης
2545 2271 2682 2342 εἴδη.
2741 2271 2979 2324 Δύνασαι
3038 2269 3127 2323 διὰ
3175 2271 3515 2342 χρημάτων;
3557 2273 3654 2343 Μὴ

1965 2358 2134 2412 ὄκνει.
2163 2357 2401 2411 Δύνασαι
2421 2357 2507 2411 διὰ
2547 2359 2919 2429 προστασίας;
2968 2359 3060 2429 Μὴ
3092 2359 3273 2432 εἴπῃς,
3299 2359 3486 2430 ἐπειδὴ
3516 2362 3652 2432 Χρὴ·

1972 2462 2116 2515 ματα
2140 2446 2240 2497 οὐκ
2270 2444 2409 2510 ἔστι,
2443 2445 2603 2499 τοῦτο
2633 2447 2787 2500 οὐδέν
2810 2449 2946 2501 ἐστι.
2982 2446 3196 2518 Σφόδρα
3224 2447 3317 2500 καὶ
3365 2447 3524 2500 τοῦτο
3564 2449 3654 2519 μέ-

1968 2549 2060 2600 γα·
2099 2533 2286 2605 ὥσπερ
2336 2534 2558 2604 χρυσίον
2607 2534 2873 2598 δεδωκὼς,
2923 2534 3066 2588 οὕτω
3117 2535 3376 2588 διάκεισο.
3414 2535 3649 2590 Δύνασαι

1967 2621 2055 2674 διὰ
2079 2614 2409 2692 θεραπείαςς
2446 2623 2556 2676 Καὶ
2582 2623 2740 2676 τοῦτο
2765 2623 3012 2691 ποίησον.
3049 2617 3198 2687 Οἷον,
3258 2623 3440 2694 ίατρὺς
3478 2618 3530 2675 εἴ
3551 2623 3651 2693 τὴν

1969 2711 2328 2780 ἐπιστήμην;
2403 2709 2793 2779 Ἐπιμελήθητι
2835 2708 3284 2780 ἀρρωστούντων·
3343 2709 3438 2762 καὶ
3491 2709 3655 2763 τοῦτο

1973 2800 2136 2872 μέγα.
2186 2799 2422 2852 Δύνασαι
2469 2798 2558 2851 διὰ
2593 2799 2938 2870 συμϐουλῆς
2994 2797 3182 2868 nam;
3228 2796 3396 2850 τοῦτο’
3431 2799 3650 2850 πάντων

1973 2891 2178 2960 μεῖζον·
2208 2888 2347 2959 αῦτη
2379 2889 2604 2959 βελτίων
2638 2887 2876 2950 πάντων,
2915 2888 2947 2958 ἣ
2981 2889 3075 2941 καὶ
3121 2886 3342 2951 πλείων,
3401 2887 3510 2957 ὅσῳ
3557 2889 3652 2940 καὶ

1973 2978 2159 3047 μεῖζον
2187 2977 2299 3048 ἔχει
2331 2977 2389 3029 τὺ
2421 2976 2630 3049 κέρδος·
2667 2976 2728 3029 οὐ
2766 2975 2875 3046 γὰρ
2921 2975 3081 3046 λιμὸν
3114 2974 3282 3041 λύεις,
3318 2973 3456 3027 ἀλλὰ
3485 2974 3650 3028 θάνα-

1970 3086 2062 3122 τον
2095 3068 2353 3139 χαλεπόν.
2391 3067 2663 3137 Τοιαύτης
2695 3065 2789 3120 καὶ
2813 3067 2861 3118 οἱ
2891 3065 3180 3119 ἀπόστολοι
3211 3067 3275 3118 ἐκ
3330 3064 3652 3135 περιουσίας

1969 3152 2111 3228 ἦσαν
2136 3155 2608 3228 ἐμπεπλησμένοι·
2647 3154 2735 3209 διὰ
2778 3153 2937 3208 τοῦτο
2959 3153 3058 3224 τὴν
3079 3153 3184 3207 τῶν
3222 3154 3520 3225 χρημάτων
3540 3154 3656 3208 δια-

1971 3245 2142 3316 νομὴν
2169 3248 2282 3307 τοῖς
2317 3248 2433 3314 μετ’
2471 3245 2670 3307 αὐτοῦς
2697 3244 3059 3314 ἐνεχείρισαν,
3114 3241 3270 3294 αὐτοὶ
3296 3240 3393 3312 τὴν
3425 3241 3513 3294 διά
3543 3242 3654 3294 τῶν

1971 3333 2144 3402 λόγων
2191 3332 2342 3405 [9.06]
2396 3331 2860 3402 ἐπιδεικνύμενοι.
2921 3331 2990 3383 Ἦ
3043 3329 3248 3401 μικρὰν
3285 3327 3656 3399 ἐλεημοσύνην

1971 3419 2072 3474 οἴει
2105 3417 2263 3483 εἶναι,
2291 3420 2466 3490 ψυχὴν
2514 3417 2899 3488 ἀπορουμένην
2948 3415 3001 3484 ἀ,
3055 3415 3477 3470 κινδυνεύουσαν
3526 3415 3658 3485 περὶ

1970 3507 2080 3561 τῶν
2125 3507 2392 3576 ἐσχάτων,
2426 3505 2531 3558 ὑπὸ
2583 3503 2882 3575 πυρώσεως
2915 3503 3306 3573 συνεχομένην,
3363 3502 3657 3572 δυνηθῆναι

1973 3595 2280 3661 ἀπαλλάξαι
2302 3595 2401 3664 τῆς
2431 3593 2586 3646 νόσου
2615 3609 2628 3657 ;
2652 3577 2797 3654 Οἷον,
2823 3592 2954 3662 ὁρᾷς
2983 3590 3136 3658 φίλον
3165 3589 3273 3642 ὑπὸ
3295 3588 3658 3659 φιλαργυρίας

1975 3684 2370 3755 κατεχόμενον;
2417 3681 2670 3748 Ἐλέησον
2725 3679 2817 3732 τὸν
2859 3678 3166 3749 ἄνθρωπον.
3223 3677 3653 3744 ’Λποπνίγεται;

1975 3771 2176 3824 Σϐέσον
2200 3767 2367 3822 αὐτοῦ
2399 3767 2459 3821 τὸ
2489 3766 2637 3840 πῦρη
2658 3766 2723 3820 Τί
2753 3763 2867 3828 οῦν,
2907 3765 2973 3818 ἂν
3002 3765 3076 3836 μὴ
3136 3764 3418 3835 πείθηται;
3475 3764 3545 3815 Σὺ
3595 3763 3658 3816 τό

1975 3859 2173 3913 σαυτοῦ
2220 3857 2468 3926 ποίησον,
2517 3857 2614 3908 καὶ
2647 3855 2720 3927 μὴ
2769 3855 3139 3925 κατοκνὴσῃς.
3197 3848 3350 3915 Εἶδες
3395 3851 3557 3904 αὐτὸν
3598 3853 3657 3904 ἐν

1971 3949 2192 4018 δεσμοῖς
2245 3946 2647 4017 κατεχόμενον;
2680 3943 2874 4014 (δεσμὰ
2905 3943 3013 4014 γὰρ
3062 3942 3232 4005 ὅντως
3255 3939 3322 3994 τὰ
3350 3940 3656 4011 χρήματα.)

1977 4036 2212 4090 ’Λπελθε
2243 4037 2378 4106 πρὸς
2422 4035 2602 4096 αὐτὸν,
2650 4022 2946 4101 ἐπίσκεψαι
2986 4030 3170 4093 αὐτὸν,
3230 4029 3655 4100 παραμύθησαι,

1973 4128 2265 4197 πειράθητι
2311 4125 2420 4179 τῶν
2477 4125 2692 4192 δεσμῶν
2733 4121 3022 4175 ἀπολῦσαι.
3093 4121 3189 4172 Ἂν
3245 4118 3320 4188 μὴ
3373 4116 3653 4187 βούληται,

1973 4216 2071 4286 τὴν
2103 4214 2282 4268 αἰτίαν
2317 4212 2478 4276 αὐτὸς
2529 4212 2808 4280 ὑπομενεῖ.
2870 4205 3021 4270 Εἶδες
3051 4205 3255 4277 γυμνὸν
3305 4205 3398 4257 καὶ
3451 4203 3603 4269 ξένον
3638 4222 3653 4269 ;

1976 4305 2202 4375 (γυμνὸς
2255 4302 2364 4372 γὰρ
2423 4300 2590 4363 ὅντως
2652 4300 2743 4353 καὶ
2779 4298 2927 4364 ξένος
2994 4297 3110 4348 ἐστὶ
3160 4294 3266 4347 τῶν
3325 4293 3568 4364 οὐρανῶν
3625 4295 3656 4344 ὁ

1977 4393 2092 4462 βίου
2149 4390 2311 4463 ὀρθοῦ
2369 4390 2444 4460 μὴ
2489 4386 2965 4459 ἐπιμελούμενος.)
2996 4383 3141 4438 Λάϐε
3199 4385 3280 4446 είς
3303 4383 3363 4436 τὸ
3404 4382 3690 4452 καταγώση

1975 4499 2092 4550 γιον
2123 4482 2182 4534 τὸ
2206 4481 2320 4544 σὺν,
2360 4479 2619 4549 περίϐαλε
2667 4477 2860 4545 ἱμάτια
2889 4475 2956 4528 τὰ
2985 4475 3082 4543 τῆς
3127 4473 3350 4543 ἀρετῆς,
3375 4471 3460 4529 δὸς
3500 4472 3657 4526 πόλιν

1974 4573 2072 4645 τὴν
2095 4573 2152 4625 ἐν
2169 4568 2402 4642 οὐρανῷ.
2421 4568 2486 4622 Τί
2502 4564 2612 4631 οῦν,
2641 4567 2707 4620 ἂν
2727 4564 3052 4633 ἐγὼγυμνὺς
3067 4557 3131 4625 ὦ,
3150 4561 3283 4632 φησί
3305 4561 3442 4626 ;Κα“ι
3460 4559 3656 4613 σαυτὸν

1977 4665 2195 4718 ἐνδυσον
2242 4660 2480 4732 πρῶτον·
2513 4660 2562 4710 εί
2594 4653 2742 4718 οἶδας
2775 4656 2856 4708 ὅτι
2891 4653 3096 4724 γυμνὸς
3151 4647 3222 4716 εἷ,
3287 4650 3505 4714 πάντως
3562 4651 3657 4707 καὶ

1977 4753 2057 4804 ὅτι
2093 4747 2376 4819 ὲνδυθῆναι
2418 4745 2656 4814 ὀφείλεις
2703 4741 2868 4803 οἶδας.
2901 4740 2965 4795 Εἰ
2989 4738 3194 4808 ταύτης
3247 4737 3407 4807 μόνον
3432 4737 3530 4804 τῆς
3556 4752 3656 4802 γυ-

1981 4839 2240 4910 μνότητος
2291 4833 2584 4889 ἐπίστασαι
2630 4830 2720 4884 τὸν
2735 4829 2969 4902 τρόπον,
2999 4827 3204 4898 δυνήσῃ
3226 4824 3428 4894 γνῶναι
3457 4823 3657 4910 ῥᾳδίως

1976 4909 2071 4981 καὶ
2125 4925 2224 4997 τὴν
2282 4923 2449 4993 αὐτῆς
2504 4917 2867 4986 καταστολήν.
2920 4913 3093 4968 Πόσαι
3149 4914 3408 4982 γυναῖκες
3451 4909 3659 4982 σηρικά

1937 4998 1948 5010 ’
1979 5015 2172 5086 ἱμάτια
2219 5011 2467 5082 φοροῦσι,
2497 5007 2701 5080 γυμναὶ
2726 5006 2782 5060 δὲ
2817 5005 2988 5067 ὅντως
3016 5004 3123 5057 εἰσὶ
3171 5002 3281 5057 τῶν
3321 5002 3419 5072 τῆς
3453 4999 3657 5071 ἀρετῆς

1979 5103 2242 5174 ίματίωνς
2271 5100 2488 5161 Ταύτας
2521 5099 2569 5150 οἱ
2625 5095 2819 5166 ἄνδρες
2872 5090 3342 5163 περιϐαλέτωσαν.
3397 5088 3536 5142 Ἀλλ’
3592 5086 3653 5140 οὐ

1977 5191 2288 5263 προσίενται
2344 5186 2411 5240 τὰ
2459 5185 2650 5254 ἱμάτια
2689 5183 2893 5244 ἐκεῖνα,
2925 5179 3062 5232 ἀλλὰ
3113 5177 3286 5232 ταῦτα
3337 5175 3653 5246 βούλονται;

1978 5261 2150 5334 Τοῦτο
2202 5277 2418 5350 πρῶτον
2453 5273 2698 5342 ποίησον·
2734 5273 2814 5333 εἰς
2852 5269 2950 5340 τὴν
3000 5266 3296 5337 ἐπιθυμίαν
3347 5263 3514 5326 αὐτὰς
3547 5261 3655 5314 τῶν

1981 5368 2212 5440 ἱματίων
2251 5349 2492 5418 ἐκείνων
2521 5360 2888 5427 κατάστησον,
2917 5356 3089 5422 δεῖξον
3126 5356 3206 5408 ὅτι
3262 5349 3468 5422 γυμναί
3521 5350 3652 5412 εἰσι,

1981 5436 2286 5525 δἰαλέχθητι
2314 5451 2444 5522 περὶ
2471 5449 2570 5518 τῆς
2607 5446 2842 5519 κρίσεως
2869 5445 2970 5514 τῆς
3001 5441 3330 5513 μελλούσης·
3361 5438 3501 5490 είπὲ·
3527 5436 3657 5488 "A1—

1979 5545 2085 5598 λων
2115 5545 2246 5614 ἡμῖν
2280 5543 2398 5594 ἐκεῖ
2425 5538 2525 5601 δεῖ,
2558 5537 2618 5589 οὐ
2643 5534 2868 5588 τούτων.
2907 5533 2972 5586 El
2998 5531 3056 5585 δὲ
3084 5525 3364 5614 ἀνέχοισθέ
3393 5541 3520 5614 μου,
3558 5525 3656 5576 καὶ

1979 5628 2090 5699 ἐγὼ
2109 5609 2207 5698 τῆν
2230 5625 2548 5695 γυμνότητα
2567 5619 2744 5683 δείξω.
2782 5619 2839 5670 ὐ
2864 5614 3088 5686 γυμνὸς,
3113 5612 3316 5682 ψύχους
3351 5610 3450 5680 μὲν
3479 5609 3653 5672 ὄντος,

1979 5718 2197 5788 πέπηγε
2230 5713 2325 5767 καὶ
2347 5711 2558 5782 τρέμει,
2585 5708 2680 5760 καὶ
2712 5702 3143 5774 συνεσταλμένος
3171 5700 3393 5788 ἕστηκε,
3420 5712 3655 5788 συναγα-

1979 5805 2092 5876 γὼν
2117 5783 2254 5866 τοὺς
2281 5799 2591 5872 βραχίονας·
2626 5795 2820 5865 θέρους
2846 5793 2903 5848 δὲ
2924 5791 3098 5855 ὄντος,
3139 5789 3240 5847 οὐκ
3291 5786 3394 5842 ἔτι.
3428 5783 3661 5876 “Av-tot-

1980 5873 2073 5947 νυν
2116 5892 2272 5959 δείξω
2327 5887 2423 5943 καὶ
2470 5886 2596 5949 τοὺς
2652 5881 3015 5944 πλουτοῦντας
3045 5878 3138 5934 καὶ
3165 5876 3265 5941 τὰς
3323 5873 3658 5936 πλουτούσας

2044 6094 2065 6122 ε
2094 6088 2228 6139 Idem
2253 6084 2395 6135 τοῦτο
2417 6081 2733 6140 τελειότητος.
2799 6077 2826 6119 ά
2861 6078 2953 6130 Alii
2976 6075 3341 6142 ἀπεβριμμένην.
