4112 6440
490 367 592 423 197

487 483 730 554 τοσούτῳ
761 479 997 552 μάλιστα
1022 478 1255 552 γυμνὰς,
1311 480 1422 549 ὅσῳ
1459 478 1697 548 μάλιστα
1728 475 1793 530 ἂν
1830 475 2169 548 περιϐάλων-

485 588 600 639 ται,
635 571 710 642 μὴ
739 568 1135 640 ἀπεχθάνεσθε.
1169 567 1236 622 Τί
1260 563 1376 632 οῦν,
1430 566 1551 620 εἰπέ
1586 583 1698 637 μοι,
1730 565 1861 617 ὅταν
1891 565 2017 627 τοὺς
2042 564 2170 634 περὶ

486 661 713 731 γεέννης
763 658 1111 731 ἀνακινῶμεν
1159 659 1374 729 λόγους,
1433 657 1530 711 καὶ
1569 656 1678 709 τῶν
1732 653 2169 726 βασανιστηρίων

486 748 735 812 ἐκείνων,
770 748 892 818 οὐχὶ
928 747 1133 818 μᾶλλον
1178 747 1289 800 τῶν
1317 744 1541 816 γυμνῶν
1568 744 1795 797 ἐκείνων
1852 743 2169 813 πεπήγασιν

484 832 631 891 οὗτοι
653 837 748 890 καὶ
771 837 1103 907 τρέμουσιν;
1135 835 1259 906 ούχὶ
1291 834 1464 904 πικρά
1509 831 1851 895 στενάζουσι,
1881 830 1975 884 καὶ
1996 846 2170 883 καταα·

484 924 798 990 δικάζουσιν
821 924 1086 990 ἐαυτούς;
1122 923 1188 977 Τί
1213 923 1324 987 δαὶ,
1375 922 1505 975 ὅταν
1535 919 1612 990 τῷ
1644 919 1778 973 δεῖνι
1816 919 2168 989 προσέρχων-

484 1030 577 1067 ται
609 1014 704 1066 καὶ
723 1012 973 1082 λέγωσιν’
1006 1008 1173 1075 Εῦξαι
1194 1010 1336 1081 ὑπὲρ
1360 1008 1518 1079 ἐμοῦο
1542 1007 1667 1078 οὐχὶ
1690 1007 1759 1060 τά
1782 1005 1927 1061 αὐτὰ
1950 1007 2171 1077 ῥήματα

487 1100 815 1169 φθέγγονται
845 1100 1109 1163 ἐκείνοιςς
1163 1098 1325 1153 Ἀλλά
1354 1096 1450 1150 νῦν
1488 1096 1608 1167 μὲν,
1655 1096 1757 1149 ὅσα
1785 1094 1852 1148 ἂν
1898 1094 2167 1165 εἴπωμεν,

486 1186 641 1241 οὔπω
668 1187 805 1259 δήλη
838 1189 871 1258 ὴ
926 1186 1224 1256 γυμνότηςο
1279 1184 1434 1237 ἔσται
1475 1184 1533 1237 δὲ
1572 1185 1689 1236 ἐκεῖ
1731 1182 1888 1254 δήλη.
1919 1180 2045 1245 Πῶς
2074 1182 2169 1235 καὶ

486 1275 593 1328 τίνι
620 1275 842 1345 τρόπῳ;
878 1275 1046 1328 Ὅταν
1086 1273 1197 1327 τῶν
1251 1272 1501 1343 σηρικῶν
1553 1271 1785 1343 ἱματίων
1832 1269 2038 1323 τούτων
2073 1270 2167 1323 καὶ

483 1363 595 1416 τῶν
644 1363 808 1416 λίθων
846 1361 1227 1426 ἀπωλολότων,
1279 1360 1389 1414 ἀπὸ
1446 1359 1626 1431 μόνων
1668 1359 1777 1412 τῶν
1807 1358 1909 1428 τῆς
1964 1358 2169 1429 ἀρετῆς

485 1451 580 1504 κοιλ¹
607 1452 707 1521 τῆς
761 1451 962 1513 κακίας
1013 1449 1245 1521 ἱματίων
1296 1448 1537 1512 ἅπαντες
1591 1447 1914 1516 φαίνωνται·
1956 1448 2083 1501 ὅταν
2115 1447 2165 1499 οί

488 1540 588 1609 μὲν
644 1539 878 1609 πένητες
930 1531 1064 1591 ὦσιν
1121 1537 1489 1607 ἠμφιεσμένοι
1538 1534 1693 1598 δόξαν
1759 1533 1980 1605 πολλὴν.
2021 1536 2071 1588 οί
2108 1533 2165 1586 δὲ

485 1622 852 1688 πλουτοῦντες
881 1626 1080 1696 γυμνοὶ
1103 1625 1199 1678 καὶ
1226 1622 1666 1696 ἀσχημονοῦντες
1690 1622 1828 1693 πρὸς
1878 1622 1949 1675 τά
2000 1623 2165 1676 κολα-

488 1713 690 1785 στήρια
722 1712 1019 1784 σύρωνται.
1072 1714 1137 1767 Τί
1192 1713 1490 1785 άϐρότερον
1527 1709 1595 1785 ἦν
1626 1712 1720 1766 τοῦ
1776 1711 2034 1765 πλουσίου
2068 1712 2163 1766 τοῦ

483 1798 584 1881 τὴν
639 1802 927 1874 πορφύραν
971 1802 1456 1875 ἐνδιδυσκομένου;
1493 1802 1545 1856 τί
1591 1802 1650 1856 δὲ
1700 1800 2026 1871 πενέστερον
2069 1800 2164 1855 τοῦ

483 1886 777 1960 Λαζάρου;
813 1889 897 1953 τίς
944 1884 1127 1945 οὖνλτά
1150 1890 1259 1945 τῶν
1291 1889 1532 1945 ἐπαιτῶν
1564 1889 1860 1960 ἐφθέγγετο
1909 1890 2163 1961 ρήματα;

482 1974 567 2037 τίς
589 1975 644 2028 δὲ
660 1976 717 2028 ἐν
738 1976 972 2050 ἀφθονίᾳ
997 1971 1064 2049 ἦν
1089 1995 1105 2045 ;
1135 1978 1272 2032 Είπέ
1303 1995 1414 2051 μοι,
1452 1979 1506 2032 εῖ
1529 1995 1615 2042 τις
1644 1977 1742 2049 τὴν
1773 1976 1952 2031 οἰκίαν
2006 1995 2163 2049 περι-

482 2061 671 2116 ϐάλλοι
714 2063 929 2129 πολλοῖς
962 2068 1077 2129 τοῖς
1128 2067 1651 2137 παραπετάσμασιν,
1707 2065 1868 2129 αὐτὸς
1907 2066 1964 2119 δέ
2016 2065 2166 2119 ἔνδον

481 2150 719 2222 κάθηται
746 2153 977 2225 γυμνὸς,
1010 2154 1061 2207 τί
1101 2154 1162 2208 τὸ
1192 2154 1418 2226 κέρδος;
1452 2152 1611 2208 Οῦτω
1667 2154 1761 2206 καὶ
1793 2153 1885 2206 ἐπὶ
1922 2153 2031 2207 τῶν
2064 2170 2162 2219 γυ-

481 2239 690 2293 ναικῶν
724 2240 952 2309 γίνεται.
987 2242 1100 2313 Τὴν
1129 2242 1229 2313 μὲν
1268 2245 1377 2313 γάρ
1410 2240 1587 2297 οίκίαν
1621 2241 1721 2312 τῆς
1744 2240 1942 2312 ψυχῆς,
1977 2241 2039 2295 τὸ
2060 2240 2165 2294 σῶ-

485 2340 563 2393 μα
615 2325 781 2396 λέγω,
844 2329 1061 2394 πολλοῖς
1112 2329 1552 2401 περιϐάλλουσινο
1604 2330 1639 2400 ή
1697 2328 1753 2382 δέ
1789 2328 2166 2383 οἰκοδέσποινα

481 2411 631 2467 ἔνδον
684 2418 921 2488 κάθηται
976 2419 1180 2490 γυμνή.
1235 2418 1491 2491 Χρήσατέ
1540 2435 1631 2488 μοι
1676 2418 1805 2480 τοὺς
1841 2417 1942 2488 τῆς
1987 2416 2166 2487 ψυχῆς

480 2500 817 2575 ὀφθαλμοὺς,
843 2507 936 2560 καὶ
987 2506 1251 2572 ὑποδείξω
1290 2508 1419 2577 ὑμῖν
1447 2506 1548 2577 τῆς
1578 2504 1758 2576 ψυχῆς
1814 2505 1915 2576 τὴν
1958 2506 2165 2577 γυμνό-

1340 363 1399 418 S.
1439 359 1728 418 JOANNIS
1767 358 2261 417 CIIRYSOSTOMI
2304 357 2627 414 ABCIIIEP.
2670 354 3203 413 CONSTANTINOP

3855 359 3956 415 198

2275 493 2434 547 τητα.
2471 475 2535 526 Τί
2567 474 2676 546 γάρ
2700 477 2849 528 ἐστιν
2875 474 3092 545 ἱμάτιον
3118 472 3331 543 ψυχῆς,
3382 472 3572 544 Ἀρετὴ
3587 470 3740 545 [207]
3771 472 3960 543 δηλον-

2272 565 2374 617 ότι.
2407 564 2475 616 Τί
2523 563 2580 616 δὲ
2608 564 2927 632 γυμνότης;
2968 561 3177 615 Κακία.
3203 559 3474 632 Καθάπερ
3502 561 3610 633 γὰρ
3637 561 3791 626 εἴτις
3821 564 3959 617 ἀπο-

2271 651 2451 704 δύσειέ
2475 667 2599 705 τινα
2628 650 2741 703 τῶν
2781 649 3106 720 ἐλευθέρων,
3140 648 3457 720 αἰσχύνεται
3488 650 3582 703 καὶ
3609 649 3958 704 συστέλλεται

2271 740 2367 793 καὶ
2399 738 2776 809 φεύγει-οὕτω
2796 738 2860 809 δὴ
2894 739 2991 791 καὶ
3030 737 3199 808 ψυχὴ,
3248 736 3315 791 ἂν
3363 736 3611 807 θέλωμεν
3652 739 3735 801 είς
3785 739 3959 809 αὐτὴν

2275 828 2428 891 ἰδεῖν,
2460 829 2493 896 ἡ
2520 827 2596 897 μὴ
2618 825 2791 879 ταῦτα
2813 826 3013 895 ἐχουσα
3051 825 3121 878 τά
3140 826 3154 878 ί
3163 825 3353 894 μάτια,
3377 824 3625 899 ἐρυθριᾷ.
3650 827 3725 879 Πό
3736 844 3831 890 σας
3855 826 3959 880 οἴει

2270 914 2367 967 νῦν
2396 913 2765 986 αίσχύνεσθαι,
2812 915 2909 967 καὶ
2940 913 3076 985 πρὸς
3106 912 3236 966 αὺτὲ
3274 913 3641 968 καταδύεσθαι
3683 916 3744 968 τὸ
3771 914 3956 986 βάθος,

2270 1002 2461 1074 ὥσπερ
2476 1021 2529 1057 τι
2540 1002 2955 1074 παραπέτασμα
2967 1004 3061 1056 καί¹
3078 1002 3454 1075 προκάλυμμα
3471 1004 3728 1074 ἐπιζητού
3738 1023 3856 1068 σας,
3867 1005 3959 1057 ἵνα

2271 1091 2479 1145 τούτων
2519 1090 2595 1162 μὴ
2623 1090 2872 1144 ἀκούοιεν
2899 1090 3008 1144 τῶν
3051 1090 3261 1159 λόγων;
3291 1089 3357 1144 Αἱ
3381 1090 3438 1145 δὲ
3471 1091 3637 1162 μηδὲν
3661 1091 3959 1145 συνειδυῖαι

2269 1179 2511 1244 ἑαυταῖς,
2536 1180 2854 1248 γάννυνται,
2887 1177 3192 1249 χαίρουσιν,
3225 1178 3613 1251 ἐναϐρύνονται
3638 1180 3730 1233 καὶ
3758 1178 3964 1248 ἐγκαλ-

2269 1266 2602 1333 λωπίζονται
2630 1271 2747 1333 τοῖς
2776 1268 3115 1337 λεγομένοις.
3175 1269 3443 1322 Ἀκουσον
3470 1268 3598 1339 περὶ
3648 1269 3747 1339 τῆς
3776 1286 3967 1340 μακα-

2272 1355 2393 1422 ρίας
2438 1355 2670 1426 Θέκλης,
2715 1356 2930 1425 Ἐκείνη
2957 1356 3045 1408 ἴνα
3072 1354 3423 1428 Παῦλονδίδῃ,
3473 1356 3568 1409 καὶ
3613 1356 3684 1410 τὰ
3743 1357 3958 1429 χρυσία

2269 1442 2471 1496 ἔδωκεν
2498 1443 2720 1514 ἑαυτῆς
2755 1444 2821 1497 σὺ
2853 1442 2911 1497 δὲ
2943 1443 3031 1497 ἵνα
3059 1443 3153 1496 τὸν
3192 1444 3429 1517 Χριστὸν
3453 1445 3591 1516 ἴδῃς,
3616 1443 3732 1497 ούδέ
3762 1444 3962 1498 ὀϐολὸν

2268 1533 2447 1597 δίδως,
2487 1532 2625 1587 ἀλλά
2649 1532 2954 1605 θαυμάζεις
2979 1533 3083 1603 μὲν
3117 1533 3190 1587 τά
3219 1536 3567 1606 γεγενημένα
3599 1535 3687 1589 ὑπ’
3710 1536 3958 1607 ἐκείνης,

2268 1622 2330 1675 ού
2371 1621 2553 1693 ζηλοῖς
2572 1621 2651 1675 δέ.
2678 1622 2793 1675 Ούκ
2813 1621 3036 1686 ἀκούεις
3070 1621 3187 1686 πῶς
3208 1624 3337 1688 τοὺς
3387 1624 3687 1695 ἐλεήμονας
3714 1625 3963 1696 μακαρί-

2271 1710 2355 1775 ζει
2379 1712 2407 1764 ό
2442 1711 2652 1780 Λόγος;
2682 1710 2975 1780 Μακάριοι
3014 1713 3071 1766 οἱ
3104 1712 3456 1783 ἐλεήμονες,
3494 1714 3678 1785 φησὶν,
3719 1715 3807 1768 ὅτι
3845 1716 3959 1768 αὐ-

2263 1801 2349 1854 τοὶ
2406 1801 2864 1868 ἐλεηθήσονται.
2911 1800 2977 1853 Τί
3001 1801 3060 1853 τὸ
3120 1802 3314 1873 κέρδος
3347 1804 3456 1857 ἀπὸ
3489 1803 3598 1857 τῶν
3642 1803 3961 1857 πολυτελῶν

2266 1887 2541 1957 ἱματίων;
2574 1887 2736 1958 μέχρι
2770 1887 2901 1941 πότε
2934 1887 3071 1959 πρὸς
3100 1889 3306 1961 ταύτην
3341 1892 3651 1962 κεχήνὰμεν
3680 1894 3779 1962 τὴν
3826 1910 3957 1946 στο-

2265 1972 2403 2044 λήν;
2448 1974 2888 2047 Ἀμφιασώμεθα
2922 1978 3023 2049 τὴν
3080 1976 3239 2046 δόξαν
3269 1980 3365 2033 τοῦ
3418 1982 3679 2052 Χριστοῦ,
3717 1984 3959 2053 περιϐα-

2264 2060 2486 2132 λώμεθα
2512 2063 2574 2116 τὸ
2596 2063 2795 2128 κάλλος
2814 2066 3010 2131 ἐκεῖνο,
3043 2066 3131 2121 ἵνα
3158 2068 3252 2122 καὶ
3283 2068 3516 2122 ἐνταῦθα
3546 2070 3651 2123 ἐπα
3663 2069 3956 2141 ινεθῶμεν,

2267 2152 2363 2204 καὶ
2422 2152 2540 2204 ἐκεῖ
2587 2151 2697 2205 τῶν
2754 2153 2991 2207 αἰωνίων
3051 2151 3308 2226 τύχωμεν
3354 2155 3597 2225 ἀγαθῶν,
3629 2157 3815 2229 χάριτι
3856 2161 3957 2212 καὶ

2263 2239 2651 2313 φιλανθρωπία
2678 2241 2774 2295 τοῦ
2833 2241 3040 2315 Κυρίου
3074 2242 3232 2316 ἡμῶν
3286 2244 3460 2314 Ἰησοῦ
3512 2246 3773 2316 Χριστοῦ,
3831 2247 3958 2317 μεθ’

2261 2320 2323 2381 οῦ
2349 2327 2428 2401 τῷ
2462 2329 2637 2400 Πατρὶ
2689 2329 2808 2400 ἅμα
2857 2328 2935 2401 τῷ
2988 2330 3130 2402 ἀγίῳ
3178 2332 3460 2403 Πνεύματι
3509 2333 3658 2400 δόξα,
3723 2334 3959 2403 κράτος,

2262 2416 2418 2488 τιμὴ,
2455 2416 2552 2471 νῦν
2589 2418 2686 2472 καὶ
2726 2418 2834 2485 ἀεὶ,
2888 2418 2984 2472 καὶ
3041 2420 3121 2483 είς
3156 2419 3284 2483 τοὺς
3317 2418 3522 2484 αἰῶνας
3568 2420 3679 2475 τῶν
3711 2419 3956 2477 αἰώνων.

2274 2507 2469 2579 Ἀμήν.

620 2631 3830 2660 *ῌΜ-Μ-

1988 2706 2234 2760 ΟΜῐΛΙΑ
2275 2708 2425 2774 KG".

476 2799 617 2857 Kat‘
661 2798 896 2853 ἐκεῖνον
939 2797 1008 2851 δὲ
1052 2797 1160 2853 τὸν
1214 2797 1427 2867 καιρὸν
1460 2797 1756 2853 ἐπέϐαλεν
1816 2797 2070 2869 Ἡρώδης
2124 2800 2159 2853 ὁ

541 2886 843 2953 βασιλεὺς
874 2884 982 2953 τὰς
1010 2885 1214 2956 χεῖρας
1251 2885 1525 2941 κακῶσαί
1554 2904 1721 2953 τινας
1755 2886 1872 2941 τῶν
1902 2887 2023 2943 ἀπὸ
2047 2886 2159 2954 τῆς

560 2976 948 3043 Ἑκκλησίας.
1005 2974 1234 3029 Ἀνεῖλε
1291 2973 1361 3027 δὲ
1395 2973 1676 3029 Ἰάκωϐον
1725 2976 1828 3029 τὸν
1888 2972 2159 3044 ἀδελφὸν

561 3061 840 3118 Ἰωάννου
881 3062 1169 3132 μαχαίρᾳ.
1206 3061 1318 3116 Καὶ
1379 3061 1522 3116 ίδὼν
1568 3062 1657 3117 ὅτι
1704 3064 1965 3130 ἀρεστόν
2025 3063 2157 3117 ἐστι

548 3150 675 3217 τοῖς
721 3150 1056 3217 Ἰουδαίοις,
1113 3148 1440 3215 προσέθετο
1508 3150 1844 3205 συλλαϐεῖν
1896 3149 1998 3204 καί
2047 3150 2158 3204 Πέ-

547 3255 706 3307 τρον.
735 3234 931 3293 Ἦσαν
966 3238 1035 3291 δὲ
1066 3240 1125 3292 αἱ
1157 3236 1365 3308 ἡμέραι
1399 3238 1521 3292 τῶν
1560 3238 1837 3307 Ἀζύμων.

550 3326 782 3379 α’.Ποῖον
800 3327 1006 3380 ἐκεῖνον
1027 3325 1175 3394 λέγει
1197 3327 1388 3397 καιρόν
1406 3326 1659 3392 ;Πάντως
1671 3327 1761 3380 τὸν
1777 3327 1997 3398 ἐφεξῆς.
2014 3326 2156 3382 Ἀλλ’

478 3412 710 3467 ἐνταῦθα
741 3414 837 3485 μὲν
878 3412 1076 3478 οὕτως,
1118 3414 1354 3486 ἀλλαχοῦ
1405 3415 1465 3469 δέ
1512 3414 1733 3487 ἐτέρως,
1773 3416 1944 3469 Ὅταν
1970 3416 2081 3489 γὰρ
2127 3419 2157 3471 ὀ

477 3501 759 3565 Ματθαῖος
796 3502 960 3573 λέγει’
1006 3502 1109 3556 Ἐν
1151 3502 1279 3569 ταῖς
1312 3503 1561 3571 ἡμέραις
1608 3503 1867 3572 ἐκείναις
1906 3505 2156 3576 παραγί-

476 3604 639 3642 νεται
674 3589 957 3657 Ἰωάννης
1005 3591 1355 3660 κηρύσσων.
1416 3591 1477 3645 ού
1535 3591 1633 3656 τάς
1682 3592 1879 3663 ἐφεξῆς
1942 3593 2156 3665 ἡμέρας

474 3674 648 3747 δηλῶν
677 3677 848 3747 λέγει,
886 3677 999 3733 ἀλλ’
1025 3679 1260 3746 ἐκείνας,
1296 3681 1354 3732 ἐν
1402 3674 1489 3744 αἷς
1513 3679 1705 3751 ἔμελλε
1734 3681 1981 3751 γίνεσθαι
2012 3681 2155 3756 ἅπερ

475 3763 759 3835 διηγεῖται.
787 3764 950 3829 Ἐθος
986 3765 1093 3836 γάρ
1142 3768 1210 3838 τῇ
1257 3768 1446 3838 Γραφῇ
1495 3767 1673 3839 τούτῳ
1720 3768 2024 3840 κεχρῆσθαι
2076 3768 2155 3839 τῷ

476 3852 684 3921 τρόπῳ,
738 3853 829 3907 καὶ
856 3854 987 3907 ποτὲ
1022 3853 1121 3925 μὲν
1166 3853 1238 3908 τὰ
1263 3854 1390 3925 ἑξῆς
1430 3855 1800 3927 συμϐαίνοντα
1847 3857 2155 3921 ἀκολούθως

478 3938 773 4003 ἐκτιθέναι,
836 3941 967 3995 ποτέ
1018 3941 1074 3995 δὲ
1120 3942 1191 3996 τά
1252 3942 1476 4015 ὕστερον
1542 3943 1859 4016 συμϐαίνειν
1894 3944 2155 4016 μέλλοντα

476 4025 552 4090 ὡς
579 4026 776 4098 ἐφεξῆς
807 4028 1190 4099 ἀπαγγέλλειν.
1226 4030 1425 4096 Καλῶς
1466 4031 1524 4086 δὲ
1560 4031 1733 4101 λέγει,
1778 4032 1861 4087 ὅτι
1900 4032 2154 4102 Ἡρώδης

478 4119 512 4169 ὁ
552 4116 855 4184 ,βασιλεύς
878 4134 891 4147 ’
953 4112 1108 4184 οὗτος
1140 4120 1249 4192 γὰρ
1287 4122 1387 4175 οὐκ
1432 4117 1502 4195 ἦν
1553 4125 1583 4177 ὁ
1619 4123 1714 4177 ἐπὶ
1749 4122 1846 4177 τοῦ
1891 4124 2147 4196 Χριστοῦ.

489 4202 619 4257 Ἰδοὺ
653 4206 960 4277 πειρασμὸς
986 4207 1191 4279 ἕτερος.
1227 4210 1335 4263 Καὶ
1364 4210 1483 4281 ὅρα,
1516 4212 1652 4284 ὅπερ
1680 4211 1739 4278 ἐξ
1768 4211 1941 4284 ἀρχῆς
1977 4208 2152 4281 εἶπον,

478 4290 595 4355 πῶς
642 4292 712 4346 τά
767 4294 1066 4365 πράγματα
1122 4296 1417 4364 πλέκεται,
1476 4298 1595 4364 πῶς
1653 4299 1721 4352 δι’
1770 4301 2009 4364 ἀνέσεως
2060 4302 2156 4355 καὶ

478 4376 712 4447 θλίψεως
771 4380 951 4434 πάντα
1007 4382 1311 4449 ὑφαίνεται.
1369 4386 1484 4439 Οὐκ
1540 4386 1620 4439 ἔτι
1646 4388 1911 4453 Ἰουδαῖοι,
1939 4389 2060 4442 οὐδὲ
2092 4389 2155 4442 τὸ

481 4460 785 4532 συνέδριον’
819 4463 934 4516 ἀλλ’
963 4466 992 4518 ὁ
1020 4464 1270 4535 βασιλεὺς
1302 4467 1581 4521 ἐπιϐάλλει
1614 4469 1713 4533 τὰς
1751 4472 1939 4541 χεῖρας
1978 4472 2056 4533 εἰς
2092 4470 2155 4524 τὸ

480 4548 748 4621 κακῶσαι.
785 4550 1002 4615 Μείζων
1034 4555 1066 4623 ἡ
1101 4552 1318 4617 ἐξουσία
1348 4567 1399 4619 ιι,
1429 4555 1808 4628 χαλεπώτερος
1836 4558 1865 4609 ὁ
1896 4557 2150 4628 πόλεμος,

479 4636 590 4708 ὅσῳ
634 4639 729 4691 καὶ
762 4638 899 4709 πρὸς
931 4640 1092 4711 χάριν
1126 4640 1335 4709 ἐγίνετο
1358 4645 1472 4708 τοῖς
1503 4644 1793 4707 Ἰουδαίοις.
1825 4645 2043 4700 Ἀνεῖλε
2086 4646 2155 4699 δὲ

492 4723 762 4780 Ἰάκωϐον
819 4726 927 4780 τὸν
964 4726 1236 4798 ἀδελφὸν
1294 4729 1565 4785 Ἰωάννου
1611 4733 1898 4801 μαχαίρᾳ.
1941 4734 2153 4797 Ἀπλῶς

479 4810 576 4863 καὶ
609 4810 684 4874 ὡς
709 4810 917 4882 ἔτυχεν.
959 4814 1020 4865 Εἰ
1068 4813 1126 4866 δέ
1171 4832 1255 4878 τις
1276 4815 1489 4886 ζητοίη,
1521 4817 1610 4870 διὰ
1634 4818 1688 4871 τί
1722 4819 2097 4896 συνεχώρησεν
2125 4823 2154 4875 ὁ

478 4896 645 4963 Θεὸς;
690 4897 939 4969 ἐροῦμεν,
967 4900 1048 4953 ὅτι
1082 4901 1220 4973 ὑπὲρ
1269 4901 1448 4957 αὐτῶν
1493 4904 1732 4959 τούτων·
1769 4908 1987 4978 πρῶτον
2025 4909 2149 4979 μὲν,

480 4982 684 5037 πείθων
726 4984 944 5049 αὐτοὺς,
976 4986 1058 5039 ὅτι
1093 4988 1186 5041 καὶ
1235 4988 1616 5059 ἀναιρούμενοι
1662 4993 1973 5063 κρατοῦσιν,
2016 4996 2153 5067 ὅπερ

481 5070 576 5124 καὶ
618 5071 712 5125 ἐπὶ
751 5073 1023 5142 Στεφάνου
1072 5075 1296 5143 γέγονε·
1330 5076 1579 5147 δεύτερον
1628 5079 1705 5137 δὲ.
1754 5080 1927 5146 διδοὺς
1971 5085 2154 5149 αὐτοῖς

485 5156 624 5229 μετά
650 5159 711 5211 τὸ
739 5159 1020 5231 ἐμπλῆσαι
1038 5162 1130 5214 τὸν
1154 5160 1324 5229 θυμὸν
1347 5163 1658 5232 ἀνενεγκεῖν
1685 5166 1792 5220 ἀπὸ
1813 5169 1911 5239 τῆς
1933 5172 2163 5256 μανίαςέ

480 5246 575 5299 καὶ
606 5246 810 5316 τρίτον,
837 5246 1072 5313 δεικνὺς,
1102 5250 1184 5302 ὅτι
1219 5249 1360 5302 κατά
1389 5250 1734 5322 συγχώρησιν
1769 5255 1932 5309 αὐτοῦ
1962 5246 2174 5328 γέγονε,

478 5332 653 5386 τοῦτο.
675 5331 825 5405 [208]
860 5333 1030 5388 Ἰδὼν
1048 5333 1135 5399 δὲ,
1164 5335 1251 5389 ὅτι
1273 5337 1532 5404 ἀρεστόν
1551 5339 1680 5393 ἐστι
1695 5342 1820 5408 τοῖς
1833 5344 2154 5414 Ἰουδαίοις,

480 5419 807 5487 προσέθετο
841 5422 1172 5475 συλλαϐεῖν
1209 5424 1311 5478 καὶ
1352 5426 1594 5493 Πέτρον.
1637 5428 1701 5480 Ὢ
1740 5428 1840 5499 τῆς
1875 5434 2099 5504 μιαρίας
2126 5440 2154 5475 b

478 5505 578 5573 τῆς
640 5507 879 5579 πολλῆςί
927 5507 1100 5581 ’Υπὲρ
1158 5511 1320 5566 τίνων
1360 5512 1539 5577 αὐτοῖς
1599 5515 1903 5587 ἐχαρίζετο,
1961 5522 2156 5590 φόνους

478 5593 647 5647 ποιῶν
694 5595 883 5660 ἁπλῶς
928 5597 1022 5649 καὶ
1055 5598 1211 5668 είκῆ;
1257 5594 1368 5655 Ἦν
1395 5600 1463 5653 δὲ
1510 5601 1699 5671 ἡμέρα
1731 5603 1849 5657 τῶν
1886 5605 2152 5676 Ἁζύμων,

478 5679 646 5733 Πάλιν
698 5679 757 5751 if
785 5683 1015 5757 περιττὴ
1053 5684 1162 5739 τῶν
1190 5687 1458 5742 Ἰουδαίων
1513 5689 1865 5761 ἀκριϐολογία
1884 5708 1898 5723 ·
1945 5694 2155 5748 ἀνελεῖν

482 5767 581 5834 μὲν
604 5769 703 5823 οὐκ
742 5772 999 5834 ἐκώλυον.
1028 5776 1086 5828 ἐν
1118 5775 1176 5829 δὲ
1202 5776 1379 5848 καιρῷ
1411 5777 1637 5849 τοιούτῳ
1686 5778 1911 5834 τοιαῦτα
1947 5782 2152 5854 ἐπρατ-

477 5871 588 5910 τον.
635 5859 737 5909 Ὃν
788 5860 886 5912 καὶ
923 5860 1151 5928 πιάσας
1181 5862 1349 5917 ἔθετο
1388 5867 1474 5929 εἰς
1512 5865 1816 5934 φυλακὴν,
1849 5870 2153 5939 παραδοὺς

540 5943 807 6017 ἶ,Ωυίάεεῐη
838 5947 1125 6017 ὁ,[³ασιλεὺς-
1159 5950 1347 6006 Μείζων
1366 5953 1396 6009 ἡ
1423 5952 1629 6008 ἐξουσία.
1718 5953 1744 5990 ιι
1770 5954 1852 6006 Sic
1886 5961 2007 6008 tres.
2033 5971 2148 6008 mss.

483 6000 613 6052 Εὐίιὶ
651 6004 833 6065 μανίας.
869 6000 1004 6055 Enn.

2260 2798 2560 2868 τέσσαρσι
2603 2801 2930 2869 τετραδίοις
2990 2801 3386 2869 στρατιωτῶν.
3444 2803 3553 2857 Καὶ
3603 2803 3695 2857 τοῦ
3768 2803 3954 2875 θυμοῦ

2258 2886 2419 2942 τοῦτο
2459 2883 2529 2959 ἧν
2561 2889 2655 2943 καὶ
2705 2888 2800 2942 τοῦ
2828 2889 3002 2951 δέους.
3047 2889 3287 2956 Ἆνεῖλε,
3346 2891 3500 2962 φησὶ,
3537 2876 3806 2946 Ἰάκωϐον
3838 2892 3957 2947 τὸν

2260 2973 2823 3045 ἀδελφιῖνἸωάννου
2850 2976 3134 3046 μαχαίρᾳ.
3158 2972 3312 3041 Εῐδες
3337 2978 3519 3033 αὐτῶν
3541 2980 3640 3051 τὴν
3662 2980 3949 3049 ἀνδρείαν;

2260 3061 2378 3115 ’Ίνα
2416 3062 2522 3133 γὰρ
2576 3063 2766 3134 μηδεὶς
2803 3063 2959 3136 λέγῃ,
3010 3065 3093 3118 ὅτι
3156 3064 3245 3119 διά
3302 3064 3460 3119 τοῦτο
3506 3067 3803 3132 ἀκινδύνως
3849 3070 3947 3122 καὶ

2258 3148 2429 3213 ἀδεῶς
2483 3149 2862 3221 κατατολμῶσι
2911 3149 3003 3204 τοῦ
3052 3150 3284 3206 θανάτου
3314 3191 3330 3216 ,
3389 3152 3484 3208 ἅτε
3540 3154 3948 3226 ἐξαρπάζοντος

2153 3265 2160 3273 -
2258 3239 2455 3303 αὐτοὺς
2495 3239 2590 3293 τοῦ
2629 3239 2787 3306 Θεοῦ,
2815 3240 2906 3294 διὰ
2935 3239 3093 3295 τοῦτο
3132 3242 3488 3315 ἀναιρεθῆναι
3512 3247 3804 3318 συγχωρεῖ,
3845 3247 3945 3301 καὶ

2256 3326 2385 3388 τοὺς
2430 3326 2765 3397 κορυφαίους
2822 3327 3076 3399 μάλιστα,
3111 3327 3316 3382 πείθων
3363 3331 3562 3395 αὐτοὺς
3619 3332 3746 3395 τοὺς
3789 3332 3934 3386 ἀναι-

2260 3411 2507 3483 ροῦντας,
2543 3413 2624 3465 ὅτι
2669 3412 2789 3465 ούδέ
2823 3413 2998 3469 ταῦτα
3029 3414 3322 3487 ἀφίστησιν
3353 3417 3553 3482 αὐτοὺς
3580 3419 3677 3471 καὶ
3715 3417 3935 3473 κωλύει.

2268 3497 2333 3552 '0
2380 3498 2500 3593 μὲν
2534 3495 2649 3593 οέἷν
2687 3500 2910 3570 Πέτρος
2936 3502 3199 3571 ἐτηρεῖτο
3226 3504 3298 3558 ὲν
3323 3502 3400 3593 τῇ
3432 3504 3712 3593 φυλακῇο
3750 3522 3949 3593 προσοι

2257 3587 2408 3656 ευχὴ
2438 3586 2507 3640 δὲ
2545 3584 2627 3660 ἦν
2673 3589 2924 3659 ἐκτενης
2961 3590 3246 3661 γινομένη
3286 3592 3405 3646 ὑπὸ
3435 3591 3546 3661 τῆς
3577 3584 3971 3663 Ἕλικλησίαςί

2258 3675 2410 3743 πρὸς
2456 3675 2560 3731 τὸν
2607 3677 2756 3732 Θεὸν
2807 3678 2959 3747 ὑπὲρ
2990 3679 3197 3733 αὑτοῦ.
3251 3680 3389 3751 Περὶ
3428 3680 3495 3735 τὰ
3535 3681 3727 3754 καίρια
3751 3683 3941 3738 λοιπὸν

2256 3758 2326 3835 ἦν
2360 3765 2390 3817 ὁ
2417 3763 2587 3832 ἀγών.
2621 3764 2732 3819 Καὶ
2770 3766 2832 3819 τὸ
2860 3768 3065 3820 ἐκεῖνον
3110 3767 3221 3838 γάρ
3258 3769 3632 3840 ἀναιρεθῆναι,
3665 3770 3938 3840 περιδεεῖς

2258 3850 2455 3917 ἐποίει,
2491 3852 2586 3905 καὶ
2627 3852 2691 3905 τὸ
2737 3853 2929 3907 τοῦτον
2982 3853 3375 3928 ἐμϐεϐλῆσθαι.
3417 3856 3547 3911 Ὅτε
3595 3857 3664 3911 δὲ
3719 3857 3947 3928 ἔμελλε

2258 3871 2455 3917 εποιει,
2491 3871 2586 3905 και
2627 3871 2691 3905 το
2737 3871 2929 3907 τουτον
2982 3871 3375 3995 εμυεολητσυαι.
3428 3871 3547 3911 ὐτε
3595 3871 3664 3911 0'8
3719 3871 3947 3928 ἔμελλε

2257 3937 2543 4007 προάγειν
2578 3939 2767 3994 αὑτὸν
2808 3944 2841 3995 ό
2891 3941 3170 4010 Ἡρώδης,
3252 3940 3289 4012 ᾖ
3337 3945 3510 3998 νυκτὶ
3558 3944 3761 4014 ἐκείνῃ
3793 3943 3874 4017 ἦν
3905 3947 3947 4000 ὁ

2261 4024 2485 4093 Πέτρος
2533 4026 2900 4097 κοιμώμενος
2947 4029 3177 4098 μεταξὺ
3225 4029 3334 4085 δύο
3376 4030 3748 4100 στρατιωτῶν
3773 4034 3941 4089 δεδε-

2254 4111 2441 4181 μένος
2483 4113 2744 4167 άλύσεσι
2779 4112 2963 4169 δυσί·
3012 4115 3286 4184 φύλακές
3344 4134 3408 4171 τε
3440 4116 3553 4187 πρὸ
3600 4116 3711 4187 τῆς
3751 4120 3938 4189 θύρας

2258 4197 2513 4267 ἐτήρουν
2556 4199 2671 4267 τὴν
2716 4201 3024 4271 φυλακήν.
3082 4202 3196 4256 Καὶ
3244 4203 3376 4258 ἰδοὺ
3417 4204 3672 4275 ἅγγελος
3714 4208 3943 4275 Κυρίου

2258 4286 2507 4355 ἐπέστη.
2537 4288 2635 4341 καὶ
2658 4287 2782 4356 φῶς
2812 4289 3090 4360 ἔλαμψεν
3106 4291 3177 4345 ἐν
3198 4290 3278 4357 τῷ
3315 4292 3609 4363 οῑκήματι.
3655 4294 3932 4364 Πατάξας

2259 4372 2375 4443 τὴν
2426 4374 2698 4444 πλευρὰν
2747 4376 2855 4431 τοῦ
2897 4378 3127 4446 Πέτρου
3178 4378 3419 4449 ἤγειρεν
3460 4380 3670 4446 αὐτὸν,
3720 4380 3935 4451 λέγων,

2272 4462 2533 4518 Ἀνάστα
2572 4464 2642 4517 έν
2679 4462 2864 4534 τάχει.
2911 4466 3021 4520 Καὶ
3057 4464 3355 4531 ἐξέπεσον
3377 4467 3565 4522 αὐτοῦ
3598 4471 3658 4522 al
3683 4470 3932 4537 ἁλύσεις

2258 4549 2328 4604 ἐκ
2383 4548 2501 4604 τῶν
2547 4549 2780 4620 χειρῶν.
2824 4552 2986 4623 Ὅρα,
3036 4555 3158 4607 κατ’
3188 4554 3405 4626 ἐκείνην
3435 4553 3533 4626 τὴν
3566 4556 3736 4610 νύκτα
3767 4557 3931 4609 αὐτὸν

2260 4637 2558 4709 ἐξήρπασε.
2595 4638 2702 4693 Καὶ
2734 4638 2861 4707 φῶς
2885 4640 3162 4710 ἔλαμψεν
3190 4642 3260 4695 ἐν
3289 4641 3368 4708 τῷ
3398 4643 3697 4713 οἰκήματι,
3726 4644 3809 4697 ἵνα
3852 4644 3933 4717 μὴ

2260 4727 2458 4799 νομίσῃ
2509 4727 2810 4796 φαντασίαν
2865 4724 3037 4781 εἶναι·
3080 4728 3174 4782 καὶ
3205 4728 3267 4781 τὸ
3312 4729 3426 4799 φῶς
3456 4730 3630 4794 οὐδεὶς
3664 4727 3769 4785 εἶδε
3799 4730 3936 4804 πλὴν

2258 4814 2489 4868 ἐκείνου.
2524 4815 2587 4868 El
2636 4814 2744 4885 γὰρ
2793 4816 2888 4868 καὶ
2938 4814 3098 4869 τοῦτο
3143 4814 3357 4885 γέγονε,
3394 4817 3486 4870 καὶ
3530 4818 3677 4888 ὅμως
3716 4819 3935 4890 ἐνόμιζε

2260 4901 2559 4970 φαντασίαν
2610 4897 2749 4954 εἶναι
2812 4901 2899 4954 διὰ
2953 4902 3014 4954 τὸ
3071 4903 3510 4975 ἀπροσδόκητον·
3546 4905 3597 4957 εί
3650 4905 3725 4976 μὴ
3776 4906 3937 4960 τοῦτο

2258 4987 2469 5056 γέγονε,
2506 4987 2684 5058 πολλῷ
2712 4987 2874 5040 πλέον
2899 5003 2913 5018 ο
2964 4986 3108 5041 οὕτω
3139 4991 3508 5060 παρετάττετο
3555 4991 3693 5063 πρὸς
3713 4992 3805 5045 τὸν
3839 4992 3930 5047 θά-

2248 5089 2437 5139 νατον.
2466 5073 2541 5125 Τὸ
2587 5073 2718 5142 γοῦν
2757 5072 2957 5138 πολλὰς
2990 5074 3203 5147 ἡμέρας
3234 5087 3256 5115 ο
3287 5077 3405 5129 ἐκεῖ
3438 5076 3697 5148 μείναντα
3726 5078 3802 5151 μὴ
3829 5097 3941 5134 σω-

2260 5160 2441 5230 θῆναι,
2492 5161 2648 5215 τοῦτο
2689 5162 2880 5218 ἐποίει.
2940 5163 3052 5216 Καὶ
3095 5164 3184 5218 διὰ
3219 5164 3294 5227 τί,
3336 5166 3522 5237 φησὶν,
3567 5168 3668 5219 οὐκ
3723 5168 3937 5237 ἀφῆκεν

2253 5249 2423 5304 αὑτὸν
2460 5250 2537 5313 είς
2568 5250 2664 5313 τὰς
2710 5253 2899 5321 χεῖρας
2926 5252 3187 5320 ἐμπεσεῖν
3215 5251 3480 5325 Ἡρώδου,
3508 5254 3604 5307 καὶ
3622 5254 3741 5308 τότε
3768 5253 3935 5325 ἐξήρ-

2260 5354 2463 5401 πασεν;
2496 5338 2619 5391 Ὅτι
2641 5339 2817 5391 ἐκεῖνο
2849 5339 2948 5408 μὲν
2977 5341 3057 5403 είς
3088 5339 3349 5411 ἔκπληξιν
3382 5342 3590 5413 ἤγαγεν
3623 5343 3717 5397 ἄν·
3776 5341 3932 5395 τοῦτο

2251 5426 2310 5479 δέ
2350 5426 2491 5496 ὑπὲρ
2538 5425 2717 5478 αὐτῶν
2761 5426 2995 5494 ἐγένετο.
3058 5428 3173 5481 Οὐκ
3226 5428 3294 5483 ἂν
3340 5430 3449 5501 γάρ
3494 5429 3859 5501 ἐνομίσθησαν
3905 5428 3935 5468 ά

2253 5511 2530 5583 ἄνθρωποι
2589 5506 2751 5576 εἶναι,
2789 5514 2838 5565 εί
2896 5514 3215 5585 θεοπρεπῶς
3249 5517 3429 5569 πάντα
3465 5516 3661 5571 ἐποίει.
3705 5515 3828 5569 Ἐπὶ
3875 5517 3937 5569 δὲ

2250 5599 2346 5652 τοῦ
2403 5599 2674 5667 Στεφάνου
2706 5600 2759 5652 τί
2803 5601 2905 5654 οὐκ
2950 5602 3246 5672 ἐποίησεν;
3301 5603 3399 5672 οὐχ
3445 5603 3521 5667 ὡς
3580 5603 3814 5673 ἀγγέλου
3877 5603 3939 5655 τὸ

2252 5687 2543 5757 πρόσωπον
2571 5687 2756 5752 αὐτοῖς
2793 5686 3000 5754 έδειξε;
3052 5690 3117 5742 Τί
3171 5690 3229 5743 δέ
3278 5690 3417 5753 ὅλως
3450 5690 3665 5744 ἐνέλιπε
3719 5690 3813 5743 καὶ
3850 5691 3938 5742 ἐν-

2258 5773 2471 5839 ταῦθα;
2512 5770 2662 5828 Εἷπέ
2698 5790 2764 5828 τε
2797 5778 2831 5829 ὁ
2868 5775 3123 5845 ἄγγελος
3161 5776 3312 5844 πρὸς
3354 5778 3576 5831 αὐτόν’
3609 5773 3937 5844 Περίζωσαι

2260 5856 2358 5911 καί
2389 5856 2691 5926 ὑπόδησαι
2717 5856 2790 5912 τὰ
2824 5858 3127 5914 σανδάλιά
3168 5873 3305 5914 σου.
3348 5859 3520 5915 Πάλιν
3551 5858 3786 5914 ἐνταῦθα
3824 5859 3937 5912 δείο

2344 5962 2368 5990 θ
2391 5960 2527 6027 ῌ-ῃυξ
2549 5961 2605 6027 τρ
2625 5962 2716 6027 γὰρ
2740 5964 2932 6027 πολλῶν
2953 5965 3163 6027 ἡμερῶν.
3230 5962 3257 6003 ἆ
3277 5962 3433 6013 Τοῦτο
3462 5965 3513 6013 δὲ
3535 5962 3703 6012 πιστέι
3722 5962 3928 6024 ἐγένετο,

2260 6022 2340 6070 καὶ
2364 6022 2463 6072 οὐδ’
2488 6022 2544 6070 ειν
2569 6022 2803 6087 ἐνομίσθη
2826 6026 2897 6075 sic
2920 6022 3091 6089 angui.
