4112 6490
389 436 489 495 197

392 554 593 626 judicio
615 554 804 612 futuro
828 556 1036 614 dissere
1060 575 1076 623 ;
1102 556 1190 611 die
1222 574 1236 610 :
1270 556 1404 611 Aliis
1422 555 1576 611 nobis
1602 554 1711 610 illic
1735 569 1870 625 opus
1890 564 1995 619 est,

398 663 506 702 non
537 646 718 703 hisce.
762 648 821 705 Si
850 665 939 705 me
982 649 1198 713 feratis,
1227 662 1328 718 ego
1370 648 1664 702 nuditatem
1694 643 1995 701 ostendam.

401 742 588 798 Nudus
618 742 841 813 frigoris
886 754 1126 814 tempore
1166 742 1303 812 riget
1341 752 1396 796 et
1442 740 1623 795 tremit
1645 780 1661 806 ,
1693 746 2000 795 contractus

401 845 542 902 stat,
586 836 829 891 reductis
856 837 1126 897 brachiis:
1162 837 1213 890 in
1242 845 1432 891 testate
1461 849 1587 889 vero
1615 850 1721 889 non
1756 834 1906 889 item.
1940 832 1997 888 Si

400 930 563 1000 igitur
590 930 878 985 ostendero
894 930 1086 985 divites
1119 929 1262 984 viros
1279 938 1333 985 et
1356 928 1611 983 mulieres
1627 942 1692 982 eo
1712 927 1880 997 magis
1900 942 1996 981 nu-

398 1023 498 1078 dos
524 1038 666 1088 esse,
687 1037 795 1093 quo
821 1022 987 1093 magis
1003 1021 1340 1088 suntvestiti,
1359 1035 1429 1076 ne
1457 1036 1599 1090 :rgre
1629 1019 1830 1075 feratis.
1855 1018 1993 1087 Quid

399 1132 550 1188 ergo,
579 1130 904 1186 quteso,cum
930 1116 998 1170 de
1025 1116 1274 1186 gehenna-
1294 1114 1453 1170 verba
1494 1114 1750 1169 faciemus
1774 1154 1789 1179 ,
1819 1113 1994 1184 deque

402 1206 685 1261 tormentis
716 1206 826 1259 illis
859 1225 872 1259 :
904 1221 1081 1260 annon
1111 1206 1282 1275 magis
1311 1205 1386 1260 illi
1432 1206 1603 1276 rigent
1629 1221 1692 1259 ac
1719 1215 1951 1261 tremunt
1975 1247 1989 1271 ,

400 1314 560 1369 quam
590 1298 716 1352 nudi
764 1298 880 1370 illi?
929 1314 1107 1353 annon
1135 1299 1327 1353 acerbe
1372 1299 1758 1370 ingemiscant,
1790 1307 1844 1353 et
1873 1313 1994 1353 sese

399 1390 655 1445 damnant
678 1389 702 1441 ?
732 1388 869 1456 Quid
893 1404 1021 1460 ergo
1047 1430 1062 1455 ,
1096 1389 1312 1459 quando
1340 1390 1573 1461 aliquem
1603 1389 1805 1444 adeunt
1830 1397 1885 1442 et
1913 1389 1994 1443 di~

399 1491 531 1537 cunt
553 1524 569 1550 ,
616 1481 723 1536 Ora
762 1496 860 1551 pro
889 1497 974 1535 tne
999 1498 1013 1535 :
1043 1496 1221 1536 annon
1263 1480 1451 1537 eadem
1479 1522 1493 1547 ,
1524 1496 1644 1551 qute
1675 1480 1784 1545 illi,
1828 1481 1990 1535 verba

401 1573 719 1645 proferunt?
749 1574 816 1627 At
845 1588 985 1627 nunc
1005 1614 1018 1638 ,
1054 1572 1180 1627 licet
1208 1572 1374 1626 multa
1405 1571 1721 1637 dixerimus,
1751 1571 1989 1625 nondum

404 1665 675 1722 manifesta
701 1675 783 1719 est
813 1665 1025 1719 auditas
1049 1682 1063 1718 :
1098 1665 1207 1720 illic
1234 1678 1362 1720 vero
1389 1664 1670 1719 manifesta
1695 1664 1818 1718 erit.
1846 1664 1992 1731 Quo-

408 1760 565 1814 modo
603 1768 656 1814 et
691 1775 796 1830 qua
838 1757 1086 1813 ratione?
1114 1758 1250 1814 Cum
1293 1758 1481 1814 sericis
1526 1758 1633 1813 illis
1663 1757 1899 1813 vestibus
1937 1766 1991 1814 et

398 1853 621 1924 gemmis
660 1853 874 1907 amissis
900 1894 915 1919 ,
960 1852 1092 1907 solis
1124 1851 1211 1908 vel
1240 1852 1454 1907 virtutis
1482 1850 1568 1907 vel
1606 1850 1720 1905 vitii
1750 1851 1989 1906 vestibus

394 1944 575 1999 amicti
600 1958 791 1999 omnes
811 1952 1106 1999 cernentur
1130 1961 1146 2011 ;
1171 1958 1292 1999 cum
1325 1956 1588 2014 pauperes
1610 1942 1779 2014 gloria
1807 1943 1989 1998 amicti

394 2037 560 2092 multa
602 2036 1010 2107 comparebunt,
1050 2037 1245 2094 divites
1274 2051 1405 2092 vero
1441 2036 1571 2091 nudi
1611 2051 1676 2091 ac
1708 2046 1888 2108 turpes
1920 2037 1988 2092 ad

391 2131 651 2200 supplicia
683 2129 983 2186 trahentur.
1012 2129 1151 2198 Quid
1193 2129 1475 2185 delicatius
1509 2139 1626 2185 erat
1660 2128 1755 2184 illo
1779 2128 1946 2183 divite
1968 2169 1985 2194 ,

390 2223 481 2292 qui
508 2221 828 2277 induebatur
850 2222 1122 2293 purpura?
1141 2221 1269 2292 quid
1293 2221 1576 2292 pauperius
1604 2219 1844 2275 Lazaro?
1867 2231 1986 2276 uter

389 2328 519 2383 ergo
563 2313 931 2370 mendicorum
977 2313 1284 2383 proferebat
1325 2313 1535 2369 verba?
1583 2324 1701 2368 uter
1741 2312 1893 2383 quasi
1930 2312 1985 2368 in

386 2404 715 2459 abundantia
757 2404 1037 2476 degebat?
1067 2404 1123 2460 Si
1167 2405 1288 2475 quis
1331 2404 1551 2460 domum
1597 2405 1777 2460 multis
1823 2412 1980 2460 ornet

384 2494 589 2560 aulaeis,
619 2496 735 2565 ipse
764 2510 892 2551 vero
923 2496 1066 2550 intus
1091 2495 1268 2550 nudus
1306 2497 1396 2561 sit,
1429 2496 1572 2566 quod
1606 2496 1814 2551 lucrum
1839 2497 1862 2549 ?
1888 2495 1979 2552 Sic

384 2597 441 2642 et
469 2587 782 2643 mulieribus
802 2587 997 2642 accidit
1027 2605 1040 2640 :
1074 2587 1294 2643 domum
1320 2587 1521 2657 quippe
1543 2587 1758 2651 animae,
1789 2600 1985 2657 corpus

381 2680 529 2747 dico,
562 2681 742 2737 multis
762 2680 1021 2760 decorant
1038 2682 1404 2747 ornamentis;
1430 2680 1833 2737 materfamilias
1854 2683 1983 2736 vero

1338 440 1405 498 IN
1441 440 1624 497 ACTA
1664 437 2197 495 APOSTOLOIKUM.
2243 439 2471 498 "ORDL.
2515 442 2700 500 XXVI.

3604 455 3703 510 £93

2118 556 2260 612 intus
2289 557 2445 616 sedet
2471 562 2634 617 nuda.
2658 561 3007 619 Commodule
3034 564 3163 619 mihi
3192 566 3385 621 anima:
3412 569 3619 639 oculos,
3646 582 3703 628 et

2110 651 2389 706 ostendam
2416 652 2569 707 vobis
2589 653 2781 707 animse
2809 653 3127 713 nuditatem.
3153 657 3283 724 Qute
3308 660 3451 714 enim
3471 671 3554 715 est
3579 664 3700 716 ani-

2078 820 2081 823 _
2108 759 2212 799 mm
2237 745 2440 800 vestis?
2465 745 2647 802 Virtus
2671 755 2839 803 certe.
2869 747 2999 817 Quae
3017 750 3277 807 nuditas?
3303 752 3521 809 Malitia.
3551 754 3704 812 Sicut

2107 837 2250 891 enim
2298 837 2343 891 si
2374 838 2493 906 quis
2535 839 2764 894 liberum
2805 842 3111 911 quempiam
3165 852 3345 908 exuat,
3381 841 3652 903 erubescit
3679 889 3697 913 ,

2104 929 2441 983 contrahitur
2463 941 2518 985 ct
2546 928 2680 1000 fugit
2707 946 2723 986 :
2752 931 2831 987 sic
2865 932 2910 987 si
2943 932 3178 987 animam
3211 934 3293 989 his
3323 936 3563 993 vestibus
3591 954 3697 993 non

2104 1020 2342 1075 indutam
2379 1022 2569 1076 intueri
2598 1022 2822 1077 velimus
2847 1063 2863 1091 ,
2905 1024 3178 1080 erubescit
3219 1026 3330 1081 illa.
3362 1026 3502 1095 Quot
3542 1040 3698 1098 putas

2104 1127 2245 1167 nunc
2275 1112 2478 1182 pudore
2501 1112 2661 1177 afﬁci,
2691 1124 2746 1169 et
2787 1115 2840 1169 in
2870 1115 3196 1185 profundum
3236 1117 3570 1175 descendere
3594 1161 3609 1186 ,
3643 1132 3698 1176 ut

2102 1205 2252 1274 quasi
2281 1205 2566 1276 quodpiam
2598 1207 2959 1262 velamentum
2986 1219 3322 1279 quaerentes,
3354 1218 3415 1265 ut
3443 1228 3510 1267 ne
3535 1213 3696 1266 verba

2103 1296 2193 1350 illa
2224 1296 2488 1351 audiant?
2514 1297 2646 1365 Qute
2670 1313 2800 1353 vero
2830 1298 2972 1353 illius
3015 1300 3117 1355 sibi
3163 1301 3291 1355 mali
3319 1302 3549 1358 conscia:
3590 1318 3698 1358 non

2100 1397 2245 1450 sunt,
2272 1389 2539 1453 laetantur,
2561 1390 2814 1460 gaudent,
2845 1390 3201 1467 delectantur,
3237 1402 3291 1445 et
3317 1392 3385 1447 de
3410 1392 3569 1463 dictis
3592 1393 3697 1447 Int-

2096 1477 2331 1548 jusmodi
2377 1481 2694 1551 gloriantur.
2743 1482 2883 1536 Audi
2920 1482 2988 1537 de
3029 1482 3186 1537 beata
3231 1483 3450 1539 Thecla.
3497 1485 3593 1540 Illa
3640 1497 3697 1540 ut

2103 1573 2326 1628 Paulum
2355 1576 2599 1643 videret,
2634 1590 2824 1631 aurum
2850 1591 3004 1632 suum
3030 1576 3178 1632 dedit
3211 1595 3222 1628 :
3255 1586 3307 1631 tu
3339 1588 3397 1632 ut
3422 1578 3693 1634 Christum

2100 1665 2285 1721 videas
2306 1706 2321 1728 ,
2360 1680 2534 1736 neque
2562 1668 2779 1722 obolum
2808 1667 3022 1723 dederis
3051 1684 3065 1733 ;
3097 1667 3192 1723 sed
3238 1670 3452 1723 miraris
3479 1671 3694 1741 quidem

2100 1756 2243 1811 illius
2267 1766 2439 1827 gesta,
2475 1773 2575 1812 nec
2602 1758 2845 1813 imitaris.
2882 1758 2996 1814 Non
3027 1760 3181 1814 audis
3205 1802 3219 1824 ,
3249 1776 3408 1830 quam
3440 1763 3578 1817 beati
3610 1764 3694 1819 di-

2096 1860 2288 1905 cantur
2312 1851 2732 1906 misericordes?
2754 1850 2902 1905 Beati
2925 1852 3293 1919 misericordes,
3329 1856 3534 1924 inquit,
3559 1873 3689 1924 quo-

2097 1943 2236 1996 niam
2283 1944 2384 2012 ipsi
2421 1944 2824 1998 misericordiam
2873 1936 3241 2015 consequentur
3280 1945 3494 2018 (Matth.
3524 1948 3577 2003 5.
3604 1947 3683 2017 7).

2096 2036 2248 2106 Quod
2275 2037 2480 2092 lucrum
2509 2053 2538 2092 a
2565 2038 2816 2110 pretiosis
2845 2038 3088 2093 vestibus
3107 2040 3132 2091 ?
3156 2040 3412 2108 quamdiu
3447 2042 3513 2096 ad
3549 2042 3690 2097 hunc

2093 2131 2346 2186 amictum
2375 2131 2742 2186 inhiabimus?
2771 2131 3103 2187 Amiciamttr
3125 2134 3296 2204 gloria
3333 2132 3530 2190 Christi
3556 2178 3570 2203 ,
3602 2138 3691 2192 illa

2094 2225 2491 2295 pulchritudine
2515 2225 2946 2294 circumdamur,
2978 2236 3035 2282 ut
3059 2236 3114 2282 et
3142 2228 3230 2282 hic
3271 2227 3551 2283 laudemur
3574 2270 3588 2295 ,
3638 2241 3693 2284 et

2099 2318 2210 2375 illic
2235 2328 2435 2375 (eterna
2470 2334 2867 2393 consequamur
2897 2320 3061 2385 bona,
3088 2322 3257 2391 gratia
3282 2329 3335 2375 et
3367 2320 3693 2391 benignitate

2095 2412 2308 2468 Domini
2339 2412 2507 2468 nostri
2533 2410 2661 2468 Jesu
2689 2410 2914 2475 Christi,
2943 2414 3157 2482 quicum
3191 2412 3335 2466 Patri
3381 2421 3433 2468 et
3468 2413 3689 2483 Spiritui

2094 2515 2284 2561 sancto
2312 2504 2504 2576 gloria,
2536 2505 2844 2574 imperium,
2877 2503 3074 2574 honor,
3103 2520 3247 2560 nunc
3267 2512 3322 2560 et
3347 2519 3564 2576 semper
3587 2546 3603 2572 ,
3636 2514 3692 2561 et

2094 2598 2147 2651 in
2176 2596 2373 2653 saecula
2393 2597 2735 2653 Steculorum.
2769 2599 2963 2652 Antea.

383 2803 3675 2830 mw

1729 2892 2081 2956 HOMILIA
2122 2890 2364 2952 XXVI.

380 3040 512 3096 Csr.
548 3040 632 3095 12.
666 3041 716 3095 l.
760 3039 863 3096 Illo
896 3049 1063 3096 autem
1089 3049 1311 3111 tempore
1331 3039 1467 3095 misit
1499 3038 1728 3094 Herodes
1753 3055 1845 3094 rea:
1867 3055 1979 3093 ma-

454 3151 573 3199 nus,
613 3144 669 3188 ut
715 3134 957 3206 aﬂligeret
1001 3134 1250 3205 quosdam
1296 3133 1360 3186 de
1399 3132 1645 3187 Ecclesia.
1685 3131 1742 3185 2.
1779 3130 1977 3186 Occidit

451 3236 623 3280 autem
664 3225 918 3280 Jacobum
947 3229 1158 3296 fratrem
1196 3223 1417 3279 Joannis
1454 3224 1648 3296 gladio.
1692 3224 1748 3279 ὅ.
1793 3220 1978 3278 Videas

450 3328 619 3372 autem
640 3318 764 3389 quia
785 3316 1002 3386 placeret
1025 3315 1246 3383 Judwis,
1275 3316 1512 3386 apposuit
1542 3324 1595 3369 ut
1623 3314 1976 3386 apprehende-

448 3419 525 3464 ret
545 3420 590 3463 et
624 3408 857 3463 Petrum.
889 3407 1055 3462 Erant
1072 3416 1241 3462 autem
1266 3406 1375 3461 dies
1404 3408 1734 3478 Azgmorum.
1828 3390 1838 3399 ’
1970 3422 2001 3445 ~

451 3503 503 3557 1.
547 3500 700 3567 Quod
732 3499 865 3555 illud
890 3498 1020 3553 dicit
1050 3497 1303 3568 tempus?
1332 3498 1483 3566 Quod
1512 3513 1636 3553 mox
1654 3496 1976 3569 sequebatur

378 3591 584 3662 utique.
619 3590 724 3647 Sed
758 3589 844 3645 hic
869 3589 1084 3661 quidem
1119 3589 1223 3645 hoc
1258 3600 1436 3660 pacto,
1487 3590 1613 3645 alibi
1636 3605 1766 3646 vero
1795 3604 1970 3645 secus.

375 3684 510 3739 Cum
536 3683 678 3737 enim
707 3682 989 3737 Matthmus
1017 3681 1185 3749 dicit,
1217 3681 1286 3737 In
1314 3682 1492 3737 diebus
1520 3683 1624 3736 illis
1650 3683 1781 3736 venit
1803 3682 1973 3737 Joan-

376 3794 464 3831 nes
490 3776 774 3844 praedicans
813 3774 834 3849 (
860 3775 1049 3832 Matth.
1080 3778 1133 3833 5.
1166 3779 1190 3832 1
1217 3776 1276 3848 );
1307 3792 1413 3831 non
1443 3764 1732 3846 sequentes
1758 3776 1875 3833 dies
1901 3778 1975 3833 si-

374 3867 614 3937 gnificat,
663 3867 757 3922 sed
799 3866 942 3935 illos,
973 3867 1026 3923 in
1054 3867 1249 3939 quibus
1293 3866 1407 3922 fieri
1452 3868 1678 3939 contigit
1726 3867 1780 3923 id
1830 3866 1974 3939 quod

374 3959 651 4014 narrabat.
700 3959 814 4015 lloc
857 3960 1055 4031 quippe
1104 3974 1259 4015 more
1305 3958 1475 4014 utitur
1518 3958 1796 4029 Scriptura
1829 3959 1973 4014 :ali-

373 4050 596 4121 quando
633 4067 753 4122 qute
779 4051 1109 4123 subsequata
1153 4061 1281 4107 sunt
1311 4060 1528 4120 narrat;
1557 4052 1843 4124 aliquando
1872 4068 1973 4108 au—

374 4152 483 4199 tem
513 4158 633 4215 quae
660 4153 845 4214 postea
872 4145 1231 4217 contigerunt,
1256 4158 1321 4200 ac
1356 4144 1403 4200 si
1430 4160 1552 4201 mox
1581 4153 1937 4216 sequerentur
1955 4183 1970 4212 ,

373 4247 644 4294 recenset.
681 4239 823 4295 liene
862 4251 1040 4297 autem
1082 4241 1232 4309 dicit,
1284 4241 1514 4297 Herodes
1556 4259 1647 4297 rea:
1673 4257 1691 4296 :
1718 4241 1804 4297 hic
1828 4243 1971 4298 enim

373 4348 484 4387 non
518 4342 633 4387 erat
657 4334 721 4401 is,
768 4334 1007 4404 quicum
1049 4335 1265 4392 Christo
1303 4346 1653 4392 memoratur.
1686 4336 1827 4392 Ecce
1870 4336 1972 4391 alia

375 4426 627 4480 tentatio.
656 4425 724 4480 Et
748 4426 888 4493 vide,
917 4427 1059 4497 quod
1087 4428 1239 4483 initio
1270 4428 1538 4494 dicebam,
1572 4428 1843 4499 quomodo
1885 4441 1974 4483 res

375 4526 683 4585 nectentur,
734 4519 1004 4589 quomodo
1051 4535 1146 4589 per
1187 4522 1420 4591 quietem
1472 4531 1527 4577 et
1572 4536 1668 4591 per
1705 4535 1973 4576 mrumuas

374 4611 558 4666 omnia
586 4620 961 4668 contexautur.
986 4612 1100 4668 Non
1138 4611 1249 4684 jam
1271 4613 1442 4669 Judaei
1464 4654 1480 4681 ,
1509 4628 1615 4669 non
1642 4613 1928 4668 concilium
1954 4629 1969 4679 ;

377 4703 593 4758 sedrex
621 4702 859 4759 immittit
901 4719 1113 4769 manus,
1149 4714 1207 4759 ut
1233 4704 1453 4776 afﬂigat.
1503 4704 1673 4775 Major
1712 4695 1969 4775 potestas,

381 4797 591 4865 gravius
612 4797 830 4864 btllum,
862 4799 1095 4853 maxime
1118 4798 1240 4868 quia
1274 4798 1341 4853 ad
1366 4798 1593 4869 gratiam
1640 4798 1969 4854 luda'orum.

390 4887 582 4944 Occidit
606 4900 775 4945 autem
810 4890 1063 4947 Iacobum
1111 4893 1325 4962 fratrem
1365 4891 1584 4947 Joannis
1620 4892 1812 4963 gladio.
1843 4891 1972 4947 Sine

379 4996 538 5036 causa
563 4991 617 5037 et
644 4992 702 5037 ut
728 4998 857 5039 casu
882 4982 1124 5054 contigit.
1159 4984 1215 5038 Si
1242 4983 1362 5054 quis
1389 4997 1518 5039 vero
1548 4989 1769 5053 quwrat,
1805 4982 1970 5037 curid

377 5076 685 5143 permiserit
755 5075 932 5141 Deus,
983 5074 1436 5145 respondebimus
1481 5091 1578 5145 pro
1631 5074 1737 5129 illis
1794 5073 1968 5145 ipsis:

376 5168 555 5238 primo
587 5168 823 5238 quidem,
860 5178 917 5223 ut
957 5170 1301 5239 persuaderet
1358 5169 1508 5240 ipsis,
1542 5183 1603 5226 se
1640 5170 1723 5224 vel
1763 5169 1971 5225 occisos

378 5261 694 5330 przevalere,
723 5270 781 5315 ut
812 5269 869 5317 et
908 5262 962 5316 in
1000 5263 1278 5333 Stephano
1315 5263 1576 5334 contigit;
1627 5264 1885 5329 secunde,
1914 5272 1973 5319 ut

373 5351 530 5406 daret
555 5349 758 5408 Iudaeis
798 5353 972 5407 locum
995 5394 1009 5420 ,
1042 5363 1324 5425 postquam
1356 5355 1592 5411 furorem
1636 5369 1793 5409 suum
1816 5348 1971 5411 exsa-

376 5446 657 5509 tiaverant,
687 5442 1032 5515 resipiscendi
1059 5449 1128 5503 ab
1153 5448 1391 5515 insania;
1419 5450 1599 5516 tertio,
1633 5457 1692 5503 ut
1720 5448 1972 5504 ostende-

374 5549 459 5593 ret
487 5552 555 5593 ex
576 5539 931 5607 permissnone
964 5554 1059 5593 sua
1092 5540 1143 5594 id
1174 5538 1373 5595 factum
1403 5556 1543 5596 esse.
1586 5540 1776 5595 Videas
1801 5551 1969 5594 autem

374 5631 498 5700 quia
516 5630 735 5700 placeret
755 5631 972 5698 Judwis,
1002 5634 1242 5704 apposuit
1270 5645 1322 5688 ut
1356 5635 1760 5706 apprehendere!
1785 5645 1832 5688 et
1863 5633 1966 5688 Pe-

374 5732 526 5777 trum.
556 5720 604 5778 ο
628 5724 1033 5792 perversitatem
1066 5727 1369 5795 ingentem!
1399 5728 1513 5793 Qua
1536 5728 1588 5781 in
1612 5741 1673 5781 re
1700 5726 1970 5797 gratifica-

376 5814 533 5869 batur
554 5814 703 5884 ipsis,
726 5814 904 5870 czedes
931 5817 1099 5886 gratis
1125 5826 1180 5873 et
1210 5827 1416 5876 temere
1452 5816 1807 5889 perpetrans?
1836 5814 1967 5872 Erat

376 5913 543 5961 autem
579 5908 685 5963 dies
732 5907 1061 5979 Azymorttm.
1108 5909 1305 5968 lterum
1349 5909 1617 5983 superﬂua
1651 5910 1967 5969 Judteorttm

2086 3039 2357 3094 accuratio
2388 3055 2400 3091 :
2428 3036 2676 3093 occidere
2692 3050 2800 3091 non
2820 3035 3194 3106 prohibebant,
3222 3035 3315 3091 sed
3337 3035 3423 3090 tali
3447 3044 3688 3107 tempore

2086 3132 2210 3187 talia
2239 3131 2539 3202 patrabant.
2573 3131 2628 3185 4.
2664 3129 2826 3195 Quem
2864 3146 2979 3184 cum
3010 3129 3450 3201 apprehendisset,
3480 3130 3614 3185 misit
3632 3129 3687 3183 in

2081 3240 2356 3292 carcerem,
2381 3223 2585 3278 tradens
2610 3233 2834 3296 quatuor
2854 3221 3269 3294 quater-itionibus
3290 3222 3526 3276 militum.
3560 3222 3687 3277 llaec

2080 3330 2149 3373 ex
2202 3316 2382 3372 furore
2417 3325 2473 3371 et
2524 3325 2673 3371 metu
2714 3315 2874 3371 facta.
2925 3314 3144 3380 Occidit,
3195 3315 3386 3385 inquit,
3431 3313 3683 3370 Iacobum

2081 3412 2290 3481 fratrem
2306 3407 2534 3465 Joannis
2555 3408 2750 3479 gladio.
2773 3408 3017 3463 Vidistin’
3042 3406 3258 3462 illorum
3278 3404 3640 3463 fortitudinem
3661 3409 3686 3461 ?

2079 3499 2160 3555 Ne
2204 3500 2326 3570 quis
2375 3500 2520 3555 enim
2549 3499 2774 3566 diceret,
2809 3500 2931 3555 ideo
2974 3499 3118 3568 ipsos
3167 3499 3287 3554 sine
3334 3498 3574 3566 periculo
3625 3508 3684 3555 et

2081 3599 2230 3647 metu
2259 3602 2487 3647 mortem
2518 3591 2703 3654 adire,
2732 3590 2854 3661 quia
2904 3591 3045 3645 Deus
3081 3591 3304 3645 eruebat
3347 3592 3511 3661 ipsos,
3563 3592 3684 3648 ideo

2079 3682 2325 3753 permisit
2357 3692 2413 3738 ut
2440 3681 2817 3737 occiderentur
2837 3722 2853 3749 ,
2885 3681 3223 3752 maximeque
3271 3682 3545 3753 corypba-i
3570 3724 3586 3747 ,
3626 3693 3685 3739 ut

2079 3776 2364 3831 homicidia
2406 3776 2739 3843 ostenderet,
2772 3776 2918 3847 ipsos
2950 3791 3123 3847 neque
3156 3776 3237 3832 sic
3281 3775 3547 3833 desistere
3583 3793 3682 3833 ne-

2078 3883 2183 3939 que
2206 3866 2497 3939 prohiberi.
2531 3868 2586 3925 5.
2617 3866 2804 3923 Petrus
2829 3869 3001 3940 itaque
3042 3867 3335 3923 servabatur
3354 3869 3406 3922 in
3436 3885 3636 3923 carcere
3661 3885 3680 3924 :

2079 3960 2245 4014 oratio
2291 3968 2461 4014 autem
2503 3959 2655 4028 ﬁebat
2692 3961 2803 4015 sine
2823 3960 3203 4015 intermissione
3242 3960 3305 4014 ab
3340 3959 3572 4015 Ecclesia
3613 3959 3676 4013 ad

2081 4052 2245 4109 Deum
2271 4069 2363 4124 pro
2392 4070 2471 4110 ea.
2514 4053 2644 4108 Erat
2690 4062 2815 4110 tunc
2858 4052 2927 4108 de
2969 4052 3145 4123 capite
3188 4063 3484 4108 certamen.
3527 4050 3681 4121 Quod

2079 4148 2169 4204 ille
2196 4148 2409 4203 occisus
2434 4158 2598 4212 esset,
2627 4146 2680 4203 id
2703 4144 3078 4202 timorem'illis
3100 4145 3411 4209 incutiebat,
3444 4145 3683 4215 itemque

2078 4237 2221 4309 quod
2252 4237 2339 4293 hic
2368 4238 2422 4292 in
2448 4252 2723 4294 carcerem
2750 4237 3030 4308 conjectus
3057 4246 3225 4293 esset.
3256 4237 3310 4292 6.
3333 4235 3461 4292 Cum
3506 4246 3681 4290 autem

2080 4329 2423 4401 producturus
2450 4345 2563 4384 eum
2589 4339 2715 4384 esset
2744 4328 2999 4396 Herodes,
3030 4339 3178 4383 nocte
3201 4329 3294 4384 illa
3326 4327 3515 4384 Petrus
3558 4330 3681 4382 dor-

2077 4422 2263 4477 miebat
2303 4423 2436 4476 inter
2477 4421 2607 4478 duos
2648 4421 2854 4487 milites,
2897 4419 3096 4476 vinctus
3139 4421 3330 4475 catenis
3366 4420 3604 4474 duabus:
3631 4430 3679 4474 et

2078 4517 2310 4571 custodes
2333 4526 2453 4570 ante
2481 4516 2665 4570 ostium
2703 4515 3049 4571 custodiebant
3077 4530 3356 4567 carcerem.
3390 4513 3445 4568 7.
3476 4511 3543 4566 Et
3567 4530 3680 4567 ecce

2078 4611 2289 4681 angelus
2320 4608 2533 4662 Domini
2557 4608 2770 4672 adstitit,
2796 4617 2842 4661 et
2868 4607 3039 4661 lumen
3065 4606 3265 4675 refulsit
3287 4606 3340 4659 in
3359 4603 3677 4668 habitacula;

2080 4716 2414 4771 percussaque
2437 4701 2596 4753 latere
2616 4698 2775 4764 Petri,
2804 4698 3039 4752 excitavit
3066 4697 3236 4763 illum,
3265 4698 3435 4751 dicens
3466 4713 3485 4751 :
3508 4697 3677 4768 Surge

2078 4794 2334 4848 velociter.
2366 4792 2429 4846 Et
2452 4793 2737 4847 ceciderunt
2767 4803 2961 4846 catena:
2990 4792 3127 4845 illius
3144 4792 3209 4846 de
3233 4789 3483 4845 manibus.
3516 4789 3670 4853 Vide,

2079 4888 2166 4942 illa
2201 4896 2359 4942 nocte
2388 4885 2561 4957 ipsum
2598 4885 2816 4955 eripuit.
2851 4883 2918 4939 Et
2950 4884 3127 4938 lumen
3145 4883 3345 4953 refulsit
3383 4882 3437 4937 in
3481 4882 3679 4937 habita-

2078 4980 2214 5046 calo,
2245 4994 2311 5034 nc
2358 4987 2570 5049 putaret
2612 4992 2733 5032 esse
2778 4984 3048 5045 spectrum
3083 4994 3097 5030 :
3128 4976 3310 5030 lucem
3348 4988 3477 5029 vero
3517 4988 3676 5029 nemo

2080 5071 2212 5126 vidit
2241 5081 2438 5142 prteler
2467 5071 2639 5125 illum.
2676 5068 2898 5124 Etiamsi
2927 5068 3072 5123 enim
3103 5066 3206 5122 hoc
3233 5066 3303 5121 ita
3336 5064 3532 5120 factum
3557 5064 3676 5119 fue-

2077 5165 2178 5231 rit,
2209 5164 2260 5218 id
2293 5174 2468 5219 ωηιξη
2498 5165 2587 5219 ille
2615 5162 2948 5234 phantasiam
2980 5176 3101 5217 esse
3133 5161 3386 5232 putabat,
3411 5158 3552 5228 quod
3586 5172 3673 5213 res

2077 5256 2444 5324 inexspectata
2492 5266 2669 5321 esset;
2729 5255 2829 5310 nisi
2883 5254 2955 5309 ita
3009 5253 3205 5308 laetum
3248 5251 3455 5317 fuisset,
3503 5249 3673 5324 multo

2077 5348 2250 5417 magis
2290 5348 2656 5417 suspicaturus
2691 5356 2805 5401 erat
2836 5362 2850 5398 :
2882 5346 2952 5400 ita
2997 5356 3185 5400 contra
3227 5352 3456 5397 mortem
3497 5339 3672 5393 aciem

2077 5439 2439 5504 instruxerat;
2466 5439 2626 5510 idque
2644 5440 2767 5509 quia
2791 5446 3071 5508 postquam
3097 5435 3278 5490 multis
3293 5433 3483 5490 diebus
3512 5430 3672 5486 isthic

2078 5542 2366 5597 manserat,
2397 5533 2632 5587 nondum
2658 5541 2874 5602 ereptus
2919 5528 3125 5584 fuisset.
3150 5527 3219 5582 Et
3246 5539 3379 5591 cur,
3428 5525 3663 5594 inquies,

2078 5641 2184 5681 non
2212 5625 2455 5696 permisit
2498 5626 2637 5679 Deus
2676 5634 2734 5678 ut
2777 5622 2831 5677 iu
2874 5638 3065 5677 manus
3097 5618 3363 5675 incideret
3410 5617 3664 5681 llerudls,

2075 5728 2132 5776 et
2160 5728 2287 5776 tunc
2306 5717 2541 5788 eripuit?
2566 5716 2702 5783 Quia
2739 5714 2870 5769 illud
2916 5714 2969 5767 in
2995 5723 3278 5783 stuperent
3299 5705 3625 5780 coniecisset
3654 5727 3670 5777 ;

2076 5810 2180 5868 hoc
2204 5820 2385 5866 autem
2415 5824 2510 5880 pro
2531 5809 2638 5863 illis
2664 5806 2845 5864 fiebat.
2871 5806 3056 5878 Neque
3082 5805 3227 5862 enim
3259 5814 3500 5876 putatum
3537 5802 3672 5859 fuis-

2077 5919 2159 5966 set
2185 5907 2334 5982 ipsos
2371 5917 2494 5964 esse
2526 5903 2793 5973 homines,
2823 5901 2870 5958 si
2914 5901 3095 5959 omnia
3135 5898 3391 5957 divinitus
3424 5898 3669 5956 fecisset.
