4112 6486
423 448 520 503 199

415 569 568 623 Cinea
594 561 920 632 Stephanum
951 567 1129 614 autem
1159 557 1286 627 quid
1317 571 1420 610 non
1451 552 1621 608 fecit?
1646 567 1825 606 nonne
1856 561 1994 603 tam-

417 672 576 729 quam
604 653 779 722 angeli
808 644 1008 706 vultum
1035 649 1115 704 eis
1144 645 1425 702 exhibuit?
1451 643 1584 711 Quid
1613 652 1792 697 autem
1835 650 1888 695 ct
1916 639 2002 694 hic

417 759 562 804 retro
605 745 852 801 relictum
883 741 1006 798 est?
1047 741 1100 796 8.
1130 737 1276 794 Dixit
1304 747 1469 791 autem
1499 736 1707 806 angelus
1749 733 1817 786 ad
1842 748 1956 787 eum
1982 749 2002 786 :

417 839 682 909 Pracinge
705 845 770 901 te,
803 844 851 889 et
880 835 1049 913 calcea
1079 841 1126 886 te
1143 831 1336 902 caligas
1358 841 1489 883 tuas.
1509 827 1606 883 llic
1635 827 1795 882 etiam
1823 833 2004 879 osten-

415 931 494 985 dit
521 944 632 984 rem
661 943 764 982 non
792 941 861 982 ex
886 925 1011 980 dolo
1047 922 1238 976 factum
1274 921 1439 975 fuisse
1473 935 1486 972 :
1517 932 1676 973 nemo
1698 917 1880 982 enim,
1911 931 2002 984 qut

418 1023 642 1078 festinus
673 1019 854 1074 fodere
881 1017 1029 1084 velit,
1064 1026 1263 1070 tantam
1291 1014 1730 1076 adhibeteuram,
1763 1009 2000 1066 utetiam

415 1113 612 1182 caligas
641 1109 866 1179 accipiat
887 1151 902 1175 ,
933 1116 988 1163 et
1015 1123 1076 1163 se
1107 1108 1415 1177 praecingat.
1445 1103 1588 1159 Fecit
1614 1114 1784 1158 autem
1811 1103 1902 1156 sic.
1935 1100 2002 1156 Et

417 1205 548 1260 dixit
576 1203 697 1258 illi:
723 1199 995 1257 Circumda
1022 1200 1109 1252 tibi
1138 1199 1481 1253 vestimentum
1527 1207 1690 1262 tuum,
1737 1204 1782 1250 et
1803 1209 2005 1262 sequere

419 1314 517 1351 me.
550 1297 602 1354 9.
639 1295 704 1350 Et
745 1311 973 1366 egressus
1012 1292 1308 1362 sequebatur
1339 1307 1452 1344 eum
1473 1305 1492 1344 .'
1518 1299 1564 1343 et
1603 1287 1848 1344 nesciebat
1886 1287 2005 1357 quia

423 1404 591 1442 verum
619 1397 723 1453 est,
751 1387 885 1457 quod
925 1385 1072 1454 ﬁebat
1095 1399 1184 1453 per
1203 1382 1474 1454 angelum;
1501 1378 1813 1435 existimabat
1837 1387 2004 1433 autem

417 1495 468 1530 se
491 1479 648 1532 visum
675 1478 860 1531 videre.
893 1475 977 1532 l0.
1007 1474 1348 1528 Transeuntes
1391 1480 1558 1526 autem
1605 1473 1821 1541 primum
1847 1479 1892 1523 et
1917 1484 2001 1522 se-

417 1569 634 1624 cundam
656 1569 961 1632 custodiant,
997 1575 1236 1621 venerunt
1275 1565 1342 1618 ad
1381 1573 1580 1633 portant
1610 1565 1826 1634 ferream
1847 1602 1862 1626 ,
1891 1575 2005 1630 qua

417 1661 554 1714 ducit
577 1660 646 1714 ad
663 1659 933 1722 civitatem,
949 1675 1061 1728 gnte
1080 1657 1212 1713 ultro
1242 1667 1417 1725 aperta
1437 1666 1508 1710 est
1535 1655 1622 1709 eis.
1653 1654 1787 1709 Ecce
1812 1667 2003 1708 secun-

419 1751 545 1806 dum
572 1751 808 1821 signum.
835 1751 969 1805 Cum
1007 1749 1254 1805 discessit
1281 1748 1524 1818 angelus,
1574 1755 1702 1801 tunc
1743 1744 2005 1802 intellexit

419 1844 630 1899 Petrus.
659 1843 729 1899 Et
749 1853 984 1899 exeuntes
1013 1844 1532 1912 processeruntcicnm
1563 1857 1737 1907 unum,
1769 1849 1815 1893 et
1839 1840 2002 1893 conti-

418 1955 520 1993 nuo
549 1939 774 1992 discessit
800 1929 1010 2009 angelus
1039 1937 1100 1990 ab
1126 1952 1204 1991 eo.
1239 1938 1326 1991 ll.
1360 1935 1425 1990 Et
1454 1934 1637 1989 Petrus
1664 1933 1731 1986 ad
1753 1949 1805 1986 se
1837 1947 2004 1985 recer-

417 2048 524 2096 sus,
547 2030 676 2084 dixit
703 2045 724 2084 :
755 2028 910 2084 Nunc
932 2031 1059 2097 scio,
1077 2030 1196 2100 quia
1215 2044 1328 2082 vere
1348 2027 1744 2083 ntisitDominus
1767 2024 2003 2095 angelum

417 2141 584 2188 suum,
613 2132 658 2178 et
687 2123 869 2191 eripuit
885 2140 964 2178 me
982 2124 1043 2178 de
1061 2139 1217 2197 manu
1248 2121 1488 2188 Herodis,
1512 2130 1557 2176 et
1580 2120 1641 2174 de
1662 2119 1798 2173 omni
1827 2133 2002 2187 exspe-

417 2219 634 2272 ctatione
653 2218 814 2288 plebis
839 2215 1160 2271 Judworum.
1190 2214 1343 2270 Nunc
1365 2215 1489 2280 scio,
1518 2202 1708 2282 inquit,
1730 2226 1835 2266 non
1858 2221 2000 2266 tunc.

417 2306 526 2363 Cur
555 2323 642 2364 res
671 2309 742 2363 ita
775 2308 948 2378 agitur
969 2348 984 2371 ,
1033 2321 1130 2363 nec
1171 2307 1357 2362 Petrus
1407 2306 1457 2360 in
1503 2304 1580 2360 rei
1605 2312 1768 2375 gesta:
1790 2317 2004 2357 sensum

419 2400 586 2466 venit,
618 2399 719 2454 etsi
745 2399 832 2453 tali
879 2397 1146 2453 frueretur
1181 2397 1496 2453 liberatione
1519 2436 1535 2462 ,
1566 2394 1779 2466 quando
1818 2407 2005 2450 omnes

418 2491 581 2545 soluti
605 2490 798 2546 erant?
823 2489 1117 2545 Confestim
1147 2489 1259 2544 vult
1286 2491 1434 2545 illum
1464 2487 1703 2552 liberari,
1735 2494 1790 2540 et
1814 2495 2003 2556 postea

418 2584 472 2636 in
497 2585 570 2637 rei
595 2599 808 2637 sensum
842 2584 1046 2637 venire.
1075 2582 1226 2650 Quod
1262 2596 1388 2637 vero
1417 2591 1620 2635 catena:
1652 2579 1719 2634 de
1761 2577 2006 2632 manibus

418 2674 534 2742 ejus
559 2674 871 2740 ceciderint,
904 2688 1150 2742 maguum
1175 2683 1288 2726 erat
1310 2671 1526 2741 signum
1552 2668 1691 2739 quod
1717 2684 1820 2723 non
1853 2666 2004 2739 fuge-

418 2775 519 2822 ret.
547 2765 634 2821 12.
667 2765 1098 2836 Consideransque
1123 2765 1256 2819 venit
1297 2764 1366 2816 ad
1390 2771 1594 2816 domum
1623 2760 1807 2815 Maria:
1833 2761 2007 2815 matris

417 2858 654 2923 Joannis,
703 2859 789 2927 qui
832 2856 1283 2928 cegnominabalur
1310 2854 1516 2909 Marcus
1535 2896 1546 2918 ,
1576 2854 1660 2906 ubi
1690 2863 1829 2906 erant
1863 2854 2008 2907 multi

419 2950 708 3020 congregati
733 2960 778 3002 et
802 2957 1023 3002 orantes.
1052 2949 1138 3002 15.
1171 2946 1418 3000 Pulsante
1443 2955 1609 3000 autent
1629 2944 1784 3000 Petro
1827 2945 2008 2998 ostium

420 3042 610 3112 inmite,
646 3041 884 3108 processit
911 3041 1078 3110 puella
1115 3041 1181 3091 ad
1208 3039 1540 3104 audiendum,
1577 3038 1780 3091 nomine
1805 3037 2004 3091 Rhode.

421 3131 509 3186 M.
543 3129 609 3182 Et
633 3141 684 3182 ut
704 3129 932 3200 cognouit
954 3145 1120 3182 vocem
1149 3127 1310 3196 Petri,
1330 3143 1436 3198 pra
1461 3129 1646 3197 gaudio
1678 3144 1778 3181 non
1811 3127 2010 3196 aperuit

422 3222 656 3291 ianuam.
694 3219 974 3290 Perpende
1004 3221 1219 3275 Petrum
1249 3235 1354 3274 non
1385 3221 1564 3274 statim
1595 3218 1872 3285 accedere,
1914 3219 2008 3274 sed

423 3312 572 3382 prius
624 3313 744 3368 laeta
787 3313 906 3369 suis
939 3313 1207 3368 nuntiare.
1249 3314 1530 3366 Accurrens
1561 3324 1729 3366 autem
1767 3313 2012 3367 nuntiavit

423 3416 562 3460 stare
588 3403 797 3459 Petrum
823 3415 937 3459 ante
968 3407 1206 3477 januam.
1234 3406 1320 3461 15.
1348 3404 1443 3458 Illi
1474 3413 1642 3458 autem
1681 3405 1915 3460 dixerunt
1944 3406 2011 3458 ad

428 3512 538 3549 eam
557 3508 581 3551 .'
601 3496 825 3552 Insanis.
853 3496 959 3551 Illa
981 3507 1152 3552 autem
1171 3497 1452 3568 affinuabat
1473 3497 1545 3551 sic
1571 3514 1625 3552 se
1642 3497 1843 3551 habere.

494 3587 550 3641 2.
595 3587 726 3644 Vide
754 3597 809 3642 et
836 3589 1057 3643 ancillas
1086 3589 1279 3657 pietate
1311 3589 1510 3658 plenas.
1543 3588 1658 3643 Pra:
1687 3589 1879 3658 gaudio
1905 3605 2010 3642 non

427 3679 636 3748 aperuit
666 3680 858 3733 ostium
889 3695 903 3745 ;
934 3679 1007 3733 illi
1037 3693 1166 3734 vero
1195 3694 1255 3735 re
1285 3679 1354 3733 ita
1384 3691 1536 3750 gesta
1567 3679 1882 3735 retinebant.
1907 3679 2012 3736 Illa

424 3769 700 3840 afﬁrmabat
738 3769 810 3825 sic
837 3786 890 3824 se
920 3768 1120 3825 habere.
1169 3769 1262 3824 Illi
1289 3781 1458 3824 autem
1485 3770 1747 3836 dicebant,
1790 3771 2012 3843 Angelus

424 3861 535 3929 ejus
563 3869 654 3916 est.
707 3860 797 3916 16.
842 3859 1024 3916 Petrus
1064 3876 1180 3914 vero
1223 3862 1564 3931 perseverabat
1609 3861 1838 3933 pulsans.
1884 3859 2013 3916 Cum

425 3961 591 4006 autem
618 3955 931 4021 aperuissent
955 3993 970 4018 ,
1003 3952 1232 4006 uiderunt
1261 3969 1373 4006 eum
1395 3993 1407 4017 ,
1440 3963 1488 4007 et
1519 3953 1897 4024 obstupuerunt.
1924 3953 2011 4007 17.

427 4044 668 4101 Annaeus
699 4055 866 4102 autem
897 4046 970 4099 eis
997 4061 1151 4100 manu
1179 4054 1234 4099 ut
1265 4054 1482 4100 tacerent
1506 4087 1521 4113 ,
1552 4047 1776 4100 narrauit
1801 4047 1872 4099 eis
1891 4061 2014 4114 quo-

429 4137 580 4190 modo
625 4136 763 4192 Deus
791 4136 1046 4193 eduxisset
1076 4133 1189 4191 etim
1217 4137 1280 4192 de
1310 4154 1530 4205 carcere,
1563 4138 1829 4204 dixitque:
1860 4137 2013 4191 Nun-

429 4231 550 4284 tiate
572 4229 763 4285 Iacobo
788 4240 833 4284 et
862 4228 1105 4302 fratribus
1131 4230 1260 4285 lucc.
1287 4231 1353 4284 Et
1383 4247 1610 4300 egressus
1632 4231 1756 4284 abiit
1785 4232 1832 4283 in
1858 4231 2018 4284 alium

430 4324 612 4377 locum.
658 4323 982 4392 Repetamus
1011 4323 1170 4393 igitur
1197 4323 1390 4376 seriem
1418 4323 1756 4377 narrationis.
1788 4321 1889 4375 Illo
1919 4337 2015 4374 au-

431 4423 532 4468 tem
581 4424 838 4484 tempore,
889 4414 1110 4482 inquit,’
1134 4414 1269 4468 misit
1311 4413 1540 4468 Herodes
1573 4430 1878 4485 resultantis
1907 4454 1922 4480 ,
1963 4421 2016 4467 ut

431 4506 666 4576 aﬂligcret
696 4505 939 4575 quosdam
975 4507 1038 4559 de
1070 4505 1315 4560 Ecclesia.
1363 4504 1524 4571 Quasi
1563 4505 1674 4560 fem
1719 4514 1921 4560 temere
1964 4513 2020 4559 ct

432 4597 554 4652 sine
597 4611 756 4651 causa
799 4612 986 4652 omnes
1027 4596 1247 4652 invadit.
1297 4597 1410 4651 lloe
1455 4605 1572 4661 est,
1623 4597 1764 4666 quod
1807 4596 2014 4652 dicebat

431 4687 677 4743 Christus
706 4705 720 4743 :
755 4689 1010 4754 Calicem,
1047 4706 1192 4761 quens
1223 4706 1314 4759 ego
1345 4689 1588 4744 bibiturus
1625 4706 1773 4756 sum,
1805 4690 2018 4744 bibatis:

434 4781 480 4824 et
501 4773 783 4842 baptismo,
807 4790 905 4844 quo
927 4790 1017 4845 ego
1031 4774 1278 4844 baptisor,
1314 4774 1688 4845 baptisabimini
1715 4773 1903 4845 (Marc.
1931 4775 2017 4830 10.

436 4861 547 4933 59).
597 4862 794 4917 Occidit
818 4872 1020 4932 autent,
1048 4865 1252 4935 inquit,
1282 4865 1529 4918 Iacobum
1568 4867 1777 4934 fratrem
1806 4864 2022 4920 Joannis

435 4954 627 5024 gladio.
659 4955 728 5010 Et
752 4971 883 5023 cur,
919 4957 1158 5026 inquies,
1193 4974 1296 5012 non
1329 4957 1506 5012 statim
1539 4957 1755 5017 Petrum
1786 4958 2022 5013 occidit?

434 5046 661 5100 Causam
703 5048 936 5116 scriptor
973 5048 1128 5103 allert
1168 5066 1180 5101 :
1237 5047 1397 5102 Erant
1441 5050 1573 5102 enim
1601 5089 1618 5116 ,
1664 5049 1867 5118 inquit,
1916 5049 2022 5102 dies

436 5138 784 5208 Azymorum:
822 5147 877 5194 et
906 5138 1019 5208 ejus
1048 5155 1231 5194 necem
1261 5141 1474 5194 volebat
1503 5156 1622 5195 cum
1656 5141 1841 5207 majori
1872 5141 2022 5196 cele-

438 5230 635 5285 britatc
668 5229 805 5285 fieri.
848 5229 928 5284 llli
973 5230 1130 5300 igitur
1161 5232 1229 5285 ob
1268 5232 1683 5286 admonitionem
1714 5233 2023 5289 Camalielis

433 5314 544 5390 jam
597 5336 624 5373 a
674 5321 914 5378 caedibus
961 5322 1338 5388 abstinebant;
1390 5322 1626 5394 alioquin
1677 5339 1804 5379 vero
1853 5339 2024 5395 neque

443 5426 637 5466 causas
666 5413 1006 5468 inveniebant
1033 5430 1048 5477 ;
1081 5412 1176 5468 sed
1211 5429 1303 5483 per
1330 5414 1462 5468 alios
1491 5429 1551 5466 ea
1595 5414 1708 5482 ipsa
1747 5415 2022 5470 machina-

439 5504 654 5558 bantur.
698 5504 833 5570 Quia
864 5519 988 5560 vero
1015 5506 1151 5560 alius
1180 5515 1292 5559 erat
1320 5505 1570 5569 Iacobus,
1601 5507 1764 5561 frater
1792 5508 2021 5574 Domini,

441 5594 562 5648 ideo
590 5596 886 5664 designavit
914 5596 1100 5652 dicens
1121 5639 1139 5662 ,
1178 5594 1414 5650 Fratrem
1445 5595 1685 5651 Joannis.
1729 5599 1912 5653 Vidcn‘
1942 5616 2025 5656 re-

442 5700 561 5740 rum
591 5703 855 5742 summam
904 5704 1066 5759 penes
1096 5689 1195 5744 hos
1239 5698 1346 5743 tres
1393 5688 1590 5755 fuisse,
1624 5692 1854 5746 maxime
1898 5706 2024 5747 vero

443 5791 608 5843 penes
639 5779 855 5834 Petrum
890 5791 944 5836 et
971 5780 1273 5837 Jacobum?
1305 5781 1416 5837 lloc
1444 5782 1676 5838 maxime
1705 5784 2024 5840 condemna-

447 5862 520 5917 tio
563 5865 774 5921 illorqu
816 5878 949 5925 erat.
978 5870 1095 5927 Non
1123 5871 1265 5927 enim
1305 5871 1414 5942 jam
1444 5871 1674 5931 humana
1717 5875 2022 5944 praedicatio

1206 437 1262 493 S.
1302 435 1577 493 JOANNIS
1614 434 2090 492 CllllYSOS'l'OMl
2129 428 2445 486 ARCHIEP.
2483 429 3014 487 CONSTANTINOP.

3593 436 3696 492 900

2107 545 2507 611 ostendebatur,
2536 554 2590 600 et
2623 561 2749 602 vere
2775 527 3100 616 implebatur
3127 546 3252 602 illud
3272 587 3286 611 ,
3319 547 3588 605 distimati
3613 572 3700 607 stt-

2108 655 2221 693 mus
2247 640 2374 692 sicut
2399 655 2512 692 oves
2535 639 2799 694 occisionis
2819 640 2835 708 (
2852 639 3001 694 Psal.
3024 640 3113 694 45.
3136 640 3208 695 22
3223 641 3260 710 ).
3293 641 3480 697 Videas
3507 655 3704 710 autem,

2108 728 2279 784 inouit
2302 769 2317 792 ,
2361 729 2481 797 quia
2513 729 2733 785 nlaceret
2761 728 2992 797 Iudicis,
3034 733 3271 801 apposuit
3311 741 3365 785 ut
3403 735 3699 804 apprehen-

2105 821 2243 873 deret
2295 836 2341 874 et
2387 824 2619 875 Petrum.
2667 821 2915 876 Placebat
2954 822 3166 890 caedes,
3198 834 3251 878 et
3279 825 3456 881 cu'des
3495 828 3695 899 iniqua.

2105 909 2288 980 Magna
2317 910 2544 966 l-lerodis
2574 911 2810 976 insania;
2835 913 3078 970 absurdis
3099 930 3285 972 eorum
3317 919 3699 990 cupiditatibus

2106 1002 2390 1058 serviebat.
2435 1003 2568 1058 Cum
2611 1003 2941 1072 oportuisset
2966 1007 3108 1062 enim
3134 1009 3458 1065 contrarium
3487 1011 3696 1079 facere,

2107 1101 2163 1145 et
2202 1091 2416 1148 illorum
2464 1093 2721 1163 impetum
2761 1109 3013 1150 coercere
3037 1138 3052 1163 ,
3097 1097 3184 1153 ille
3225 1109 3412 1156 contra
3443 1103 3698 1159 incitabat

2108 1185 2261 1253 quasi
2303 1185 2542 1240 carnifex
2583 1187 2802 1256 quidam
2837 1190 3243 1258 argrotautium,
3286 1206 3392 1247 non
3426 1210 3551 1250 vero
3580 1213 3698 1253 me—

2109 1275 2262 1329 dicus
2283 1315 2298 1340 ,
2329 1277 2538 1330 etiamsi
2567 1277 2732 1331 millia
2763 1280 3005 1348 exempla
3039 1279 3296 1348 haberet,
3325 1292 3377 1337 et
3402 1286 3487 1340 avi
3513 1296 3565 1342 et
3596 1300 3696 1355 pa-

2111 1367 2205 1420 tris
2245 1367 2513 1434 llcrodis;
2558 1379 2613 1424 et
2653 1371 2924 1440 quomodo
2962 1371 3052 1430 ille
3091 1373 3306 1444 quidem
3351 1386 3568 1447 prepter
3590 1395 3694 1435 ca:-

2105 1458 2228 1514 dem
2287 1459 2565 1518 infantium
2627 1478 2816 1532 magna
2869 1465 3095 1523 subierit
3148 1468 3326 1535 mala;
3387 1468 3474 1525 hic
3521 1487 3688 1538 vero,

2105 1549 2312 1606 Joanne
2347 1567 2490 1609 ett-so
2516 1595 2531 1620 .
2561 1569 2723 1622 grave
2754 1555 2950 1612 bellum
2997 1557 3326 1616 excitaverit.
3385 1561 3546 1628 Quem
3582 1579 3695 1618 cum

2105 1646 2527 1715 apprehendisset
2548 1688 2564 1713 ,
2599 1647 2771 1718 inquit
2797 1689 2812 1715 ,
2849 1650 2982 1703 misit
3011 1650 3064 1705 in
3090 1667 3358 1707 carcerem.
3389 1653 3653 1710 Metuebat
3678 1697 3694 1724 ,

2108 1753 2177 1794 ne
2208 1748 2425 1808 propter
2453 1740 2698 1797 timorem
2731 1758 2796 1798 ex
2831 1753 3004 1800 morte
3032 1743 3219 1800 Jacobi
3247 1758 3566 1818 conceptum
3606 1763 3700 1804 se-

2105 1833 2326 1888 cederet
2371 1833 2561 1890 Petrus
2587 1853 2600 1892 :
2631 1845 2683 1892 et
2713 1847 2769 1891 ut
2800 1838 2851 1893 in
2884 1847 2999 1892 tuto
3028 1849 3280 1908 poneret,
3311 1843 3457 1897 misit
3496 1843 3548 1898 in
3575 1858 3700 1898 caro

2106 1937 2312 1978 cercm.
2355 1926 2472 1991 Quo
2499 1929 2798 1982 accuratior
2820 1929 3060 2010 custodia
3081 1971 3095 1994 ,
3128 1945 3194 1986 eo
3233 1932 3526 1989 mirabilius
3571 1949 3696 2003 spe-

2106 2014 2394 2068 ctaculum.
2430 2014 2543 2072 lloe
2587 2027 2764 2074 autem
2794 2018 2959 2077 Petro
3009 2021 3390 2090 conducebat,
3439 2025 3528 2095 qui
3574 2026 3700 2083 hinc

2110 2104 2383 2174 probatior
2421 2106 2643 2163 effectus
2686 2117 2806 2176 est,
2854 2119 2908 2168 et
2950 2111 3318 2174 fortitudinem
3360 2132 3508 2173 suam
3547 2119 3702 2175 exhi-

2109 2193 2244 2250 buit.
2281 2194 2458 2252 Oratio
2483 2211 2680 2262 autem,
2722 2201 2924 2272 inquit,
2970 2205 3121 2272 [iebat
3161 2205 3268 2260 sine
3310 2208 3697 2266 intermissione.

2108 2286 2325 2343 Amoris
2357 2287 2614 2346 indicium
2647 2300 2763 2346 erat
2798 2293 2989 2348 oratio.
3035 2293 3246 2352 Patrem
3277 2313 3464 2356 omnes
3488 2315 3698 2370 qua-re-

2107 2378 2236 2434 bant
2255 2421 2268 2444 ,
2302 2392 2503 2449 patrem
2537 2392 2893 2438 mansuetum.
2922 2385 3048 2442 Sine
3076 2387 3476 2457 intermissione,
3505 2392 3697 2461 inquit.

2109 2471 2272 2524 oratio
2301 2489 2393 2542 pro
2431 2473 2520 2526 illo
2545 2474 2715 2542 ﬁebat.
2740 2476 2933 2532 Audite
2952 2520 2967 2546 ,
3000 2495 3106 2549 quo
3137 2493 3316 2537 essent
3343 2481 3535 2538 aﬂ‘ectu
3573 2499 3700 2555 erga

2109 2560 2359 2617 doctores
2384 2578 2530 2621 suos.
2575 2565 2692 2622 Non
2745 2570 3233 2637 tumultuabantur.
3277 2589 3382 2632 non
3416 2575 3703 2640 turbaban-

2107 2659 2233 2719 tur;
2278 2655 2372 2709 sed
2403 2656 2469 2710 ad
2504 2659 2802 2714 orationem
2844 2664 2986 2719 versi
3027 2675 3181 2732 sunt,
3222 2684 3406 2725 verum
3446 2680 3499 2724 et
3541 2670 3700 2726 inex—

2119 2747 2406 2814 pugnabile
2427 2752 2794 2808 commilitium
2823 2772 2836 2809 :
2867 2755 2935 2810 ad
2973 2757 3115 2813 illam
3157 2760 3544 2832 confugiebant.
3584 2763 3701 2820 Non

2110 2837 2364 2896 dicebant
2393 2859 2404 2894 :
2453 2842 2682 2900 llumilis
2710 2861 2808 2916 ego
2839 2856 2895 2902 ct
2933 2851 3129 2906 nullius
3159 2855 3311 2923 pretii
3341 2871 3435 2925 pro
3467 2858 3555 2912 illo
3582 2873 3704 2914 ora-

2111 2942 2223 2982 rem
2255 2931 2267 2982 !
2294 2930 2428 2998 Quia
2451 2934 2594 2987 enim
2625 2952 2691 2990 cx
2717 2942 2939 2994 caritate
2961 2941 3219 3013 agebant,
3243 2947 3376 3001 nihil
3401 2948 3703 3019 hujusmodi

2110 3020 2439 3088 cogitabant.
2486 3023 2576 3079 Vis
2614 3025 2826 3083 discere
2868 3042 3066 3100 quanta
3115 3037 3196 3090 vel
3248 3038 3400 3093 inviti
3435 3040 3704 3099 fecerint?

2111 3105 2236 3162 Illos
2267 3112 2599 3179 probatiores
2625 3117 2982 3178 cxhibueruut
3000 3163 3016 3190 ,
3045 3123 3146 3181 hos
3172 3126 3536 3198 diligentiores
3563 3133 3706 3190 fece-

2112 3214 2257 3262 runt.
2293 3205 2357 3263 Et
2388 3207 2509 3265 vide
2541 3211 2868 3270 tentationes
2897 3216 2950 3271 in
2978 3217 3116 3273 festo
3139 3219 3226 3276 die
3253 3223 3517 3294 inductas,
3548 3237 3604 3283 ut
3629 3229 3707 3286 illi

2115 3296 2373 3357 clariores
2413 3310 2619 3358 essent.
2667 3303 2793 3360 Cum
2833 3319 3001 3375 autem
3041 3313 3381 3382 producturus
3418 3335 3530 3374 eum
3579 3333 3708 3377 esset

2115 3386 2380 3456 Herodes,
2430 3391 2637 3463 inquit,
2683 3408 2828 3454 nocte
2870 3400 2964 3455 illa
3013 3401 3193 3459 Petrus
3235 3407 3528 3466 dormiebat.
3576 3412 3708 3469 Vide

2115 3479 2333 3538 Petrum
2372 3483 2728 3542 dormientem
2757 3530 2772 3558 ,
2817 3506 2917 3546 nec
2959 3501 3167 3551 terrore
3207 3498 3288 3553 vel
3330 3509 3476 3556 metu
3518 3502 3709 3560 deten-

2118 3582 2247 3626 tum.
2280 3574 2354 3630 Ea
2385 3575 2497 3645 ipsa
2529 3587 2715 3645 nocte,
2760 3596 2862 3650 qua
2896 3584 3269 3651 producendus
3296 3601 3444 3658 erat,
3475 3594 3711 3652 dormie-

2117 3665 2240 3732 bat,
2275 3671 2453 3724 omnia
2486 3670 2536 3724 in
2568 3672 2736 3727 Deum
2768 3675 3039 3744 rejiciens.
3078 3679 3189 3736 Nec
3229 3683 3544 3754 simpliciter
3583 3688 3712 3744 dor-

2117 3759 2332 3827 miebat,
2361 3762 2477 3830 sed,
2499 3761 2641 3818 Inter
2658 3765 2786 3822 duos
2813 3769 3021 3836 milites,
3042 3773 3233 3827 vinctus
3263 3781 3451 3832 catenis
3490 3779 3707 3836 duabus.

2115 3848 2263 3906 Inter
2286 3851 2413 3908 duos
2439 3855 2582 3910 enim
2601 3899 2614 3920 ,
2646 3858 2852 3928 inquit,
2876 3861 3060 3918 milites
3088 3875 3198 3919 erat
3223 3867 3495 3937 dormiens,
3517 3873 3711 3928 vinctus

2117 3945 2318 4002 duabus
2341 3952 2553 4005 catenis.
2602 3951 2789 4010 Viden'
2829 3955 2988 4027 quam
3030 3972 3277 4018 accurata
3319 3967 3594 4022 custodia?
3637 3967 3708 4024 Et

2117 4053 2230 4131 ecce
2265 4040 2475 4110 angelus
2519 4041 2757 4111 Domini,
2793 4047 2994 4119 inquit,
3023 4052 3258 4125 adstitit,
3300 4057 3497 4126 dicens,
3542 4059 3709 4131 Surge

2118 4130 2373 4186 velociter.
2404 4135 2750 4192 Dormiebant
2781 4142 2938 4196 siuml
2969 4146 3218 4201 custodes
3246 4166 3258 4201 :
3293 4149 3414 4205 ideo
3453 4150 3580 4206 nihil
3626 4130 3711 4222 ge-

2119 4233 2325 4278 storum
2353 4241 2657 4284 senserunt.
2689 4231 2893 4288 Lumen
2927 4250 3057 4292 vero
3096 4239 3324 4309 refulsit,
3345 4251 3404 4296 ut
3427 4251 3483 4298 et
3509 4245 3712 4300 videret

2121 4323 2173 4369 et
2201 4316 2411 4372 audiret
2440 4319 2628 4376 Petrus
2649 4363 2664 4390 ,
2699 4339 2797 4380 nec
2824 4336 3036 4396 putaret
3066 4329 3397 4400 phantasiam
3449 4351 3588 4394 esse.
3633 4339 3712 4394 Ne

2123 4419 2248 4498 vero
2279 4410 2512 4477 segniter
2532 4423 2714 4482 ageret
2733 4457 2748 4478 ,
2774 4416 2912 4472 latus
2939 4420 3056 4488 ejus
3079 4426 3326 4492 percutit.
3346 4425 3529 4498 Neque
3553 4431 3713 4486 modo

2122 4497 2301 4562 audit,
2329 4498 2532 4571 Surge;
2559 4505 2651 4558 sed
2675 4507 2834 4560 etiam
2857 4509 3095 4576 additur,
3133 4511 3376 4572 Velociler
3397 4534 3416 4572 :
3440 4497 3542 4573 tam
3566 4530 3713 4576 arcte

2123 4589 2444 4648 dormiebat.
2469 4595 2809 4654 Existimabat
2833 4612 3001 4657 autem
3027 4620 3082 4657 se
3105 4606 3261 4660 visum
3288 4609 3452 4663 videre
3471 4653 3485 4676 ,
3520 4613 3708 4678 inquit.

2127 4679 2469 4738 Pertransivit
2490 4696 2659 4740 autem
2689 4690 2905 4757 primam
2925 4703 2972 4746 et
2993 4697 3261 4750 secundum
3286 4702 3586 4754 custodiam.
3613 4702 3710 4758 Ubi

2126 4788 2268 4829 nunc
2305 4785 2433 4830 sunt
2473 4777 2757 4836 haeretici?
2803 4781 3084 4849 Quomodo
3125 4790 3496 4856 pertransierit
3533 4793 3717 4848 dicant

2126 4865 2320 4920 nobis:
2369 4867 2462 4922 sed
2489 4883 2594 4925 non
2628 4881 2903 4940 poterunt.
2951 4875 3109 4946 Atqui
3155 4887 3374 4948 propter
3416 4880 3520 4937 hoc
3563 4884 3713 4939 illum

2127 4956 2329 5026 accingi
2356 4957 2513 5028 jubet
2537 4969 2594 5015 et
2621 4961 2851 5020 calceari
2873 5005 2888 5031 ,
2920 4973 2980 5019 ut
3007 4976 3061 5023 et
3090 4966 3214 5023 hinc
3239 4970 3313 5025 illi
3352 4974 3711 5042 persuadeat,

2130 5045 2232 5100 hoc
2259 5063 2364 5102 non
2391 5065 2510 5106 esse
2538 5051 2887 5120 phantasma;
2935 5067 3099 5126 utque
3127 5072 3372 5114 somnum
3399 5073 3672 5119 excuteret
3695 5107 3712 5133 ,

2127 5141 2396 5212 sciretque
2422 5160 2536 5199 rem
2565 5161 2686 5202 csse
2717 5163 2917 5205 veram.
2949 5150 3070 5206 ldeo
3096 5153 3274 5208 statim
3305 5155 3610 5212 ceciderunt
3633 5174 3716 5214 ca-

2131 5242 2266 5300 tetw
2301 5237 2368 5289 de
2413 5238 2656 5294 manibus
2684 5241 2836 5310 ejus,
2873 5253 2928 5298 et
2968 5244 3202 5311 audivit,
3248 5246 3418 5318 Surge
3459 5251 3709 5310 uelociter.

2129 5325 2243 5382 lloe
2269 5342 2398 5382 vero
2427 5345 2530 5384 non
2559 5333 2919 5400 perturbantis
2945 5345 3028 5391 est
3048 5377 3061 5400 ,
3090 5337 3186 5395 sed
3217 5344 3488 5396 mouentis
3517 5357 3584 5398 ne
3609 5344 3716 5398 dif-

2128 5413 2310 5472 ferret.
2345 5419 2412 5473 Et
2442 5423 2723 5490 nesciebat,
2768 5425 2975 5496 inquit,
3005 5433 3124 5500 quia
3153 5447 3322 5487 verum
3352 5444 3423 5489 est
3453 5435 3505 5488 id
3525 5477 3540 5502 ,
3577 5438 3714 5506 quod

2129 5509 2282 5578 ﬁebat
2313 5528 2400 5579 per
2425 5516 2659 5584 angelum
2682 5534 2701 5571 :
2730 5519 3045 5576 existimabat
3071 5535 3234 5578 autem
3263 5542 3318 5581 se
3343 5529 3501 5581 visum
3528 5529 3712 5582 videre.

2130 5597 2260 5654 Jurc
2279 5641 2294 5660 .
2326 5603 2395 5654 ob
2422 5618 2598 5657 rerum
2628 5616 2897 5676 gestarum
2928 5611 3328 5670 sublimitatem.

2203 5693 2258 5747 5.
2304 5692 2510 5762 Viden',
2539 5708 2737 5767 quanta
2763 5700 2834 5756 sit
2857 5702 2994 5773 signi
3020 5706 3371 5776 magnitudo?
3405 5724 3560 5780 quam
3586 5724 3712 5778 per-

2131 5784 2292 5839 cellat
2331 5785 2636 5843 videntem?
2680 5806 2840 5861 quam
2889 5797 3207 5854 Incredibile
3249 5800 3377 5856 illud
3427 5802 3712 5858 videatur!

2133 5874 2266 5932 Nam
2297 5878 2341 5934 si
2378 5879 2568 5936 Petrus
2599 5890 2746 5940 lauto
2777 5893 3016 5956 tempore
3040 5904 3099 5946 se
3124 5891 3296 5950 visum
3321 5893 3500 5950 videro
3523 5893 3707 5949 existi-
