4112 6452
445 362 544 419 901

414 481 523 549 γὰρ
582 480 784 554 Πέτρος
827 482 997 537 ἐδόκει
1041 486 1225 555 ὅραμα
1283 485 1501 554 βλέπειν
1534 488 1591 539 ἐν
1621 486 1861 554 τοσούτῳ
1888 482 2088 554 χρόνῳ.

413 566 591 620 καίτοι
631 569 791 633 αὐτὸς
825 572 1138 643 ζωσάμενος
1180 575 1274 630 κα)¹
1323 575 1765 645 ὑποδησάμενος-⁸
1803 572 1857 626 τί
1903 571 2092 641 ἕτερος

417 653 490 722 μὴ
531 653 730 708 ἔπαθεν
758 657 854 722 άν;
900 661 1245 727 Διελθόντες
1281 661 1367 722 δὲ,
1412 663 1563 731 φησὶ,
1611 662 1852 729 πρώτην
1888 661 2089 727 φυλα-

413 738 532 805 κὴν
551 742 649 794 καὶ
672 743 976 813 δευτέραν.
998 745 1081 817 [21
1101 746 1147 819 Ι]
1170 744 1359 818 ἦλθον
1375 749 1471 801 ἐπὶ
1496 748 1612 815 τὴν
1633 749 1839 813 πύλην
1853 747 1969 813 τὴν
1999 762 2094 799 σισ-

412 825 604 893 δηρᾶν
626 846 639 859 ·
703 831 801 885 καὶ
851 833 1206 901 ἐξελθόντες
1271 835 1581 903 προῆλθον
1635 836 1841 903 ῥύμην
1903 834 2087 903 μίαν.

411 916 508 967 καὶ
547 915 766 982 εὐθέως
818 919 1054 985 ἀπέστη
1097 924 1129 975 ό
1175 922 1430 992 ἅγγελος
1460 923 1561 976 ἀπ’
1587 922 1796 976 αὑτοῦ.
1839 921 1920 974 Τὰ
1972 921 2093 991 μέν·

409 1018 494 1055 τοι
552 1003 698 1056 ἔνδον
736 1008 1004 1077 γενόμενα
1030 1008 1451 1081 θαυμασιώτερα
1491 1006 1593 1081 ἦν·
1633 1009 1793 1063 τοῦτο
1818 1008 1875 1062 δὲ
1906 1008 2091 1062 λοιπὸν

411 1091 914 1164 ἀνθρωπινώτερον.
947 1096 1077 1149 Ὅτε
1130 1097 1283 1151 οὐδὲν
1326 1098 1556 1168 κώλυμα
1583 1093 1674 1168 ἦν,
1712 1098 1835 1151 τότε
1876 1098 2088 1167 ἀπέστη

409 1179 438 1230 ὁ
467 1180 715 1247 ἄγγελος.
765 1184 838 1235 Οὐ
868 1185 977 1254 γὰρ
1004 1184 1070 1238 ἂν
1101 1185 1372 1256 προῆλθεν
1407 1189 1436 1240 ὁ
1473 1186 1677 1258 Πέτρος
1707 1186 1978 1239 τοσούτων
2004 1185 2092 1237 δν-

406 1283 517 1319 των
558 1269 928 1339 κωλυμάτωψ
972 1271 1141 1338 ὅντως
1171 1273 1300 1344 γὰρ,
1340 1275 1509 1338 ὅντως
1547 1273 1811 1345 ἔκπληξις
1837 1269 1927 1344 ἦν.
1959 1271 2091 1327 Νῦν

405 1354 621 1423 ἔην-ων,
679 1360 873 1427 φησὶν,
920 1360 1011 1412 ὅτι
1075 1360 1315 1428 ἀληθῶς
1374 1359 1736 1417 ἀπέστειλεν
1776 1365 1810 1415 ό
1872 1364 2091 1428 Κύριος

408 1442 518 1495 τὸν
557 1444 816 1512 (tm-alor-
869 1447 1088 1509 αὐτοῦ,
1136 1448 1234 1501 καὶ
1289 1448 1557 1513 ἐξείλετό
1612 1464 1689 1517 με
1749 1449 1818 1502 ἐκ
1891 1447 2090 1517 χειρὸς

414 1527 669 1596 Ἡρώδου
702 1531 799 1583 καὶ
841 1531 1047 1599 πάσης
1097 1532 1200 1599 τῆς
1246 1534 1612 1603 προσδοκίας
1645 1533 1751 1588 τοῦ
1788 1534 1941 1588 λαοῦ
1972 1535 2090 1587 τῶν

417 1614 732 1669 Ἰουδαίων.
781 1617 929 1678 Νῦν,
986 1620 1105 1688 οὐχὶ
1151 1619 1293 1683 τότε,
1328 1621 1417 1674 ὅτε
1448 1624 1506 1674 ἐν
1561 1619 1635 1691 τῷ
1699 1619 1882 1690 δεσμῷ
1916 1621 2083 1690 ήμην.

403 1702 676 1755 Συνιδών
735 1721 798 1758 τε
846 1700 1032 1775 ἦλθεν
1084 1707 1183 1759 ἐπὶ
1236 1707 1352 1774 τὴν
1424 1710 1621 1762 οὶκίαν
1683 1709 1915 1775 Μαρίας
1980 1706 2087 1776 τῆς

398 1791 629 1857 μητρός
678 1790 981 1857 Ἰωάννου,
1015 1793 1169 1863 φησί.
1226 1794 1290 1845 Τί
1335 1799 1472 1857 ἐστι,
1500 1794 1804 1860 Συνιδών;
1853 1795 2087 1862 Λογισάο

405 1893 563 1944 μενος
591 1878 723 1930 ὅπου
756 1878 922 1931 ἐστίν.
958 1880 1027 1931 Ἥ
1069 1880 1249 1933 τοίνυν
1278 1881 1436 1934 τοῦτο
1469 1881 1736 1934 συνεῖδενο
1776 1882 1809 1953 ἢ
1838 1884 1916 1934 ὅτι
1942 1881 2083 1951 ούχα

400 1963 591 2028 ἁπλῶς
650 1965 905 2019 ἀπελθεῖν
959 1966 1058 2031 δεῖ,
1094 1968 1211 2021 ἀλλ’
1251 1968 1591 2040 ἀμείψασθαι
1622 1970 1713 2022 τὸν
1752 1969 2080 2039 εὐεργέτηνο

398 2051 428 2105 ὃ
493 2054 582 2106 κειλ
650 2053 875 2107 συνιδὼν
931 2050 1095 2126 ἦλθεν
1157 2057 1251 2110 ἐπὶ
1315 2058 1414 2127 τὴν
1463 2057 1640 2111 οἰκίαν
1687 2058 1926 2125 Μαρίας.
1987 2056 2083 2121 Τίς

398 2142 547 2195 ἐστιν
598 2137 750 2204 οὗτος
796 2144 824 2196 ὀ
862 2142 1153 2214 Ἰωάννης;
1214 2146 1374 2207 Ἴσως
1417 2147 1625 2207 ἐκεῖνος
1679 2147 1709 2198 ὁ
1762 2146 1849 2198 ἀεὶ
1900 2144 2083 2210 αὐτοῖς

402 2230 583 2285 συνών
603 2249 617 2263 σ
646 2231 735 2285 διὰ
771 2231 880 2303 γὰρ
912 2231 1075 2287 τοῦτο
1098 2233 1192 2286 καὶ
1227 2234 1289 2286 τὸ
1311 2235 1637 2305 παράσημον
1664 2234 1826 2288 αὐτοῦ
1865 2233 2080 2305 έθηκεν.

472 2319 617 2392 Ὅρα
667 2321 791 2374 ὅσον
851 2321 1001 2375 ἐστὶν
1035 2321 1237 2392 ἀγαθὸν
1274 2324 1307 2394 ἡ
1362 2323 1559 2393 θλῖψις,
1593 2325 1758 2377 πόσον
1799 2324 2081 2394 εὐχόμενοι

399 2408 458 2459 ἐν
492 2408 645 2460 νυκτὶ
670 2409 850 2480 ἥνυον,
893 2410 1011 2472 πῶς
1046 2409 1507 2481 διεγηγερμένους
1541 2412 1736 2474 αὐτοὺς
1763 2412 2077 2480 εἰργάσατο.

398 2490 551 2557 Εἶδες
580 2495 672 2548 τοῦ
714 2496 873 2563 φόνου
916 2497 1188 2564 Στεφάνου
1233 2499 1357 2551 ὅσον
1415 2498 1475 2550 τὸ
1530 2498 1756 2569 κέρδοςς
1813 2494 1953 2562 εἶδες
1983 2497 2079 2552 τοῦ

396 2580 773 2652 δεσμωτηρίου
806 2582 998 2637 τούτου
1046 2584 1146 2654 ὅση
1188 2586 1221 2656 ἡ
1260 2584 1528 2655 ὼφέλεια;
1591 2587 1665 2639 Οὐ
1699 2587 1807 2656 γάρ
1862 2586 1925 2656 δὴ
1980 2588 2080 2639 ἐπ-

397 2665 556 2735 εξιὼν
593 2671 621 2723 ὁ
666 2669 799 2733 Θεὸς
843 2672 955 2734 τοῖς
991 2670 1267 2725 ἀδικοῦσιν
1297 2672 1516 2739 αὐτοὺς,
1554 2672 1696 2743 μέγα
1721 2672 1993 2726 δείκνυσιν
2020 2673 2082 2727 τὸ

401 2755 731 2825 Εὑαγγέλιον
752 2774 765 2788 ο
803 2757 918 2815 ἀλλ’
954 2758 1013 2811 ἐν
1066 2759 1247 2823 αὐτοῖς
1271 2762 1385 2824 τοῖς
1430 2759 1731 2825 ἀδικοῦσιν,
1767 2760 1918 2812 οὐδὲν
1947 2760 2084 2813 ὲκεί-

393 2862 501 2899 νων
539 2845 859 2916 πασχόντων
894 2846 1088 2908 δεινὸν,
1138 2848 1308 2912 αὐτὰς
1345 2847 1468 2901 καθ’
1506 2848 1707 2912 ἑαυτὰς
1737 2848 1836 2910 τὰς
1872 2847 2082 2919 θλίψεις

393 2932 633 2987 δείκνυσι
662 2933 805 3005 μέγα
838 2932 1025 2998 οὔσας,
1046 2935 1130 2988 ἵνα
1163 2935 1236 3005 μὴ
1260 2937 1358 3007 τὴν
1380 2936 1698 3008 ἀπαλλαγὴν
1732 2936 1911 2990 αὐτῶν
1945 2938 2082 2993 πάν-

395 3037 503 3084 τως
530 3019 805 3092 ζητῶμεν,
847 3010 982 3092 μηδέ
1022 3023 1120 3093 τὴν
1153 3024 1417 3078 ἐκδικίαν.
1450 3025 1648 3077 Σκόπει
1668 3025 1724 3078 δὲ
1758 3024 1872 3088 πῶς
1903 3027 1998 3079 καὶ
2024 3028 2081 3081 al

400 3108 684 3163 παιδίσκαι
722 3109 900 3163 αὐτῶν
954 3109 1139 3163 λοιπὸν
1169 3112 1422 3182 ὁμότιμοι
1475 3114 1658 3177 αὐτοῖς
1716 3110 1874 3184 ἦσαν.
1936 3116 2079 3171 Ἀπὸ

396 3196 508 3266 τῆς
544 3195 766 3266 χαρᾶς,
830 3197 1016 3265 φησὶν,
1085 3200 1197 3253 οὐκ
1235 3198 1464 3268 ἤνοιξε.
1527 3200 1723 3264 Καλῶς
1776 3202 1873 3255 καὶ
1922 3202 2082 3258 τοῦτο

394 3287 609 3355 γέγονε,
628 3285 725 3339 Υίνα
769 3287 845 3357 μὴ
877 3288 969 3340 καὶ
1000 3289 1200 3341 ἐκεῖνοι
1227 3288 1576 3357 ἐκπλαγῶσιν
1607 3289 1808 3354 εὐθέως
1856 3290 2077 3356 ἰδόντες,

395 3377 495 3427 καὶ
544 3374 948 3444 ἀπιστήσωσιν,
1004 3375 1121 3428 ἀλλ’
1154 3376 1508 3448 ἐγγυμνασθῇ
1552 3375 1730 3431 αὐτῶν
1783 3378 1817 3447 ἡ
1849 3377 2076 3435 διάνοια.

396 3463 506 3516 Καὶ
558 3463 695 3535 ὅπερ
746 3462 867 3521 ἔθος
927 3465 1060 3536 ἡμῖν
1102 3468 1295 3528 ποιεῖν,
1353 3466 1554 3537 εὑρέθη
1604 3467 1924 3537 πράττουσα
1982 3469 2078 3520 καὶ

393 3550 533 3621 αὐτή
553 3566 568 3579 °
604 3550 689 3603 ἵνα
718 3550 827 3622 γὰρ
857 3551 993 3622 αὐτὴ
1036 3551 1106 3605 τὰ
1136 3552 1431 3622 εὐαγγέλια
1480 3554 1684 3627 κομίσῃ
1713 3554 2041 3619 ἐσπούδαζεν
2061 3572 2074 3586 ·

392 3638 564 3701 ὄντως
599 3637 710 3709 γὰρ
760 3638 1058 3707 εὐαγγέλια
1102 3636 1193 3711 ἦν.
1240 3644 1303 3696 Οἱ
1342 3641 1409 3695 δὲ
1460 3642 1632 3696 εἷπον
1661 3642 1812 3711 πρὸς
1848 3642 2075 3709 αὐτήν-ο

394 3725 626 3795 Μαινηο
684 3727 724 3795 ἠ
782 3725 852 3779 δὲ
890 3725 1284 3797 διισχυρίζετο
1321 3730 1509 3795 οὕτως
1537 3731 1734 3799 ἔχειν’
1776 3734 1830 3785 οἱ
1888 3730 1958 3784 δὲ
2005 3728 2079 3785 εἷ-

393 3830 531 3881 πον,
559 3814 651 3868 ὅτι
703 3815 997 3884 Ἀγγελος
1042 3817 1229 3870 αὑτοῦ
1268 3817 1459 3872 ἐστιν.
1504 3818 1599 3870 Ἐκ
1632 3817 1822 3871 τούτου
1856 3818 2074 3889 ἀληθὲς,

392 3902 475 3955 ὅτι
521 3901 753 3967 ἕκαστος
786 3904 942 3977 ἡμῶν
991 3903 1219 3973 ἄγγελον
1281 3904 1417 3975 ἔχει.
1473 3905 1582 3958 Καὶ
1633 3905 1797 3959 πόθεν
1845 3906 2077 3977 ἐπῆλθεν

392 3991 576 4055 αὐτοῖς
618 3992 848 4062 ἄγγελον
874 3991 1013 4047 εἶναι
1044 3994 1166 4046 τότε
1209 3994 1548 4063 ὑπονοῆσαι;
1587 3993 1718 4047 Ἀπὸ
1756 3993 1850 4048 τοῦ
1882 3994 2075 4065 καιροῦ

388 4078 550 4131 τοῦτο
584 4081 966 4136 ὑπώπτευσαν.
1010 4082 1105 4147 Ὠς
1159 4080 1228 4134 δὲ
1262 4081 1517 4151 ἐπέμενε
1578 4082 1831 4150 κρούων,
1889 4085 2077 4154 φησὶν,

391 4166 745 4234 ἀνοίξαντες
801 4164 966 4222 εἶδον
1017 4169 1242 4232 αὐτόν,
1296 4170 1393 4223 καὶ
1454 4168 1820 4237 ἐξέστησαν.
1880 4173 1943 4225 Ὀ
2008 4172 2078 4225 δὲ

391 4255 762 4319 κατασείσας
792 4253 865 4322 τῇ
885 4255 1035 4323 χειρὶ
1060 4255 1114 4321 b,
1143 4256 1377 4326 ἡσυχίαν
1395 4255 1593 4327 πολλὴν
1627 4258 1903 4328 ἐποίησεν,
1932 4257 2077 4313 ὥστε

390 4339 620 4393 ἀκοῦσαι
647 4340 716 4394 τὰ
767 4345 894 4413 παρ’
919 4341 1105 4395 αὐτοῦ.
1156 4342 1539 4413 Ποθεινότερος
1572 4343 1752 4415 πολλῷ
1785 4345 1968 4399 λοιπὸν
2007 4343 2076 4417 ἦν

390 4429 504 4491 τοῖς
541 4429 831 4498 μαθηταῖς,
886 4429 945 4482 ού
1002 4429 1079 4499 τῷ
1120 4429 1360 4500 σωθῆναι
1418 4431 1601 4501 μόνον,
1655 4432 1791 4485 ἀλλὰ
1844 4435 1939 4487 καὶ
1997 4434 2076 4504 τῷ

392 4516 682 4583 ἐπιστῆναι
740 4518 832 4569 καὶ
895 4517 1096 4580 εὐθέως
1148 4517 1416 4572 ἐπελθεῖν.
1483 4519 1832 4573 Μανθάνουσι
1889 4520 2075 4575 λοιπὸν

393 4603 487 4656 καὶ
533 4605 580 4655 οἱ
619 4606 807 4657 οἰκεῖοι
844 4606 1020 4658 πάντα
1070 4606 1257 4676 σαφῶς
1282 4622 1299 4638 ·
1358 4607 1689 4678 μανθάνουσι
1718 4610 1815 4663 καὶ
1843 4612 1892 4662 οἱ
1917 4610 2074 4664 ἀλλό-

391 4706 553 4760 τριοι,
615 4691 667 4743 εί
718 4709 781 4761 γε
836 4693 1026 4763 ἤθελον
1085 4693 1401 4747 πιστεῦσαι·
1450 4695 1565 4748 ἀλλ’
1619 4697 1719 4750 οὐκ
1781 4696 2071 4766 ἠθέλησαν.

394 4777 566 4832 Τοῦτο
624 4780 717 4833 καὶ
765 4781 858 4833 ἐπὶ
908 4781 1003 4833 τοῦ
1067 4782 1306 4853 Χριστοῦ
1349 4785 1592 4851 γέγονεν.
1633 4785 2072 4855 Ἀπαγγείλατε,

395 4867 581 4938 φησὶν,
618 4869 861 4936 Ἰακώϐῳ
903 4869 999 4923 καί
1041 4870 1163 4936 τοῖς
1194 4870 1482 4940 ἀδελφοῖς
1513 4872 1719 4926 ταῦτα.
1754 4874 1914 4945 Ὅρα,
1957 4874 2075 4938 πῶς

392 4955 495 5007 οὐκ
521 4954 636 5007 ἔστι
667 4956 962 5021 κενόδοξος.
994 4958 1068 5010 Οὐ
1104 4958 1212 5028 γὰρ
1238 4954 1383 5011 εἷπε·
1437 4960 1562 5021 Τοῖς
1591 4960 1908 5031 ἁπανταχοῦ
1941 4961 2076 5031 δῆλα,

393 5042 658 5112 ποιήσατε
693 5044 898 5097 ταῦτα’
963 5044 1121 5110 ἀλλά,
1185 5046 1314 5112 Τοῖς
1345 5047 1650 5114 ἀδελφοῖς.
1697 5048 1809 5102 Καὶ
1859 5049 2075 5118 ἀνεχώ-

383 5147 580 5199 ρησεν
611 5132 698 5197 εὶς
718 5130 924 5200 ἕτερον
956 5134 1165 5187 τόπον.
1217 5136 1290 5187 Οὐ
1321 5132 1430 5204 γὰρ
1475 5134 1735 5205 ἐπείραζε
1779 5136 1870 5189 τὸν
1918 5136 2071 5201 Θεὸν,

392 5219 512 5272 οὐδὲ
542 5220 621 5283 εἰς
649 5220 992 5290 πειρασμοὺς
1039 5219 1373 5294 ἑνέ6α[λ]λεν
1407 5223 1600 5275 ἑαυτόν
1620 5238 1636 5253 ο
1668 5224 1789 5276 ἐπεὶ
1839 5224 1929 5276 ὅτε
1979 5224 2077 5277 καὶ

389 5311 549 5365 τοῦτο
621 5312 1021 5383 ἐκελεύσθησαν
1047 5353 1060 5372 ,
1119 5312 1404 5383 ἐποίησαν.
1466 5314 1862 5379 Εἰσελθόντες
1943 5298 2074 5383 γὰρ,

392 5400 579 5470 φησὶν,
634 5399 704 5452 ἐν
748 5399 829 5465 τῷ
869 5397 1002 5467 ἱερῷ
1033 5399 1274 5453 λαλεῖτε
1311 5398 1391 5465 τῷ
1430 5399 1579 5465 λαῷ.
1640 5401 1939 5466 Ἤκουσαν,
1981 5402 2077 5454 καὶ

394 5486 593 5550 εύθέως
625 5488 977 5558 ἐπείσθησαν.
1016 5487 1187 5540 Τοῦτο
1210 5488 1266 5539 δὲ
1296 5488 1397 5540 οὐκ
1421 5484 1572 5542 εἶπεν
1596 5490 1624 5541 ὁ
1657 5488 1910 5556 ἄγγελος,
1939 5489 2078 5543 ἀλλὰ

394 5573 472 5643 τῷ
503 5579 630 5645 σιγῇ
656 5576 956 5646 ἀποστῆναι
1004 5576 1095 5629 καὶ
1136 5575 1331 5638 νυκτὸς
1371 5574 1664 5644 ἐξαγαγεῖν
1697 5575 1896 5630 ἔδωκεν
1928 5579 2078 5645 ἐξουο

394 5661 515 5713 σίαν
530 5663 901 5733 ἀναχωρῆσαι.
923 5662 1074 5735 [212]
1092 5665 1202 5716 Καὶ
1216 5663 1371 5717 τοῦτο
1387 5663 1442 5716 δὲ
1466 5662 1698 5731 γίνεται,
1716 5664 1802 5717 ἵνα
1817 5664 2077 5736 μάθωμεν

395 5747 477 5799 ὃτι
506 5748 600 5800 καὶ
633 5749 986 5820 ἀνθρωπίνως
1027 5751 1194 5805 πολλὰ
1226 5750 1593 5822 ᾠκονόμηται,
1621 5749 1760 5804 ὥστε
1793 5753 1869 5824 μὴ
1920 5770 2079 5819 περι-

461 5901 498 5970 ‘1‘
524 5902 811 5970 legam.._..
859 5910 944 5970 τῆς
987 5906 1162 5967 μητρὸς
1203 5906 1441 5956 Ἰωάννου.
1481 5908 1707 5966 Συνιδὼν,
1752 5908 1910 5970 φησὶν,
1947 5906 2077 5970 ,ὅπου

401 5960 596 6037 ἐστὶνςῆ
626 5964 701 6036 ότι
738 5965 845 6027 οὐχ,
882 5966 954 6015 sic
974 5960 1191 6028 Quidam.
1262 5972 1289 6009 ιδ
1327 5972 1466 6021 Alius
1510 5960 2076 6033 κατασείσάςάύτοὺςτῇ

399 6037 522 6087 χειρί
544 6039 698 6086 σιγᾳν.
1655 6041 1706 6052 ’σε

1213 367 1269 422 ε.
1309 368 1595 424 JOANNIS
1633 365 2080 423 CHRYSOSTOB

2186 362 2486 420 ιιισιιιει».
2525 361 3079 419 CONSTANTINOP.

2195 481 2382 532 πεσεῖν
2404 479 2569 533 πάλιν
2597 480 2777 533 αὐτόν.
2811 479 2931 532 Ἵνα
2965 477 3076 550 γάρ
3101 478 3176 549 μὴ
3209 478 3459 545 εἴπωσιν,
3481 482 3565 536 ὅτι
3591 483 3619 535 ό
3647 482 3881 551 ἄγγελος

2193 565 2359 619 αὐτοῦ
2403 567 2518 620 ἐστι
2554 567 2691 633 μετά
2718 567 2779 619 τὸ
2815 565 3091 628 ἀπελθεῖν,
3132 564 3399 637 πρότερον
3426 568 3586 622 τοῦτο
3622 569 3873 637 λέγουσι’

2195 656 2289 705 καὶ
2322 652 2444 705 τότε
2489 653 2649 707 αὐτόν
2683 654 2881 724 ὁρῶσιν
2911 654 3288 725 ἀνατρέποντα
3319 655 3419 725 τὴν
3451 655 3609 721 δόξαν
3639 657 3867 728 ἐκείνην.

2203 739 2262 792 '0
2292 739 2522 808 ἄγγελος
2564 742 2614 794 εἰ
2656 736 2746 811 ἦν,
2774 742 2876 794 οὐκ
2913 741 2979 795 ἂν
3012 740 3242 811 ἔκρουσε
3277 742 3376 813 τὴν
3424 742 3619 813 θύραν,
3653 744 3751 797 οὐκ
3801 745 3870 799 ἂν

2190 826 2537 899 ἀνεχώρησεν
2562 829 2642 891 είς
2666 829 2855 899 ἕτερον
2893 830 3080 885 τόπον.
3114 830 3411 884 Πιστοῦται
3449 829 3507 884 δέ
3543 832 3739 898 αὐτοὺς
3778 834 3877 887 καὶ

2190 912 2251 965 τὸ
2280 914 2354 983 μὴ
2394 916 2451 967 ἐν
2484 915 2669 986 ἡμέρα
2698 915 2973 983 γενέσθαι.
3009 918 3071 971 Ol
3122 918 3220 989 μὲν
3270 917 3556 989 λελυμένοι
3584 922 3644 973 ἐν
3689 920 3877 989 εὐχαῖς

2187 993 2368 1070 ἦσαν’
2424 1003 2453 1054 ό
2495 1001 2553 1055 δὲ
2599 1001 2884 1072 δεδεμένος
2939 1004 2997 1056 ἐν
3043 1002 3217 1074 ῦπνῳ,
3266 1005 3316 1057 εί
3370 1004 3621 1076 ἐνόμιζεν
3672 1007 3873 1079 ἀληθὲς

2122 1096 2149 1117 ⁴
2189 1083 2330 1141 εἶναι
2376 1088 2439 1141 τὸ
2477 1088 2779 1158 γινόμενον,
2829 1089 2933 1143 κᾶν
2985 1090 3282 1163 ἐξεπλάγη,
3336 1093 3441 1147 κᾶν
3475 1094 3577 1148 οὐκ
3629 1095 3878 1165 ἐμνημός⁸

2188 1193 2377 1229 νευσε·
2420 1177 2515 1230 νῦν
2543 1178 2601 1231 δὲ
2632 1178 2707 1242 ὡς
2740 1180 2797 1231 ἐν
2831 1178 3026 1250 ὀνείρῳ
3069 1181 3231 1250 ὀρῶν,
3269 1181 3541 1254 ἀτάραχος
3570 1179 3658 1253 ἦν.
3717 1181 3875 1239 Ἷιλ-

2189 1269 2315 1328 θον,
2361 1268 2544 1337 φησὶν,
2589 1267 2685 1320 ἐπὶ
2738 1268 2853 1335 τὴν
2884 1269 3092 1335 πύλην
3132 1269 3249 1337 τὴν
3284 1265 3557 1339 σιδηρᾶν.
3595 1273 3740 1342 Ὅρα
3773 1272 3876 1325 καὶ

2188 1352 2305 1416 πῶς
2340 1354 2533 1425 ἰσχυρὰ
2559 1351 2646 1426 ἦν.
2686 1357 3033 1420 Διελθόντες
3065 1356 3153 1422 δὲ,
3188 1359 3343 1428 φησὶ.
3390 1358 3624 1426 πρώτην
3667 1367 3875 1428 φυλα-

2188 1439 2306 1507 κὴν
2332 1442 2430 1497 καὶ
2461 1442 2766 1511 δευτέραν,
2803 1440 2996 1513 ἦλθαν
3029 1445 3125 1497 ἐπὶ
3164 1445 3278 1512 τὴν
3304 1447 3506 1512 πύλην
3541 1447 3656 1516 τὴν
3682 1451 3870 1517 σιδη-

2179 1527 2321 1595 ρᾶν.
2367 1529 2478 1582 Καὶ
2513 1529 2601 1583 διὰ
2638 1530 2690 1582 τί
2740 1530 2815 1601 μὴ
2854 1531 2921 1583 δι’
2955 1531 3185 1595 ἑαυτῶν,
3213 1534 3370 1603 φησὶ,
3415 1533 3569 1588 τοῦτο
3614 1535 3862 1603 γίνεται;

2187 1617 2285 1669 Διά
2321 1616 2412 1681 τί;
2464 1618 2586 1671 Ὀτι
2621 1618 2715 1671 καὶ
2745 1618 2918 1686 τούτῳ
2951 1621 3087 1689 τιμᾷ
3125 1620 3321 1682 αὐτοὺς
3384 1623 3413 1673 ὁ
3467 1621 3618 1685 Θεὸς,
3666 1622 3743 1694 τῷ
3790 1625 3862 1676 δι’

2187 1705 2433 1773 ἀγγέλων
2477 1705 2675 1768 αὐτοὺς
2705 1704 3052 1776 ἐξαρπάζειν.
3100 1707 3165 1758 Τί
3211 1702 3304 1759 οὖν
3330 1723 3344 1772 ;
3375 1709 3468 1760 ἐπὶ
3528 1708 3737 1762 Παύλου
3764 1711 3871 1781 οὐχ

2187 1792 2329 1845 οὕτω
2352 1795 2611 1861 γέγονεν’;
2656 1795 2806 1846 Ἐκεῖ
2844 1794 3087 1859 δικαίως,
3127 1794 3208 1846 ὅτι
3258 1794 3549 1849 πιστεῦσαι
3602 1796 3707 1849 ἔδει
3771 1798 3871 1851 τὸν

2185 1881 2593 1951 δεσμοφύλακα,
2633 1882 2865 1935 ἐνταῦθα
2890 1882 2947 1935 δὲ
2989 1882 3366 1953 ἀπαλλαγῆναι
3386 1883 3480 1936 τὸν
3541 1885 3868 1939 Ἀπόστολον

2189 1970 2347 2039 μόνον
2367 1986 2382 2001 °
2436 1970 2609 2034 ἄλλως
2654 1971 2710 2024 δὲ
2743 1972 2838 2024 καὶ
2880 1971 3151 2042 διαφόρως
3181 1970 3393 2025 ἅπαντα
3436 1973 3467 2024 6
3504 1971 3639 2036 Θεὸς
3668 1975 3865 2026 οἰκονο·

2188 2059 2298 2126 μεῖ.
2371 2058 2518 2111 Ἐκεῖ
2571 2060 2669 2129 μὲν
2738 2059 2950 2123 Παῦλος
3006 2061 3199 2129 ὑμνεῖ,
3254 2059 3487 2113 ἐνταῦθα
3538 2060 3595 2114 δὲ
3657 2062 3863 2132 Πέτρος

2185 2143 2462 2198 ἐκάθευδε.
2525 2145 2618 2216 Μὴ
2691 2146 2869 2200 τοίνυν
2937 2145 3270 2216 κρύπτωμεν
3328 2146 3398 2200 τὰ
3451 2146 3706 2218 θαύματα
3761 2150 3859 2203 τοῦ

2182 2230 2340 2292 Θεοῦ,
2405 2231 2543 2285 ἀλλὰ
2597 2232 2692 2285 καὶ
2733 2232 2874 2304 ὑπὲρ
2928 2233 3029 2303 τῆς
3082 2233 3357 2304 ἡμετέρας
3392 2233 3660 2302 ὠφελείας
3688 2232 3865 2288 ταῦτα

2184 2317 2574 2390 σπουδάζωμεν
2625 2319 3019 2385 ἐκπομπεύειν,
3074 2319 3170 2373 καὶ
3224 2321 3305 2383 εἰς
3352 2318 3451 2390 τὴν
3503 2320 3611 2372 τῶν
3678 2321 3861 2375 ἄλλων

2181 2406 2490 2478 οἰκοδομήν.
2528 2406 2737 2477 ’Ὠσπερ
2789 2407 2898 2477 γάρ
2959 2407 3076 2459 ἐστι
3121 2405 3432 2477 θαυμαστὸς
3476 2407 3724 2478 ἐλόμενος
3776 2408 3863 2462 δε-

2184 2493 2509 2564 σμευθῆναι,
2545 2493 2691 2547 οὕτω
2723 2492 3163 2564 θαυμαστότερος
3199 2492 3276 2565 μὴ
3326 2493 3592 2564 πρότερον
3638 2496 3863 2564 ἀναχω-

2184 2584 2379 2654 ρήσας,
2425 2582 2529 2645 ἓως
2565 2583 2656 2635 ὅτε
2710 2583 2823 2644 τοῖς
2874 2578 3096 2645 οἰκείοις
3147 2581 3324 2635 πάντα
3371 2581 3689 2651 ἀπήγγειλε.
3745 2584 3867 2637 Καὶ

2182 2663 2324 2736 εἷπε,
2374 2668 2572 2739 φησίν·
2638 2669 2862 2723 Εἴπατε
2907 2667 3160 2735 Ἰακώϐῳ
3215 2668 3314 2721 καὶ
3363 2668 3488 2734 τοῖς
3549 2669 3863 2739 ἀδελφοῖς.

2182 2757 2248 2811 Τί
2276 2758 2475 2829 δήποτε
2494 2756 2703 2810 κελεύει
2755 2758 3015 2821 εἰπεῖνος
3058 2756 3178 2809 Ἵνα
3209 2756 3473 2828 χαρῶσιν,
3515 2756 3600 2809 ῖνα
3643 2756 3720 2828 μὴ
3761 2775 3865 2828 με·

2184 2844 2450 2919 ριμνῶσιν
2471 2885 2487 2910 ,
2547 2844 2633 2898 ἵνα
2674 2844 2765 2897 διὰ
2822 2843 3028 2898 τούτων
3074 2844 3272 2897 ἐκεῖνοι
3331 2843 3674 2914 μανθάνωσιν
3696 2886 3713 2911 ,
3760 2847 3865 2900 οὐκ

2169 2936 2335 2989 αὐτοὶ
2398 2935 2464 2987 δι’
2505 2934 2758 2987 ἐκείνων
2826 2933 2970 2987 οὕτω
3024 2931 3120 2986 τοῦ
3194 2934 3583 3005 ταπεινοτέρου
3658 2933 3861 3005 μέρους

2181 3022 2516 3094 ἐφρόντιζεν.
2578 3022 2745 3076 Οὐδὲν
2799 3021 2908 3092 ἄρα
2962 3020 3195 3090 θλίψεως
3262 3021 3574 3092 συμμέτρου
3627 3020 3861 3092 βέλτιον.

2180 3112 2350 3166 Ποίαν
2408 3111 2510 3165 οἴει
2563 3111 2665 3182 τὴν
2721 3109 2945 3164 ἐκείνων
3018 3104 3157 3164 εἶναι
3211 3109 3336 3163 τότε
3407 3108 3622 3180 ψυχήν;
3685 3112 3863 3183 πόσης

2180 3200 2375 3271 ἡδονῆς
2401 3198 2596 3269 γέμειν
2615 3215 2633 3265 ;

2252 3287 2363 3340 Ποῦ
2385 3286 2480 3339 νῦν
2505 3287 2563 3339 αἱ
2585 3288 2836 3355 γυναῖκες
2862 3286 2917 3339 αἱ
2938 3285 3028 3339 διὰ
3046 3286 3227 3356 πάσης
3251 3285 3608 3341 καθεύδουσαι
3630 3286 3855 3354 νυκτός;

2180 3376 2286 3431 ποῦ
2313 3377 2371 3431 δὲ
2401 3378 2448 3429 οἱ
2482 3376 2673 3448 ἄνδρες
2702 3379 2751 3448 οἱ
2786 3375 2921 3445 μηδὲ
2957 3375 3455 3446 μεταστρεφόμενοι
3493 3376 3587 3430 ἐπὶ
3612 3376 3708 3447 τῆς
3737 3375 3855 3429 κλί-

2180 3482 2279 3535 νης
2303 3482 2319 3531 ;
2353 3464 2518 3535 Ὁρᾷς
2545 3435 2823 3534 νηιρου¹σα1ν
2850 3435 3031 3534 ψυχήν
3056 3479 3071 3529 ;
3093 3435 3254 3518 Μέτδί
3287 3435 3566 3532 γυναικῶν
3607 3435 3702 3519 καὶ.
3726 3463 3852 3517 mi-

2178 3551 2284 3605 δων
2313 3551 2407 3604 καὶ
2439 3550 2742 3605 παιδισκῶν
2779 3551 2871 3605 τὸν
2900 3551 3034 3607 Θεὸν
3068 3550 3270 3622 ὕμνουν
3289 3591 3305 3615 ,
3341 3550 3716 3623 καθαρώτεροι
3755 3549 3856 3603 τοῦ

2178 3638 2413 3710 ούρανοῦ
2444 3641 2510 3711 τῇ
2542 3637 2718 3709 θλίψει
2744 3639 3047 3710 γενόμενοι.
3084 3639 3200 3693 Νῦν
3223 3639 3303 3703 δὲ,
3337 3637 3403 3692 ἂν
3436 3640 3631 3710 μικρὸν
3661 3638 3862 3709 ἴδωμεν

2179 3728 2459 3794 κίνδυνον,
2497 3725 2898 3797 ἀναπίπτομεν.
2949 3726 3112 3781 Οὐδὲν
3173 3726 3272 3797 τῆς
3311 3725 3606 3798 ἐκκλησίας
3644 3725 3863 3796 ἐκείνης

2176 3818 2563 3891 λαμπρότερον
2584 3812 2673 3889 ἦν.
2707 3814 3097 3887 Μιμησώμεθα
3122 3814 3364 3880 τούτους,
3390 3815 3744 3886 ζηλώσωμεν.
3779 3816 3859 3870 Οὐ

2180 3908 2268 3961 διὰ
2317 3907 2475 3960 τοῦτο
2521 3907 2745 3975 γέγονεν
2790 3909 2824 3976 ἡ
2864 3905 2983 3970 νὺξ,
3034 3906 3123 3959 ἵνα
3165 3905 3459 3970 διαπαντὸς
3505 3905 3862 3976 καθεύδωμεν

2180 3994 2277 4048 καὶ
2308 3992 2590 4066 ἀργῶμεν.
2623 3992 2734 4045 Καὶ
2760 3992 2918 4045 τοῦτο
2944 3991 3316 4063 μαρτυροῦσιν
3339 3992 3389 4045 οῖ
3415 3991 3781 4062 χειροτέχναι,
3809 3991 3865 4044 οῖ

2179 4082 2458 4149 ὀνηλάται,
2497 4081 2549 4133 οῖ
2589 4078 2853 4150 ἔμποροι,
2882 4081 2915 4150 ἡ
2958 4078 3252 4149 Ἐκκλησία
3277 4078 3370 4132 τοῦ
3396 4077 3530 4131 Θεοῦ
3575 4079 3641 4131 ἐκ
3671 4077 3865 4147 μέσων

2180 4170 2514 4239 ἀνισταμένη
2565 4167 2806 4220 νυκτῶνε
2872 4166 3163 4237 ’Δνάστηθι
3226 4168 3322 4221 καὶ
3367 4166 3451 4231 σὺ,
3499 4165 3596 4220 καὶ
3639 4165 3717 4219 ῖδε
3748 4164 3867 4220 τῶν

2180 4258 2398 4329 ἄστρων
2438 4257 2541 4327 τὴν
2583 4256 2803 4328 χορείαν
2823 4296 2837 4320 ,
2872 4254 2970 4327 τὴν
3018 4254 3236 4326 βαθεῖαν
3269 4255 3461 4326 σιγὴν,
3492 4252 3592 4326 τὴν
3622 4253 3863 4326 ἡσυχίαν

2179 4345 2276 4416 τὴν
2324 4345 2558 4416 πολλήν·
2589 4342 2899 4416 ἐκπλάγηθι
2950 4342 3046 4397 τοῦ
3092 4344 3368 4397 Δεσπότου
3403 4360 3497 4396 σου
3530 4343 3633 4415 τὴν
3657 4344 3863 4396 οἰκονο-

2182 4436 2335 4505 μίαν.
2369 4433 2748 4506 Καθαρωτέρα
2775 4433 2898 4487 τότε
2936 4432 3084 4486 ἐστὶν
3122 4435 3157 4504 ἡ
3189 4432 3368 4503 ψυχή·
3418 4433 3725 4503 κουφοτέρα
3763 4429 3862 4482 καὶ

2179 4522 2481 4594 λεπτοτέρα
2505 4521 2703 4593 μᾶλλόν
2734 4523 2874 4581 ἐστι,
2917 4521 3191 4591 μετέωρος
3218 4520 3313 4573 καὶ
3335 4518 3511 4591 κούφη
3534 4535 3550 4552 ο
3583 4520 3643 4573 τὸ
3669 4515 3860 4579 σκότος

2178 4610 2333 4672 αὐτὸ,
2365 4611 2397 4680 ή
2427 4608 2610 4679 σιγὴὴ
2654 4607 2820 4677 πολλὴ
2851 4610 2933 4671 εἰς
2963 4599 3255 4672 κατάνυξιν
3284 4608 3514 4676 ἀγαγεῖν
3553 4604 3726 4659 ἱκανά.
3755 4601 3859 4654 Ἂν

2176 4696 2235 4749 δὲ
2259 4695 2461 4748 καὶτὸν
2488 4694 2759 4766 ούρανδνε¹
2785 4695 2900 4766 ἴδῃς
2922 4697 3036 4757 τοῖς
3056 4694 3278 4765 ἄστροις
3300 4692 3490 4763 ὥσπερ
3513 4692 3624 4746 τισὶ
3644 4687 3857 4762 μυρίοις

2178 4784 2606 4853 κατεστιγμένον
2640 4782 2974 4853 ὀφθαλμοῖς,
3008 4784 3187 4836 πᾶσαν
3215 4781 3410 4853 ἡδονὴν
3444 4779 3734 4852 καρπώσῃ,
3771 4775 3866 4830 ἔνο

2176 4890 2327 4926 νοιαν
2356 4870 2536 4925 λαὸὼν
2565 4870 2728 4933 εὐθὺς
2761 4872 2855 4924 τοῦ
2882 4870 3249 4942 Δημιουργοῦ.
3274 4871 3372 4923 Ἂν
3399 4870 3685 4939 ἐννοήσῃς,
3709 4867 3791 4920 ὅτι
3809 4865 3864 4914 οἱ

2184 4960 2302 5029 μεθ’
2335 4961 2546 5031 ἡμέραν
2579 4958 2896 5031 κράζοντες,
2924 4958 3213 5026 γελῶντες,
3247 4957 3581 5026 σκιρτῶντες
3602 4995 3616 5018 ,
3647 4947 3863 5020 πηδῶν-

2179 5065 2290 5113 τες,
2335 5045 2667 5111 ἀδικοῦντες,
2708 5045 3191 5109 πλεονεκτοῦντες,
3245 5041 3626 5100 ἀπειλοῦντες.
3687 5036 3861 5108 μυρία

2181 5134 2655 5204 ἐπανατεινόμενοι
2686 5134 2853 5196 δεινὰ,
2883 5127 3031 5186 οὗτοι
3058 5132 3152 5185 νῦν
3178 5131 3288 5185 τῶν
3314 5127 3521 5198 νεκρῶν
3548 5124 3703 5178 οὐδὲν
3736 5125 3860 5178 δια-

2180 5221 2426 5291 φέρουσι,
2468 5219 2796 5292 καταγνώσῃ
2846 5217 3001 5291 [9.15]
3047 5219 3147 5288 τῆς
3184 5214 3531 5288 ἀνθρωπίνης
3563 5211 3862 5274 αὐθαδείας

2176 5308 2419 5378 ἀπάσης.
2454 5306 2663 5370 ’Υπνος
2691 5306 2916 5378 ἐπῆλθε,
2947 5305 3041 5360 καὶ
3072 5304 3171 5377 τὴν
3198 5304 3358 5374 φύσιν
3396 5298 3622 5371 ηλεγξεν
3646 5314 3660 5329 ·
3691 5295 3862 5350 εἰκών

2177 5398 2295 5449 ἐστι
2329 5395 2584 5459 θανάτου,
2618 5394 2782 5448 εἰκών
2823 5396 2941 5448 ἐστι
2971 5393 3306 5455 συντελείας.
3351 5391 3448 5442 Ἂν
3476 5385 3746 5456 διακύψῃς
3774 5386 3866 5447 εἰς

2176 5484 2269 5539 τὸν
2298 5483 2593 5550 στενωπὸν,
2619 5483 2722 5537 οὐκ
2755 5482 2964 5554 ἀκούσῃ
2997 5483 3118 5536 οὐδὲ
3151 5481 3334 5549 φωνῆς
3353 5493 3368 5508 ·
3410 5476 3477 5530 ἂν
3507 5474 3624 5547 ἴδῃς
3649 5475 3730 5537 είς
3755 5474 3864 5542 τὴν

2177 5572 2374 5638 οἰκίαν,
2407 5569 2615 5634 πάντας
2649 5569 2769 5639 ὕψει
2793 5572 3047 5637 καθάπερ
3067 5573 3124 5620 ὲν
3151 5566 3307 5634 τάφῳ
3333 5563 3641 5633 κειμένους.
3671 5558 3865 5613 Ταῦτα

2179 5660 2359 5714 πάντα
2417 5657 2580 5713 ἱκανά
2626 5658 2743 5712 ἐστι
2783 5655 3139 5726 διαναστῆσαι
3178 5651 3376 5724 ψυχὴν,
3416 5651 3619 5714 καὶ-είς
3648 5647 3864 5703 ἔννοιαν

2180 5745 2496 5808 συντελείας
2527 5746 2773 5813 ἀγαγεῖν.

2251 5834 2295 5887 δ’
2305 5877 2315 5887 .
2343 5827 2513 5897 Οὗτος
2535 5832 2599 5903 δή
2638 5849 2728 5903 μοι
2748 5832 2842 5885 καὶ
2866 5830 3003 5900 πρὸς
3031 5828 3230 5901 ἀνδρας
3255 5827 3353 5881 καὶ
3371 5825 3508 5897 πρὸς
3533 5824 3800 5893 γυναῖκας
3831 5820 3869 5874 6

2248 5969 2270 5997 ο
2307 5965 2441 6023 Haec,
2478 5965 2525 6011 τί
2570 5965 2749 6022 δήποτε
2791 5962 2975 6012 κελεύει
3019 5960 3183 6022 εἰπεῖν,
3224 5959 3407 6009 desunt
3446 5958 3497 6007 in
3540 5950 3868 6019 quibusdam.

2175 6025 2210 6069 ’δ
2244 6025 2343 6080 Alii
2377 6028 2457 6075 καὶ
2496 6026 2562 6083 εἰς
2601 6026 2683 6075 τὸν
2715 6024 2928 6089 οὐρανόν.
3906 6041 3919 6051 ~
