4112 6436
367 324 471 383 21ὶί

366 441 584 505 ritabat,
611 436 717 493 etsi
750 434 1071 506 praecinctus
1099 438 1155 487 et
1179 429 1486 486 calceatus:
1533 425 1658 497 quid
1690 426 1827 480 alius
1854 440 1961 479 non

366 546 562 605 passus
599 536 750 585 esset
773 528 797 582 τ
822 526 1201 590 Transeuntes,
1231 523 1433 592 inquit,
1465 521 1682 592 primam
1715 529 1760 572 et
1786 535 1969 572 secun-

364 641 487 678 aam
543 622 833 677 custodiam
852 662 869 687 ,
922 626 1159 675 uenerunt
1208 616 1277 669 ad
1335 624 1533 685 portam
1592 617 1808 683 ferream
1852 626 1870 664 :
1920 619 1970 664 et

370 727 607 773 exercitus
644 723 996 783 processerunt
1027 711 1189 765 uicum
1222 725 1381 763 unuut
1408 716 1454 760 et
1479 707 1714 761 continuo
1739 702 1969 757 discessit

385 810 586 883 attgelus
607 809 672 862 ab
693 824 771 864 eo.
793 805 927 874 Quae
946 807 1087 859 intus
1108 803 1246 858 facta
1268 810 1411 865 sunt,
1436 800 1759 854 mirabiliora
1776 806 1930 851 erant
1949 811 1965 860 ;

387 904 479 957 hoc
505 916 641 955 vero
667 899 924 966 deinceps
954 896 1254 950 humanius.
1284 894 1416 948 Cum
1447 891 1579 946 nihil
1599 900 1716 945 erat
1738 886 1968 959 impedi-

377 994 535 1048 menti
562 1034 582 1059 ,
613 991 866 1047 discessit
898 990 1160 1073 angelus...
1183 988 1368 1058 Neque
1392 985 1534 1040 enim
1580 981 1967 1052 pertransisset

372 1089 564 1142 Petrus
584 1128 601 1153 ,
630 1100 754 1140 cum
787 1093 864 1138 tot
892 1092 1082 1138 essent
1111 1082 1291 1137 obices
1317 1097 1332 1134 :
1360 1094 1487 1134 vere
1515 1090 1746 1145 namque
1777 1084 1966 1143 stupor

362 1180 578 1234 aderat.
626 1176 781 1231 Nunc
809 1175 944 1233 scio.
992 1175 1198 1242 inquit,
1231 1172 1350 1243 quia
1389 1186 1500 1224 vere
1528 1169 1663 1223 ntisit
1714 1166 1965 1222 Dominus

363 1273 606 1344 mtgelum
648 1287 797 1326 suum
817 1310 834 1336 ,
890 1278 936 1323 et
976 1268 1161 1331 eripuit
1203 1283 1284 1319 me
1319 1265 1383 1319 tle
1417 1280 1573 1317 manu
1615 1260 1834 1316 Herodis
1855 1301 1872 1324 ,
1921 1266 1968 1312 et

365 1365 431 1418 de
458 1363 602 1416 omni
636 1359 1008 1429 exspectatione
1053 1356 1212 1427 plebis
1252 1356 1573 1410 Judteorum.
1620 1351 1812 1407 Nunc:
1858 1362 1964 1403 non

367 1466 530 1517 tunc,
565 1451 777 1522 quando
807 1451 858 1503 in
886 1447 1115 1503 vinculis
1143 1462 1314 1501 eram.
1359 1444 1799 1512 Cousideransque
1835 1440 1968 1494 uenit

372 1547 425 1598 in
459 1546 663 1597 domum
703 1540 887 1596 Marus
913 1539 1090 1593 matris
1131 1536 1370 1592 Joannis.
1418 1534 1556 1603 Quid
1601 1533 1704 1588 sibi
1743 1531 1856 1584 vult
1902 1531 1966 1584 il-

379 1635 477 1690 iud
497 1677 514 1701 ,
541 1632 911 1690 Considerans?
935 1630 1188 1702 Cogitans
1222 1630 1310 1684 ubi
1342 1637 1507 1684 esset.
1549 1626 1645 1681 Vel
1676 1625 1779 1679 hoc
1805 1623 1967 1693 igitur

388 1725 760 1789 consideravit;
789 1722 875 1778 vel
898 1722 1041 1793 quod
1065 1737 1169 1776 non
1194 1729 1469 1789 oporteret
1488 1728 1773 1786 utcumque
1791 1714 1962 1779 abire,

387 1818 480 1871 sed
524 1815 838 1871 benefactori
871 1815 1041 1869 vicem
1074 1813 1404 1883 rependere:
1433 1810 1574 1881 quod
1606 1809 1696 1863 i'le
1721 1806 1965 1862 conside-

379 1925 503 1963 rans
521 1950 537 1974 ,
564 1910 709 1962 venit
738 1909 791 1961 in
817 1906 1037 1963 domum
1066 1905 1263 1961 Mariae.
1308 1905 1437 1970 Quis
1465 1914 1549 1957 est
1576 1902 1662 1955 hic
1686 1899 1965 1956 Joannes?

373 2000 534 2055 Forte
565 2002 610 2054 is
633 2041 648 2066 ,
681 2000 770 2069 qui
798 2013 1013 2068 semper
1035 2013 1156 2053 cum
1187 1997 1294 2052 illis
1322 2006 1475 2059 erat;
1512 1994 1740 2063 ideoque
1766 2006 1966 2061 cogno-

371 2108 494 2146 men
525 2092 685 2145 etiam
714 2090 829 2161 ejus
859 2091 1059 2160 posuit.

442 2182 696 2255 Magnum
727 2184 913 2237 bonum
939 2182 1162 2253 afﬂictio.
1191 2209 1264 2220 —
1293 2179 1428 2234 V'ide
1462 2188 1717 2249 quantum
1761 2178 1833 2233 sit
1868 2178 1965 2233 bo—

371 2294 500 2332 num
531 2276 782 2341 alflictio,
816 2285 1072 2346 quantum
1105 2286 1262 2330 noctu
1294 2284 1574 2345 precantes
1603 2272 1922 2343 proficerent
1944 2312 1960 2336 .

368 2383 531 2439 quam
577 2367 765 2438 vigiles
809 2366 934 2421 hinc
963 2366 1331 2421 efficerentur.
1377 2364 1660 2427 Vidistiu’,
1704 2374 1963 2436 quantum

368 2461 579 2516 lucrum
619 2475 686 2514 ex
716 2458 863 2514 caede
908 2456 1205 2528 Stephani?
1251 2457 1486 2513 vidistin’
1515 2467 1708 2527 quanta
1752 2472 1818 2512 ex
1862 2456 1964 2511 hoc

367 2567 591 2608 carcere
636 2552 883 2607 utilitas?
926 2551 1041 2606 Non
1087 2553 1227 2607 enim
1276 2551 1537 2606 ulciscens
1582 2551 1723 2606 Deus
1767 2551 1964 2619 injuste

371 2644 631 2700 Imdentes
659 2686 675 2709 ,
707 2644 787 2698 sic
812 2658 1065 2715 magnum
1095 2643 1331 2699 ostendit
1359 2642 1692 2711 evangelium
1719 2658 1734 2706 ;
1780 2641 1876 2696 sed
1908 2643 1959 2695 in

370 2740 506 2807 ipsis
559 2738 876 2794 laedentibus
926 2737 1059 2792 nihil
1110 2737 1238 2793 mali
1294 2737 1619 2806 patientibus
1672 2736 1815 2806 ipsas
1870 2735 1961 2790 tri-

370 2833 678 2888 bulationes
717 2847 814 2902 per
853 2846 913 2887 se
957 2847 1208 2901 magnum
1252 2830 1380 2901 quid
1423 2844 1546 2885 esse
1580 2828 1847 2891 ostendit,
1895 2842 1963 2881 ne

371 2925 456 2979 vel
481 2924 549 2979 ab
575 2924 679 2979 illis
700 2924 835 2995 eripi
864 2964 880 2990 ,
907 2923 992 2979 vel
1021 2924 1279 2978 ultionem
1306 2922 1446 2977 sumi
1472 2935 1796 2992 quaeramus.
1842 2919 1963 2975 Per-

370 3016 548 3087 pende
576 3057 594 3085 ,
625 3016 896 3086 quomodo
945 3016 1156 3072 ancillae
1198 3016 1337 3087 apud
1385 3031 1481 3071 eos
1524 3015 1577 3069 in
1626 3017 1738 3085 pari
1791 3013 1962 3082 pretio

369 3116 571 3165 essent.
607 3107 728 3163 Prw
752 3109 944 3181 gaudio
965 3149 981 3176 ,
1013 3108 1219 3179 inquit,
1251 3125 1351 3162 non
1378 3109 1595 3179 aperuit.
1635 3108 1674 3161 E
1702 3122 1760 3162 re
1781 3116 1959 3161 autem

372 3204 443 3256 ita
474 3203 670 3255 factum
700 3209 809 3269 est,
841 3216 911 3256 ne
939 3210 994 3256 et
1023 3201 1099 3255 illi
1127 3201 1307 3255 statim
1337 3200 1586 3254 videntes
1616 3199 1959 3267 obstupesce-

372 3305 529 3360 rent,
566 3303 620 3349 et
647 3309 750 3349 non
781 3294 1099 3360 crederent,
1129 3295 1223 3350 sed
1257 3309 1409 3349 mens
1442 3295 1653 3350 illorum
1682 3310 1962 3350 exercere—

373 3396 480 3441 tur.
501 3386 567 3441 Et
587 3385 729 3457 quod
757 3400 857 3441 nos
876 3386 1054 3443 facere
1070 3386 1327 3451 solemus,
1347 3387 1540 3441 ancilla
1558 3401 1772 3457 quoque
1788 3386 1962 3441 facere

370 3479 704 3548 deprehensa
730 3489 853 3536 est:
883 3479 971 3534 illa
999 3493 1227 3549 namque
1246 3479 1467 3533 curabat
1487 3493 1601 3532 rem
1628 3479 1805 3532 lmtam
1830 3494 1962 3531 tum-

376 3574 545 3637 tiare;
579 3572 697 3626 laeta
728 3564 927 3643 quippe
955 3585 1043 3626 res
1071 3581 1208 3625 erat.
1240 3568 1334 3623 Illi
1360 3587 1475 3623 vero
1501 3570 1731 3624 dicebant
1760 3569 1806 3622 ei
1824 3610 1839 3630 ,
1870 3566 1960 3622 lu-

379 3664 530 3718 sanis.
567 3660 676 3716 Illa
704 3672 875 3716 autem
918 3661 1197 3733 affirmabat
1239 3661 1311 3715 sic
1354 3676 1405 3714 se
1436 3658 1619 3713 habere
1646 3674 1665 3712 :
1689 3658 1767 3713 illi
1796 3671 1963 3711 autem

372 3756 647 3811 dicebant:
696 3756 927 3828 Angelus
961 3758 1071 3827 ejus
1118 3764 1212 3809 est.
1275 3754 1412 3808 Hinc
1447 3769 1631 3807 verum
1682 3751 1961 3822 probatur,

371 3864 808 3921 unumquemque
860 3856 1103 3903 nostrum
1144 3846 1394 3917 angelum
1435 3844 1655 3901 habere.
1710 3844 1778 3899 Et
1822 3843 1964 3899 unde

369 3944 425 3998 in
473 3950 707 3996 mentem
743 3939 905 3994 subiit
949 3938 1053 3994 illis
1098 3938 1348 4009 angelum
1398 3934 1568 3991 esse?
1624 3936 1669 3990 A
1721 3943 1965 4003 tempore

369 4032 507 4088 illud
553 4031 983 4100 suslticabantur.
1033 4028 1103 4085 Ut
1132 4039 1303 4083 autem
1336 4026 1682 4098 perseuerabat
1710 4027 1921 4094 pulsans
1945 4068 1960 4091 ,

371 4126 586 4196 inquit.
632 4141 744 4178 cum
798 4124 1155 4192 aperuissent,
1215 4122 1448 4176 uiderunt
1490 4137 1606 4175 eum
1630 4163 1648 4187 ,
1690 4130 1736 4175 et
1791 4118 1964 4174 obstu-

369 4225 614 4287 puerunt.
645 4214 747 4269 Ille
772 4230 887 4268 vero
917 4230 1146 4268 annuens
1173 4229 1364 4278 manu,
1403 4212 1674 4268 silentium
1717 4226 1963 4282 magnum

370 4311 501 4367 fecit
522 4351 540 4377 ,
575 4318 631 4362 ut
658 4308 958 4363 audiretur.
983 4306 1224 4377 Optatior
1251 4306 1507 4378 deinceps
1526 4305 1799 4373 discipulis
1824 4315 1961 4371 erat,

369 4420 483 4458 non
515 4401 677 4456 modo
712 4401 853 4471 quod
891 4410 1133 4455 servatus
1162 4407 1339 4464 esset,
1369 4398 1463 4453 sed
1493 4399 1655 4454 etiam
1690 4397 1833 4470 quod
1870 4397 1967 4452 ad-

367 4504 518 4573 eSSet
535 4502 592 4547 et
610 4492 908 4547 accederet.
924 4492 1143 4546 Discunt
1161 4489 1442 4545 manifeste
1456 4489 1637 4545 omnia
1654 4490 1963 4549 familiares.

370 4587 592 4640 discunt
618 4594 673 4639 ct
699 4585 896 4650 alieni,
941 4584 986 4639 si
1017 4583 1241 4639 credere
1268 4583 1474 4645 velint;
1517 4581 1612 4638 sed
1652 4584 1961 4638 noluerunt.

375 4678 492 4731 Hoc
533 4678 696 4731 etiam
730 4677 783 4730 in
808 4675 1027 4732 Christo
1052 4674 1250 4730 factum
1279 4684 1383 4730 est.
1433 4673 1714 4738 Nuntiate,
1750 4675 1961 4745 inquit,

375 4770 569 4825 Jacobo
591 4782 638 4824 et
658 4770 901 4840 fratribus
922 4769 1046 4822 Iure.
1076 4767 1208 4824 Vide
1228 4766 1496 4837 quomodo
1522 4781 1714 4820 vanam
1740 4766 1963 4837 gloriam

384 4877 487 4916 n0n
514 4873 742 4933 quaerat.
768 4860 884 4916 Non
911 4860 1057 4915 enim
1088 4860 1257 4923 dixit,
1299 4858 1547 4928 Undique
1574 4858 1692 4913 haec
1716 4858 1968 4913 omnibus

392 4958 657 5023 nuntiate;
684 4955 779 5011 sed
805 4996 819 5018 ,
853 4953 1140 5009 Fratribus.
1172 4952 1239 5006 Et
1261 4951 1496 5006 abscessit
1515 4953 1568 5005 in
1594 4951 1754 5006 alium
1777 4952 1963 5004 locum.

394 5042 571 5113 Neque
589 5048 728 5104 enim
752 5046 990 5102 tentabat
1010 5046 1173 5101 Deum
1190 5086 1205 5109 ,
1230 5059 1403 5113 neque
1428 5042 1620 5098 sesein
1645 5043 1968 5097 tentatiOnes

388 5134 652 5203 iujiciebat
676 5157 691 5193 :
715 5138 847 5192 illud
867 5137 1011 5193 enim
1029 5136 1163 5207 jussi
1188 5143 1391 5190 tantum
1409 5133 1696 5189 faciebant.
1716 5131 1964 5204 Ingressi,

382 5229 586 5297 inquit,
628 5231 683 5284 in
714 5233 992 5303 templum,
1025 5229 1289 5295 loquimini
1317 5225 1509 5299 populo
1552 5224 1573 5298 (
1599 5227 1712 5280 Act.
1743 5227 1799 5282 5.
1828 5224 1965 5297 20).

377 5321 685 5376 Audierunt
722 5330 776 5376 et
815 5322 998 5377 statim
1037 5321 1319 5390 obsequttli
1353 5328 1499 5374 sunt.
1546 5317 1663 5373 Hoc
1704 5331 1834 5373 vero
1856 5314 1968 5386 ja'in

380 5431 487 5467 non
518 5412 649 5469 dicit
673 5414 919 5482 angelus,
943 5412 1034 5468 sed
1057 5412 1199 5484 quod
1225 5412 1450 5467 silenter
1473 5409 1714 5466 abscedit
1734 5418 1788 5464 et
1810 5416 1970 5464 noctu

376 5505 559 5560 eduxit
579 5546 596 5571 ,
614 5504 760 5559 dedit
782 5502 1085 5560 facultatem
1108 5503 1414 5560 secedendi.
1432 5502 1547 5558 Hoc
1565 5512 1743 5558 autem
1772 5500 1970 5556 factum

377 5606 507 5659 est,
556 5603 616 5649 ut
658 5592 930 5649 discamus
972 5594 1138 5649 multa
1183 5594 1418 5650 humano
1465 5607 1617 5649 more
1663 5591 1972 5662 dispensata

378 5685 583 5749 fuisse,
637 5695 699 5742 ut
745 5701 812 5741 ne
859 5685 951 5740 ille
993 5684 1188 5742 iterum
1239 5684 1648 5757 periclitaretur.
1696 5684 1784 5740 ite
1827 5684 1972 5738 enim

381 5791 503 5847 post
526 5780 827 5835 discessum
865 5777 980 5847 ejus
1015 5776 1257 5836 dicerent
1281 5779 1530 5849 angelum
1556 5777 1670 5848 ejus
1699 5772 1838 5845 esse,
1872 5777 1972 5831 hoc

1330 313 1398 370 ΙΝ
1436 312 1613 371 ACTA
1655 307 2184 377 APOSTOLORUM.
2227 308 2456 383 IIOMIL.
2500 310 2691 367 XXVI.

3552 316 3661 372 202

2076 423 2224 493 prius
2252 425 2535 494 dixerunt,
2582 434 2639 480 et
2680 434 2865 494 postea
2909 427 3061 483 illum
3088 429 3370 493 viderunt.
3401 435 3490 501 qui
3523 437 3658 491 hanc

2073 517 2379 585 Opinionem
2411 518 2646 572 sustulit.
2677 518 2732 574 Si
2761 521 2981 589 angelus
3007 522 3191 579 fuisset
3214 564 3228 585 ,
3262 540 3366 579 non
3398 530 3660 594 pulsasset

2074 607 2237 675 fores,
2257 626 2358 665 nec
2378 611 2691 667 secessisset
2716 613 2765 666 in
2788 611 2952 668 alium
2977 615 3170 679 locum.
3186 616 3479 673 Conﬁrmat
3497 621 3658 675 etiam

2073 697 2215 765 illos,
2246 703 2387 772 quod
2421 719 2524 757 non
2558 705 2606 757 in
2637 705 2722 759 die
2754 704 2946 761 factum
2973 707 3060 760 sit.
3092 707 3154 763 Hi
3181 710 3337 765 soluti
3368 714 3661 783 precaban-

2072 801 2191 858 tur,
2234 794 2324 850 ille
2363 800 2573 852 vinctus
2601 797 2923 855 dormiebat.
2974 799 3031 856 Si
3075 812 3313 871 putasset
3357 821 3468 859 rem
3495 848 3511 871 ,
3541 822 3660 877 quae

2069 884 2346 954 agebatur,
2375 903 2556 942 veram
2583 892 3058 959 esse,perterritus
3080 894 3267 950 fuisset
3285 939 3302 957 .
3325 914 3425 953 nec
3451 916 3660 955 memor

2069 985 2344 1045 gestorum
2371 996 2386 1033 :
2420 994 2564 1035 nunc
2591 990 2772 1037 autem
2809 985 2961 1052 quasi
2991 985 3042 1038 in
3070 1000 3262 1042 somno
3288 989 3476 1046 videns
3495 1031 3510 1056 ,
3540 993 3659 1048 sine

2070 1068 2470 1136 perturbatione
2484 1080 2621 1129 erat.
2634 1072 2910 1141 Venerunt,
2930 1077 3119 1147 inquit,
3132 1079 3201 1134 ad
3211 1091 3408 1150 portam
3420 1088 3656 1155 ferream.

2070 1159 2205 1218 Vide.
2227 1178 2387 1231 quam
2417 1163 2569 1220 firma
2599 1176 2760 1223 esset.
2791 1167 3132 1226 Transeuntes
3156 1213 3170 1234 ,
3202 1174 3374 1241 inquit
3397 1218 3412 1242 ,
3441 1178 3659 1248 primam

2067 1262 2115 1307 et
2144 1258 2421 1310 secundum
2445 1258 2728 1315 custodiam
2751 1302 2766 1323 ,
2798 1275 3035 1317 venerunt
3077 1266 3146 1318 ad
3190 1278 3389 1337 portam
3418 1272 3657 1342 ferream.

2070 1346 2136 1401 Et
2162 1363 2259 1403 cur
2281 1390 2297 1414 ,
2329 1351 2537 1421 inquies
2555 1396 2571 1417 ,
2601 1369 2708 1407 non
2737 1369 2831 1423 per
2856 1357 3062 1425 seipsos
3090 1357 3191 1416 hoc
3219 1362 3459 1417 faciunt?
3505 1364 3658 1420 Cur?

2067 1439 2205 1505 Quia
2234 1442 2334 1496 hac
2359 1442 2411 1496 in
2437 1458 2499 1499 re
2526 1445 2667 1500 Deus
2694 1446 2818 1501 illos
2849 1449 3115 1518 honorat,
3144 1452 3284 1521 quod
3316 1471 3409 1522 per
3434 1459 3654 1527 angelos

2066 1541 2220 1585 eruat
2249 1532 2415 1601 ipsos.
2462 1535 2599 1601 Quid
2625 1538 2798 1609 ergo?
2825 1556 2923 1595 cur
2948 1558 3051 1596 non
3079 1544 3158 1599 sic
3186 1546 3235 1597 in
3269 1546 3430 1601 Paulo
3458 1548 3656 1606 factum

2066 1630 2151 1676 est
2171 1620 2198 1675 ?
2237 1622 2349 1680 Illic
2374 1641 2405 1680 e
2435 1642 2494 1681 re
2521 1625 2616 1682 fuit
2645 1669 2662 1693 ,
2702 1631 2826 1700 quia
2857 1635 3132 1689 custodem
3164 1640 3396 1693 carceris
3439 1643 3660 1698 credere

2066 1716 2351 1782 Oportebat
2377 1735 2391 1782 ;
2425 1718 2512 1774 hic
2539 1735 2668 1776 vero
2693 1723 2864 1778 solum
2896 1740 3031 1796 opus
3056 1736 3172 1781 erat
3197 1732 3497 1797 apostolum
3526 1733 3658 1790 libe-

2068 1807 2214 1861 rari:
2262 1808 2501 1878 alioquin
2548 1827 2679 1868 vero
2720 1814 2859 1869 Deus
2899 1817 3111 1872 diverse
3139 1822 3317 1875 omnia
3358 1822 3653 1893 dispensat.

2065 1900 2180 1956 lllic
2205 1902 2400 1958 Paulus
2428 1903 2657 1977 hymnos
2681 1910 2908 1964 canebat
2939 1910 3075 1983 (Act.
3109 1914 3188 1970 l6.
3217 1915 3331 1989 25),
3360 1919 3447 1975 hic
3467 1921 3656 1978 Petrus

2064 1993 2386 2051 dormiebat.
2414 1997 2493 2053 Ne
2521 2016 2651 2070 ergo
2679 2004 3010 2061 occultemus
3038 2009 3295 2064 miracula
3327 2013 3443 2080 Dei,
3471 2017 3566 2071 sed
3587 2019 3655 2072 ad

2064 2086 2347 2143 utilitatem
2396 2100 2635 2146 nostram
2683 2094 2797 2149 haec
2841 2094 3100 2167 divulgari
3148 2118 3439 2169 curemus,
3487 2118 3542 2162 et
3588 2111 3654 2164 ad

2064 2177 2295 2272 aliorum
2325 2179 2761 2240 aedificationem.
2792 2186 2864 2243 Ut
2890 2189 3033 2244 enim
3063 2192 3394 2250 admirabilis
3424 2199 3540 2264 fuit,
3565 2204 3653 2272 qui

2063 2270 2216 2340 ligari
2247 2272 2415 2327 voluit
2439 2290 2454 2339 ;
2483 2275 2553 2329 ita
2581 2276 2948 2333 admirabilior
2973 2282 3063 2349 qui
3089 2298 3193 2338 non
3219 2288 3365 2354 prius
3385 2270 3652 2356 discessit,

2064 2376 2222 2430 quam
2246 2363 2357 2418 suis
2373 2367 2553 2422 omnia
2572 2372 2890 2424 nuntiasset.
2914 2372 3178 2443 Dixitque,
3201 2377 3448 2435 Nuntiate
3462 2381 3657 2439 Jacobo

2065 2463 2111 2508 et
2141 2455 2406 2526 fratribus.
2438 2457 2548 2514 Cur
2576 2462 2759 2518 dicere
2780 2463 2935 2531 jubet
2956 2467 3016 2519 ‘2’
3045 2467 3108 2523 Ut
3144 2470 3218 2525 illi
3246 2474 3552 2542 gaudeant.
3599 2491 3655 2533 ut

2064 2562 2134 2602 ne
2163 2549 2380 2605 solliciti
2407 2552 2516 2605 sint
2535 2595 2550 2617 ,
2581 2563 2640 2608 ut
2670 2570 2764 2624 per
2791 2556 2889 2610 hos
2916 2559 2994 2612 illi
3023 2561 3270 2629 discant,
3299 2581 3403 2620 non
3435 2569 3532 2637 ipsi
3562 2586 3656 2639 per

2065 2641 2221 2695 illos:
2247 2643 2324 2698 sic
2343 2643 2413 2699 de
2435 2644 2677 2701 inferiori
2706 2660 2857 2717 parte
2883 2665 3066 2705 curam
3094 2657 3331 2721 gerebat.
3360 2658 3502 2714 Nihil
3527 2678 3655 2729 ergo

2064 2733 2338 2789 moderata
2371 2734 2664 2793 afflictione
2711 2740 2923 2794 melius.
2973 2741 3194 2809 Qualem
3243 2758 3396 2815 putas
3438 2750 3652 2806 illorum

2065 2836 2193 2883 tunc
2220 2826 2384 2882 fuisse
2410 2829 2691 2884 animam?
2718 2845 2909 2901 quanta
2940 2837 3209 2905 voluptate
3235 2839 3445 2909 plenam
3469 2844 3495 2896 Ἰ

2146 2918 2419 2992 Vigilantia
2466 2922 2946 2983 laudatur.—Ubi
2998 2940 3122 2985 sunt
3167 2948 3308 2987 nunc
3358 2936 3649 3005 mulieres,

2062 3029 2181 3082 quxe
2207 3024 2314 3069 tota
2334 3026 2493 3071 nocte
2513 3015 2829 3072 dormiunt?
2860 3020 2946 3075 ubi
2973 3022 3090 3090 viri,
3119 3025 3207 3092 qui
3237 3041 3409 3096 neque
3429 3031 3479 3083 in
3512 3030 3652 3086 lecto

2064 3118 2123 3157 se
2151 3106 2407 3161 versant?
2433 3106 2622 3162 Viden’
2648 3109 2860 3179 vigilem
2892 3113 3168 3168 animam?
3206 3114 3340 3171 Cum
3374 3121 3649 3186 uxoribus,

2062 3198 2247 3268 pueris
2276 3209 2331 3254 et
2374 3200 2585 3254 ancillis
2615 3200 2783 3257 Deum
2813 3203 3192 3273 celebrabant,
3234 3224 3329 3278 per
3352 3211 3652 3268 tribulatio-

2064 3308 2186 3347 nem
2217 3293 2459 3361 puriores
2488 3294 2620 3350 cado
2649 3295 2846 3353 ell'ecti.
2877 3298 3028 3354 Nunc
3063 3316 3224 3366 vero,
3252 3303 3295 3357 si
3331 3320 3549 3373 parvum
3573 3310 3652 3362 vi-

2063 3383 2284 3440 deamus
2331 3387 2623 3456 periculum
2650 3432 2665 3457 ,
2697 3391 3047 3448 concidimus.
3094 3394 3236 3449 Nihil
3280 3396 3518 3455 Ecclesia
3568 3402 3652 3455 illa

2065 3476 2419 3543 splendidius.
2465 3477 2613 3548 Ipsos
2662 3481 2966 3548 imitemur,
3017 3486 3353 3543 temulemur.
3391 3489 3508 3545 Non
3536 3491 3655 3547 ideo

2066 3565 2203 3621 facta
2235 3577 2320 3622 est
2353 3584 2480 3635 nox,
2524 3578 2584 3624 ut
2627 3586 2726 3640 per
2765 3582 2928 3626 totam
2962 3573 3289 3632 dormiamus
3318 3589 3373 3634 et
3401 3582 3652 3637 atiemnr.

2068 3658 2178 3713 lloc
2211 3659 2566 3715 testificantur
2590 3663 2847 3729 artifices,
2883 3666 3264 3735 negotiatores,
3291 3681 3617 3726 mercatores
3638 3716 3652 3734 ,

2065 3751 2305 3806 Ecclesia
2328 3752 2423 3808 Dei
2442 3754 2617 3809 media
2641 3768 2869 3827 surgens
2889 3765 3065 3812 nocte.
3088 3757 3259 3829 Surge
3284 3770 3336 3815 et
3365 3770 3440 3824 tu,
3466 3764 3656 3820 etvide

2065 3845 2343 3901 stellarum
2389 3848 2648 3913 chorum,
2694 3848 3017 3920 profundum
3067 3851 3376 3918 silentium,
3420 3859 3656 3926 quietem

2066 3937 2287 3992 multam
2311 3938 2665 4010 :obstupesce
2679 3940 2748 3996 de
2768 3941 2974 3997 Domini
2994 3943 3068 3997 tui
3090 3945 3442 4014 providentia.
3467 3949 3659 4005 Purior

2070 4043 2195 4088 tunc
2220 4042 2304 4088 est
2324 4034 2526 4101 anima,
2554 4035 2739 4099 levior,
2770 4036 3037 4104 subtilior,
3068 4039 3336 4105 sublimis,
3366 4041 3613 4111 expedita
3641 4060 3656 4097 :

2069 4124 2307 4179 tenebras
2337 4125 2487 4193 ipsa},
2518 4125 2787 4181 silentium
2818 4128 3039 4183 multum
3060 4171 3075 4192 ,
3108 4131 3158 4183 in
3186 4134 3656 4201 compunctionem

2068 4217 2323 4273 inducere
2372 4226 2615 4289 possunt.
2664 4218 2719 4274 Si
2771 4235 2900 4274 vero
2945 4222 3136 4276 caelum
3184 4226 3439 4293 reSpicias
3484 4228 3657 4281 stellis

2066 4309 2216 4379 quasi
2246 4310 2542 4365 innumeris
2579 4308 2887 4366 distinctum
2916 4312 3107 4379 oculis,
3158 4316 3463 4371 omnimoda
3507 4319 3659 4373 voln-

2066 4412 2211 4472 ptate
2234 4401 2427 4456 frueris
2445 4402 2753 4457 Creatorem
2776 4404 2955 4459 statim
2980 4415 3159 4461 mente
3180 4418 3453 4476 reputans.
3483 4409 3538 4466 Si
3566 4424 3659 4465 co-

2067 4494 2317 4564 gitaveris
2340 4509 2455 4561 eos,
2484 4496 2573 4566 qui
2598 4496 2834 4552 interdiu
2855 4499 3108 4566 clamant,
3135 4500 3331 4567 rident,
3361 4503 3656 4571 exsultant,

2066 4587 2299 4653 saliunt,
2350 4589 2547 4659 injuste
2590 4600 2788 4659 agunt,
2821 4593 3058 4647 avaritia:
3089 4595 3324 4661 student,
3359 4598 3653 4665 minantur,

2068 4679 2345 4734 innumera
2366 4680 2502 4735 mala
2529 4680 2783 4748 inferunt,
2809 4692 2932 4737 tunc
2952 4700 2980 4736 a
3011 4687 3233 4741 mortuis
3256 4687 3384 4741 nihil
3413 4690 3651 4756 dili‘erre,

2069 4771 2357 4825 humanam
2404 4788 2620 4827 omnem
2676 4775 3033 4844 arrogantiam
3081 4777 3380 4834 damnabis.
3425 4781 3660 4839 Somnus

2068 4863 2316 4929 accessit,
2349 4873 2403 4918 et
2431 4874 2676 4918 naturam
2705 4867 3018 4935 superavit:
3051 4868 3225 4937 imago
3264 4881 3347 4925 est
3388 4875 3576 4930 mortis
3606 4889 3661 4931 et

2069 4956 2565 5012 consummationis.
2588 4956 2642 5012 Si
2666 4957 2841 5012 vicum
2874 4962 3204 5030 respexeris,
3229 4965 3431 5021 nullam
3474 4984 3660 5024 vocem

2069 5046 2292 5113 audies;
2324 5046 2368 5101 si
2395 5046 2648 5112 domum,
2681 5064 2869 5105 omnes
2898 5052 3104 5107 videbis
3130 5057 3279 5124 quasi
3320 5057 3370 5111 in
3409 5061 3660 5131 sepulcro

2069 5136 2329 5206 jacentes.
2360 5138 2485 5194 Haec
2513 5140 2692 5195 omnia
2724 5154 2948 5211 possunt
2971 5144 3204 5200 animam
3232 5149 3489 5215 excitare,
3514 5163 3568 5204 et
3591 5152 3659 5206 ad

2071 5230 2447 5301 cligitationem
2473 5233 2953 5289 consummationis
2989 5236 3266 5292 inducere.

2143 5326 2198 5378 ι.
2235 5323 2331 5377 llic
2361 5338 2489 5379 vero
2516 5324 2645 5379 mihi
2674 5334 2728 5378 et
2753 5326 2820 5380 ad
2853 5326 2996 5381 viros
3023 5337 3079 5383 et
3111 5327 3177 5382 ad
3209 5331 3460 5385 mulieres
3483 5345 3662 5386 sermo

2073 5424 2175 5469 est.
2210 5412 2390 5471 Flecte
2426 5430 2624 5485 genua,
2662 5417 2978 5488 ingemisce,
3018 5420 3183 5474 Deum
3221 5436 3441 5491 precare
3482 5433 3539 5475 ut
3569 5424 3661 5478 tibi

2075 5513 2145 5564 sit
2173 5509 2432 5579 prOpitius
2464 5527 2478 5562 :
2510 5511 2791 5565 nocturnis
2816 5511 2904 5564 ille
2933 5512 3182 5581 precibus
3208 5515 3378 5585 magis
3408 5515 3661 5579 ﬂectitur,

2073 5617 2196 5656 cum
2242 5600 2444 5672 requiei
2494 5612 2703 5672 tempus
2743 5602 2796 5657 in
2838 5603 3040 5657 luctum
3087 5605 3330 5660 verteris.
3359 5605 3664 5667 Recordate

2144 5786 2158 5815 ¹
2200 5783 2335 5843 iizee,
2362 5796 2450 5833 cur
2476 5785 2641 5837 dicere
2651 5782 2810 5848 jubet,
2826 5782 3009 5833 desunt
3033 5785 3084 5834 in
3107 5783 3414 5847 quibusdam.
