4112 6438
433 331 542 384 203

431 447 720 503 verborum
744 443 884 516 regis
912 443 1054 499 illius
1085 460 1098 496 :
1131 441 1380 497 Laboravi
1404 443 1454 497 in
1481 443 1668 515 gemitu
1690 457 1822 505 meo,
1852 439 2034 493 favebo

440 556 530 610 per
554 536 781 608 singulas
801 545 968 590 noctes
989 534 1172 589 lectum
1197 552 1386 602 meum,
1413 534 1651 606 lacrymis
1669 534 1791 586 meis
1813 540 2027 585 stratum

438 647 607 683 meum
629 628 803 700 rigabo
823 625 997 698 (Psat.
1027 625 1080 680 6.
1099 628 1178 690 7).
1209 626 1557 694 Quantumvis
1584 623 1788 680 deliciis
1819 623 2025 689 afﬂnas,

435 739 542 777 non
569 721 737 790 magis
767 736 928 790 quam
958 719 1079 784 ille;
1110 719 1452 789 quantumvis
1479 718 1552 772 sis
1594 718 1744 772 dives
1766 759 1780 783 ,
1825 733 1930 770 non
1969 730 2030 770 es

433 813 595 868 ditior
626 811 843 866 Davide.
877 809 1179 879 Itcrumque
1202 813 1278 863 ait
1311 810 1401 864 ille
1430 827 1442 862 :
1471 807 1645 862 Media
1685 818 1832 861 nocte
1854 824 2028 877 surge-

437 907 552 959 bam
601 905 670 957 ad
717 904 1060 971 conﬁtendum
1101 905 1188 956 tibi
1231 920 1381 973 super
1413 903 1615 974 judicia
1663 903 1879 972 justitite
1930 913 2030 956 tua:

435 997 452 1066 (
478 995 627 1050 Psat.
662 995 785 1050 118.
817 993 944 1065 62).
979 994 1129 1048 ’I‘unc
1160 1009 1296 1048 vana
1327 994 1494 1064 gloria
1526 1009 1631 1047 non
1662 1003 1714 1048 te
1747 995 1981 1062 exagitat
2009 1011 2024 1049 :

427 1087 698 1156 quomodo
728 1098 911 1156 posset
931 1088 1072 1141 enim
1101 1087 1349 1142 omnibus
1379 1087 1791 1152 dormientibus,
1821 1101 1920 1140 nec
1941 1086 2020 1139 vi-

430 1180 724 1234 dentibus?
751 1179 900 1233 Tunc
927 1195 1024 1233 nec
1055 1179 1261 1248 ignavia
1288 1194 1388 1234 nec
1408 1180 1689 1234 oscitantia
1722 1178 1980 1233 invadunt
2008 1196 2022 1231 :

427 1272 698 1342 quomodo
729 1281 947 1341 possent
995 1273 1160 1335 enim,
1213 1288 1334 1326 cum
1381 1281 1456 1326 tot
1496 1282 1749 1342 tantaque
1789 1273 2022 1326 animant

436 1363 717 1417 excitent?
742 1363 867 1418 Post
897 1363 1020 1416 talia
1061 1363 1338 1433 pervigilia
1376 1377 1595 1418 somnus
1623 1365 1805 1419 suavis
1831 1372 1933 1426 est,
1968 1374 2024 1418 et

433 1454 794 1508 revelationes
840 1454 1133 1508 mirabiles.
1178 1455 1290 1508 Hoc
1333 1454 1416 1508 fac
1451 1463 1506 1509 et
1543 1464 1597 1509 tu
1639 1456 1740 1521 vir,
1775 1469 1878 1508 non
1907 1456 2020 1509 sola

429 1545 642 1600 mulier.
694 1545 777 1600 Sit
797 1545 1023 1600 ecclesia
1063 1545 1254 1599 domus
1284 1546 1413 1600 viris
1453 1555 1506 1600 et
1553 1545 1862 1600 mulieribus
1887 1561 2019 1599 con-

426 1648 595 1691 stans.
615 1636 694 1691 Ne
713 1637 834 1708 quia
865 1647 918 1690 tu
940 1636 1086 1690 solus
1110 1637 1211 1698 vir.
1237 1638 1347 1707 ipsa
1379 1637 1492 1692 sola
1522 1637 1711 1691 mulier
1736 1646 1839 1698 est,
1867 1646 2021 1705 putes

426 1729 477 1783 id
501 1728 887 1797 impedimento
915 1743 1056 1784 esse.
1094 1727 1231 1781 Nam
1277 1730 1361 1781 ubi
1385 1729 1487 1782 duo
1517 1727 1704 1795 fuerim
1731 1727 2020 1798 congregati

424 1824 477 1874 in
525 1821 728 1875 nomine
771 1836 917 1883 meo.
970 1819 1173 1890 inquit,
1224 1819 1332 1874 illic
1386 1837 1498 1873 sunt
1535 1822 1591 1872 in
1629 1819 1794 1873 medio
1847 1836 2020 1873 eorum

427 1913 657 1982 (Matth.
689 1913 777 1968 18.
828 1911 960 1983 20).
1009 1913 1107 1968 Ubi
1151 1910 1398 1966 Christus
1429 1911 1665 1976 medius,
1713 1912 1786 1966 ibi
1823 1927 2016 1982 magna

429 2003 712 2058 multitudo
737 2013 818 2058 est
853 2022 867 2058 :
899 2003 987 2058 ubi
1027 2003 1293 2068 Christus,
1335 2017 1560 2057 necesse
1594 2012 1676 2055 est
1710 2012 1765 2057 et
1797 2003 2017 2072 angelos

422 2110 542 2151 csse
565 2104 618 2151 ct
645 2093 1002 2166 archangelos
1022 2102 1077 2149 et
1095 2095 1228 2148 alias
1251 2102 1565 2164 potestates.
1591 2093 1703 2146 Non
1734 2093 1895 2163 igitur
1914 2093 2014 2147 Soli

421 2187 551 2242 estis
579 2187 821 2242 omnium
859 2186 1117 2242 habentes
1147 2184 1454 2240 Dominum.
1491 2185 1697 2239 Rursus
1725 2183 1847 2238 audi
1891 2199 2017 2254 pro-

427 2277 642 2347 phetam
667 2278 937 2334 dicentem
965 2295 979 2333 :
1010 2277 1197 2332 Melior
1229 2287 1304 2331 est
1333 2293 1462 2333 unus
1487 2279 1679 2349 faciens
1708 2277 2017 2330 voluntatem

421 2370 664 2436 Domini,
695 2386 849 2441 quam
877 2369 1018 2424 mille
1042 2369 1238 2439 iniqui(
1265 2368 1424 2423 Eccli.
1451 2369 1538 2423 16.
1573 2369 1607 2423 5
1628 2375 1668 2439 ).
1693 2368 1832 2422 Nihil
1865 2369 2016 2422 infin-

419 2462 559 2517 tnius
593 2461 776 2516 multis
805 2461 1022 2530 iniquis,
1051 2460 1182 2514 nihil
1209 2458 1403 2514 fortius
1429 2475 1558 2526 uno,
1596 2461 1686 2530 qui
1716 2459 2011 2514 secundum

422 2554 518 2610 Dei
552 2554 722 2623 legem
751 2553 898 2608 vivit.
921 2551 976 2608 Si
1009 2553 1102 2608 tibi
1125 2553 1234 2607 sint
1259 2551 1443 2618 liberi,
1476 2552 1648 2607 excita
1680 2553 1835 2616 illos;
1863 2562 1916 2608 et
1943 2553 2014 2607 sit

415 2648 636 2702 omnino
667 2645 840 2702 noctis
868 2656 1109 2714 tempore
1145 2646 1336 2699 domus
1366 2645 1593 2699 ecclesia
1622 2663 1635 2699 :
1669 2646 1713 2699 si
1749 2661 1880 2700 vero
1906 2646 2014 2700 sint

416 2741 582 2796 teneri
603 2780 619 2807 ,
651 2754 750 2794 nec
767 2739 988 2810 vigilare
1008 2739 1246 2808 possint,
1271 2753 1428 2792 unam
1450 2739 1741 2793 alteratnve
1766 2739 2013 2793 emittant

416 2833 714 2888 orationem
762 2839 816 2886 et
851 2829 1152 2902 quiescant.
1195 2830 1422 2884 Tantum
1461 2844 1642 2898 surge,
1689 2840 1743 2884 et
1784 2830 1912 2884 illud
1956 2831 2008 2884 in

413 2923 797 2982 consuetudine
813 2937 972 2992 pone.
988 2920 1243 2989 Nihilhoc
1258 2922 1626 2990 promptuario
1641 2921 1850 2985 melius,
1865 2922 2007 2991 quod

417 3017 554 3072 tales
579 3029 770 3086 preces
795 3013 1071 3083 suscipiet.
1104 3012 1244 3066 Audi
1270 3013 1583 3082 prophetam
1606 3013 1872 3068 dicentem
1899 3031 1915 3067 :
1946 3012 2009 3068 Si

413 3109 602 3164 memor
626 3107 704 3177 fui
730 3106 804 3160 tui
826 3122 980 3176 super
1000 3113 1214 3159 stratum
1243 3120 1444 3172 meum,
1475 3106 1527 3157 in
1560 3105 1820 3158 matutinis
1841 3105 2007 3158 medi-

411 3202 556 3256 tabar
574 3203 628 3255 in
657 3211 705 3255 te
733 3200 911 3273 (Psal.
935 3198 1025 3254 62.
1057 3199 1148 3268 7).
1173 3201 1240 3252 At
1266 3198 1414 3253 dices
1441 3215 1455 3252 :
1489 3199 1591 3253 Per
1616 3197 1758 3252 diem
1781 3199 2004 3254 nmltnm

413 3293 688 3359 laboravi,
719 3306 818 3347 nec
848 3305 1086 3360 possum.
1118 3289 1242 3344 llaec
1271 3289 1520 3344 obtentus
1549 3298 1676 3343 sunt
1701 3300 1754 3342 et
1782 3290 2003 3344 cavilla-

413 3389 610 3442 tiones.
654 3384 1009 3456 Quantumvis
1039 3383 1184 3439 enim
1214 3382 1580 3450 Iaboraveris,
1614 3397 1718 3436 non
1746 3391 2002 3453 quantum

412 3481 561 3536 faber
589 3478 832 3542 :erarius,
869 3477 956 3546 qui
990 3485 1097 3530 tam
1127 3489 1343 3546 gravem
1391 3473 1644 3528 malleum
1687 3475 1756 3530 ab
1794 3475 1902 3528 alto
1936 3474 2002 3528 ad

415 3589 582 3645 usque
603 3588 801 3643 prunas
817 3569 1070 3635 demittit,
1092 3580 1146 3622 et
1167 3566 1371 3622 fumum
1391 3576 1506 3621 toto
1523 3579 1751 3637 corpore
1770 3567 1885 3621 esci
1893 3567 1968 3636 pit
1986 3587 2000 3624 :

411 3676 468 3720 et
490 3676 666 3720 tamen
697 3663 982 3718 maximam
1020 3660 1194 3715 noctis
1215 3667 1421 3729 partem
1447 3673 1508 3713 ea
1540 3659 1594 3712 in
1625 3674 1687 3713 re
1706 3660 1997 3715 consumit.

408 3758 591 3813 Nostis
627 3757 826 3820 etiam,
860 3753 1146 3818 mulieres,
1194 3752 1240 3805 si
1285 3750 1500 3822 quando
1541 3751 1698 3805 nobis
1724 3751 1776 3805 in
1813 3766 1998 3821 agrum

408 3852 708 3908 concedere
728 3863 863 3918 opus
884 3845 1002 3913 fuit,
1023 3853 1117 3900 aut
1140 3844 1206 3898 ad
1235 3843 1592 3914 pervigilium,
1615 3843 1883 3907 quomodo
1905 3859 2001 3912 per

410 3955 574 3999 totam
621 3951 832 3996 noctem
879 3939 956 3993 illi
1001 3936 1244 4008 vigilant.
1279 3935 1346 3990 Et
1388 3935 1484 3990 tibi
1515 3949 1646 4004 ergo
1674 3933 1888 3989 officina
1927 3938 1999 3992 sit

1134 327 1188 382 S.
1229 325 1506 382 JOANNIS
1543 324 2014 383 CHRYSOSTOMI
2057 323 2376 380 AliCIIIEP.
2408 323 2944 383 CONS'I‘ANTINOP.

3630 333 3738 389 21ιό

2142 440 2471 506 spiritualis,
2521 457 2626 496 nun
2676 449 2734 496 ut
2761 440 2902 495 ollas
2943 447 2999 495 et
3037 439 3265 507 lebetes,
3290 441 3386 496 sed
3418 451 3477 496 ut
3499 443 3734 503 animam

2141 539 2283 586 tuam
2318 547 2498 601 pares,
2526 548 2646 603 qua:
2675 541 2730 586 et
2771 532 2967 586 aerario
3007 540 3063 587 et
3091 532 3314 589 auriﬁce
3341 535 3515 590 multo
3545 539 3732 596 melior

2138 631 2244 678 est.
2278 623 2526 676 Animam
2555 625 2789 692 peccatis
2813 625 3160 678 inveteratam
3193 625 3354 681 induc
3383 627 3437 681 in
3462 627 3726 686 officinam

2134 714 2489 768 confessionis
2514 731 2528 768 :
2558 715 2808 770 malleum
2837 731 2866 767 a
2889 729 3101 768 summo
3122 715 3302 779 induc,
3329 717 3382 771 id
3405 729 3508 781 est,
3537 721 3730 775 verbo-

2135 821 2254 859 rum
2295 804 2694 860 danmationem
2725 822 2739 858 :
2773 806 3010 862 accende
3062 806 3239 876 ignem
3285 806 3540 878 Spiritus.
3571 812 3733 868 Multo

2137 898 2566 966 praestantiorem
2591 909 2762 952 artem
2797 897 2982 952 habes.
3009 898 3126 952 Non
3158 917 3320 955 aurea
3353 918 3480 956 vasa
3512 907 3732 961 concin-

2135 1004 2262 1053 nas;
2294 988 2388 1042 sed
2414 1003 2547 1043 auro
2575 989 2724 1042 omni
2761 989 3136 1056 pretiosiorem
3163 993 3396 1047 animam
3429 997 3567 1050 sicut
3595 1014 3731 1051 arra-

2132 1081 2245 1136 rius
2285 1090 2484 1136 tractas
2514 1099 2529 1134 :
2577 1097 2683 1135 non
2725 1098 2816 1136 vas
2845 1098 3165 1151 corporeum
3193 1101 3453 1154 apparas;
3487 1091 3579 1145 sed
3607 1092 3727 1144 ani-

2132 1190 2274 1228 mam
2314 1175 2382 1229 ab
2421 1174 2565 1229 omni
2606 1175 2849 1230 surculari
2890 1175 3166 1244 phantasia
3199 1178 3414 1235 liberas.
3446 1181 3598 1236 Adsit
3629 1184 3722 1237 tibi

2131 1266 2369 1333 lucerna,
2395 1283 2503 1322 non
2526 1269 2640 1322 ha-c
2661 1267 2880 1333 ardens,
2902 1269 2996 1322 scd
3023 1285 3182 1338 quam
3207 1284 3465 1327 memorat
3491 1276 3720 1344 prophe-

2133 1367 2180 1412 ta
2208 1377 2221 1411 :
2253 1357 2485 1412 Lucerna
2522 1360 2734 1429 pedibus
2779 1360 2902 1412 meis
2943 1359 3026 1414 lea“-
3063 1369 3152 1414 tua
3177 1365 3194 1431 (
3221 1360 3360 1416 I’sai.
3395 1366 3516 1420 H8.
3551 1367 3710 1438 105).

2131 1450 2382 1503 Accende
2421 1449 2753 1503 orationibus
2795 1450 3024 1503 animam
3052 1468 3065 1504 :
3098 1451 3145 1505 si
3181 1453 3314 1507 satis
3343 1454 3480 1508 illam
3513 1454 3706 1512 habere

2127 1541 2346 1605 videris,
2376 1541 2532 1606 educ,
2561 1541 2780 1596 efforma
2812 1542 2954 1596 illam
2989 1554 3046 1597 ut
3076 1545 3176 1599 vis.

2200 1634 2380 1688 Oratio
2409 1644 2594 1705 purgat
2620 1635 2903 1705 rubiginem
2927 1647 3263 1705 peccatorum.
3278 1639 3532 1695 —Crcde
3551 1639 3708 1704 mihi,

2126 1741 2232 1780 non
2261 1727 2338 1781 sic
2365 1727 2500 1794 ignis
2542 1727 2839 1795 rubiginem
2886 1738 3108 1797 purgat,
3159 1739 3216 1783 ut
3245 1739 3502 1785 nocturna
3549 1732 3720 1786 oratio

2128 1819 2428 1888 rubiginem
2471 1829 2811 1888 peccatorum
2859 1830 3186 1876 nostrorum.
3224 1821 3626 1888 Revereamnr,
3673 1825 3718 1878 si

2126 1913 2398 1965 neminem
2428 1911 2594 1964 alium
2617 1951 2632 1976 ,
2676 1913 2866 1965 saltem
2905 1923 3197 1980 nocturnos
3233 1913 3504 1968 custodes.
3537 1914 3618 1969 Illi
3648 1915 3721 1968 ob

2126 2003 2414 2056 lmmanam
2450 2003 2622 2073 legem
2653 2003 2987 2058 circumerrat
3017 2005 3068 2058 in
3101 2004 3296 2075 frigore
3334 2006 3560 2060 multum
3602 2007 3715 2062 cla-

2123 2106 2352 2161 mantes,
2385 2106 2438 2150 et
2469 2097 2523 2150 in
2550 2097 2679 2151 vicis
2705 2096 3014 2166 gradientes
3034 2138 3050 2162 ,
3099 2111 3242 2168 sa-pe
3282 2099 3483 2151 madidi
3523 2098 3607 2151 vel
3635 2099 3711 2151 ri-

2127 2197 2315 2257 gentes
2334 2229 2350 2254 ,
2383 2188 2544 2259 idque
2573 2199 2793 2258 pr0pter
2823 2199 2874 2243 te
2899 2197 3152 2257 tuamque
3178 2189 3437 2251 salutem,
3465 2204 3530 2244 ac
3553 2203 3714 2259 pecu-

2123 2280 2331 2333 niarum
2370 2289 2580 2334 tuarum
2623 2279 2942 2334 custodiam.
2987 2280 3079 2334 Ille
3114 2281 3460 2351 pecuniarum
3500 2290 3713 2336 tuarum

2122 2381 2324 2426 tantam
2341 2387 2534 2427 curam
2556 2373 2730 2442 gerit;
2762 2381 2819 2426 tu
2840 2387 2971 2428 vero
2998 2387 3095 2426 nec
3117 2373 3346 2426 animam
3367 2382 3508 2426 tuam
3530 2388 3708 2428 curas.

2119 2463 2234 2518 Non
2269 2473 2320 2520 te
2347 2480 2511 2534 cogo,
2545 2473 2603 2518 ut
2629 2464 2730 2519 sub
2761 2463 2851 2518 dio
2877 2463 3172 2518 Circumeas
3196 2465 3336 2518 sicut
3376 2464 3499 2529 ille,
3534 2480 3709 2534 neque

2119 2568 2176 2611 ut
2205 2559 2372 2612 altum
2401 2559 2603 2613 clames
2627 2568 2682 2612 et
2718 2557 3072 2626 dirumparis;
3099 2556 3195 2612 sed
3227 2557 3278 2610 in
3311 2557 3427 2626 ipso
3455 2558 3712 2627 penuario

2121 2650 2202 2703 vel
2226 2649 2474 2704 cubiculo
2498 2648 2652 2704 flecte
2672 2664 2844 2720 genua
2864 2689 2880 2714 ,
2906 2663 3126 2719 precare
3145 2649 3448 2703 Dominum.
3467 2648 3576 2702 Cur
3597 2652 3710 2718 ipse

2115 2742 2363 2798 Christus
2390 2743 2724 2812 pernoctavit
2751 2743 2801 2795 in
2829 2740 3048 2795 monte?
3070 2755 3245 2794 annon
3268 2749 3326 2794 ut
3349 2740 3501 2794 nobis
3526 2755 3711 2794 exem-

2116 2836 2206 2906 plo
2228 2836 2411 2891 esset?
2438 2835 2585 2889 Tunc
2607 2834 2872 2902 respirant
2891 2833 3117 2904 plantae,
3145 2834 3194 2885 in
3220 2842 3377 2886 nocte
3403 2831 3558 2886 dico:
3583 2843 3710 2885 tunc

2115 2929 2291 2981 anima
2328 2927 2450 2997 plus
2489 2943 2647 2996 quam
2683 2927 2787 2980 illa:
2817 2940 2992 2980 rorem
3021 2927 3240 2994 excipit.
3271 2927 3401 2990 Quae
3429 2925 3480 2977 in
3500 2925 3596 2978 .die
3623 2926 3708 2979 sol

2113 3019 2353 3084 adussit,
2385 3034 2448 3072 ea
2477 3027 2642 3072 noctu
2685 3018 3086 3085 refrigerantur.
3118 3018 3282 3088 Magis
3309 3034 3466 3088 quam
3497 3033 3585 3072 ros
3612 3035 3712 3071 no-

2113 3124 2317 3166 cturna:
2340 3112 2592 3183 lacryma:
2611 3119 2795 3165 contra
2817 3111 3282 3179 concupiscendos
3307 3120 3362 3166 et
3383 3121 3564 3165 contra
3586 3129 3710 3165 ont-

2114 3218 2238 3258 nem
2286 3202 2536 3257 ardorem
2584 3211 2881 3271 aestumque
2942 3201 3330 3266 demittuntur,
3379 3216 3481 3257 nec
3525 3203 3716 3256 sinunt

2113 3309 2277 3364 grave
2305 3293 2580 3363 quidpiam
2614 3293 2742 3363 pati.
2770 3293 2880 3347 Nisi
2903 3303 3081 3346 autem
3105 3305 3227 3347 rore
3254 3292 3343 3346 illo
3367 3293 3570 3346 fruatur
3589 3295 3714 3347 ani-

2113 3402 2233 3451 ma,
2269 3385 2498 3440 interdiu
2531 3385 2806 3440 aduretur.
2841 3383 3038 3438 Verum
3067 3383 3241 3448 absit,
3287 3392 3345 3438 ut
3376 3383 3570 3454 aliquis
3610 3401 3709 3439 ve-

2109 3488 2277 3532 strum
2307 3477 2376 3532 ab
2403 3477 2524 3546 igne
2549 3477 2638 3532 illo
2664 3484 2937 3530 exuratur.
2995 3474 3099 3529 Sed
3133 3475 3332 3529 utinam
3373 3489 3476 3530 nos
3517 3491 3707 3531 omnes

2109 3569 2409 3640 refrigerati
2435 3579 2490 3624 et
2512 3565 2687 3623 divina
2711 3567 2951 3622 fruentes
2970 3566 3278 3634 clementia,
3307 3584 3334 3620 a
3363 3578 3710 3636 peccatorum

2109 3665 2316 3718 sarcina
2347 3663 2640 3718 liberemur
2663 3701 2678 3726 ,
2725 3660 2892 3731 gratia
2924 3667 2981 3714 et
3011 3658 3339 3728 benignitate
3365 3658 3574 3714 Domini
3607 3674 3713 3712 no-

2109 3757 2206 3813 stri
2228 3757 2353 3813 Jesu
2379 3755 2616 3818 Christi,
2640 3753 2852 3824 quicum
2874 3750 3018 3805 Patri
3042 3758 3096 3804 et
3122 3749 3342 3820 Spiritui
3365 3758 3552 3805 sancto
3580 3747 3711 3820 glo-

2108 3849 2218 3913 ria,
2245 3847 2526 3916 imperium
2549 3886 2564 3910 ,
2591 3845 2782 3908 honor,
2814 3857 2957 3897 nunc
2985 3851 3041 3897 et
3067 3855 3304 3912 semper,
3337 3850 3392 3896 et
3421 3841 3475 3894 in
3501 3839 3706 3898 saecula

2109 3943 2426 3997 smculorum
2439 3983 2450 3994 .
2485 3943 2676 3994 Amen.

1761 4115 2102 4180 HOMILIA
2149 4118 2416 4179 XXVII.

405 4271 534 4326 Car.
567 4267 653 4324 12.
687 4285 740 4320 v.
774 4266 860 4321 18.
898 4263 1056 4318 Facta
1078 4271 1246 4316 autem
1283 4259 1397 4324 die,
1426 4269 1532 4314 erat
1567 4275 1667 4312 non
1700 4275 1856 4328 parra
1883 4270 1995 4312 tur—

479 4363 612 4418 batio
633 4362 765 4414 inter
784 4358 988 4423 milites,
1005 4355 1248 4427 quidnam
1271 4357 1463 4424 factum
1481 4361 1607 4405 esset
1625 4352 1687 4404 de
1705 4349 1881 4405 Petro.
1911 4351 1993 4407 I9.

484 4454 712 4509 Herodes
737 4463 903 4505 autent
935 4465 1048 4504 cum
1076 4446 1362 4517 requisisset
1394 4460 1509 4498 eum
1533 4485 1548 4510 ,
1581 4454 1625 4497 et
1651 4461 1751 4496 non
1782 4445 1997 4498 invenis-

477 4558 587 4615 set,
613 4545 937 4618 inquisitione
965 4545 1100 4613 facta
1126 4539 1189 4592 dc
1215 4536 1527 4599 custodibus,
1550 4536 1705 4605 jussit
1728 4553 1810 4590 eos
1833 4537 1994 4591 abdu-

478 4641 524 4694 ci
554 4657 572 4693 :
601 4635 998 4704 descendensque
1023 4632 1086 4685 de
1107 4629 1296 4684 ,Ιυάωο
1322 4626 1605 4682 Ctesaream
1624 4669 1638 4692 ,
1667 4626 1736 4681 ibi
1769 4644 1993 4681 commo-

482 4743 623 4786 ratus
645 4740 736 4784 εει.

484 4827 537 4880 1.
560 4823 707 4878 Multi
734 4818 878 4875 dubii
895 4826 1162 4889 qumrunt,
1183 4830 1278 4869 cur
1299 4814 1444 4869 Deus
1471 4813 1587 4868 illos
1604 4812 1733 4867 olim
1767 4803 1997 4870 infahtea

412 4926 635 4988 propter
661 4929 718 4967 se
749 4911 960 4965 occisos
988 4906 1355 4978 neglexerit‘,
1387 4917 1440 4959 et
1469 4919 1608 4958 nunc
1640 4920 1852 4958 rursum
1891 4905 1962 4957 mi

410 5009 534 5063 lites
581 5015 798 5075 promer
834 5002 1049 5055 Petrum
1083 4997 1428 5058 interfectos,
1471 4995 1569 5048 etsi
1618 4994 1850 5063 potuerit
1877 4993 1997 5048 illos

404 5115 530 5156 cum
556 5098 715 5152 Petro
743 5107 977 5149 servare.
1010 5092 1117 5146 Sed
1147 5090 1189 5144 si
1221 5104 1342 5143 cum
1375 5087 1537 5142 Petro
1566 5086 1761 5140 milites
1782 5085 1995 5142 eduxis-

407 5203 491 5249 set
521 5191 772 5261 angelus.
816 5187 867 5242 id
900 5203 994 5256 pro
1023 5182 1142 5251 fuga
1175 5182 1413 5236 habitum
1455 5178 1660 5234 fuisset.
1693 5178 1799 5234 Cur
1829 5194 1989 5249 ergo,

407 5286 654 5357 inquies,
689 5298 794 5334 non
835 5279 993 5333 aliter
1037 5273 1340 5345 disposuit?
1385 5287 1506 5325 nam
1554 5271 1711 5342 quale
1739 5271 1993 5324 damnum

412 5393 552 5432 nunc
572 5376 766 5430 factum
784 5373 899 5427 est!
936 5371 987 5424 Si
1013 5366 1415 5422 consideremus
1432 5380 1546 5431 eos,
1582 5363 1669 5433 qui
1707 5363 1899 5432 injuste
1943 5369 1997 5415 et

409 5484 502 5536 per
525 5465 673 5520 nefas
697 5464 835 5534 μειεςί
873 5469 1016 5523 sunt,
1050 5457 1179 5511 nihil
1206 5455 1387 5509 damni
1413 5454 1683 5522 accepisse
1705 5493 1720 5517 ,
1752 5468 1856 5505 non
1881 5451 1996 5505 lucc

408 5572 732 5630 quteremus.
777 5557 886 5609 Cur
939 5553 1079 5608 enim
1127 5565 1232 5604 non
1283 5549 1414 5604 dicis
1457 5547 1616 5602 etiam
1662 5547 1728 5600 de
1758 5545 1992 5611 Iacobo,

481 5714 495 5742 ¹
529 5713 724 5770 quidam
763 5721 868 5762 ass.
895 5711 966 5759 sic
987 5709 1261 5772 incipiunt:
1296 5707 1552 5772 Suntfortc
1575 5703 1658 5772 qui
1697 5701 1834 5772 dubii
1858 5711 1993 5763 qua:-

421 5777 527 5822 rant
547 5766 631 5823 cur
654 5782 780 5825 Deus
817 5773 1020 5823 athletas
1034 5766 1228 5832 propter
1251 5783 1301 5820 se
1317 5766 1496 5819 occisos
1519 5766 1802 5829 neglexerit.

2109 4283 2275 4338 quare
2325 4266 2474 4322 illum
2525 4279 2630 4318 non
2681 4259 2914 4331 eripuit?
2961 4257 3212 4328 Alioquin
3261 4271 3390 4311 vero
3434 4269 3540 4309 non
3582 4265 3705 4309 erat

2106 4359 2283 4414 adhuc
2303 4358 2491 4429 judicii
2523 4365 2754 4425 tempus,
2779 4363 2835 4407 ut
2863 4351 3087 4421 singulis
3114 4365 3212 4419 pro
3242 4348 3434 4403 merito
3454 4348 3699 4400 daretur.

2105 4450 2211 4505 Sed
2243 4465 2416 4520 neque
2454 4449 2645 4504 Petrus
2677 4447 2857 4514 injecit
2892 4443 3009 4497 illos
3051 4443 3102 4496 in
3137 4455 3326 4494 manus
3353 4440 3489 4506 ejus.
3525 4440 3701 4493 llero-

2105 4543 2201 4599 des
2225 4559 2355 4614 ergo
2384 4557 2530 4612 aegre
2583 4539 2819 4601 ferebat,
2862 4536 3000 4608 quod
3051 4534 3272 4588 delusus
3322 4540 3499 4596 esset,
3556 4533 3715 4586 sicut.

2103 4652 2236 4692 avus
2263 4652 2392 4691 suus
2420 4635 2638 4689 delusus
2681 4631 2855 4686 fuerat
2879 4646 2905 4681 a
2934 4628 3104 4697 magis
3135 4645 3148 4680 :
3179 4626 3302 4680 hinc
3327 4623 3694 4678 dissecabatur

2103 4739 2158 4785 et
2194 4728 2327 4783 risui
2367 4736 2484 4783 erat
2527 4725 2822 4794 expositus.
2857 4723 2898 4778 Ε
2931 4739 2988 4776 re
3013 4733 3194 4774 autem
3227 4717 3388 4772 fuerit
3415 4717 3695 4787 scriptoris

2102 4822 2288 4877 audire
2314 4819 2475 4876 verba
2502 4837 2514 4875 :
2549 4816 2712 4870 Facta
2736 4825 2904 4868 autem
2935 4814 3034 4876 die,
3069 4811 3259 4882 inquit,
3283 4819 3389 4862 erat
3415 4826 3514 4862 non
3539 4822 3698 4872 parva

2102 4915 2320 4968 turbatio
2350 4915 2480 4967 inter
2517 4911 2703 4964 milites
2722 4950 2736 4973 ,
2778 4905 3020 4971 quidnam
3051 4909 3240 4974 factum
3263 4911 3392 4955 esset
3420 4901 3483 4954 de
3508 4898 3695 4955 Petro.

2104 5007 2334 5062 Herodes
2363 5016 2532 5060 autem
2557 5019 2671 5056 cum
2692 5000 2978 5071 requisisset
3003 5013 3117 5051 eum
3137 5036 3156 5062 ,
3187 5005 3234 5048 et
3269 5010 3368 5048 non
3396 4991 3696 5053 invenisset,

2101 5101 2424 5172 inquisitione
2469 5098 2605 5166 facta
2655 5094 2718 5147 de
2767 5089 3078 5152 custodibus,
3132 5087 3287 5158 jussit
3335 5101 3421 5139 eos
3473 5079 3696 5172 abduci;

2103 5167 2312 5247 etiamsi
2343 5186 2743 5259 inquisitionem
2790 5184 2988 5237 faciens
3028 5179 3268 5233 audisset
3305 5178 3374 5231 ab
3400 5177 3478 5230 eis
3499 5212 3514 5235 ,
3547 5167 3693 5240 quod

2103 5286 2302 5341 relicta:
2332 5283 2554 5337 fuissent
2600 5288 2838 5341 cateiae,
2877 5273 3018 5345 quod
3043 5273 3252 5327 calceos
3283 5267 3609 5335 accepisset,
3635 5272 3693 5315 et

2102 5375 2244 5448 quod
2271 5389 2439 5444 usque
2466 5371 2530 5425 ad
2566 5370 2711 5425 illam
2739 5377 2949 5422 noctem
2982 5379 3165 5420 secum
3197 5361 3402 5416 fuisset.
3430 5355 3534 5412 Sed
3563 5351 3690 5448 quid

2103 5443 2476 5524 occultarum?
2515 5479 2612 5518 cur
2656 5475 2762 5515 non
2809 5474 2939 5528 ergo
2982 5465 3037 5511 et
3077 5455 3180 5526 ipsi
3211 5448 3499 5520 fugerunt?
3538 5443 3690 5514 Atqui

2103 5559 2339 5630 Oportuit
2383 5558 2553 5627 ipsum
2599 5553 2700 5607 hoc
2737 5551 2918 5606 mirari
2947 5557 3001 5602 et
3025 5547 3427 5613 obstupescere.
3463 5539 3686 5593 Demum

2103 5671 2170 5710 ex
2201 5653 2412 5707 illorum
2442 5663 2570 5704 nece
2593 5645 2931 5701 manifestum
2957 5651 3040 5697 est
3060 5637 3307 5694 omnibus
3329 5643 3384 5689 et
3410 5633 3500 5688 Dei
3530 5630 3689 5684 mira-

2103 5747 2280 5801 culum
2307 5753 2359 5799 et
2390 5742 2530 5797 illius
2562 5738 2756 5795 scelus.
2787 5735 2896 5792 Sed
2918 5732 3060 5800 vide,
3087 5725 3357 5802 quomodo
3381 5726 3465 5780 hic
3491 5739 3551 5780 ea
3584 5736 3686 5776 non
