4112 6478
298 509 404 563 205

294 625 433 679 Θεοῦ
473 624 536 676 τὸ
571 622 757 693 θαῦμα
794 623 828 693 ἡ
865 638 926 675 τε
972 621 1183 675 ἐκείνου
1229 621 1400 676 κακία
1449 616 1769 688 κατάδηλος.
1830 613 1968 667 Ἀλλ’

296 714 434 785 δρα.
476 710 591 773 πῶς
633 704 787 773 οὗτος
828 708 1003 763 ταῦτα
1032 709 1092 763 o0
1122 708 1379 781 κρύπτει,
1406 707 1542 762 ἀλλά
1561 706 1657 761 καὶ
1693 704 1968 775 μέμνηται
2003 730 2014 740 -

301 799 541 869 ἱστορίας
562 797 704 850 ὥστε
731 796 939 863 διδάξαι
967 798 1138 867 ἡμᾶς.
1168 791 1304 850 Εἶτά
1331 812 1465 866 φησι
1488 810 1503 824 ’
1525 793 1636 847 Καὶ
1661 788 1967 845 κατελθὼν

302 888 422 942 ἀπὸ
464 884 578 953 τῆς
627 883 915 950 Ἰουδαίας
956 887 1045 950 είς
1088 882 1206 951 τὴν
1246 883 1614 951 Καισάρειαν
1659 876 1964 944 διέτριϐεν.

296 970 416 1031 Ἦν
441 974 498 1027 δὲ
529 976 558 1026 ὁ
601 971 847 1043 Ἡρώδης
869 970 1230 1042 θυμομαχῶν
1266 970 1494 1039 Τυρίοις
1518 966 1619 1022 καί
1642 967 1968 1030 Σιδωνίοις·

297 1059 681 1130 όμοθυμαδόν
703 1076 766 1113 τε
797 1059 1085 1128 παρῆσαν
1112 1057 1264 1127 πρός
1295 1055 1503 1117 αὑτὸν,
1527 1054 1625 1108 καί
1649 1053 1973 1115 πείσαντες

298 1146 582 1202 Βλάστον
603 1146 711 1200 τὸν
727 1145 828 1199 ἐπὶ
849 1144 957 1199 τοῦ
982 1144 1265 1211 κοιτῶνος
1281 1143 1391 1197 τοῦ
1414 1140 1741 1208 βασιλέως,
1767 1140 1977 1209 ᾐτοῦν-

298 1252 365 1288 το
401 1233 671 1302 εὶρήνην,
709 1233 808 1286 διὰ
837 1232 906 1285 τὸ
943 1232 1366 1300 διατρέφεσθαι
1400 1227 1601 1283 αὐτῶν
1625 1227 1743 1296 τὴν
1778 1227 1977 1296 χώραν

297 1322 418 1375 άπὸ
447 1318 557 1386 τῆς
577 1318 936 1386 βασιλικῆς.
973 1317 1166 1387 Τακτῇ
1192 1318 1261 1372 δὲ
1296 1317 1487 1388 ἡμέρᾳ
1509 1319 1543 1371 ό
1582 1315 1846 1384 Ἡρώδης
1877 1315 1975 1367 ἐν⁶

297 1408 644 1478 δυσάμενος
667 1407 896 1473 ἐσθῆτα
914 1406 1273 1473 βασιλικὴν,
1294 1405 1407 1459 καί
1436 1406 1688 1470 καθίσας
1730 1403 1828 1456 ἐπὶ
1866 1402 1974 1456 τοῦ

274 1482 571 1565 ’,ϐήματος
598 1494 954 1563 ἐδημηγόρει
983 1494 1135 1561 πρὸς
1173 1493 1396 1559 αὐτούς
1417 1506 1431 1521 ⁸
1468 1495 1502 1546 ό
1530 1491 1600 1544 δέ
1625 1490 1817 1560 δῆμος
1834 1484 1973 1542 ἔπε-

296 1583 482 1652 φώνει
506 1600 521 1613 ο
550 1582 699 1637 Θεοῦ
729 1581 899 1651 φωνὴ
942 1582 1040 1635 καὶ
1068 1582 1180 1639 οὐκ
1227 1577 1567 1648 ἀνθρώπου.
1604 1575 1974 1656 Παραχρῆμα

297 1671 368 1725 δὲ
397 1672 590 1726 αὐτόν
615 1670 917 1735 ἐπάταξεν
969 1669 1223 1739 ἅγγελος
1267 1668 1522 1735 Κυρίου,
1574 1667 1703 1721 ἀνθ’
1735 1658 1824 1719 ὧν
1859 1667 1973 1718 οὐκ

298 1761 483 1813 ἔδωκε
515 1759 707 1825 δόξαν
734 1757 815 1824 τῷ
849 1755 971 1822 Θεῷ
1000 1774 1014 1787 ο
1062 1757 1161 1810 καί
1190 1759 1514 1826 γενόμενος
1547 1754 1974 1821 σκωληκόϐρω-

300 1865 401 1912 τος
439 1847 760 1914 ἐξέψυξεν.
794 1846 848 1899 ’0
891 1845 962 1898 δέ
1008 1845 1191 1912 λόγος
1240 1844 1347 1897 τοῦ
1395 1841 1545 1897 Θεοῦ
1595 1841 1823 1907 ηὔξανε
1873 1839 1970 1892 καί

299 1936 697 2001 ἐπληθύνετο.
735 1934 810 1987 00
844 1932 1040 2004 μικρὸν
1069 1932 1192 1985 οὐδὲ
1233 1930 1393 1985 τοῦτό
1422 1934 1591 1983 ἐστιν.
1643 1928 1860 1991 Εὐθέως
1885 1929 1918 1997 ἡ
1946 1940 1972 1968 ι

298 2021 423 2090 δίκη
456 2021 755 2075 κατέλαϐεν
781 2019 944 2073 αὐτὸν
972 2060 986 2082 ,
1022 2021 1070 2072 εί
1101 2020 1195 2072 καὶ
1224 2018 1299 2088 μὴ
1321 2018 1407 2071 διὰ
1436 2018 1643 2088 Πέτρον
1663 2055 1678 2079 ,
1722 2015 1859 2069 ἀλλὰ
1887 2015 1974 2068 διά

300 2108 399 2178 τὴν
430 2107 596 2162 αὐτοῦ
630 2108 1060 2178 μεγαληγορίαν.
1099 2106 1211 2159 Καὶ
1244 2107 1353 2175 μὴν
1395 2107 1444 2158 εί
1484 2105 1719 2169 ἐκεῖνοι,
1765 2103 1930 2172 φησὶν
1956 2142 1973 2167 ,

300 2200 536 2267 ἐϐόησαν
555 2238 569 2261 ,
600 2200 653 2252 τί
688 2198 824 2268 πρὸς
842 2198 1062 2262 τοῦτον;
1105 2199 1228 2250 Ὅτι
1263 2193 1588 2261 κατεδέξατο
1620 2193 1717 2264 τὴν
1744 2191 1929 2263 φωνὴν
1957 2233 1972 2257 ,

300 2291 381 2341 ὅτι
406 2287 553 2351 ἄξιον
583 2287 779 2340 ἑαυτὸν
812 2286 1063 2355 ἐνόμισεν
1095 2280 1234 2338 εἶναι
1262 2283 1363 2352 τῆς
1388 2281 1702 2345 κολακείας.
1726 2280 1825 2333 Διά
1848 2279 1975 2333 τού-

302 2392 396 2425 του
426 2375 624 2426 ἐκεῖνοι
666 2372 904 2443 μάλιστα
945 2371 1290 2425 παιδεύονται
1325 2370 1375 2423 οί
1413 2367 1799 2430 κολακεύοντες
1828 2369 1972 2438 εἰκῇ.

304 2462 447 2531 Ὅρα
499 2460 663 2514 πάλιν
704 2460 1052 2530 ἀμφοτέρους
1102 2459 1199 2529 μὲν
1244 2458 1406 2520 ὄντας
1456 2455 1642 2521 ἀξίους
1683 2454 1975 2526 τιμωρίας,

302 2550 491 2605 τοῦτον
527 2549 584 2602 δὲ
630 2548 1012 2617 κολαζόμενον.
1065 2549 1139 2601 O0
1170 2548 1280 2617 γάρ
1307 2550 1423 2599 ἐστι
1453 2545 1546 2598 νῦν
1567 2545 1665 2615 τῆς
1685 2547 1920 2615 κρίσεως
1948 2546 1977 2597 ὁ

304 2636 514 2706 καιρὸς,
550 2635 686 2689 ἀλλά
712 2636 803 2688 τὸν
840 2635 1071 2706 μάλιστα
1107 2634 1441 2697 ὑπεύθυνον,
1490 2632 1679 2686 τοῦτον
1723 2631 1974 2696 κολάζει,

301 2725 543 2786 ἐκείνους
565 2724 746 2793 ἀφιεὶς
786 2724 895 2776 ἀπὸ
929 2723 1121 2776 τούτου
1156 2723 1431 2792 κερδάναι.
1465 2723 1573 2776 Kal
1601 2725 1633 2775 ό
1661 2722 1845 2790 λόγος
1871 2718 1977 2773 τοῦ

302 2811 454 2866 Θεοῦ
472 2811 722 2877 ηὔξανε,
754 2812 908 2883 φησὶ,
941 2812 1041 2865 καὶ
1064 2811 1440 2879 ἐπληθύνετο
1460 2826 1472 2838 ·
1491 2809 1758 2871 τουτέστι,
1782 2807 1975 2861 τούτου

301 2901 618 2970 γενομένου.
664 2895 817 2962 Εἶδες
854 2898 990 2952 Θεοῦ
1034 2898 1384 2968 οἰκονομίαν;
1418 2898 1732 2967 Βαρνάϐας
1765 2896 1833 2949 δὲ
1877 2895 1976 2949 καί

303 2986 541 3052 Σαῦλος
554 2984 947 3054 ὑπέστρεψαν
971 2985 1039 3050 ἐξ
1075 2983 1469 3052 Ἰερουσαλὴμ
1493 2983 1519 3021 δ
1545 2984 1978 3052 πληρώσαντες

303 3074 419 3142 τὴν
448 3073 785 3137 διακονίαν,
814 3073 1392 3141 συμπαραλαϐόντες
1421 3072 1521 3124 καὶ
1565 3071 1846 3139 Ἰωάννην
1873 3073 1979 3124 τὸν

301 3159 705 3226 ἐπικληθέντα
732 3158 998 3226 Μάρκον.
1034 3154 1241 3211 ἿΙσαν
1267 3157 1334 3210 δέ
1362 3174 1523 3223 τινες
1552 3157 1624 3209 ἐν
1659 3157 1980 3224 Ἀντιοχείᾳ

305 3247 458 3301 κατά
478 3246 594 3313 τὴν
621 3241 819 3300 οὖσαν
843 3246 1215 3312 Ἐκκλησίαν
1242 3243 1541 3313 προφῆται
1566 3243 1666 3297 καὶ
1694 3242 1980 3297 διδάσκα-

304 3341 420 3399 λοι,
445 3332 480 3386 ὅ
502 3349 566 3386 τε
601 3331 915 3401 Βαρνάϐας
949 3331 1048 3385 καί
1074 3331 1302 3401 Σεμεὼν
1323 3335 1356 3385 ό
1377 3333 1753 3401 καλούμενος
1777 3331 1976 3400 Νίγερ,

309 3421 409 3474 καὶ
442 3422 697 3485 Λούκιος
730 3422 762 3473 ό
790 3417 1148 3486 Κυρηναῖος,
1172 3416 1322 3489 [216]
1349 3416 1602 3486 Μαναῆν
1631 3434 1694 3471 τε
1719 3416 1980 3486 Ἡρώδου

308 3511 414 3565 τοῦ
437 3510 762 3580 τετράρχου
782 3511 1147 3575 σύντροφος,
1174 3507 1275 3560 καὶ
1300 3507 1556 3572 Σαῦλος.
1579 3507 1702 3560 Ἔτι
1726 3506 1981 3576 Βαρνάϐα

308 3600 525 3667 πρῶτον
559 3596 885 3669 μνημονεύει
915 3614 929 3627 ⁸
967 3595 1118 3648 οῦπω
1163 3594 1274 3665 γὰρ
1322 3594 1537 3657 Παῦλος
1572 3589 1640 3664 ἦν
1686 3594 1937 3664 λαμπρὸς
1964 3635 1979 3658 ,

307 3684 458 3738 οὔπω
507 3688 734 3755 σημεῖον
777 3684 929 3736 οὐδὲν
979 3683 1296 3753 εἰργάσατο.
1350 3682 1867 3750 Λειτουργούντων
1914 3681 1984 3735 δὲ

308 3772 508 3825 αὐτῶν
542 3773 621 3836 τῷ
647 3773 843 3839 Κυρίῳ
870 3771 967 3825 καὶ
1007 3772 1449 3837 νηστευόντων,
1485 3766 1616 3824 εἷπε
1645 3771 1713 3822 τὸ
1742 3770 1986 3840 Πνεῦμα

308 3860 375 3914 τὸ
403 3860 574 3929 ἅγιον
596 3876 609 3889 ’
648 3859 996 3928 Ἀφορίσατε
1023 3856 1098 3924 δή
1121 3874 1227 3926 μοι
1250 3855 1693 3924 τὸν,Βαρνάϐαν
1708 3857 1809 3910 καὶ
1832 3858 1985 3913 Σαῦ-

309 3953 423 3999 λον
471 3950 562 4013 εὶς
588 3946 673 4000 ’τὸ
728 3947 927 4015 ἔργον,
975 3944 1007 3998 ὃ
1052 3945 1509 4013 προσκέκλημαι
1541 3946 1785 4009 αὐτούς.
1848 3946 1985 3999 Ίϋτε

310 4036 759 4103 νηστεύσαντες
789 4034 887 4087 καὶ
915 4032 1395 4102 προσευξάμενοι
1427 4034 1523 4086 καὶ
1555 4033 1859 4099 ἐπιθέντες
1879 4036 1984 4100 τὰς

311 4120 517 4189 χεξρας
546 4120 775 4186 αὐτοῖς,
807 4119 1152 4174 ἀπέλυσαν.
1186 4119 1250 4171 Τί
1274 4121 1410 4186 ἐστι,
1435 4121 1983 4188 Λειτουργούντων;

312 4208 727 4278 Κηρυττὸντων.
780 4206 1133 4276 Ἀφορίσατε
1159 4224 1256 4273 μοι
1285 4247 1299 4269 ,
1330 4207 1464 4276 φησὶ
1491 4247 1504 4272 ,
1538 4206 1646 4260 τὸν
1669 4206 1986 4273 Βαρνάϐαν

312 4296 413 4348 καὶ
434 4294 694 4349 Σαῦλον.
730 4295 795 4346 Τί
827 4298 996 4359 ἐστιν,
1040 4292 1393 4362 Ἀφορίσατέ
1408 4311 1510 4362 μοι
1528 4309 1548 4356 ;
1576 4294 1670 4356 Είς
1699 4294 1761 4347 τὸ
1800 4293 1981 4365 ἔργον,

312 4385 392 4444 εἰς
417 4382 514 4452 τὴν
550 4374 875 4452 ἀποστολήν.
894 4382 1036 4451 Ὅρα
1063 4380 1224 4434 πάλιν
1253 4380 1357 4433 ὑπὸ
1388 4380 1548 4434 τίνων
1576 4384 1981 4452 χειροτονεῖται·

312 4470 419 4522 ὑπὸ
446 4471 679 4522 Λουκίου
701 4469 797 4522 τοῦ
832 4468 1143 4539 Κυρηναίου
1176 4468 1270 4520 καὶ
1303 4468 1502 4538 Μαναῆ
1526 4483 1540 4498 ⁸
1575 4468 1775 4538 μᾶλλον
1798 4469 1857 4522 δὲ
1882 4470 1986 4523 ὑπὸ

311 4557 407 4609 τοῦ
448 4556 787 4627 Πνεύματος.
823 4557 970 4625 Ὄσῳ
999 4554 1108 4626 γὰρ
1135 4556 1205 4608 τὰ
1240 4556 1507 4627 πρόσωπα
1545 4556 1805 4610 ἐλάττονά
1846 4559 1984 4620 ἐστι,

314 4645 552 4713 τοσούτῳ
580 4644 944 4715 γυμνοτέραή
974 4643 1067 4696 τοῦ
1092 4642 1227 4696 Θεοῦ
1254 4644 1506 4712 φαίνεται
1530 4644 1707 4714 χάρις.
1739 4645 1989 4715 Χειροτο-

315 4734 487 4783 νεῖται
532 4730 717 4784 λοιπὸν
764 4733 846 4793 εἰς
885 4729 1213 4800 ἀποστολὴν,
1261 4730 1402 4783 ὥστε
1456 4732 1574 4800 μετ’
1604 4730 1850 4797 ἐξουσίας
1881 4749 1984 4801 κη-

318 4815 551 4886 ρύττειν.
602 4817 724 4880 Πῶς
753 4813 846 4870 οὖν
873 4818 1032 4880 αὑτός
1068 4834 1234 4888 φησιν
1264 4831 1278 4847 ⁸
1324 4820 1447 4871 Οὺκ
1489 4818 1591 4872 ἀπ’
1616 4818 1945 4887 ἀνθρώπων
1967 4858 1983 4884 ,

314 4903 459 4956 οὐδὲ
498 4903 571 4955 δι’
621 4903 988 4973 άνθρώπων;
1024 4901 1098 4956 Τὸ
1131 4905 1253 4974 μὲν,
1311 4907 1434 4958 Οὐκ
1485 4906 1589 4959 ἀπ’
1637 4905 1983 4972 ἀνθρώπων,

314 4986 490 5055 εἶπεν,
524 4991 611 5044 ἴνα
643 4990 883 5062 δηλώσῃ,
924 4991 1007 5044 ὅτι
1052 4991 1154 5046 ούκ
1197 4992 1485 5065 ἄνθρωπος
1526 4994 1689 5048 αὐτὸν
1727 4995 1988 5049 ἐκάλεσεν

314 5079 437 5132 οὐδὲ
487 5080 902 5150 προσηγάγετοο
929 5080 991 5133 τὸ
1030 5081 1120 5146 δὲ,
1148 5083 1229 5134 Δι’
1258 5081 1605 5149 ἀνθρώπων,
1632 5081 1714 5133 ὅτι
1747 5081 1846 5152 οὐχ
1883 5082 1989 5135 ὑπὸ

314 5167 468 5220 τοῦδε
499 5167 777 5237 ἐπέμφθη,
811 5167 926 5221 ἀλλ’
952 5168 1058 5221 ὑπὸ
1086 5168 1183 5222 τοῦ
1215 5169 1554 5240 Πνεύματος.
1586 5167 1676 5221 Διὸ
1698 5169 1792 5222 καὶ
1817 5169 1989 5232 οὕτως

315 5258 628 5325 επήγαγενο
655 5252 830 5311 Οὗτοι
874 5255 993 5325 μὲν
1043 5251 1158 5311 οὖν
1205 5254 1646 5325 ἐκπεμφθέντες
1701 5256 1822 5311 ὑπὸ
1879 5256 1989 5311 τοῦ

316 5342 666 5410 [Ινεύματος
691 5342 998 5411 κατῆλθον
1028 5346 1116 5410 εὶς
1161 5342 1278 5411 τὴν
1320 5345 1701 5417 Σελεύκειαν,
1756 5345 1990 5400 ἐκεῖθέν

316 5446 380 5481 τε
412 5429 800 5485 ἐπέπλευσαν
821 5435 901 5497 εὶς
927 5432 1042 5500 τὴν
1064 5433 1328 5500 Κύπρον.
1355 5433 1583 5501 ’Ίδωμεν
1610 5433 1666 5486 δὲ
1692 5434 1895 5487 ἄνωθεν
1920 5435 1989 5487 τὰ

317 5518 604 5587 εἰρημένα.
647 5518 901 5590 Ἡμέρας
939 5520 1007 5572 δέ
1046 5518 1392 5589 γενομένης,
1424 5521 1607 5591 φησὶν,
1630 5517 1708 5590 ἦν
1729 5519 1989 5590 τάραχος

317 5606 431 5657 οὐκ
463 5605 666 5676 ὀλίγος
695 5608 793 5662 διὰ
826 5609 932 5662 τὸν
960 5608 1206 5677 Πέτρον,
1234 5608 1335 5662 καὶ
1361 5609 1690 5676 ἀνακρίνας
1714 5609 1854 5675 τοὺς
1877 5612 1990 5679 φύ-

318 5697 512 5758 λακας
531 5694 860 5752 ἐκέλευσεν
883 5697 1253 5767 ἀπαχθῆναι.
1293 5697 1481 5762 Ούτως
1520 5700 1620 5752 οὐκ
1654 5698 1871 5768 ᾔσθετο,
1905 5701 1988 5752 ὅτι

319 5781 417 5831 καὶ
460 5779 709 5844 κολάζειν
753 5785 956 5848 ἀδίκως
991 5787 1280 5857 ἐπιχειρεῖ.
1322 5787 1453 5840 Ἰδοὺ
1494 5787 1586 5839 τὸν
1631 5786 1773 5859 ὑπὲρ
1810 5789 1989 5842 αὐτῶν

319 5867 689 5937 ἀναλαμϐάνω
718 5871 893 5938 λόγον.
925 5873 1005 5926 Τά
1026 5874 1203 5944 δεσμά
1230 5869 1298 5944 ἣν
1320 5914 1335 5937 ,
1366 5877 1413 5926 οἱ
1446 5874 1687 5944 φύλακες
1713 5875 1860 5929 ἔνδον
1879 5917 1894 5939 ,
1929 5878 1990 5930 το

319 5957 692 6024 δεσμωτήριον
725 5958 1107 6028 κεκλεισμένον
1130 6002 1144 6023 ,
1183 5960 1418 6029 οὐδαμοῦ
1466 5964 1645 6031 τοῖχος
1684 5962 1988 6033 διορωρυγ-

374 6055 488 6128 :03
518 6060 686 6128 μικρὸν
714 6061 765 6128 δὲ
785 6059 928 6128 τοῦτο
950 6063 1059 6128 ἐστι.
1074 6064 1176 6128 πῶς
1202 6065 1369 6128 εὐθέως
1392 6066 1526 6121 {bsic
1545 6064 1762 6126 quidam.
1801 6067 1827 6106 δ
1847 6068 1988 6119 Arius

324 6118 420 6167 ἀπὸ
455 6118 787 6186 Ἰερουσαλήμ,
810 6124 893 6174 alii
929 6130 982 6173 et.
1019 6123 1193 6173 Morel.
1226 6128 1290 6182 εἰς
1338 6118 1651 6191 Ἰερουσαλήμ.
1684 6130 1832 6179 male.

1181 502 1238 557 S.
1278 500 1563 558 JOANNIS
1599 493 2086 560 CHRYSOSTOMI
2123 493 2445 551 ARCHIEP.
2485 489 3033 549 CONSTANTINOP.

3636 493 3746 550 206

2077 629 2256 699 μένος,
2287 629 2487 691 πάντες
2519 627 2588 680 τὰ
2609 626 2750 680 αὐτὰ
2774 624 2958 694 ἔλεγον
2982 642 2998 657 ο
3021 624 3375 696 ἀνάρπαστος
3401 626 3432 677 ό
3462 622 3735 695 ἄνθρωπος

2072 717 2266 785 γέγονε
2285 757 2300 779 ,
2334 715 2423 769 διά
2449 716 2503 768 τί
2532 714 2730 777 αὐτοὺς
2777 712 3196 777 καταδικάζειςς
3232 712 3281 765 εί
3317 711 3514 782 ἤθελον
3540 711 3740 765 ἀπολῦ-

2078 819 2192 867 σαι,
2242 803 2350 873 πρὸ
2410 801 2599 854 τούτου
2657 799 2934 854 ἀπέλυσαν
2977 797 3080 862 ἂν,
3119 796 3533 869 ἢσυνεξῆλθον.
3588 797 3749 851 Ἀλλά

2079 892 2335 961 χρήματα
2390 888 2612 953 ελαϐονς
2661 887 2831 940 Πόθεν
2878 888 2908 940 ὁ
2949 885 3085 956 μηδὲ
3120 884 3316 956 πένητι
3353 885 3542 939 δοῦναι
3584 884 3749 955 ἔχων,

2073 976 2285 1041 τούτοις
2314 977 2521 1043 ἐδίδου;
2550 975 2672 1028 οὐδὲ
2701 975 2810 1043 γὰρ
2830 972 3201 1043 διεθρύϐησαν
3232 974 3291 1026 αἱ
3316 972 3572 1037 ἁλύσεις,
3624 972 3751 1026 οὐδὲ

2074 1063 2368 1135 λελυμέναι
2398 1057 2558 1135 ἦσαν.
2603 1062 2751 1116 Ἔδει
2796 1061 2947 1128 ἰδεῖν,
2989 1061 3072 1114 ὅτι
3119 1058 3264 1113 θεῖον
3307 1060 3369 1113 τὸ
3419 1061 3656 1132 πρᾶγμα
3679 1055 3754 1130 ἦν

2074 1152 2170 1204 ad
2213 1153 2314 1205 οὐκ
2359 1149 2697 1222 ἀνθρώπινον
2736 1149 2787 1201 ι’.
2838 1144 2972 1202 Εἶτα
3020 1147 3212 1218 ἐπειδὴ
3262 1147 3504 1219 ἱστορίας
3550 1148 3750 1216 ἔμελλε

2080 1239 2393 1310 μεμνῆσθαι
2422 1236 2606 1291 λοιπὸν
2626 1278 2642 1304 ,
2673 1236 2763 1290 διὰ
2806 1234 2967 1289 τοῦτο
2995 1235 3092 1288 καὶ
3119 1235 3186 1287 τά
3216 1234 3455 1305 ὀνόματα
3484 1235 3701 1305 τίθησιν
3727 1274 3745 1297 ,

2076 1327 2163 1380 ἵνα
2178 1326 2363 1397 δειχθῇ
2379 1326 2557 1379 πάντα
2573 1324 2949 1396 ἐπαληθεύων.
2977 1322 3086 1377 Καὶ
3102 1323 3417 1389 πείσαντες
3431 1324 3741 1387 Βλάστον,

2077 1416 2232 1484 φησὶ,
2269 1413 2375 1467 τὸν
2401 1413 2501 1467 ἐπὶ
2527 1413 2631 1469 τοῦ
2665 1409 2949 1479 κοιτῶνος
2984 1411 3093 1465 τοῦ
3126 1410 3449 1476 βασιλέως,
3477 1410 3739 1479 ᾐτοῦντο

2072 1501 2339 1570 εἰρήνην.
2381 1500 2555 1554 Τοῦτο
2581 1498 2847 1565 ποιοῦσιν,
2888 1498 3080 1569 ἐπειδὴ
3110 1497 3267 1568 λιμὸς
3300 1493 3388 1568 ἦν.
3436 1496 3620 1565 Τακτῇ
3666 1495 3741 1549 δὲ

2072 1587 2264 1657 ἡμέρα
2292 1587 2549 1651 καθίσας
2593 1588 2627 1641 ό
2664 1584 2929 1654 Ἡρώδης
2955 1585 3054 1639 ἐπὶ
3092 1584 3199 1638 τοῦ
3217 1584 3494 1654 ,βήματος
3524 1582 3741 1650 ἐδημη-

2070 1678 2253 1745 γόρει,
2278 1676 2430 1745 φησί.
2471 1671 2843 1744 Παραχρῆμα
2876 1672 2943 1727 δὲ
2966 1671 3264 1738 ἐπάταξεν
3283 1670 3475 1726 αὐτὸν
3493 1670 3748 1740 ἄγγελος

2073 1762 2293 1828 Κυρίου
2341 1779 2355 1793 ’
2404 1760 2505 1814 καὶ
2555 1760 2877 1829 γενόμενος
2928 1759 3433 1826 σκωληκόϐρωτος
3459 1754 3746 1824 ἐξέψυξε.

2145 1848 2213 1918 β’.
2243 1848 2414 1902 Τοῦτο
2439 1848 2533 1902 καὶ
2577 1848 2835 1918 Ἰώσηπος
2860 1857 2883 1885 ο
2911 1845 3074 1914 λέγει,
3103 1845 3184 1899 ὅτι
3218 1845 3406 1916 μακρᾷ
3451 1843 3750 1915 περιέπεσε

2074 1938 2235 2007 νόσῳ.
2261 1937 2325 1989 Οί
2352 1936 2450 2006 μὲν
2475 1930 2567 1989 οὖν
2596 1932 2779 1986 πολλοὶ
2808 1932 2964 1986 τοῦτο
2995 1932 3094 1985 οὐκ
3125 1932 3348 2003 ⁴ιεδεσαν,
3374 1934 3403 1985 ό
3422 1930 3480 1984 δὲ
3512 1929 3745 1984 ἀπόστο-

2078 2024 2167 2086 λος
2202 2022 2334 2077 αὐτὸ
2361 2023 2564 2091 τίθησι.
2595 2021 2741 2092 Πλὴν
2787 2019 2924 2074 ἀλλά
2947 2019 3043 2073 καὶ
3075 2021 3109 2090 ἡ
3142 2019 3336 2089 άγνοια
3370 2016 3574 2087 ὠφέλει
3603 2016 3748 2083 λογι-

2078 2112 2322 2183 ζομένων
2345 2110 2524 2165 αὐτῶν
2548 2109 2625 2181 τῷ
2666 2108 2925 2163 Ἰακώϐου
2952 2107 3168 2179 θανάτῳ
3205 2107 3300 2161 καὶ
3323 2105 3403 2176 τῷ
3438 2105 3547 2159 τῶν
3577 2121 3744 2175 στρα-

2078 2199 2286 2253 τιωτῶν
2316 2199 2463 2269 φόνῳ
2480 2198 2541 2250 τὸ
2564 2196 2708 2250 κατὰ
2737 2196 2829 2250 τὸν
2857 2195 3103 2268 Ἡρώδην
3138 2192 3746 2264 συμϐεϐηκέναι.’ορα⁶

2083 2288 2173 2342 ὅτε
2206 2287 2304 2358 μὲν
2334 2286 2425 2339 τὸν
2455 2284 2750 2363 ἀπόστολον
2779 2282 3009 2353 ἔσφαξεν
3029 2324 3045 2349 ,
3093 2282 3241 2336 οὐδὲν
3272 2279 3513 2334 τοιοῦτον
3557 2281 3754 2363 εἰργά-

2078 2391 2231 2439 σατο,
2268 2376 2358 2429 ὅτε
2395 2373 2454 2427 δὲ
2488 2362 2711 2436 τούτους
2737 2411 2751 2436 ,
2785 2372 2972 2424 λοιπὸν
3015 2372 3074 2424 ἐν
3119 2369 3330 2439 ἀφασίᾳ
3358 2365 3446 2441 ἦν.
3482 2369 3608 2422 "Acs
3648 2362 3750 2421 οὖν

2074 2462 2373 2534 ἠπορηκὼς
2399 2461 2495 2514 καὶ
2518 2459 2907 2532 αἰσχυνόμενος
2937 2456 3203 2527 κατῆλθεν
3229 2456 3336 2510 ἀπὸ
3366 2456 3465 2526 τῆς
3486 2454 3748 2518 Ἰουδαίας

2073 2552 2153 2613 είς
2176 2550 2276 2621 τὴν
2309 2550 2668 2618 Καισάρειαν.
2703 2548 2855 2618 Ἐμοὶ
2881 2546 3027 2599 δοκεῖ
3054 2546 3148 2599 καὶ
3181 2545 3421 2607 ἐκείνους
3443 2544 3749 2611 ἀπαγαγεῖν

2084 2638 2428 2708 βουλόμενος,
2480 2637 2618 2707 πρὸς
2674 2634 2971 2704 ἀπολογίαν
3029 2629 3161 2704 ἦλθε
3211 2632 3454 2686 τούτων⁶
3479 2630 3749 2702 ὠργίζετο

2075 2727 2187 2796 γάρ
2227 2725 2455 2789 ἐκείνοις
2485 2724 2711 2787 τούτους
2748 2721 2890 2776 οὕτω
2922 2720 3416 2793 θεραπεύων.”ορα
3438 2717 3552 2781 πῶς
3591 2718 3751 2770 κενό-

2074 2813 2225 2879 δοξος
2251 2812 2590 2884 ὁ.ἄνθρωπός
2625 2813 2761 2864 ἐστι.
2781 2809 3006 2864 Μέλλων
3038 2807 3189 2880 [217]
3209 2807 3391 2870 αὐτοῖς
3422 2806 3621 2859 διδόναι
3650 2804 3755 2875 τὴν

2076 2902 2306 2974 δωρεὰν,
2360 2900 2795 2971 ἐδημηγόρησεν.
2841 2898 2899 2950 '0
2939 2897 2995 2949 δὲ
3035 2896 3295 2966 Ἰώσηπός
3341 2911 3526 2965 φησιν,
3549 2894 3629 2946 ὅτι
3656 2894 3758 2946 καὶ

2076 2992 2280 3061 ἐσθῆτα
2312 2990 2570 3060 λαμπράν
2620 2989 2680 3053 ἐξ
2721 2988 2963 3060 ἀργύρου
3004 2986 3380 3058 πεποιημένην
3419 2985 3754 3055 περιέκειτο.

2081 3079 2223 3150 Ὅρα
2242 3077 2337 3130 καὶ
2364 3077 2560 3129 ἐκεῖνοι
2582 3074 2699 3138 πῶς
2729 3075 2958 3138 κόλακες
2979 3070 3143 3146 ἦσαν,
3174 3074 3270 3127 καὶ
3296 3072 3404 3126 τῶν
3437 3072 3756 3126 ἀποστόλων

2077 3165 2139 3218 τὸ
2212 3164 2488 3234 φρόνημα.
2550 3165 2645 3216 “Ov
2690 3163 2799 3234 γὰρ
2849 3162 3001 3226 ἔθνος
3048 3161 3339 3232 ὁλόκληρον
3389 3160 3755 3231 ἐθεράπευσε,

2078 3251 2265 3304 τοῦτον
2290 3246 2435 3304 οὗτοι
2464 3250 2734 3303 διέπτυον.
2783 3250 2948 3303 Πάλιν
2977 3249 3032 3303 δὲ
3056 3251 3264 3318 γίνεται
3292 3248 3624 3311 ἀνάπνευσις
3655 3249 3755 3302 αύ-

2078 3338 2188 3392 τῶν
2222 3337 2456 3408 μεγάλη,
2483 3339 2577 3390 καὶ
2609 3338 2778 3408 μυρία
2802 3337 2981 3406 ἀγαθά
3010 3341 3075 3390 ἐκ
3103 3338 3197 3408 τῆς
3227 3337 3434 3390 ἐκείνου
3463 3337 3752 3407 τιμωρίας.

2080 3427 2143 3479 El
2180 3426 2238 3481 δὲ
2272 3421 2424 3489 οὗτος
2453 3426 2715 3489 ἀκούσας,
2743 3427 2826 3479 ὃτι
2853 3426 3026 3494 Φωνὴ
3062 3426 3209 3480 Θεοῦ
3249 3425 3348 3479 καί
3382 3427 3495 3480 οὐκ
3531 3423 3750 3493 ἀνθρώο

2081 3529 2221 3578 που,
2273 3515 2453 3566 καίτοι
2496 3529 2559 3580 γε
2602 3512 2771 3581 μηδὲν
2826 3511 2995 3566 εἰπὼν
3050 3512 3276 3565 τοιαῦτα
3325 3513 3495 3565 ἔπαθε
3527 3527 3539 3539 ·
3572 3511 3754 3582 πολλῷ

2086 3601 2286 3671 μᾶλλον
2321 3600 2389 3653 ἂν
2418 3600 2446 3651 ὁ
2472 3599 2727 3669 Χριστὸς,
2760 3603 2810 3653 εί
2844 3599 2919 3671 μὴ
2953 3599 3087 3662 Θεὸς
3113 3594 3181 3671 ἦν
3215 3599 3398 3664 αὐτὸς,
3422 3599 3509 3652 ἀεὶ
3556 3599 3757 3667 λέγων,

2080 3691 2163 3741 ὅτι
2204 3688 2278 3743 Τὰ
2291 3687 2534 3756 ῥήματα
2561 3687 2634 3741 τὰ
2671 3687 2784 3757 ἐμὰ
2812 3690 2923 3742 οὐκ
2962 3687 3136 3741 ἐστιν
3163 3687 3277 3756 ἐμὰ
3296 3729 3312 3753 ,
3340 3688 3435 3741 καὶ
3456 3728 3472 3755 ,
3506 3690 3571 3741 Ol
3596 3690 3757 3754 ὑπη-

2076 3773 2244 3843 ρέται
2270 3773 2348 3827 ἂν
2366 3777 2422 3827 οἱ
2450 3774 2579 3842 ἐμοὶ
2606 3773 2984 3844 ἠγωνίζοντο,
3015 3775 3110 3827 καί¹
3135 3775 3238 3828 ὅσα
3256 3773 3501 3828 τοιαῦτα.
3519 3774 3761 3838 Ἐκεῖνος

2083 3863 2140 3916 δὲ
2173 3862 2414 3931 αἰσχρῶς
2447 3863 2543 3915 καὶ
2577 3861 2825 3925 ἐλεεινῶς
2863 3862 2955 3915 τὸν
3000 3861 3114 3931 βίον
3148 3861 3442 3927 κατέλυσε,
3490 3862 3584 3914 καὶ
3633 3861 3761 3914 οὐδὲ

2085 3949 2336 4015 φαίνεται
2380 3949 2587 4001 λοιπόν.
2612 3949 2755 4018 Ὅρα
2792 3948 2850 4001 δὲ
2898 3948 3062 4002 αὐτὸν
3104 3949 3199 4002 καὶ
3243 3949 3346 4001 ὑπὸ
3374 3948 3467 4001 τοῦ
3512 3948 3758 4001 Βλάστον

2086 4035 2548 4101 ἁναπειθόμενον,
2598 4037 2693 4089 καὶ
2726 4036 2822 4089 ἅτε
2859 4035 2923 4107 δὴ
2963 4020 3309 4108 ταλαίπωρον
3348 4036 3475 4090 ὄντα
3517 4035 3758 4099 εὐκόλως

2086 4123 2460 4194 ὀργιζόμενον,
2493 4124 2588 4177 καὶ
2619 4124 2783 4177 πάλιν
2810 4123 3330 4193 καταλλαττόμενον,
3364 4123 3457 4177 καὶ
3479 4123 3757 4194 πανταχοῦ

2086 4212 2270 4265 δοῦλον
2300 4212 2406 4265 τῶν
2434 4212 2496 4281 δή
2508 4231 2651 4282 μων,
2680 4214 2774 4266 καὶ
2802 4213 2953 4266 οὐδὲν
2978 4212 3263 4284 ἐλεύθερον
3294 4212 3504 4283 ἔχοντα.
3556 4214 3761 4267 Σκόπει

2087 4302 2142 4354 δὲ
2184 4302 2275 4353 καὶ
2307 4301 2407 4369 τὴν
2438 4300 2752 4353 αύθεντείαν
2785 4299 2879 4353 τοῦ
2916 4299 3070 4368 ἀγίου
3105 4300 3441 4371 Πνεύματος.
3480 4305 3761 4368 Λειτουρ-

2087 4389 2357 4456 γούντων
2372 4387 2439 4440 δὲ
2458 4387 2675 4449 αὐτῶν,
2702 4388 2854 4458 φησὶ,
2873 4386 2953 4452 τῷ
2978 4388 3172 4456 Κυρίῳ
3192 4389 3288 4441 καὶ
3307 4389 3752 4456 νηστευόντων,

2088 4475 2219 4531 εἶπε
2258 4481 2327 4531 τὸ
2367 4477 2615 4546 Πνεῦμα
2652 4477 2720 4530 τὸ
2761 4476 2965 4547 circa?"
3008 4478 3350 4547 Ἀφορίσατε
3394 4476 3470 4543 δή
3511 4494 3614 4546 μοι
3650 4477 3758 4528 τὸν

2088 4566 2406 4636 Βαρνάϐαν
2429 4565 2530 4619 καὶ
2557 4564 2810 4619 Σαῦλον.
2844 4564 2940 4629 Τίς
2967 4563 3031 4617 ἂν
3063 4564 3351 4635 ἐτόλμησε,
3372 4564 3447 4635 μὴ
3467 4564 3567 4635 τῆς
3588 4565 3754 4631 αὐτῆς

2090 4652 2336 4717 ἐξουσίας
2355 4652 2430 4706 ὢν
2453 4694 2468 4719 ,
2500 4652 2676 4706 ταῦτα
2708 4654 2920 4717 εἰπεῖν;
2953 4651 3125 4705 Τοῦτο
3149 4653 3205 4705 δὲ
3234 4653 3475 4721 γίνεται,
3509 4650 3645 4705 ὥστε
3677 4651 3753 4722 μὴ

2074 4736 2228 4794 κεῖναι
2256 4742 2454 4803 αὐτοὺς
2482 4741 2633 4810 κοινῇ
2673 4738 2792 4810 μεθ’
2804 4736 3047 4793 ίὲαυτῶν.
3078 4733 3233 4792 Εἷδεν
3261 4738 3456 4801 αὐτοὺς
3477 4737 3506 4778 ἀ
3538 4738 3758 4809 μείζονα

2088 4828 2318 4900 δύναμιν
2346 4829 2591 4899 ἔχοντας,
2621 4828 2715 4880 καὶ
2749 4827 2963 4891 πολλοῖς
2984 4827 3317 4898 δυναμένους
3345 4826 3599 4896 ἀρκέσαι.
3635 4825 3761 4888 Πῶς

2090 4915 2147 4970 δὲ
2174 4910 2576 4982 αὐτοῖςεῖπεν;
2607 4914 2706 4967 Διά
2729 4913 3026 4986 προφητῶν
3057 4915 3206 4978 ῑσως.
3238 4913 3338 4968 Διά
3366 4913 3525 4967 τοῦτο
3561 4912 3762 4983 προλα-

2091 5004 2203 5059 ϐὼν
2230 4999 2382 5057 εἶπεν
2408 5043 2424 5068 ,
2465 5005 2549 5057 ὅτι
2590 5004 2686 5058 καὶ
2728 5003 3009 5075 προφῆται
3042 4999 3180 5073 ἦσαν
3215 5003 3308 5056 καὶ
3338 5003 3627 5073 ἐνήστευον
3664 5002 3762 5052 καὶ

2092 5091 2494 5161 ἐλειτούργουν,
2519 5092 2607 5145 ἵνα
2661 5090 2859 5163 μάθῃς,
2885 5091 2968 5143 ὅτι
2997 5089 3199 5160 πολλῆς
3233 5088 3449 5160 νήψεως
3477 5088 3635 5160 χρεία
3668 5083 3756 5158 ἦν.

2103 5181 2192 5232 Ἐν
2235 5180 2536 5251 Ἀντιοχείᾳ
2568 5183 2977 5250 χειροτονεῖται,
3002 5177 3131 5231 ἔνθα
3158 5176 3435 5247 κηρύττει.
3463 5177 3562 5228 Διά
3593 5175 3646 5227 τί
3681 5176 3759 5245 μὴ

2093 5264 2236 5331 εἷπε,
2273 5267 2364 5338 Τῷ
2395 5267 2587 5337 Κυρίῳ
2640 5267 2956 5337 ἀφορίσατε,
2993 5264 3108 5318 ἀλλ’
3144 5265 3308 5333 Ἐμοί
3319 5280 3339 5329 ;
3364 5264 3660 5327 Δείκνυσιν,
3676 5263 3761 5315 ὃτι

2092 5354 2150 5407 ἓν
2172 5355 2290 5406 ἐστι
2323 5354 2385 5406 τὸ
2419 5353 2519 5422 τῆς
2557 5352 2807 5416 ἐξουσίας
2849 5352 3071 5422 καὶτῆς
3096 5352 3403 5421 δυνάμεως.

2178 5440 2343 5512 Ὀρᾷς
2370 5443 2494 5494 ὅσον
2529 5442 2561 5512 ἡ
2592 5441 2813 5512 νηστεία
2853 5440 3034 5511 μέγα;
3070 5439 3370 5502 Δείκνυσιν,
3397 5438 3479 5490 ὅτι
3503 5438 3680 5491 πάντα
3699 5436 3764 5489 τὸ

2095 5527 2322 5599 Πνεῦμα
2342 5529 2532 5582 ἐποίει.
2554 5530 2712 5596 Μέγα
2734 5545 2786 5580 τι
2802 5530 2835 5598 ἡ
2851 5531 3074 5599 νηστεία
3090 5527 3310 5596 ἀγαθόν·
3330 5525 3427 5595 οὐχ
3445 5527 3556 5595 ὅρῳ
3576 5542 3762 5595 περιο-

2099 5613 2325 5684 ρίζεται.
2348 5614 2477 5666 Ὅτε
2505 5618 2829 5686 χειροτονεῖν
2858 5615 2966 5668 ἔδει
2985 5654 3000 5678 ,
3026 5616 3145 5667 τότε
3174 5612 3512 5684 νηστεύουσι·
3545 5615 3639 5666 καὶ
3664 5628 3762 5680 νη-

2096 5702 2376 5756 στεύουσιν
2405 5702 2589 5764 αὐτοῖς
2609 5697 2729 5756 εἷπε
2754 5703 2814 5754 τὸ
2846 5703 3089 5772 Πνεῦμα.
3117 5701 3181 5754 Ἡ
3200 5699 3421 5771 νηστεία
3443 5700 3501 5753 δὲ
3518 5701 3578 5753 00
3604 5700 3764 5752 τοῦτο

2097 5791 2256 5861 μόνον
2293 5793 2472 5854 ἐστὶν,
2503 5789 2639 5842 ἀλλά
2676 5790 2773 5842 καὶ
2804 5789 2863 5841 τὸ
2899 5791 3111 5859 τρυφῆς
3136 5787 3482 5858 ἀπέχεσθαι,
3510 5788 3761 5858 νηστείας

2094 5876 2231 5941 εἶδός
2249 5881 2383 5930 ἐστι.
2405 5876 2669 5931 Τοσοῦτον
2691 5879 2962 5931 ἐπιτάττω
2980 5878 3140 5944 μόνον
3159 5875 3288 5943 ἐγώ·
3316 5875 3391 5947 μὴ
3407 5880 3760 5944 νηστεύσητε,

2094 5966 2227 6019 ἁλλά
2267 5965 2479 6034 τρυφῆς
2508 5964 2797 6035 ἀπέχεσθε.
2844 5965 3064 6034 Τροφάς
3115 5964 3403 6035 ζητῶμεν,
3443 5965 3517 6035 μὴ
3543 5963 3761 6031 διαφθοσ-

2160 6067 2185 6104 ιι
2202 6065 2389 6113 Λιιίκαὶ
2411 6065 2544 6113 οὐδὲν
2564 6067 2869 6127 ἀνθρώπινον,
2890 6065 3101 6128 ἱστορίας
3122 6069 3383 6126 μεμνῆσθαι
3398 6068 3554 6127 μέλλει
3574 6064 3754 6112 λοιπόν.

2101 6134 2120 6203 ξ
2170 6128 2291 6182 \Ide
2330 6129 2597 6190 Josephuw
2622 6129 2730 6178 libr.
2758 6129 2852 6195 λυ,
2880 6142 2919 6178 c.
2951 6126 3011 6175 ’ίζ
3065 6127 3093 6167 ἀ
3132 6128 3304 6178 ΜυιίῚ.
3336 6128 3451 6184 εἶνες
3488 6128 3671 6182 αὐτούς.
