4112 6476
318 559 586 623 occultet,
624 560 733 615 sed
781 571 837 617 et
866 561 1098 616 historia:
1128 558 1427 612 meminerit
1450 600 1466 622 ,
1511 566 1567 611 ut
1594 556 1783 611 doceat
1810 572 1929 612 nos.

330 652 523 707 Deinde
542 652 659 706 ait:
689 651 1105 722 Descendensque
1122 666 1153 703 a
1170 648 1357 703 Judwa
1379 647 1680 714 thsaream,
1706 649 1774 701 ibi
1802 664 1932 701 win-

347 755 549 800 moratus
568 755 671 799 est.
696 746 793 800 20.
812 745 939 799 Erat
954 756 1118 798 autem
1143 743 1379 798 llerodcs
1399 744 1558 796 iratus
1578 741 1748 813 Tyriis
1769 752 1815 795 et
1846 740 1932 796 Si-

352 841 513 895 doniis.
529 839 595 892 At
616 839 703 892 illi
718 841 979 893 unanintes
999 846 1236 892 venerunt
1255 836 1324 890 ad
1333 853 1467 901 cum,
1486 847 1532 890 et
1553 852 1791 907 persuaso
1810 834 1931 889 Bla-

346 947 432 998 sio,
449 934 531 1002 qui
550 942 665 987 erat
680 950 837 1002 super
849 932 1134 986 cubiculum
1150 931 1300 1002 regis,
1318 931 1640 998 postulabant
1657 945 1850 997 pacem,
1870 944 1930 982 eo

337 1025 467 1092 quod
492 1027 719 1078 aleretur
742 1024 879 1095 regio
894 1039 1063 1076 eorum
1079 1021 1140 1074 ab
1158 1023 1266 1075 illo.
1298 1021 1389 1076 21.
1413 1020 1618 1076 Statuto
1635 1032 1800 1075 autem
1823 1021 1924 1084 die,

335 1115 567 1170 Herodes
598 1115 804 1169 vestitus
829 1123 958 1168 reste
980 1114 1140 1184 regia,
1172 1113 1300 1167 sedit
1322 1130 1413 1182 pro
1435 1112 1675 1166 tribunali
1693 1155 1708 1176 ,
1738 1123 1783 1165 et
1806 1129 1929 1165 con—

329 1209 633 1262 cionabatur
655 1209 723 1261 ad
747 1224 850 1261 eos.
878 1206 970 1262 22.
999 1206 1233 1276 Populus
1265 1215 1432 1259 autent
1457 1204 1794 1270 acclamabat,
1826 1204 1924 1258 Dei

330 1316 430 1355 ros:
449 1342 467 1366 ,
506 1315 608 1354 non
640 1300 881 1353 hominis.
907 1298 998 1352 25.
1033 1297 1310 1370 Confestim
1339 1307 1509 1351 autem
1537 1298 1783 1366 percussit
1811 1313 1925 1350 eum

329 1393 548 1462 angelus
574 1390 781 1444 Domini
801 1434 815 1455 ,
849 1406 906 1445 eo
925 1392 1064 1461 quod
1089 1407 1189 1444 non
1214 1390 1431 1444 dedisset
1459 1390 1676 1460 gloriam
1709 1389 1814 1443 Deo
1841 1407 1858 1442 :
1879 1398 1926 1442 et

330 1494 664 1553 consumptus
685 1499 713 1535 a
728 1482 972 1536 vermibus
989 1483 1280 1552 exspiravit.
1297 1483 1389 1537 24.
1416 1481 1629 1537 Verbum
1647 1492 1810 1535 autem
1829 1481 1926 1535 Dei

339 1576 600 1628 crescebat
625 1584 669 1627 et
712 1573 1156 1644 multiplicabatur.
1206 1572 1320 1628 Non
1350 1589 1512 1643 parva
1562 1589 1648 1629 res
1680 1575 1794 1627 haec
1818 1588 1917 1628 est.

344 1667 548 1722 Statim
576 1668 711 1721 illum
740 1668 871 1722 ultio
918 1668 1109 1722 invasit
1139 1687 1153 1720 :
1181 1668 1281 1722 etsi
1327 1684 1432 1722 non
1464 1677 1681 1737 propter
1708 1667 1922 1722 Petrum

349 1759 660 1824 invasisset,
704 1768 758 1813 at
796 1769 1013 1829 propter
1038 1768 1374 1830 arrogantem
1417 1760 1557 1814 illius
1584 1761 1918 1815 concionem.

340 1851 505 1919 Atqui
530 1852 627 1906 etsi
655 1851 726 1905 illi
755 1851 1155 1916 acclamarunt,
1191 1852 1430 1923 inquies,
1473 1851 1598 1922 quid
1628 1850 1731 1906 hoc
1760 1851 1824 1904 ad
1855 1852 1921 1904 il-

334 1940 487 1995 lum?
505 1941 762 2007 Quoniam
782 1943 895 2012 ipse
909 1957 1095 1997 vocem
1114 1945 1343 2013 excepit,
1357 1943 1609 2014 quoniam
1625 1959 1686 1998 se
1701 1943 1920 2011 dignum

331 2033 545 2102 putavit
590 2033 681 2087 tali
727 2034 1056 2089 adulatione.
1097 2034 1202 2090 Per
1229 2034 1369 2090 hanc
1399 2037 1630 2091 maxime
1660 2036 1920 2091 erudiun-

330 2134 442 2187 tur,
471 2123 563 2191 qui
599 2133 803 2179 temere
830 2125 1133 2179 adulantur.
1170 2125 1452 2196 Perpende
1498 2128 1623 2181 item
1670 2139 1922 2196 utresqne

331 2216 597 2269 meruisse
626 2229 809 2284 pmnas
833 2233 848 2282 ;
878 2216 1019 2272 hunc
1046 2227 1224 2273 autem
1254 2219 1431 2287 plceti.
1465 2217 1580 2273 Non
1608 2219 1751 2274 enim
1773 2220 1921 2289 judi-
1966 2234 1967 2239 ‘

329 2306 398 2359 cii
445 2315 658 2376 tempus
702 2322 845 2360 nunc
872 2316 984 2373 εει,
1035 2307 1131 2365 εεὰ
1177 2310 1346 2378 magis
1394 2311 1611 2363 noxium
1657 2311 1921 2380 supplicio

329 2396 536 2463 alﬁcit,
584 2398 690 2454 illis
735 2399 1007 2467 dimissis,
1054 2410 1111 2455 ut
1137 2398 1265 2456 hinc
1304 2403 1507 2457 lucrum
1535 2404 1820 2472 accipiant.
1855 2403 1921 2457 Et

327 2491 535 2545 uerbum
564 2491 658 2547 Dei
684 2494 967 2561 crescebat,
1001 2494 1206 2565 inquit,
1237 2506 1284 2549 et
1322 2497 1775 2568 multiplicabatur.
1807 2499 1919 2553 Hoc

329 2591 453 2649 est,
501 2599 564 2639 ea
610 2595 824 2654 peracta
866 2601 948 2641 rc.
993 2586 1238 2641 Vidistin’
1269 2576 1359 2642 Dei
1405 2590 1914 2646 meonomiam‘t25.

328 2674 597 2731 Barnabas
620 2691 789 2731 autem
817 2688 865 2732 et
903 2678 1096 2734 Saulus
1130 2682 1311 2734 reversi
1339 2690 1457 2734 sunt
1484 2681 1547 2734 ab
1584 2680 1919 2753 Jerosolymis

327 2768 531 2838 expleto
571 2770 844 2824 ministerio
863 2811 879 2839 ,
903 2782 1157 2841 assumpto
1184 2770 1406 2838 Joanne,
1425 2775 1511 2843 qui
1536 2777 1920 2845 cognominatus

327 2870 403 2914 est
457 2861 680 2916 Marcus.
720 2862 872 2935 (Cap.
905 2864 1073 2935 i3.)l.
1110 2864 1275 2919 Erant
1302 2877 1467 2921 autem
1496 2869 1702 2935 quidam
1728 2870 1779 2923 in
1809 2869 1917 2923 Ec-

326 2953 506 3020 clesia,
534 2969 647 3023 qua:
671 2964 780 3008 erat
806 2956 1105 3017 Antiochiae,
1139 2961 1398 3027 propheta:
1430 2969 1478 3012 et
1515 2960 1764 3023 doctores,
1791 2960 1918 3014 Bar-

328 3044 510 3105 nabas,
544 3055 594 3098 et
643 3045 852 3101 Simeon
939 3049 1023 3112 qui
1067 3051 1341 3104 vocabatur
1388 3049 1581 3122 Niger,
1636 3061 1683 3106 et
1729 3051 1920 3106 Lucius

329 3137 648 3209 Cyrenensis,
672 3149 717 3192 et
740 3138 998 3194 Manaheu
1027 3140 1242 3197 Herodis
1264 3146 1529 3199 tetrarchae
1556 3145 1915 3209 collactaneus,

328 3243 378 3285 et
405 3230 622 3286 Saulus.
648 3232 841 3289 Adhuc
867 3234 1164 3290 Barnabam
1190 3239 1419 3307 prinmm
1451 3250 1713 3294 memorat
1738 3257 1751 3294 :
1786 3257 1922 3293 non-

329 3324 458 3379 dum
478 3324 620 3379 enim
642 3326 818 3381 clarus
839 3338 953 3383 erat
974 3328 1190 3394 Paulus,
1215 3331 1448 3386 nondmn
1472 3333 1682 3404 signum
1705 3334 1918 3403 aliqum!

330 3414 554 3471 fecerat.
582 3415 639 3471 2.
674 3416 1084 3476 Ministrantibus
1112 3432 1279 3477 autem
1306 3424 1411 3477 illis
1434 3422 1678 3489 Domino,
1708 3436 1752 3479 et
1773 3428 1918 3496 jeju-

332 3511 571 3565 nantibus
591 3554 606 3577 ,
631 3512 761 3566 dixit
787 3512 1014 3581 Spiritus
1038 3526 1243 3570 sanctus
1273 3532 1291 3570 :
1321 3517 1595 3588 Segregate
1632 3519 1756 3571 mihi
1783 3517 1919 3571 Bar—

343 3602 525 3655 nabam
555 3613 602 3655 et
624 3602 841 3658 Saulum
865 3604 917 3658 in
938 3622 1084 3675 Opus,
1111 3607 1181 3660 ad
1207 3607 1343 3676 quod
1372 3608 1540 3661 vocavi
1564 3625 1667 3662 eos.
1695 3610 1747 3662 5.
1777 3608 1921 3662 Tunc

332 3695 622 3766 iejuuantes
648 3705 693 3749 et
719 3707 921 3751 orantes
946 3699 1358 3769 imponentesque
1386 3702 1458 3754 eis
1485 3717 1684 3766 manus,
1718 3703 1921 3754 dimise—

330 3797 454 3840 runt
488 3787 627 3841 illos.
671 3788 806 3854 Quid
834 3799 950 3857 est,
1004 3789 1451 3847 Ministrantibus?
1477 3793 1916 3848 Prtedicantilms.

331 3877 627 3949 Segregate.
657 3880 812 3945 mihi,
846 3881 1045 3951 inquit,
1076 3881 1371 3936 Barnabam
1412 3894 1458 3938 et
1502 3883 1741 3940 Saulum.
1783 3885 1918 3951 Quid

330 3971 433 4024 sibi
466 3972 610 4037 vult,
642 3972 916 4043 Segregate
953 3976 1120 4029 mihi?
1146 3976 1226 4031 Ad
1261 3992 1414 4046 opus,
1443 3979 1509 4032 ad
1538 3981 1917 4047 apostolatnm.

334 4063 471 4117 Vide
495 4080 732 4128 rursum,
756 4080 784 4116 a
809 4065 1004 4135 quibus
1028 4067 1347 4122 ordinentur
1372 4087 1385 4120 :
1413 4084 1441 4122 a
1468 4069 1635 4124 Lucio
1659 4070 1921 4143 Cyrenaeo

337 4167 395 4213 et
424 4157 669 4223 Manahe,
706 4159 812 4212 imo
841 4174 869 4212 a
895 4158 1119 4227 Spiritu.
1147 4159 1358 4233 Quanto
1379 4162 1520 4215 enim
1546 4163 1780 4217 minores
1803 4180 1924 4233 per-

328 4263 511 4313 sonae,
561 4257 709 4302 tanto
747 4249 944 4303 clarior
973 4260 1198 4320 apparet
1248 4230 1353 4306 Dei
1392 4253 1583 4322 gratia.
1632 4230 1923 4309 Ordinatur

326 4340 552 4394 demum
583 4340 635 4393 in
665 4340 1023 4409 apostolatum
1051 4381 1064 4405 ,
1096 4352 1154 4395 ut
1187 4357 1310 4397 cum
1345 4353 1606 4410 potestate
1646 4347 1920 4414 pra-dicet.

328 4431 618 4499 Quomodo
640 4432 801 4501 igitur
824 4432 939 4501 ipse
962 4432 1128 4486 dicit?
1158 4432 1280 4487 Non
1299 4434 1363 4487 ab
1383 4435 1690 4502 hominibus,
1721 4455 1815 4492 nec
1834 4456 1925 4510 per

330 4525 562 4578 homines
604 4522 816 4592 (Colat.
849 4525 901 4578 1.
933 4524 1042 4597 l)?
1088 4523 1208 4578 Non
1239 4526 1302 4578 ab
1329 4528 1621 4582 hominibus
1660 4529 1832 4596 dixit,
1866 4543 1925 4586 ut

329 4618 663 4680 declararet,
713 4632 819 4671 non
874 4616 1146 4671 hominem
1200 4618 1373 4689 ipsntn
1418 4634 1642 4676 vocasse
1686 4622 1769 4674 vel
1824 4620 1923 4676 ad-

333 4710 592 4765 duxisse:
622 4726 778 4780 neque
819 4727 908 4778 per
932 4711 1161 4766 homines
1182 4753 1198 4778 ,
1230 4714 1352 4782 quia
1401 4730 1507 4768 non
1536 4715 1603 4768 ab
1631 4716 1737 4771 alio
1761 4733 1920 4787 quam

338 4817 367 4852 a
392 4803 592 4869 Spiritu
621 4803 814 4856 missus
850 4811 954 4858 est.
998 4803 1124 4858 Ideo
1153 4806 1231 4858 sic
1267 4806 1469 4859 addidit
1501 4825 1514 4859 :
1544 4807 1599 4862 4.
1647 4807 1721 4861 Hi
1754 4819 1925 4880 itaque

347 4893 481 4944 missi
504 4909 535 4944 a
562 4892 761 4963 Spiritu
783 4934 797 4959 ,
828 4895 1187 4949 descenderunt
1216 4895 1542 4954 Seleuciam:
1569 4899 1688 4954 inde
1715 4903 1925 4972 naviga-

351 4994 512 5035 verunt
552 4985 605 5038 in
648 4984 894 5055 Cyprum.
946 4985 1050 5040 Sed
1095 4989 1342 5057 superius
1387 4989 1529 5044 dicta
1559 4992 1920 5062 exploremus.

347 5069 511 5126 Facta
543 5085 707 5129 autem
733 5076 816 5129 die
835 5116 851 5138 ,
890 5087 998 5130 erat
1026 5077 1245 5132 turbatio
1275 5094 1375 5133 non
1405 5096 1562 5149 parva
1583 5094 1791 5151 propter
1815 5082 1920 5137 Pe-

340 5175 496 5219 trum.
522 5165 586 5220 Et
609 5167 933 5237 inquisitione
953 5169 1091 5238 facta
1115 5170 1179 5224 de
1202 5171 1511 5236 custodibus,
1536 5173 1697 5241 jussit
1718 5173 1920 5227 abduci.

338 5257 415 5312 Ita
438 5274 597 5313 sensu
627 5261 918 5317 destitutus
943 5260 1044 5316 fuit
1065 5303 1080 5329 ,
1109 5272 1168 5318 ut
1194 5263 1356 5317 etiam
1389 5263 1588 5331 injuste
1615 5267 1803 5334 punire
1827 5282 1923 5337 ag-

329 5354 669 5424 grederetur.
714 5353 857 5409 Ecce
897 5369 1112 5410 causam
1157 5355 1372 5409 illorum
1414 5355 1665 5413 defendo.
1702 5358 1921 5415 Vincula

331 5458 491 5501 erant
512 5488 527 5509 .
553 5446 803 5502 custodes
832 5447 995 5513 intus,
1017 5463 1203 5503 carcer
1229 5449 1442 5502 clausus
1461 5491 1475 5513 ,
1504 5465 1765 5518 nusquam
1802 5467 1924 5520 per-

332 5540 519 5596 fossus
566 5543 783 5610 paries,
837 5557 1025 5597 onntes
1070 5540 1257 5596 eadem
1302 5542 1581 5610 dicebant,
1634 5543 1805 5597 Homo
1834 5546 1924 5599 ille

331 5641 520 5702 raptus
546 5649 651 5687 non
676 5643 793 5699 est,
827 5647 922 5687 cur
949 5632 1066 5685 illos
1091 5634 1464 5688 condemnas?
1506 5635 1550 5690 si
1578 5635 1795 5691 solvere
1821 5652 1922 5690 vo-

332 5723 594 5787 luissent,
620 5726 702 5778 vel
728 5736 854 5779 ante
878 5724 1200 5791 solvissent,
1226 5725 1314 5781 vel
1342 5726 1503 5781 simul
1526 5727 1784 5781 exissent.
1814 5727 1922 5783 Sed

334 5815 590 5886 pecunias
608 5817 953 5886 acceperunt?
967 5813 1245 5887 Quomodo
1259 5819 1350 5888 qni
1366 5832 1539 5888 neque
1556 5820 1777 5889 pauperi
1796 5834 1921 5875 ero-

333 5922 461 5978 gare
480 5919 715 5982 poterat,
743 5909 826 5966 his
843 5910 1080 5967 dedisset
1096 5912 1119 5951 θ
1138 5911 1321 5983 Neque
1341 5912 1483 5967 enim
1511 5911 1693 5967 fracttc
1713 5922 1919 5969 catena:

1278 441 1340 497 IN
1380 441 1558 498 ACTA
1601 439 2125 499 APOSTOLORUM.
2171 439 2395 497 HOMlL.
2442 440 2653 498 XXV".

3522 455 3625 511 2οε

2042 572 2216 627 neque
2246 561 2432 612 soluta:
2468 568 2613 614 sunt.
2648 559 2937 630 Oportebat
2973 563 3154 620 videre
3195 579 3305 621 rem
3347 583 3467 624 esse
3493 571 3628 625 divi-

2040 662 2196 710 nam,
2221 664 2324 702 non
2356 650 2662 705 humanam.
2693 652 2894 709 Deinde
2916 696 2930 711 .
2960 656 3083 725 quia
3116 657 3390 713 historiam
3417 676 3627 717 memo-

2038 753 2253 795 raturus
2280 751 2431 806 erat,
2480 745 2601 799 ideo
2626 746 2785 799 ctiam
2817 748 3036 802 nomina
3069 749 3251 819 ponit,
3282 761 3338 806 ut
3372 754 3629 822 probetur

2036 835 2217 888 omnia
2245 851 2372 890 vere
2393 836 2516 890 dici.
2551 836 2615 891 Et
2639 854 2878 901 persuaso
2898 883 2913 905 ,
2948 840 3146 911 inquit,
3179 842 3384 910 Blasio,
3413 848 3499 917 qui
3520 861 3626 901 erat

2035 939 2187 992 super
2209 926 2494 979 cubiculum
2515 929 2667 998 regis,
2695 931 3016 993 postulabant
3044 950 3235 1002 pacem.
3262 935 3373 990 Hoc
3394 937 3586 991 iaciunt
3610 981 3623 1000 ,

2032 1016 2157 1085 quia
2187 1017 2353 1072 iantes
2376 1030 2508 1072 erat.
2538 1022 2743 1075 Statuto
2767 1033 2935 1076 autem
2956 1025 3055 1089 die,
3080 1028 3259 1081 sedens
3282 1026 3511 1083 Herodes
3535 1048 3625 1100 pro

2034 1110 2305 1173 tribunali,
2339 1114 2704 1180 conciouatur,
2755 1115 2946 1186 inquit.
2980 1117 3257 1189 Confestim
3298 1133 3462 1175 autem
3506 1140 3621 1192 per-

2032 1199 2187 1252 cussit
2224 1217 2339 1254 eum
2367 1205 2577 1273 angelus
2614 1204 2820 1259 Domini
2843 1223 2861 1260 :
2890 1219 2936 1262 et
2964 1222 3290 1281 consumptus
3318 1231 3351 1266 a
3376 1216 3622 1268 vermibus

2030 1294 2321 1360 exspiravit.

2099 1384 2155 1438 2.
2187 1385 2300 1440 Hoc
2325 1396 2378 1441 et
2407 1386 2671 1458 Josephus
2694 1392 2821 1446 dicit
2853 1393 2951 1463 (a),
2983 1395 3122 1463 quod
3155 1396 3205 1450 in
3233 1398 3448 1467 longum
3474 1414 3619 1454 mor-

2032 1473 2152 1528 btnn
2184 1476 2449 1532 inciderit.
2477 1480 2623 1535 Multi
2655 1483 2832 1552 itaque
2863 1486 2965 1540 hoc
2996 1488 3306 1541 nesciebant
3333 1507 3347 1548 ;
3396 1500 3616 1558 aposto-

2031 1565 2113 1619 lus
2138 1584 2263 1622 vero
2288 1582 2486 1626 narrat.
2518 1574 2711 1628 Verum
2742 1576 3034 1645 ignorantia
3065 1579 3164 1631 illis
3198 1582 3465 1648 proderat.
3490 1582 3617 1636 dum

2032 1655 2261 1712 Herodis
2285 1676 2467 1716 casum
2501 1667 2657 1718 morti
2684 1665 2869 1722 Jacobi
2897 1677 2952 1722 ει
2977 1670 3204 1724 militum
3227 1671 3357 1725 credi
3390 1675 3620 1741 imputa-

2028 1760 2166 1804 rent.
2194 1752 2492 1822 Perpcnde,
2535 1758 2750 1825 quando
2773 1759 3073 1828 apostolum
3104 1763 3321 1826 occidit,
3352 1766 3485 1817 nihil
3517 1767 3622 1819 tale

2029 1840 2155 1897 fecit
2185 1861 2198 1898 :
2228 1847 2441 1911 quando
2468 1848 2607 1909 illos,
2635 1849 2763 1903 nihil
2794 1851 3024 1907 dicebat.
3058 1853 3251 1921 Utpote
3276 1855 3471 1911 dubius
3492 1874 3621 1927 ergo

2028 1945 2082 1990 et
2108 1938 2365 1993 confusus
2395 1956 2462 1994 ex
2487 1940 2669 1995 .lndrea
2699 1943 3000 1999 Caesaream
3035 1949 3195 2000 venit.
3231 1948 3357 2002 Mihi
3388 1948 3617 2014 videtur,

2028 2042 2148 2080 cum
2192 2029 2316 2083 illos
2346 2031 2614 2086 abducere
2644 2033 2843 2099 vellet,
2875 2036 2942 2089 ad
2978 2037 3074 2090 bos
3118 2038 3363 2105 venisse,
3393 2049 3449 2093 nt
3498 2054 3621 2095 sese

2029 2131 2279 2190 purgaret
2308 2139 2322 2186 ;
2356 2123 2686 2178 irascebatur
2714 2127 2857 2181 enim
2904 2128 3030 2193 illis,
3063 2122 3187 2183 dum
3218 2130 3300 2184 bis
3335 2130 3413 2185 sic
3450 2133 3618 2200 grati-

2027 2211 2300 2269 licaretur.
2329 2214 2460 2269 Vide
2488 2232 2647 2284 quam
2678 2233 2828 2271 vnum
2856 2220 3041 2289 gloriae
3087 2221 3314 2290 cupidus
3339 2221 3500 2275 homo
3533 2236 3631 2277 εει

2026 2316 2127 2360 st-t.
2161 2305 2396 2362 Gratiam
2441 2309 2543 2362 illis
2572 2309 2792 2365 daturus
2820 2312 3174 2367 concionatus
3203 2322 3306 2368 εει.
3349 2312 3618 2381 Iosephus

2027 2413 2154 2451 vero
2203 2399 2295 2465 ait,
2327 2400 2499 2469 ipsum
2530 2411 2677 2457 veste
2728 2403 3007 2473 splendida
3038 2415 3092 2460 et
3140 2414 3362 2477 argento
3411 2407 3616 2462 intexta

2025 2489 2280 2543 amictum
2310 2489 2497 2545 fuisse.
2527 2493 2661 2547 Vide
2687 2495 2850 2550 etiam
2891 2511 3051 2565 quam
3084 2496 3392 2551 adulatores
3437 2506 3618 2553 essent

2026 2579 2140 2643 illi,
2185 2590 2238 2634 et
2263 2583 2626 2650 apostolorum
2668 2599 2905 2639 sensum.
2937 2588 3105 2653 Quem
3145 2588 3290 2643 enim
3330 2602 3465 2659 gens
3506 2600 3615 2643 tota

2025 2674 2257 2739 colebat,
2289 2675 2431 2730 hunc
2463 2677 2535 2730 illi
2568 2678 2914 2747 respuebant.
2948 2680 3097 2733 Tunc
3146 2681 3248 2733 illis
3289 2681 3471 2735 datum
3510 2692 3611 2746 est,

2027 2777 2085 2820 ut
2114 2768 2460 2835 respirarent,
2495 2778 2549 2822 et
2578 2770 2742 2823 multa
2771 2778 2918 2839 parta
2946 2779 3071 2823 sunt
3098 2771 3233 2825 bona
3257 2785 3323 2826 ex
3356 2771 3498 2825 illius
3535 2773 3613 2825 ul-

2026 2859 2191 2914 tione.
2221 2861 2370 2925 Quod
2393 2861 2437 2914 si
2470 2862 2558 2914 ille
2586 2861 2688 2915 hoc
2711 2861 2915 2927 audito,
2959 2861 3069 2917 Vox
3089 2862 3214 2930 Dei,
3241 2880 3343 2917 non
3372 2865 3611 2927 hominis,

2000 2950 2147 3007 ‘licet
2176 2952 2303 3005 nihil
2356 2954 2591 3017 dixerit,
2626 2954 2748 3008 talia
2798 2970 2986 3023 passus
3030 2965 3115 3010 est
3141 2974 3160 3008 ι
3194 2956 3367 3012 multo
3409 2955 3614 3024 majora

2023 3043 2291 3110 Christus,
2321 3045 2364 3098 si
2393 3045 2533 3098 Deus
2561 3060 2665 3098 non
2694 3044 2884 3101 fuisset
2903 3088 2917 3109 ,
2945 3061 3133 3116 passus
3158 3058 3321 3110 esset,
3355 3047 3442 3116 qui
3469 3061 3614 3101 sem-

2028 3154 2122 3207 per
2145 3139 2381 3201 dicebat,
2422 3138 2581 3192 Verba
2610 3156 2718 3192 mea
2743 3155 2845 3193 non
2871 3156 2980 3193 mea
3008 3149 3144 3203 sunt,
3168 3151 3243 3205 et,
3274 3141 3496 3193 Miuistri
3519 3142 3616 3195 mei

2025 3230 2197 3300 utique
2226 3230 2532 3284 decertarent
2582 3230 2772 3304 (Joan.
2817 3233 2906 3286 ts.
2952 3232 3040 3286 10.
3086 3242 3132 3285 et
3173 3233 3257 3287 18.
3290 3232 3419 3303 56),
3467 3231 3615 3285 simi-

2027 3321 2221 3391 liaque.
2248 3324 2339 3378 llle
2367 3340 2494 3378 vero
2531 3323 2671 3379 fmde
2700 3336 2754 3380 et
2781 3325 3156 3380 miserabiliter
3187 3328 3344 3380 vitam
3381 3326 3614 3390 clausit;

2025 3425 2081 3467 et
2129 3416 2259 3469 nihil
2306 3431 2374 3471 ex
2422 3431 2487 3471 eo
2507 3418 2793 3487 reliquum.
2846 3418 3126 3488 Perpende
3172 3421 3298 3475 item
3346 3421 3617 3491 quomodo

2028 3505 2209 3560 Blasto
2238 3509 2580 3574 assentiatur,
2626 3518 2680 3562 ct
2723 3524 2881 3575 quam
2933 3509 3090 3564 facile
3134 3512 3296 3565 tniscr
3340 3513 3429 3566 ille
3457 3512 3618 3565 homo

2029 3598 2310 3664 irascatur,
2342 3607 2397 3653 ει
2426 3610 2608 3667 postea
2642 3602 2932 3670 mitigetur,
2967 3602 3164 3671 ubique
3194 3603 3374 3672 p0puli
3406 3618 3614 3665 servus,

2029 3690 2269 3759 nihilque
2312 3690 2537 3745 liberum
2584 3691 2810 3746 habens.
2842 3690 3133 3747 Considera
3168 3694 3292 3745 item
3324 3694 3615 3748 auctorita-

2031 3793 2134 3836 tem
2154 3784 2384 3853 Spiritus
2405 3785 2599 3839 sancti.
2617 3784 3025 3840 Miuistrantibus
3052 3797 3217 3840 tndem
3243 3787 3346 3841 illis
3378 3787 3612 3851 Domino,

2029 3875 2220 3945 inquit,
2248 3885 2296 3929 et
2331 3877 2705 3945 jejunantibus,
2739 3879 2868 3931 dixit
2894 3878 3120 3947 Spiritus
3167 3889 3405 3933 sanctus:
3433 3880 3619 3950 Segre-

2028 3978 2146 4037 gatc
2186 3968 2314 4021 mihi
2356 3967 2644 4022 Raruabam
2681 3981 2725 4025 et
2767 3970 3007 4026 Saulum.
3054 3972 3184 4040 Quis
3235 3987 3397 4027 ausus
3435 3985 3612 4036 esset,

2029 4060 2132 4113 nisi
2161 4069 2308 4114 tanta
2349 4070 2613 4129 potestate
2642 4063 2804 4117 fultus
2825 4105 2839 4129 ,
2875 4063 2989 4118 haec
3028 4065 3252 4120 dicere?
3300 4065 3409 4119 lloc
3438 4076 3616 4119 autem

2030 4154 2109 4210 lit,
2145 4162 2329 4205 utnon
2358 4151 2517 4206 simul
2562 4153 2662 4223 ipsi
2706 4164 2976 4209 maneant.
3015 4154 3155 4208 Vidit
3204 4156 3320 4210 illos
3362 4156 3618 4226 majorem

2032 4240 2229 4296 habere
2245 4242 2512 4305 virtutem,
2533 4252 2586 4297 et
2609 4245 2851 4312 pluribus
2874 4259 3031 4314 posse
3050 4245 3315 4301 subicere.
3339 4246 3620 4314 Quomodo

2030 4343 2208 4387 autem
2237 4334 2343 4388 illis
2387 4335 2636 4403 loquutus
2679 4336 2799 4390 est?
2840 4336 3001 4391 Forte
3031 4352 3126 4405 per
3154 4338 3459 4407 prophetas.
3499 4340 3620 4391 ldvo

2030 4437 2155 4480 ante
2184 4426 2336 4490 dixit,
2366 4435 2421 4481 et
2453 4426 2741 4497 pr0pbetas
2764 4427 2927 4483 fuisse
2952 4440 3006 4484 et
3028 4428 3302 4499 jejunaSSc
3327 4441 3489 4499 atque
3521 4433 3619 4485 mi-

2029 4516 2311 4582 nistrasse,
2337 4527 2395 4572 ut
2419 4517 2597 4574 discas
2624 4521 2790 4574 multa
2819 4521 3109 4575 sobrietate
3133 4536 3267 4591 Opus
3295 4524 3476 4577 lttiSse.
3502 4527 3615 4576 An-

2032 4609 2242 4664 tiochiae
2271 4611 2570 4678 ordinatur,
2625 4614 2712 4667 ubi
2747 4614 3016 4683 prmdicat.
3051 4615 3161 4670 Cur
3184 4633 3287 4670 non
3315 4617 3482 4682 dixit,
3520 4620 3621 4671 lto-
3652 4605 3665 4627 ⁸

2030 4703 2176 4758 mino
2229 4715 2538 4773 segregate,
2596 4706 2731 4770 sed,
2774 4704 2945 4760 Mihi?
2994 4704 3242 4762 Ostendit
3291 4724 3448 4762 tutam
3498 4725 3620 4765 esse

2030 4796 2321 4866 potentiam
2343 4809 2398 4852 et
2427 4797 2694 4852 virtutem.

2105 4888 2297 4960 Magna
2337 4906 2416 4943 res
2455 4891 2731 4962 jejunium.
2773 4891 2994 4947 Muliere
3036 4892 3230 4947 deliciis
3282 4895 3454 4948 dedita
3490 4895 3621 4951 nihil

2031 4984 2248 5051 turpius.
2276 5009 2349 5020 ——
2375 4981 2564 5036 Videu’
2594 4994 2791 5052 quanta
2821 5000 2909 5038 res
2938 4985 3008 5038 sit
3042 4985 3303 5055 jejunium
3327 4987 3351 5041 ?
3373 4987 3620 5043 Ostendit

2031 5070 2288 5142 Spiritum
2312 5072 2490 5127 omnia
2518 5074 2727 5129 fecisse.
2748 5075 2993 5145 Magnum
3022 5078 3289 5146 quoddam
3315 5081 3512 5135 bonum
3538 5091 3621 5135 est

2028 5162 2287 5232 jejunium
2315 5184 2329 5218 ε
2362 5181 2467 5218 non
2498 5165 2728 5221 termino
2771 5168 3252 5225 circumscribitur.
3285 5171 3415 5227 Cum
3467 5173 3615 5227 υνδε-

2033 5269 2161 5309 nare
2193 5256 2502 5326 oportebat,
2554 5265 2683 5313 tunc
2721 5257 2968 5329 jejuuant
2993 5279 3007 5315 :
3037 5273 3091 5316 ει
3124 5262 3490 5332 jejunautihus
3516 5265 3620 5319 illis

2030 5346 2166 5401 dixit
2186 5346 2437 5415 Spiritus.
2465 5349 2737 5419 Jejuuium
2766 5369 2895 5407 vero
2923 5370 3035 5407 non
3056 5354 3158 5409 hoc
3183 5356 3356 5409 solum
3378 5369 3455 5411 est
3479 5375 3493 5421 ;
3522 5359 3616 5412 sed

2030 5440 2190 5494 etiam
2222 5440 2494 5496 abstinere
2535 5458 2565 5496 a
2597 5443 2836 5510 deliciis,
2885 5444 3072 5513 jejuuii
3105 5448 3313 5515 Species
3348 5458 3448 5502 est.
3507 5449 3618 5505 lloc

2032 5544 2237 5591 tantum
2273 5550 2372 5605 ego
2418 5537 2621 5603 impero
2669 5553 2685 5589 :
2729 5552 2835 5590 non
2876 5537 3146 5606 jejunale,
3188 5538 3281 5591 sed
3332 5556 3360 5591 ιι
3413 5540 3620 5597 deliciis

2030 5628 2312 5682 absdnete.
2342 5627 2607 5683 Alimenta
2656 5642 2990 5697 qumramus,
3045 5642 3149 5681 non
3180 5630 3613 5700 corruptionem;

2030 5720 2276 5776 alimenta
2296 5734 2617 5789 quaeramus,
2643 5734 2747 5773 non
2767 5719 3073 5773 morborum
3096 5722 3486 5777 occasiones,“
3501 5726 3616 5795 api.

2097 5922 2174 5985 ta)
2211 5917 2329 5971 Vide
2353 5920 2646 5982 .losephum,
2669 5919 2752 5970 llb.
2782 5920 2859 5980 l9,
2884 5918 2994 5973 ατ.
