4112 6480
426 428 530 489 107

422 542 696 602 rltualium
741 554 797 597 et
838 556 1258 613 corporeorum;
1306 540 1617 596 alimentum
1668 552 2010 610 qumratnus,

419 634 564 704 quod
594 633 924 704 voluptatem
949 634 1167 703 quidem
1207 633 1435 698 habeat,
1481 648 1591 688 non
1632 645 1762 687 vero
1794 630 2015 686 delicias

422 723 661 779 molestia
693 724 899 794 plenas.
924 723 1058 779 Illud
1087 738 1253 781 suave
1297 733 1402 792 est,
1457 723 1563 779 hoc
1613 723 1970 793 perniciosum
1994 765 2012 788 ,

420 814 551 871 illud
579 816 824 886 voluptas
853 826 970 883 est,
1006 816 1108 872 hoc
1129 816 1319 881 labor;
1350 814 1480 870 illud
1513 815 1809 871 secundum
1855 824 2012 869 natu-

419 920 566 971 ram,
614 907 716 962 hoc
745 918 939 978 praeter
968 919 1234 963 naturam.
1287 908 1382 964 Dic
1413 907 1557 963 enim
1597 906 1727 962 mihi
1752 947 1770 973 ,
1803 907 1848 961 si
1892 907 2016 976 quis

417 999 571 1056 daret
601 1000 696 1057 tibi
726 1003 961 1057 toxicum
986 1001 1054 1057 ad
1083 1011 1265 1071 potum
1287 1042 1302 1066 ,
1332 1017 1512 1057 nonne
1538 1000 1640 1055 hoc
1677 1010 1873 1070 praeter
1912 1016 2009 1053 na-

418 1103 591 1147 turam
623 1094 805 1148 esset?
830 1095 875 1149 si
905 1095 1024 1164 quis
1048 1096 1191 1165 ligna
1220 1105 1273 1149 et
1298 1094 1537 1165 lapides,
1574 1110 1754 1150 nonne
1793 1107 2010 1150 aversa-

417 1183 575 1249 reris,
607 1194 663 1239 et
689 1184 907 1255 quidem
951 1185 1177 1241 merito?
1207 1185 1410 1242 Praeter
1449 1199 1691 1242 naturam
1723 1189 1866 1241 enim
1909 1185 2012 1241 hoc

416 1286 538 1343 est,
569 1286 627 1332 ut
660 1288 715 1332 et
754 1278 981 1334 delicia).
1006 1277 1140 1334 Nam
1173 1290 1229 1333 ut
1257 1279 1308 1333 in
1336 1279 1591 1347 civitate,
1632 1296 1752 1351 qua:
1796 1279 2010 1335 obside-

417 1380 522 1435 tur,
556 1386 743 1442 magna
775 1372 1107 1440 perturbatio
1137 1380 1193 1428 et
1216 1373 1475 1429 tumultus
1499 1384 1582 1429 est
1602 1416 1618 1439 ,
1658 1374 1886 1428 inimicis
1928 1373 2009 1427 iu-

412 1460 565 1529 gredi
603 1463 962 1519 conantibus:
995 1465 1067 1520 ita
1096 1466 1232 1521 etin
1275 1467 1453 1523 anima
1483 1466 1711 1531 accidit,
1752 1465 1880 1521 dum
1930 1465 2011 1518 vi-

413 1566 539 1607 num
566 1561 621 1606 ct
639 1552 847 1608 delicia:
876 1557 1285 1625 superveniunt.
1313 1555 1409 1610 Cui
1433 1572 1508 1611 vat
1533 1598 1550 1624 ,
1604 1558 1686 1611 cui
1712 1557 1960 1611 tumultus
1987 1597 2003 1620 ,

410 1641 492 1695 cui
513 1643 758 1699 maleus
780 1655 829 1700 et
856 1662 1035 1718 nugae,
1062 1647 1145 1702 cui
1159 1648 1455 1719 judicium?
1491 1665 1658 1703 nonne
1681 1649 1744 1702 iis
1763 1687 1778 1704 .
1809 1649 1898 1717 qui
1926 1649 2005 1703 ui-

411 1750 535 1789 uum
554 1735 758 1790 assidue
784 1738 998 1808 potant?
1025 1737 1186 1809 Cujus
1222 1740 1352 1809 lippi
1391 1750 1511 1794 sunt
1530 1740 1667 1794 oculi
1705 1738 1887 1808 (Prov.
1911 1739 2002 1795 25.

409 1825 500 1880 29.
526 1827 653 1898 50)?
686 1827 881 1884 Verum
911 1830 1166 1901 quidquid
1194 1831 1515 1897 dixerimus,
1543 1848 1653 1887 non
1697 1842 2009 1889 avertemus

409 1933 525 1985 eos,
549 1920 638 1990 qui
663 1919 872 1976 deliciis
894 1920 1026 1976 dant
1046 1937 1288 1992 operam,
1320 1924 1422 1978 nisi
1444 1925 1607 1979 aliutn
1628 1924 2006 1994 aggrediamur

407 2012 571 2065 animi
590 2013 858 2069 morbum.
884 2014 951 2069 Et
976 2016 1204 2084 primum
1223 2026 1409 2071 contra
1433 2017 1688 2073 mulieres
1708 2018 1777 2072 sil
1800 2031 2002 2075 sermo.

408 2104 547 2160 Nihil
580 2108 788 2177 turpius
837 2109 1063 2164 muliere
1102 2108 1314 2165 deliciis
1349 2109 1567 2176 dedita,
1617 2108 1752 2164 nihil
1800 2109 2006 2178 turpius

406 2201 619 2257 ebriosa
645 2221 661 2259 :
700 2204 1018 2267 obscuratur
1042 2206 1184 2261 enim
1215 2205 1316 2262 llos
1345 2207 1528 2263 vultus
1574 2207 1694 2278 ejus
1716 2249 1735 2276 ,
1762 2209 2006 2264 turbatur

406 2295 670 2353 serenitas
698 2304 754 2357 et
781 2296 1017 2353 suavitas
1053 2298 1335 2354 oculorum
1358 2340 1375 2364 ,
1406 2300 1559 2370 quasi
1599 2300 1739 2355 nube
1771 2300 2002 2371 quadam

405 2388 614 2444 solares
640 2389 822 2445 radios
846 2390 1130 2449 subeunte.
1150 2392 1256 2449 Res
1278 2402 1364 2449 est
1383 2392 1660 2448 illiberalis
1678 2404 1735 2448 et
1755 2394 1962 2449 servilis
1983 2436 2000 2461 ,

404 2492 568 2551 atque
593 2483 926 2554 ignobilitate
948 2487 1123 2555 plena.
1147 2486 1319 2556 Quam
1341 2487 1577 2543 insuavis
1600 2498 1683 2544 est
1702 2489 1899 2546 mulier
1924 2491 2005 2545 vi-

407 2589 534 2629 num
565 2576 777 2645 spirans
797 2618 811 2640 ,
842 2578 987 2648 quod
1015 2579 1160 2634 oleat
1178 2589 1235 2636 et
1261 2591 1574 2651 corruptum
1599 2583 1672 2637 sit
1711 2582 1837 2638 dum
1877 2600 2001 2639 eru-

405 2671 517 2718 ctat
560 2667 804 2723 carnium
847 2681 1221 2738 corruptarum
1257 2670 1576 2739 humorem,
1617 2684 1901 2744 aggravata
1944 2685 2002 2730 ut

404 2771 627 2828 surgere
652 2770 907 2830 nequeat,
940 2762 1236 2819 rubicunda
1263 2765 1383 2835 plus
1408 2780 1571 2837 quam
1603 2780 1701 2836 par
1723 2776 1827 2834 est,
1857 2767 2000 2825 osci-

406 2859 546 2917 tans,
568 2862 623 2908 et
649 2853 1097 2925 caligineoﬂ‘usa?
1121 2858 1195 2912 At
1229 2873 1335 2912 non
1368 2859 1490 2914 talis
1534 2868 1620 2914 est
1661 2859 1748 2915 illa
1768 2899 1782 2925 ,
1822 2876 1942 2931 (ιιιλι
1968 2878 2000 2918 a

405 2943 678 3015 voluptate
701 2945 971 3013 abstinet;
1013 2947 1109 3004 sed
1150 2949 1411 3018 honesta,
1459 2960 1766 3019 temperans
1791 2964 1846 3009 et
1885 2952 1994 3009 for-

405 3049 556 3090 mosa
590 3052 606 3091 :
639 3051 762 3091 nam
789 3037 960 3092 animi
988 3040 1309 3109 compositio
1349 3041 1577 3098 multum
1604 3044 1817 3112 corpori
1845 3043 2002 3099 at‘l‘ert

403 3125 676 3183 decorem.
697 3126 775 3184 Ne
801 3139 955 3198 putes
976 3132 1121 3184 enim
1151 3147 1179 3183 a
1201 3132 1469 3202 corporali
1497 3133 1672 3189 solum
1699 3136 1878 3204 specie
1898 3136 2002 3192 hoc

406 3218 542 3273 fieri.
577 3219 648 3272 Da
681 3218 973 3276 formosam
1000 3221 1256 3291 puellare,
1286 3223 1669 3290 turbulentam,
1696 3226 1997 3297 loquacem,

405 3313 817 3379 conviciantem,
845 3315 1137 3380 ebriosam,
1161 3327 1531 3387 sumptuosam
1567 3336 1581 3372 :
1612 3335 1793 3375 nonne
1811 3325 2003 3389 quavis

406 3404 547 3461 fmda
587 3415 642 3461 et
673 3406 812 3475 turpi
837 3405 1130 3462 deformior
1166 3407 1288 3464 est?
1330 3408 1387 3464 Si
1427 3424 1557 3465 vero
1602 3412 1864 3482 pudorem
1907 3414 2004 3468 ha-

409 3498 529 3553 beat.
548 3540 566 3566 ,
592 3500 637 3555 si
665 3508 872 3566 taceat,
902 3501 946 3554 si
975 3500 1296 3557 erubescere
1330 3502 1614 3571 didicerit,
1654 3519 1720 3560 ac
1759 3506 2001 3562 modeste

408 3592 588 3663 loqui,
633 3592 679 3648 si
719 3595 1004 3663 jejunare,
1032 3593 1229 3665 duplex
1279 3604 1364 3650 est
1400 3595 1782 3665 pulchritudo,
1829 3598 2002 3668 major

406 3683 613 3749 forma,
661 3685 864 3754 gratior
901 3678 1403 3750 vnltus,'eastitate
1443 3697 1500 3744 et
1545 3702 1737 3745 ornatu
1787 3691 1996 3763 plenus.

410 3778 503 3833 Vis
529 3778 637 3844 iam
665 3778 734 3834 de
763 3779 895 3834 viris
924 3780 1248 3850 loquamur?
1277 3781 1415 3847 Quid
1441 3782 1594 3837 ebrio
1624 3785 1882 3854 turpius?
1904 3785 2001 3840 lti-

405 3871 618 3926 dieulus
651 3881 736 3926 est
772 3869 986 3926 famulis
1007 3913 1022 3937 ,
1071 3871 1330 3927 ridiculus
1367 3873 1646 3942 hostibus,
1680 3876 2003 3932 miserabilis

406 3960 546 4029 apud
572 3960 811 4024 amicos,
840 3962 986 4016 omni
1014 3961 1362 4020 damnatione
1410 3963 1643 4032 dignus:
1676 3963 1789 4021 fera
1833 3967 2003 4038 magis

407 4066 567 4119 quam
595 4050 758 4106 homo
790 4069 805 4107 :
836 4066 960 4107 nam
988 4052 1168 4108 multis
1194 4054 1509 4125 ingurgitari
1540 4056 1713 4126 pardi,
1750 4057 1921 4113 leonis
1949 4068 2004 4113 et

411 4142 519 4199 ursi
550 4151 654 4198 cst.
683 4144 753 4198 At
784 4143 873 4199 illa
902 4144 981 4199 sic
1005 4145 1202 4201 merito
1225 4146 1427 4201 faciunt
1453 4164 1469 4201 :
1498 4163 1604 4201 non
1630 4147 1830 4204 habent
1857 4151 2000 4206 enim

407 4236 640 4290 animam
669 4236 1003 4293 rationalem.
1026 4236 1164 4307 Quin
1192 4247 1249 4293 et
1274 4238 1380 4293 illae
1399 4238 1447 4294 si
1474 4239 1610 4295 ultra
1637 4256 1940 4297 mensuram
1969 4259 1999 4298 a

410 4338 597 4383 natura
625 4327 904 4385 deﬁnitam
933 4329 1116 4397 edant,
1148 4338 1264 4386 toto
1286 4345 1515 4401 corpore
1534 4344 1955 4403 corrumpuntur
1985 4353 2000 4390 :

407 4429 609 4491 quanto
639 4422 809 4491 magis
833 4422 970 4478 nos?
1014 4421 1138 4478 Ideo
1167 4422 1322 4478 nobis
1349 4424 1492 4479 Deus
1538 4435 1824 4495 angustum
1875 4443 2004 4483 ven-

411 4523 549 4568 trem
578 4513 763 4580 dedit;
797 4514 919 4569 ideo
944 4530 1166 4585 parvam
1195 4516 1290 4570 tibi
1319 4532 1626 4572 tueitsuram
1653 4520 1916 4590 deﬁnivit,
1947 4531 2004 4577 ut

409 4604 628 4662 doceret
654 4609 888 4663 animam
917 4610 1092 4665 curari
1120 4619 1392 4679 Oportere.

482 4698 538 4752 5.
569 4697 986 4756 Consideremus
1019 4701 1192 4770 ipsam
1233 4703 1677 4760 constitutionem
1724 4716 1963 4763 nostram
1985 4750 2000 4772 ,

409 4799 466 4843 et
493 4788 791 4845 videbimus
816 4807 980 4846 uuam
1013 4792 1325 4862 particulam
1355 4794 1406 4849 in
1450 4796 1606 4851 nobis
1634 4796 1773 4853 hanc
1803 4797 2003 4856 habere

409 4883 800 4952 operationem.
832 4882 907 4939 Os
948 4886 1092 4940 enim
1126 4895 1367 4941 nostrum
1398 4894 1455 4941 et
1476 4887 1654 4959 lingua
1680 4890 1747 4944 ad
1775 4890 2006 4961 hymnos

408 4978 660 5046 deputata
690 4986 846 5032 sunt.
878 4976 1059 5033 fauces
1077 4978 1145 5033 ad
1171 4995 1380 5035 vocem.
1413 4980 1538 5035 Ideo
1568 4983 1862 5038 necessitas
1906 5001 2004 5038 na-

410 5081 546 5127 tura:
576 5084 675 5124 nos
702 5069 912 5141 ligavit,
942 5083 999 5126 ut
1025 5087 1093 5127 tte
1121 5072 1270 5127 inviti
1296 5072 1512 5143 quidem
1536 5075 1586 5127 in
1614 5074 1832 5129 multam
1860 5074 2004 5129 (ΙίΠί-

408 5164 664 5221 cultatem
707 5163 1025 5219 incidamus.
1058 5165 1116 5220 Si
1157 5180 1390 5236 namque
1412 5167 1658 5237 voluptas
1700 5168 1919 5223 morbos
1948 5180 2005 5223 et

409 5255 755 5325 :rgritudincs
784 5271 890 5311 non
917 5257 1159 5321 haberet,
1191 5258 1485 5313 tolerabilis
1514 5273 1602 5314 res
1639 5268 1785 5315 esset
1816 5276 1832 5315 :
1861 5276 2005 5316 nunc

408 5360 601 5407 autem,
640 5360 847 5405 natura:
897 5351 990 5405 tibi
1035 5350 1296 5406 terminos
1341 5350 1553 5419 posuit,
1598 5361 1763 5408 utne
1810 5353 2001 5408 volens

406 5446 622 5513 quidem
652 5444 1083 5514 transgrediaris.
1128 5443 1321 5499 Nonne
1355 5443 1714 5514 voluptatem,
1764 5444 1962 5500 dilecte
1984 5487 2000 5508 .

408 5535 647 5606 quatris?
688 5536 835 5591 llauc
861 5552 891 5589 a
920 5535 1222 5606 frugalitate
1254 5534 1467 5604 parabis
1490 5551 1505 5590 :
1533 5550 1713 5590 nonne
1738 5535 1975 5592 valetud-i

409 5628 572 5681 ueni?
615 5627 682 5683 Et
709 5627 1126 5698 huncquoque:
1173 5641 1351 5682 nonne
1397 5628 1699 5684 libertatem
1737 5643 1768 5682 a
1814 5630 2004 5684 curis?

407 5717 556 5772 lianc
602 5717 825 5773 itidem:
858 5734 1039 5775 nonne
1097 5719 1435 5785 libertatem,
1490 5720 1653 5774 robur
1701 5733 1755 5777 et
1806 5721 2000 5777 bonam

408 5810 849 5867 constitutionem
875 5813 1139 5883 corporis,
1164 5814 1358 5868 anima:
1383 5813 1749 5879 sobrietatem,
1780 5815 2001 5884 vigilan-

408 5901 579 5956 tiam?
607 5900 754 5956 Bona
778 5904 956 5962 omnia
980 5904 1065 5961 hic
1085 5913 1209 5962 sunt
1240 5923 1252 5960 :
1289 5905 1339 5960 in
1366 5906 1587 5976 crapula
1627 5922 1754 5962 vero
1780 5920 1997 5964 contra-

1138 428 1196 483 S.
1234 425 1347 482 JOA
1362 426 1513 481 XNlS
1549 419 2020 482 CIIRY‘SOSTOMI
2061 421 2378 478 ARClllEP.
2418 421 2955 480 CONSTANTINOP.

3615 430 3727 491 208

2106 537 2203 591 .t'n
2233 579 2248 605 ,
2282 539 2594 605 insuavitas,
2630 540 2767 596 mala
2799 542 3069 609 valetudo,
3093 545 3336 611 morbus,
3365 547 3711 622 “liberalitas,

2119 642 2383 700 sumptus.
2410 632 2563 690 Unde
2583 634 2767 705 igitur,
2792 636 3022 708 inquies,
3042 639 3110 694 ad
3134 639 3279 695 illam
3301 642 3576 701 currimus
3598 662 3715 701 0m-

2120 722 2260 778 nes?
2295 724 2375 779 Ab
2406 725 2738 782 infirmitate.
2770 729 2864 784 Dic
2890 730 3036 786 enim
3063 730 3192 787 mihi
3217 775 3234 800 ,
3266 749 3369 790 cur
3390 751 3535 806 (eger
3561 743 3719 796 noxia

2118 818 2547 887 quaerit?aunon
2598 818 2700 876 hoc
2744 822 2918 890 ipsmu
2961 825 3172 894 signum
3219 837 3303 883 est
3350 831 3570 887 morbi?
3608 831 3722 889 Cur

2117 910 2339 966 claudus
2362 928 2471 968 non
2493 922 2640 970 recte
2672 914 2906 971 incedit?
2942 933 3123 974 nonne
3152 934 3219 974 ex
3249 920 3459 991 ignavia
3489 933 3545 980 et
3569 928 3715 995 quod

2117 1003 2253 1057 nolit
2271 1005 2528 1060 accedere
2552 1005 2619 1060 ad
2649 1007 2957 1063 medicum?
2984 1010 3091 1066 Res
3117 1012 3262 1067 enim
3287 1013 3409 1069 alite
3440 1026 3717 1086 tempora-

2117 1111 2272 1150 neam
2304 1097 2504 1153 habent
2529 1099 2858 1168 voluptatem
2890 1114 3317 1174 perpetuumque
3355 1110 3710 1178 supplicium;

2114 1187 2235 1241 alize
2267 1203 2300 1243 e
2339 1191 2613 1246 contrario
2638 1201 3040 1262 temporaneam
3070 1197 3378 1270 patientiam
3417 1211 3473 1257 et
3511 1217 3711 1273 perpe-

2118 1288 2265 1332 tuum
2291 1279 2565 1351 gaudium.
2593 1282 2695 1349 Qui
2719 1283 2882 1354 igitur
2900 1285 2981 1340 sic
3008 1283 3182 1341 mellis
3206 1297 3260 1342 et
3278 1288 3496 1359 ignavus
3515 1302 3620 1358 est,
3651 1303 3709 1349 ut

2102 1386 2223 1424 non
2249 1380 2559 1428 contemnat
2601 1384 2899 1445 prwsentes
2928 1375 3153 1435 delicias
3191 1394 3284 1448 pro
3313 1381 3500 1438 futuris
3521 1424 3538 1448 ,
3593 1386 3704 1439 cito

2113 1463 2340 1532 capitur.
2372 1465 2466 1521 llic
2487 1466 2638 1532 mihi,
2666 1467 2807 1523 Esau
2831 1468 2972 1524 unde
2992 1479 3178 1539 captus
3200 1480 3317 1537 est;
3343 1473 3481 1528 unde
3507 1464 3698 1529 factum

2114 1568 2170 1611 ut
2195 1566 2515 1626 przr'sentem
2542 1559 2867 1628 voluptatem
2917 1559 3096 1616 futuro
3140 1562 3333 1618 honori
3373 1565 3647 1634 praeferret
3666 1568 3691 1619 ’ἒ

2113 1646 2191 1702 Ex
2221 1647 2466 1705 mollitie.
2491 1650 2604 1707 Hoc
2630 1652 2802 1722 ipsum
2830 1668 2962 1709 vero
2981 1654 3143 1720 unde,
3172 1656 3423 1726 inquies?
3444 1657 3522 1712 Ex
3555 1659 3709 1714 nobis

2112 1741 2277 1810 ipsis;
2305 1743 2449 1812 quod
2480 1743 2602 1799 hinc
2633 1746 2977 1802 manifestum
3005 1760 3106 1803 eat.
3137 1749 3366 1819 Quando
3413 1751 3665 1807 volumus
3688 1791 3705 1814 .

2112 1848 2212 1887 nos
2238 1836 2555 1899 excitamus,
2582 1846 2637 1892 et
2667 1838 2929 1906 patientes
2954 1838 3235 1894 efﬁcimur.
3266 1841 3322 1896 Si
3353 1842 3515 1912 igitur
3535 1859 3712 1913 quan-

2109 1925 2288 1995 doque
2321 1927 2599 1985 advenerit
2632 1930 2960 1996 necessitas,
3005 1946 3151 2002 s:epe
3174 1934 3556 1989 contendendo
3586 1945 3708 1989 tan-

2112 2024 2247 2082 tum,
2268 2018 2397 2087 quid
2429 2020 2564 2075 utile
2589 2020 2660 2075 sit
2689 2022 3075 2091 conspicimus.
3136 2026 3141 2032 ’

2181 2107 2330 2165 Gula:
2354 2112 2510 2166 mala.
2538 2141 2611 2151 —
2633 2110 2770 2167 Cum
2803 2127 2934 2183 ergo
2970 2114 3177 2169 deliciis
3220 2124 3272 2171 te
3299 2114 3577 2171 dedituros
3605 2134 3666 2172 es
3691 2159 3705 2183 ,

2110 2211 2510 2275 temporaneam
2549 2219 2671 2260 esse
2707 2205 3036 2275 voluptatein
3083 2208 3258 2279 cogita
3285 2250 3300 2274 ,
3341 2209 3709 2281 damnumque

2109 2293 2236 2351 hinc
2277 2297 2600 2366 proveniens
2637 2299 2933 2368 (damnum
2965 2301 3108 2356 enim
3143 2316 3267 2356 vere
3301 2310 3387 2357 est
3410 2345 3425 2369 ,
3458 2319 3578 2359 cum
3608 2319 3705 2358 sua

2108 2388 2345 2457 pernicie
2374 2396 2449 2442 tot
2478 2404 2611 2459 opes
2642 2389 2956 2461 insumere).
2991 2392 3228 2455 morbos,
3263 2392 3616 2457 infirmitates,
3645 2404 3704 2450 et

2106 2481 2433 2553 voluptatem
2461 2492 2765 2538 contemne.
2794 2483 2937 2550 Quot
2968 2485 3044 2539 vis
3084 2484 3183 2549 tibi
3209 2484 3455 2541 homines
3481 2504 3700 2541 enume-

2108 2588 2222 2629 rem
2248 2574 2385 2628 mala
2416 2588 2603 2644 passos
2630 2589 2660 2628 a
2688 2574 3064 2631 deliciis?Noe
3094 2576 3389 2632 inebriatus
3412 2587 3492 2633 est
3518 2594 3579 2634 ac
3603 2594 3703 2632 Im-

2106 2664 2299 2733 datus;
2332 2677 2386 2722 et
2411 2667 2532 2723 vide
2561 2678 2694 2737 quot
2725 2669 2851 2725 hinc
2881 2670 3018 2723 mala
3045 2670 3328 2725 evenerint
3357 2689 3369 2725 :
3405 2686 3500 2740 per
3524 2672 3703 2741 gulam

2106 2757 2248 2814 Esau
2294 2759 2644 2831 primogenita
2687 2759 2956 2829 perdidit,
2988 2770 3044 2815 et
3078 2760 3145 2816 ad
3190 2761 3367 2823 fratris
3406 2763 3608 2817 αι-ἀρῑη
3644 2779 3708 2816 se

2104 2851 2357 2904 accinxit.
2393 2849 2626 2921 Papulas
2653 2849 2823 2905 Israel
2858 2853 2987 2905 sedit
3020 2854 3328 2907 manducare
3353 2863 3399 2908 et
3423 2854 3589 2908 bibere
3611 2896 3627 2920 ,
3658 2865 3707 2908 et

2105 2950 2429 2995 surrexerunt
2475 2941 2651 2995 ludere
2690 2939 2909 3010 (Exod.
2945 2942 3032 2997 52.
3064 2944 3163 3012 6).
3226 2942 3348 2999 ideo
3401 2946 3501 3009 ait,
3545 2944 3703 3000 Com-

2105 3032 2267 3095 edens
2286 3042 2336 3088 et
2362 3032 2532 3088 bibens
2557 3032 2826 3087 recordare
2851 3032 3061 3088 Domini
3088 3033 3184 3088 Dei
3209 3038 3282 3089 tui
3303 3035 3477 3104 (Deut.
3506 3038 3560 3093 6.
3591 3038 3703 3107 12).

2107 3125 2164 3181 ln
2195 3126 2544 3195 praecipitium
2585 3127 2729 3182 enim
2760 3135 3021 3194 ruerunt,
3053 3130 3142 3199 qui
3175 3130 3226 3183 in
3254 3129 3474 3185 delicias
3505 3131 3707 3186 incide-

2105 3228 2251 3274 runt.
2291 3218 2481 3286 Vidua,
2514 3219 2705 3290 inquit,
2735 3235 2849 3290 quia
2875 3221 2930 3274 in
2958 3220 3154 3276 deliciis
3182 3231 3276 3287 est,
3308 3223 3477 3277 vivens
3504 3235 3708 3277 mortua

2105 3322 2178 3367 est
2204 3312 2281 3386 (1.
2309 3310 2447 3368 Tim.
2477 3313 2530 3368 5.
2562 3311 2652 3385 6);
2685 3327 2750 3369 ac
2778 3330 3012 3378 rursum,
3044 3312 3422 3386 l-mpiuguatns.
3452 3316 3702 3371 incrassa-

2106 3415 2188 3460 tus
2211 3416 2305 3472 est,
2333 3414 2381 3461 et
2404 3406 2741 3461 recalcitravit
2761 3406 2973 3462 dilectus
2994 3405 3171 3478 (Deut.
3197 3408 3287 3463 52.
3318 3408 3433 3478 15);
3464 3424 3704 3463 rursum-

2106 3514 2210 3567 que
2229 3498 2513 3569 Apostolus
2536 3533 2552 3559 ,
2582 3497 2764 3552 Carnis
2793 3514 2968 3551 curam
2998 3515 3063 3553 ne
3098 3500 3315 3569 feceritis
3350 3500 3404 3555 in
3444 3500 3705 3554 desideriis

2107 3589 2302 3661 (Rom.
2337 3590 2424 3646 15.
2464 3590 2587 3658 l4).
2627 3589 2742 3645 Non
2792 3591 2966 3661 legem
3012 3605 3153 3660 pono
3189 3590 3458 3661 jejunium
3487 3591 3505 3660 (
3533 3606 3707 3661 neque

2106 3683 2251 3738 enim
2280 3690 2366 3740 est
2389 3682 2480 3753 qui
2508 3683 2695 3739 audiat
2717 3682 2755 3751 ),
2789 3684 2884 3738 sed
2918 3683 3247 3753 voluptatem
3285 3684 3502 3739 nimiam
3533 3685 3662 3737 tollo
3684 3727 3701 3750 ,

2106 3776 2326 3831 delicias
2364 3776 2622 3831 exscinde
2661 3776 2726 3830 ad
2761 3776 3044 3831 utilitatem
3087 3785 3320 3835 vestram
3348 3795 3360 3829 :
3390 3777 3537 3831 velut
3561 3777 3703 3831 enim

2110 3878 2341 3933 torrens,
2364 3867 2445 3923 sic
2467 3870 2648 3923 omnia
2673 3871 2996 3927 subvertant
3018 3868 3261 3934 delicias;
3295 3868 3428 3923 nihil
3456 3880 3539 3923 cst
3561 3870 3706 3939 quod

2110 3958 2369 4029 impediat
2406 3959 2558 4025 illas;
2597 3975 2629 4014 e
2669 3975 2836 4029 regno
2876 3960 3117 4029 ejiciunt.
3148 3959 3283 4026 Quid
3313 3961 3583 4031 amplius?
3617 3961 3709 4017 Vis

2109 4047 2386 4105 deliciari?
2417 4049 2499 4104 Da
2539 4050 2864 4119 pauperibus
2889 4090 2905 4111 .
2935 4065 3066 4104 voca
3109 4047 3383 4109 Christum
3406 4094 3423 4115 ,
3463 4061 3520 4106 ut
3546 4053 3705 4106 etiam

2108 4140 2321 4195 sublata
2361 4154 2545 4196 mensa
2586 4140 2874 4209 delicieris.
2908 4140 3060 4198 Nunc
3088 4144 3232 4198 cuiut
3264 4158 3373 4198 non
3405 4143 3608 4209 habes;
3636 4146 3707 4198 ita

2109 4231 2328 4303 evpedit
2352 4249 2368 4287 :
2396 4246 2572 4303 neque
2617 4208 2761 4287 enitﬁ
2815 4242 2963 4293 stant
3007 4235 3291 4304 praesentia
3320 4253 3334 4290 :
3369 4245 3493 4297 tunc
3528 4246 3707 4295 autem

2111 4324 2357 4382 habebis.
2408 4325 2500 4381 Vis
2543 4326 2829 4382 deliciari?
2879 4327 2976 4384 Ale
3018 4329 3299 4385 animam:
3326 4330 3392 4385 da
3439 4330 3517 4384 illi
3558 4330 3710 4385 cibos

2110 4420 2308 4491 quibus
2336 4418 2577 4475 assuevit
2603 4435 2619 4473 :
2648 4436 2715 4475 ne
2747 4419 2889 4476 fatue
2917 4420 3132 4478 occidas
3162 4421 3329 4476 illam.
3362 4421 3600 4491 Tempus
3627 4437 3711 4475 cst

2111 4513 2237 4568 belli
2279 4521 2332 4568 et
2379 4527 2590 4583 pugnae,
2620 4520 2677 4567 tu
2705 4528 2831 4569 vero
2870 4513 3028 4570 sedes
3069 4514 3121 4567 in
3141 4513 3389 4569 deliciis?
3417 4513 3536 4570 Non
3559 4515 3711 4569 vides

2111 4618 2207 4660 eos
2234 4603 2327 4675 qui
2367 4613 2575 4674 sceptra
2610 4612 2795 4661 tenent
2818 4645 2834 4669 ,
2866 4605 2918 4658 iu
2948 4605 3187 4659 exercitu
3230 4604 3502 4675 frugaliter
3531 4606 3713 4661 viven-

2112 4704 2213 4751 tes.
2248 4693 2374 4750 Non
2409 4706 2482 4750 est
2509 4696 2654 4749 nobis
2685 4694 2820 4748 lucta
2846 4694 3088 4757 adversus
3112 4697 3409 4765 sanguinem
3436 4706 3483 4750 et
3506 4712 3713 4751 carnem

2113 4788 2131 4857 (
2159 4787 2352 4858 Epltes.
2393 4787 2448 4843 6.
2488 4788 2554 4841 12
2575 4784 2635 4857 );
2672 4796 2725 4840 ιιι
2755 4803 2887 4843 vero
2920 4796 2974 4840 te
3006 4787 3307 4858 intpinguas
3335 4788 3707 4859 pugnaturus?

2115 4882 2374 4937 Dentibus
2416 4880 2653 4935 stridens
2695 4889 2804 4935 stat
2846 4880 3223 4947 adversarius;
3270 4890 3324 4935 tu
3355 4896 3481 4936 vero
3510 4882 3711 4936 effusus

2112 4991 2171 5029 es
2200 4983 2253 5029 et
2283 4988 2483 5029 mensae
2510 4971 2773 5027 addictus.
2812 4974 2938 5028 Scio
2978 4988 3065 5028 me
3106 4972 3222 5028 haec
3263 4973 3459 5028 frustra
3487 4974 3668 5028 dicere
3692 5015 3706 5028 .

2112 5066 2219 5139 sed.
2249 5080 2357 5119 non
2394 5066 2666 5121 omnibus.
2710 5063 2810 5134 Qui
2845 5066 2990 5121 habet
3025 5081 3175 5120 aures
3209 5066 3491 5132 audiendi,
3533 5068 3712 5119 audiat

2114 5160 2263 5231 (Luc.
2291 5162 2345 5217 8.
2373 5161 2449 5234 8).
2479 5158 2726 5214 Christus
2754 5160 2896 5214 fante
2923 5159 3181 5226 tabescit;
3205 5169 3261 5213 et
3284 5170 3338 5213 tu
3363 5177 3471 5228 prae
3490 5162 3708 5228 crapula

2112 5253 2474 5324 dirumperis:
2501 5252 2610 5307 duo
2638 5251 2755 5307 sine
2781 5266 3031 5305 mensura
3060 5260 3205 5306 sunt.
3238 5250 3374 5319 Quid
3408 5251 3550 5306 enim
3584 5249 3708 5304 mali

2116 5362 2221 5400 non
2241 5346 2453 5415 pariunt
2473 5344 2681 5400 delicias
2703 5344 2726 5397 ?
2745 5345 2820 5413 (α)
2843 5341 2980 5416 [Sibi
3001 5342 3128 5412 ipsis
3146 5344 3497 5405 adversantur
3517 5341 3555 5412 ε]
3570 5341 3710 5395 unde

2114 5440 2296 5494 nescio
2324 5439 2595 5508 quomodo
2631 5437 2731 5491 hoc
2767 5451 2960 5491 nomen
2988 5436 3193 5491 sortita:
3220 5437 3325 5491 sint
3347 5452 3364 5500 ;
3390 5436 3485 5491 sed
3512 5451 3703 5505 quent—

2113 5533 2401 5590 admodum
2432 5541 2486 5588 et
2513 5530 2680 5603 gloria
2718 5548 2839 5601 qua:
2869 5540 2954 5587 est
2989 5531 3207 5589 infantia
3233 5572 3246 5594 ,
3277 5541 3333 5587 et
3360 5528 3560 5585 divitiae
3589 5547 3710 5598 qua:

2113 5638 2239 5682 sunt
2279 5634 2563 5695 paupertas
2585 5664 2601 5689 ,
2640 5623 2711 5678 ita
2747 5623 2904 5678 dicta:
2939 5633 3066 5679 sunt
3095 5642 3109 5678 :
3138 5623 3218 5678 sic
3250 5633 3305 5678 et
3341 5622 3550 5679 delicia:
3588 5638 3708 5691 qua:

2114 5728 2241 5774 sunt
2281 5715 2560 5772 molestiae.
2591 5713 2734 5771 Num
2773 5715 3084 5773 immolandi
3122 5728 3308 5770 sumus
3332 5753 3345 5776 ,
3376 5715 3467 5783 qui
3502 5727 3600 5769 nos
3637 5715 3707 5769 ita

2176 5852 2249 5914 (η)
2274 5860 2387 5908 tunc
2420 5848 2611 5914 uncinis
2631 5846 2924 5899 clauduntur
2950 5861 3046 5898 non
3083 5846 3205 5909 legit
3241 5846 3423 5911 Monii,
3450 5852 3705 5913 posuitque

2114 5918 2162 5966 iu
2184 5908 2418 5976 margine
2439 5908 2656 5961 savilius.
