4112 6486
291 519 380 574 20'!

301 639 386 709 piv
412 655 423 666 ·
449 635 672 704 τροφὰς
714 635 994 706 ζητῶμεν,
1039 634 1110 706 μὴ
1141 635 1310 687 νόσων
1345 633 1650 695 ὑποθέσεις,
1679 632 1849 685 νόσων
1884 630 1978 688 καὶ

305 725 531 797 ψδχικῶν
568 725 668 776 καὶ
705 723 1034 793 σωματικῶν
1057 742 1069 754 ·
1090 723 1293 794 τροφὴν
1321 720 1571 792 ζητῶμεν
1602 721 1793 791 ἡδονὴν
1826 720 1978 788 έχου-

320 834 422 878 εαν,
450 813 520 884 μὴ
546 813 772 883 τρυφὴν
800 812 990 880 ἀηδίας
1014 811 1289 882 γέμουσαν
1316 827 1328 840 ·
1359 809 1514 862 τοῦτο
1546 807 1726 878 τρυφὴ
1751 849 1764 871 ,
1800 809 1974 859 ἐκεῖνο

322 907 452 974 λύμη
471 921 483 934 ·
506 901 676 955 τοῦτο
715 901 900 971 ἡδονὴ,
934 902 1108 952 ἐκεῖνο
1147 898 1348 961 πόνοςδλ
1373 914 1385 926 ⁸
1411 898 1569 951 τοῦτο
1598 896 1736 949 κατά
1770 895 1930 963 φύσιν
1956 935 1970 955 ,

317 997 476 1047 ἐκεῖνο
497 990 654 1061 παρὰ
684 991 870 1058 φύσιν.
896 989 1028 1042 ΕΞπέ
1055 988 1162 1059 γάρ
1199 1005 1310 1057 μοι,
1347 987 1508 1049 εἴτις
1549 985 1715 1038 ἔδωκέ
1755 1002 1836 1036 σοι
1868 982 1975 1037 κώ-

311 1100 439 1134 νειον
467 1082 634 1143 πιεῖν,
664 1078 786 1147 ούχὶ
816 1076 965 1148 παρᾶ
989 1076 1150 1145 φύσιν
1173 1071 1240 1146 ῆν
1261 1093 1276 1141 ;
1300 1076 1352 1127 εί
1370 1093 1451 1137 τις
1485 1074 1616 1138 ξύλα
1647 1074 1739 1125 καὶ
1769 1071 1969 1133 λίθους,

303 1171 397 1223 οὑκ
440 1169 506 1221 ἂν
551 1165 952 1236 ἀπεστράφης;
1003 1163 1276 1226 Εἰκότωςο
1323 1163 1474 1232 παρά
1502 1161 1663 1231 φύσιν
1700 1160 1808 1229 γάρ
1836 1163 1971 1211 ἐστι.

301 1257 556 1309 Τοιοῦτον
587 1255 686 1308 καὶ
713 1257 747 1324 ἡ
783 1255 984 1324 τρυφή.
1029 1251 1299 1322 Καθάπερ
1338 1251 1446 1322 γὰρ
1473 1253 1529 1303 ἐν
1563 1249 1715 1302 πόλει
1754 1249 1976 1318 πολιορ-

303 1347 426 1408 κίας
455 1344 760 1415 γενομένης
787 1341 954 1404 πολὺς
988 1340 1215 1410 θόρυϐος
1244 1341 1452 1407 γίνεται
1484 1339 1579 1391 καὶ
1603 1337 1841 1410 τάραχος
1867 1335 1975 1387 τῶν

304 1434 583 1502 πολεμίων
631 1431 1089 1486 ἐπεισελθόντωνο
1116 1427 1289 1490 οὑτως
1331 1429 1389 1480 ἐν
1429 1430 1498 1498 τῇ
1547 1425 1691 1496 ψυχῇ
1726 1425 1934 1492 γίνεται
1957 1463 1972 1485 ,

301 1523 448 1575 οἴνου
478 1522 576 1574 καὶ
592 1518 802 1590 τρυφῆς
831 1515 1271 1586 ἐπεισελθούσης.
1303 1514 1432 1568 Τίνι
1463 1513 1617 1576 οὐαί,
1653 1513 1770 1564 τίνι
1805 1511 1975 1577 θόρυ-

303 1613 421 1670 ϐοι,
456 1610 578 1661 τίνι
614 1607 808 1674 ἀηδίαι
858 1605 958 1659 καὶ
1000 1603 1251 1672 λέσχαι,
1281 1603 1398 1655 τίνι
1423 1603 1653 1668 κρίσις;
1680 1599 1818 1668 οὐχὶ
1851 1598 1976 1665 τοῖς

307 1694 756 1764 ἑτι-χρονίζουσιν
777 1695 847 1748 ἐν
873 1693 1092 1755 alvom;
1127 1692 1295 1756 Τίνος
1329 1689 1622 1743 πελιδινοὶ
1659 1690 1713 1742 οἱ
1751 1689 1975 1755 ὀφθαλ-

313 1785 422 1852 μοί
442 1799 461 1847 ;
499 1783 648 1836 Ἀλλὰ
671 1783 790 1851 γὰρ,
814 1783 914 1833 ὃσα
941 1779 1007 1833 ἂν
1037 1779 1306 1849 εἴπωμεν,
1329 1779 1428 1831 οὑκ
1447 1777 1826 1847 ἀποστήσομεν
1850 1775 1976 1837 τοὺς

318 1871 450 1941 περὶ
479 1871 572 1940 τὴν
604 1870 807 1939 τρυφὴν
844 1867 1331 1938 ἀπησχολημένους
1357 1908 1371 1930 ,
1400 1866 1465 1919 ἂν
1497 1865 1571 1936 μὴ
1611 1865 1744 1935 πρὸς
1791 1864 1975 1933 ἕτερον

310 1959 717 2027 ἀντιστήσωμεν
741 1957 802 2009 τὺ
825 1956 1014 2018 πάθος,
1035 1956 1142 2009 Καὶ¹
1159 1953 1375 2025 πρῶτον
1411 1954 1508 2024 μὲν
1525 1953 1661 2024 πρὸς
1687 1952 1785 2014 τὰς
1823 1951 1973 2023 [218]

305 2048 572 2114 γυναῖκας
601 2047 731 2114 ἡμῖν
761 2045 899 2098 ἔστω
929 2044 1148 2112 ὁλόγος.
1177 2043 1341 2096 υὺδέν
1356 2042 1704 2113 αἰσχρότερον
1720 2041 1976 2108 γυναικὸς

301 2131 621 2203 τρυφώσης,
670 2131 821 2184 ούδέν
867 2130 1220 2202 αἰσχρότερον
1273 2128 1976 2200 μεθυούσηςοάμαυροῦται

304 2220 478 2289 αὐτῆς
507 2220 569 2272 τὸ
612 2220 714 2290 τῆς
747 2219 921 2289 ὅψεως
971 2219 1152 2282 ἄνθος,
1209 2217 1456 2271 θολοῦται
1506 2218 1569 2271 τὸ
1607 2217 1840 2287 γαληνὸν
1883 2216 1977 2269 καὶ

305 2308 512 2377 ἥμερον
563 2305 673 2360 τῶν
725 2306 1038 2376 ὀφθαλμῶν,
1090 2305 1252 2359 οἱονεὶ
1296 2306 1526 2376 νεφέλης
1573 2306 1715 2367 τινὸς
1755 2305 1978 2366 ἀκτῖνας

307 2396 733 2466 ὑποδραμούσης
783 2394 1034 2466 ήλιακάς.
1071 2394 1447 2466 Ἀνελεύθερον
1497 2395 1560 2448 τὸ
1599 2396 1832 2465 πρᾶγμα
1886 2394 1979 2446 καὶ

302 2485 575 2546 δουλικὸν,
607 2485 700 2537 καὶ
734 2484 913 2552 πάσης
951 2483 1270 2550 δυσγενείας
1302 2485 1626 2554 ἀνάμεστον.
1675 2482 1800 2545 Πῶς
1833 2483 1978 2533 ἐστιν

301 2574 479 2642 ἀηδὴς
511 2573 658 2624 οἴνου
706 2571 1052 2625 ἁποπνέουσα
1104 2573 1241 2642 γυνὴ
1305 2570 1580 2634 δδωδότος,
1641 2569 1977 2637 σεσηπότας·

303 2661 648 2734 ἐρευγομένη
686 2659 862 2729 κρεῶν
887 2659 1244 2731 διεφθορότων
1269 2659 1466 2728 χυμὸν,
1500 2657 1848 2728 βεϐαρημένη
1881 2658 1980 2709 καὶ

303 2750 663 2816 διαναστῆναι
713 2748 786 2818 μὴ
833 2747 1108 2818 δυναμένη
1136 2788 1149 2810 ,
1186 2746 1390 2818 ἐρυθρά
1440 2741 1578 2798 οὖσα
1620 2743 1714 2798 τοῦ
1772 2745 1980 2806 δέοντος

310 2839 494 2903 πλέον,
533 2838 751 2907 χάσμης
795 2836 1041 2906 γέμουσα
1071 2837 1165 2888 καὶ
1203 2835 1400 2905 ἀχλύος
1437 2834 1664 2903 πολλῆςς
1705 2832 1841 2884 Ἀλλ’
1881 2833 1981 2884 οὑκ

306 2927 497 2995 ἐκείνη
527 2927 559 2995 ἡ
594 2924 807 2994 τρυφῆς
843 2925 1158 2994 ἀπεχομένη
1193 2921 1419 2992 τοιαύτη
1460 2938 1475 2951 ·
1517 2921 1653 2974 ἀλλὰ
1683 2919 1855 2990 σεμνὴ
1889 2922 1982 2974 καλ⁴

308 3014 547 3084 σώφρων
581 3013 674 3066 καὶ
705 3010 978 3082 εὑμορφος
1005 3011 1054 3063 ι).
1085 3011 1192 3063 Καὶ
1226 3011 1334 3079 γὰρ
1371 3008 1449 3079 τῷ
1481 3008 1692 3078 σώματι
1723 3008 1856 3060 πολὺ
1890 3025 1984 3061 πε-

308 3101 554 3172 ριτίθησι
601 3098 795 3162 κάλλος
836 3100 937 3169 τῆς
973 3096 1152 3168 ψυχῆς
1182 3098 1215 3167 ἡ
1261 3097 1614 3160 κατάστασις.
1651 3096 1742 3166 Μὴ
1776 3095 1885 3166 γὰρ
1918 3095 1982 3166 δὴ

304 3191 542 3261 νομίσῃς
566 3188 671 3240 ἀπὸ
692 3187 800 3240 τῶν
823 3185 1151 3255 σωματικῶν
1180 3184 1365 3238 τύπων
1403 3184 1562 3238 τοῦτο
1605 3184 1848 3253 γίνεσθαι
1891 3185 1987 3254 μό-

307 3296 420 3332 νον.
447 3277 544 3340 Δδς
565 3273 838 3346 εὔμορφον
854 3274 1044 3344 κόρην,
1061 3274 1498 3344 τεταραγμένην,
1523 3273 1700 3330 λάλον,
1724 3273 1983 3344 λοίδορον,

316 3366 572 3435 μέθυσον,
605 3361 902 3431 πολυτελῆ,
938 3363 986 3413 εἰ
1019 3361 1095 3432 μὴ
1131 3361 1311 3431 πάσης
1341 3363 1573 3431 αἰσχρᾶς
1606 3360 1986 3431 δυσειδεστέρα

314 3453 654 3521 καθέστηκεν
681 3467 697 3515 ;
730 3451 791 3502 Εἰ
821 3449 878 3502 δέ
908 3449 1250 3520 αἰσχύνοιτο,
1286 3450 1338 3501 εί
1371 3449 1428 3501 δὲ
1455 3448 1626 3519 σιγῴη
1651 3488 1665 3512 ,
1694 3451 1742 3501 εί
1769 3449 1826 3501 δὲ
1859 3451 1987 3520 ἐρυ-

317 3546 475 3614 θριᾷν
519 3541 799 3612 μανθάνοι,
832 3539 961 3591 εἰδὲ
984 3538 1318 3608 φθέγγεσθαι
1345 3538 1697 3609 συμμέτρως,
1733 3538 1862 3590 εἰδὲ
1890 3555 1987 3606 νη-

327 3635 526 3694 στείαις
548 3628 901 3700 ἐσχολακέναι
925 3640 940 3655 ⁸
961 3626 1185 3680 διπλοῦν
1217 3627 1280 3679 τὸ
1313 3627 1528 3688 κάλλος,
1568 3626 1766 3678 πλείων
1789 3629 1821 3695 ’θ
1846 3625 1984 3697 ὥραν

323 3719 671 3788 ποθεινοτέρα
710 3718 744 3786 ἡ
778 3715 899 3784 ὄψις
924 3756 938 3779 ,
972 3713 1324 3787 σωφροσύνης
1359 3715 1604 3784 γέμουσα
1630 3714 1724 3766 καὶ
1760 3714 1988 3782 κοσμιό-

316 3823 502 3876 τητος.
527 3805 716 3857 Βούλει
735 3802 921 3856 λοιπὸν
951 3802 1046 3855 καὶ
1073 3802 1204 3872 περὶ
1234 3802 1444 3872 ἀνδρῶν
1471 3801 1748 3872 εἴπωμεν;
1799 3803 1864 3854 Τί
1891 3800 1987 3854 τοῦ

317 3894 614 3964 μεθύοντος
651 3890 1042 3960 αἰσχρότερον;
1077 3889 1496 3957 Καταγέλαστος
1529 3889 1789 3952 οἰκέταις,
1830 3907 1991 3943 κατα-

313 3984 581 4052 γέλαστος
609 3980 844 4050 ἐχθροῖς,
873 3979 1101 4040 ἐλεεινὸς
1128 3980 1278 4049 παρὰ
1313 3977 1484 4047 φίλοις
1505 4022 1518 4041 ,
1585 3978 1784 4047 μυρίας
1824 3996 1992 4031 κατα-

312 4072 574 4140 γνώσεως
600 4068 763 4132 ἄξιος,
796 4066 981 4137 θηρίον
1012 4067 1126 4118 ἐστί
1157 4067 1356 4136 μᾶλλον
1381 4064 1413 4136 ἢ
1443 4064 1727 4135 ἄνθρωπος
1758 4082 1772 4097 ο
1803 4066 1992 4135 τὸγὰρ

315 4159 492 4212 πολλά
518 4155 784 4209 σιτεῖσθαι
807 4193 822 4216 ,
848 4153 1166 4224 παρδάλεως
1187 4194 1201 4215 ,
1243 4155 1338 4205 καὶ
1370 4153 1581 4214 λέοντος
1604 4194 1618 4215 ,
1654 4153 1751 4207 καὶ
1788 4154 1991 4222 ἄρκτου

315 4245 491 4301 ἐστίν.
534 4244 774 4304 Είκότως
805 4257 820 4272 ο
848 4241 910 4293 οὑ
938 4241 1048 4312 γὰρ
1073 4239 1286 4310 ἔχουσιν
1320 4241 1504 4292 ἐκεῖνα
1534 4239 1709 4311 ψυχὴν
1741 4241 1990 4310 λογικήν.

318 4335 431 4388 Καὶ
457 4331 566 4403 μὴν
593 4331 818 4384 κάκεῖνα
846 4327 1008 4381 πλέον
1036 4327 1130 4380 τοῦ
1160 4328 1370 4390 δέοντος
1400 4327 1495 4380 καὶ
1532 4328 1626 4380 τοὺ
1669 4327 1866 4398 μέτρου
1898 4327 1991 4381 τοῦ

315 4421 475 4491 παρά
490 4419 590 4488 τῆς
607 4417 818 4487 φύσεως
844 4417 1025 4477 αὑτοῖς
1045 4415 1352 4486 ὡρισμένου
1378 4415 1700 4476 σιτισθέντα,
1719 4415 1992 4486 διέφθειρε

315 4508 380 4559 τὸ
406 4508 522 4560 πᾶν
549 4505 710 4575 σῶμα
739 4523 752 4536 ·
787 4504 940 4573 πόσῳ
969 4497 1062 4555 οὖν
1105 4503 1305 4572 μᾶλλον
1335 4504 1534 4573 ἡμεῖς;
1563 4503 1662 4555 Διά
1683 4503 1841 4555 τοῦτο
1861 4505 1992 4574 ἡμῖν

318 4597 400 4658 είς
435 4593 636 4665 μικρὸν
679 4592 985 4647 συνέστειλε
1027 4592 1127 4662 τὴν
1154 4591 1398 4662 γαστέρα
1443 4593 1470 4644 6
1512 4591 1645 4654 Θεός
1674 4607 1689 4622 ο
1719 4591 1806 4644 διὰ
1836 4592 1994 4644 τοῦτο

316 4681 752 4804 ὀλίγηνομέτρον
777 4680 946 4753 ὥρισε
973 4679 1207 4749 τροφῆς,
1244 4679 1332 4734 ἵνα
1361 4679 1628 4750 παιδεύσῃ
1659 4679 1837 4748 ψυχῆς
1869 4681 1993 4732 ἐπι-

327 4766 454 4804 una
485 4769 516 4804 σ
551 4770 629 4804 αι.
1799 4768 1822 4783 ν

399 4766 629 4805 λεισυαι.
1799 4768 1822 4783 ’

399 4770 629 4805 λεισυαι.
1799 4770 1822 4783 ’

327 4770 468 4889 μετ’.
488 4824 641 4874 Κατα
649 4820 908 4891 μάθωμεν
923 4821 1092 4894 αὑτὴν
1109 4821 1206 4892 τὴν
1221 4820 1566 4889 κατασκευὴν
1582 4819 1681 4889 τὴν
1699 4818 1992 4890 ἡμετέραν,

334 4911 430 4962 καὶ
467 4909 706 4979 ὀψόμεθα
742 4909 800 4961 ἓν
843 4909 1028 4980 μόριον
1049 4893 1118 4962 ἐν
1149 4911 1281 4981 ἡμῖν
1311 4907 1513 4976 ταύτην
1552 4905 1672 4977 ἔχον
1718 4907 1815 4976 τὴν
1847 4907 1997 4978 ἐνέρ-

325 5012 511 5065 γειαν.
535 4997 607 5050 T6
638 4997 820 5067 στόμα
852 4995 960 5067 γὰρ
993 4996 1150 5066 ἡμῶν
1181 4998 1275 5050 καὶ
1305 4997 1338 5066 ἡ
1367 4994 1584 5062 γλῶττα
1622 4994 1757 5064 πρὸς
1792 4995 1996 5064 ὑμνους

319 5082 656 5155 ἀφώρισται,
692 5087 719 5136 ό
747 5083 962 5154 φάρυγξ
992 5083 1128 5153 πρὸς
1149 5084 1352 5154 φωνήν.
1369 5081 1468 5135 Διά
1489 5080 1646 5134 τοῦτο
1670 5083 1761 5134 καὶ
1781 5082 1993 5153 ἀνάγκη

319 5172 424 5241 τῆς
454 5173 667 5240 φύσεως
697 5174 842 5242 ἡμᾶς
879 5171 1240 5240 ὲγκατέδησεν
1266 5181 1314 5235 ο,
1360 5171 1446 5223 ἵνα
1477 5170 1609 5240 μηδὲ
1643 5172 1866 5232 ἄκοντες
1894 5172 1995 5240 ἐμ-

320 5260 620 5330 πίπτωμεν
658 5265 737 5324 εἰς
787 5261 989 5330 πολλὴν
1029 5259 1432 5330 πραγματείαν.
1471 5260 1556 5323 Ὠς
1588 5260 1640 5312 εί
1661 5276 1724 5328 γε
1755 5263 1788 5330 ἡ
1819 5258 1996 5331 τρυφὴ

325 5350 528 5411 πόνους
557 5349 632 5419 μὴ
659 5346 795 5419 εἶχε,
839 5349 973 5420 μηδὲ
995 5351 1182 5411 νόσους
1211 5347 1305 5398 καὶ
1333 5346 1642 5416 ἀρρωστίας
1663 5387 1677 5410 ,
1713 5347 1947 5416 φορητὸν
1980 5351 1996 5368 '

323 5429 397 5503 ῆν
419 5452 435 5466 ο
463 5435 557 5488 νῦν
583 5436 640 5488 δέ
663 5452 746 5488 σοι
777 5435 1021 5488 τέθεικεν
1051 5435 1302 5505 ὀροθέσια
1334 5434 1436 5502 τῆς
1472 5434 1706 5503 φύσεως,
1737 5433 1821 5486 ίνα
1865 5433 1999 5503 μηδὲ

332 5521 655 5592 βουλόμενος
684 5522 1040 5594 ὑπερϐαίνῃς.
1088 5523 1198 5591 υὺχ
1229 5521 1420 5592 ἡδονὴν
1455 5522 1635 5590 ζητεῖς
1661 5562 1675 5584 ,
1709 5520 1995 5589 ἁγαπητέ;

328 5609 506 5662 Τοῦτο
536 5612 687 5679 παρά
716 5612 815 5680 τῆς
850 5609 1182 5680 αὐταρκείας
1212 5611 1482 5679 εὑρήσεις.
1513 5610 1624 5677 Οὑχ
1654 5609 1842 5674 ὑγείαν
1866 5625 1880 5673 ;
1905 5609 1998 5662 καὶ

323 5697 489 5751 τοῦτο
512 5715 526 5728 ’
555 5699 673 5768 οὑχὶ
697 5699 1065 5770 ἀμεριμνίαν;
1116 5700 1208 5751 καὶ
1259 5697 1416 5750 τοῦτο
1437 5714 1448 5728 ⁸
1478 5697 1597 5766 οὑχϊ
1646 5696 1956 5767 ἐλευθερίαν
1981 5713 1996 5762 ;

323 5785 450 5856 ούχὶ
485 5788 654 5858 ρῶσιν
693 5787 942 5858 σώματος
968 5828 982 5848 .
1015 5787 1135 5856 οὐχὶ
1165 5786 1378 5852 εὐεξίαν
1399 5825 1412 5848 τ
1446 5786 1563 5854 οὐχὶ
1593 5785 1751 5856 νῆψιν
1774 5785 1955 5856 ψυχῆς
1980 5824 1996 5849 ν

327 5875 454 5943 οὐχὶ
506 5875 817 5945 διέγερσιν;
870 5873 1012 5926 οὕτω
1073 5874 1249 5926 πάντα
1312 5872 1380 5926 τά
1439 5872 1579 5926 καλά
1643 5872 1911 5926 ἐνταῦθα·
1943 5875 2000 5924 ἐν

396 5964 421 5990 ³
451 5962 593 6010 Alius
613 5963 764 6010 ἐκεῖνο
791 5963 842 6010 δὲ
865 5962 1005 6023 λύμη,
1051 5962 1176 6008 a!ius
1197 5960 1345 6007 έκεῖνο
1381 5962 1432 6007 δὲ
1455 5960 1616 6023 πόνος.
1675 5945 1702 5984 b
1763 5961 1858 6008 Alii
1896 5961 1998 6008 ἀλλ’

323 6022 657 6096 εύμσρφοτέρα
682 6024 789 6096 καλαὶ
826 6021 1242 6096 ξωφροπιεστέρα..
1274 6023 1388 6096 Καὶ.
1407 6021 1512 6096 γάρ.
1623 6024 1646 6050 ο
1669 6023 1842 6096 Alit}:
1873 6025 1999 6096 ἡμεῖς

322 6082 622 6194 ητέδῃσενὲ
681 6087 705 6120 ³1
722 6084 801 6134 Sic
825 6082 975 6135 Sam}
1003 6091 1053 6133 cl
1077 6083 1244 6144 optimi
1269 6082 1437 6143 codd.;
1467 6082 1703 6134 Commel.
1727 6091 1780 6134 cl
1803 6083 1972 6134 Monu‘.

322 6161 541 6194 σοικτον.
626 6158 718 6194 οιτ.

320 6161 541 6212 φρικτόν.
587 6158 718 6196 [ινιτ.

1333 519 1398 574 ΙΝ
1434 517 1616 574 ACTA
1657 513 2198 572 APOSTOLURUM.
2242 513 2476 570 HOMIL.
2507 516 2720 574 XXVII.

3641 523 3753 577 208

2079 629 2262 700 ἐκείνῃ
2283 630 2338 683 δέ
2358 633 2424 684 τά
2447 633 2683 700 ἐναντία,
2709 634 2889 702 ἀηδία,
2922 638 3356 706 καχεξία,νόσος,
3379 640 3748 714 ἀνελευθερία,

2078 716 2313 787 δαπάνη.
2362 720 2533 773 Πόθεν
2565 720 2658 776 οὑν
2678 763 2692 785 ,
2719 725 2904 792 φησὶν,
2933 726 3026 776 ἐπί
3052 725 3257 796 ταύτην
3281 727 3548 798 τρέχομεν
3575 733 3752 785 ἄπαν-

2080 823 2201 872 τες;
2242 808 2373 860 Ἀπὸ
2395 808 2571 863 νόσου.
2599 809 2734 863 Εἰπέ
2763 812 2871 881 γάρ
2913 829 3024 881 μοι,
3054 813 3141 866 διὰ
3165 814 3218 866 τί
3248 814 3310 866 τὸ
3344 815 3576 884 βλάπτον
3601 821 3628 871 ό
3660 836 3749 871 νο-

2079 892 2186 945 σῶν
2215 895 2495 963 ἐπιζητεῖ;
2531 899 2650 967 οὑχὶ
2690 900 2784 951 καὶ
2813 900 2947 951 αὑτὸ
2979 900 3137 953 τοῦτο
3177 903 3269 954 τοῦ
3313 907 3488 956 νοσεῖν
3523 906 3748 976 σημεῖόν

2075 982 2222 1048 tam;
2257 985 2354 1036 Διά
2385 985 2436 1036 τί
2460 988 2487 1038 ὀ
2509 987 2681 1056 χωλὸς
2709 989 2781 1056 μὴ
2806 988 2941 1058 ὀρθὰ
2973 989 3179 1056 βαδίζει
3203 1007 3216 1051 ;
3240 991 3372 1044 αὑτὸ
3391 992 3446 1042 δὲ
3469 994 3626 1046 τοῦτο
3648 995 3748 1048 οὐκ

2075 1070 2182 1124 ὑπὸ
2227 1073 2499 1142 ῥᾳθυμίας
2536 1076 2628 1129 καὶ
2669 1075 2762 1128 τοῦ
2809 1077 2883 1146 μὴ
2929 1076 3215 1145 βούλεσθαι
3251 1079 3402 1148 παρά
3443 1081 3532 1132 τὸν
3569 1082 3749 1151 ἰατρὸν

2079 1159 2252 1223 ίέναι;
2283 1161 2402 1212 Τῶν
2431 1163 2539 1232 γὰρ
2572 1163 2915 1233 πραγμάτων
2947 1166 3015 1216 τά
3055 1166 3154 1235 μὲν
3183 1167 3516 1238 πρόσκαιρον
3554 1171 3748 1238 ἡδονὴν

2075 1245 2208 1316 ἔχει,
2240 1247 2462 1320 διηνεκῆ
2488 1250 2544 1301 δέ
2573 1251 2664 1320 τὴν
2694 1251 2913 1304 κόλασιν
2939 1269 2952 1282 ·
2984 1252 3052 1305 τά
3078 1252 3134 1304 δέ
3157 1254 3484 1316 τούναντίον,
3524 1260 3620 1324 τὴν
3651 1257 3750 1326 μὲν

2077 1336 2371 1406 καρτερίαν
2421 1338 2754 1408 πρόσκαιρον
2779 1382 2792 1403 ,
2845 1340 3064 1411 διηνεκῆ
3100 1341 3154 1393 δέ
3187 1341 3284 1411 τὴν
3317 1343 3638 1397 ἀπόλαυσιν.
3687 1345 3747 1396 '0

2075 1423 2253 1475 τοίνυν
2273 1424 2415 1477 οὑτω
2442 1425 2640 1495 χαῦνος
2665 1427 2754 1478 καὶ
2791 1428 3052 1499 ῥᾴθυμος.
3078 1427 3217 1480 ὥστε
3245 1429 3319 1498 μῆ
3349 1431 3620 1501 ὑπεριδεῖν
3643 1434 3750 1484 τῶν

2079 1511 2361 1578 παρόντων
2402 1514 2573 1582 ἡδέων
2607 1515 2747 1584 ὑπὲρ
2778 1515 2886 1566 τῶν
2929 1517 3254 1583 μελλόντων,
3288 1518 3496 1586 ταχέως
3531 1517 3750 1570 ἁλίσκεο

2073 1614 2178 1650 ται.
2202 1598 2347 1670 [299]
2374 1602 2503 1654 Εἰπέ
2525 1621 2636 1670 μοι,
2652 1606 2678 1654 ὀ
2693 1603 2860 1655 Ἠσαῦ
2877 1604 3038 1656 πόθεν
3055 1605 3195 1656 ἑάλω
3216 1621 3228 1667 ;
3247 1605 3406 1656 πόθεν
3439 1607 3532 1674 τὴν
3549 1607 3724 1676 ποιροῦ
3741 1637 3752 1646 -

2078 1700 2176 1737 σαν
2225 1686 2416 1757 ἡδονὴν
2463 1692 2559 1759 τῆς
2602 1691 2901 1762 μελλούσης
2948 1694 3317 1761 προτετίμηκε
3364 1693 3567 1762 τιμῆς;
3619 1695 3752 1746 Ἀπὸ

2075 1776 2404 1844 χαυνότητος
2434 1780 2525 1830 καὶ
2562 1779 2853 1847 μαλακίας.
2886 1781 2929 1832 Τ
2931 1780 3055 1833 οὖτο
3083 1781 3142 1833 δέ
3168 1783 3299 1833 αὑτὸ
3322 1782 3506 1840 πόθεν,
3548 1783 3748 1853 φησίν;

2087 1862 2102 1882 τ
2155 1863 2176 1881 ρ
2297 1864 2322 1875 ι-
2429 1866 2440 1883 ι
2497 1865 2520 1878 -ο
2686 1869 2697 1883 ε
2741 1869 2793 1883 κο
3013 1871 3034 1886 ν
3158 1869 3178 1884 η
3397 1869 3407 1884 ι
3543 1870 3558 1885 ε

2106 1864 2178 1926 Eg
2206 1865 2365 1933 ἡμων
2383 1884 2560 1918 αυτων
2579 1884 2590 1896 ·
2616 1885 2707 1919 και
2737 1868 2896 1938 οηλον
2918 1869 3149 1921 ἐκειθεν.
3185 1871 3326 1921 Οταν
3351 1885 3454 1939 γαρ
3478 1868 3748 1939 θέλωμεν,

2074 1951 2438 2022 διανιστῶμεν
2488 1955 2734 2018 ἑαυτοὺς,
2780 1957 2873 2008 καὶ
2925 1959 3247 2027 καρτερικοὶ
3300 1958 3560 2026 γινόμεθα
3624 1959 3751 2010 Ἐὰν

2077 2041 2208 2108 γοῦν
2229 2043 2441 2114 ἀνάγκη
2475 2045 2606 2096 ποτὲ
2638 2045 2875 2107 ἐπέλθοι,
2915 2045 3175 2109 πολλάκις
3208 2047 3262 2099 δέ
3303 2047 3396 2098 καὶ
3444 2047 3752 2116 φιλονεική-

2081 2146 2273 2193 σαντες
2298 2130 2482 2200 μόνον,
2510 2133 2570 2185 τὸ
2597 2135 2868 2204 χρήσιμον
2897 2134 3229 2204 συνείδομεν.

2153 2230 2319 2281 Ὅταν
2339 2230 2517 2283 τοίνυν
2547 2230 2746 2302 μέλλῃς
2780 2233 3008 2303 τρυφᾷν,
3042 2232 3292 2301 ἐννόησον
3332 2232 3391 2283 τὸ
3418 2231 3752 2302 πρόσκαιρον

2078 2315 2177 2385 τὴς
2205 2316 2417 2386 ἡδονῆς,
2463 2318 2562 2388 τὴν
2598 2317 2800 2388 ζημίαν
2857 2319 3055 2388 (ζημία
3104 2318 3212 2390 γὰρ
3242 2318 3409 2380 ὅντως
3443 2321 3558 2372 ἐστί
3615 2320 3752 2387 μετὰ

2079 2405 2178 2475 τῆς
2205 2407 2412 2470 οἰκείας
2442 2406 2618 2478 λύμης
2647 2408 2885 2461 τοσαῦτα
2924 2409 3178 2480 χρήματα
3201 2409 3490 2477 δαπανᾷν),
3531 2407 3629 2469 τὰς
3675 2409 3755 2460 νό-

2080 2509 2225 2555 σους,
2250 2494 2348 2556 τὰς
2372 2495 2704 2565 ἀρρωστίας,
2732 2496 2823 2548 καὶ
2846 2495 3257 2564 καταφρόνησον
3287 2497 3514 2565 τρυφῆς.
3549 2496 3754 2558 Πόσους

2082 2580 2166 2632 σοὶ
2197 2579 2374 2649 βούλει
2412 2580 2708 2650 ἀριθμήσω
2732 2582 2876 2634 κακά
2917 2582 3187 2642 παθόντας
3233 2583 3339 2634 ἀπὸ
3366 2584 3463 2650 τῆς
3505 2584 3750 2652 τρυφῆς;

2093 2667 2151 2721 Ὀ
2183 2668 2306 2720 Νῶε
2332 2667 2606 2738 ἐμεθύσθη
2631 2670 2726 2721 καὶ
2759 2669 3072 2738 ἐγυμνώθη,
3124 2669 3220 2720 καί¹
3257 2670 3358 2739 δρα
3387 2669 3528 2721 πόσα
3563 2671 3754 2736 γέγονε

2080 2756 2224 2808 κακά
2253 2755 2360 2807 ἀπὸ
2383 2755 2592 2807 τούτου·
2629 2756 2658 2807 δ
2714 2755 2884 2808 Ἦσαῦ
2942 2755 3048 2807 ἀπὸ
3083 2753 3421 2826 λαιμαργίας
3478 2757 3755 2826 προέδωκε

2079 2844 2149 2897 τὰ
2197 2845 2561 2915 πρωτοτόκια,
2597 2845 2692 2897 καὶ
2744 2847 2824 2908 είς
2871 2845 3289 2914 ἀδελφοκτονίαν
3350 2845 3631 2916 ὥρμησεν.
3693 2847 3756 2897 ’0
3809 2867 3818 2882 ι

2079 2933 2229 2998 λαὸς
2254 2935 2286 2985 ό
2321 2933 2428 2985 τοῦ
2472 2932 2709 3001 Ἰσραὴλ
2737 2932 2978 2986 ἐκάθισε
3034 2933 3247 3000 φαγεῖν
3299 2934 3401 2988 καὶ
3427 2934 3602 2992 πιεῖν,
3659 2935 3758 2988 καί

2081 3019 2432 3086 ἀνέστησαν
2455 3019 2700 3080 παίζειν.
2743 3019 2842 3072 Διά
2864 3019 3022 3073 τοῦτό
3067 3037 3220 3090 φησι,
3247 3020 3459 3090 Φαγὼν
3480 3022 3577 3074 καὶ
3606 3021 3761 3074 πιὼν

2078 3105 2382 3173 μνήσθητι
2436 3107 2658 3174 Κυρίου
2713 3107 2819 3160 τοῦ
2854 3107 3001 3162 Θεοῦ
3036 3124 3175 3161 σου.
3221 3109 3316 3171 Εἰς
3372 3111 3479 3177 γὰρ
3518 3111 3761 3179 κρημνδιν

2081 3192 2337 3245 ἐνέπεσον
2361 3196 2410 3246 οί
2432 3197 2513 3258 εἰς
2545 3195 2644 3250 τὴν
2695 3195 2905 3264 τρυφὴν
2939 3196 3292 3264 ἐμπεσόντες.
3335 3196 3401 3249 Ἡ
3449 3196 3626 3263 χήρα,
3659 3214 3763 3264 φη-

2085 3281 2191 3344 σὶν,
2207 3283 2243 3349 ἡ
2264 3280 2653 3345 σπαταλῶσα,
2670 3281 2824 3342 ζῶσα
2846 3282 3152 3349 τέθνηκεν·
3170 3284 3265 3336 καὶ
3281 3282 3464 3347 πάλιν,
3484 3284 3762 3336 Ἐνῑιπὰν-

2084 3373 2177 3436 θη,
2198 3369 2530 3438 ἐπαχύνθη,
2553 3371 2648 3422 καὶ
2671 3370 3120 3424 ἀπελάλησεν-ό
3134 3370 3536 3439 ἠγαπημένος·
3557 3372 3648 3424 καὶ
3663 3374 3767 3422 πέδ-

2083 3458 2166 3511 λιν
2181 3458 2209 3509 6
2225 3456 2564 3520 ’Δπόστολος,
2588 3457 2706 3525 Τῆς
2722 3458 2950 3525 σαρκὸς
2968 3459 3257 3526 πρόνοιαν
3269 3459 3354 3526 μὴ
3379 3459 3648 3514 ποιεῖσθε
3677 3463 3764 3524 εἰς

2083 3545 2419 3612 ἐπιθυμίας.
2457 3545 2531 3597 Οὑ
2563 3545 2842 3612 νομοθετῶ
2873 3545 3125 3612 νηστείαν
3157 3545 3299 3613 (οὑδὲ
3343 3546 3451 3615 γὰρ
3489 3548 3516 3598 ό
3550 3546 3764 3599 ἀκούων

2085 3633 2272 3701 ἐστίν).
2303 3631 2419 3685 ἀλλ’
2451 3631 2659 3701 ἀναιρῶ
2695 3632 2997 3702 σπατάλην,
3042 3632 3295 3685 ἐκκόπτω
3325 3633 3557 3703 τρυφὴν,
3586 3634 3674 3686 διὰ
3705 3634 3764 3688 τὸ

2086 3720 2357 3789 χρήσιμον
2387 3717 2448 3770 τὸ
2477 3718 2761 3789 ὑμέτερον·
2797 3719 3050 3787 καθάπερ
3091 3719 3196 3790 γὰρ
3257 3720 3578 3790 χείμαρρος.
3622 3721 3764 3774 οὑτω

2086 3807 2264 3860 πάντα
2287 3807 2584 3877 ἀνατρέπει
2617 3807 2650 3876 ἡ
2679 3807 2880 3877 τρυφή·
2924 3807 3074 3859 οὐδὲν
3102 3805 3270 3876 αὑτὴν
3299 3808 3359 3858 τὸ
3394 3807 3599 3862 κωλύον
3626 3809 3761 3860 ἐστί’

2091 3895 2368 3965 βασιλείας
2399 3894 2670 3948 ἐκϐάλλει.
2709 3895 2773 3946 Τί
2805 3894 2865 3946 τὸ
2918 3894 3114 3959 πλέον;
3169 3893 3356 3946 Βούλει
3394 3897 3636 3965 τρυφᾷν;
3667 3897 3766 3957 Δὸς

2091 3982 2310 4050 πένησι,
2345 3981 2571 4034 κάλεσον
2591 3981 2681 4033 τὸν
2717 3979 2950 4050 Χριστὸν
2986 3980 3073 4032 ἵνα
3107 3983 3200 4033 καὶ
3254 3981 3391 4050 μετὰ
3415 3981 3472 4032 τὺ
3507 3981 3604 4050 τὴν
3636 3982 3769 4051 κρά-

2092 4070 2262 4133 πεζαν
2297 4069 2526 4140 ἀρθῆναι
2560 4069 2689 4140 ἔχῃς
2740 4070 2973 4139 τρυφᾷν.
3017 4067 3131 4120 Νῦν
3165 4069 3260 4136 μὲν
3297 4069 3404 4140 γὰρ
3445 4069 3545 4121 οὑκ
3597 4069 3760 4136 ἔχεις,

2092 4156 2336 4218 εἰκότως·
2371 4156 2490 4207 οὑδέ
2512 4155 2621 4225 γὰρ
2660 4155 2859 4222 ἐστηκε
2906 4153 2974 4206 τὰ
3003 4153 3256 4206 ἐνταῦθα’
3317 4155 3439 4206 τότε
3488 4154 3544 4206 δέ
3598 4154 3759 4217 ἕξεις.

2092 4241 2279 4294 Βούλει
2299 4242 2611 4312 τρυφῆσαις
2667 4241 2875 4310 Θρέψον
2907 4241 3005 4309 τὴν
3031 4240 3234 4308 ψυχὴν.
3269 4240 3496 4309 μετάδος
3522 4241 3658 4310 αὑτῇ
3683 4258 3766 4292 σι-

2089 4328 2218 4381 τίων
2258 4321 2332 4381 ὦν
2388 4328 2506 4386 ἔθος
2554 4326 2687 4397 ἔχει’
2739 4327 2813 4397 μὴ
2863 4326 3260 4396 λιμοκτονήσῃς
3311 4327 3500 4394 αὑτήν.
3561 4327 3766 4396 Καιρὸς

2094 4415 2352 4486 πολέμου,
2376 4415 2566 4486 καιρὸς
2621 4413 2853 4482 ἀγῶνος·
2889 4414 2952 4466 σὺ
2976 4412 3034 4465 δὲ
3080 4413 3323 4484 κάθησαι
3363 4412 3620 4483 τρυφῶν;
3655 4414 3763 4480 Ούκ

2092 4501 2224 4573 δρᾷς
2261 4502 2509 4564 καὶτοὺς
2540 4502 2607 4555 τά
2664 4501 2918 4574 σκῆπτρα
2973 4501 3490 4572 ἐγκεχειρισμένους
3540 4502 3598 4552 ὲν
3645 4503 3766 4562 ταῖς

2092 4588 2196 4655 ἔξω
2239 4589 2551 4660 στρατείαις
2584 4589 2816 4652 εὐτελῶς
2856 4589 3098 4655 ζῶντας
3155 4590 3274 4641 Οὐκ
3339 4589 3506 4642 ἔστιν
3560 4588 3701 4657 ἡμῖν
3732 4588 3767 4658 ἡ

2093 4679 2258 4746 πάλη
2303 4678 2451 4744 πρὸς
2474 4672 2617 4746 alga
2652 4677 2751 4730 καὶ
2784 4677 3003 4746 σάρκα·
3047 4677 3112 4729 σὺ
3152 4676 3207 4729 δέ
3251 4675 3519 4738 λιπαίνεις
3573 4677 3768 4728 σαυτὸν

2097 4767 2306 4839 μέλλων
2338 4765 2617 4832 παλαίειν;
2653 4767 2894 4835 Ἕστηκε
2915 4765 3117 4836 τρίζων
3150 4764 3276 4828 τοὺς
3301 4764 3519 4826 ὀδόντας
3545 4765 3708 4816 αὑτοῦ
3741 4767 3770 4817 ὁ

2095 4853 2407 4919 ἀντίπαλος,
2445 4856 2508 4908 σὺ
2528 4855 2583 4907 δὲ
2620 4855 3010 4924 διακεχυμένος
3041 4855 3352 4924 τυγχάνεις,
3408 4854 3499 4906 καὶ
3520 4850 3772 4926 τραπέζῃ

2096 4942 2410 5014 προσέχεις.
2441 4938 2575 4996 Οἶδα
2621 4944 2743 5013 εἰκῆ
2768 4943 2944 4996 ταῦτα
3003 4943 3197 5012 λέγων,
3250 4941 3364 4997 ἀλλ’
3395 4943 3492 5012 οὑχ
3541 4942 3768 4996 ἅπασιν.

2107 5033 2169 5086 Ὀ
2196 5034 2354 5100 ἔχων
2376 5029 2495 5087 ὦτα
2514 5033 2759 5086 ἀκούειν
2786 5030 3073 5088 ἀκουέτω.
3117 5033 3176 5086 ’0
3218 5031 3450 5103 Χριστὸς
3479 5032 3583 5084 ὑπὸ
3611 5029 3769 5100 λιμοῦ

2096 5121 2344 5192 τήκεται,
2375 5120 2439 5172 σὺ
2462 5119 2516 5172 δὲ
2551 5119 2656 5172 ὑπὸ
2681 5120 3127 5191 γαστριμαργίας
3159 5120 3396 5190 διασπᾷς
3427 5120 3641 5172 σαυτόν·
3677 5116 3773 5170 δύο

2096 5208 2379 5280 ἀμετρίαι.
2409 5207 2474 5261 Τί
2497 5207 2606 5279 γὰρ
2633 5207 2693 5260 οὑ
2721 5210 2865 5261 ποιεῖ
2893 5207 3060 5261 κακὸν
3089 5209 3122 5278 ἡ
3149 5209 3328 5278 τρυφή
3351 5223 3364 5270 ;
3399 5207 3540 5274 Πρὸς
3571 5205 3770 5267 ἑαυτὴν

2096 5297 2315 5350 ἐναντία
2345 5294 2493 5350 ἐστίν
2519 5301 2560 5326 ’·
2587 5295 2709 5348 ὅθεν
2739 5295 2840 5348 οὑκ
2869 5291 3007 5359 οἶδα,
3044 5294 3161 5357 πῶς
3210 5289 3304 5347 καὶ
3333 5295 3394 5346 τὸ
3421 5293 3591 5361 ὄνομα
3611 5291 3770 5343 τοῦτο

2099 5381 2233 5452 ἔχει’
2263 5381 2377 5436 ἀλλ’
2401 5381 2590 5453 ῶσπερ
2611 5383 2644 5451 ἠ
2679 5381 2805 5446 δόξα
2843 5381 3038 5451 ἀτιμία
3060 5375 3214 5443 οὖσα,
3251 5380 3345 5432 καὶ
3370 5381 3397 5431 6
3423 5377 3652 5437 πλοῦτος
3674 5393 3772 5429 πε-

2098 5471 2186 5524 νία
2217 5467 2313 5533 ὣν,
2349 5469 2508 5522 τοῦτο
2534 5469 2815 5536 κέκληται·
2852 5467 2994 5521 οὑτω
3020 5468 3112 5520 καὶ
3141 5469 3174 5538 ἡ
3206 5466 3384 5538 τρυφὴ
3416 5463 3578 5534 ἀηδία
3611 5458 3766 5521 οὖσα.

2097 5560 2190 5631 Μὴ
2222 5557 2330 5630 γὰρ
2379 5557 2612 5626 τυθῆναι
2643 5555 2861 5626 ἔχομεν,
2905 5556 2986 5608 δτι
3031 5555 3348 5622 λιπαίνομεν
3393 5550 3652 5615 ἐαυτούς;
3705 5548 3773 5604 Τί

2099 5647 2360 5718 παρέχεις
2369 5644 2447 5716 τῷ
2469 5644 2711 5712 σκώληκι
2732 5643 2992 5713 λαμπρὰν
3006 5644 3105 5711 τὴν
3123 5639 3404 5710 τράπεζαν
3424 5661 3438 5704 ;
3455 5639 3507 5691 τί
3523 5638 3733 5692 πλείονα
3745 5658 3772 5704 ς

2099 5737 2274 5797 ποιεῖς
2295 5733 2422 5796 τοὺς
2465 5730 2698 5801 ἰχώρας;
2744 5731 2796 5784 τί
2827 5730 3010 5800 πηγὰς
3059 5727 3319 5798 ἱδρώτων,
3365 5728 3458 5780 καὶ
3507 5727 3772 5790 δυσωδίας

2099 5820 2509 5882 ἐναποτίθεσαι,
2538 5816 2591 5868 τί
2645 5816 2782 5886 πρὸς
2821 5816 2999 5868 πάντα
3035 5815 3259 5868 σεαυτὸν
3298 5813 3571 5885 ἄχρηστον
3601 5831 3772 5867 καταη

2101 5909 2422 5973 σκευάζεις;
2449 5906 2636 5960 Βούλει
2669 5906 2922 5974 γενέσθαι
2958 5905 3176 5976 ἰσχυρὸν
3226 5904 3318 5958 τὸν
3344 5904 3662 5974 δφθαλμόν;
3698 5905 3776 5957 Τὸ

2103 5996 2261 6066 σῶμα
2293 5995 2517 6064 ποίησον
2538 5991 2775 6045 εὑτονον.
2803 5994 2912 6047 Καὶ
2945 5993 3054 6064 γὰρ
3079 5995 3136 6046 ἐν
3187 5995 3306 6056 ταῖς
3339 5991 3557 6063 χορδαῖς
3606 5993 3639 6060 ή
3671 6007 3772 6058 μεν

2183 6088 2213 6118 ³⁵
2239 6083 2371 6144 Hmc,
2395 6083 2512 6144 πρὸς
2545 6081 2922 6144 ἐαυτήνίέναντία
2946 6081 3092 6142 ἐστίν,
3120 6094 3147 6131 e
3175 6081 3335 6132 tribus
3355 6079 3496 6131 codd.
3527 6083 3578 6130 et
3613 6091 3766 6140 marg.

2105 6143 2274 6198 Savilii
2299 6143 2526 6207 suppleta
2544 6150 2676 6192 sunt.
2702 6143 2837 6195 Ευη.
