4112 6496
392 522 500 579 209

390 640 594 708 παχεῖα
615 637 710 691 καὶ
730 635 1146 708 άδιακάθαρτος,
1183 636 1457 707 ἄχρηστος
1480 635 1616 707 πρὸς
1642 635 1742 698 τὰς
1768 634 2054 705 μελῳδίας*

389 727 426 795 ἡ
452 726 509 778 δὲ
536 724 800 779 πάντοθεν
820 723 1160 794 ἐπεξεσμένη
1215 722 1430 787 εὐτονός
1491 725 1606 776 ἐστι
1643 724 1739 777 καὶ
1776 722 2058 794 παναρμό-

389 829 520 875 νιος.
558 812 624 864 Τί
645 809 1049 882 καταχωννύεις
1076 812 1175 881 τὴν
1199 811 1379 881 ψυχήν
1403 827 1417 875 ;
1464 810 1516 864 τί
1542 813 1719 880 τοῖχον
1751 808 2056 880 παχύτερον

388 901 566 962 ποιεῖς
586 915 603 965 ;
630 898 683 951 τί
706 898 875 951 πολὺν
900 898 993 950 τὸν
1014 897 1219 951 καπνὸν
1242 898 1338 951 καὶ
1356 898 1455 967 τὴν
1480 896 1729 965 νεφέλην,
1752 898 1879 950 ὅταν
1900 895 2054 969 [220]

385 986 551 1057 ἀτμοὶ
577 986 831 1057 καθάπερ
864 1002 949 1047 τις
972 984 1139 1055 ἀχλὺς
1185 985 1446 1038 πάντοθεν
1471 979 1604 1038 ῶσιν
1651 984 2052 1053 ἀναδιδόμενοι;

386 1074 452 1126 Εἰ
486 1074 578 1125 καὶ
615 1073 802 1143 μηδεὶς
829 1072 1036 1142 ἕτερος,
1067 1074 1115 1124 οἰ
1151 1071 1379 1140 ἀθληταί
1407 1089 1465 1124 σε
1520 1070 1948 1136 παιδευέτωσαν,
1973 1072 2056 1125 ὅτι

382 1160 447 1213 τὺ
482 1160 786 1231 ἰσχνότερον
818 1159 978 1230 σῶμα
1011 1160 1380 1231 ἰσχυρότερον.
1415 1160 1626 1212 Οὐκοῦν
1656 1159 1749 1212 καὶ
1778 1161 1810 1230 ἡ
1843 1159 2056 1227 φιλοσο-

383 1247 560 1312 φοῡσα
582 1247 727 1318 ψυχὴ
759 1247 1115 1317 εὐτονωτέρα·
1167 1247 1366 1317 ἡνιόχῳ
1393 1246 1504 1317 γὰρ
1556 1247 1650 1306 καὶ
1680 1246 1832 1316 ἵππῳ
1885 1245 2048 1299 ἔοικε.

382 1333 493 1386 Καὶ
524 1332 731 1398 ἔξεστιν
755 1335 907 1404 δρᾷν,
939 1333 1190 1405 καθάπερ
1213 1334 1305 1386 ἐπὶ
1325 1332 1434 1386 τῶν
1461 1335 1639 1404 τρυφῇ
1672 1332 2050 1403 προσεχόντων

380 1417 686 1488 ἀνθρώπων
714 1421 808 1472 καὶ
830 1418 1261 1490 εὐσαρκούντων,
1283 1417 1427 1471 οὕτω
1451 1419 1546 1470 καὶ
1572 1418 1697 1478 τοὺς
1718 1416 2050 1487 εὐσαρκοῦν-

378 1521 480 1568 τας
499 1505 609 1558 τῶν
636 1505 818 1559 ἵππων
851 1505 1204 1577 δυσκινήτους
1247 1504 1425 1570 δντας,
1455 1506 1549 1558 καὶ
1603 1503 1773 1557 πολλὰ
1804 1503 1881 1574 τῷ
1900 1503 2048 1573 ἡνιό-

379 1609 461 1662 χῳ
491 1603 519 1634 ι
543 1592 848 1664 πράγματα
873 1591 1233 1664 παρέχοντας.
1302 1591 1608 1661 Ἀγαπητὸν
1639 1592 1852 1662 εὐήνιον
1882 1589 2048 1644 ίππον

377 1677 572 1748 ἔχοντα
596 1680 689 1733 καί
711 1679 940 1750 εὐσκελῆ
970 1678 1262 1750 δυνηθῆναι
1290 1679 1352 1733 τὸ
1374 1678 1627 1749 βραϐεῖον
1648 1676 1852 1732 λαϐεῖν.
1878 1676 2045 1730 Ὅταν

443 1771 463 1796 ⁸
506 1772 681 1823 Morel.
715 1775 846 1824 male
880 1774 977 1823 τῶν
1014 1774 1237 1837 ἡνιόχων.

1189 521 1247 577 s.
1288 518 1571 575 JOANNIS
1606 516 2094 575 CHRYSOSTOMI
2132 516 2453 575 ARCIIIEP.
2494 496 3042 577 CONSTANTINOP.

3726 533 3841 591 210

2156 634 2214 689 δὲ
2236 634 2613 705 ἀναγκάζηται
2640 635 2670 687 ὁ
2698 635 2910 707 ἡνίοχος
2952 634 3132 688 ἕλκειν
3159 635 3343 703 αὐτὸν,
3377 640 3471 694 xal
3497 651 3826 704 καταπεσόν-

2155 738 2225 775 τα
2246 721 2505 793 μυριάκις
2548 721 2755 775 νύττων
2785 723 2858 793 μὴ
2909 723 3207 793 διανιστᾷν,
3247 724 3350 778 κᾶν
3404 729 3612 802 σφόδρα
3666 736 3823 800 αὐτὸς

2154 807 2418 879 ἔμπειρος
2444 803 2501 881 ᾗ,
2524 808 2624 879 τῆς
2647 807 2805 879 νίκης
2826 810 3027 861 ἀποστε
3038 808 3355 880 ρηθήσεται.
3379 813 3474 884 Μὴ
3492 814 3557 887 δὴ
3583 821 3830 890 περιῖὼν

2160 912 2259 965 μεν
2286 894 2443 965 ἡμῶν
2470 894 2570 965 τὴν
2595 894 2774 965 ψυχὴν
2801 895 3252 967 ἐπηρεαζομένην
3278 896 3371 951 διὰ
3404 901 3465 953 τὸ
3489 901 3670 973 σῶμα,
3695 906 3833 961 ἀλλά

2156 983 2253 1035 καὶ
2308 981 2522 1053 ἐκείνην
2583 981 3035 1053 διορατικωτέραν
3075 982 3472 1056 ἐργασώμεθαο
3517 990 3579 1043 τὸ
3632 993 3835 1064 πτερὸν

2162 1070 2298 1140 αὐτῇ
2334 1068 2534 1137 κοῦφον
2566 1069 2901 1139 ποιήσωμεν,
2933 1070 3241 1142 χαυνότερσ.
3285 1072 3355 1126 τά
3399 1074 3597 1146 δεσμά·
3650 1079 3833 1147 λόγοις

2159 1157 2330 1228 αὐτὴν
2364 1158 2676 1227 τρέφωμεν,
2720 1156 3040 1228 αὐταρκείᾳ,
3072 1158 3194 1211 ὅσον
3246 1160 3512 1228 ὑγιαίνειν
3551 1165 3713 1233 μόνον
3766 1165 3834 1219 τὸ

2159 1245 2336 1315 σῶμα,
2366 1246 2488 1298 ὅσον
2518 1244 2793 1316 εὔρωστον
2821 1241 2984 1308 εἶναι,
3017 1247 3141 1299 ὅσον
3160 1247 3371 1318 χαίρειν
3393 1250 3485 1302 καὶ
3508 1250 3584 1322 μη
3615 1253 3829 1321 ἀλγείν’

2156 1330 2244 1384 ἵνα
2264 1329 2407 1384 οὔτω
2430 1330 2500 1384 τά
2530 1331 2655 1383 καθ’
2708 1331 2934 1393 ἑαυτοὺς
2967 1327 3027 1385 εὖ
3053 1332 3328 1398 διαθέντες
3372 1335 3692 1407 δυνηθῶμεν
3718 1339 3829 1408 τῆς

2152 1416 2330 1487 ἄκρας
2380 1416 2585 1486 ἀρετῆς
2618 1417 2991 1481 ἐπιλαϐέσθαι,
3024 1420 3119 1472 καὶ
3164 1420 3272 1473 τῶν
3318 1422 3548 1476 αἰωνίων
3593 1424 3827 1492 ἀγαθῶν

2154 1505 2452 1575 ἐπιτυχεῖν,
2501 1506 2685 1575 χάριτι
2709 1505 2805 1557 καὶ
2844 1504 3227 1579 φιλανθρωπίᾳ
3276 1507 3369 1561 τοῦ
3413 1510 3614 1580 Κυρίου
3657 1511 3821 1580 ήμῶν

2163 1589 2336 1661 Ἰησοῦ
2374 1591 2636 1661 Χριστοῦ,
2674 1590 2794 1662 μεθ’
2816 1588 2876 1647 οὗ
2897 1592 2975 1663 τῷ
3016 1593 3192 1663 Πατρὶ
3225 1593 3344 1666 ἃμα
3368 1594 3445 1666 τῷ
3476 1596 3611 1666 ἁγίῳ
3644 1597 3819 1649 Πνεύο

2150 1694 2281 1746 ματι
2305 1676 2453 1744 δόξα,
2485 1677 2709 1748 κράτος,
2725 1680 2883 1751 τιμὴ,
2906 1679 3002 1734 νῦν
3028 1682 3122 1735 καὶ
3136 1681 3242 1747 ἀεὶ,
3264 1684 3360 1737 καὶ
3380 1685 3460 1745 είς
3480 1682 3604 1745 τοὺς
3619 1683 3817 1747 αἰῶνας

2144 1763 2254 1818 τῶν
2284 1763 2520 1820 αἰώνων.
2562 1764 2755 1838 Ἀμήν.

1859 1949 2107 2005 OMIAIA
2139 1948 2276 2004 κη’.

370 2042 550 2124 οὗτοί
580 2040 838 2124 οὖν
879 2041 1321 2124 ἐκπεμφθέντες
1357 2042 1490 2124 imp
1518 2042 1652 2124 ,τοῦ
1700 2044 2045 2124 Πνεύματος

441 2116 550 2170 τοῦ
586 2114 781 2184 ἀγίου
840 2114 1147 2182 κατῆλθον
1196 2118 1284 2179 εἰς
1349 2114 1728 2174 Σελεύκειαν,
1767 2114 2045 2169 κάκεῖθεν

438 2186 840 2240 ἀπέπλευσαν
889 2189 979 2251 είς
1019 2184 1135 2253 τὴν
1179 2186 1440 2252 Κύπρον.
1479 2184 1588 2236 Kal
1620 2184 1927 2252 γενόμενοι
1973 2184 2044 2236 ἐν

442 2256 756 2325 Σαλαμῖνι,
806 2256 1210 2325 κατήγγειλαν
1265 2254 1373 2325 τόν
1400 2255 1585 2322 λόγον
1617 2253 1742 2325 *τοῦ
1786 2252 1934 2325 Θεοῦ

437 2327 568 2391 ταῖς
599 2319 979 2394 συναγωγαῖς
1005 2319 1016 2324 ⁷
1037 2323 1156 2378 τῶν
1193 2319 1515 2378 Ἰουδαίων.
1568 2319 1755 2391 Εἶχον
1808 2322 1878 2376 δὲ
1941 2322 2041 2375 καὶ

450 2395 739 2464 Ἰωάννην
760 2394 1089 2464 ὑπηρέτην.

439 2501 508 2556 α’.
531 2501 600 2555 ’Ἃ
608 2518 682 2573 μα
698 2499 1160 2572 χειροτονηθέντες
1180 2499 1423 2568 ἐξῆλθον,
1447 2499 1541 2552 καὶ
1562 2501 1640 2562 είς
1660 2498 1885 2567 Κύπρον
1904 2498 2038 2552 ἀπέ-

364 2591 630 2656 πλευσαν,
666 2588 762 2642 ἆτε
800 2589 900 2642 οὐκ
928 2587 1094 2658 οὔσης
1120 2587 1415 2656 ἐπιϐουλῆς
1456 2588 1593 2652 ἐκεῖ,
1615 2585 1710 2641 καὶ
1736 2586 1829 2639 τοῦ
1877 2587 2035 2654 λόγου

369 2675 819 2745 κατασπαρέντος
850 2674 972 2745 ήδη.
1028 2675 1116 2727 Ἑν
1164 2675 1465 2745 ’Δντιοχεία
1495 2675 1592 2745 μὲν
1619 2675 1728 2745 γάρ
1748 2671 1889 2746 ἦσαν
1917 2676 2038 2728 ἰκα-

360 2759 461 2813 νοί·
492 2759 585 2812 καὶ
614 2760 647 2829 η
671 2757 892 2827 ⁴ιιοινίκη
913 2756 970 2809 δὲ
992 2756 1217 2828 πλησίον
1250 2759 1351 2828 τῆς
1396 2758 1760 2828 Παλαιστίνης
1785 2754 1874 2830 ἦν,
1922 2757 2036 2812 Κύ-

359 2863 498 2918 προς
527 2847 585 2900 δέ
606 2846 746 2918 οὐχί.
773 2846 974 2900 Λοιπὸν
1025 2845 1099 2916 μὴ
1132 2845 1305 2916 ζήτει,
1335 2845 1428 2899 διά
1446 2846 1534 2911 τίς
1587 2847 1715 2900 ὅταν
1752 2846 2033 2917 Πνεύματι

359 2933 637 2987 κινῶνται*
672 2934 736 2987 οὐ
770 2933 878 3004 γὰρ
911 2934 975 3003 δὴ
1007 2932 1496 3004 ἐχειροτονήθησαν
1532 2933 1810 3005 Πνεύματι
1848 2935 2028 3004 μόνον,

356 3019 499 3076 ἀλλά
536 3022 629 3074 καὶ
657 3020 1104 3090 ἐξεπέμφθησαν.
1161 3019 1267 3073 Kal
1308 3021 1615 3089 γενόμενοι
1644 3022 1716 3075 ἐν
1740 3022 2032 3091 Σαλαμῖνι

359 3107 778 3178 κατήγγελλον
807 3107 919 3161 τὸν
947 3108 1135 3176 λόγον
1165 3108 1271 3161 τοῦ
1309 3108 1457 3161 Θεοῦ
1483 3109 1555 3161 ἐν
1606 3108 1734 3174 ταῖς
1757 3125 2029 3179 συναγω-

359 3195 493 3267 γαῖς
521 3195 641 3249 τῶν
677 3194 1001 3250 Ἰουδαίων.
1047 3195 1209 3265 Ὁρᾷς
1264 3195 1443 3248 πᾶσαν
1488 3195 1723 3266 σπουδὴν
1775 3197 2031 3268 ποιουμέο

356 3300 483 3347 νους
515 3283 711 3345 αὐτοὺς
742 3268 971 3345 ἐκείνοις
995 3281 1387 3350 καταγγέλλειν
1409 3283 1502 3336 τὸν
1561 3282 1719 3352 λόγον
1768 3284 2025 3356 πρώτοις,

356 3371 450 3424 ἵνα
483 3371 560 3442 μὴ
592 3371 1060 3441 φιλονεικοτέρους
1118 3371 1498 3442 ἐργάσωνταις
1561 3373 1671 3425 Καὶ
1702 3372 1899 3426 ἐκεῖνοι
1930 3372 2030 3426 οὐκ

355 3458 581 3512 ἐλάλουν
602 3470 625 3499 ⁸
653 3461 703 3511 εἰ
741 3458 817 3529 μὴ
856 3457 1129 3520 Ἰουδαίοις
1162 3458 1362 3529 μόνοις,
1399 3460 1493 3512 xal
1509 3453 1751 3524 οὗτοιεὶς
1782 3459 1880 3524 τὰς
1904 3477 2027 3515 συν-

352 3546 578 3615 αγωγάς
634 3544 901 3616 ἀπῄεσαν.
935 3547 1281 3613 Διελθόντες
1343 3546 1412 3599 δὲ
1447 3547 1564 3615 τὴν
1613 3546 1817 3616 νῆσον
1871 3547 2027 3615 ὅλην

350 3633 491 3701 ἄχρι
517 3631 749 3700 Πάφου,
784 3628 966 3700 εὗρον
987 3631 1176 3700 ἄνδρα
1208 3633 1340 3688 τινὰ
1362 3634 1560 3704 μάγον
1607 3634 2026 3705 ψευδοπροφήο

349 3736 465 3786 την
502 3720 802 3784 Ἰουδαῖον,
838 3714 887 3787 ᾧ
913 3721 1098 3789 ὄνομα
1154 3721 1275 3789 Βὰρ
1313 3722 1573 3790 Ἰησοῦς,
1605 3722 1673 3789 ὃς
1697 3719 1778 3793 ἦν
1801 3724 1922 3777 σὺν
1944 3720 2024 3789 τῷ

348 3806 672 3875 ἀνθυπάτῳ
707 3808 932 3877 Σεργίῳ
978 3810 1214 3876 Παύλῳ,
1249 3810 1420 3879 ἀνδρί
1448 3811 1703 3877 συνετῷ·
1742 3811 1809 3878 ὃς
1833 3826 2023 3881 προσ-

348 3895 762 3964 καλεσάμενος
829 3896 1142 3965 Βαρνάϐαν
1196 3897 1295 3950 καὶ
1344 3897 1603 3961 Σαῦλον,
1655 3898 2024 3967 ἐπεζῆτησεν

347 3982 607 4036 ἀκοῦσαι
639 3984 746 4037 τὸν
777 3985 966 4052 λόγον
989 3985 1096 4038 τοῦ
1132 3985 1300 4040 Θεοῦ.
1349 3986 1696 4040 Ἀνθίστατο
1722 3985 1790 4039 δέ
1817 3987 2024 4053 αὐτοῖς

364 4072 620 4141 Ἐλύμας
654 4075 688 4127 ό
719 4072 913 4144 μάγος
944 4074 1119 4144 (οὕτω
1146 4075 1255 4145 γὰρ
1276 4077 1775 4145 μεθερμηνεύεται
1800 4076 1868 4130 τὸ
1899 4078 2022 4131 ὅνο-

342 4175 428 4227 μα
464 4158 696 4225 αὑτοῦ),
730 4157 917 4229 ζητῶν
953 4160 1313 4230 διαστρέψαι
1362 4163 1469 4217 τὸν
1496 4165 1848 4219 ἀνθύπατον
1901 4164 2021 4220 ἀπὸ

345 4245 460 4315 τῆς
487 4249 766 4314 πίστεως.
799 4248 971 4302 Πάλιν
1006 4250 1179 4320 μάγος
1230 4250 1501 4314 Ἰουδαῖος,
1530 4250 1785 4323 καθάπερ
1815 4254 2017 4323 Σίμων.

344 4336 457 4388 Καὶ
490 4336 592 4405 ὅρα
621 4336 832 4403 τοῦτον,
889 4337 980 4390 ὅτε
1012 4338 1111 4408 μὲν
1158 4340 1270 4401 τοῖς
1301 4338 1479 4401 ἄλλοις
1515 4339 1666 4411 [⁸221]
1699 4341 2016 4411 ἐκήρυττον,

342 4423 405 4475 οὐ
434 4422 639 4493 σφόδρα
670 4423 1102 4491 ἀγανακτοῦνταο
1122 4425 1309 4497 ἐπειδὴ
1339 4426 1396 4479 δὲ
1422 4425 1498 4496 τῷ
1525 4427 1819 4499 ἀνθυπάτῳ
1846 4446 2017 4501 προσ-

342 4509 535 4580 ῄεσαν,
581 4510 724 4563 τότε.
768 4512 842 4564 Τὸ
869 4512 926 4565 δὲ
947 4511 1262 4583 θαυμαστὸν
1307 4514 1402 4567 τοῦ
1450 4514 1782 4578 ἀνθυπάτου,
1812 4518 1894 4571 ὅτι
1923 4518 2017 4571 καὶ

342 4596 890 4667 προκατειλημμένος
920 4600 985 4669 τῇ
1019 4599 1221 4671 μαγείᾳ
1281 4600 1515 4665 ἐκείνου,
1544 4602 1734 4673 ἤθελεν
1783 4602 2013 4657 ἀκοῦσαι

341 4683 452 4736 τῶν
477 4685 813 4740 ἀποστόλων.
845 4685 1001 4739 Οὕτω
1038 4688 1132 4740 καὶ
1155 4690 1205 4741 οί
1237 4688 1569 4759 Σαμαρεῖται
1599 4690 1884 4762 ἐποίησαν,
1921 4693 2016 4746 καὶ

342 4774 451 4827 ἀπὸ
474 4775 813 4846 συγκρίσεως
836 4778 869 4847 ἠ
899 4777 1024 4849 νίκη
1057 4777 1323 4846 φαίνεται,
1347 4780 1445 4850 τῆς
1472 4781 1706 4851 μαγείας
1729 4782 2016 4853 ἁλισκομέ-

341 4878 458 4932 νης.
484 4862 769 4935 Πανταχοῦ
805 4867 839 4935 ἡ
872 4865 1147 4931 κενοδοξία
1172 4869 1267 4920 καὶ
1292 4870 1325 4939 ἡ
1370 4868 1630 4939 φιλαρχία
1656 4875 1672 4891 ‘
1700 4871 1872 4923 αἴτιαι
1896 4871 2012 4925 ’τῶν

339 4947 547 5002 κακῶν.
576 4949 811 5018 Σαῦλος
837 4951 906 5005 δὲ
933 4955 969 5006 ό
1024 4954 1123 5007 καὶ
1175 4954 1433 5019 Παῦλος,
1481 4971 1524 5006 π
1546 4954 1773 5022 Ιησθεὶς
1824 4958 2014 5013 Πνεύ-

331 5053 525 5105 ματος
561 5037 755 5107 ἀγίου,
781 5038 1067 5107 ἀτενίσας
1098 5043 1186 5106 εἰς
1234 5042 1422 5096 αὐτὸν
1449 5038 1639 5095 εἷπεν·
1678 5044 1747 5095 Ὢ
1772 5044 2011 5114 πλήρης

336 5123 562 5190 παντὸς
590 5124 775 5180 δόλου
798 5126 897 5180 καί
918 5126 1122 5197 πάσης
1141 5128 1549 5198 ῥᾳδιουργίας,
1576 5128 1667 5183 υίὲ
1700 5129 2006 5199 διαϐόλου,

333 5211 512 5281 ἐχθρὲ
528 5212 733 5279 πάσης
756 5215 1174 5283 δικαιοσύνης,
1196 5219 1266 5271 οὐ
1284 5219 1492 5285 παύσῃ
1509 5216 1884 5288 διαστρέφων
1902 5222 2011 5288 τὰς

334 5300 518 5366 ὀδοὺς
542 5303 767 5369 Κυρίου
821 5301 930 5369 τὰς
959 5305 1233 5369 εύθείας;
1262 5304 1371 5358 Καὶ
1416 5305 1535 5358 νῦν
1561 5304 1689 5359 ἰδοὺ
1736 5306 1862 5376 χείρ
1894 5311 2011 5363 Κυ-

323 5388 465 5455 ρίου
494 5388 592 5442 έπί
621 5388 714 5453 σὲ,
745 5390 843 5443 καί
866 5391 982 5457 έση
1012 5392 1262 5459 τυφλὸς,
1308 5392 1395 5460 μὴ
1416 5391 1669 5456 βλέπων
1692 5393 1803 5447 τὸν
1827 5393 2009 5461 ἥλιον

326 5474 472 5543 ἄχρι
506 5476 737 5543 καιροῦ.
789 5476 1056 5530 Ἐνταῦθα
1085 5478 1145 5530 τὺ
1169 5477 1339 5548 ὄνομα
1364 5477 1528 5531 αὐτοῦ
1553 5479 1839 5548 ἀμείϐεται
1868 5482 2007 5552 μετά

331 5564 430 5627 τῆς
460 5563 813 5632 χειροτονίας,
847 5565 985 5635 ὅπερ
1017 5566 1113 5619 καὶ
1158 5567 1251 5618 ἐπὶ
1293 5565 1388 5618 τοῦ
1427 5567 1640 5636 Πέτρου
1686 5569 1999 5640 γεγένηται.

331 5647 442 5700 Καὶ
482 5649 606 5717 ὅρα,
662 5652 760 5721 οὐχ
793 5651 949 5722 ὕϐρις
979 5652 1041 5706 τὸ
1067 5654 1303 5724 πρᾶγμά
1333 5656 1500 5717 ἐστιν,
1533 5655 1670 5708 ἀλλά
1721 5658 2006 5731 κατάπλη-

328 5731 435 5797 ξις.
464 5733 602 5797 Τοὺς
631 5735 741 5806 γάρ
771 5738 997 5808 ἰταμοὺς
1028 5742 1124 5793 καὶ
1145 5739 1536 5812 ἀναισχύντους
1567 5741 1708 5795 οὕτω
1735 5743 1816 5796 δεῖ
1841 5762 2004 5799 κατα-

329 5818 685 5889 πλήττεσθαι.
755 5824 824 5876 Ὢ
857 5825 1100 5895 πλήρης
1148 5828 1378 5894 παντὸς
1428 5828 1638 5893 δόλου,
1693 5831 1849 5902 φησί,
1902 5831 2004 5885 καί

326 5904 534 5971 πάσης
552 5906 958 5976 ⁴ῥᾳδιουργίας,
999 5913 1092 5966 υἱέ
1117 5914 1423 5979 διαϐόλου,
1463 5915 1640 5984 ἐχθρὲ
1667 5918 1872 5986 πάσης
1918 5918 2005 5973 δι-

329 5993 683 6059 καιοσύνης.
736 5995 1000 6050 Ἐνταῦθα
1027 6000 1191 6052 αὐτοῦ
1224 6002 1596 6056 ἀποκαλύπτει
1623 6002 1689 6057 τὰ
1717 6006 1774 6057 ἐν
1800 6008 1864 6076 τῇ
1890 6006 2004 6061 δια·-

376 6076 393 6099 ⁸
413 6079 514 6154 ᾹΙῙῙ
541 6078 859 6154 ἐκείνους-οὐκ
881 6082 1091 6154 ἐλάλουν.
1118 6085 1245 6154 Infra
1265 6089 1397 6141 ΙΞὸἤὶ
1421 6089 1663 6154 ἐζήτησεν,
1686 6102 1802 6143 mss.
1830 6105 2005 6146 omnes

326 6138 629 6198 ἕπεζήτησεν.
702 6140 718 6159 ⁸
758 6141 910 6203 Unus,
931 6146 1230 6209 φιλαργυρία.

2145 2041 2285 2114 vola,
2317 2042 2670 2114 προσχήματι
2699 2043 2975 2115 σωτηρίας
3026 2044 3313 2101 ἀπολλύντι
3348 2047 3442 2101 τὸν
3480 2049 3815 2109 ἀνθύπατον.

2145 2134 2230 2186 ού
2273 2132 2502 2200 παύση,
2558 2132 2712 2203 φησί,
2755 2132 3130 2203 διαστρέφων
3165 2135 3275 2202 τὰς
3316 2135 3500 2203 ὀδοὺς
3552 2136 3816 2209 Kvplov;

2140 2218 2252 2271 Καὶ
2280 2218 2629 2285 ἀξιοπίστως,
2659 2221 2772 2290 Οὐχ
2793 2222 2924 2291 ἡμῖν
2949 2222 3230 2292 πολεμεῖς,
3262 2225 3451 2293 φησὶν.
3485 2226 3606 2280 οὐδὲ
3637 2229 3814 2300 μάχῃ,

2138 2304 2276 2358 ἀλλὰ
2297 2306 2397 2369 τὰς
2439 2305 2594 2371 ὁδοὺς
2640 2307 2844 2377 Κυρίου
2885 2308 3233 2378 διαστρέφεις
3281 2311 3383 2373 τὰς
3435 2312 3669 2377 εὐθείας,
3722 2316 3822 2369 καὶ

2141 2391 2260 2461 μετ’
2318 2393 2618 2464 ἐγκωμίου.
2671 2394 2783 2447 Καὶ
2823 2395 2940 2449 νῦν
2975 2396 3103 2450 ἰδοὺ
3138 2398 3269 2465 χείρ
3319 2400 3542 2467 Κυρίου
3585 2401 3682 2454 ἐπὶ
3713 2403 3819 2464 σὲ,

2138 2478 2236 2532 καί
2268 2478 2385 2547 ἔσῃ
2419 2481 2668 2548 τυφλόσ
2702 2473 2772 2552 ᾯ
2814 2481 2974 2546 αὐτὸς
3026 2484 3310 2555 προσήχθη
3370 2485 3595 2557 σημείῳ,
3634 2489 3817 2560 τούτῳ

2138 2563 2234 2615 καὶ
2257 2562 2445 2616 τοῦτον
2464 2562 2738 2636 ἠϐουλήθη
2784 2569 3176 2635 προσαγαγεῖν.
3216 2568 3324 2621 Καὶ
3342 2568 3422 2633 τὸ,
3457 2570 3622 2638 Ἀχρι
3677 2589 3815 2626 και·

2130 2647 2244 2716 ροῦ
2273 2649 2348 2715 δὲ,
2378 2649 2439 2702 οὐ
2469 2649 2791 2716 κολάζοντος
2819 2648 2887 2723 ἦν
2917 2652 2977 2711 τὸ
3010 2656 3181 2725 ῥῆμα,
3223 2653 3339 2707 ἀλλ’
3366 2656 3816 2728 ἐπιστρέφοντος.

2135 2737 2199 2789 El
2228 2736 2336 2808 γάρ
2368 2738 2689 2802 κολάζοντος
2712 2735 2801 2811 ἧν,
2835 2741 3127 2805 διαπαντὸς
3151 2741 3218 2795 ἂν
3268 2743 3433 2796 αὐτὸν
3459 2745 3681 2815 ἐποίησε
3717 2764 3823 2800 τυ-

2134 2823 2288 2890 φλόν·
2319 2823 2413 2876 νῦν
2434 2825 2492 2878 δέ
2522 2827 2584 2879 οὐ
2619 2825 2798 2892 τοῦτο,
2830 2828 2964 2881 ἀλλὰ
2988 2829 3125 2901 πρὸς
3175 2831 3388 2901 καιρὸν,
3420 2832 3508 2885 ἵνα
3529 2832 3621 2885 τὸν
3647 2834 3820 2888 ἀνθύ-

2133 2926 2302 2963 πατον
2325 2911 2582 2985 κερδάνῃ.
2619 2906 2988 2984 Παραχρῆμὰ
3036 2916 3104 2969 δὲ
3152 2916 3453 2971 ἐπέπεσεν
3494 2919 3588 2972 ἐπ’
3624 2923 3821 2976 αὐτὸν

2129 2997 2327 3066 ἀχλὺς
2353 2999 2454 3052 καὶ
2501 3001 2746 3066 σκότος,
2797 3003 2895 3055 καὶ
2944 3003 3243 3074 περιάγων
3289 3003 3480 3071 ἐϋξτει
3526 3023 3817 3077 χειραγω-

2130 3085 2293 3153 γούς.
2331 3086 2467 3139 Τότε
2490 3086 2632 3139 ἰδὼν
2659 3091 2693 3140 ό
2723 3088 3070 3156 ἀνθύπατος
3092 3091 3157 3144 τὸ
3210 3092 3481 3162 γεγονὸς,
3527 3094 3812 3149 ἐπίστευ-

2128 3187 2260 3236 σεν,
2309 3171 2796 3241 ἐκπληττόμενος
2852 3176 2953 3229 ἐπὶ
3007 3177 3085 3246 τῇ
3135 3177 3354 3249 διδαχῇ
3407 3180 3512 3236 τοῦ
3559 3183 3809 3249 Κυρίου.

2129 3257 2369 3321 Εἰκότως
2396 3258 2447 3298 ιι·
2477 3261 2569 3314 τὸν
2591 3264 2700 3332 γάρ
2729 3264 3276 3336 προκατειλημμένον
3297 3271 3366 3339 τῇ
3401 3268 3607 3341 μαγεία
3628 3271 3811 3344 ταύτῃ

2127 3346 2195 3415 τῇ
2224 3345 2466 3417 τιμωρία
2494 3348 2781 3403 παιδεῦσαι
2824 3352 3010 3422 ἐχρῆν,
3046 3353 3204 3406 Οὕτω
3244 3355 3339 3407 καὶ
3367 3357 3418 3408 οἰ
3446 3357 3504 3409 ἐν
3544 3358 3811 3430 Αἰγύπτῳ

2131 3431 2295 3500 μάγοι
2316 3431 2423 3485 ὐπὸ
2450 3433 2557 3486 τῶν
2585 3435 2889 3503 φλυκτίδων
2914 3439 2976 3491 τὸ
3009 3440 3138 3508 πρὶν
3170 3441 3534 3496 ἐπαιδεύοντο.
3572 3445 3709 3514 Ὅρα
3739 3447 3804 3500 δὲ

2126 3520 2325 3583 αὐτοὺς
2356 3521 2458 3574 οὐκ
2489 3523 2906 3594 ἐγχρονίζοντας
2963 3528 3174 3593 αὐτόθι,
3204 3528 3299 3582 ἆτε
3333 3531 3426 3584 τοῦ
3490 3532 3803 3588 ἀνθυπάτου

2124 3606 2314 3662 λοιπὸν
2345 3609 2758 3677 πιστεύσαντος,
2793 3614 2916 3667 οὐδὲ
2947 3614 3385 3685 μαλακισθέντας
3425 3621 3492 3689 τῇ
3539 3621 3809 3694 κολακείᾳ

2123 3696 2218 3748 καὶ
2242 3699 2308 3768 τῇ
2340 3701 2496 3769 τιμῇ,
2520 3698 2633 3752 ἀλλ’
2666 3699 2870 3765 εὐθέως
2895 3701 2988 3754 τοῦ
3010 3700 3175 3771 ἔργου
3223 3704 3541 3775 ἐχομένους,
3572 3708 3667 3760 καὶ
3718 3710 3807 3773 εἰς

2122 3784 2221 3851 τὴν
2249 3785 2549 3857 ἀντιπέραν
2577 3785 2762 3858 χώραν
2788 3788 3096 3858 ὁρμῶντας.
3145 3789 3525 3860 Ἁναχθέντες
3583 3793 3652 3848 δέ
3678 3795 3805 3850 ἀπὸ

2121 3869 2233 3938 τῆς
2256 3874 2501 3942 Κύπρου
2522 3877 2576 3928 οί
2610 3875 2745 3943 περὶ
2771 3876 3041 3941 Παῦλον,
3081 3875 3272 3949 ἦλθον
3320 3882 3408 3947 εἰς
3434 3881 3667 3951 Πέργην
3688 3883 3807 3951 τῆς

2122 3956 2503 4023 Παμφυλίας.
2577 3957 2862 4026 Ἰωάννης
2904 3960 2974 4012 δὲ
3031 3962 3436 4032 ἀποχωρήσας
3469 3966 3570 4019 ἀπ’
3599 3966 3808 4021 αὐτῶν

2122 4044 2505 4115 ὑπέστρεψεν
2540 4049 2629 4114 εἰς
2670 4050 3080 4123 Ἰεροσόλυμα.
3130 4053 3309 4107 Αύτοί
3338 4053 3407 4106 δέ
3459 4054 3807 4123 διελθόντες

2121 4132 2238 4186 ἀπὸ
2273 4131 2380 4198 τῆς
2414 4132 2643 4203 Πέργης
2689 4137 3089 4206 παρεγένοντο
3126 4143 3214 4207 εἰς
3283 4142 3640 4212 Ἀντιόχειαν
3684 4140 3806 4211 τῆς

2121 4221 2396 4287 Πισιδίας
2451 4221 2553 4276 καί
2612 4226 2991 4292 εἰσελθόντες
3018 4229 3108 4294 εὶς
3153 4229 3271 4298 τὴν
3311 4230 3677 4301 συναγωγὴν
3720 4230 3801 4300 τῇ

2120 4306 2312 4376 ἡμέρᾳ
2339 4307 2456 4386 τῶν
2482 4309 2798 4365 σαϐϐάτων
2833 4312 3145 4369 ἐκάθισαν.
3188 4316 3360 4371 Πάλιν
3406 4319 3490 4381 εἰς
3523 4319 3622 4383 τάς
3671 4335 3803 4373 συν-

2119 4400 2344 4467 αγωγάς
2377 4401 2434 4454 ἐν
2463 4401 2703 4472 σχήματι
2750 4402 3019 4457 Ἰουδαίων
3052 4407 3328 4478 εἰσῄεσαν,
3362 4406 3507 4462 ὥστε
3536 4409 3610 4480 μὴ
3634 4409 3803 4462 ¹πολε--

2123 4485 2341 4555 μεῖσθαι
2369 4487 2505 4557 μηδὲ
2537 4487 2878 4555 ἐλαύνεσθαι,
2903 4491 2999 4544 καὶ
3025 4490 3169 4545 οὕτω
3196 4492 3258 4546 τὸ
3294 4494 3403 4546 πᾶν
3452 4494 3797 4564 κατώρθουν.

2117 4575 2279 4627 Μετὰ
2300 4573 2367 4625 δὲ
2403 4572 2520 4643 τὴν
2557 4575 2903 4645 ἀνάγνωσιν
2927 4577 3036 4632 τοῦ
3065 4581 3255 4649 νόμου
3284 4581 3384 4635 καί
3412 4580 3536 4636 τῶν
3566 4598 3799 4651 προφη-

2116 4658 2255 4722 τῶν,
2284 4660 2652 4716 ἀπέστειλαν
2678 4666 2734 4717 οἰ
2761 4664 3240 4737 ἀρχισυνάγωγοι
3273 4669 3425 4738 πρὸς
3449 4671 3669 4735 αὐτοὺς
3686 4670 3792 4724 λέ-

2113 4762 2343 4814 γοντες’
2388 4747 2636 4815 Ἀνδρες
2674 4748 2945 4819 ἀδελφοὶ,
3007 4754 3062 4806 εὶ
3108 4752 3241 4807 ἔστι
3298 4756 3485 4823 λόγος
3527 4756 3598 4810 έν
3647 4755 3796 4826 ὑμῖν

2113 4833 2552 4903 παρακλήσεως
2573 4835 2725 4903 πρὸς
2746 4836 2856 4891 τὸν
2875 4838 3050 4905 λαὸν,
3089 4839 3317 4908 λέγετε.
3352 4842 3555 4896 Λοιπὸν
3610 4843 3799 4897 ἐντεῦ-

2113 4920 2207 4973 θεν
2259 4921 2328 4974 τά
2384 4922 2527 4975 κατὰ
2578 4923 2794 4979 Παῦλον
2825 4924 3193 4999 μανθάνομεν,
3241 4930 3304 4981 οὐ
3332 4929 3508 5002 μικρά
3530 4932 3659 5002 περὶ
3694 4930 3794 4985 τοῦ

2112 5008 2321 5081 Πέτρου
2351 5009 2616 5079 μαθόντες
2644 5013 2702 5065 ἐν
2735 5015 2849 5076 τοῖς
2882 5013 3076 5085 πρῴην
3103 5013 3438 5086 εἰρημένοις.
3477 5017 3617 5070 Ἀλλ’
3670 5017 3795 5072 ἴδω-

2114 5112 2215 5165 μεν
2273 5096 2480 5151 ἄνωθεν
2506 5098 2574 5151 τὰ
2607 5099 2894 5171 εἰρημένα.
2950 5101 3061 5155 Kal
3121 5104 3449 5174 γενόμενοι,
3481 5105 3665 5176 φησὶν,
3719 5107 3795 5160 ἐν

2109 5182 2419 5252 Σαλαμῖνι,
2460 5185 2875 5257 κατήγγελλον
2910 5188 3019 5242 τὸν
3048 5190 3235 5260 λόγον
3258 5192 3368 5247 τοῦ
3398 5193 3548 5248 Θεοῦ
3581 5196 3646 5266 τῇ
3679 5212 3791 5266 μη-

2109 5271 2360 5341 τροπόλει
2388 5271 2487 5342 τῆς
2531 5274 2781 5345 Κύπρου.
2841 5276 3138 5347 Ἐποίησαν
3183 5279 3432 5334 ἐνιαυτὸν
3462 5284 3519 5334 ἐν
3584 5282 3794 5336 Ἀντιο-

2108 5358 2253 5430 χείςι.
2311 5358 2458 5411 Ἔδει
2500 5362 2663 5413 κάκεῖ
2706 5360 2856 5435 [2:22]
2912 5362 3192 5431 ἀπελθεῖν,
3248 5367 3343 5421 καὶ
3380 5366 3456 5438 μὴ
3490 5368 3792 5435 διαπαντὸς

2104 5445 2292 5500 ἐνθάδε
2354 5448 2645 5519 καθῆσθαι·
2706 5451 2814 5504 ἔδει
2875 5452 3139 5522 μειζόνων
3190 5456 3373 5521 αὐτοῖς
3426 5457 3788 5517 διδασκάλων.

2107 5532 2251 5605 Ὅρα
2278 5533 2394 5598 πῶς
2426 5536 2519 5588 καὶ
2551 5537 2610 5589 ἐν
2639 5537 2931 5612 Σελευκείᾳ
2956 5542 3017 5595 οὐ
3042 5542 3431 5614 διατρίϐουσιν,
3461 5547 3787 5611 εἰδότες,ὅτι

2103 5619 2212 5674 ἀπὸ
2235 5621 2333 5692 τῆς
2361 5623 2599 5692 γείτονος
2651 5625 2861 5691 πόλεως
2902 5629 3298 5700 ἐκαρπώσαντο
3327 5632 3394 5685 ἂν
3448 5633 3648 5705 πολλὴν
3681 5635 3787 5706 τὴν

2102 5708 2392 5778 ὠφέλειαν,
2423 5710 2559 5765 ἀλλά
2585 5714 2720 5785 πρὸς
2774 5714 2846 5769 τὰ
2899 5718 3297 5787 κατεπείγοντα
3346 5721 3635 5776 σπεύδουσι
3686 5724 3786 5778 καὶ

2102 5799 2240 5851 ἐκεῖ.
2275 5798 2420 5870 Πρὸς
2467 5800 2577 5869 γὰρ
2626 5803 2729 5874 τὴν
2779 5804 3109 5874 μητρόπολιν
3161 5805 3410 5873 ἐλθόντες
3439 5810 3540 5880 τῆς
3590 5811 3781 5880 νήσου,
3822 5794 3831 5799 ί

2100 5883 2192 5936 τὸν
2249 5884 2559 5940 ἀνθύπατον
2606 5887 2864 5943 ἔσπευδον
2918 5889 3229 5962 διορθῶσαι.
3268 5895 3393 5948 Ὅτι
3421 5895 3477 5948 δέ
3512 5897 3570 5949 οὐ
3615 5896 3784 5951 κολα-

2103 5971 2257 6035 κείας
2283 5968 2351 6042 ἦν
2381 5973 2440 6026 τὸ
2462 5973 2662 6043 λέγειν,
2693 5975 2899 6044 Συνῆν
2940 5977 3022 6043 τῷ
3048 5979 3391 6045 ἀνθυπάτῳ,
3429 5981 3601 6050 ἀνδρί
3633 6000 3786 6038 συν-

2100 6058 2235 6123 ετῷ,
2266 6060 2376 6113 ἀπὸ
2407 6060 2501 6114 τοῦ
2530 6062 2853 6132 πράγματος
2881 6064 3141 6134 μάνθανε,
3180 6068 3295 6134 πῶς
3319 6071 3420 6123 οὐκ
3471 6068 3661 6141 ἐδεήθη
3689 6069 3783 6123 λόο

2167 6155 2196 6198 ιι
2235 6156 2449 6213 Εἰκότως
2492 6158 2540 6206 iu
2586 6157 2874 6217 quibusdam
2899 6160 3058 6210 deost.
