4112 6450
335 526 439 583 κω

352 641 796 714 impinguamus?
817 645 933 700 Cur
957 640 1116 695 vermi
1147 641 1342 696 lautam
1371 656 1526 712 paras
1552 641 1836 698 mensam?
1862 660 1957 698 cur

361 737 609 806 maiorem
642 735 778 789 lacis
798 735 1045 789 saniem?
1065 751 1158 788 cur
1184 733 1361 790 fontes
1383 735 1635 790 sudorum
1658 746 1712 791 et
1739 735 1954 792 lmtores

371 826 616 897 deponis?
646 840 748 880 cur
787 833 840 879 te
870 825 936 880 ad
965 826 1140 880 onntia
1186 825 1427 880 inutilem
1470 825 1686 881 reddis?
1718 826 1808 882 Vis
1835 844 1954 884 esse

367 923 540 974 funem
566 918 790 972 oculum
805 918 830 970 ?
850 915 1056 986 Corpus
1077 915 1158 972 fac
1179 917 1476 972 robustum.
1506 916 1637 972 Nam
1662 918 1711 970 iu
1735 918 1953 974 chordis

358 1028 472 1081 qua:
501 1025 686 1065 crassa
727 1017 782 1064 et
812 1009 1039 1077 impura,
1078 1007 1143 1062 ad
1166 1008 1448 1062 melodiatn
1476 1007 1674 1063 inuzilis
1707 1017 1809 1072 est,
1832 1024 1951 1079 quae

354 1119 483 1158 vero
511 1101 752 1171 undique
780 1115 910 1170 pura
936 1109 991 1154 et
1020 1107 1168 1153 tensa
1199 1141 1214 1165 ,
1243 1098 1310 1152 ad
1339 1113 1503 1153 sonos
1531 1101 1751 1153 omnino
1781 1101 1944 1154 utilis.

349 1195 460 1248 Cur
485 1191 696 1248 deludis
720 1190 994 1245 animam?
1023 1205 1119 1245 cur
1147 1190 1404 1260 parietem
1430 1191 1749 1245 crassiorem
1779 1190 1948 1244 facis?

351 1301 451 1339 cur
479 1297 729 1354 magnum
757 1282 962 1336 fumum
987 1290 1041 1334 et
1067 1281 1304 1335 nubem?
1328 1279 1758 1350 quandoquidem
1787 1297 1949 1350 vapo-

351 1393 440 1433 res
469 1388 528 1432 ut
555 1375 744 1432 nebula
771 1375 1016 1444 quietiam
1042 1373 1275 1444 undique
1300 1374 1665 1429 effunduntur.
1700 1375 1756 1429 Si
1789 1389 1947 1429 nemo

350 1471 537 1534 alius,
563 1469 746 1523 saltem
791 1466 1004 1521 athleta:
1045 1467 1276 1521 doceant
1321 1474 1410 1533 te,
1455 1482 1650 1534 corpus
1693 1467 1945 1535 gracilius

353 1578 486 1617 esse
523 1559 802 1615 robustius.
832 1558 921 1614 Sic
959 1569 1011 1612 et
1052 1558 1228 1612 anima
1259 1557 1613 1627 prIOSllphl'eB
1642 1558 1820 1612 dedita
1852 1559 1944 1611 lir-

361 1653 548 1717 mior;
577 1651 750 1705 similis
776 1665 1004 1720 namque
1039 1659 1121 1704 est
1157 1650 1356 1720 aurigae
1391 1659 1446 1703 et
1474 1665 1632 1718 equo.
1667 1650 1734 1704 Et
1761 1650 1943 1704 videre

369 1745 495 1801 licet
516 1787 530 1811 ,
556 1745 683 1798 sicut
705 1742 946 1796 homines
967 1742 1178 1796 delicati
1207 1750 1261 1796 et
1287 1741 1564 1796 obesiores
1584 1782 1599 1805 ,
1628 1741 1704 1798 si:
1737 1753 1790 1796 et
1815 1743 1944 1796 obe-

363 1839 533 1892 sieres
564 1836 679 1906 equi
714 1833 978 1890 difﬁcilius
1015 1834 1318 1888 excitantur
1340 1874 1358 1901 ,
1385 1843 1438 1889 et
1479 1835 1704 1888 multum
1743 1837 1943 1905 auriga:

357 1927 552 1998 negotii
589 1926 874 1981 lacessunt.
915 1923 1217 1995 Optandum
1258 1932 1428 1993 certe,
1461 1934 1518 1979 ut
1555 1925 1942 1996 obsequentem

1285 525 1351 582 IN
1389 525 1569 583 ACTA
1610 529 2131 591 APOSTOLUIlUM.
2175 537 2404 593 HOMIL.
2448 539 2688 596 XXVIII.

3544 551 3654 610 910

2057 657 2112 702 et
2159 651 2370 704 tinuum
2412 667 2606 723 equum
2656 654 2863 710 habens
2910 657 3078 726 possit
3125 656 3364 715 hravium
3415 667 3651 735 assequi.

2057 741 2282 806 Quando
2310 754 2487 799 autem
2516 747 2724 816 cogitur
2747 749 2928 820 auriga
2960 751 3173 808 trahere
3200 753 3370 824 ipsum
3394 797 3410 820 ,
3444 766 3499 811 et
3527 759 3651 812 mil-

2055 833 2152 888 lies
2181 835 2384 904 Iapsutn
2409 853 2476 892 ne
2501 839 2787 910 pungendo
2812 843 3024 910 quidem
3052 844 3211 914 erigit
3235 848 3471 904 :etiamsi
3495 851 3650 903 valde

2054 925 2124 977 sit
2166 927 2365 993 peritus
2388 969 2403 993 ,
2435 943 2465 981 a
2493 929 2718 984 victoria
2756 932 2985 986 excidet.
3026 934 3103 988 Ne
3138 935 3499 1004 deSpiciamus
3529 947 3641 993 ani-

2055 1030 2194 1068 mam
2227 1026 2482 1085 nostram,
2513 1034 2543 1072 a
2572 1035 2798 1090 corpore
2824 1024 3040 1089 la-sam;
3073 1026 3182 1078 imo
3209 1027 3351 1080 illam
3381 1031 3649 1099 perSpica-

2053 1107 2250 1160 ciorem
2281 1107 2582 1164 efﬁciamus
2612 1130 2625 1165 :
2653 1113 2789 1167 alam
2818 1114 2934 1182 ejus
2961 1116 3130 1170 levem
3164 1118 3448 1172 reddamus
3468 1161 3483 1182 ,
3517 1122 3648 1174 mol-

2051 1195 2182 1251 liora
2203 1200 2410 1254 vincula
2437 1203 2810 1258 :sermonibus
2831 1207 2972 1259 illam
2998 1221 3299 1276 pascamus,
3322 1209 3643 1279 frugalitate,

2051 1299 2110 1342 ut
2151 1306 2339 1346 sanum
2371 1293 2441 1347 sit
2471 1309 2667 1365 corpus
2692 1337 2707 1360 ,
2747 1306 2804 1350 ut
2835 1298 3110 1353 robustum
3135 1340 3151 1366 ,
3197 1311 3252 1354 ut
3288 1302 3517 1372 gaudeat
3547 1320 3646 1358 ncc

2049 1385 2268 1442 doleat:
2302 1397 2359 1441 ut
2405 1399 2586 1445 nostra
2629 1391 2708 1446 sic
2753 1402 2898 1447 recte
2945 1396 3335 1449 constituentes
3375 1379 3645 1466 possimus

2049 1491 2308 1533 summam
2340 1481 2590 1535 virtutem
2628 1482 2892 1553 attingere
2918 1526 2932 1547 ,
2969 1495 3129 1554 atque
3159 1497 3356 1540 materna
3387 1488 3642 1556 consequi

2049 1577 2207 1632 bona,
2230 1573 2396 1640 gratia
2419 1583 2473 1626 et
2497 1573 2824 1644 benignitate
2850 1577 3056 1631 Domini
3085 1579 3251 1632 nostri
3272 1578 3397 1633 Jesu
3419 1578 3640 1640 Christi,

2045 1663 2258 1731 quicum
2308 1666 2449 1720 Patri
2493 1683 2706 1738 unaque
2749 1669 2968 1738 Spiritui
3008 1681 3196 1727 sancto
3223 1673 3393 1742 gloria
3417 1715 3432 1736 ,
3469 1674 3640 1742 impe-

2045 1754 2204 1814 rium.
2226 1756 2416 1821 honor,
2441 1773 2582 1814 nunc
2604 1768 2659 1813 et
2683 1773 2795 1815 sem
2802 1776 2917 1830 per,
2937 1773 2990 1816 et
3011 1763 3064 1816 in
3083 1763 3276 1818 sarcula
3299 1763 3638 1819 saeculorum.

2046 1847 2237 1900 Amen.

381 2061 3628 2091 mw

1635 2133 1980 2196 HOMILIA
2027 2137 2318 2201 XXVIII.

339 2286 474 2341 CAP.
519 2285 604 2339 15.
639 2298 693 2337 v.
724 2283 778 2336 4.
809 2281 878 2335 Et
919 2279 1020 2352 ipsi
1062 2281 1263 2351 quidem
1307 2281 1448 2334 missi
1477 2297 1508 2332 a
1536 2279 1737 2347 Spiritu
1767 2289 1942 2332 sancto

412 2375 646 2429 abierunt
675 2374 999 2438 Seleuciam;
1020 2384 1066 2427 et
1092 2373 1210 2426 inde
1230 2373 1591 2442 navigaverunt
1613 2374 1662 2425 in
1689 2371 1936 2442 Cyprum.

415 2470 469 2526 5.
502 2467 568 2522 Et
594 2485 704 2522 cum
736 2468 980 2521 venissent
1006 2467 1344 2529 Salaminam,
1373 2465 1716 2535 prtedicabant
1737 2465 1940 2520 verbum

414 2561 513 2616 Dei
533 2563 582 2612 in
604 2557 912 2630 synagogisl
921 2559 1200 2612 udteorum.
1229 2555 1278 2610 Η
1283 2557 1494 2610 abebant
1515 2566 1682 2610 autem
1703 2567 1749 2611 et
1771 2555 1937 2609 Joan-

415 2669 530 2705 nem
555 2653 858 2705 ministrum.

415 2747 472 2801 1.
513 2743 752 2799 Ordinati
789 2743 948 2797 simul
977 2742 1221 2796 exierunt
1246 2783 1261 2806 ,
1291 2750 1346 2795 et
1376 2741 1426 2794 in
1458 2741 1688 2812 Cyprum
1722 2741 1937 2808 naviga-

338 2848 465 2894 runt
489 2880 503 2904 ,
534 2854 599 2891 eo
636 2836 776 2906 quod
807 2835 912 2889 illic
951 2835 1112 2890 nullae
1145 2844 1325 2890 essent
1367 2833 1594 2896 insidiae,
1617 2843 1672 2886 et
1710 2835 1930 2887 verbum

338 2931 434 2986 Dei
487 2931 594 3000 jam
625 2930 1028 2984 disseminatum
1064 2940 1228 2984 eeset.
1261 2928 1558 2984 Antiochia:
1587 2929 1798 2999 quidem
1824 2930 1928 2994 iam

339 3021 491 3077 multi
523 3033 672 3077 erant
692 3041 704 3076 :
726 3022 996 3078 Pltmnicia
1033 3037 1194 3090 prope
1217 3019 1554 3076 Palaestinam
1575 3019 1932 3092 erat,Cyprus

337 3134 445 3170 sum
474 3117 620 3169 item.
645 3115 907 3170 Ca-terum
933 3133 996 3168 ne
1013 3129 1242 3185 qumras,
1272 3130 1435 3182 quare
1455 3130 1469 3177 ;
1490 3113 1703 3182 quando
1723 3113 1923 3182 Spiritu

337 3219 665 3264 moventur:
696 3224 800 3264 non
848 3209 1021 3263 solum
1062 3209 1202 3262 enim
1247 3208 1447 3278 Spiritu
1491 3218 1614 3260 sunt
1653 3208 1924 3274 ordinati,

337 3303 430 3355 sed
463 3302 620 3355 etiam
656 3301 820 3354 missi.
858 3299 923 3353 Et
952 3317 1064 3352 cum
1090 3301 1334 3353 venissent
1362 3298 1679 3354 Salaminam
1701 3341 1713 3356 .
1745 3299 1930 3366 pra'di-

337 3394 516 3448 cubant
548 3393 744 3446 verbum
773 3391 868 3446 Dei
890 3392 943 3444 in
975 3392 1240 3463 synagogis
1267 3390 1584 3445 Juda'orum.
1621 3391 1780 3445 Vides
1807 3392 1928 3444 illos

337 3501 457 3538 cum
489 3484 636 3538 omni
666 3483 937 3553 diligentia
969 3486 1183 3536 verbum
1217 3485 1461 3536 nuntiare
1495 3484 1677 3551 primis
1707 3483 1830 3545 illis,
1860 3499 1927 3537 ne

346 3576 460 3628 illos
489 3574 933 3629 cmiteutiusiores
969 3574 1289 3627 redderent?
1315 3574 1380 3628 Et
1403 3575 1474 3626 illi
1500 3574 1706 3627 nonnisi
1730 3575 1928 3627 Juda'is

341 3668 692 3736 loquebantur
717 3709 730 3729 ,
761 3677 814 3722 et
843 3668 893 3720 lti
921 3667 986 3721 ad
1023 3682 1317 3739 synagogas
1348 3668 1610 3720 abierunt.
1637 3669 1688 3722 6.
1717 3667 1783 3722 Et
1809 3685 1926 3721 cum

333 3759 763 3829 perancbulassent
773 3759 1279 3812 universaminsulam
1292 3775 1446 3828 usque
1464 3757 1717 3827 Paphum,
1735 3776 1926 3814 invene-

331 3859 451 3903 runt
469 3851 626 3902 virum
637 3849 902 3919 quemdam
923 3866 1124 3917 magum
1147 3850 1634 3919 pseudopmp/tetam
1658 3850 1918 3912 Jutltenm,

328 3942 413 3994 cui
449 3956 626 3994 nomen
658 3938 896 4011 Barjesu,
932 3942 984 3993 7.
1007 3942 1088 4010 qui
1125 3951 1230 3994 erat
1263 3957 1375 3994 cum
1405 3944 1703 4005 proconsule
1742 3942 1921 4010 Sergio

332 4033 522 4094 Pauto,
552 4035 656 4087 viro
684 4036 928 4102 prudente
955 4050 972 4086 :
999 4035 1084 4102 qui
1111 4037 1367 4088 accersitis
1393 4034 1629 4088 Burnaba
1655 4046 1702 4088 et
1733 4036 1916 4103 Saulo,

325 4125 644 4178 desiderabat
673 4125 850 4177 audire
874 4125 1073 4179 verbum
1101 4124 1216 4179 Dei.
1244 4127 1296 4180 8.
1333 4125 1602 4180 Resistebut
1628 4141 1792 4181 autem
1818 4129 1919 4185 illis

332 4218 545 4287 lilymas
585 4234 758 4287 magus
786 4218 899 4286 (sic
940 4219 1072 4271 enim
1113 4219 1466 4288 interpretatur
1509 4237 1686 4273 nomen
1732 4221 1915 4290 ejus),

324 4325 557 4377 quterens
593 4320 813 4362 avertere
852 4311 1198 4379 proconsulem
1233 4329 1262 4363 a
1293 4311 1412 4378 ﬁde.
1459 4310 1688 4365 Rursum
1730 4328 1916 4382 magus

321 4402 546 4456 Judaqu
575 4403 712 4454 sicut
750 4403 955 4457 Simon.
996 4404 1058 4456 lit
1086 4403 1368 4456 considera
1403 4404 1571 4471 ipsum
1600 4445 1613 4466 ,
1643 4405 1767 4457 dtnn
1796 4406 1915 4458 aliis

323 4493 707 4562 pra-dicabant,
733 4510 835 4547 non
865 4495 1087 4548 multum
1113 4493 1495 4564 indignantem,
1519 4497 1614 4550 sed
1642 4512 1761 4550 cum
1792 4513 1914 4564 pro-

317 4589 598 4641 consulem
619 4587 895 4642 adiissent.
926 4586 1076 4654 Quod
1100 4596 1276 4640 autem
1303 4587 1352 4640 in
1378 4588 1694 4654 proconsule
1719 4589 1912 4642 mirum

320 4691 428 4744 est,
458 4680 600 4750 quod
630 4680 772 4733 illius
799 4680 966 4749 magia
998 4691 1416 4748 prtcoccupatus,
1449 4680 1675 4734 voluerit
1699 4691 1912 4749 apesto.

322 4774 402 4825 Ius
429 4772 632 4826 audire.
662 4773 752 4826 Sic
779 4781 833 4827 et
862 4771 1177 4825 Samaritani
1209 4770 1484 4836 fecerunt;
1510 4781 1564 4824 et
1590 4787 1654 4826 ex
1687 4788 1908 4842 compa-

328 4865 527 4919 ratione
554 4864 774 4918 victoria
813 4875 1034 4932 apparet
1057 4906 1070 4925 ,
1111 4873 1164 4916 et
1203 4863 1370 4932 magia
1412 4863 1666 4916 vincitur.
1702 4862 1908 4932 Ubique

325 4969 456 5007 vana
479 4957 643 5024 gloria
667 4965 722 5009 et
746 4971 897 5008 atnor
924 4954 1246 5023 principatus
1275 4969 1448 5006 causa:
1475 4953 1733 5007 malorum
1759 4965 1903 5008 sunt.

313 5047 367 5101 9.
397 5047 588 5101 Saulus
613 5058 800 5110 autem,
823 5050 908 5116 qui
932 5057 978 5100 et
1009 5046 1221 5111 Paulus,
1246 5046 1465 5114 repletus
1491 5045 1687 5116 Spiritu
1707 5059 1900 5112 sancto,

312 5141 515 5193 intuens
551 5142 604 5192 in
641 5158 753 5192 cum
773 5181 789 5204 ,
825 5140 910 5194 10.
949 5141 1078 5192 dixit
1101 5155 1118 5192 :
1143 5137 1186 5192 0
1213 5141 1358 5208 plene
1385 5141 1521 5190 omni
1550 5139 1667 5193 dolo
1692 5150 1738 5193 et
1768 5143 1904 5194 omni

309 5233 544 5303 ﬁtllucia,
574 5231 650 5299 ﬁli
678 5232 886 5288 diaboli.
915 5231 1113 5284 inimice
1137 5231 1300 5282 omnis
1327 5227 1555 5297 iustitiae,
1587 5246 1686 5283 non
1715 5230 1902 5286 desinis

307 5324 595 5376 subvertere
620 5325 724 5378 vius
754 5323 957 5376 Domini
987 5322 1189 5377 rectus?
1215 5323 1302 5377 11.
1336 5321 1401 5374 Et
1427 5339 1562 5374 nunc
1585 5339 1696 5376 ecce
1723 5341 1900 5376 manus

315 5415 525 5467 Domini
553 5431 706 5484 super
733 5427 797 5477 te,
827 5425 874 5468 et
899 5415 996 5467 eris
1017 5431 1178 5468 cazcus
1196 5456 1212 5479 ,
1242 5431 1343 5466 non
1371 5413 1540 5466 videns
1565 5413 1721 5466 solem
1748 5430 1902 5483 usque

308 5509 375 5558 ml
403 5518 619 5571 tempus.
656 5508 750 5561 llic
783 5524 974 5561 nomen
1015 5508 1154 5560 illius
1185 5517 1418 5560 mutatttr
1463 5515 1580 5575 post
1609 5507 1897 5560 ordinatio-

307 5617 432 5653 nctn
452 5640 468 5661 ,
498 5599 548 5652 id
575 5599 713 5667 quod
746 5600 901 5651 etiam
934 5599 1090 5652 Petro
1118 5599 1328 5650 accidit.
1363 5597 1429 5650 Et
1456 5596 1596 5663 vide,
1629 5613 1732 5650 non
1762 5613 1895 5650 con-

308 5689 527 5744 tntnclia
553 5703 656 5756 cst,
687 5689 779 5742 sed
810 5690 1118 5758 increpatio.
1151 5687 1454 5742 Petulantes
1477 5687 1619 5741 enim
1647 5697 1700 5740 et
1727 5687 1896 5756 impu-

303 5781 501 5837 dentes
521 5783 598 5835 sic
618 5793 831 5851 oportet
850 5782 1144 5850 increpare.
1169 5779 1212 5833 0
1231 5781 1376 5850 plene
1390 5781 1525 5833 omni
1542 5780 1680 5845 dolo,
1702 5781 1892 5848 inquit,

304 5892 351 5932 et
373 5878 518 5931 omni
538 5875 769 5947 fallacia,
792 5875 868 5943 [ili
893 5873 1116 5938 diaboli,
1139 5873 1338 5926 inimice
1363 5873 1523 5926 omnis
1539 5872 1772 5942 justitiaz.
1798 5873 1894 5930 llic

306 5969 517 6024 revelat
556 5984 618 6024 ca
642 6010 657 6034 ,
689 5982 807 6036 qua:
848 5966 899 6022 in
929 5972 1108 6020 metite
1140 5964 1230 6020 ille
1261 5964 1518 6031 habebat,
1551 5965 1677 6022 dum
1707 5968 1892 6022 salutis

2047 2283 2266 2340 obtentu
2301 2289 2671 2355 proconsolem
2709 2290 2974 2358 perderet.
3008 2291 3128 2346 Non
3158 2291 3346 2348 desinis
3369 2333 3386 2359 ,
3421 2295 3632 2364 inquit,

2043 2375 2326 2431 subvertere
2350 2380 2457 2433 vias
2488 2379 2729 2435 Domini?
2750 2383 2813 2436 Et
2842 2398 2964 2438 cum
3008 2385 3110 2438 Iide
3135 2427 3150 2450 ,
3179 2384 3294 2440 Non
3326 2398 3508 2440 contra
3539 2402 3636 2441 nos

2043 2466 2288 2522 decertas
2312 2480 2365 2524 et
2395 2486 2597 2541 pugnas
2616 2514 2632 2539 ,
2665 2473 2739 2526 ait
2759 2516 2772 2536 ,
2802 2475 2896 2529 sed
2922 2476 3033 2531 vias
3063 2478 3270 2531 Domini
3301 2487 3474 2532 rectas
3503 2479 3634 2532 sub-

2042 2560 2227 2626 vertis,
2253 2571 2306 2614 et
2335 2577 2456 2616 cum
2486 2565 2729 2620 encomio
2753 2565 2866 2619 luce
2892 2567 3038 2620 dicit.
3072 2565 3138 2619 Et
3163 2585 3296 2621 nunc
3323 2585 3434 2622 ecce
3453 2585 3633 2622 manus

2043 2650 2248 2704 Domini
2275 2668 2427 2719 super
2453 2663 2501 2706 te
2523 2694 2536 2717 ,
2563 2666 2612 2708 et
2637 2657 2734 2708 eris
2760 2673 2941 2709 ctccus.
2974 2658 3090 2724 Quo
3125 2658 3236 2726 ipse
3269 2659 3521 2712 reductus
3549 2669 3632 2712 est

2041 2743 2214 2812 signo,
2246 2743 2346 2799 hoc
2375 2754 2428 2799 et
2458 2745 2606 2798 illum
2632 2747 2743 2798 vult
2771 2746 3048 2801 reducere.
3080 2747 3146 2800 Et
3176 2747 3298 2800 illud
3321 2789 3334 2810 ,
3368 2747 3538 2815 Usque
3563 2750 3630 2800 ad

2041 2845 2236 2903 tempus
2260 2875 2275 2899 ,
2305 2851 2408 2889 non
2442 2837 2706 2904 punientis
2736 2837 2934 2891 dictum
2967 2849 3048 2892 est
3071 2881 3085 2904 ,
3119 2838 3212 2892 sed
3243 2842 3625 2894 convertentis.

2039 2925 2170 2978 Nam
2201 2928 2242 2979 si
2279 2929 2543 2994 punientis
2584 2939 2764 2996 esset,
2797 2931 2943 2984 illum
2975 2932 3024 2984 in
3067 2941 3380 3000 perpetuum
3416 2932 3630 2988 fecisset

2038 3035 2238 3074 cmcum
2268 3038 2281 3074 :
2313 3037 2453 3075 nunc
2481 3038 2608 3075 vero
2640 3037 2742 3075 non
2771 3022 2872 3076 hoc
2899 3024 3035 3092 agit,
3070 3024 3162 3078 scd
3191 3024 3254 3078 ad
3285 3034 3494 3093 tempus
3518 3065 3533 3089 ,
3569 3036 3626 3078 ut

2039 3112 2411 3179 proconsulem
2442 3112 2694 3167 lucretur.
2728 3113 2794 3166 Et
2823 3116 3084 3186 confestim
3112 3116 3289 3169 cecidit
3316 3117 3366 3167 in
3396 3133 3510 3168 eum
3536 3133 3624 3168 ca-

2037 3202 2138 3273 ligo
2178 3213 2224 3257 et
2267 3205 2517 3270 tenebrw,
2561 3215 2605 3258 et
2642 3206 2884 3258 circuiens
2923 3207 3170 3275 quwrebat
3208 3208 3296 3276 qui
3338 3208 3382 3260 ei
3423 3224 3627 3260 manuut

2035 3297 2200 3351 duret.
2231 3297 2315 3350 1‘2.
2348 3295 2490 3350 Tunc
2518 3299 2789 3367 proconsul
2812 3315 2924 3350 cum
2953 3298 3154 3350 vidisset
3179 3302 3390 3368 factum,
3414 3299 3626 3350 credidit

2035 3389 2294 3442 admirans
2313 3406 2466 3457 super
2486 3390 2714 3442 doctrina
2738 3389 2960 3443 Domini.
2984 3389 3110 3443 Jure
3130 3399 3275 3444 certe
3298 3406 3312 3443 :
3334 3405 3455 3442 nam
3476 3407 3621 3451 etnn,

2033 3482 2121 3550 qui
2153 3481 2322 3549 magia
2352 3493 2752 3551 prmuccupatus
2791 3492 2904 3534 erat
2931 3524 2944 3547 ,
2988 3482 3085 3535 hac
3131 3498 3284 3550 pmna
3315 3483 3494 3536 doceri
3530 3499 3624 3551 par

2031 3583 2165 3626 erat.
2210 3573 2300 3628 Sic
2341 3572 2574 3643 Egyptii
2611 3573 2744 3640 magi
2777 3573 2903 3625 olim
2935 3588 2962 3624 a
2998 3573 3220 3640 pustulis
3249 3574 3438 3626 eruditi
3473 3583 3616 3626 sunt.

2032 3665 2306 3732 Perpende
2341 3675 2518 3718 autem
2560 3663 2677 3719 illos
2718 3681 2822 3717 non
2866 3663 3020 3718 isthic
3062 3680 3264 3717 moram
3305 3664 3616 3728 trahentes,

2031 3766 2211 3828 utpote
2237 3759 2556 3829 proconsule
2580 3759 2690 3828 jam
2718 3759 2970 3814 credente
2991 3799 3003 3823 ,
3036 3775 3211 3830 neque
3237 3759 3539 3813 adulatione
3565 3770 3619 3813 ct

2030 3850 2235 3906 henore
2261 3850 2480 3904 emolliti
2510 3857 2655 3916 sunt,
2684 3850 2778 3905 sed
2805 3851 2980 3904 statim
3012 3850 3161 3920 aperi
3189 3866 3247 3904 se
3275 3849 3612 3908 dediderunt.

2026 3955 2081 3998 ct
2112 3944 2161 3998 in
2207 3943 2615 3997 transmarinam
2653 3944 2922 4010 regionem
2952 3959 3009 3997 se
3037 3944 3396 3998 contulerunt.
3430 3944 3515 3998 15.
3550 3941 3614 3995 lit

2025 4053 2140 4088 cum
2171 4053 2198 4088 e
2225 4033 2393 4106 Cypro
2424 4038 2739 4104 navigassent
2765 4034 2964 4090 Paulus
2999 4046 3046 4088 et
3075 4038 3162 4104 qui
3188 4053 3301 4088 cum
3337 4052 3394 4088 eo
3435 4045 3572 4088 erant
3596 4077 3611 4097 ,

2025 4140 2263 4182 venerunt
2297 4126 2492 4198 Pergen
2523 4127 2864 4198 Pamphyliae.
2903 4127 3130 4180 Joannes
3158 4137 3323 4180 autent
3354 4127 3613 4180 discedens

2023 4221 2085 4273 ab
2125 4221 2196 4274 eis
2223 4261 2236 4282 ,
2279 4237 2503 4273 reversus
2537 4230 2606 4273 est
2635 4218 3027 4288 Jerosolymam.
3064 4221 3148 4274 14.
3182 4219 3206 4272 1
3218 4221 3272 4273 lli
3300 4231 3462 4273 autent
3492 4238 3607 4285 per-

2023 4323 2332 4366 transeuntes
2377 4310 2574 4382 Pergen
2598 4352 2614 4376 ,
2656 4320 2896 4364 venerunt
2934 4311 3251 4364 Antiochiam
3281 4311 3490 4365 Pisidia:
3521 4327 3540 4365 :
3564 4322 3610 4364 et

2021 4405 2233 4472 ingressi
2269 4420 2578 4473 synagogam
2619 4403 2700 4455 die
2739 4403 3058 4456 sabbatorum
3092 4407 3344 4456 sederunt.
3377 4402 3605 4457 Rursum

2022 4498 2074 4550 in
2103 4512 2401 4568 synagogas
2431 4495 2609 4550 habitu
2637 4495 2939 4549 .lud:eorum
2973 4495 3196 4566 ingressi
3228 4505 3344 4550 sunt
3366 4539 3380 4560 ,
3412 4515 3477 4552 ne
3508 4498 3607 4552 im-

2021 4598 2381 4657 pttgnarcntur
2399 4589 2478 4641 vel
2505 4588 2830 4657 pellerentur
2849 4605 2862 4640 :
2881 4597 2936 4640 ct
2958 4589 3024 4640 ita
3048 4598 3212 4640 totum
3239 4589 3602 4657 perlicicbant.

2018 4678 2108 4734 15.
2139 4677 2264 4732 Post
2303 4679 2558 4730 lectionem
2585 4688 2749 4731 autem
2789 4678 2913 4746 legis
2940 4687 2985 4731 et
3015 4679 3376 4748 prapltetarum
3399 4719 3413 4743 ,
3453 4683 3601 4732 mist--

2016 4781 2131 4825 runt
2163 4771 2412 4840 principes
2446 4785 2718 4839 synagoga:
2753 4769 2820 4820 ad
2845 4787 2929 4823 eos
2953 4810 2966 4832 ,
2996 4769 3216 4822 dicentes
3242 4785 3260 4822 .'
3283 4767 3491 4824 Fratres
3511 4810 3524 4832 ,
3559 4773 3601 4822 si

2015 4875 2086 4918 est
2115 4866 2166 4917 in
2193 4865 2330 4916 vobis
2359 4880 2520 4916 sermo
2545 4864 2908 4916 exhortationis
2934 4863 3000 4914 ad
3027 4861 3218 4933 plebem
3240 4905 3254 4926 ,
3285 4863 3453 4916 dicite.
3481 4864 3599 4918 Jatn

2015 4958 2138 5011 hinc
2165 4973 2282 5026 quae
2313 4957 2531 5009 Paulum
2571 4963 2812 5022 spectant
2841 4953 3096 5007 discimus
3116 4995 3131 5020 ,
3160 4969 3279 5008 cum
3312 4965 3464 5008 antea
3493 4973 3598 5010 non

2015 5064 2178 5117 pauca
2209 5047 2276 5101 de
2305 5048 2461 5100 Pclro
2490 5045 2853 5098 didicerimus.
2886 5043 2990 5098 Sed
3019 5061 3138 5113 qua:
3180 5046 3424 5113 superius
3458 5045 3597 5100 dicta

2011 5150 2132 5194 sunt
2161 5139 2522 5206 οχμΙοι-ριιιιιε.
2551 5136 2619 5189 Et
2653 5153 2768 5189 cum
2798 5137 3050 5204 penissent
3078 5135 3426 5200 Salaminam,
3459 5153 3594 5206 pra:-

2011 5229 2242 5283 dicabant
2273 5229 2476 5282 verbum
2506 5227 2601 5281 Dei
2632 5229 2682 5281 in
2716 5227 2996 5297 metropoli
3040 5228 3220 5297 Cypri.
3266 5228 3368 5281 Per
3396 5245 3591 5279 antunn

2008 5329 2320 5376 manserunt
2347 5319 2662 5374 Antiocbim.
2692 5317 2980 5389 Oportebat
3013 5319 3104 5372 illo
3131 5320 3294 5380 abire,
3329 5335 3425 5371 nec
3451 5334 3590 5371 St'ltl-

2009 5431 2104 5484 per
2130 5414 2213 5467 hic
2237 5412 2425 5467 sedere
2453 5429 2465 5465 :
2495 5411 2785 5482 majoribus
2809 5426 2941 5480 opus
2971 5411 3235 5465 habebant
3258 5408 3587 5462 doctoribus.

2013 5506 2160 5573 Vide,
2186 5503 2455 5576 quomodo
2479 5503 2735 5558 Seleucia:
2766 5518 2868 5556 non
2897 5518 3074 5555 moras
3099 5502 3330 5562 trahant,
3354 5499 3589 5553 scientes

2004 5617 2032 5654 a
2067 5600 2234 5655 vicina
2276 5597 2494 5652 civitate
2541 5597 2763 5651 multum
2811 5594 3052 5647 utilitatis
3091 5592 3360 5660 accepisse
3403 5591 3589 5645 Seleu-

2003 5691 2209 5745 cienses
2233 5731 2248 5755 ,
2281 5689 2375 5742 sed
2420 5689 2526 5742 illic
2554 5689 2715 5741 etiam
2755 5684 3010 5738 festinant
3045 5685 3108 5736 ad
3141 5698 3200 5737 ea
3227 5724 3242 5748 ,
3271 5700 3388 5751 qu.c
3420 5683 3587 5750 magis

2003 5781 2282 5849 urgebant.
2321 5779 2453 5832 Nam
2500 5790 2555 5832 ut
2595 5787 2856 5832 venerunt
2898 5776 2962 5830 ad
3011 5776 3328 5844 tnetrOpolin
3376 5777 3584 5841 insulas,

2003 5871 2372 5940 proconsulem
2416 5869 2702 5923 emendare
2740 5867 3049 5922 studebant.
3080 5868 3232 5935 Quod
3263 5877 3438 5922 autem
3479 5883 3585 5920 non

2001 5979 2066 6017 cs
2096 5961 2398 6016 adulatione
2423 5960 2652 6028 dicatur,
2689 5957 2811 6012 Erat
2839 5975 2954 6012 cum
2979 5958 3298 6029 proconsule,
3329 5960 3435 6013 viro
3465 5974 3582 6015 uru-
