  <div class='ocr_page' id='page_1' title='image "/cluster/home/n/w/nwhite01/storage/ocr_20150623/60:no.9/coo.31924054869601/215.png"; bbox 0 0 4112 6438; ppageno 0'>
   <div class='ocr_carea' id='block_1_1' title="bbox 463 502 566 558">
    <p class='ocr_par' dir='ltr' id='par_1_1' title="bbox 463 502 566 558">
     <span class='ocr_line' id='line_1_1' title="bbox 463 502 566 558; baseline 0 0"><span class='ocrx_word' id='word_1_1' title='bbox 463 502 566 558; x_wconf 72' lang='lat' dir='ltr'><strong>2H</strong></span> 
     </span>
    </p>
   </div>
   <div class='ocr_carea' id='block_1_2' title="bbox 466 604 2057 684">
    <p class='ocr_par' dir='ltr' id='par_1_2' title="bbox 466 604 2057 684">
     <span class='ocr_line' id='line_1_2' title="bbox 466 604 2057 684; baseline -0.014 -10"><span class='ocrx_word' id='word_1_2' title='bbox 466 623 632 684; x_wconf 69' lang='lat' dir='ltr'><strong>dente,</strong></span> <span class='ocrx_word' id='word_1_3' title='bbox 665 634 733 672; x_wconf 73' lang='lat' dir='ltr'><strong>ex</strong></span> <span class='ocrx_word' id='word_1_4' title='bbox 762 632 822 673; x_wconf 85' lang='lat' dir='ltr'><strong>re</strong></span> <span class='ocrx_word' id='word_1_5' title='bbox 848 617 961 684; x_wconf 81' lang='lat' dir='ltr'><strong>ipsa</strong></span> <span class='ocrx_word' id='word_1_6' title='bbox 986 612 1137 670; x_wconf 85' lang='lat' dir='ltr'><strong>disce</strong></span> <span class='ocrx_word' id='word_1_7' title='bbox 1163 629 1178 667; x_wconf 91' lang='lat'><strong>:</strong></span> <span class='ocrx_word' id='word_1_8' title='bbox 1203 608 1471 682; x_wconf 87' lang='lat' dir='ltr'><strong>quomodo</strong></span> <span class='ocrx_word' id='word_1_9' title='bbox 1507 622 1611 663; x_wconf 91' lang='lat' dir='ltr'><strong>non</strong></span> <span class='ocrx_word' id='word_1_10' title='bbox 1640 604 1823 659; x_wconf 75' lang='lat' dir='ltr'><strong>multis</strong></span> <span class='ocrx_word' id='word_1_11' title='bbox 1844 611 2057 656; x_wconf 85' lang='lat' dir='ltr'><strong>sermo-</strong></span> 
     </span>
    </p>
   </div>
   <div class='ocr_carea' id='block_1_3' title="bbox 467 693 2061 778">
    <p class='ocr_par' dir='ltr' id='par_1_3' title="bbox 467 693 2061 778">
     <span class='ocr_line' id='line_1_3' title="bbox 467 693 2061 778; baseline -0.013 -11"><span class='ocrx_word' id='word_1_12' title='bbox 467 713 627 767; x_wconf 83' lang='lat' dir='ltr'><strong>nibus</strong></span> <span class='ocrx_word' id='word_1_13' title='bbox 651 725 787 778; x_wconf 89' lang='lat' dir='ltr'><strong>opus</strong></span> <span class='ocrx_word' id='word_1_14' title='bbox 813 708 1081 769; x_wconf 87' lang='lat' dir='ltr'><strong>habuerit,</strong></span> <span class='ocrx_word' id='word_1_15' title='bbox 1111 702 1382 776; x_wconf 87' lang='lat' dir='ltr'><strong>quomodo</strong></span> <span class='ocrx_word' id='word_1_16' title='bbox 1405 700 1631 756; x_wconf 87' lang='lat' dir='ltr'><strong>voluerit</strong></span> <span class='ocrx_word' id='word_1_17' title='bbox 1656 698 1826 766; x_wconf 88' lang='lat' dir='ltr'><strong>ipsum</strong></span> <span class='ocrx_word' id='word_1_18' title='bbox 1853 693 2061 748; x_wconf 90' lang='lat' dir='ltr'><strong>audire.</strong></span> 
     </span>
    </p>
   </div>
   <div class='ocr_carea' id='block_1_4' title="bbox 468 788 2063 860">
    <p class='ocr_par' dir='ltr' id='par_1_4' title="bbox 468 788 2063 860">
     <span class='ocr_line' id='line_1_4' title="bbox 468 788 2063 860; baseline -0.011 -1"><span class='ocrx_word' id='word_1_19' title='bbox 468 804 536 859; x_wconf 82' lang='lat' dir='ltr'><strong>Et</strong></span> <span class='ocrx_word' id='word_1_20' title='bbox 563 803 777 857; x_wconf 78' lang='lat' dir='ltr'><strong>nomina</strong></span> <span class='ocrx_word' id='word_1_21' title='bbox 805 801 1077 859; x_wconf 78' lang='lat' dir='ltr'><strong>civitatum</strong></span> <span class='ocrx_word' id='word_1_22' title='bbox 1115 806 1389 860; x_wconf 77' lang='lat' dir='ltr'><strong>recenset,</strong></span> <span class='ocrx_word' id='word_1_23' title='bbox 1420 792 1709 851; x_wconf 73' lang='lat' dir='ltr'><strong>osmndens</strong></span> <span class='ocrx_word' id='word_1_24' title='bbox 1734 788 1899 859; x_wconf 86' lang='lat' dir='ltr'><strong>quod,</strong></span> <span class='ocrx_word' id='word_1_25' title='bbox 1928 801 2063 855; x_wconf 89' lang='lat' dir='ltr'><strong>quo-</strong></span> 
     </span>
    </p>
   </div>
   <div class='ocr_carea' id='block_1_5' title="bbox 467 879 2065 964">
    <p class='ocr_par' dir='ltr' id='par_1_5' title="bbox 467 879 2065 964">
     <span class='ocr_line' id='line_1_5' title="bbox 467 879 2065 964; baseline -0.011 -14"><span class='ocrx_word' id='word_1_26' title='bbox 467 897 611 950; x_wconf 90' lang='lat' dir='ltr'><strong>niam</strong></span> <span class='ocrx_word' id='word_1_27' title='bbox 643 911 813 964; x_wconf 84' lang='lat' dir='ltr'><strong>nuper</strong></span> <span class='ocrx_word' id='word_1_28' title='bbox 839 895 1059 949; x_wconf 90' lang='lat' dir='ltr'><strong>verbum</strong></span> <span class='ocrx_word' id='word_1_29' title='bbox 1089 898 1428 959; x_wconf 86' lang='lat' dir='ltr'><strong>receperant,</strong></span> <span class='ocrx_word' id='word_1_30' title='bbox 1452 902 1589 957; x_wconf 88' lang='lat' dir='ltr'><strong>opus</strong></span> <span class='ocrx_word' id='word_1_31' title='bbox 1612 893 1728 938; x_wconf 86' lang='lat' dir='ltr'><strong>erat</strong></span> <span class='ocrx_word' id='word_1_32' title='bbox 1752 879 2065 941; x_wconf 85' lang='lat' dir='ltr'><strong>confirmari</strong></span> 
     </span>
    </p>
   </div>
   <div class='ocr_carea' id='block_1_6' title="bbox 468 975 2067 1051">
    <p class='ocr_par' dir='ltr' id='par_1_6' title="bbox 468 975 2067 1051">
     <span class='ocr_line' id='line_1_6' title="bbox 468 975 2067 1051; baseline -0.008 -10"><span class='ocrx_word' id='word_1_33' title='bbox 468 987 592 1041; x_wconf 86' lang='lat' dir='ltr'><strong>illos</strong></span> <span class='ocrx_word' id='word_1_34' title='bbox 642 995 699 1041; x_wconf 92' lang='lat' dir='ltr'><strong>ut</strong></span> <span class='ocrx_word' id='word_1_35' title='bbox 747 987 799 1040; x_wconf 89' lang='lat' dir='ltr'><strong>in</strong></span> <span class='ocrx_word' id='word_1_36' title='bbox 849 984 952 1039; x_wconf 87' lang='lat' dir='ltr'><strong>fide</strong></span> <span class='ocrx_word' id='word_1_37' title='bbox 998 992 1280 1038; x_wconf 88' lang='lat' dir='ltr'><strong>manerent</strong></span> <span class='ocrx_word' id='word_1_38' title='bbox 1321 999 1334 1035; x_wconf 89' lang='lat'><strong>:</strong></span> <span class='ocrx_word' id='word_1_39' title='bbox 1382 995 1549 1051; x_wconf 84' lang='lat' dir='ltr'><strong>quare</strong></span> <span class='ocrx_word' id='word_1_40' title='bbox 1593 979 1902 1048; x_wconf 87' lang='lat' dir='ltr'><strong>frequenter</strong></span> <span class='ocrx_word' id='word_1_41' title='bbox 1945 975 2067 1030; x_wconf 84' lang='lat' dir='ltr'><strong>illas</strong></span> 
     </span>
    </p>
   </div>
   <div class='ocr_carea' id='block_1_7' title="bbox 467 1067 2066 1147">
    <p class='ocr_par' dir='ltr' id='par_1_7' title="bbox 467 1067 2066 1147">
     <span class='ocr_line' id='line_1_7' title="bbox 467 1067 2066 1147; baseline -0.008 -12"><span class='ocrx_word' id='word_1_42' title='bbox 467 1081 688 1135; x_wconf 86' lang='lat' dir='ltr'><strong>adeunt.</strong></span> <span class='ocrx_word' id='word_1_43' title='bbox 723 1079 996 1147; x_wconf 81' lang='lat' dir='ltr'><strong>Perpende</strong></span> <span class='ocrx_word' id='word_1_44' title='bbox 1016 1119 1033 1143; x_wconf 84' lang='lat'><strong>,</strong></span> <span class='ocrx_word' id='word_1_45' title='bbox 1062 1074 1332 1147; x_wconf 90' lang='lat' dir='ltr'><strong>quomodo</strong></span> <span class='ocrx_word' id='word_1_46' title='bbox 1359 1074 1491 1127; x_wconf 89' lang='lat' dir='ltr'><strong>nihil</strong></span> <span class='ocrx_word' id='word_1_47' title='bbox 1522 1087 1678 1141; x_wconf 84' lang='lat' dir='ltr'><strong>mago</strong></span> <span class='ocrx_word' id='word_1_48' title='bbox 1706 1071 1935 1137; x_wconf 91' lang='lat' dir='ltr'><strong>dixerit,</strong></span> <span class='ocrx_word' id='word_1_49' title='bbox 1967 1067 2066 1123; x_wconf 85' lang='lat' dir='ltr'><strong>do-</strong></span> 
     </span>
    </p>
   </div>
   <div class='ocr_carea' id='block_1_8' title="bbox 470 1166 2067 1236">
    <p class='ocr_par' dir='ltr' id='par_1_8' title="bbox 470 1166 2067 1236">
     <span class='ocr_line' id='line_1_8' title="bbox 470 1166 2067 1236; baseline -0.004 -9"><span class='ocrx_word' id='word_1_50' title='bbox 470 1189 570 1227; x_wconf 83' lang='lat' dir='ltr'><strong>nec</strong></span> <span class='ocrx_word' id='word_1_51' title='bbox 600 1174 689 1227; x_wconf 85' lang='lat' dir='ltr'><strong>ille</strong></span> <span class='ocrx_word' id='word_1_52' title='bbox 715 1174 1053 1227; x_wconf 79' lang='lat' dir='ltr'><strong>occasionem</strong></span> <span class='ocrx_word' id='word_1_53' title='bbox 1081 1172 1256 1236; x_wconf 88' lang='lat' dir='ltr'><strong>daret,</strong></span> <span class='ocrx_word' id='word_1_54' title='bbox 1280 1168 1374 1224; x_wconf 89' lang='lat' dir='ltr'><strong>sed</strong></span> <span class='ocrx_word' id='word_1_55' title='bbox 1399 1168 1624 1225; x_wconf 83' lang='lat' dir='ltr'><strong>verbum</strong></span> <span class='ocrx_word' id='word_1_56' title='bbox 1653 1166 1864 1223; x_wconf 87' lang='lat' dir='ltr'><strong>Domini</strong></span> <span class='ocrx_word' id='word_1_57' title='bbox 1889 1167 2067 1221; x_wconf 81' lang='lat' dir='ltr'><strong>solum</strong></span> 
     </span>
    </p>
   </div>
   <div class='ocr_carea' id='block_1_9' title="bbox 468 1258 2068 1334">
    <p class='ocr_par' dir='ltr' id='par_1_9' title="bbox 468 1258 2068 1334">
     <span class='ocr_line' id='line_1_9' title="bbox 468 1258 2068 1334; baseline -0.004 -12"><span class='ocrx_word' id='word_1_58' title='bbox 468 1267 875 1323; x_wconf 85' lang='lat' dir='ltr'><strong>annuntiahant.</strong></span> <span class='ocrx_word' id='word_1_59' title='bbox 919 1266 1052 1334; x_wconf 86' lang='lat' dir='ltr'><strong>Quia</strong></span> <span class='ocrx_word' id='word_1_60' title='bbox 1082 1264 1227 1323; x_wconf 88' lang='lat' dir='ltr'><strong>enim</strong></span> <span class='ocrx_word' id='word_1_61' title='bbox 1266 1264 1402 1320; x_wconf 80' lang='lat' dir='ltr'><strong>alios</strong></span> <span class='ocrx_word' id='word_1_62' title='bbox 1445 1262 1785 1320; x_wconf 66' lang='lat' dir='ltr'><strong>attendentes</strong></span> <span class='ocrx_word' id='word_1_63' title='bbox 1814 1258 2068 1324; x_wconf 80' lang='lat' dir='ltr'><strong>videbat,</strong></span> 
     </span>
    </p>
   </div>
   <div class='ocr_carea' id='block_1_10' title="bbox 470 1351 2063 1428">
    <p class='ocr_par' dir='ltr' id='par_1_10' title="bbox 470 1351 2063 1428">
     <span class='ocr_line' id='line_1_10' title="bbox 470 1351 2063 1428; baseline -0.006 -13"><span class='ocrx_word' id='word_1_64' title='bbox 470 1360 522 1415; x_wconf 89' lang='lat' dir='ltr'><strong>id</strong></span> <span class='ocrx_word' id='word_1_65' title='bbox 554 1376 719 1415; x_wconf 87' lang='lat' dir='ltr'><strong>unum</strong></span> <span class='ocrx_word' id='word_1_66' title='bbox 751 1360 839 1414; x_wconf 90' lang='lat' dir='ltr'><strong>ille</strong></span> <span class='ocrx_word' id='word_1_67' title='bbox 866 1360 917 1413; x_wconf 92' lang='lat' dir='ltr'><strong>in</strong></span> <span class='ocrx_word' id='word_1_68' title='bbox 946 1373 1112 1428; x_wconf 86' lang='lat' dir='ltr'><strong>sc0po</strong></span> <span class='ocrx_word' id='word_1_69' title='bbox 1140 1357 1395 1422; x_wconf 86' lang='lat' dir='ltr'><strong>habebat,</strong></span> <span class='ocrx_word' id='word_1_70' title='bbox 1421 1373 1488 1412; x_wconf 90' lang='lat' dir='ltr'><strong>ne</strong></span> <span class='ocrx_word' id='word_1_71' title='bbox 1515 1357 1604 1411; x_wconf 84' lang='lat' dir='ltr'><strong>ille</strong></span> <span class='ocrx_word' id='word_1_72' title='bbox 1632 1351 2063 1423; x_wconf 75' lang='lat' dir='ltr'><strong>persuaderetur.</strong></span> 
     </span>
    </p>
   </div>
   <div class='ocr_carea' id='block_1_11' title="bbox 471 1447 2071 1522">
    <p class='ocr_par' dir='ltr' id='par_1_11' title="bbox 471 1447 2071 1522">
     <span class='ocr_line' id='line_1_11' title="bbox 471 1447 2071 1522; baseline -0.005 -13"><span class='ocrx_word' id='word_1_73' title='bbox 471 1453 540 1509; x_wconf 83' lang='lat' dir='ltr'><strong>Et</strong></span> <span class='ocrx_word' id='word_1_74' title='bbox 568 1469 667 1509; x_wconf 88' lang='lat' dir='ltr'><strong>cur</strong></span> <span class='ocrx_word' id='word_1_75' title='bbox 694 1469 798 1508; x_wconf 90' lang='lat' dir='ltr'><strong>non</strong></span> <span class='ocrx_word' id='word_1_76' title='bbox 825 1452 969 1509; x_wconf 88' lang='lat' dir='ltr'><strong>aliud</strong></span> <span class='ocrx_word' id='word_1_77' title='bbox 998 1453 1206 1522; x_wconf 88' lang='lat' dir='ltr'><strong>signum</strong></span> <span class='ocrx_word' id='word_1_78' title='bbox 1239 1451 1406 1506; x_wconf 82' lang='lat' dir='ltr'><strong>fecit?</strong></span> <span class='ocrx_word' id='word_1_79' title='bbox 1431 1451 1553 1520; x_wconf 88' lang='lat' dir='ltr'><strong>quia</strong></span> <span class='ocrx_word' id='word_1_80' title='bbox 1584 1449 1788 1507; x_wconf 91' lang='lat' dir='ltr'><strong>nullum</strong></span> <span class='ocrx_word' id='word_1_81' title='bbox 1820 1447 1944 1504; x_wconf 82' lang='lat' dir='ltr'><strong>huic</strong></span> <span class='ocrx_word' id='word_1_82' title='bbox 1971 1460 2071 1517; x_wconf 87' lang='lat' dir='ltr'><strong>par</strong></span> 
     </span>
    </p>
   </div>
   <div class='ocr_carea' id='block_1_12' title="bbox 471 1544 1356 1611">
    <p class='ocr_par' dir='ltr' id='par_1_12' title="bbox 471 1544 1356 1611">
     <span class='ocr_line' id='line_1_12' title="bbox 471 1544 1356 1611; baseline -0.003 -11"><span class='ocrx_word' id='word_1_83' title='bbox 471 1555 616 1608; x_wconf 85' lang='lat' dir='ltr'><strong>erat,</strong></span> <span class='ocrx_word' id='word_1_84' title='bbox 648 1544 787 1608; x_wconf 86' lang='lat' dir='ltr'><strong>quod</strong></span> <span class='ocrx_word' id='word_1_85' title='bbox 820 1544 1095 1599; x_wconf 88' lang='lat' dir='ltr'><strong>inimicum</strong></span> <span class='ocrx_word' id='word_1_86' title='bbox 1121 1553 1356 1611; x_wconf 79' lang='lat' dir='ltr'><strong>capt-ret.</strong></span> 
     </span>
    </p>
   </div>
   <div class='ocr_carea' id='block_1_13' title="bbox 544 1630 2071 1707">
    <p class='ocr_par' dir='ltr' id='par_1_13' title="bbox 544 1630 2071 1707">
     <span class='ocr_line' id='line_1_13' title="bbox 544 1630 2071 1707; baseline -0.003 -16"><span class='ocrx_word' id='word_1_87' title='bbox 544 1636 600 1691; x_wconf 71' lang='lat'><strong>2.</strong></span> <span class='ocrx_word' id='word_1_88' title='bbox 636 1636 702 1695; x_wconf 84' lang='lat' dir='ltr'><strong>Et</strong></span> <span class='ocrx_word' id='word_1_89' title='bbox 730 1637 870 1701; x_wconf 85' lang='lat' dir='ltr'><strong>vide,</strong></span> <span class='ocrx_word' id='word_1_90' title='bbox 898 1640 1072 1707; x_wconf 87' lang='lat' dir='ltr'><strong>primo</strong></span> <span class='ocrx_word' id='word_1_91' title='bbox 1098 1637 1365 1705; x_wconf 83' lang='lat' dir='ltr'><strong>objurgat,</strong></span> <span class='ocrx_word' id='word_1_92' title='bbox 1392 1644 1444 1690; x_wconf 90' lang='lat' dir='ltr'><strong>et</strong></span> <span class='ocrx_word' id='word_1_93' title='bbox 1471 1646 1595 1689; x_wconf 89' lang='lat' dir='ltr'><strong>tunc</strong></span> <span class='ocrx_word' id='word_1_94' title='bbox 1620 1632 1792 1705; x_wconf 87' lang='lat' dir='ltr'><strong>punit.</strong></span> <span class='ocrx_word' id='word_1_95' title='bbox 1820 1630 2071 1688; x_wconf 73' lang='lat' dir='ltr'><strong>Ostendit</strong></span> 
     </span>
    </p>
   </div>
   <div class='ocr_carea' id='block_1_14' title="bbox 473 1724 2071 1796">
    <p class='ocr_par' dir='ltr' id='par_1_14' title="bbox 473 1724 2071 1796">
     <span class='ocr_line' id='line_1_14' title="bbox 473 1724 2071 1796; baseline -0.001 -14"><span class='ocrx_word' id='word_1_96' title='bbox 473 1738 652 1782; x_wconf 90' lang='lat' dir='ltr'><strong>autem</strong></span> <span class='ocrx_word' id='word_1_97' title='bbox 684 1728 831 1783; x_wconf 84' lang='lat' dir='ltr'><strong>illum</strong></span> <span class='ocrx_word' id='word_1_98' title='bbox 858 1728 1003 1795; x_wconf 88' lang='lat' dir='ltr'><strong>juste</strong></span> <span class='ocrx_word' id='word_1_99' title='bbox 1036 1727 1140 1796; x_wconf 88' lang='lat' dir='ltr'><strong>pati</strong></span> <span class='ocrx_word' id='word_1_100' title='bbox 1165 1744 1285 1782; x_wconf 82' lang='lat' dir='ltr'><strong>cum</strong></span> <span class='ocrx_word' id='word_1_101' title='bbox 1310 1728 1477 1782; x_wconf 81' lang='lat' dir='ltr'><strong>dicit:</strong></span> <span class='ocrx_word' id='word_1_102' title='bbox 1511 1725 1558 1780; x_wconf 93' lang='lat'><em>0</em></span> <span class='ocrx_word' id='word_1_103' title='bbox 1582 1728 1728 1796; x_wconf 85' lang='lat' dir='ltr'><strong>plene</strong></span> <span class='ocrx_word' id='word_1_104' title='bbox 1751 1727 1890 1780; x_wconf 86' lang='lat' dir='ltr'><strong>omni</strong></span> <span class='ocrx_word' id='word_1_105' title='bbox 1912 1724 2071 1780; x_wconf 80' lang='lat' dir='ltr'><strong>dolo!</strong></span> 
     </span>
    </p>
   </div>
   <div class='ocr_carea' id='block_1_15' title="bbox 475 1819 2069 1888">
    <p class='ocr_par' dir='ltr' id='par_1_15' title="bbox 475 1819 2069 1888">
     <span class='ocr_line' id='line_1_15' title="bbox 475 1819 2069 1888; baseline -0.001 -13"><span class='ocrx_word' id='word_1_106' title='bbox 475 1820 580 1877; x_wconf 88' lang='lat' dir='ltr'><strong>hoc</strong></span> <span class='ocrx_word' id='word_1_107' title='bbox 604 1832 725 1888; x_wconf 89' lang='lat' dir='ltr'><strong>est,</strong></span> <span class='ocrx_word' id='word_1_108' title='bbox 758 1822 888 1876; x_wconf 82' lang='lat' dir='ltr'><strong>nihil</strong></span> <span class='ocrx_word' id='word_1_109' title='bbox 931 1821 1055 1875; x_wconf 89' lang='lat' dir='ltr'><strong>dolo</strong></span> <span class='ocrx_word' id='word_1_110' title='bbox 1092 1836 1315 1874; x_wconf 87' lang='lat' dir='ltr'><strong>vacuum</strong></span> <span class='ocrx_word' id='word_1_111' title='bbox 1348 1820 1573 1875; x_wconf 81' lang='lat' dir='ltr'><strong>habens.</strong></span> <span class='ocrx_word' id='word_1_112' title='bbox 1620 1821 1687 1874; x_wconf 89' lang='lat' dir='ltr'><strong>Et</strong></span> <span class='ocrx_word' id='word_1_113' title='bbox 1716 1828 1861 1874; x_wconf 86' lang='lat' dir='ltr'><strong>recte</strong></span> <span class='ocrx_word' id='word_1_114' title='bbox 1899 1819 2069 1885; x_wconf 86' lang='lat' dir='ltr'><strong>dicit,</strong></span> 
     </span>
    </p>
   </div>
   <div class='ocr_carea' id='block_1_16' title="bbox 478 1911 2071 1982">
    <p class='ocr_par' dir='ltr' id='par_1_16' title="bbox 478 1911 2071 1982">
     <span class='ocr_line' id='line_1_16' title="bbox 478 1911 2071 1982; baseline -0.001 -15"><span class='ocrx_word' id='word_1_115' title='bbox 478 1911 631 1967; x_wconf 86' lang='lat' dir='ltr'><strong>Omni</strong></span> <span class='ocrx_word' id='word_1_116' title='bbox 672 1914 829 1979; x_wconf 79' lang='lat' dir='ltr'><strong>dolo;</strong></span> <span class='ocrx_word' id='word_1_117' title='bbox 860 1914 1142 1968; x_wconf 71' lang='lat' dir='ltr'><strong>simulabat</strong></span> <span class='ocrx_word' id='word_1_118' title='bbox 1171 1914 1336 1968; x_wconf 85' lang='lat' dir='ltr'><strong>enim.</strong></span> <span class='ocrx_word' id='word_1_119' title='bbox 1373 1912 1479 1967; x_wconf 80' lang='lat' dir='ltr'><strong>Fili</strong></span> <span class='ocrx_word' id='word_1_120' title='bbox 1519 1913 1707 1967; x_wconf 84' lang='lat' dir='ltr'><strong>diaboli</strong></span> <span class='ocrx_word' id='word_1_121' title='bbox 1732 1929 1752 1967; x_wconf 90' lang='lat'><strong><em>:</em></strong></span> <span class='ocrx_word' id='word_1_122' title='bbox 1776 1928 1898 1967; x_wconf 88' lang='lat' dir='ltr'><strong>nam</strong></span> <span class='ocrx_word' id='word_1_123' title='bbox 1935 1928 2071 1982; x_wconf 89' lang='lat' dir='ltr'><strong>opus</strong></span> 
     </span>
    </p>
   </div>
   <div class='ocr_carea' id='block_1_17' title="bbox 478 2002 2073 2075">
    <p class='ocr_par' dir='ltr' id='par_1_17' title="bbox 478 2002 2073 2075">
     <span class='ocr_line' id='line_1_17' title="bbox 478 2002 2073 2075; baseline 0.001 -17"><span class='ocrx_word' id='word_1_124' title='bbox 478 2004 625 2060; x_wconf 85' lang='lat' dir='ltr'><strong>illius</strong></span> <span class='ocrx_word' id='word_1_125' title='bbox 660 2004 870 2075; x_wconf 79' lang='lat' dir='ltr'><strong>agebat.</strong></span> <span class='ocrx_word' id='word_1_126' title='bbox 902 2002 1119 2058; x_wconf 87' lang='lat' dir='ltr'><strong>luimice</strong></span> <span class='ocrx_word' id='word_1_127' title='bbox 1146 2005 1310 2058; x_wconf 86' lang='lat' dir='ltr'><strong>omnis</strong></span> <span class='ocrx_word' id='word_1_128' title='bbox 1349 2005 1558 2068; x_wconf 71' lang='lat' dir='ltr'><strong>iustitia:</strong></span> <span class='ocrx_word' id='word_1_129' title='bbox 1586 2021 1604 2059; x_wconf 92' lang='lat'><strong><em>:</em></strong></span> <span class='ocrx_word' id='word_1_130' title='bbox 1633 2005 1747 2060; x_wconf 62' lang='lat' dir='ltr'><strong>hinc</strong></span> <span class='ocrx_word' id='word_1_131' title='bbox 1775 2004 1917 2059; x_wconf 80' lang='lat' dir='ltr'><strong>enim</strong></span> <span class='ocrx_word' id='word_1_132' title='bbox 1947 2020 2073 2060; x_wconf 87' lang='lat' dir='ltr'><strong>vere</strong></span> 
     </span>
    </p>
   </div>
   <div class='ocr_carea' id='block_1_18' title="bbox 475 2097 2073 2166">
    <p class='ocr_par' dir='ltr' id='par_1_18' title="bbox 475 2097 2073 2166">
     <span class='ocr_line' id='line_1_18' title="bbox 475 2097 2073 2166; baseline -0.001 -14"><span class='ocrx_word' id='word_1_133' title='bbox 475 2108 593 2152; x_wconf 87' lang='lat' dir='ltr'><strong>erat</strong></span> <span class='ocrx_word' id='word_1_134' title='bbox 632 2098 807 2151; x_wconf 83' lang='lat' dir='ltr'><strong>omnis</strong></span> <span class='ocrx_word' id='word_1_135' title='bbox 847 2097 1074 2166; x_wconf 87' lang='lat' dir='ltr'><strong>justitia.</strong></span> <span class='ocrx_word' id='word_1_136' title='bbox 1116 2097 1241 2151; x_wconf 79' lang='lat' dir='ltr'><strong>Mihi</strong></span> <span class='ocrx_word' id='word_1_137' title='bbox 1272 2098 1488 2153; x_wconf 87' lang='lat' dir='ltr'><strong>videtur</strong></span> <span class='ocrx_word' id='word_1_138' title='bbox 1525 2099 1625 2151; x_wconf 90' lang='lat' dir='ltr'><strong>hoc</strong></span> <span class='ocrx_word' id='word_1_139' title='bbox 1654 2097 1873 2161; x_wconf 86' lang='lat' dir='ltr'><strong>dicens,</strong></span> <span class='ocrx_word' id='word_1_140' title='bbox 1909 2097 2073 2151; x_wconf 90' lang='lat' dir='ltr'><strong>vitam</strong></span> 
     </span>
    </p>
   </div>
   <div class='ocr_carea' id='block_1_19' title="bbox 476 2190 2071 2261">
    <p class='ocr_par' dir='ltr' id='par_1_19' title="bbox 476 2190 2071 2261">
     <span class='ocr_line' id='line_1_19' title="bbox 476 2190 2071 2261; baseline 0.001 -16"><span class='ocrx_word' id='word_1_141' title='bbox 476 2190 619 2245; x_wconf 90' lang='lat' dir='ltr'><strong>illius</strong></span> <span class='ocrx_word' id='word_1_142' title='bbox 647 2191 989 2261; x_wconf 77' lang='lat' dir='ltr'><strong>redarguere.</strong></span> <span class='ocrx_word' id='word_1_143' title='bbox 1021 2190 1090 2246; x_wconf 87' lang='lat' dir='ltr'><strong>Ut</strong></span> <span class='ocrx_word' id='word_1_144' title='bbox 1113 2205 1290 2247; x_wconf 88' lang='lat' dir='ltr'><strong>autem</strong></span> <span class='ocrx_word' id='word_1_145' title='bbox 1312 2192 1624 2248; x_wconf 82' lang='lat' dir='ltr'><strong>ostenderet</strong></span> <span class='ocrx_word' id='word_1_146' title='bbox 1649 2191 1764 2247; x_wconf 47' lang='lat' dir='ltr'><strong>hate</strong></span> <span class='ocrx_word' id='word_1_147' title='bbox 1783 2192 1943 2246; x_wconf 91' lang='lat' dir='ltr'><strong>verba</strong></span> <span class='ocrx_word' id='word_1_148' title='bbox 1967 2207 2071 2246; x_wconf 92' lang='lat' dir='ltr'><strong>non</strong></span> 
     </span>
    </p>
   </div>
   <div class='ocr_carea' id='block_1_20' title="bbox 479 2281 2076 2357">
    <p class='ocr_par' dir='ltr' id='par_1_20' title="bbox 479 2281 2076 2357">
     <span class='ocr_line' id='line_1_20' title="bbox 479 2281 2076 2357; baseline 0.003 -22"><span class='ocrx_word' id='word_1_149' title='bbox 479 2281 548 2336; x_wconf 87' lang='lat' dir='ltr'><strong>ab</strong></span> <span class='ocrx_word' id='word_1_150' title='bbox 577 2282 651 2336; x_wconf 89' lang='lat' dir='ltr'><strong>ira</strong></span> <span class='ocrx_word' id='word_1_151' title='bbox 685 2282 968 2351; x_wconf 78' lang='lat' dir='ltr'><strong>pmlicisci,</strong></span> <span class='ocrx_word' id='word_1_152' title='bbox 999 2283 1143 2351; x_wconf 90' lang='lat' dir='ltr'><strong>prius</strong></span> <span class='ocrx_word' id='word_1_153' title='bbox 1168 2284 1302 2339; x_wconf 90' lang='lat' dir='ltr'><strong>dixit</strong></span> <span class='ocrx_word' id='word_1_154' title='bbox 1330 2301 1343 2337; x_wconf 91' lang='lat'><strong>:</strong></span> <span class='ocrx_word' id='word_1_155' title='bbox 1373 2283 1616 2353; x_wconf 80' lang='lat' dir='ltr'><strong>Repletus</strong></span> <span class='ocrx_word' id='word_1_156' title='bbox 1642 2284 1843 2357; x_wconf 85' lang='lat' dir='ltr'><strong>Spiritu</strong></span> <span class='ocrx_word' id='word_1_157' title='bbox 1866 2294 2076 2350; x_wconf 82' lang='lat' dir='ltr'><strong>sancto;</strong></span> 
     </span>
    </p>
   </div>
   <div class='ocr_carea' id='block_1_21' title="bbox 485 2374 2079 2451">
    <p class='ocr_par' dir='ltr' id='par_1_21' title="bbox 485 2374 2079 2451">
     <span class='ocr_line' id='line_1_21' title="bbox 485 2374 2079 2451; baseline 0.004 -23"><span class='ocrx_word' id='word_1_158' title='bbox 485 2374 590 2429; x_wconf 85' lang='lat' dir='ltr'><strong>hoc</strong></span> <span class='ocrx_word' id='word_1_159' title='bbox 615 2384 727 2440; x_wconf 86' lang='lat' dir='ltr'><strong>est,</strong></span> <span class='ocrx_word' id='word_1_160' title='bbox 757 2378 1092 2442; x_wconf 78' lang='lat' dir='ltr'><strong>operatione.</strong></span> <span class='ocrx_word' id='word_1_161' title='bbox 1119 2379 1184 2433; x_wconf 84' lang='lat' dir='ltr'><strong>Et</strong></span> <span class='ocrx_word' id='word_1_162' title='bbox 1205 2396 1341 2434; x_wconf 83' lang='lat' dir='ltr'><strong>nunc</strong></span> <span class='ocrx_word' id='word_1_163' title='bbox 1358 2396 1472 2435; x_wconf 87' lang='lat' dir='ltr'><strong>ecce</strong></span> <span class='ocrx_word' id='word_1_164' title='bbox 1489 2397 1672 2435; x_wconf 86' lang='lat' dir='ltr'><strong>manus</strong></span> <span class='ocrx_word' id='word_1_165' title='bbox 1692 2379 1900 2435; x_wconf 78' lang='lat' dir='ltr'><strong>Domini</strong></span> <span class='ocrx_word' id='word_1_166' title='bbox 1925 2397 2079 2451; x_wconf 91' lang='lat' dir='ltr'><strong>super</strong></span> 
     </span>
    </p>
   </div>
   <div class='ocr_carea' id='block_1_22' title="bbox 484 2452 2076 2536">
    <p class='ocr_par' dir='ltr' id='par_1_22' title="bbox 484 2452 2076 2536">
     <span class='ocr_line' id='line_1_22' title="bbox 484 2452 2076 2536; baseline 0.006 -18"><span class='ocrx_word' id='word_1_167' title='bbox 484 2452 549 2520; x_wconf 49' lang='lat' dir='ltr'><strong>te;</strong></span> <span class='ocrx_word' id='word_1_168' title='bbox 580 2467 696 2522; x_wconf 89' lang='lat' dir='ltr'><strong>Non</strong></span> <span class='ocrx_word' id='word_1_169' title='bbox 747 2469 878 2523; x_wconf 86' lang='lat' dir='ltr'><strong>ultio</strong></span> <span class='ocrx_word' id='word_1_170' title='bbox 915 2480 1070 2536; x_wconf 89' lang='lat' dir='ltr'><strong>erat,</strong></span> <span class='ocrx_word' id='word_1_171' title='bbox 1098 2470 1192 2526; x_wconf 90' lang='lat' dir='ltr'><strong>sed</strong></span> <span class='ocrx_word' id='word_1_172' title='bbox 1226 2472 1455 2526; x_wconf 78' lang='lat' dir='ltr'><strong>medela.</strong></span> <span class='ocrx_word' id='word_1_173' title='bbox 1489 2474 1567 2528; x_wconf 84' lang='lat' dir='ltr'><strong>Ac</strong></span> <span class='ocrx_word' id='word_1_174' title='bbox 1601 2473 1645 2527; x_wconf 88' lang='lat' dir='ltr'><strong>si</strong></span> <span class='ocrx_word' id='word_1_175' title='bbox 1683 2473 1890 2528; x_wconf 87' lang='lat' dir='ltr'><strong>diceret</strong></span> <span class='ocrx_word' id='word_1_176' title='bbox 1919 2492 1932 2527; x_wconf 90' lang='lat'>:</span> <span class='ocrx_word' id='word_1_177' title='bbox 1958 2473 2076 2529; x_wconf 88' lang='lat' dir='ltr'><strong>Non</strong></span> 
     </span>
    </p>
   </div>
   <div class='ocr_carea' id='block_1_23' title="bbox 483 2558 2074 2625">
    <p class='ocr_par' dir='ltr' id='par_1_23' title="bbox 483 2558 2074 2625">
     <span class='ocr_line' id='line_1_23' title="bbox 483 2558 2074 2625; baseline 0.005 -14"><span class='ocrx_word' id='word_1_178' title='bbox 483 2574 582 2625; x_wconf 75' lang='lat' dir='ltr'><strong>ego</strong></span> <span class='ocrx_word' id='word_1_179' title='bbox 609 2558 765 2619; x_wconf 87' lang='lat' dir='ltr'><strong>facio.</strong></span> <span class='ocrx_word' id='word_1_180' title='bbox 795 2560 890 2614; x_wconf 88' lang='lat' dir='ltr'><strong>sed</strong></span> <span class='ocrx_word' id='word_1_181' title='bbox 921 2561 1012 2616; x_wconf 89' lang='lat' dir='ltr'><strong>Dei</strong></span> <span class='ocrx_word' id='word_1_182' title='bbox 1044 2577 1255 2616; x_wconf 87' lang='lat' dir='ltr'><strong>manus.</strong></span> <span class='ocrx_word' id='word_1_183' title='bbox 1281 2562 1415 2619; x_wconf 85' lang='lat' dir='ltr'><strong>Vide</strong></span> <span class='ocrx_word' id='word_1_184' title='bbox 1445 2571 1502 2618; x_wconf 93' lang='lat' dir='ltr'><strong>ut</strong></span> <span class='ocrx_word' id='word_1_185' title='bbox 1529 2564 1736 2618; x_wconf 89' lang='lat' dir='ltr'><strong>alienus</strong></span> <span class='ocrx_word' id='word_1_186' title='bbox 1759 2575 1841 2619; x_wconf 89' lang='lat' dir='ltr'><strong>est</strong></span> <span class='ocrx_word' id='word_1_187' title='bbox 1860 2580 1891 2620; x_wconf 88' lang='lat' dir='ltr'><strong>a</strong></span> <span class='ocrx_word' id='word_1_188' title='bbox 1914 2564 2074 2619; x_wconf 87' lang='lat' dir='ltr'><strong>fastu.</strong></span> 
     </span>
    </p>
   </div>
   <div class='ocr_carea' id='block_1_24' title="bbox 484 2648 2079 2725">
    <p class='ocr_par' dir='ltr' id='par_1_24' title="bbox 484 2648 2079 2725">
     <span class='ocr_line' id='line_1_24' title="bbox 484 2648 2079 2725; baseline 0.008 -25"><span class='ocrx_word' id='word_1_189' title='bbox 484 2648 605 2721; x_wconf 77' lang='lat' dir='ltr'><strong>Eris</strong></span> <span class='ocrx_word' id='word_1_190' title='bbox 642 2666 805 2704; x_wconf 63' lang='lat' dir='ltr'><strong>caecus</strong></span> <span class='ocrx_word' id='word_1_191' title='bbox 829 2692 843 2716; x_wconf 90' lang='lat'><strong>,</strong></span> <span class='ocrx_word' id='word_1_192' title='bbox 877 2668 977 2705; x_wconf 88' lang='lat' dir='ltr'><strong>non</strong></span> <span class='ocrx_word' id='word_1_193' title='bbox 1014 2653 1190 2707; x_wconf 82' lang='lat' dir='ltr'><strong>videns</strong></span> <span class='ocrx_word' id='word_1_194' title='bbox 1223 2654 1379 2708; x_wconf 85' lang='lat' dir='ltr'><strong>solem</strong></span> <span class='ocrx_word' id='word_1_195' title='bbox 1418 2671 1574 2722; x_wconf 86' lang='lat' dir='ltr'><strong>usque</strong></span> <span class='ocrx_word' id='word_1_196' title='bbox 1610 2657 1680 2709; x_wconf 85' lang='lat' dir='ltr'><strong>ad</strong></span> <span class='ocrx_word' id='word_1_197' title='bbox 1715 2666 1928 2725; x_wconf 83' lang='lat' dir='ltr'><strong>tempus.</strong></span> <span class='ocrx_word' id='word_1_198' title='bbox 1967 2656 2079 2712; x_wconf 84' lang='lat' dir='ltr'><strong>Hoc</strong></span> 
     </span>
    </p>
   </div>
   <div class='ocr_carea' id='block_1_25' title="bbox 482 2739 2079 2820">
    <p class='ocr_par' dir='ltr' id='par_1_25' title="bbox 482 2739 2079 2820">
     <span class='ocr_line' id='line_1_25' title="bbox 482 2739 2079 2820; baseline 0.006 -25"><span class='ocrx_word' id='word_1_199' title='bbox 482 2739 654 2808; x_wconf 84' lang='lat' dir='ltr'><strong>dicit,</strong></span> <span class='ocrx_word' id='word_1_200' title='bbox 688 2750 744 2796; x_wconf 89' lang='lat' dir='ltr'><strong>ut</strong></span> <span class='ocrx_word' id='word_1_201' title='bbox 770 2743 859 2796; x_wconf 82' lang='lat' dir='ltr'><strong>det</strong></span> <span class='ocrx_word' id='word_1_202' title='bbox 902 2743 974 2797; x_wconf 90' lang='lat' dir='ltr'><strong>illi</strong></span> <span class='ocrx_word' id='word_1_203' title='bbox 1025 2747 1354 2814; x_wconf 63' lang='lat' dir='ltr'><strong>pmoitcntim</strong></span> <span class='ocrx_word' id='word_1_204' title='bbox 1397 2748 1596 2803; x_wconf 91' lang='lat' dir='ltr'><strong>locum.</strong></span> <span class='ocrx_word' id='word_1_205' title='bbox 1630 2749 1902 2820; x_wconf 86' lang='lat' dir='ltr'><strong>Nusquam</strong></span> <span class='ocrx_word' id='word_1_206' title='bbox 1933 2750 2079 2805; x_wconf 89' lang='lat' dir='ltr'><strong>enim</strong></span> 
     </span>
    </p>
   </div>
   <div class='ocr_carea' id='block_1_26' title="bbox 483 2834 2082 2912">
    <p class='ocr_par' dir='ltr' id='par_1_26' title="bbox 483 2834 2082 2912">
     <span class='ocr_line' id='line_1_26' title="bbox 483 2834 2082 2912; baseline 0.008 -26"><span class='ocrx_word' id='word_1_207' title='bbox 483 2834 736 2888; x_wconf 86' lang='lat' dir='ltr'><strong>volebant</strong></span> <span class='ocrx_word' id='word_1_208' title='bbox 761 2852 827 2890; x_wconf 85' lang='lat' dir='ltr'><strong>ex</strong></span> <span class='ocrx_word' id='word_1_209' title='bbox 856 2837 1098 2894; x_wconf 86' lang='lat' dir='ltr'><strong>tristibus</strong></span> <span class='ocrx_word' id='word_1_210' title='bbox 1127 2840 1400 2908; x_wconf 88' lang='lat' dir='ltr'><strong>conspicui</strong></span> <span class='ocrx_word' id='word_1_211' title='bbox 1429 2856 1570 2907; x_wconf 89' lang='lat' dir='ltr'><strong>esse,</strong></span> <span class='ocrx_word' id='word_1_212' title='bbox 1601 2845 1843 2912; x_wconf 83' lang='lat' dir='ltr'><strong>quamvis</strong></span> <span class='ocrx_word' id='word_1_213' title='bbox 1869 2843 1973 2898; x_wconf 89' lang='lat' dir='ltr'><strong>hoc</strong></span> <span class='ocrx_word' id='word_1_214' title='bbox 1995 2860 2082 2898; x_wconf 83' lang='lat' dir='ltr'><strong>er-</strong></span> 
     </span>
    </p>
   </div>
   <div class='ocr_carea' id='block_1_27' title="bbox 484 2925 2078 3003">
    <p class='ocr_par' dir='ltr' id='par_1_27' title="bbox 484 2925 2078 3003">
     <span class='ocr_line' id='line_1_27' title="bbox 484 2925 2078 3003; baseline 0.008 -27"><span class='ocrx_word' id='word_1_215' title='bbox 484 2940 548 2993; x_wconf 84' lang='lat' dir='ltr'><strong>ga</strong></span> <span class='ocrx_word' id='word_1_216' title='bbox 574 2925 814 2980; x_wconf 90' lang='lat' dir='ltr'><strong>inimicos</strong></span> <span class='ocrx_word' id='word_1_217' title='bbox 838 2930 1044 2981; x_wconf 87' lang='lat' dir='ltr'><strong>tierent.</strong></span> <span class='ocrx_word' id='word_1_218' title='bbox 1065 2930 1170 2983; x_wconf 85' lang='lat' dir='ltr'><strong>Sed</strong></span> <span class='ocrx_word' id='word_1_219' title='bbox 1186 2945 1308 2999; x_wconf 84' lang='lat' dir='ltr'><strong>erga</strong></span> <span class='ocrx_word' id='word_1_220' title='bbox 1332 2947 1461 2986; x_wconf 90' lang='lat' dir='ltr'><strong>suos</strong></span> <span class='ocrx_word' id='word_1_221' title='bbox 1478 2936 1599 3000; x_wconf 89' lang='lat' dir='ltr'><strong>jure</strong></span> <span class='ocrx_word' id='word_1_222' title='bbox 1620 2934 1835 3003; x_wconf 84' lang='lat' dir='ltr'><strong>quidem</strong></span> <span class='ocrx_word' id='word_1_223' title='bbox 1857 2935 2078 2989; x_wconf 86' lang='lat' dir='ltr'><strong>merito:</strong></span> 
     </span>
    </p>
   </div>
   <div class='ocr_carea' id='block_1_28' title="bbox 485 3017 2084 3094">
    <p class='ocr_par' dir='ltr' id='par_1_28' title="bbox 485 3017 2084 3094">
     <span class='ocr_line' id='line_1_28' title="bbox 485 3017 2084 3094; baseline 0.008 -25"><span class='ocrx_word' id='word_1_224' title='bbox 485 3031 607 3070; x_wconf 87' lang='lat' dir='ltr'><strong>cum</strong></span> <span class='ocrx_word' id='word_1_225' title='bbox 637 3032 764 3070; x_wconf 87' lang='lat' dir='ltr'><strong>vero</strong></span> <span class='ocrx_word' id='word_1_226' title='bbox 789 3017 857 3070; x_wconf 87' lang='lat' dir='ltr'><strong>de</strong></span> <span class='ocrx_word' id='word_1_227' title='bbox 886 3018 1075 3073; x_wconf 87' lang='lat' dir='ltr'><strong>alienis</strong></span> <span class='ocrx_word' id='word_1_228' title='bbox 1103 3032 1369 3087; x_wconf 69' lang='lat' dir='ltr'><strong>ageretur,</strong></span> <span class='ocrx_word' id='word_1_229' title='bbox 1401 3039 1505 3077; x_wconf 90' lang='lat' dir='ltr'><strong>non</strong></span> <span class='ocrx_word' id='word_1_230' title='bbox 1536 3025 1683 3088; x_wconf 87' lang='lat' dir='ltr'><strong>item,</strong></span> <span class='ocrx_word' id='word_1_231' title='bbox 1713 3040 1779 3079; x_wconf 93' lang='lat' dir='ltr'><strong>ne</strong></span> <span class='ocrx_word' id='word_1_232' title='bbox 1807 3036 2084 3094; x_wconf 79' lang='lat' dir='ltr'><strong>putaretur</strong></span> 
     </span>
    </p>
   </div>
   <div class='ocr_carea' id='block_1_29' title="bbox 489 3111 2115 3197">
    <p class='ocr_par' dir='ltr' id='par_1_29' title="bbox 489 3111 2115 3197">
     <span class='ocr_line' id='line_1_29' title="bbox 489 3111 2115 3197; baseline 0.007 -36"><span class='ocrx_word' id='word_1_233' title='bbox 489 3124 577 3162; x_wconf 85' lang='lat' dir='ltr'><strong>res</strong></span> <span class='ocrx_word' id='word_1_234' title='bbox 603 3125 666 3163; x_wconf 89' lang='lat' dir='ltr'><strong>ex</strong></span> <span class='ocrx_word' id='word_1_235' title='bbox 696 3111 1011 3165; x_wconf 82' lang='lat' dir='ltr'><strong>necchitate</strong></span> <span class='ocrx_word' id='word_1_236' title='bbox 1037 3123 1089 3166; x_wconf 93' lang='lat' dir='ltr'><strong>et</strong></span> <span class='ocrx_word' id='word_1_237' title='bbox 1122 3114 1310 3168; x_wconf 88' lang='lat' dir='ltr'><strong>timore</strong></span> <span class='ocrx_word' id='word_1_238' title='bbox 1340 3117 1620 3183; x_wconf 83' lang='lat' dir='ltr'><strong>proficisci.</strong></span> <span class='ocrx_word' id='word_1_239' title='bbox 1652 3118 1920 3175; x_wconf 67' lang='lat' dir='ltr'><strong>(la-citatis</strong></span> <span class='ocrx_word' id='word_1_240' title='bbox 1952 3135 2115 3197; x_wconf 76' lang='lat' dir='ltr'><strong>vero_</strong></span> 
     </span>
    </p>
   </div>
   <div class='ocr_carea' id='block_1_30' title="bbox 489 3199 2085 3275">
    <p class='ocr_par' dir='ltr' id='par_1_30' title="bbox 489 3199 2085 3275">
     <span class='ocr_line' id='line_1_30' title="bbox 489 3199 2085 3275; baseline 0.01 -24"><span class='ocrx_word' id='word_1_241' title='bbox 489 3199 698 3266; x_wconf 74' lang='lat' dir='ltr'><strong>signum</strong></span> <span class='ocrx_word' id='word_1_242' title='bbox 741 3199 876 3265; x_wconf 82' lang='lat' dir='ltr'><strong>fuit,</strong></span> <span class='ocrx_word' id='word_1_243' title='bbox 921 3202 1062 3270; x_wconf 87' lang='lat' dir='ltr'><strong>quod</strong></span> <span class='ocrx_word' id='word_1_244' title='bbox 1101 3203 1352 3258; x_wconf 89' lang='lat' dir='ltr'><strong>doctores</strong></span> <span class='ocrx_word' id='word_1_245' title='bbox 1388 3216 1673 3275; x_wconf 67' lang='lat' dir='ltr'><strong>quaereret.</strong></span> <span class='ocrx_word' id='word_1_246' title='bbox 1707 3209 1911 3264; x_wconf 87' lang='lat' dir='ltr'><strong>Deinde</strong></span> <span class='ocrx_word' id='word_1_247' title='bbox 1937 3212 2085 3268; x_wconf 82' lang='lat' dir='ltr'><strong>videt</strong></span> 
     </span>
    </p>
   </div>
   <div class='ocr_carea' id='block_1_31' title="bbox 487 3294 2087 3374">
    <p class='ocr_par' dir='ltr' id='par_1_31' title="bbox 487 3294 2087 3374">
     <span class='ocr_line' id='line_1_31' title="bbox 487 3294 2087 3374; baseline 0.009 -28"><span class='ocrx_word' id='word_1_248' title='bbox 487 3294 786 3347; x_wconf 65' lang='lat' dir='ltr'><strong>caecitatem</strong></span> <span class='ocrx_word' id='word_1_249' title='bbox 817 3295 1121 3362; x_wconf 88' lang='lat' dir='ltr'><strong>proconsul,</strong></span> <span class='ocrx_word' id='word_1_250' title='bbox 1154 3306 1205 3351; x_wconf 89' lang='lat' dir='ltr'><strong>et</strong></span> <span class='ocrx_word' id='word_1_251' title='bbox 1232 3299 1410 3352; x_wconf 86' lang='lat' dir='ltr'><strong>statim</strong></span> <span class='ocrx_word' id='word_1_252' title='bbox 1439 3300 1612 3355; x_wconf 87' lang='lat' dir='ltr'><strong>credit</strong></span> <span class='ocrx_word' id='word_1_253' title='bbox 1639 3319 1653 3355; x_wconf 92' lang='lat'>:</span> <span class='ocrx_word' id='word_1_254' title='bbox 1684 3318 1855 3369; x_wconf 89' lang='lat' dir='ltr'><strong>neque</strong></span> <span class='ocrx_word' id='word_1_255' title='bbox 1879 3303 2087 3374; x_wconf 81' lang='lat' dir='ltr'><strong>sitnpli—</strong></span> 
     </span>
    </p>
   </div>
   <div class='ocr_carea' id='block_1_32' title="bbox 489 3386 2082 3466">
    <p class='ocr_par' dir='ltr' id='par_1_32' title="bbox 489 3386 2082 3466">
     <span class='ocr_line' id='line_1_32' title="bbox 489 3386 2082 3466; baseline 0.009 -27"><span class='ocrx_word' id='word_1_256' title='bbox 489 3386 642 3449; x_wconf 81' lang='lat' dir='ltr'><strong>citer,</strong></span> <span class='ocrx_word' id='word_1_257' title='bbox 667 3388 760 3440; x_wconf 85' lang='lat' dir='ltr'><strong>sed</strong></span> <span class='ocrx_word' id='word_1_258' title='bbox 787 3387 1151 3459; x_wconf 75' lang='lat' dir='ltr'><strong>Obstupesceus</strong></span> <span class='ocrx_word' id='word_1_259' title='bbox 1176 3392 1340 3445; x_wconf 85' lang='lat' dir='ltr'><strong>:vidit</strong></span> <span class='ocrx_word' id='word_1_260' title='bbox 1359 3398 1500 3446; x_wconf 86' lang='lat' dir='ltr'><strong>enim</strong></span> <span class='ocrx_word' id='word_1_261' title='bbox 1526 3410 1631 3448; x_wconf 91' lang='lat' dir='ltr'><strong>non</strong></span> <span class='ocrx_word' id='word_1_262' title='bbox 1655 3394 1741 3449; x_wconf 91' lang='lat' dir='ltr'><strong>hic</strong></span> <span class='ocrx_word' id='word_1_263' title='bbox 1763 3397 1921 3451; x_wconf 86' lang='lat' dir='ltr'><strong>verba</strong></span> <span class='ocrx_word' id='word_1_264' title='bbox 1944 3397 2082 3466; x_wconf 88' lang='lat' dir='ltr'><strong>dari,</strong></span> 
     </span>
    </p>
   </div>
   <div class='ocr_carea' id='block_1_33' title="bbox 491 3479 2085 3553">
    <p class='ocr_par' dir='ltr' id='par_1_33' title="bbox 491 3479 2085 3553">
     <span class='ocr_line' id='line_1_33' title="bbox 491 3479 2085 3553; baseline 0.007 -22"><span class='ocrx_word' id='word_1_265' title='bbox 491 3492 667 3547; x_wconf 89' lang='lat' dir='ltr'><strong>neque</strong></span> <span class='ocrx_word' id='word_1_266' title='bbox 695 3479 915 3533; x_wconf 73' lang='lat' dir='ltr'><strong>fallaciis</strong></span> <span class='ocrx_word' id='word_1_267' title='bbox 943 3496 1055 3535; x_wconf 89' lang='lat' dir='ltr'><strong>rem</strong></span> <span class='ocrx_word' id='word_1_268' title='bbox 1083 3483 1186 3552; x_wconf 90' lang='lat' dir='ltr'><strong>agi.</strong></span> <span class='ocrx_word' id='word_1_269' title='bbox 1220 3483 1350 3539; x_wconf 84' lang='lat' dir='ltr'><strong>Vide</strong></span> <span class='ocrx_word' id='word_1_270' title='bbox 1375 3494 1628 3553; x_wconf 87' lang='lat' dir='ltr'><strong>quantum</strong></span> <span class='ocrx_word' id='word_1_271' title='bbox 1655 3487 1913 3542; x_wconf 70' lang='lat' dir='ltr'><strong>doctrina:</strong></span> <span class='ocrx_word' id='word_1_272' title='bbox 1937 3505 2085 3544; x_wconf 85' lang='lat' dir='ltr'><strong>anm-</strong></span> 
     </span>
    </p>
   </div>
   <div class='ocr_carea' id='block_1_34' title="bbox 492 3568 2084 3650">
    <p class='ocr_par' dir='ltr' id='par_1_34' title="bbox 492 3568 2084 3650">
     <span class='ocr_line' id='line_1_34' title="bbox 492 3568 2084 3650; baseline 0.01 -29"><span class='ocrx_word' id='word_1_273' title='bbox 492 3583 605 3622; x_wconf 88' lang='lat' dir='ltr'><strong>rem</strong></span> <span class='ocrx_word' id='word_1_274' title='bbox 650 3568 829 3623; x_wconf 83' lang='lat' dir='ltr'><strong>habuit</strong></span> <span class='ocrx_word' id='word_1_275' title='bbox 855 3612 870 3633; x_wconf 82' lang='lat'><strong>,</strong></span> <span class='ocrx_word' id='word_1_276' title='bbox 904 3571 993 3640; x_wconf 89' lang='lat' dir='ltr'><strong>qui</strong></span> <span class='ocrx_word' id='word_1_277' title='bbox 1038 3583 1239 3627; x_wconf 80' lang='lat' dir='ltr'><strong>tantum</strong></span> <span class='ocrx_word' id='word_1_278' title='bbox 1282 3576 1508 3645; x_wconf 77' lang='lat' dir='ltr'><strong>gerebat</strong></span> <span class='ocrx_word' id='word_1_279' title='bbox 1554 3578 1927 3650; x_wconf 84' lang='lat' dir='ltr'><strong>principatum.</strong></span> <span class='ocrx_word' id='word_1_280' title='bbox 1966 3581 2084 3637; x_wconf 88' lang='lat' dir='ltr'><strong>Non</strong></span> 
     </span>
    </p>
   </div>
   <div class='ocr_carea' id='block_1_35' title="bbox 491 3657 2088 3742">
    <p class='ocr_par' dir='ltr' id='par_1_35' title="bbox 491 3657 2088 3742">
     <span class='ocr_line' id='line_1_35' title="bbox 491 3657 2088 3742; baseline 0.011 -30"><span class='ocrx_word' id='word_1_281' title='bbox 491 3657 626 3713; x_wconf 78' lang='lat' dir='ltr'><strong>dixit</strong></span> <span class='ocrx_word' id='word_1_282' title='bbox 654 3676 809 3731; x_wconf 85' lang='lat' dir='ltr'><strong>mago</strong></span> <span class='ocrx_word' id='word_1_283' title='bbox 837 3662 1030 3717; x_wconf 82' lang='lat' dir='ltr'><strong>Paulus</strong></span> <span class='ocrx_word' id='word_1_284' title='bbox 1057 3682 1069 3719; x_wconf 75' lang='grc' dir='ltr'><strong>ε</strong></span> <span class='ocrx_word' id='word_1_285' title='bbox 1094 3664 1207 3718; x_wconf 81' lang='lat' dir='ltr'><strong>Non</strong></span> <span class='ocrx_word' id='word_1_286' title='bbox 1234 3665 1434 3722; x_wconf 87' lang='lat' dir='ltr'><strong>desinis</strong></span> <span class='ocrx_word' id='word_1_287' title='bbox 1458 3668 1772 3727; x_wconf 74' lang='lat' dir='ltr'><strong>subvertere</strong></span> <span class='ocrx_word' id='word_1_288' title='bbox 1794 3688 2088 3742; x_wconf 90' lang='lat' dir='ltr'><strong>proconsu-</strong></span> 
     </span>
    </p>
   </div>
   <div class='ocr_carea' id='block_1_36' title="bbox 492 3751 2088 3830">
    <p class='ocr_par' dir='ltr' id='par_1_36' title="bbox 492 3751 2088 3830">
     <span class='ocr_line' id='line_1_36' title="bbox 492 3751 2088 3830; baseline 0.011 -26"><span class='ocrx_word' id='word_1_289' title='bbox 492 3751 631 3819; x_wconf 90' lang='lat' dir='ltr'><strong>lem;</strong></span> <span class='ocrx_word' id='word_1_290' title='bbox 654 3753 769 3818; x_wconf 91' lang='lat' dir='ltr'><strong>sed,</strong></span> <span class='ocrx_word' id='word_1_291' title='bbox 807 3753 923 3809; x_wconf 78' lang='lat' dir='ltr'><strong>Vias</strong></span> <span class='ocrx_word' id='word_1_292' title='bbox 944 3754 1172 3823; x_wconf 83' lang='lat' dir='ltr'><strong>Domini,</strong></span> <span class='ocrx_word' id='word_1_293' title='bbox 1194 3760 1335 3828; x_wconf 90' lang='lat' dir='ltr'><strong>quod</strong></span> <span class='ocrx_word' id='word_1_294' title='bbox 1364 3762 1535 3828; x_wconf 85' lang='lat' dir='ltr'><strong>majus</strong></span> <span class='ocrx_word' id='word_1_295' title='bbox 1555 3772 1702 3830; x_wconf 86' lang='lat' dir='ltr'><strong>erat;</strong></span> <span class='ocrx_word' id='word_1_296' title='bbox 1727 3781 1795 3819; x_wconf 90' lang='lat' dir='ltr'><strong>ne</strong></span> <span class='ocrx_word' id='word_1_297' title='bbox 1813 3766 2088 3822; x_wconf 81' lang='lat' dir='ltr'><strong>videretur</strong></span> 
     </span>
    </p>
   </div>
   <div class='ocr_carea' id='block_1_37' title="bbox 491 3844 2083 3927">
    <p class='ocr_par' dir='ltr' id='par_1_37' title="bbox 491 3844 2083 3927">
     <span class='ocr_line' id='line_1_37' title="bbox 491 3844 2083 3927; baseline 0.011 -30"><span class='ocrx_word' id='word_1_298' title='bbox 491 3844 718 3900; x_wconf 88' lang='lat' dir='ltr'><strong>adulari.</strong></span> <span class='ocrx_word' id='word_1_299' title='bbox 754 3848 862 3901; x_wconf 79' lang='lat' dir='ltr'><strong>Cur</strong></span> <span class='ocrx_word' id='word_1_300' title='bbox 891 3850 1280 3906; x_wconf 76' lang='lat' dir='ltr'><strong>veroJoannes</strong></span> <span class='ocrx_word' id='word_1_301' title='bbox 1315 3854 1517 3910; x_wconf 86' lang='lat' dir='ltr'><strong>recedit</strong></span> <span class='ocrx_word' id='word_1_302' title='bbox 1553 3857 1622 3911; x_wconf 88' lang='lat' dir='ltr'><strong>ab</strong></span> <span class='ocrx_word' id='word_1_303' title='bbox 1649 3858 1768 3912; x_wconf 80' lang='lat' dir='ltr'><strong>eis?</strong></span> <span class='ocrx_word' id='word_1_304' title='bbox 1808 3874 1929 3914; x_wconf 90' lang='lat' dir='ltr'><strong>nam</strong></span> <span class='ocrx_word' id='word_1_305' title='bbox 1968 3860 2083 3927; x_wconf 88' lang='lat' dir='ltr'><strong>ait,</strong></span> 
     </span>
    </p>
   </div>
   <div class='ocr_carea' id='block_1_38' title="bbox 488 3935 2084 4020">
    <p class='ocr_par' dir='ltr' id='par_1_38' title="bbox 488 3935 2084 4020">
     <span class='ocr_line' id='line_1_38' title="bbox 488 3935 2084 4020; baseline 0.009 -27"><span class='ocrx_word' id='word_1_306' title='bbox 488 3935 720 3994; x_wconf 77' lang='lat' dir='ltr'><strong>Joannes</strong></span> <span class='ocrx_word' id='word_1_307' title='bbox 738 3942 974 3996; x_wconf 79' lang='lat' dir='ltr'><strong>recedens</strong></span> <span class='ocrx_word' id='word_1_308' title='bbox 992 3944 1056 3996; x_wconf 90' lang='lat' dir='ltr'><strong>ab</strong></span> <span class='ocrx_word' id='word_1_309' title='bbox 1082 3944 1172 4008; x_wconf 85' lang='lat' dir='ltr'><strong>eis,</strong></span> <span class='ocrx_word' id='word_1_310' title='bbox 1196 3959 1422 3999; x_wconf 79' lang='lat' dir='ltr'><strong>reversus</strong></span> <span class='ocrx_word' id='word_1_311' title='bbox 1443 3956 1514 4000; x_wconf 86' lang='lat' dir='ltr'><strong>est</strong></span> <span class='ocrx_word' id='word_1_312' title='bbox 1532 3946 1926 4020; x_wconf 80' lang='lat' dir='ltr'><strong>Jerosolymam.</strong></span> <span class='ocrx_word' id='word_1_313' title='bbox 1950 3951 2084 4020; x_wconf 83' lang='lat' dir='ltr'><strong>Quia</strong></span> 
     </span>
    </p>
   </div>
   <div class='ocr_carea' id='block_1_39' title="bbox 492 4031 2087 4113">
    <p class='ocr_par' dir='ltr' id='par_1_39' title="bbox 492 4031 2087 4113">
     <span class='ocr_line' id='line_1_39' title="bbox 492 4031 2087 4113; baseline 0.011 -29"><span class='ocrx_word' id='word_1_314' title='bbox 492 4031 703 4104; x_wconf 82' lang='lat' dir='ltr'><strong>longius</strong></span> <span class='ocrx_word' id='word_1_315' title='bbox 729 4034 982 4105; x_wconf 87' lang='lat' dir='ltr'><strong>deinceps</strong></span> <span class='ocrx_word' id='word_1_316' title='bbox 1013 4038 1115 4092; x_wconf 89' lang='lat' dir='ltr'><strong>iter</strong></span> <span class='ocrx_word' id='word_1_317' title='bbox 1137 4037 1499 4108; x_wconf 86' lang='lat' dir='ltr'><strong>suscipiebant</strong></span> <span class='ocrx_word' id='word_1_318' title='bbox 1526 4060 1539 4093; x_wconf 92' lang='lat'><strong>:</strong></span> <span class='ocrx_word' id='word_1_319' title='bbox 1569 4044 1814 4112; x_wconf 86' lang='lat' dir='ltr'><strong>quamvis</strong></span> <span class='ocrx_word' id='word_1_320' title='bbox 1845 4045 1957 4113; x_wconf 90' lang='lat' dir='ltr'><strong>ipse</strong></span> <span class='ocrx_word' id='word_1_321' title='bbox 1984 4047 2087 4100; x_wconf 85' lang='lat' dir='ltr'><strong>mi-</strong></span> 
     </span>
    </p>
   </div>
   <div class='ocr_carea' id='block_1_40' title="bbox 492 4126 2088 4199">
    <p class='ocr_par' dir='ltr' id='par_1_40' title="bbox 492 4126 2088 4199">
     <span class='ocr_line' id='line_1_40' title="bbox 492 4126 2088 4199; baseline 0.011 -21"><span class='ocrx_word' id='word_1_322' title='bbox 492 4126 659 4180; x_wconf 88' lang='lat' dir='ltr'><strong>nister</strong></span> <span class='ocrx_word' id='word_1_323' title='bbox 681 4138 856 4194; x_wconf 87' lang='lat' dir='ltr'><strong>esset;</strong></span> <span class='ocrx_word' id='word_1_324' title='bbox 884 4129 955 4183; x_wconf 89' lang='lat' dir='ltr'><strong>illi</strong></span> <span class='ocrx_word' id='word_1_325' title='bbox 979 4145 1107 4184; x_wconf 89' lang='lat' dir='ltr'><strong>vero</strong></span> <span class='ocrx_word' id='word_1_326' title='bbox 1133 4132 1427 4199; x_wconf 89' lang='lat' dir='ltr'><strong>periculum</strong></span> <span class='ocrx_word' id='word_1_327' title='bbox 1450 4134 1707 4190; x_wconf 90' lang='lat' dir='ltr'><strong>subirent.</strong></span> <span class='ocrx_word' id='word_1_328' title='bbox 1734 4136 1939 4193; x_wconf 79' lang='lat' dir='ltr'><strong>Rursus</strong></span> <span class='ocrx_word' id='word_1_329' title='bbox 1962 4139 2088 4194; x_wconf 82' lang='lat' dir='ltr'><strong>Per-</strong></span> 
     </span>
    </p>
   </div>
   <div class='ocr_carea' id='block_1_41' title="bbox 488 4221 2089 4291">
    <p class='ocr_par' dir='ltr' id='par_1_41' title="bbox 488 4221 2089 4291">
     <span class='ocr_line' id='line_1_41' title="bbox 488 4221 2089 4291; baseline 0.009 -19"><span class='ocrx_word' id='word_1_330' title='bbox 488 4234 593 4289; x_wconf 84' lang='lat' dir='ltr'><strong>gen</strong></span> <span class='ocrx_word' id='word_1_331' title='bbox 619 4221 919 4286; x_wconf 86' lang='lat' dir='ltr'><strong>venientes,</strong></span> <span class='ocrx_word' id='word_1_332' title='bbox 953 4233 1369 4291; x_wconf 64' lang='lat' dir='ltr'><strong>prietercurrunt</strong></span> <span class='ocrx_word' id='word_1_333' title='bbox 1399 4228 1532 4283; x_wconf 89' lang='lat' dir='ltr'><strong>alias</strong></span> <span class='ocrx_word' id='word_1_334' title='bbox 1557 4230 1800 4285; x_wconf 85' lang='lat' dir='ltr'><strong>civitates</strong></span> <span class='ocrx_word' id='word_1_335' title='bbox 1825 4249 1837 4284; x_wconf 95' lang='lat'><strong>:</strong></span> <span class='ocrx_word' id='word_1_336' title='bbox 1866 4248 1988 4286; x_wconf 88' lang='lat' dir='ltr'><strong>nam</strong></span> <span class='ocrx_word' id='word_1_337' title='bbox 2019 4232 2089 4287; x_wconf 87' lang='lat' dir='ltr'><strong>ad</strong></span> 
     </span>
    </p>
   </div>
   <div class='ocr_carea' id='block_1_42' title="bbox 490 4317 2085 4396">
    <p class='ocr_par' dir='ltr' id='par_1_42' title="bbox 490 4317 2085 4396">
     <span class='ocr_line' id='line_1_42' title="bbox 490 4317 2085 4396; baseline 0.007 -27"><span class='ocrx_word' id='word_1_338' title='bbox 490 4317 811 4386; x_wconf 89' lang='lat' dir='ltr'><strong>metropolin</strong></span> <span class='ocrx_word' id='word_1_339' title='bbox 856 4319 1194 4373; x_wconf 77' lang='lat' dir='ltr'><strong>Antiochiam</strong></span> <span class='ocrx_word' id='word_1_340' title='bbox 1237 4319 1578 4377; x_wconf 76' lang='lat' dir='ltr'><strong>festinabant.</strong></span> <span class='ocrx_word' id='word_1_341' title='bbox 1620 4324 1691 4379; x_wconf 82' lang='lat' dir='ltr'><strong>Et</strong></span> <span class='ocrx_word' id='word_1_342' title='bbox 1733 4326 1889 4392; x_wconf 86' lang='lat' dir='ltr'><strong>vide,</strong></span> <span class='ocrx_word' id='word_1_343' title='bbox 1925 4341 2085 4396; x_wconf 90' lang='lat' dir='ltr'><strong>quam</strong></span> 
     </span>
    </p>
   </div>
   <div class='ocr_carea' id='block_1_43' title="bbox 489 4407 2087 4488">
    <p class='ocr_par' dir='ltr' id='par_1_43' title="bbox 489 4407 2087 4488">
     <span class='ocr_line' id='line_1_43' title="bbox 489 4407 2087 4488; baseline 0.008 -29"><span class='ocrx_word' id='word_1_344' title='bbox 489 4407 808 4475; x_wconf 88' lang='lat' dir='ltr'><strong>compendio</strong></span> <span class='ocrx_word' id='word_1_345' title='bbox 835 4418 1018 4464; x_wconf 89' lang='lat' dir='ltr'><strong>narret</strong></span> <span class='ocrx_word' id='word_1_346' title='bbox 1046 4409 1298 4478; x_wconf 86' lang='lat' dir='ltr'><strong>scriptor.</strong></span> <span class='ocrx_word' id='word_1_347' title='bbox 1330 4411 1604 4480; x_wconf 79' lang='lat' dir='ltr'><strong>Sederaut,</strong></span> <span class='ocrx_word' id='word_1_348' title='bbox 1634 4416 1823 4487; x_wconf 85' lang='lat' dir='ltr'><strong>inquit,</strong></span> <span class='ocrx_word' id='word_1_349' title='bbox 1853 4417 1905 4471; x_wconf 88' lang='lat' dir='ltr'><strong>in</strong></span> <span class='ocrx_word' id='word_1_350' title='bbox 1931 4434 2087 4488; x_wconf 85' lang='lat' dir='ltr'><strong>syna-</strong></span> 
     </span>
    </p>
   </div>
   <div class='ocr_carea' id='block_1_44' title="bbox 488 4499 2089 4578">
    <p class='ocr_par' dir='ltr' id='par_1_44' title="bbox 488 4499 2089 4578">
     <span class='ocr_line' id='line_1_44' title="bbox 488 4499 2089 4578; baseline 0.011 -27"><span class='ocrx_word' id='word_1_351' title='bbox 488 4516 620 4570; x_wconf 81' lang='lat' dir='ltr'><strong>goga</strong></span> <span class='ocrx_word' id='word_1_352' title='bbox 647 4499 728 4552; x_wconf 83' lang='lat' dir='ltr'><strong>die</strong></span> <span class='ocrx_word' id='word_1_353' title='bbox 754 4499 1078 4556; x_wconf 75' lang='lat' dir='ltr'><strong>sabbatorum</strong></span> <span class='ocrx_word' id='word_1_354' title='bbox 1104 4518 1124 4557; x_wconf 91' lang='lat'><strong><em>:</em></strong></span> <span class='ocrx_word' id='word_1_355' title='bbox 1146 4515 1205 4558; x_wconf 89' lang='lat' dir='ltr'><strong>ut</strong></span> <span class='ocrx_word' id='word_1_356' title='bbox 1230 4508 1465 4571; x_wconf 79' lang='lat' dir='ltr'><strong>sermoni</strong></span> <span class='ocrx_word' id='word_1_357' title='bbox 1497 4508 1634 4562; x_wconf 90' lang='lat' dir='ltr'><strong>viam</strong></span> <span class='ocrx_word' id='word_1_358' title='bbox 1677 4523 1942 4578; x_wconf 89' lang='lat' dir='ltr'><strong>pararent.</strong></span> <span class='ocrx_word' id='word_1_359' title='bbox 1976 4511 2089 4568; x_wconf 88' lang='lat' dir='ltr'><strong>Nec</strong></span> 
     </span>
    </p>
   </div>
   <div class='ocr_carea' id='block_1_45' title="bbox 489 4589 2088 4673">
    <p class='ocr_par' dir='ltr' id='par_1_45' title="bbox 489 4589 2088 4673">
     <span class='ocr_line' id='line_1_45' title="bbox 489 4589 2088 4673; baseline 0.009 -31"><span class='ocrx_word' id='word_1_360' title='bbox 489 4589 696 4660; x_wconf 86' lang='lat' dir='ltr'><strong>priores</strong></span> <span class='ocrx_word' id='word_1_361' title='bbox 727 4590 1036 4661; x_wconf 75' lang='lat' dir='ltr'><strong>loquuntur,</strong></span> <span class='ocrx_word' id='word_1_362' title='bbox 1066 4595 1159 4649; x_wconf 87' lang='lat' dir='ltr'><strong>sed</strong></span> <span class='ocrx_word' id='word_1_363' title='bbox 1189 4595 1416 4661; x_wconf 85' lang='lat' dir='ltr'><strong>invitati,</strong></span> <span class='ocrx_word' id='word_1_364' title='bbox 1439 4607 1494 4652; x_wconf 91' lang='lat' dir='ltr'><strong>et</strong></span> <span class='ocrx_word' id='word_1_365' title='bbox 1517 4600 1666 4669; x_wconf 88' lang='lat' dir='ltr'><strong>quasi</strong></span> <span class='ocrx_word' id='word_1_366' title='bbox 1698 4601 1936 4671; x_wconf 90' lang='lat' dir='ltr'><strong>hospites</strong></span> <span class='ocrx_word' id='word_1_367' title='bbox 1962 4619 2088 4673; x_wconf 87' lang='lat' dir='ltr'><strong>pro-</strong></span> 
     </span>
    </p>
   </div>
   <div class='ocr_carea' id='block_1_46' title="bbox 488 4685 2085 4758">
    <p class='ocr_par' dir='ltr' id='par_1_46' title="bbox 488 4685 2085 4758">
     <span class='ocr_line' id='line_1_46' title="bbox 488 4685 2085 4758; baseline 0.01 -21"><span class='ocrx_word' id='word_1_368' title='bbox 488 4686 681 4740; x_wconf 86' lang='lat' dir='ltr'><strong>vocati.</strong></span> <span class='ocrx_word' id='word_1_369' title='bbox 711 4685 765 4741; x_wconf 90' lang='lat' dir='ltr'><strong>Si</strong></span> <span class='ocrx_word' id='word_1_370' title='bbox 795 4696 973 4742; x_wconf 90' lang='lat' dir='ltr'><strong>autem</strong></span> <span class='ocrx_word' id='word_1_371' title='bbox 1005 4703 1108 4743; x_wconf 90' lang='lat' dir='ltr'><strong>non</strong></span> <span class='ocrx_word' id='word_1_372' title='bbox 1141 4689 1211 4745; x_wconf 92' lang='lat' dir='ltr'><strong>ibi</strong></span> <span class='ocrx_word' id='word_1_373' title='bbox 1242 4691 1600 4758; x_wconf 90' lang='lat' dir='ltr'><strong>mansissent,</strong></span> <span class='ocrx_word' id='word_1_374' title='bbox 1642 4710 1821 4749; x_wconf 87' lang='lat' dir='ltr'><strong>sermo</strong></span> <span class='ocrx_word' id='word_1_375' title='bbox 1851 4712 1955 4750; x_wconf 92' lang='lat' dir='ltr'><strong>non</strong></span> <span class='ocrx_word' id='word_1_376' title='bbox 1984 4698 2085 4753; x_wconf 86' lang='lat' dir='ltr'><strong>ha-</strong></span> 
     </span>
    </p>
   </div>
   <div class='ocr_carea' id='block_1_47' title="bbox 491 4778 2086 4861">
    <p class='ocr_par' dir='ltr' id='par_1_47' title="bbox 491 4778 2086 4861">
     <span class='ocr_line' id='line_1_47' title="bbox 491 4778 2086 4861; baseline 0.011 -31"><span class='ocrx_word' id='word_1_377' title='bbox 491 4778 634 4833; x_wconf 89' lang='lat' dir='ltr'><strong>bitus</strong></span> <span class='ocrx_word' id='word_1_378' title='bbox 662 4778 867 4836; x_wconf 90' lang='lat' dir='ltr'><strong>fuisset.</strong></span> <span class='ocrx_word' id='word_1_379' title='bbox 892 4781 989 4835; x_wconf 87' lang='lat' dir='ltr'><strong>llic</strong></span> <span class='ocrx_word' id='word_1_380' title='bbox 1012 4782 1185 4853; x_wconf 89' lang='lat' dir='ltr'><strong>primo</strong></span> <span class='ocrx_word' id='word_1_381' title='bbox 1215 4784 1468 4853; x_wconf 62' lang='lat' dir='ltr'><strong>praedicat</strong></span> <span class='ocrx_word' id='word_1_382' title='bbox 1494 4786 1705 4842; x_wconf 87' lang='lat' dir='ltr'><strong>Paulus.</strong></span> <span class='ocrx_word' id='word_1_383' title='bbox 1734 4790 1798 4844; x_wconf 88' lang='lat' dir='ltr'><strong>Et</strong></span> <span class='ocrx_word' id='word_1_384' title='bbox 1823 4790 1944 4845; x_wconf 89' lang='lat' dir='ltr'><strong>vide</strong></span> <span class='ocrx_word' id='word_1_385' title='bbox 1970 4792 2086 4861; x_wconf 82' lang='lat' dir='ltr'><strong>ejus</strong></span> 
     </span>
    </p>
   </div>
   <div class='ocr_carea' id='block_1_48' title="bbox 489 4871 2080 4952">
    <p class='ocr_par' dir='ltr' id='par_1_48' title="bbox 489 4871 2080 4952">
     <span class='ocr_line' id='line_1_48' title="bbox 489 4871 2080 4952; baseline 0.011 -28"><span class='ocrx_word' id='word_1_386' title='bbox 489 4871 829 4940; x_wconf 88' lang='lat' dir='ltr'><strong>prudentiam</strong></span> <span class='ocrx_word' id='word_1_387' title='bbox 857 4892 869 4923; x_wconf 92' lang='lat'><strong>:</strong></span> <span class='ocrx_word' id='word_1_388' title='bbox 898 4875 983 4930; x_wconf 91' lang='lat' dir='ltr'><strong>ubi</strong></span> <span class='ocrx_word' id='word_1_389' title='bbox 1013 4891 1194 4931; x_wconf 91' lang='lat' dir='ltr'><strong>sermo</strong></span> <span class='ocrx_word' id='word_1_390' title='bbox 1220 4892 1438 4948; x_wconf 90' lang='lat' dir='ltr'><strong>sparsus</strong></span> <span class='ocrx_word' id='word_1_391' title='bbox 1466 4882 1667 4943; x_wconf 83' lang='lat' dir='ltr'><strong>fuerat,</strong></span> <span class='ocrx_word' id='word_1_392' title='bbox 1687 4888 2080 4952; x_wconf 64' lang='lat' dir='ltr'><strong>prietercnrrit;</strong></span> 
     </span>
    </p>
   </div>
   <div class='ocr_carea' id='block_1_49' title="bbox 491 4961 2086 5045">
    <p class='ocr_par' dir='ltr' id='par_1_49' title="bbox 491 4961 2086 5045">
     <span class='ocr_line' id='line_1_49' title="bbox 491 4961 2086 5045; baseline 0.013 -34"><span class='ocrx_word' id='word_1_393' title='bbox 491 4961 579 5014; x_wconf 90' lang='lat' dir='ltr'><strong>ubi</strong></span> <span class='ocrx_word' id='word_1_394' title='bbox 629 4978 756 5016; x_wconf 86' lang='lat' dir='ltr'><strong>vero</strong></span> <span class='ocrx_word' id='word_1_395' title='bbox 805 4965 982 5020; x_wconf 87' lang='lat' dir='ltr'><strong>nullus</strong></span> <span class='ocrx_word' id='word_1_396' title='bbox 1029 4966 1221 5031; x_wconf 87' lang='lat' dir='ltr'><strong>fuerat,</strong></span> <span class='ocrx_word' id='word_1_397' title='bbox 1268 4969 1469 5024; x_wconf 87' lang='lat' dir='ltr'><strong>diutius</strong></span> <span class='ocrx_word' id='word_1_398' title='bbox 1514 4983 1832 5037; x_wconf 57' lang='lat' dir='ltr'><strong>manet;,ut</strong></span> <span class='ocrx_word' id='word_1_399' title='bbox 1872 4985 1926 5030; x_wconf 89' lang='lat' dir='ltr'><strong>et</strong></span> <span class='ocrx_word' id='word_1_400' title='bbox 1970 4976 2086 5045; x_wconf 81' lang='lat' dir='ltr'><strong>ipse</strong></span> 
     </span>
    </p>
   </div>
   <div class='ocr_carea' id='block_1_50' title="bbox 490 5053 2084 5133">
    <p class='ocr_par' dir='ltr' id='par_1_50' title="bbox 490 5053 2084 5133">
     <span class='ocr_line' id='line_1_50' title="bbox 490 5053 2084 5133; baseline 0.012 -27"><span class='ocrx_word' id='word_1_401' title='bbox 490 5053 732 5108; x_wconf 63' lang='lat' dir='ltr'><strong>Sx-ribens</strong></span> <span class='ocrx_word' id='word_1_402' title='bbox 761 5056 890 5110; x_wconf 86' lang='lat' dir='ltr'><strong>dicit</strong></span> <span class='ocrx_word' id='word_1_403' title='bbox 920 5075 932 5111; x_wconf 91' lang='lat'><strong>:</strong></span> <span class='ocrx_word' id='word_1_404' title='bbox 964 5057 1053 5113; x_wconf 83' lang='lat' dir='ltr'><strong>Sic</strong></span> <span class='ocrx_word' id='word_1_405' title='bbox 1078 5070 1245 5113; x_wconf 86' lang='lat' dir='ltr'><strong>autem</strong></span> <span class='ocrx_word' id='word_1_406' title='bbox 1277 5062 1449 5115; x_wconf 80' lang='lat' dir='ltr'><strong>studui</strong></span> <span class='ocrx_word' id='word_1_407' title='bbox 1479 5065 1841 5133; x_wconf 81' lang='lat' dir='ltr'><strong>evattgelizare,</strong></span> <span class='ocrx_word' id='word_1_408' title='bbox 1872 5085 1974 5122; x_wconf 87' lang='lat' dir='ltr'><strong>non</strong></span> <span class='ocrx_word' id='word_1_409' title='bbox 1998 5070 2084 5125; x_wconf 83' lang='lat' dir='ltr'><strong>ubi</strong></span> 
     </span>
    </p>
   </div>
   <div class='ocr_carea' id='block_1_51' title="bbox 490 5146 2082 5224">
    <p class='ocr_par' dir='ltr' id='par_1_51' title="bbox 490 5146 2082 5224">
     <span class='ocr_line' id='line_1_51' title="bbox 490 5146 2082 5224; baseline 0.013 -27"><span class='ocrx_word' id='word_1_410' title='bbox 490 5146 778 5201; x_wconf 79' lang='lat' dir='ltr'><strong>nominatus</strong></span> <span class='ocrx_word' id='word_1_411' title='bbox 808 5158 880 5201; x_wconf 86' lang='lat' dir='ltr'><strong>est</strong></span> <span class='ocrx_word' id='word_1_412' title='bbox 905 5146 1134 5204; x_wconf 80' lang='lat' dir='ltr'><strong>Christus</strong></span> <span class='ocrx_word' id='word_1_413' title='bbox 1161 5150 1181 5222; x_wconf 88' lang='lat'>(</span> <span class='ocrx_word' id='word_1_414' title='bbox 1205 5151 1355 5208; x_wconf 75' lang='lat' dir='ltr'><strong>Rom.</strong></span> <span class='ocrx_word' id='word_1_415' title='bbox 1390 5155 1475 5209; x_wconf 81' lang='lat' dir='ltr'><strong>l5.</strong></span> <span class='ocrx_word' id='word_1_416' title='bbox 1504 5155 1576 5211; x_wconf 72' lang='lat'><strong>20</strong></span> <span class='ocrx_word' id='word_1_417' title='bbox 1597 5157 1638 5224; x_wconf 91' lang='lat'><strong>).</strong></span> <span class='ocrx_word' id='word_1_418' title='bbox 1670 5157 1782 5212; x_wconf 88' lang='lat' dir='ltr'><strong>Hoc</strong></span> <span class='ocrx_word' id='word_1_419' title='bbox 1811 5176 1937 5214; x_wconf 89' lang='lat' dir='ltr'><strong>vero</strong></span> <span class='ocrx_word' id='word_1_420' title='bbox 1964 5178 2082 5216; x_wconf 88' lang='lat' dir='ltr'><strong>ma-</strong></span> 
     </span>
    </p>
   </div>
   <div class='ocr_carea' id='block_1_52' title="bbox 487 5237 2085 5318">
    <p class='ocr_par' dir='ltr' id='par_1_52' title="bbox 487 5237 2085 5318">
     <span class='ocr_line' id='line_1_52' title="bbox 487 5237 2085 5318; baseline 0.013 -30"><span class='ocrx_word' id='word_1_421' title='bbox 487 5252 607 5307; x_wconf 75' lang='lat' dir='ltr'><strong>gna:</strong></span> <span class='ocrx_word' id='word_1_422' title='bbox 634 5237 961 5295; x_wconf 85' lang='lat' dir='ltr'><strong>fortitudinis</strong></span> <span class='ocrx_word' id='word_1_423' title='bbox 991 5251 1126 5296; x_wconf 87' lang='lat' dir='ltr'><strong>erat.</strong></span> <span class='ocrx_word' id='word_1_424' title='bbox 1159 5244 1296 5299; x_wconf 88' lang='lat' dir='ltr'><strong>Vere</strong></span> <span class='ocrx_word' id='word_1_425' title='bbox 1316 5262 1343 5297; x_wconf 89' lang='lat' dir='ltr'><strong>a</strong></span> <span class='ocrx_word' id='word_1_426' title='bbox 1371 5247 1629 5318; x_wconf 90' lang='lat' dir='ltr'><strong>principio</strong></span> <span class='ocrx_word' id='word_1_427' title='bbox 1653 5250 1982 5308; x_wconf 88' lang='lat' dir='ltr'><strong>admirabilis</strong></span> <span class='ocrx_word' id='word_1_428' title='bbox 2004 5256 2085 5309; x_wconf 90' lang='lat' dir='ltr'><strong>vir</strong></span> 
     </span>
    </p>
   </div>
   <div class='ocr_carea' id='block_1_53' title="bbox 490 5330 2085 5414">
    <p class='ocr_par' dir='ltr' id='par_1_53' title="bbox 490 5330 2085 5414">
     <span class='ocr_line' id='line_1_53' title="bbox 490 5330 2085 5414; baseline 0.009 -29"><span class='ocrx_word' id='word_1_429' title='bbox 490 5330 588 5385; x_wconf 88' lang='lat' dir='ltr'><strong>fuit</strong></span> <span class='ocrx_word' id='word_1_430' title='bbox 616 5350 628 5385; x_wconf 93' lang='lat'>:</span> <span class='ocrx_word' id='word_1_431' title='bbox 657 5332 946 5389; x_wconf 81' lang='lat' dir='ltr'><strong>crucifixus</strong></span> <span class='ocrx_word' id='word_1_432' title='bbox 966 5376 978 5397; x_wconf 88' lang='lat'><strong>,</strong></span> <span class='ocrx_word' id='word_1_433' title='bbox 1008 5335 1063 5389; x_wconf 90' lang='lat' dir='ltr'><strong>in</strong></span> <span class='ocrx_word' id='word_1_434' title='bbox 1092 5336 1209 5391; x_wconf 90' lang='lat' dir='ltr'><strong>acie</strong></span> <span class='ocrx_word' id='word_1_435' title='bbox 1237 5338 1462 5408; x_wconf 87' lang='lat' dir='ltr'><strong>positus,</strong></span> <span class='ocrx_word' id='word_1_436' title='bbox 1489 5342 1693 5396; x_wconf 86' lang='lat' dir='ltr'><strong>sciebat</strong></span> <span class='ocrx_word' id='word_1_437' title='bbox 1721 5356 1915 5414; x_wconf 88' lang='lat' dir='ltr'><strong>quanta</strong></span> <span class='ocrx_word' id='word_1_438' title='bbox 1949 5347 2085 5414; x_wconf 89' lang='lat' dir='ltr'><strong>poti-</strong></span> 
     </span>
    </p>
   </div>
   <div class='ocr_carea' id='block_1_54' title="bbox 488 5425 2084 5494">
    <p class='ocr_par' dir='ltr' id='par_1_54' title="bbox 488 5425 2084 5494">
     <span class='ocr_line' id='line_1_54' title="bbox 488 5425 2084 5494; baseline 0.009 -16"><span class='ocrx_word' id='word_1_439' title='bbox 488 5432 635 5478; x_wconf 84' lang='lat' dir='ltr'><strong>retur</strong></span> <span class='ocrx_word' id='word_1_440' title='bbox 678 5425 890 5494; x_wconf 85' lang='lat' dir='ltr'><strong>gratia;</strong></span> <span class='ocrx_word' id='word_1_441' title='bbox 933 5441 1026 5492; x_wconf 91' lang='lat' dir='ltr'><strong>par</strong></span> <span class='ocrx_word' id='word_1_442' title='bbox 1073 5427 1276 5482; x_wconf 71' lang='lat' dir='ltr'><strong>induxit</strong></span> <span class='ocrx_word' id='word_1_443' title='bbox 1319 5429 1572 5486; x_wconf 88' lang='lat' dir='ltr'><strong>studium.</strong></span> <span class='ocrx_word' id='word_1_444' title='bbox 1619 5432 1733 5488; x_wconf 89' lang='lat' dir='ltr'><strong>Non</strong></span> <span class='ocrx_word' id='word_1_445' title='bbox 1779 5437 2084 5492; x_wconf 86' lang='lat' dir='ltr'><strong>succensuit</strong></span> 
     </span>
    </p>
   </div>
   <div class='ocr_carea' id='block_1_55' title="bbox 488 5513 2079 5595">
    <p class='ocr_par' dir='ltr' id='par_1_55' title="bbox 488 5513 2079 5595">
     <span class='ocr_line' id='line_1_55' title="bbox 488 5513 2079 5595; baseline 0.011 -27"><span class='ocrx_word' id='word_1_446' title='bbox 488 5513 680 5570; x_wconf 88' lang='lat' dir='ltr'><strong>Joanni</strong></span> <span class='ocrx_word' id='word_1_447' title='bbox 712 5538 725 5572; x_wconf 89' lang='lat'><strong>:</strong></span> <span class='ocrx_word' id='word_1_448' title='bbox 755 5534 860 5573; x_wconf 92' lang='lat' dir='ltr'><strong>non</strong></span> <span class='ocrx_word' id='word_1_449' title='bbox 887 5519 1028 5572; x_wconf 87' lang='lat' dir='ltr'><strong>enim</strong></span> <span class='ocrx_word' id='word_1_450' title='bbox 1057 5518 1214 5590; x_wconf 87' lang='lat' dir='ltr'><strong>hujus</strong></span> <span class='ocrx_word' id='word_1_451' title='bbox 1239 5534 1355 5576; x_wconf 89' lang='lat' dir='ltr'><strong>erat</strong></span> <span class='ocrx_word' id='word_1_452' title='bbox 1381 5524 1480 5594; x_wconf 86' lang='lat' dir='ltr'><strong>(a),</strong></span> <span class='ocrx_word' id='word_1_453' title='bbox 1508 5525 1601 5580; x_wconf 82' lang='lat' dir='ltr'><strong>sed</strong></span> <span class='ocrx_word' id='word_1_454' title='bbox 1628 5528 1776 5595; x_wconf 89' lang='lat' dir='ltr'><strong>operi</strong></span> <span class='ocrx_word' id='word_1_455' title='bbox 1806 5529 2040 5583; x_wconf 80' lang='lat' dir='ltr'><strong>luerehat</strong></span> <span class='ocrx_word' id='word_1_456' title='bbox 2064 5548 2079 5585; x_wconf 90' lang='lat'><strong>:</strong></span> 
     </span>
    </p>
   </div>
   <div class='ocr_carea' id='block_1_56' title="bbox 490 5610 2082 5679">
    <p class='ocr_par' dir='ltr' id='par_1_56' title="bbox 490 5610 2082 5679">
     <span class='ocr_line' id='line_1_56' title="bbox 490 5610 2082 5679; baseline 0.011 -18"><span class='ocrx_word' id='word_1_457' title='bbox 490 5621 598 5662; x_wconf 90' lang='lat' dir='ltr'><strong>non</strong></span> <span class='ocrx_word' id='word_1_458' title='bbox 646 5610 989 5676; x_wconf 80' lang='lat' dir='ltr'><strong>formidavit,</strong></span> <span class='ocrx_word' id='word_1_459' title='bbox 1044 5629 1149 5670; x_wconf 90' lang='lat' dir='ltr'><strong>non</strong></span> <span class='ocrx_word' id='word_1_460' title='bbox 1200 5615 1373 5671; x_wconf 87' lang='lat' dir='ltr'><strong>timuit</strong></span> <span class='ocrx_word' id='word_1_461' title='bbox 1422 5618 1473 5673; x_wconf 91' lang='lat' dir='ltr'><strong>in</strong></span> <span class='ocrx_word' id='word_1_462' title='bbox 1522 5619 1694 5676; x_wconf 88' lang='lat' dir='ltr'><strong>media</strong></span> <span class='ocrx_word' id='word_1_463' title='bbox 1742 5621 2082 5679; x_wconf 84' lang='lat' dir='ltr'><strong>multitudine</strong></span> 
     </span>
    </p>
   </div>
   <div class='ocr_carea' id='block_1_57' title="bbox 558 5743 2074 5817">
    <p class='ocr_par' dir='ltr' id='par_1_57' title="bbox 558 5743 2074 5817">
     <span class='ocr_line' id='line_1_57' title="bbox 558 5743 2074 5817; baseline 0.013 -25"><span class='ocrx_word' id='word_1_464' title='bbox 558 5743 634 5817; x_wconf 59' lang='lat' dir='ltr'><strong>fa)</strong></span> <span class='ocrx_word' id='word_1_465' title='bbox 656 5749 855 5817; x_wconf 57' lang='grc' dir='ltr'>τείως</span> <span class='ocrx_word' id='word_1_466' title='bbox 885 5756 1079 5817; x_wconf 64' lang='lat' dir='ltr'><strong>meus</strong></span> <span class='ocrx_word' id='word_1_467' title='bbox 1099 5749 1252 5817; x_wconf 82' lang='lat' dir='ltr'><strong>habet</strong></span> <span class='ocrx_word' id='word_1_468' title='bbox 1273 5789 1288 5817; x_wconf 55' lang='grc' dir='ltr'><strong>ε</strong></span> <span class='ocrx_word' id='word_1_469' title='bbox 1323 5764 1365 5803; x_wconf 75' lang='grc' dir='ltr'><strong><em>ὠ</em></strong></span> <span class='ocrx_word' id='word_1_470' title='bbox 1388 5765 1456 5817; x_wconf 58' lang='grc' dir='ltr'><strong>γᾴρ</strong></span> <span class='ocrx_word' id='word_1_471' title='bbox 1474 5767 1610 5817; x_wconf 55' lang='grc' dir='ltr'><strong>τοὺτου</strong></span> <span class='ocrx_word' id='word_1_472' title='bbox 1642 5761 1698 5817; x_wconf 67' lang='grc' dir='ltr'><strong>ἦν.</strong></span> <span class='ocrx_word' id='word_1_473' title='bbox 1725 5764 1965 5810; x_wconf 80' lang='lat' dir='ltr'><strong>Dounaeus</strong></span> <span class='ocrx_word' id='word_1_474' title='bbox 2001 5772 2074 5811; x_wconf 78' lang='lat' dir='ltr'><strong>sic</strong></span> 
     </span>
    </p>
   </div>
   <div class='ocr_carea' id='block_1_58' title="bbox 490 5803 2075 5873">
    <p class='ocr_par' dir='ltr' id='par_1_58' title="bbox 490 5803 2075 5873">
     <span class='ocr_line' id='line_1_58' title="bbox 490 5803 2075 5873; baseline 0.016 -26"><span class='ocrx_word' id='word_1_475' title='bbox 490 5803 784 5873; x_wconf 63' lang='lat' dir='ltr'><strong>vertendum</strong></span> <span class='ocrx_word' id='word_1_476' title='bbox 809 5816 962 5873; x_wconf 75' lang='lat' dir='ltr'><strong>putat,</strong></span> <span class='ocrx_word' id='word_1_477' title='bbox 984 5818 1085 5859; x_wconf 68' lang='lat' dir='ltr'><strong>Non</strong></span> <span class='ocrx_word' id='word_1_478' title='bbox 1108 5812 1236 5861; x_wconf 84' lang='lat' dir='ltr'><strong>enim</strong></span> <span class='ocrx_word' id='word_1_479' title='bbox 1268 5803 1359 5865; x_wconf 60' lang='grc' dir='ltr'><strong>ἱνα)</strong></span> <span class='ocrx_word' id='word_1_480' title='bbox 1381 5803 1703 5868; x_wconf 50' lang='lat' dir='ltr'><strong>damnabili</strong></span> <span class='ocrx_word' id='word_1_481' title='bbox 1726 5803 1963 5873; x_wconf 56' lang='lat' dir='ltr'><strong>E&#39;éeiEiE</strong></span> <span class='ocrx_word' id='word_1_482' title='bbox 1973 5803 2075 5871; x_wconf 65' lang='lat' dir='ltr'><strong>for:</strong></span> 
     </span>
    </p>
   </div>
   <div class='ocr_carea' id='block_1_59' title="bbox 491 5863 2071 5947">
    <p class='ocr_par' dir='ltr' id='par_1_59' title="bbox 491 5863 2071 5947">
     <span class='ocr_line' id='line_1_59' title="bbox 491 5863 2071 5947; baseline 0.016 -37"><span class='ocrx_word' id='word_1_483' title='bbox 491 5863 990 5947; x_wconf 47' lang='lat' dir='ltr'><strong>Elafigﬁsplicandluni</strong></span> <span class='ocrx_word' id='word_1_484' title='bbox 1013 5884 1025 5917; x_wconf 93' lang='lat'>:</span> <span class='ocrx_word' id='word_1_485' title='bbox 1055 5879 1147 5947; x_wconf 47' lang='lat' dir='ltr'><strong>l[Jan</strong></span> <span class='ocrx_word' id='word_1_486' title='bbox 1167 5874 1295 5947; x_wconf 83' lang='lat' dir='ltr'><strong>enim</strong></span> <span class='ocrx_word' id='word_1_487' title='bbox 1316 5863 1473 5940; x_wconf 75' lang='lat' dir='ltr'><strong>ipsius</strong></span> <span class='ocrx_word' id='word_1_488' title='bbox 1484 5863 1634 5941; x_wconf 55' lang='lat' dir='ltr'><strong>alia}</strong></span> <span class='ocrx_word' id='word_1_489' title='bbox 1657 5863 1703 5929; x_wconf 78' lang='lat' dir='ltr'><strong>id</strong></span> <span class='ocrx_word' id='word_1_490' title='bbox 1731 5863 2071 5947; x_wconf 47' lang='lat' dir='ltr'><strong>esiiiiéiiiiié,</strong></span> 
     </span>
    </p>
   </div>
   <div class='ocr_carea' id='block_1_60' title="bbox 494 5920 1307 5987">
    <p class='ocr_par' dir='ltr' id='par_1_60' title="bbox 494 5920 1307 5987">
     <span class='ocr_line' id='line_1_60' title="bbox 494 5920 1307 5987; baseline 0.017 -16"><span class='ocrx_word' id='word_1_491' title='bbox 494 5920 582 5972; x_wconf 82' lang='lat' dir='ltr'><strong>sed</strong></span> <span class='ocrx_word' id='word_1_492' title='bbox 605 5920 765 5972; x_wconf 69' lang='lat' dir='ltr'><strong>Barba:</strong></span> <span class='ocrx_word' id='word_1_493' title='bbox 782 5940 837 5977; x_wconf 81' lang='lat' dir='ltr'><strong>as</strong></span> <span class='ocrx_word' id='word_1_494' title='bbox 862 5930 995 5979; x_wconf 87' lang='lat' dir='ltr'><strong>illum</strong></span> <span class='ocrx_word' id='word_1_495' title='bbox 1020 5920 1307 5987; x_wconf 69' lang='lat' dir='ltr'><strong>adduxerat.</strong></span> 
     </span>
    </p>
   </div>
   <div class='ocr_carea' id='block_1_61' title="bbox 1196 479 3011 551">
    <p class='ocr_par' dir='ltr' id='par_1_61' title="bbox 1196 479 3011 551">
     <span class='ocr_line' id='line_1_61' title="bbox 1196 479 3011 551; baseline -0.006 0"><span class='ocrx_word' id='word_1_496' title='bbox 1196 493 1254 551; x_wconf 90' lang='lat' dir='ltr'><strong>S.</strong></span> <span class='ocrx_word' id='word_1_497' title='bbox 1295 489 1575 550; x_wconf 74' lang='lat' dir='ltr'><strong>JOANNIS</strong></span> <span class='ocrx_word' id='word_1_498' title='bbox 1609 479 2092 543; x_wconf 73' lang='lat' dir='ltr'><strong>CHRYSOSTOMI</strong></span> <span class='ocrx_word' id='word_1_499' title='bbox 2131 480 2449 539; x_wconf 78' lang='lat' dir='ltr'><strong>ARCHIEP.</strong></span> <span class='ocrx_word' id='word_1_500' title='bbox 2480 481 3011 541; x_wconf 72' lang='lat' dir='ltr'><strong>CONSTANTINOP.</strong></span> 
     </span>
    </p>
   </div>
   <div class='ocr_carea' id='block_1_62' title="bbox 3658 496 3762 554">
    <p class='ocr_par' dir='ltr' id='par_1_62' title="bbox 3658 496 3762 554">
     <span class='ocr_line' id='line_1_62' title="bbox 3658 496 3762 554; baseline -0.019 -1"><span class='ocrx_word' id='word_1_501' title='bbox 3658 496 3762 554; x_wconf 69' lang='lat' dir='ltr'><strong>2f!</strong></span> 
     </span>
    </p>
   </div>
   <div class='ocr_carea' id='block_1_63' title="bbox 2170 598 3758 678">
    <p class='ocr_par' dir='ltr' id='par_1_63' title="bbox 2170 598 3758 678">
     <span class='ocr_line' id='line_1_63' title="bbox 2170 598 3758 678; baseline 0.004 -27"><span class='ocrx_word' id='word_1_502' title='bbox 2170 599 2475 673; x_wconf 80' lang='lat' dir='ltr'><strong>conclusus.</strong></span> <span class='ocrx_word' id='word_1_503' title='bbox 2504 598 2639 653; x_wconf 82' lang='lat' dir='ltr'><strong>Vide</strong></span> <span class='ocrx_word' id='word_1_504' title='bbox 2663 602 2933 670; x_wconf 84' lang='lat' dir='ltr'><strong>quomodo</strong></span> <span class='ocrx_word' id='word_1_505' title='bbox 2958 600 3285 672; x_wconf 87' lang='lat' dir='ltr'><strong>providetur,</strong></span> <span class='ocrx_word' id='word_1_506' title='bbox 3311 620 3377 658; x_wconf 90' lang='lat' dir='ltr'><strong>ne</strong></span> <span class='ocrx_word' id='word_1_507' title='bbox 3405 604 3606 663; x_wconf 84' lang='lat' dir='ltr'><strong>Paulus</strong></span> <span class='ocrx_word' id='word_1_508' title='bbox 3632 625 3758 678; x_wconf 68' lang='lat' dir='ltr'><strong>Imb.</strong></span> 
     </span>
    </p>
   </div>
   <div class='ocr_carea' id='block_1_64' title="bbox 2168 688 3758 769">
    <p class='ocr_par' dir='ltr' id='par_1_64' title="bbox 2168 688 3758 769">
     <span class='ocr_line' id='line_1_64' title="bbox 2168 688 3758 769; baseline 0.006 -24"><span class='ocrx_word' id='word_1_509' title='bbox 2168 688 2312 745; x_wconf 89' lang='lat' dir='ltr'><strong>dicet</strong></span> <span class='ocrx_word' id='word_1_510' title='bbox 2341 691 2392 744; x_wconf 92' lang='lat' dir='ltr'><strong>in</strong></span> <span class='ocrx_word' id='word_1_511' title='bbox 2422 690 2717 746; x_wconf 77' lang='lat' dir='ltr'><strong>Jerusalem</strong></span> <span class='ocrx_word' id='word_1_512' title='bbox 2747 709 2760 745; x_wconf 90' lang='lat'>:</span> <span class='ocrx_word' id='word_1_513' title='bbox 2789 691 3088 747; x_wconf 78' lang='lat' dir='ltr'><strong>sufﬁciebat</strong></span> <span class='ocrx_word' id='word_1_514' title='bbox 3119 693 3220 749; x_wconf 91' lang='lat' dir='ltr'><strong>hoc</strong></span> <span class='ocrx_word' id='word_1_515' title='bbox 3245 694 3455 760; x_wconf 88' lang='lat' dir='ltr'><strong>audire,</strong></span> <span class='ocrx_word' id='word_1_516' title='bbox 3481 699 3621 769; x_wconf 88' lang='lat' dir='ltr'><strong>quod</strong></span> <span class='ocrx_word' id='word_1_517' title='bbox 3646 715 3758 756; x_wconf 82' lang='lat' dir='ltr'><strong>cre-</strong></span> 
     </span>
    </p>
   </div>
   <div class='ocr_carea' id='block_1_65' title="bbox 2169 783 3768 863">
    <p class='ocr_par' dir='ltr' id='par_1_65' title="bbox 2169 783 3768 863">
     <span class='ocr_line' id='line_1_65' title="bbox 2169 783 3768 863; baseline 0.006 -25"><span class='ocrx_word' id='word_1_518' title='bbox 2169 783 2430 847; x_wconf 84' lang='lat' dir='ltr'><strong>didisset;</strong></span> <span class='ocrx_word' id='word_1_519' title='bbox 2487 784 2863 854; x_wconf 71' lang='lat' dir='ltr'><strong>pratdicantetn</strong></span> <span class='ocrx_word' id='word_1_520' title='bbox 2912 800 3038 840; x_wconf 87' lang='lat' dir='ltr'><strong>vero</strong></span> <span class='ocrx_word' id='word_1_521' title='bbox 3089 801 3193 841; x_wconf 90' lang='lat' dir='ltr'><strong>non</strong></span> <span class='ocrx_word' id='word_1_522' title='bbox 3250 789 3499 847; x_wconf 72' lang='lat' dir='ltr'><strong>tulissent</strong></span> <span class='ocrx_word' id='word_1_523' title='bbox 3548 803 3768 863; x_wconf 81' lang='lat' dir='ltr'><strong>propter</strong></span> 
     </span>
    </p>
   </div>
   <div class='ocr_carea' id='block_1_66' title="bbox 2169 874 3771 947">
    <p class='ocr_par' dir='ltr' id='par_1_66' title="bbox 2169 874 3771 947">
     <span class='ocr_line' id='line_1_66' title="bbox 2169 874 3771 947; baseline 0.005 -18"><span class='ocrx_word' id='word_1_524' title='bbox 2169 874 2348 929; x_wconf 91' lang='lat' dir='ltr'><strong>odium</strong></span> <span class='ocrx_word' id='word_1_525' title='bbox 2380 894 2392 926; x_wconf 92' lang='lat'><strong>:</strong></span> <span class='ocrx_word' id='word_1_526' title='bbox 2419 885 2474 931; x_wconf 90' lang='lat' dir='ltr'><strong>et</strong></span> <span class='ocrx_word' id='word_1_527' title='bbox 2512 877 2698 945; x_wconf 84' lang='lat' dir='ltr'><strong>procul</strong></span> <span class='ocrx_word' id='word_1_528' title='bbox 2740 878 2931 947; x_wconf 69' lang='lat' dir='ltr'><strong>migrat</strong></span> <span class='ocrx_word' id='word_1_529' title='bbox 2962 877 3050 932; x_wconf 86' lang='lat' dir='ltr'><strong>ubi</strong></span> <span class='ocrx_word' id='word_1_530' title='bbox 3085 888 3247 934; x_wconf 85' lang='lat' dir='ltr'><strong>notus</strong></span> <span class='ocrx_word' id='word_1_531' title='bbox 3275 896 3383 935; x_wconf 89' lang='lat' dir='ltr'><strong>non</strong></span> <span class='ocrx_word' id='word_1_532' title='bbox 3414 892 3551 941; x_wconf 89' lang='lat' dir='ltr'><strong>erat.</strong></span> <span class='ocrx_word' id='word_1_533' title='bbox 3583 883 3771 939; x_wconf 81' lang='lat' dir='ltr'><strong>Primo</strong></span> 
     </span>
    </p>
   </div>
   <div class='ocr_carea' id='block_1_67' title="bbox 2170 969 3769 1048">
    <p class='ocr_par' dir='ltr' id='par_1_67' title="bbox 2170 969 3769 1048">
     <span class='ocr_line' id='line_1_67' title="bbox 2170 969 3769 1048; baseline 0.009 -30"><span class='ocrx_word' id='word_1_534' title='bbox 2170 982 2382 1039; x_wconf 83' lang='lat' dir='ltr'><strong>magum</strong></span> <span class='ocrx_word' id='word_1_535' title='bbox 2425 969 2694 1039; x_wconf 86' lang='lat' dir='ltr'><strong>redarguit</strong></span> <span class='ocrx_word' id='word_1_536' title='bbox 2715 1011 2731 1036; x_wconf 88' lang='lat'><strong>,</strong></span> <span class='ocrx_word' id='word_1_537' title='bbox 2762 981 2816 1025; x_wconf 89' lang='lat' dir='ltr'><strong>et</strong></span> <span class='ocrx_word' id='word_1_538' title='bbox 2854 971 3026 1040; x_wconf 84' lang='lat' dir='ltr'><strong>qualis</strong></span> <span class='ocrx_word' id='word_1_539' title='bbox 3053 981 3199 1033; x_wconf 88' lang='lat' dir='ltr'><strong>esset</strong></span> <span class='ocrx_word' id='word_1_540' title='bbox 3225 976 3440 1041; x_wconf 85' lang='lat' dir='ltr'><strong>aperuit</strong></span> <span class='ocrx_word' id='word_1_541' title='bbox 3471 993 3485 1030; x_wconf 92' lang='lat'>:</span> <span class='ocrx_word' id='word_1_542' title='bbox 3514 977 3769 1048; x_wconf 86' lang='lat' dir='ltr'><strong>quodque</strong></span> 
     </span>
    </p>
   </div>
   <div class='ocr_carea' id='block_1_68' title="bbox 2172 1061 3768 1137">
    <p class='ocr_par' dir='ltr' id='par_1_68' title="bbox 2172 1061 3768 1137">
     <span class='ocr_line' id='line_1_68' title="bbox 2172 1061 3768 1137; baseline 0.006 -23"><span class='ocrx_word' id='word_1_543' title='bbox 2172 1061 2292 1120; x_wconf 86' lang='lat' dir='ltr'><strong>talis</strong></span> <span class='ocrx_word' id='word_1_544' title='bbox 2330 1071 2504 1125; x_wconf 82' lang='lat' dir='ltr'><strong>esset,</strong></span> <span class='ocrx_word' id='word_1_545' title='bbox 2536 1062 2742 1130; x_wconf 72' lang='lat' dir='ltr'><strong>signum</strong></span> <span class='ocrx_word' id='word_1_546' title='bbox 2785 1063 3043 1131; x_wconf 86' lang='lat' dir='ltr'><strong>probavit.</strong></span> <span class='ocrx_word' id='word_1_547' title='bbox 3083 1063 3198 1121; x_wconf 84' lang='lat' dir='ltr'><strong>Hoc</strong></span> <span class='ocrx_word' id='word_1_548' title='bbox 3237 1066 3446 1136; x_wconf 74' lang='lat' dir='ltr'><strong>signum</strong></span> <span class='ocrx_word' id='word_1_549' title='bbox 3487 1079 3605 1123; x_wconf 84' lang='lat' dir='ltr'><strong>erat</strong></span> <span class='ocrx_word' id='word_1_550' title='bbox 3645 1070 3768 1137; x_wconf 78' lang='lat' dir='ltr'><strong>ejus</strong></span> 
     </span>
    </p>
   </div>
   <div class='ocr_carea' id='block_1_69' title="bbox 2169 1154 3763 1227">
    <p class='ocr_par' dir='ltr' id='par_1_69' title="bbox 2169 1154 3763 1227">
     <span class='ocr_line' id='line_1_69' title="bbox 2169 1154 3763 1227; baseline 0.004 -20"><span class='ocrx_word' id='word_1_551' title='bbox 2169 1156 2364 1207; x_wconf 72' lang='lat' dir='ltr'><strong>anitum</strong></span> <span class='ocrx_word' id='word_1_552' title='bbox 2392 1154 2667 1209; x_wconf 79' lang='lat' dir='ltr'><strong>caecitatis.</strong></span> <span class='ocrx_word' id='word_1_553' title='bbox 2697 1154 2778 1209; x_wconf 78' lang='lat' dir='ltr'><strong>Ad</strong></span> <span class='ocrx_word' id='word_1_554' title='bbox 2812 1165 3018 1224; x_wconf 79' lang='lat' dir='ltr'><strong>tempus</strong></span> <span class='ocrx_word' id='word_1_555' title='bbox 3053 1158 3272 1224; x_wconf 75' lang='lat' dir='ltr'><strong>patitur,</strong></span> <span class='ocrx_word' id='word_1_556' title='bbox 3302 1166 3359 1213; x_wconf 92' lang='lat' dir='ltr'><strong>ut</strong></span> <span class='ocrx_word' id='word_1_557' title='bbox 3387 1160 3763 1227; x_wconf 64' lang='lat' dir='ltr'><strong>paenitentiam</strong></span> 
     </span>
    </p>
   </div>
   <div class='ocr_carea' id='block_1_70' title="bbox 2170 1246 3761 1324">
    <p class='ocr_par' dir='ltr' id='par_1_70' title="bbox 2170 1246 3761 1324">
     <span class='ocr_line' id='line_1_70' title="bbox 2170 1246 3761 1324; baseline 0.004 -25"><span class='ocrx_word' id='word_1_558' title='bbox 2170 1252 2310 1316; x_wconf 83' lang='lat' dir='ltr'><strong>agat.</strong></span> <span class='ocrx_word' id='word_1_559' title='bbox 2343 1246 2487 1301; x_wconf 88' lang='lat' dir='ltr'><strong>Bene</strong></span> <span class='ocrx_word' id='word_1_560' title='bbox 2511 1255 2688 1303; x_wconf 84' lang='lat' dir='ltr'><strong>autem</strong></span> <span class='ocrx_word' id='word_1_561' title='bbox 2718 1247 2771 1301; x_wconf 89' lang='lat' dir='ltr'><strong>in</strong></span> <span class='ocrx_word' id='word_1_562' title='bbox 2801 1249 3023 1302; x_wconf 77' lang='lat' dir='ltr'><strong>sabbato</strong></span> <span class='ocrx_word' id='word_1_563' title='bbox 3053 1247 3247 1305; x_wconf 83' lang='lat' dir='ltr'><strong>Paulus</strong></span> <span class='ocrx_word' id='word_1_564' title='bbox 3273 1250 3489 1307; x_wconf 85' lang='lat' dir='ltr'><strong>intravit</strong></span> <span class='ocrx_word' id='word_1_565' title='bbox 3515 1252 3567 1306; x_wconf 91' lang='lat' dir='ltr'><strong>in</strong></span> <span class='ocrx_word' id='word_1_566' title='bbox 3596 1267 3761 1324; x_wconf 80' lang='lat' dir='ltr'><strong>syna-</strong></span> 
     </span>
    </p>
   </div>
   <div class='ocr_carea' id='block_1_71' title="bbox 2170 1338 3759 1413">
    <p class='ocr_par' dir='ltr' id='par_1_71' title="bbox 2170 1338 3759 1413">
     <span class='ocr_line' id='line_1_71' title="bbox 2170 1338 3759 1413; baseline 0.006 -24"><span class='ocrx_word' id='word_1_567' title='bbox 2170 1351 2382 1408; x_wconf 81' lang='lat' dir='ltr'><strong>gogam,</strong></span> <span class='ocrx_word' id='word_1_568' title='bbox 2424 1338 2638 1407; x_wconf 87' lang='lat' dir='ltr'><strong>quando</strong></span> <span class='ocrx_word' id='word_1_569' title='bbox 2676 1354 2863 1395; x_wconf 83' lang='lat' dir='ltr'><strong>oman</strong></span> <span class='ocrx_word' id='word_1_570' title='bbox 2899 1341 3207 1411; x_wconf 82' lang='lat' dir='ltr'><strong>congregati</strong></span> <span class='ocrx_word' id='word_1_571' title='bbox 3236 1352 3405 1398; x_wconf 81' lang='lat' dir='ltr'><strong>erant.</strong></span> <span class='ocrx_word' id='word_1_572' title='bbox 3432 1344 3518 1401; x_wconf 78' lang='grc'><strong>15.</strong></span> <span class='ocrx_word' id='word_1_573' title='bbox 3544 1342 3609 1396; x_wconf 79' lang='lat' dir='ltr'><strong>Et</strong></span> <span class='ocrx_word' id='word_1_574' title='bbox 3637 1353 3759 1413; x_wconf 80' lang='lat' dir='ltr'><strong>post</strong></span> 
     </span>
    </p>
   </div>
   <div class='ocr_carea' id='block_1_72' title="bbox 2172 1429 3757 1504">
    <p class='ocr_par' dir='ltr' id='par_1_72' title="bbox 2172 1429 3757 1504">
     <span class='ocr_line' id='line_1_72' title="bbox 2172 1429 3757 1504; baseline 0.004 -21"><span class='ocrx_word' id='word_1_575' title='bbox 2172 1429 2455 1495; x_wconf 82' lang='lat' dir='ltr'><strong>lectionem,</strong></span> <span class='ocrx_word' id='word_1_576' title='bbox 2488 1430 2685 1501; x_wconf 91' lang='lat' dir='ltr'><strong>inquit,</strong></span> <span class='ocrx_word' id='word_1_577' title='bbox 2714 1432 2838 1502; x_wconf 80' lang='lat' dir='ltr'><strong>legis</strong></span> <span class='ocrx_word' id='word_1_578' title='bbox 2861 1441 2909 1485; x_wconf 89' lang='lat' dir='ltr'><strong>et</strong></span> <span class='ocrx_word' id='word_1_579' title='bbox 2938 1434 3319 1502; x_wconf 80' lang='lat' dir='ltr'><strong>prophetarum,</strong></span> <span class='ocrx_word' id='word_1_580' title='bbox 3346 1436 3581 1489; x_wconf 79' lang='lat' dir='ltr'><strong>miserunt</strong></span> <span class='ocrx_word' id='word_1_581' title='bbox 3611 1439 3757 1504; x_wconf 82' lang='lat' dir='ltr'><strong>priu-</strong></span> 
     </span>
    </p>
   </div>
   <div class='ocr_carea' id='block_1_73' title="bbox 2170 1520 3757 1595">
    <p class='ocr_par' dir='ltr' id='par_1_73' title="bbox 2170 1520 3757 1595">
     <span class='ocr_line' id='line_1_73' title="bbox 2170 1520 3757 1595; baseline 0.007 -21"><span class='ocrx_word' id='word_1_582' title='bbox 2170 1520 2309 1590; x_wconf 78' lang='lat' dir='ltr'><strong>cipes</strong></span> <span class='ocrx_word' id='word_1_583' title='bbox 2335 1537 2610 1592; x_wconf 69' lang='lat' dir='ltr'><strong>synagoga</strong></span> <span class='ocrx_word' id='word_1_584' title='bbox 2631 1563 2648 1588; x_wconf 91' lang='lat'><strong>,</strong></span> <span class='ocrx_word' id='word_1_585' title='bbox 2674 1523 2892 1579; x_wconf 81' lang='lat' dir='ltr'><strong>dicentes</strong></span> <span class='ocrx_word' id='word_1_586' title='bbox 2919 1541 2939 1578; x_wconf 87' lang='lat'><strong><em>:</em></strong></span> <span class='ocrx_word' id='word_1_587' title='bbox 2976 1523 3081 1578; x_wconf 76' lang='lat' dir='ltr'><strong>Viri</strong></span> <span class='ocrx_word' id='word_1_588' title='bbox 3107 1529 3292 1595; x_wconf 79' lang='lat' dir='ltr'><strong>fratres</strong></span> <span class='ocrx_word' id='word_1_589' title='bbox 3310 1568 3324 1591; x_wconf 90' lang='lat'><strong>,</strong></span> <span class='ocrx_word' id='word_1_590' title='bbox 3356 1528 3403 1583; x_wconf 75' lang='lat' dir='ltr'><strong>si</strong></span> <span class='ocrx_word' id='word_1_591' title='bbox 3442 1537 3511 1581; x_wconf 85' lang='lat' dir='ltr'><strong>est</strong></span> <span class='ocrx_word' id='word_1_592' title='bbox 3537 1529 3590 1581; x_wconf 85' lang='lat' dir='ltr'><strong>in</strong></span> <span class='ocrx_word' id='word_1_593' title='bbox 3615 1531 3757 1584; x_wconf 81' lang='lat' dir='ltr'><strong>vobis</strong></span> 
     </span>
    </p>
   </div>
   <div class='ocr_carea' id='block_1_74' title="bbox 2171 1616 3764 1688">
    <p class='ocr_par' dir='ltr' id='par_1_74' title="bbox 2171 1616 3764 1688">
     <span class='ocr_line' id='line_1_74' title="bbox 2171 1616 3764 1688; baseline 0.005 -19"><span class='ocrx_word' id='word_1_594' title='bbox 2171 1630 2336 1670; x_wconf 85' lang='lat' dir='ltr'><strong>sermo</strong></span> <span class='ocrx_word' id='word_1_595' title='bbox 2361 1616 2726 1672; x_wconf 71' lang='lat' dir='ltr'><strong>exhortationis</strong></span> <span class='ocrx_word' id='word_1_596' title='bbox 2748 1618 2816 1670; x_wconf 81' lang='lat' dir='ltr'><strong>ad</strong></span> <span class='ocrx_word' id='word_1_597' title='bbox 2843 1620 3107 1688; x_wconf 83' lang='lat' dir='ltr'><strong>populum,</strong></span> <span class='ocrx_word' id='word_1_598' title='bbox 3131 1620 3304 1677; x_wconf 72' lang='lat' dir='ltr'><strong>dicite.</strong></span> <span class='ocrx_word' id='word_1_599' title='bbox 3334 1620 3467 1678; x_wconf 83' lang='lat' dir='ltr'><strong>Vide</strong></span> <span class='ocrx_word' id='word_1_600' title='bbox 3495 1621 3611 1677; x_wconf 88' lang='lat' dir='ltr'><strong>illos</strong></span> <span class='ocrx_word' id='word_1_601' title='bbox 3635 1632 3764 1677; x_wconf 83' lang='lat' dir='ltr'><strong>tunc</strong></span> 
     </span>
    </p>
   </div>
   <div class='ocr_carea' id='block_1_75' title="bbox 2173 1706 3770 1780">
    <p class='ocr_par' dir='ltr' id='par_1_75' title="bbox 2173 1706 3770 1780">
     <span class='ocr_line' id='line_1_75' title="bbox 2173 1706 3770 1780; baseline 0.006 -19"><span class='ocrx_word' id='word_1_602' title='bbox 2173 1706 2290 1762; x_wconf 89' lang='lat' dir='ltr'><strong>sine</strong></span> <span class='ocrx_word' id='word_1_603' title='bbox 2320 1706 2516 1761; x_wconf 83' lang='lat' dir='ltr'><strong>invidia</strong></span> <span class='ocrx_word' id='word_1_604' title='bbox 2547 1709 2756 1778; x_wconf 86' lang='lat' dir='ltr'><strong>copiam</strong></span> <span class='ocrx_word' id='word_1_605' title='bbox 2787 1710 2994 1773; x_wconf 86' lang='lat' dir='ltr'><strong>facere;</strong></span> <span class='ocrx_word' id='word_1_606' title='bbox 3026 1724 3208 1780; x_wconf 85' lang='lat' dir='ltr'><strong>postea</strong></span> <span class='ocrx_word' id='word_1_607' title='bbox 3240 1728 3368 1768; x_wconf 86' lang='lat' dir='ltr'><strong>vero</strong></span> <span class='ocrx_word' id='word_1_608' title='bbox 3394 1727 3502 1768; x_wconf 89' lang='lat' dir='ltr'><strong>non</strong></span> <span class='ocrx_word' id='word_1_609' title='bbox 3534 1714 3678 1767; x_wconf 88' lang='lat' dir='ltr'><strong>item.</strong></span> <span class='ocrx_word' id='word_1_610' title='bbox 3707 1714 3770 1770; x_wconf 78' lang='lat' dir='ltr'><strong>Si</strong></span> 
     </span>
    </p>
   </div>
   <div class='ocr_carea' id='block_1_76' title="bbox 2175 1798 3771 1877">
    <p class='ocr_par' dir='ltr' id='par_1_76' title="bbox 2175 1798 3771 1877">
     <span class='ocr_line' id='line_1_76' title="bbox 2175 1798 3771 1877; baseline 0.005 -24"><span class='ocrx_word' id='word_1_611' title='bbox 2175 1798 2278 1855; x_wconf 90' lang='lat' dir='ltr'><strong>hoc</strong></span> <span class='ocrx_word' id='word_1_612' title='bbox 2296 1800 2619 1863; x_wconf 85' lang='lat' dir='ltr'><strong>volnissetis,</strong></span> <span class='ocrx_word' id='word_1_613' title='bbox 2636 1803 2803 1872; x_wconf 82' lang='lat' dir='ltr'><strong>magis</strong></span> <span class='ocrx_word' id='word_1_614' title='bbox 2819 1805 3100 1871; x_wconf 69' lang='lat' dir='ltr'><strong>«quirtebat</strong></span> <span class='ocrx_word' id='word_1_615' title='bbox 3117 1805 3408 1863; x_wconf 77' lang='lat' dir='ltr'><strong>exhortari.</strong></span> <span class='ocrx_word' id='word_1_616' title='bbox 3434 1804 3607 1872; x_wconf 84' lang='lat' dir='ltr'><strong>Sed,o</strong></span> <span class='ocrx_word' id='word_1_617' title='bbox 3629 1808 3771 1877; x_wconf 88' lang='lat' dir='ltr'><strong>priu-</strong></span> 
     </span>
    </p>
   </div>
   <div class='ocr_carea' id='block_1_77' title="bbox 2174 1891 3765 1969">
    <p class='ocr_par' dir='ltr' id='par_1_77' title="bbox 2174 1891 3765 1969">
     <span class='ocr_line' id='line_1_77' title="bbox 2174 1891 3765 1969; baseline 0.001 -23"><span class='ocrx_word' id='word_1_618' title='bbox 2174 1891 2382 1962; x_wconf 88' lang='lat' dir='ltr'><strong>cipatns</strong></span> <span class='ocrx_word' id='word_1_619' title='bbox 2410 1908 2648 1949; x_wconf 88' lang='lat' dir='ltr'><strong>amorem</strong></span> <span class='ocrx_word' id='word_1_620' title='bbox 2674 1895 2688 1948; x_wconf 88' lang='lat'><strong>!</strong></span> <span class='ocrx_word' id='word_1_621' title='bbox 2720 1911 2753 1950; x_wconf 90' lang='grc' dir='ltr'><strong>ο</strong></span> <span class='ocrx_word' id='word_1_622' title='bbox 2779 1911 2966 1951; x_wconf 81' lang='lat' dir='ltr'><strong>vanam</strong></span> <span class='ocrx_word' id='word_1_623' title='bbox 2997 1896 3217 1967; x_wconf 88' lang='lat' dir='ltr'><strong>gloriam</strong></span> <span class='ocrx_word' id='word_1_624' title='bbox 3241 1898 3255 1952; x_wconf 74' lang='grc' dir='ltr'>Ξ</span> <span class='ocrx_word' id='word_1_625' title='bbox 3283 1899 3556 1969; x_wconf 73' lang='lat' dir='ltr'><strong>quonwdo</strong></span> <span class='ocrx_word' id='word_1_626' title='bbox 3584 1901 3765 1956; x_wconf 66' lang='lat' dir='ltr'><strong>omnia</strong></span> 
     </span>
    </p>
   </div>
   <div class='ocr_carea' id='block_1_78' title="bbox 2176 1985 3758 2059">
    <p class='ocr_par' dir='ltr' id='par_1_78' title="bbox 2176 1985 3758 2059">
     <span class='ocr_line' id='line_1_78' title="bbox 2176 1985 3758 2059; baseline 0.003 -21"><span class='ocrx_word' id='word_1_627' title='bbox 2176 1985 2436 2039; x_wconf 81' lang='lat' dir='ltr'><strong>subvertit</strong></span> <span class='ocrx_word' id='word_1_628' title='bbox 2455 1995 2510 2039; x_wconf 86' lang='lat' dir='ltr'><strong>et</strong></span> <span class='ocrx_word' id='word_1_629' title='bbox 2540 1988 2712 2055; x_wconf 86' lang='lat' dir='ltr'><strong>perdit</strong></span> <span class='ocrx_word' id='word_1_630' title='bbox 2739 2004 2752 2042; x_wconf 91' lang='lat'><strong>:</strong></span> <span class='ocrx_word' id='word_1_631' title='bbox 2780 1998 2964 2044; x_wconf 88' lang='lat' dir='ltr'><strong>contra</strong></span> <span class='ocrx_word' id='word_1_632' title='bbox 2996 1992 3285 2059; x_wconf 80' lang='lat' dir='ltr'><strong>pr0priam,</strong></span> <span class='ocrx_word' id='word_1_633' title='bbox 3308 2000 3493 2046; x_wconf 87' lang='lat' dir='ltr'><strong>contra</strong></span> <span class='ocrx_word' id='word_1_634' title='bbox 3526 1999 3758 2045; x_wconf 87' lang='lat' dir='ltr'><strong>tnutuam</strong></span> 
     </span>
    </p>
   </div>
   <div class='ocr_carea' id='block_1_79' title="bbox 2177 2077 3761 2150">
    <p class='ocr_par' dir='ltr' id='par_1_79' title="bbox 2177 2077 3761 2150">
     <span class='ocr_line' id='line_1_79' title="bbox 2177 2077 3761 2150; baseline 0.007 -20"><span class='ocrx_word' id='word_1_635' title='bbox 2177 2077 2403 2134; x_wconf 87' lang='lat' dir='ltr'><strong>salutem</strong></span> <span class='ocrx_word' id='word_1_636' title='bbox 2433 2089 2576 2136; x_wconf 88' lang='lat' dir='ltr'><strong>stare</strong></span> <span class='ocrx_word' id='word_1_637' title='bbox 2603 2081 2791 2136; x_wconf 89' lang='lat' dir='ltr'><strong>suadet</strong></span> <span class='ocrx_word' id='word_1_638' title='bbox 2820 2099 2833 2135; x_wconf 92' lang='lat'><strong>:</strong></span> <span class='ocrx_word' id='word_1_639' title='bbox 2864 2082 2933 2136; x_wconf 87' lang='lat' dir='ltr'><strong>ita</strong></span> <span class='ocrx_word' id='word_1_640' title='bbox 2962 2098 3137 2138; x_wconf 66' lang='lat' dir='ltr'><strong>caecos</strong></span> <span class='ocrx_word' id='word_1_641' title='bbox 3164 2082 3327 2139; x_wconf 87' lang='lat' dir='ltr'><strong>eflicit</strong></span> <span class='ocrx_word' id='word_1_642' title='bbox 3355 2085 3398 2150; x_wconf 76' lang='grc'><strong>⁸,</strong></span> <span class='ocrx_word' id='word_1_643' title='bbox 3428 2095 3485 2139; x_wconf 83' lang='grc' dir='ltr'><strong>ιιι</strong></span> <span class='ocrx_word' id='word_1_644' title='bbox 3512 2085 3761 2141; x_wconf 89' lang='lat' dir='ltr'><strong>ductores</strong></span> 
     </span>
    </p>
   </div>
   <div class='ocr_carea' id='block_1_80' title="bbox 2178 2171 3769 2242">
    <p class='ocr_par' dir='ltr' id='par_1_80' title="bbox 2178 2171 3769 2242">
     <span class='ocr_line' id='line_1_80' title="bbox 2178 2171 3769 2242; baseline 0.008 -22"><span class='ocrx_word' id='word_1_645' title='bbox 2178 2182 2505 2239; x_wconf 88' lang='lat' dir='ltr'><strong>qna-rantur.</strong></span> <span class='ocrx_word' id='word_1_646' title='bbox 2540 2171 2749 2229; x_wconf 83' lang='lat' dir='ltr'><strong>Utinam</strong></span> <span class='ocrx_word' id='word_1_647' title='bbox 2780 2176 2969 2229; x_wconf 90' lang='lat' dir='ltr'><strong>saltem</strong></span> <span class='ocrx_word' id='word_1_648' title='bbox 3013 2175 3152 2242; x_wconf 78' lang='lat' dir='ltr'><strong>hoc,</strong></span> <span class='ocrx_word' id='word_1_649' title='bbox 3192 2178 3393 2232; x_wconf 79' lang='lat' dir='ltr'><strong>utinam</strong></span> <span class='ocrx_word' id='word_1_650' title='bbox 3434 2177 3626 2233; x_wconf 61' lang='lat' dir='ltr'><strong>saltem</strong></span> <span class='ocrx_word' id='word_1_651' title='bbox 3669 2178 3769 2232; x_wconf 89' lang='lat' dir='ltr'><strong>du-</strong></span> 
     </span>
    </p>
   </div>
   <div class='ocr_carea' id='block_1_81' title="bbox 2178 2267 3773 2338">
    <p class='ocr_par' dir='ltr' id='par_1_81' title="bbox 2178 2267 3773 2338">
     <span class='ocr_line' id='line_1_81' title="bbox 2178 2267 3773 2338; baseline 0.006 -21"><span class='ocrx_word' id='word_1_652' title='bbox 2178 2271 2355 2317; x_wconf 80' lang='lat' dir='ltr'><strong>etores</strong></span> <span class='ocrx_word' id='word_1_653' title='bbox 2386 2274 2691 2334; x_wconf 70' lang='lat' dir='ltr'><strong>qumrercnt</strong></span> <span class='ocrx_word' id='word_1_654' title='bbox 2717 2283 2732 2321; x_wconf 88' lang='lat'>:</span> <span class='ocrx_word' id='word_1_655' title='bbox 2757 2282 2942 2321; x_wconf 84' lang='lat' dir='ltr'><strong>verum</strong></span> <span class='ocrx_word' id='word_1_656' title='bbox 2975 2267 3076 2323; x_wconf 89' lang='lat' dir='ltr'><strong>hoc</strong></span> <span class='ocrx_word' id='word_1_657' title='bbox 3105 2286 3210 2323; x_wconf 92' lang='lat' dir='ltr'><strong>non</strong></span> <span class='ocrx_word' id='word_1_658' title='bbox 3242 2281 3507 2338; x_wconf 70' lang='lat' dir='ltr'><strong>tjllll‘l&#39;lllll,</strong></span> <span class='ocrx_word' id='word_1_659' title='bbox 3539 2271 3633 2326; x_wconf 88' lang='lat' dir='ltr'><strong>sed</strong></span> <span class='ocrx_word' id='word_1_660' title='bbox 3663 2272 3773 2326; x_wconf 78' lang='lat' dir='ltr'><strong>sibi</strong></span> 
     </span>
    </p>
   </div>
   <div class='ocr_carea' id='block_1_82' title="bbox 2180 2354 3757 2424">
    <p class='ocr_par' dir='ltr' id='par_1_82' title="bbox 2180 2354 3757 2424">
     <span class='ocr_line' id='line_1_82' title="bbox 2180 2354 3757 2424; baseline 0.008 -14"><span class='ocrx_word' id='word_1_661' title='bbox 2180 2354 2311 2424; x_wconf 87' lang='lat' dir='ltr'><strong>ipsis</strong></span> <span class='ocrx_word' id='word_1_662' title='bbox 2342 2365 2509 2410; x_wconf 86' lang='lat' dir='ltr'><strong>totum</strong></span> <span class='ocrx_word' id='word_1_663' title='bbox 2536 2359 2893 2414; x_wconf 89' lang='lat' dir='ltr'><strong>committunt.</strong></span> <span class='ocrx_word' id='word_1_664' title='bbox 2935 2360 3210 2417; x_wconf 81' lang='lat' dir='ltr'><strong>Neminem</strong></span> <span class='ocrx_word' id='word_1_665' title='bbox 3256 2364 3347 2419; x_wconf 92' lang='lat' dir='ltr'><strong>ille</strong></span> <span class='ocrx_word' id='word_1_666' title='bbox 3378 2365 3505 2420; x_wconf 89' lang='lat' dir='ltr'><strong>sinit</strong></span> <span class='ocrx_word' id='word_1_667' title='bbox 3534 2365 3713 2420; x_wconf 85' lang='lat' dir='ltr'><strong>videre</strong></span> <span class='ocrx_word' id='word_1_668' title='bbox 3741 2386 3757 2422; x_wconf 89' lang='lat'><strong>:</strong></span> 
     </span>
    </p>
   </div>
   <div class='ocr_carea' id='block_1_83' title="bbox 2180 2449 3654 2528">
    <p class='ocr_par' dir='ltr' id='par_1_83' title="bbox 2180 2449 3654 2528">
     <span class='ocr_line' id='line_1_83' title="bbox 2180 2449 3654 2528; baseline 0.009 -26"><span class='ocrx_word' id='word_1_669' title='bbox 2180 2449 2320 2503; x_wconf 85' lang='lat' dir='ltr'><strong>sicut</strong></span> <span class='ocrx_word' id='word_1_670' title='bbox 2341 2449 2514 2520; x_wconf 84' lang='lat' dir='ltr'><strong>caligo</strong></span> <span class='ocrx_word' id='word_1_671' title='bbox 2541 2461 2597 2505; x_wconf 91' lang='lat' dir='ltr'><strong>et</strong></span> <span class='ocrx_word' id='word_1_672' title='bbox 2625 2452 2816 2508; x_wconf 87' lang='lat' dir='ltr'><strong>nebula</strong></span> <span class='ocrx_word' id='word_1_673' title='bbox 2848 2454 3060 2526; x_wconf 79' lang='lat' dir='ltr'><strong>ingruit,</strong></span> <span class='ocrx_word' id='word_1_674' title='bbox 3097 2472 3195 2512; x_wconf 86' lang='lat' dir='ltr'><strong>nec</strong></span> <span class='ocrx_word' id='word_1_675' title='bbox 3222 2459 3350 2513; x_wconf 90' lang='lat' dir='ltr'><strong>sinit</strong></span> <span class='ocrx_word' id='word_1_676' title='bbox 3379 2460 3654 2528; x_wconf 86' lang='lat' dir='ltr'><strong>inspicere.</strong></span> 
     </span>
    </p>
   </div>
   <div class='ocr_carea' id='block_1_84' title="bbox 2263 2544 3766 2621">
    <p class='ocr_par' dir='ltr' id='par_1_84' title="bbox 2263 2544 3766 2621">
     <span class='ocr_line' id='line_1_84' title="bbox 2263 2544 3766 2621; baseline 0.006 -23"><span class='ocrx_word' id='word_1_677' title='bbox 2263 2544 2452 2599; x_wconf 85' lang='lat' dir='ltr'><strong>Vitium</strong></span> <span class='ocrx_word' id='word_1_678' title='bbox 2484 2547 2764 2616; x_wconf 80' lang='lat' dir='ltr'><strong>aliquando</strong></span> <span class='ocrx_word' id='word_1_679' title='bbox 2792 2547 2938 2603; x_wconf 80' lang='lat' dir='ltr'><strong>aliud</strong></span> <span class='ocrx_word' id='word_1_680' title='bbox 2961 2550 3134 2604; x_wconf 82' lang='lat' dir='ltr'><strong>vitium</strong></span> <span class='ocrx_word' id='word_1_681' title='bbox 3164 2560 3464 2621; x_wconf 79' lang='lat' dir='ltr'><strong>superat.——</strong></span> <span class='ocrx_word' id='word_1_682' title='bbox 3477 2553 3641 2621; x_wconf 83' lang='lat' dir='ltr'><strong>Quam</strong></span> <span class='ocrx_word' id='word_1_683' title='bbox 3670 2554 3766 2607; x_wconf 84' lang='lat' dir='ltr'><strong>(Ie-</strong></span> 
     </span>
    </p>
   </div>
   <div class='ocr_carea' id='block_1_85' title="bbox 2185 2635 3772 2711">
    <p class='ocr_par' dir='ltr' id='par_1_85' title="bbox 2185 2635 3772 2711">
     <span class='ocr_line' id='line_1_85' title="bbox 2185 2635 3772 2711; baseline 0.006 -21"><span class='ocrx_word' id='word_1_684' title='bbox 2185 2635 2484 2693; x_wconf 90' lang='lat' dir='ltr'><strong>fensionem</strong></span> <span class='ocrx_word' id='word_1_685' title='bbox 2527 2640 2864 2705; x_wconf 89' lang='lat' dir='ltr'><strong>habebimus,</strong></span> <span class='ocrx_word' id='word_1_686' title='bbox 2911 2642 3001 2711; x_wconf 88' lang='lat' dir='ltr'><strong>qui</strong></span> <span class='ocrx_word' id='word_1_687' title='bbox 3047 2657 3141 2711; x_wconf 87' lang='lat' dir='ltr'><strong>per</strong></span> <span class='ocrx_word' id='word_1_688' title='bbox 3182 2644 3365 2698; x_wconf 88' lang='lat' dir='ltr'><strong>vitium</strong></span> <span class='ocrx_word' id='word_1_689' title='bbox 3412 2644 3538 2698; x_wconf 87' lang='lat' dir='ltr'><strong>illud</strong></span> <span class='ocrx_word' id='word_1_690' title='bbox 3585 2645 3772 2699; x_wconf 87' lang='lat' dir='ltr'><strong>vitium</strong></span> 
     </span>
    </p>
   </div>
   <div class='ocr_carea' id='block_1_86' title="bbox 2182 2728 3771 2803">
    <p class='ocr_par' dir='ltr' id='par_1_86' title="bbox 2182 2728 3771 2803">
     <span class='ocr_line' id='line_1_86' title="bbox 2182 2728 3771 2803; baseline 0.004 -21"><span class='ocrx_word' id='word_1_691' title='bbox 2182 2728 2325 2784; x_wconf 88' lang='lat' dir='ltr'><strong>aliud</strong></span> <span class='ocrx_word' id='word_1_692' title='bbox 2355 2745 2692 2800; x_wconf 86' lang='lat' dir='ltr'><strong>superamus.</strong></span> <span class='ocrx_word' id='word_1_693' title='bbox 2722 2732 2816 2786; x_wconf 84' lang='lat' dir='ltr'><strong>sed</strong></span> <span class='ocrx_word' id='word_1_694' title='bbox 2847 2749 2953 2788; x_wconf 92' lang='lat' dir='ltr'><strong>non</strong></span> <span class='ocrx_word' id='word_1_695' title='bbox 3000 2749 3098 2803; x_wconf 85' lang='lat' dir='ltr'><strong>per</strong></span> <span class='ocrx_word' id='word_1_696' title='bbox 3144 2735 3389 2790; x_wconf 88' lang='lat' dir='ltr'><strong>timorem</strong></span> <span class='ocrx_word' id='word_1_697' title='bbox 3437 2735 3573 2790; x_wconf 87' lang='lat' dir='ltr'><strong>Dei?</strong></span> <span class='ocrx_word' id='word_1_698' title='bbox 3613 2735 3771 2791; x_wconf 81' lang='lat' dir='ltr'><strong>Verbi</strong></span> 
     </span>
    </p>
   </div>
   <div class='ocr_carea' id='block_1_87' title="bbox 2181 2822 3779 2899">
    <p class='ocr_par' dir='ltr' id='par_1_87' title="bbox 2181 2822 3779 2899">
     <span class='ocr_line' id='line_1_87' title="bbox 2181 2822 3779 2899; baseline 0.007 -26"><span class='ocrx_word' id='word_1_699' title='bbox 2181 2822 2373 2891; x_wconf 87' lang='lat' dir='ltr'><strong>gratia,</strong></span> <span class='ocrx_word' id='word_1_700' title='bbox 2407 2823 2558 2877; x_wconf 89' lang='lat' dir='ltr'><strong>multi</strong></span> <span class='ocrx_word' id='word_1_701' title='bbox 2601 2823 2691 2894; x_wconf 90' lang='lat' dir='ltr'><strong>qui</strong></span> <span class='ocrx_word' id='word_1_702' title='bbox 2728 2824 2891 2880; x_wconf 88' lang='lat' dir='ltr'><strong>simul</strong></span> <span class='ocrx_word' id='word_1_703' title='bbox 2935 2826 3119 2882; x_wconf 86' lang='lat' dir='ltr'><strong>lascivi</strong></span> <span class='ocrx_word' id='word_1_704' title='bbox 3162 2836 3219 2883; x_wconf 90' lang='lat' dir='ltr'><strong>et</strong></span> <span class='ocrx_word' id='word_1_705' title='bbox 3262 2829 3407 2883; x_wconf 83' lang='lat' dir='ltr'><strong>avari</strong></span> <span class='ocrx_word' id='word_1_706' title='bbox 3455 2839 3631 2895; x_wconf 85' lang='lat' dir='ltr'><strong>erant,</strong></span> <span class='ocrx_word' id='word_1_707' title='bbox 3680 2844 3779 2899; x_wconf 69' lang='lat' dir='ltr'><strong>per</strong></span> 
     </span>
    </p>
   </div>
   <div class='ocr_carea' id='block_1_88' title="bbox 2185 2915 3777 2991">
    <p class='ocr_par' dir='ltr' id='par_1_88' title="bbox 2185 2915 3777 2991">
     <span class='ocr_line' id='line_1_88' title="bbox 2185 2915 3777 2991; baseline 0.007 -25"><span class='ocrx_word' id='word_1_708' title='bbox 2185 2915 2571 2982; x_wconf 87' lang='lat' dir='ltr'><strong>pareimoniam</strong></span> <span class='ocrx_word' id='word_1_709' title='bbox 2623 2918 2894 2973; x_wconf 84' lang='lat' dir='ltr'><strong>lasciviam</strong></span> <span class='ocrx_word' id='word_1_710' title='bbox 2937 2933 3293 2991; x_wconf 88' lang='lat' dir='ltr'><strong>superarunt;</strong></span> <span class='ocrx_word' id='word_1_711' title='bbox 3346 2922 3434 2976; x_wconf 90' lang='lat' dir='ltr'><strong>alii</strong></span> <span class='ocrx_word' id='word_1_712' title='bbox 3474 2931 3659 2977; x_wconf 88' lang='lat' dir='ltr'><strong>contra</strong></span> <span class='ocrx_word' id='word_1_713' title='bbox 3708 2939 3777 2977; x_wconf 81' lang='lat' dir='ltr'><strong>ex</strong></span> 
     </span>
    </p>
   </div>
   <div class='ocr_carea' id='block_1_89' title="bbox 2184 3006 3777 3083">
    <p class='ocr_par' dir='ltr' id='par_1_89' title="bbox 2184 3006 3777 3083">
     <span class='ocr_line' id='line_1_89' title="bbox 2184 3006 3777 3083; baseline 0.005 -22"><span class='ocrx_word' id='word_1_714' title='bbox 2184 3006 2402 3061; x_wconf 88' lang='lat' dir='ltr'><strong>lascivia</strong></span> <span class='ocrx_word' id='word_1_715' title='bbox 2439 3011 2701 3079; x_wconf 89' lang='lat' dir='ltr'><strong>pecunias</strong></span> <span class='ocrx_word' id='word_1_716' title='bbox 2740 3022 3207 3083; x_wconf 82' lang='lat' dir='ltr'><strong>contempserunt.</strong></span> <span class='ocrx_word' id='word_1_717' title='bbox 3258 3015 3491 3070; x_wconf 81' lang='lat' dir='ltr'><strong>Rursum</strong></span> <span class='ocrx_word' id='word_1_718' title='bbox 3517 3015 3609 3069; x_wconf 89' lang='lat' dir='ltr'><strong>alii</strong></span> <span class='ocrx_word' id='word_1_719' title='bbox 3639 3031 3777 3069; x_wconf 84' lang='lat' dir='ltr'><strong>vana</strong></span> 
     </span>
    </p>
   </div>
   <div class='ocr_carea' id='block_1_90' title="bbox 2184 3099 3781 3178">
    <p class='ocr_par' dir='ltr' id='par_1_90' title="bbox 2184 3099 3781 3178">
     <span class='ocr_line' id='line_1_90' title="bbox 2184 3099 3781 3178; baseline 0.008 -26"><span class='ocrx_word' id='word_1_720' title='bbox 2184 3099 2356 3169; x_wconf 85' lang='lat' dir='ltr'><strong>gloria</strong></span> <span class='ocrx_word' id='word_1_721' title='bbox 2395 3103 2558 3170; x_wconf 87' lang='lat' dir='ltr'><strong>capti,</strong></span> <span class='ocrx_word' id='word_1_722' title='bbox 2592 3102 2757 3157; x_wconf 86' lang='lat' dir='ltr'><strong>ambo</strong></span> <span class='ocrx_word' id='word_1_723' title='bbox 2795 3104 2884 3160; x_wconf 89' lang='lat' dir='ltr'><strong>illa</strong></span> <span class='ocrx_word' id='word_1_724' title='bbox 2930 3106 3055 3161; x_wconf 89' lang='lat' dir='ltr'><strong>vitia</strong></span> <span class='ocrx_word' id='word_1_725' title='bbox 3109 3118 3472 3177; x_wconf 86' lang='lat' dir='ltr'><strong>prostravere,</strong></span> <span class='ocrx_word' id='word_1_726' title='bbox 3520 3109 3781 3178; x_wconf 86' lang='lat' dir='ltr'><strong>pecunias</strong></span> 
     </span>
    </p>
   </div>
   <div class='ocr_carea' id='block_1_91' title="bbox 2186 3195 3779 3265">
    <p class='ocr_par' dir='ltr' id='par_1_91' title="bbox 2186 3195 3779 3265">
     <span class='ocr_line' id='line_1_91' title="bbox 2186 3195 3779 3265; baseline 0.007 -16"><span class='ocrx_word' id='word_1_727' title='bbox 2186 3195 2304 3249; x_wconf 85' lang='lat' dir='ltr'><strong>sine</strong></span> <span class='ocrx_word' id='word_1_728' title='bbox 2340 3196 2501 3251; x_wconf 91' lang='lat' dir='ltr'><strong>modo</strong></span> <span class='ocrx_word' id='word_1_729' title='bbox 2541 3197 2903 3265; x_wconf 86' lang='lat' dir='ltr'><strong>insumentes,</strong></span> <span class='ocrx_word' id='word_1_730' title='bbox 2944 3211 3000 3257; x_wconf 88' lang='lat' dir='ltr'><strong>et</strong></span> <span class='ocrx_word' id='word_1_731' title='bbox 3038 3201 3234 3258; x_wconf 77' lang='lat' dir='ltr'><strong>frustra</strong></span> <span class='ocrx_word' id='word_1_732' title='bbox 3272 3204 3611 3260; x_wconf 88' lang='lat' dir='ltr'><strong>continentes</strong></span> <span class='ocrx_word' id='word_1_733' title='bbox 3644 3222 3656 3256; x_wconf 95' lang='lat'>:</span> <span class='ocrx_word' id='word_1_734' title='bbox 3686 3205 3779 3260; x_wconf 85' lang='lat' dir='ltr'><strong>alii</strong></span> 
     </span>
    </p>
   </div>
   <div class='ocr_carea' id='block_1_92' title="bbox 2187 3291 3779 3365">
    <p class='ocr_par' dir='ltr' id='par_1_92' title="bbox 2187 3291 3779 3365">
     <span class='ocr_line' id='line_1_92' title="bbox 2187 3291 3779 3365; baseline 0.005 -22"><span class='ocrx_word' id='word_1_735' title='bbox 2187 3303 2399 3343; x_wconf 86' lang='lat' dir='ltr'><strong>rursum</strong></span> <span class='ocrx_word' id='word_1_736' title='bbox 2421 3305 2573 3345; x_wconf 76' lang='lat' dir='ltr'><strong>vanm</strong></span> <span class='ocrx_word' id='word_1_737' title='bbox 2594 3291 2777 3361; x_wconf 69' lang='lat' dir='ltr'><strong>gloria:</strong></span> <span class='ocrx_word' id='word_1_738' title='bbox 2796 3291 3083 3348; x_wconf 87' lang='lat' dir='ltr'><strong>admodum</strong></span> <span class='ocrx_word' id='word_1_739' title='bbox 3105 3295 3306 3365; x_wconf 86' lang='lat' dir='ltr'><strong>cupidi,</strong></span> <span class='ocrx_word' id='word_1_740' title='bbox 3328 3295 3429 3352; x_wconf 81' lang='lat' dir='ltr'><strong>hoc</strong></span> <span class='ocrx_word' id='word_1_741' title='bbox 3448 3296 3632 3352; x_wconf 90' lang='lat' dir='ltr'><strong>vitium</strong></span> <span class='ocrx_word' id='word_1_742' title='bbox 3649 3312 3779 3352; x_wconf 82' lang='lat' dir='ltr'><strong>con-</strong></span> 
     </span>
    </p>
   </div>
   <div class='ocr_carea' id='block_1_93' title="bbox 2191 3382 3777 3459">
    <p class='ocr_par' dir='ltr' id='par_1_93' title="bbox 2191 3382 3777 3459">
     <span class='ocr_line' id='line_1_93' title="bbox 2191 3382 3777 3459; baseline 0.004 -24"><span class='ocrx_word' id='word_1_743' title='bbox 2191 3390 2543 3449; x_wconf 86' lang='lat' dir='ltr'><strong>tempserunt,</strong></span> <span class='ocrx_word' id='word_1_744' title='bbox 2576 3382 2743 3438; x_wconf 86' lang='lat' dir='ltr'><strong>multa</strong></span> <span class='ocrx_word' id='word_1_745' title='bbox 2789 3384 2928 3441; x_wconf 66' lang='lat' dir='ltr'><strong>foeda</strong></span> <span class='ocrx_word' id='word_1_746' title='bbox 2955 3386 3098 3456; x_wconf 87' lang='lat' dir='ltr'><strong>passi</strong></span> <span class='ocrx_word' id='word_1_747' title='bbox 3128 3396 3184 3441; x_wconf 90' lang='lat' dir='ltr'><strong>et</strong></span> <span class='ocrx_word' id='word_1_748' title='bbox 3210 3397 3434 3459; x_wconf 85' lang='lat' dir='ltr'><strong>propter</strong></span> <span class='ocrx_word' id='word_1_749' title='bbox 3471 3403 3682 3444; x_wconf 84' lang='lat' dir='ltr'><strong>amores</strong></span> <span class='ocrx_word' id='word_1_750' title='bbox 3719 3397 3777 3443; x_wconf 91' lang='lat' dir='ltr'><strong>et</strong></span> 
     </span>
    </p>
   </div>
   <div class='ocr_carea' id='block_1_94' title="bbox 2192 3479 3778 3553">
    <p class='ocr_par' dir='ltr' id='par_1_94' title="bbox 2192 3479 3778 3553">
     <span class='ocr_line' id='line_1_94' title="bbox 2192 3479 3778 3553; baseline 0.003 -21"><span class='ocrx_word' id='word_1_751' title='bbox 2192 3488 2409 3547; x_wconf 84' lang='lat' dir='ltr'><strong>prepter</strong></span> <span class='ocrx_word' id='word_1_752' title='bbox 2453 3481 2708 3548; x_wconf 85' lang='lat' dir='ltr'><strong>pecunias</strong></span> <span class='ocrx_word' id='word_1_753' title='bbox 2755 3498 2770 3537; x_wconf 91' lang='lat'><strong>:</strong></span> <span class='ocrx_word' id='word_1_754' title='bbox 2818 3479 2919 3547; x_wconf 72' lang='lat' dir='ltr'><strong>alii</strong></span> <span class='ocrx_word' id='word_1_755' title='bbox 2956 3497 3167 3536; x_wconf 89' lang='lat' dir='ltr'><strong>rursum</strong></span> <span class='ocrx_word' id='word_1_756' title='bbox 3213 3491 3269 3536; x_wconf 90' lang='lat' dir='ltr'><strong>ut</strong></span> <span class='ocrx_word' id='word_1_757' title='bbox 3315 3483 3448 3537; x_wconf 89' lang='lat' dir='ltr'><strong>iram</strong></span> <span class='ocrx_word' id='word_1_758' title='bbox 3501 3483 3778 3553; x_wconf 82' lang='lat' dir='ltr'><strong>explerent</strong></span> 
     </span>
    </p>
   </div>
   <div class='ocr_carea' id='block_1_95' title="bbox 2189 3571 3781 3641">
    <p class='ocr_par' dir='ltr' id='par_1_95' title="bbox 2189 3571 3781 3641">
     <span class='ocr_line' id='line_1_95' title="bbox 2189 3571 3781 3641; baseline 0.004 -17"><span class='ocrx_word' id='word_1_759' title='bbox 2189 3585 2363 3636; x_wconf 89' lang='lat' dir='ltr'><strong>suam,</strong></span> <span class='ocrx_word' id='word_1_760' title='bbox 2395 3571 2674 3627; x_wconf 89' lang='lat' dir='ltr'><strong>innumera</strong></span> <span class='ocrx_word' id='word_1_761' title='bbox 2711 3572 2906 3629; x_wconf 87' lang='lat' dir='ltr'><strong>damna</strong></span> <span class='ocrx_word' id='word_1_762' title='bbox 2932 3573 3165 3641; x_wconf 83' lang='lat' dir='ltr'><strong>subiere,</strong></span> <span class='ocrx_word' id='word_1_763' title='bbox 3199 3582 3255 3630; x_wconf 90' lang='lat' dir='ltr'><strong>et</strong></span> <span class='ocrx_word' id='word_1_764' title='bbox 3283 3575 3417 3630; x_wconf 89' lang='lat' dir='ltr'><strong>nihil</strong></span> <span class='ocrx_word' id='word_1_765' title='bbox 3447 3575 3591 3629; x_wconf 89' lang='lat' dir='ltr'><strong>aliud</strong></span> <span class='ocrx_word' id='word_1_766' title='bbox 3618 3590 3781 3630; x_wconf 79' lang='lat' dir='ltr'><strong>cura-</strong></span> 
     </span>
    </p>
   </div>
   <div class='ocr_carea' id='block_1_96' title="bbox 2191 3667 3783 3737">
    <p class='ocr_par' dir='ltr' id='par_1_96' title="bbox 2191 3667 3783 3737">
     <span class='ocr_line' id='line_1_96' title="bbox 2191 3667 3783 3737; baseline 0.004 -20"><span class='ocrx_word' id='word_1_767' title='bbox 2191 3675 2403 3725; x_wconf 80' lang='lat' dir='ltr'><strong>verunt.</strong></span> <span class='ocrx_word' id='word_1_768' title='bbox 2435 3681 2594 3737; x_wconf 88' lang='lat' dir='ltr'><strong>quam</strong></span> <span class='ocrx_word' id='word_1_769' title='bbox 2623 3675 2679 3721; x_wconf 93' lang='lat' dir='ltr'><strong>ut</strong></span> <span class='ocrx_word' id='word_1_770' title='bbox 2703 3667 3026 3723; x_wconf 85' lang='lat' dir='ltr'><strong>voluntatem</strong></span> <span class='ocrx_word' id='word_1_771' title='bbox 3057 3682 3209 3723; x_wconf 89' lang='lat' dir='ltr'><strong>suam</strong></span> <span class='ocrx_word' id='word_1_772' title='bbox 3236 3668 3304 3724; x_wconf 90' lang='lat' dir='ltr'><strong>ad</strong></span> <span class='ocrx_word' id='word_1_773' title='bbox 3325 3668 3574 3724; x_wconf 75' lang='lat' dir='ltr'><strong>eﬂ‘ectum</strong></span> <span class='ocrx_word' id='word_1_774' title='bbox 3606 3668 3783 3725; x_wconf 84' lang='lat' dir='ltr'><strong>dedu-</strong></span> 
     </span>
    </p>
   </div>
   <div class='ocr_carea' id='block_1_97' title="bbox 2189 3761 3785 3834">
    <p class='ocr_par' dir='ltr' id='par_1_97' title="bbox 2189 3761 3785 3834">
     <span class='ocr_line' id='line_1_97' title="bbox 2189 3761 3785 3834; baseline 0.005 -24"><span class='ocrx_word' id='word_1_775' title='bbox 2189 3772 2398 3815; x_wconf 87' lang='lat' dir='ltr'><strong>cerent.</strong></span> <span class='ocrx_word' id='word_1_776' title='bbox 2441 3761 2506 3816; x_wconf 83' lang='lat' dir='ltr'><strong>Et</strong></span> <span class='ocrx_word' id='word_1_777' title='bbox 2537 3761 2678 3831; x_wconf 91' lang='lat' dir='ltr'><strong>quod</strong></span> <span class='ocrx_word' id='word_1_778' title='bbox 2711 3762 2888 3832; x_wconf 82' lang='lat' dir='ltr'><strong>passio</strong></span> <span class='ocrx_word' id='word_1_779' title='bbox 2919 3762 3108 3832; x_wconf 86' lang='lat' dir='ltr'><strong>pomit,</strong></span> <span class='ocrx_word' id='word_1_780' title='bbox 3154 3778 3257 3817; x_wconf 89' lang='lat' dir='ltr'><strong>non</strong></span> <span class='ocrx_word' id='word_1_781' title='bbox 3290 3765 3462 3833; x_wconf 88' lang='lat' dir='ltr'><strong>potuit</strong></span> <span class='ocrx_word' id='word_1_782' title='bbox 3500 3762 3640 3834; x_wconf 87' lang='lat' dir='ltr'><strong>apud</strong></span> <span class='ocrx_word' id='word_1_783' title='bbox 3679 3778 3785 3818; x_wconf 84' lang='lat' dir='ltr'><strong>nos</strong></span> 
     </span>
    </p>
   </div>
   <div class='ocr_carea' id='block_1_98' title="bbox 2194 3852 3784 3927">
    <p class='ocr_par' dir='ltr' id='par_1_98' title="bbox 2194 3852 3784 3927">
     <span class='ocr_line' id='line_1_98' title="bbox 2194 3852 3784 3927; baseline 0.001 -21"><span class='ocrx_word' id='word_1_784' title='bbox 2194 3852 2286 3907; x_wconf 89' lang='lat' dir='ltr'><strong>Dei</strong></span> <span class='ocrx_word' id='word_1_785' title='bbox 2316 3857 2494 3907; x_wconf 90' lang='lat' dir='ltr'><strong>timor.</strong></span> <span class='ocrx_word' id='word_1_786' title='bbox 2527 3854 2592 3908; x_wconf 86' lang='lat' dir='ltr'><strong>Et</strong></span> <span class='ocrx_word' id='word_1_787' title='bbox 2616 3854 2742 3924; x_wconf 91' lang='lat' dir='ltr'><strong>quid</strong></span> <span class='ocrx_word' id='word_1_788' title='bbox 2778 3855 3079 3923; x_wconf 88' lang='lat' dir='ltr'><strong>passionem</strong></span> <span class='ocrx_word' id='word_1_789' title='bbox 3101 3854 3266 3911; x_wconf 79' lang='lat' dir='ltr'><strong>dico?</strong></span> <span class='ocrx_word' id='word_1_790' title='bbox 3292 3855 3445 3923; x_wconf 82' lang='lat' dir='ltr'><strong>Quod</strong></span> <span class='ocrx_word' id='word_1_791' title='bbox 3476 3856 3649 3927; x_wconf 87' lang='lat' dir='ltr'><strong>pudor</strong></span> <span class='ocrx_word' id='word_1_792' title='bbox 3678 3858 3784 3908; x_wconf 82' lang='lat' dir='ltr'><strong>hu-</strong></span> 
     </span>
    </p>
   </div>
   <div class='ocr_carea' id='block_1_99' title="bbox 2192 3946 3786 4015">
    <p class='ocr_par' dir='ltr' id='par_1_99' title="bbox 2192 3946 3786 4015">
     <span class='ocr_line' id='line_1_99' title="bbox 2192 3946 3786 4015; baseline 0.003 -18"><span class='ocrx_word' id='word_1_793' title='bbox 2192 3958 2383 3997; x_wconf 87' lang='lat' dir='ltr'><strong>manus</strong></span> <span class='ocrx_word' id='word_1_794' title='bbox 2413 3953 2606 4013; x_wconf 89' lang='lat' dir='ltr'><strong>potest,</strong></span> <span class='ocrx_word' id='word_1_795' title='bbox 2639 3958 2743 3998; x_wconf 92' lang='lat' dir='ltr'><strong>non</strong></span> <span class='ocrx_word' id='word_1_796' title='bbox 2791 3955 2971 4015; x_wconf 88' lang='lat' dir='ltr'><strong>potest</strong></span> <span class='ocrx_word' id='word_1_797' title='bbox 3010 3946 3103 4002; x_wconf 90' lang='lat' dir='ltr'><strong>Dei</strong></span> <span class='ocrx_word' id='word_1_798' title='bbox 3137 3948 3318 4003; x_wconf 89' lang='lat' dir='ltr'><strong>timor.</strong></span> <span class='ocrx_word' id='word_1_799' title='bbox 3355 3947 3514 4001; x_wconf 81' lang='lat' dir='ltr'><strong>Multa</strong></span> <span class='ocrx_word' id='word_1_800' title='bbox 3552 3957 3607 4002; x_wconf 90' lang='lat' dir='ltr'><strong>et</strong></span> <span class='ocrx_word' id='word_1_801' title='bbox 3639 3957 3786 4002; x_wconf 83' lang='lat' dir='ltr'><strong>recte</strong></span> 
     </span>
    </p>
   </div>
   <div class='ocr_carea' id='block_1_100' title="bbox 2194 4036 3780 4111">
    <p class='ocr_par' dir='ltr' id='par_1_100' title="bbox 2194 4036 3780 4111">
     <span class='ocr_line' id='line_1_100' title="bbox 2194 4036 3780 4111; baseline 0.001 -20"><span class='ocrx_word' id='word_1_802' title='bbox 2194 4036 2417 4092; x_wconf 83' lang='lat' dir='ltr'><strong>facimus</strong></span> <span class='ocrx_word' id='word_1_803' title='bbox 2456 4047 2513 4093; x_wconf 89' lang='lat' dir='ltr'><strong>et</strong></span> <span class='ocrx_word' id='word_1_804' title='bbox 2558 4054 2841 4105; x_wconf 86' lang='lat' dir='ltr'><strong>peccamus</strong></span> <span class='ocrx_word' id='word_1_805' title='bbox 2874 4056 2983 4108; x_wconf 72' lang='lat' dir='ltr'><strong>pra:</strong></span> <span class='ocrx_word' id='word_1_806' title='bbox 3023 4039 3298 4094; x_wconf 84' lang='lat' dir='ltr'><strong>hominum</strong></span> <span class='ocrx_word' id='word_1_807' title='bbox 3333 4040 3570 4111; x_wconf 84' lang='lat' dir='ltr'><strong>pudore;</strong></span> <span class='ocrx_word' id='word_1_808' title='bbox 3614 4040 3780 4095; x_wconf 90' lang='lat' dir='ltr'><strong>Deum</strong></span> 
     </span>
    </p>
   </div>
   <div class='ocr_carea' id='block_1_101' title="bbox 2192 4131 3785 4203">
    <p class='ocr_par' dir='ltr' id='par_1_101' title="bbox 2192 4131 3785 4203">
     <span class='ocr_line' id='line_1_101' title="bbox 2192 4131 3785 4203; baseline 0 -19"><span class='ocrx_word' id='word_1_809' title='bbox 2192 4147 2321 4187; x_wconf 89' lang='lat' dir='ltr'><strong>vero</strong></span> <span class='ocrx_word' id='word_1_810' title='bbox 2349 4147 2455 4185; x_wconf 91' lang='lat' dir='ltr'><strong>non</strong></span> <span class='ocrx_word' id='word_1_811' title='bbox 2483 4131 2749 4187; x_wconf 89' lang='lat' dir='ltr'><strong>timemus.</strong></span> <span class='ocrx_word' id='word_1_812' title='bbox 2774 4133 2915 4201; x_wconf 87' lang='lat' dir='ltr'><strong>Quot</strong></span> <span class='ocrx_word' id='word_1_813' title='bbox 2942 4149 3051 4203; x_wconf 71' lang='lat' dir='ltr'><strong>prae</strong></span> <span class='ocrx_word' id='word_1_814' title='bbox 3074 4133 3277 4203; x_wconf 88' lang='lat' dir='ltr'><strong>pudore</strong></span> <span class='ocrx_word' id='word_1_815' title='bbox 3295 4149 3425 4202; x_wconf 86' lang='lat' dir='ltr'><strong>opes</strong></span> <span class='ocrx_word' id='word_1_816' title='bbox 3445 4131 3785 4188; x_wconf 72' lang='lat' dir='ltr'><strong>effuderunt?</strong></span> 
     </span>
    </p>
   </div>
   <div class='ocr_carea' id='block_1_102' title="bbox 2191 4225 3784 4295">
    <p class='ocr_par' dir='ltr' id='par_1_102' title="bbox 2191 4225 3784 4295">
     <span class='ocr_line' id='line_1_102' title="bbox 2191 4225 3784 4295; baseline 0.003 -17"><span class='ocrx_word' id='word_1_817' title='bbox 2191 4233 2321 4295; x_wconf 91' lang='lat' dir='ltr'><strong>quot</strong></span> <span class='ocrx_word' id='word_1_818' title='bbox 2364 4226 2559 4280; x_wconf 87' lang='lat' dir='ltr'><strong>frustra</strong></span> <span class='ocrx_word' id='word_1_819' title='bbox 2598 4225 2907 4281; x_wconf 80' lang='lat' dir='ltr'><strong>ambierant</strong></span> <span class='ocrx_word' id='word_1_820' title='bbox 2944 4228 3132 4282; x_wconf 90' lang='lat' dir='ltr'><strong>amicis</strong></span> <span class='ocrx_word' id='word_1_821' title='bbox 3172 4228 3223 4281; x_wconf 91' lang='lat' dir='ltr'><strong>in</strong></span> <span class='ocrx_word' id='word_1_822' title='bbox 3271 4229 3412 4282; x_wconf 89' lang='lat' dir='ltr'><strong>malo</strong></span> <span class='ocrx_word' id='word_1_823' title='bbox 3440 4226 3784 4283; x_wconf 70' lang='lat' dir='ltr'><strong>servientes?</strong></span> 
     </span>
    </p>
   </div>
   <div class='ocr_carea' id='block_1_103' title="bbox 2189 4318 3711 4389">
    <p class='ocr_par' dir='ltr' id='par_1_103' title="bbox 2189 4318 3711 4389">
     <span class='ocr_line' id='line_1_103' title="bbox 2189 4318 3711 4389; baseline 0.001 -18"><span class='ocrx_word' id='word_1_824' title='bbox 2189 4326 2322 4388; x_wconf 86' lang='lat' dir='ltr'><strong>quot</strong></span> <span class='ocrx_word' id='word_1_825' title='bbox 2343 4319 2394 4371; x_wconf 93' lang='lat' dir='ltr'><strong>in</strong></span> <span class='ocrx_word' id='word_1_826' title='bbox 2422 4319 2717 4373; x_wconf 86' lang='lat' dir='ltr'><strong>amicorum</strong></span> <span class='ocrx_word' id='word_1_827' title='bbox 2744 4318 2967 4389; x_wconf 82' lang='lat' dir='ltr'><strong>gratiam</strong></span> <span class='ocrx_word' id='word_1_828' title='bbox 2993 4319 3289 4388; x_wconf 72' lang='lat' dir='ltr'><strong>sa-pissime</strong></span> <span class='ocrx_word' id='word_1_829' title='bbox 3316 4318 3711 4389; x_wconf 84' lang='lat' dir='ltr'><strong>peccaverunt?</strong></span> 
     </span>
    </p>
   </div>
   <div class='ocr_carea' id='block_1_104' title="bbox 2261 4409 3784 4483">
    <p class='ocr_par' dir='ltr' id='par_1_104' title="bbox 2261 4409 3784 4483">
     <span class='ocr_line' id='line_1_104' title="bbox 2261 4409 3784 4483; baseline -0.001 -18"><span class='ocrx_word' id='word_1_830' title='bbox 2261 4411 2316 4465; x_wconf 77' lang='lat'><strong>5.</strong></span> <span class='ocrx_word' id='word_1_831' title='bbox 2352 4409 2533 4465; x_wconf 82' lang='lat' dir='ltr'><strong>Gloria</strong></span> <span class='ocrx_word' id='word_1_832' title='bbox 2576 4411 2799 4465; x_wconf 85' lang='lat' dir='ltr'><strong>humana</strong></span> <span class='ocrx_word' id='word_1_833' title='bbox 2842 4411 3129 4483; x_wconf 78' lang='lat' dir='ltr'><strong>fugienda;</strong></span> <span class='ocrx_word' id='word_1_834' title='bbox 3178 4427 3412 4483; x_wconf 66' lang='lat' dir='ltr'><strong>quianam</strong></span> <span class='ocrx_word' id='word_1_835' title='bbox 3452 4410 3619 4481; x_wconf 81' lang='lat' dir='ltr'><strong>gloria</strong></span> <span class='ocrx_word' id='word_1_836' title='bbox 3646 4425 3784 4474; x_wconf 65' lang='lat' dir='ltr'><strong>qut!-</strong></span> 
     </span>
    </p>
   </div>
   <div class='ocr_carea' id='block_1_105' title="bbox 2189 4501 3787 4573">
    <p class='ocr_par' dir='ltr' id='par_1_105' title="bbox 2189 4501 3787 4573">
     <span class='ocr_line' id='line_1_105' title="bbox 2189 4501 3787 4573; baseline -0.001 -17"><span class='ocrx_word' id='word_1_837' title='bbox 2189 4502 2351 4556; x_wconf 87' lang='lat' dir='ltr'><strong>renda</strong></span> <span class='ocrx_word' id='word_1_838' title='bbox 2377 4504 2461 4556; x_wconf 86' lang='lat' dir='ltr'><strong>sit.</strong></span> <span class='ocrx_word' id='word_1_839' title='bbox 2480 4502 2622 4558; x_wconf 89' lang='lat' dir='ltr'><strong>—Si</strong></span> <span class='ocrx_word' id='word_1_840' title='bbox 2650 4518 2780 4573; x_wconf 88' lang='lat' dir='ltr'><strong>ergo</strong></span> <span class='ocrx_word' id='word_1_841' title='bbox 2804 4514 2859 4558; x_wconf 90' lang='lat' dir='ltr'><strong>et</strong></span> <span class='ocrx_word' id='word_1_842' title='bbox 2890 4501 3115 4557; x_wconf 75' lang='lat' dir='ltr'><strong>affectus</strong></span> <span class='ocrx_word' id='word_1_843' title='bbox 3155 4513 3208 4555; x_wconf 74' lang='lat' dir='ltr'><strong>et</strong></span> <span class='ocrx_word' id='word_1_844' title='bbox 3241 4502 3412 4569; x_wconf 88' lang='lat' dir='ltr'><strong>pudor</strong></span> <span class='ocrx_word' id='word_1_845' title='bbox 3439 4501 3703 4554; x_wconf 89' lang='lat' dir='ltr'><strong>humanus</strong></span> <span class='ocrx_word' id='word_1_846' title='bbox 3728 4507 3787 4554; x_wconf 83' lang='lat' dir='ltr'><strong>et</strong></span> 
     </span>
    </p>
   </div>
   <div class='ocr_carea' id='block_1_106' title="bbox 2191 4593 3781 4666">
    <p class='ocr_par' dir='ltr' id='par_1_106' title="bbox 2191 4593 3781 4666">
     <span class='ocr_line' id='line_1_106' title="bbox 2191 4593 3781 4666; baseline -0.003 -16"><span class='ocrx_word' id='word_1_847' title='bbox 2191 4596 2257 4650; x_wconf 89' lang='lat' dir='ltr'><strong>ad</strong></span> <span class='ocrx_word' id='word_1_848' title='bbox 2285 4605 2502 4666; x_wconf 88' lang='lat' dir='ltr'><strong>peceata</strong></span> <span class='ocrx_word' id='word_1_849' title='bbox 2533 4606 2588 4651; x_wconf 87' lang='lat' dir='ltr'><strong>et</strong></span> <span class='ocrx_word' id='word_1_850' title='bbox 2624 4595 2692 4651; x_wconf 91' lang='lat' dir='ltr'><strong>ad</strong></span> <span class='ocrx_word' id='word_1_851' title='bbox 2742 4596 2880 4651; x_wconf 86' lang='lat' dir='ltr'><strong>bona</strong></span> <span class='ocrx_word' id='word_1_852' title='bbox 2907 4611 3069 4665; x_wconf 86' lang='lat' dir='ltr'><strong>opera</strong></span> <span class='ocrx_word' id='word_1_853' title='bbox 3102 4612 3198 4649; x_wconf 84' lang='lat' dir='ltr'><strong>nos</strong></span> <span class='ocrx_word' id='word_1_854' title='bbox 3241 4602 3466 4663; x_wconf 85' lang='lat' dir='ltr'><strong>possunt</strong></span> <span class='ocrx_word' id='word_1_855' title='bbox 3505 4593 3781 4660; x_wconf 87' lang='lat' dir='ltr'><strong>inducere,</strong></span> 
     </span>
    </p>
   </div>
   <div class='ocr_carea' id='block_1_107' title="bbox 2191 4685 3791 4758">
    <p class='ocr_par' dir='ltr' id='par_1_107' title="bbox 2191 4685 3791 4758">
     <span class='ocr_line' id='line_1_107' title="bbox 2191 4685 3791 4758; baseline -0.003 -14"><span class='ocrx_word' id='word_1_856' title='bbox 2191 4691 2387 4745; x_wconf 79' lang='lat' dir='ltr'><strong>frustra</strong></span> <span class='ocrx_word' id='word_1_857' title='bbox 2425 4690 2654 4745; x_wconf 87' lang='lat' dir='ltr'><strong>dicimus</strong></span> <span class='ocrx_word' id='word_1_858' title='bbox 2699 4704 2799 4744; x_wconf 92' lang='lat' dir='ltr'><strong>nos</strong></span> <span class='ocrx_word' id='word_1_859' title='bbox 2829 4704 2933 4744; x_wconf 90' lang='lat' dir='ltr'><strong>non</strong></span> <span class='ocrx_word' id='word_1_860' title='bbox 2981 4703 3179 4758; x_wconf 89' lang='lat' dir='ltr'><strong>posse:</strong></span> <span class='ocrx_word' id='word_1_861' title='bbox 3213 4702 3498 4758; x_wconf 86' lang='lat' dir='ltr'><strong>possumus</strong></span> <span class='ocrx_word' id='word_1_862' title='bbox 3531 4687 3696 4750; x_wconf 90' lang='lat' dir='ltr'><strong>enim,</strong></span> <span class='ocrx_word' id='word_1_863' title='bbox 3736 4685 3791 4740; x_wconf 85' lang='lat' dir='ltr'><strong>si</strong></span> 
     </span>
    </p>
   </div>
   <div class='ocr_carea' id='block_1_108' title="bbox 2190 4778 3788 4851">
    <p class='ocr_par' dir='ltr' id='par_1_108' title="bbox 2190 4778 3788 4851">
     <span class='ocr_line' id='line_1_108' title="bbox 2190 4778 3788 4851; baseline -0.001 -15"><span class='ocrx_word' id='word_1_864' title='bbox 2190 4784 2475 4849; x_wconf 88' lang='lat' dir='ltr'><strong>volumus;</strong></span> <span class='ocrx_word' id='word_1_865' title='bbox 2506 4783 2644 4838; x_wconf 90' lang='lat' dir='ltr'><strong>velle</strong></span> <span class='ocrx_word' id='word_1_866' title='bbox 2669 4792 2869 4848; x_wconf 86' lang='lat' dir='ltr'><strong>autem,</strong></span> <span class='ocrx_word' id='word_1_867' title='bbox 2898 4797 3087 4836; x_wconf 88' lang='lat' dir='ltr'><strong>omnes</strong></span> <span class='ocrx_word' id='word_1_868' title='bbox 3111 4789 3341 4851; x_wconf 88' lang='lat' dir='ltr'><strong>oportet.</strong></span> <span class='ocrx_word' id='word_1_869' title='bbox 3370 4780 3466 4835; x_wconf 90' lang='lat' dir='ltr'><strong>Dic</strong></span> <span class='ocrx_word' id='word_1_870' title='bbox 3495 4778 3626 4833; x_wconf 90' lang='lat' dir='ltr'><strong>mihi</strong></span> <span class='ocrx_word' id='word_1_871' title='bbox 3652 4796 3665 4831; x_wconf 92' lang='lat'><strong>:</strong></span> <span class='ocrx_word' id='word_1_872' title='bbox 3688 4792 3788 4835; x_wconf 84' lang='lat' dir='ltr'><strong>cur</strong></span> 
     </span>
    </p>
   </div>
   <div class='ocr_carea' id='block_1_109' title="bbox 2190 4869 3785 4946">
    <p class='ocr_par' dir='ltr' id='par_1_109' title="bbox 2190 4869 3785 4946">
     <span class='ocr_line' id='line_1_109' title="bbox 2190 4869 3785 4946; baseline -0.007 -14"><span class='ocrx_word' id='word_1_873' title='bbox 2190 4892 2295 4932; x_wconf 91' lang='lat' dir='ltr'><strong>non</strong></span> <span class='ocrx_word' id='word_1_874' title='bbox 2340 4888 2494 4946; x_wconf 87' lang='lat' dir='ltr'><strong>potes</strong></span> <span class='ocrx_word' id='word_1_875' title='bbox 2531 4875 2765 4945; x_wconf 82' lang='lat' dir='ltr'><strong>gloriam</strong></span> <span class='ocrx_word' id='word_1_876' title='bbox 2802 4876 3037 4941; x_wconf 86' lang='lat' dir='ltr'><strong>vincere,</strong></span> <span class='ocrx_word' id='word_1_877' title='bbox 3070 4889 3192 4928; x_wconf 89' lang='lat' dir='ltr'><strong>cum</strong></span> <span class='ocrx_word' id='word_1_878' title='bbox 3239 4872 3327 4927; x_wconf 88' lang='lat' dir='ltr'><strong>alii</strong></span> <span class='ocrx_word' id='word_1_879' title='bbox 3372 4874 3617 4929; x_wconf 84' lang='lat' dir='ltr'><strong>eamdem</strong></span> <span class='ocrx_word' id='word_1_880' title='bbox 3662 4869 3785 4924; x_wconf 87' lang='lat' dir='ltr'><strong>ani-</strong></span> 
     </span>
    </p>
   </div>
   <div class='ocr_carea' id='block_1_110' title="bbox 2190 4964 3785 5039">
    <p class='ocr_par' dir='ltr' id='par_1_110' title="bbox 2190 4964 3785 5039">
     <span class='ocr_line' id='line_1_110' title="bbox 2190 4964 3785 5039; baseline -0.004 -15"><span class='ocrx_word' id='word_1_881' title='bbox 2190 4986 2357 5034; x_wconf 86' lang='lat' dir='ltr'><strong>mam,</strong></span> <span class='ocrx_word' id='word_1_882' title='bbox 2384 4969 2523 5024; x_wconf 90' lang='lat' dir='ltr'><strong>idem</strong></span> <span class='ocrx_word' id='word_1_883' title='bbox 2548 4969 2804 5039; x_wconf 76' lang='lat' dir='ltr'><strong>corpus’,</strong></span> <span class='ocrx_word' id='word_1_884' title='bbox 2828 4967 3073 5023; x_wconf 86' lang='lat' dir='ltr'><strong>eamdem</strong></span> <span class='ocrx_word' id='word_1_885' title='bbox 3093 4967 3341 5032; x_wconf 87' lang='lat' dir='ltr'><strong>formam,</strong></span> <span class='ocrx_word' id='word_1_886' title='bbox 3358 4966 3601 5020; x_wconf 87' lang='lat' dir='ltr'><strong>eamdem</strong></span> <span class='ocrx_word' id='word_1_887' title='bbox 3620 4964 3785 5018; x_wconf 88' lang='lat' dir='ltr'><strong>vitam</strong></span> 
     </span>
    </p>
   </div>
   <div class='ocr_carea' id='block_1_111' title="bbox 2190 5059 3785 5133">
    <p class='ocr_par' dir='ltr' id='par_1_111' title="bbox 2190 5059 3785 5133">
     <span class='ocr_line' id='line_1_111' title="bbox 2190 5059 3785 5133; baseline -0.006 -16"><span class='ocrx_word' id='word_1_888' title='bbox 2190 5063 2469 5129; x_wconf 85' lang='lat' dir='ltr'><strong>habentes,</strong></span> <span class='ocrx_word' id='word_1_889' title='bbox 2519 5063 2687 5133; x_wconf 88' lang='lat' dir='ltr'><strong>ipsam</strong></span> <span class='ocrx_word' id='word_1_890' title='bbox 2735 5060 3204 5131; x_wconf 84' lang='lat' dir='ltr'><strong>vincant?Cogita</strong></span> <span class='ocrx_word' id='word_1_891' title='bbox 3252 5061 3443 5127; x_wconf 88' lang='lat' dir='ltr'><strong>Deum,</strong></span> <span class='ocrx_word' id='word_1_892' title='bbox 3486 5059 3661 5126; x_wconf 84' lang='lat' dir='ltr'><strong>cogita</strong></span> <span class='ocrx_word' id='word_1_893' title='bbox 3692 5071 3785 5110; x_wconf 88' lang='lat' dir='ltr'><strong>su-</strong></span> 
     </span>
    </p>
   </div>
   <div class='ocr_carea' id='block_1_112' title="bbox 2190 5152 3789 5226">
    <p class='ocr_par' dir='ltr' id='par_1_112' title="bbox 2190 5152 3789 5226">
     <span class='ocr_line' id='line_1_112' title="bbox 2190 5152 3789 5226; baseline -0.003 -16"><span class='ocrx_word' id='word_1_894' title='bbox 2190 5172 2409 5226; x_wconf 91' lang='lat' dir='ltr'><strong>pernam</strong></span> <span class='ocrx_word' id='word_1_895' title='bbox 2439 5157 2664 5226; x_wconf 83' lang='lat' dir='ltr'><strong>gloriam</strong></span> <span class='ocrx_word' id='word_1_896' title='bbox 2698 5174 2712 5211; x_wconf 91' lang='lat'><strong>:</strong></span> <span class='ocrx_word' id='word_1_897' title='bbox 2740 5156 2927 5211; x_wconf 88' lang='lat' dir='ltr'><strong>confer</strong></span> <span class='ocrx_word' id='word_1_898' title='bbox 2967 5156 3111 5208; x_wconf 89' lang='lat' dir='ltr'><strong>illam</strong></span> <span class='ocrx_word' id='word_1_899' title='bbox 3145 5171 3263 5210; x_wconf 91' lang='lat' dir='ltr'><strong>cum</strong></span> <span class='ocrx_word' id='word_1_900' title='bbox 3312 5152 3690 5224; x_wconf 71' lang='lat' dir='ltr'><strong>pra-sentibus,</strong></span> <span class='ocrx_word' id='word_1_901' title='bbox 3730 5158 3789 5206; x_wconf 84' lang='lat' dir='ltr'><strong>et</strong></span> 
     </span>
    </p>
   </div>
   <div class='ocr_carea' id='block_1_113' title="bbox 2188 5248 3788 5325">
    <p class='ocr_par' dir='ltr' id='par_1_113' title="bbox 2188 5248 3788 5325">
     <span class='ocr_line' id='line_1_113' title="bbox 2188 5248 3788 5325; baseline -0.005 -21"><span class='ocrx_word' id='word_1_902' title='bbox 2188 5252 2367 5307; x_wconf 86' lang='lat' dir='ltr'><strong>statim</strong></span> <span class='ocrx_word' id='word_1_903' title='bbox 2393 5254 2462 5307; x_wconf 89' lang='lat' dir='ltr'><strong>ab</strong></span> <span class='ocrx_word' id='word_1_904' title='bbox 2493 5255 2588 5308; x_wconf 86' lang='lat' dir='ltr'><strong>hac</strong></span> <span class='ocrx_word' id='word_1_905' title='bbox 2616 5254 2782 5325; x_wconf 87' lang='lat' dir='ltr'><strong>gloria</strong></span> <span class='ocrx_word' id='word_1_906' title='bbox 2815 5252 3043 5309; x_wconf 92' lang='lat' dir='ltr'><strong>resilies.</strong></span> <span class='ocrx_word' id='word_1_907' title='bbox 3075 5251 3133 5306; x_wconf 88' lang='lat' dir='ltr'><strong>Si</strong></span> <span class='ocrx_word' id='word_1_908' title='bbox 3174 5250 3396 5304; x_wconf 85' lang='lat' dir='ltr'><strong>omnino</strong></span> <span class='ocrx_word' id='word_1_909' title='bbox 3430 5248 3654 5318; x_wconf 90' lang='lat' dir='ltr'><strong>gloriam</strong></span> <span class='ocrx_word' id='word_1_910' title='bbox 3691 5260 3788 5297; x_wconf 85' lang='lat' dir='ltr'><strong>cx-</strong></span> 
     </span>
    </p>
   </div>
   <div class='ocr_carea' id='block_1_114' title="bbox 2191 5342 3786 5419">
    <p class='ocr_par' dir='ltr' id='par_1_114' title="bbox 2191 5342 3786 5419">
     <span class='ocr_line' id='line_1_114' title="bbox 2191 5342 3786 5419; baseline -0.005 -20"><span class='ocrx_word' id='word_1_911' title='bbox 2191 5348 2345 5415; x_wconf 84' lang='lat' dir='ltr'><strong>petis,</strong></span> <span class='ocrx_word' id='word_1_912' title='bbox 2382 5364 2498 5402; x_wconf 84' lang='lat' dir='ltr'><strong>eam</strong></span> <span class='ocrx_word' id='word_1_913' title='bbox 2522 5364 2640 5417; x_wconf 62' lang='lat' dir='ltr'><strong>qua}</strong></span> <span class='ocrx_word' id='word_1_914' title='bbox 2668 5363 2792 5402; x_wconf 87' lang='lat' dir='ltr'><strong>vere</strong></span> <span class='ocrx_word' id='word_1_915' title='bbox 2816 5347 2984 5419; x_wconf 85' lang='lat' dir='ltr'><strong>gloria</strong></span> <span class='ocrx_word' id='word_1_916' title='bbox 3012 5357 3097 5401; x_wconf 88' lang='lat' dir='ltr'><strong>est</strong></span> <span class='ocrx_word' id='word_1_917' title='bbox 3123 5347 3463 5415; x_wconf 77' lang='lat' dir='ltr'><strong>concupisce.</strong></span> <span class='ocrx_word' id='word_1_918' title='bbox 3496 5345 3625 5410; x_wconf 75' lang='lat' dir='ltr'><strong>Qua:</strong></span> <span class='ocrx_word' id='word_1_919' title='bbox 3666 5342 3786 5412; x_wconf 86' lang='lat' dir='ltr'><strong>glo-</strong></span> 
     </span>
    </p>
   </div>
   <div class='ocr_carea' id='block_1_115' title="bbox 2186 5430 3781 5516">
    <p class='ocr_par' dir='ltr' id='par_1_115' title="bbox 2186 5430 3781 5516">
     <span class='ocr_line' id='line_1_115' title="bbox 2186 5430 3781 5516; baseline -0.003 -17"><span class='ocrx_word' id='word_1_920' title='bbox 2186 5440 2265 5499; x_wconf 86' lang='lat' dir='ltr'><strong>ria</strong></span> <span class='ocrx_word' id='word_1_921' title='bbox 2295 5430 2399 5510; x_wconf 84' lang='lat' dir='ltr'><strong>est,</strong></span> <span class='ocrx_word' id='word_1_922' title='bbox 2429 5460 2550 5500; x_wconf 90' lang='lat' dir='ltr'><strong>cum</strong></span> <span class='ocrx_word' id='word_1_923' title='bbox 2598 5444 2870 5499; x_wconf 86' lang='lat' dir='ltr'><strong>infamiam</strong></span> <span class='ocrx_word' id='word_1_924' title='bbox 2910 5444 3122 5516; x_wconf 86' lang='lat' dir='ltr'><strong>pariat?</strong></span> <span class='ocrx_word' id='word_1_925' title='bbox 3171 5460 3291 5514; x_wconf 76' lang='lat' dir='ltr'><strong>qua:</strong></span> <span class='ocrx_word' id='word_1_926' title='bbox 3329 5443 3519 5513; x_wconf 86' lang='lat' dir='ltr'><strong>gloria.</strong></span> <span class='ocrx_word' id='word_1_927' title='bbox 3562 5442 3781 5510; x_wconf 84' lang='lat' dir='ltr'><strong>quando</strong></span> 
     </span>
    </p>
   </div>
   <div class='ocr_carea' id='block_1_116' title="bbox 2189 5533 3786 5607">
    <p class='ocr_par' dir='ltr' id='par_1_116' title="bbox 2189 5533 3786 5607">
     <span class='ocr_line' id='line_1_116' title="bbox 2189 5533 3786 5607; baseline -0.003 -16"><span class='ocrx_word' id='word_1_928' title='bbox 2189 5535 2502 5592; x_wconf 89' lang='lat' dir='ltr'><strong>inferiorum</strong></span> <span class='ocrx_word' id='word_1_929' title='bbox 2533 5536 2793 5592; x_wconf 88' lang='lat' dir='ltr'><strong>honorem</strong></span> <span class='ocrx_word' id='word_1_930' title='bbox 2828 5552 3028 5607; x_wconf 88' lang='lat' dir='ltr'><strong>cupere</strong></span> <span class='ocrx_word' id='word_1_931' title='bbox 3070 5537 3278 5607; x_wconf 89' lang='lat' dir='ltr'><strong>cogeris</strong></span> <span class='ocrx_word' id='word_1_932' title='bbox 3321 5544 3376 5590; x_wconf 92' lang='lat' dir='ltr'><strong>et</strong></span> <span class='ocrx_word' id='word_1_933' title='bbox 3405 5535 3498 5590; x_wconf 91' lang='lat' dir='ltr'><strong>illo</strong></span> <span class='ocrx_word' id='word_1_934' title='bbox 3523 5549 3658 5604; x_wconf 76' lang='lat' dir='ltr'><strong>Opus</strong></span> <span class='ocrx_word' id='word_1_935' title='bbox 3687 5533 3786 5589; x_wconf 79' lang='lat' dir='ltr'><strong>ha-</strong></span> 
     </span>
    </p>
   </div>
   <div class='ocr_carea' id='block_1_117' title="bbox 2189 5625 3788 5712">
    <p class='ocr_par' dir='ltr' id='par_1_117' title="bbox 2189 5625 3788 5712">
     <span class='ocr_line' id='line_1_117' title="bbox 2189 5625 3788 5712; baseline -0.004 -27"><span class='ocrx_word' id='word_1_936' title='bbox 2189 5631 2355 5686; x_wconf 81' lang='lat' dir='ltr'><strong>bere?</strong></span> <span class='ocrx_word' id='word_1_937' title='bbox 2382 5632 2566 5686; x_wconf 89' lang='lat' dir='ltr'><strong>Honor</strong></span> <span class='ocrx_word' id='word_1_938' title='bbox 2590 5640 2674 5687; x_wconf 86' lang='lat' dir='ltr'><strong>est</strong></span> <span class='ocrx_word' id='word_1_939' title='bbox 2701 5629 2977 5712; x_wconf 79' lang='lat' dir='ltr'><strong>majorum</strong></span> <span class='ocrx_word' id='word_1_940' title='bbox 2994 5629 3162 5700; x_wconf 82' lang='lat' dir='ltr'><strong>gloria</strong></span> <span class='ocrx_word' id='word_1_941' title='bbox 3189 5629 3316 5685; x_wconf 91' lang='lat' dir='ltr'><strong>frui.</strong></span> <span class='ocrx_word' id='word_1_942' title='bbox 3346 5629 3402 5685; x_wconf 87' lang='lat' dir='ltr'><strong>Si</strong></span> <span class='ocrx_word' id='word_1_943' title='bbox 3433 5627 3655 5684; x_wconf 89' lang='lat' dir='ltr'><strong>omnino</strong></span> <span class='ocrx_word' id='word_1_944' title='bbox 3678 5625 3788 5696; x_wconf 84' lang='lat' dir='ltr'><strong>glo-</strong></span> 
     </span>
    </p>
   </div>
   <div class='ocr_carea' id='block_1_118' title="bbox 2254 5815 3220 5883">
    <p class='ocr_par' dir='ltr' id='par_1_118' title="bbox 2254 5815 3220 5883">
     <span class='ocr_line' id='line_1_118' title="bbox 2254 5815 3220 5883; baseline 0.003 -18"><span class='ocrx_word' id='word_1_945' title='bbox 2254 5822 2268 5852; x_wconf 81' lang='grc' dir='ltr'><strong>ι</strong></span> <span class='ocrx_word' id='word_1_946' title='bbox 2298 5821 2501 5883; x_wconf 53' lang='lat' dir='ltr'><strong>calidam</strong></span> <span class='ocrx_word' id='word_1_947' title='bbox 2527 5821 2730 5883; x_wconf 81' lang='lat' dir='ltr'><strong>habent,</strong></span> <span class='ocrx_word' id='word_1_948' title='bbox 2748 5832 2859 5883; x_wconf 67' lang='lat' dir='ltr'><strong>uere</strong></span> <span class='ocrx_word' id='word_1_949' title='bbox 2880 5832 3033 5883; x_wconf 61' lang='lat' dir='ltr'><strong>creatis</strong></span> <span class='ocrx_word' id='word_1_950' title='bbox 3054 5815 3220 5883; x_wconf 65' lang='lat' dir='ltr'><strong>emat.</strong></span> 
     </span>
    </p>
   </div>
   <div class='ocr_carea' id='block_1_119' title="bbox 2251 5877 3777 5945">
    <p class='ocr_par' dir='ltr' id='par_1_119' title="bbox 2251 5877 3777 5945">
     <span class='ocr_line' id='line_1_119' title="bbox 2251 5877 3777 5945; baseline -0.003 -14"><span class='ocrx_word' id='word_1_951' title='bbox 2251 5885 2271 5914; x_wconf 80' lang='grc'>²</span> <span class='ocrx_word' id='word_1_952' title='bbox 2295 5882 2430 5942; x_wconf 71' lang='lat' dir='ltr'><strong>llaec,</strong></span> <span class='ocrx_word' id='word_1_953' title='bbox 2455 5877 2929 5945; x_wconf 19' lang='lat' dir='ltr'><strong>eumdein‘am&#39;mam,</strong></span> <span class='ocrx_word' id='word_1_954' title='bbox 2951 5877 3282 5945; x_wconf 70' lang='lat' dir='ltr'><strong>ident&#39;corpns</strong></span> <span class='ocrx_word' id='word_1_955' title='bbox 3305 5917 3320 5943; x_wconf 92' lang='lat'><strong>,</strong></span> <span class='ocrx_word' id='word_1_956' title='bbox 3347 5892 3442 5930; x_wconf 90' lang='lat' dir='ltr'><strong>non</strong></span> <span class='ocrx_word' id='word_1_957' title='bbox 3466 5879 3702 5945; x_wconf 74' lang='lat' dir='ltr'><strong>legunto:</strong></span> <span class='ocrx_word' id='word_1_958' title='bbox 3725 5877 3777 5928; x_wconf 78' lang='lat' dir='ltr'><strong>in</strong></span> 
     </span>
    </p>
   </div>
   <div class='ocr_carea' id='block_1_120' title="bbox 2194 5939 3102 6010">
    <p class='ocr_par' dir='ltr' id='par_1_120' title="bbox 2194 5939 3102 6010">
     <span class='ocr_line' id='line_1_120' title="bbox 2194 5939 3102 6010; baseline 0.003 -19"><span class='ocrx_word' id='word_1_959' title='bbox 2194 5939 2385 6010; x_wconf 64' lang='lat' dir='ltr'><strong>bluam,</strong></span> <span class='ocrx_word' id='word_1_960' title='bbox 2409 5939 2497 5995; x_wconf 76' lang='lat' dir='ltr'><strong>sed</strong></span> <span class='ocrx_word' id='word_1_961' title='bbox 2520 5957 2553 5994; x_wconf 84' lang='lat' dir='ltr'><strong>e</strong></span> <span class='ocrx_word' id='word_1_962' title='bbox 2573 5953 2596 5995; x_wconf 70' lang='grc' dir='ltr'>δ</span> <span class='ocrx_word' id='word_1_963' title='bbox 2612 5939 2744 5996; x_wconf 77' lang='lat' dir='ltr'><strong>ivillo</strong></span> <span class='ocrx_word' id='word_1_964' title='bbox 2765 5939 2955 6005; x_wconf 78' lang='lat' dir='ltr'><strong>adjecta</strong></span> <span class='ocrx_word' id='word_1_965' title='bbox 2969 5949 3102 5994; x_wconf 77' lang='lat' dir='ltr'><strong>sunt.</strong></span> 
     </span>
    </p>
   </div>
  </div>
