4112 6438
209 332 312 390 ΞΗ

213 475 332 524 γων
384 453 623 515 πολλῶν,
675 449 792 513 πῶς
835 449 1101 520 ἠθέλησεν
1147 448 1325 502 αὐτῶν
1363 449 1615 503 ἀκοῦσαι.
1674 449 1782 503 Καὶ
1830 447 1900 501 τὰ

220 547 467 615 ὀνόματα
496 542 554 595 δέ
585 539 874 606 καταλέγει
894 539 1000 593 τῶν
1028 539 1252 591 πόλεων·
1307 539 1542 602 δεικνὺς,
1577 535 1683 590 ὅτι’
1711 537 1898 608 ἐπειδὴ

220 631 555 704 πφσφάτως
581 629 675 680 τὸν
702 626 860 694 λόγον
888 626 1155 692 ἐδέξαντο,
1179 626 1336 694 χρεία
1362 621 1428 697 ῆν
1453 625 1897 697 ἐπιστηρίζεσθαι

224 722 295 787 τῇ
320 718 493 770 πίστει
520 711 807 782 ἐμμένειν·
846 711 924 762 διὸ
946 711 1038 763 καὶ
1061 711 1298 779 συνεχῶς
1341 711 1535 772 αὑταῖς
1594 710 1898 778 ἐφίσταντο.

240 806 381 873 Ὀρα
424 803 494 853 ὃτι
531 799 689 851 οὐδὲν
745 797 881 867 πρὸς
926 796 1018 849 τὸν
1069 798 1240 867 μάγον
1306 791 1477 858 εἶπεν,
1530 796 1634 859 ἓως
1697 799 1900 860 ἐκεῖνος

238 891 482 960 ἀφορμὴν
503 887 730 940 ἔδωκεν·
766 885 900 938 ἀλλά
945 885 1034 938 τὸν
1069 885 1229 952 λόγον
1259 885 1351 937 τοῦ
1380 885 1586 954 Κυρίου
1618 883 1776 954 μόνον
1803 902 1900 937 κα-

231 978 538 1050 τήγγελλον.
585 975 806 1043 Ἐπειδὴ
843 976 952 1046 γὰρ
973 976 1098 1037 τοὺς
1127 974 1318 1037 ἄλλους
1342 975 1487 1045 ἐώρα
1511 975 1898 1045 προσέχοντας,

221 1071 386 1130 αὐτὸς
425 1069 563 1138 πρὸς
593 1067 651 1120 ἐν
682 1066 842 1120 τοῦτο
875 1068 1119 1127 ἐσκόπει,
1152 1066 1292 1119 ὥστε
1323 1068 1526 1118 ἐκεῖνον
1577 1067 1650 1137 μὴ
1676 1067 1901 1137 πεισθῆ-

217 1176 330 1211 ναι.
365 1160 475 1212 Καὶ
491 1157 582 1211 διὰ
611 1157 665 1209 τί
698 1157 773 1226 μὴ
807 1156 989 1226 ἕτερον
1016 1159 1240 1225 σημεῖον
1289 1155 1583 1226 ἐποίησεν;
1639 1158 1761 1211 ’Ότι
1800 1160 1902 1213 οὐκ

215 1243 285 1317 ἦν
314 1246 508 1298 τούτου
537 1246 672 1307 ἴσον,
698 1243 792 1298 τοῦ
822 1245 911 1296 τὸν
941 1245 1033 1314 ἐχθ
1045 1246 1134 1315 ρδν
1170 1246 1332 1300 ἑλεῖν.

295 1333 359 1402 β’.
390 1335 500 1386 Καὶ
531 1333 654 1402 δρα,
692 1333 954 1402 πρότερον
986 1334 1227 1401 ἐγκαλεῖ,
1259 1336 1352 1388 καὶ
1399 1337 1518 1389 τότε
1553 1337 1897 1407 τιμωρεῖται.

226 1420 474 1473 Δείκνυσι
496 1421 553 1473 δὲ
581 1419 806 1481 δικαίως
835 1420 997 1473 αὑτὸν
1020 1421 1262 1474 παθόντα
1290 1422 1370 1493 τῷ
1407 1424 1604 1491 λέγειν·
1657 1425 1725 1475 ’Ὠ
1747 1421 1902 1486 πλή-

217 1527 333 1577 ρης
362 1508 595 1573 παντὸς
650 1507 856 1561 δόλου.
908 1508 1221 1569 Τουτέστιν,
1272 1510 1425 1564 οὐδὲν
1476 1511 1613 1581 έχων
1662 1509 1898 1572 ἐλλιπὲς,

225 1599 386 1668 φησί.
438 1598 556 1650 Καὶ
608 1595 779 1659 καλῶς
823 1592 966 1662 εἷπε,
1037 1601 1271 1665 Παντὸς
1321 1600 1526 1655 δόλου·
1580 1601 1902 1672 ὑπεκρίνετο

230 1687 370 1755 γάρ.
423 1686 522 1738 Υἱέ
565 1685 819 1738 διαϐόλου·
874 1686 936 1738 τὸ
987 1688 1094 1757 γὰρ
1125 1687 1285 1758 ἔργον
1339 1689 1547 1741 ἐκείνου
1608 1689 1898 1759 ἔπραττεν.

249 1773 459 1842 Ἐχθρέ
489 1773 680 1839 πάσης
729 1772 1137 1839 δικαιοσύνης·
1189 1777 1222 1844 ή
1249 1776 1357 1846 γὰρ
1410 1778 1559 1830 πᾶσα
1586 1776 1899 1848 δικαιοσύνη

237 1862 406 1924 ὅντως
436 1861 569 1930 αῦτη
594 1857 681 1932 ἦν.
749 1862 904 1927 Ἑμοί
932 1861 1078 1914 δοκεῖ
1108 1863 1201 1915 καὶ
1229 1863 1320 1915 τὸν
1356 1863 1470 1932 βίον
1518 1863 1760 1934 ἐλέγχειν
1809 1865 1901 1917 τὸν

229 1952 414 2014 αὐτοῦ,
450 1951 621 2006 ταῦτα
673 1951 866 2019 λέγων.
910 1952 1019 2006 Καὶ
1047 1952 1134 2006 ἵνα
1165 1953 1336 2023 δείξῃ,
1396 1955 1476 2006 ὅτι
1501 1966 1526 1993 τι
1579 1954 1679 2006 οὐκ
1709 1949 1776 2024 ῆν
1809 1955 1901 2006 θυ-

227 2041 330 2111 μοῦ
356 2040 424 2093 τά
455 2041 700 2111 ῥήματα,
733 2039 820 2093 διὰ
856 2039 1014 2092 τοῦτο
1065 2039 1352 2110 προλαϐὼν
1403 2035 1546 2104 εἷπε,
1600 2040 1902 2106 Πλησθείς

227 2129 575 2196 Πνεύματος
593 2127 787 2196 ἁγίου·
814 2127 1113 2189 τουτέστιν,
1148 2127 1446 2197 ἐνεργείας.
1485 2128 1593 2182 Καὶ
1623 2127 1741 2181 νῦν
1772 2127 1900 2182 ἰδοὺ

229 2216 350 2284 χείρ
381 2215 606 2284 Κυρίου
644 2215 741 2267 ἐπὶ
779 2214 870 2268 σέ.
900 2215 1012 2267 Οὐκ
1038 2215 1146 2284 ἄρα
1197 2215 1435 2285 τιμωρία
1467 2211 1557 2286 ῆν,
1586 2215 1699 2267 ἀλλ’
1734 2216 1896 2278 ἴασις.

226 2304 528 2374 Μονονουχί
569 2303 680 2373 γὰρ
731 2302 934 2371 ἔλεγεν·
986 2304 1107 2356 Οὐκ
1157 2302 1270 2372 ἐγὼ
1323 2303 1490 2368 ποιῶ,
1522 2303 1659 2357 ἀλλ’
1716 2305 1754 2370 ὴ
1796 2304 1900 2357 τοῦ

229 2391 372 2444 Θεοῦ
406 2391 560 2458 χείρ.
595 2391 737 2460 Ὅρα
785 2389 844 2442 τὺ
874 2390 1097 2458 ἄτυφον.
1158 2391 1314 2457 Ἕσῃ
1355 2391 1604 2458 τυφλὸς,
1639 2389 1725 2460 μὴ
1754 2389 1902 2454 ,ϐλέ-

223 2497 351 2533 πων
373 2480 486 2534 τόν
526 2479 705 2548 ἣλιον
729 2479 866 2547 ἄχρι
890 2478 1117 2548 καιροῦ.
1157 2479 1328 2531 Τοῦτο
1357 2479 1527 2548 λέγει,
1562 2480 1648 2532 ἵνα
1699 2479 1772 2549 δῷ
1801 2481 1900 2532 αὐ-

223 2569 296 2639 τῷ
328 2567 687 2637 μετανοῆσαι.
714 2568 963 2638 Οὐδαμοῦ
1002 2569 1110 2638 γὰρ
1159 2567 1441 2621 ἐϐούλοντο
1467 2567 1577 2622 ἀπὸ
1627 2567 1734 2620 τῶν
1767 2585 1900 2620 σκυ-

225 2656 593 2729 θρωποτέρων
634 2655 942 2725 φαίνεσθαι,
983 2658 1032 2709 εί
1063 2657 1155 2709 καὶ
1200 2658 1279 2719 εἰς
1308 2656 1534 2727 ἐχθροὺς
1562 2657 1735 2710 ταῦτα
1781 2656 1902 2724 ἐγέ-

223 2764 363 2802 νετο.
415 2745 680 2798 Ἀλλ’ἐπί
731 2745 831 2816 μὲν
853 2745 958 2798 τῶν
996 2747 1213 2800 οἰκείων
1257 2747 1501 2810 εἰκότως·
1562 2749 1657 2801 ἐπὶ
1706 2748 1761 2801 δὲ
1791 2749 1900 2801 τῶν

228 2835 526 2902 ἀλλοτρίων
557 2834 696 2904 οὐχὶ,
746 2834 831 2888 ἵνα
877 2835 952 2906 μὴ
983 2835 1210 2906 νομισθῇ
1261 2836 1322 2888 τὸ
1373 2838 1605 2906 πρᾶγμα
1655 2838 1902 2907 ἀνάγκης

231 2921 364 2977 εἶναι
399 2922 589 2976 λοιπὸν
631 2925 725 2976 καὶ¹
755 2923 923 2987 δέους.
974 2925 1285 2996 Τεκμήριον
1331 2925 1386 2978 δέ
1421 2929 1518 2997 τῆς
1549 2925 1899 2996 τυφλότητος,

227 3013 284 3064 τὸ
313 3013 694 3083 χειραγωγοῦς
728 3012 931 3082 ζητεῖν.
993 3008 1127 3065 Εἶτα
1184 3015 1285 3084 ὁρᾷ.
1317 3013 1415 3083 τὴν
1448 3020 1697 3085 πήρωσιν
1743 3015 1772 3066 ὁ
1804 3015 1899 3067 άν-

227 3099 490 3164 θύπατος,
528 3101 621 3152 καὶ
671 3099 833 3162 εὐθὺς
884 3099 1150 3153 πιστεύει·
1218 3102 1312 3153 καὶ
1369 3101 1466 3171 οὐχ
1523 3101 1729 3164 ἁπλῶς,
1785 3101 1900 3154 ἀλλ’

239 3187 780 3254 Ἐκπληττόμενοςο
831 3181 939 3238 εἶδε
973 3186 1100 3257 γὰρ,
1139 3187 1219 3240 ὄτι
1246 3188 1305 3240 οὐ
1360 3188 1505 3256 λόγοι
1548 3189 1667 3242 οὐδὲ
1716 3190 1900 3258 ἀπάτη

227 3273 428 3328 ταῦτα.
485 3271 625 3342 Ὅρα
674 3274 838 3326 πόσον
885 3273 1062 3345 ἐρωτα
1114 3269 1226 3344 εἶχε
1269 3274 1616 3340 διδασκαλίας
1651 3277 1710 3329 ἐν
1758 3278 1898 3348 ἀρχῇ

232 3361 305 3413 ὢν
340 3358 600 3432 τοσαύτῃ.
630 3360 742 3412 Ούκ
768 3355 887 3412 εἰπε
921 3361 1056 3430 πρὸς
1103 3362 1286 3426 αὐτὸν,
1321 3363 1393 3414 Οὐ
1439 3362 1624 3436 παύση
1655 3364 1904 3436 διαστρέ-

233 3467 346 3516 φων
376 3449 473 3500 τὸν
503 3446 830 3499 ἀνθύπατον·
865 3447 1022 3510 ἀλλὰ,
1058 3452 1168 3513 Τὰς
1195 3449 1374 3514 ὀδοὺς
1404 3452 1648 3517 Κυρίου,
1687 3452 1714 3504 ὃ
1741 3453 1902 3508 πλέον

240 3532 433 3606 ῆνῖνσ.
462 3536 535 3606 μὴ
572 3535 698 3608 δόξῃ
743 3535 1079 3589 κολακεύειν.
1116 3538 1179 3589 Τί
1211 3538 1408 3608 δήποτε
1451 3539 1509 3592 δέ
1563 3542 1591 3593 ό
1651 3543 1901 3615 Ἰωάννης

239 3627 506 3694 ἀναχωρεῖ
539 3625 634 3677 ἀπ’
660 3623 875 3687 αὑτῶνς
923 3625 1204 3692 Ἰωάννης
1258 3625 1388 3696 γὰρ,
1451 3628 1638 3699 φησὶν,
1668 3631 1901 3698 ἀποχω-

224 3709 426 3779 ρήσας
455 3711 555 3764 ἀπ’
582 3709 801 3772 αὐτῶν,
825 3710 1208 3781 ὑπέστρεψεν
1232 3718 1320 3779 εἰς
1369 3714 1776 3784 Ἰεροσόλυμα·
1805 3717 1899 3770 άτε

231 3797 325 3850 ἐπὶ
382 3797 728 3868 μακροτέραν
783 3798 972 3852 λοιπὸν
1024 3801 1390 3872 στελλομένων
1439 3802 1574 3854 ὀδόν·
1629 3804 1806 3857 καίτοι
1839 3823 1902 3874 γε

229 3886 514 3955 ὑπηρέτης
539 3887 747 3948 ἐκεῖνος
774 3880 863 3956 ἦν,
885 3888 1040 3940 αὐτοί¹
1069 3888 1126 3941 δὲ
1165 3889 1256 3941 τὸν
1285 3889 1530 3942 κίνδυνον
1565 3886 1732 3961 εἷχον.
1788 3894 1902 3947 Πά-

226 3972 312 4026 λιν
346 3973 598 4036 ἐλθόντες
631 3975 710 4038 εἰς
763 3975 1005 4046 Πέργην,
1041 3977 1444 4048 παρατρέχουσι
1470 3979 1569 4043 τὰς
1614 3979 1780 4044 ἄλλας
1806 3981 1904 4034 πό-

229 4062 359 4126 λεις·
400 4062 496 4115 ἐπὶ
553 4062 650 4134 τὴν
703 4064 1038 4134 μητρόπολιν
1080 4064 1188 4136 γὰρ
1211 4066 1501 4135 ἠπείγοντο
1539 4069 1637 4138 τὴν
1701 4069 1905 4124 Ἀντιό-

234 4169 407 4219 χεταν.
445 4151 554 4204 Καὶ
582 4152 680 4221 ὅρα
707 4152 824 4213 πῶς
851 4152 1212 4222 ὑποτέμνεται
1237 4155 1266 4205 ὁ
1314 4157 1682 4226 συγγραφεύς.
1736 4157 1904 4212 Έκὰ-

235 4241 416 4291 (hear
448 4238 516 4290 ἐν·
567 4236 643 4305 τῇ
688 4238 1032 4307 συναγωγῇ,
1089 4241 1243 4310 φησὶ,
1284 4243 1380 4295 καὶ
1437 4242 1511 4311 τῇ
1559 4243 1749 4314 ἡμέρᾳ,
1785 4245 1904 4299 τῶν

233 4325 564 4380 σαϐϐάτων·
593 4325 733 4378 ὥστε
756 4326 1177 4398 προοδοποιῆσαι
1207 4328 1282 4399 τῷ
1302 4329 1462 4402 λόγῳ.
1499 4333 1608 4384 Καὶ
1654 4334 1716 4385 οὐ
1753 4334 1904 4403 πρῶ-

233 4433 312 4469 τοι
345 4414 505 4488 [2'25]
558 4415 825 4484 λέγουσιν,
877 4417 990 4470 ἀλλ’
1026 4418 1438 4489 ἐπιτραπέντες,
1474 4421 1570 4473 ἆτε
1599 4422 1673 4478 ὠς
1719 4422 1901 4487 ξένους

234 4503 692 4573 προσεκαλοῦντο.
728 4505 792 4558 Εἰ
822 4504 895 4576 μὴ
916 4527 920 4536 ι
942 4504 1295 4575 περιέμειναν
1324 4506 1401 4573 δέ,
1448 4509 1547 4560 οὐκ
1585 4508 1652 4561 ἂν
1687 4510 1902 4577 ἐγένετο

231 4592 412 4661 λόγος.
483 4591 744 4646 Ἐνταῦθα
799 4593 1012 4664 πρῶτον
1067 4594 1330 4665 κηρύττει
1387 4597 1620 4660 Παῦλος.
1666 4599 1774 4651 Καὶ
1801 4600 1902 4671 ὅρα

235 4679 404 4731 αὐτοῦ
455 4679 553 4750 τὴν
605 4679 837 4733 σύνεσιν·
867 4679 996 4733 ἔνθα
1023 4682 1122 4751 μὲν
1147 4677 1215 4752 ἦν
1259 4684 1706 4754 κατεσπαρμένος
1737 4688 1764 4738 ὁ
1811 4687 1902 4739 λό-

242 4783 357 4832 γος,
391 4767 746 4838 παρατρέχει·
783 4768 911 4821 ἔνθα
942 4768 998 4822 δὲ
1026 4770 1200 4833 οὐδεὶς
1225 4767 1315 4841 ἦν,
1349 4771 1674 4844 ἐνδιατρίϐει
1719 4775 1906 4839 καθὼς

244 4854 342 4906 καὶ
380 4854 536 4918 αὐτός
599 4873 732 4926 φησι
777 4856 1030 4927 γράφων·
1094 4858 1256 4911 Οὕτω
1288 4858 1356 4912 δὲ
1406 4864 1905 4931 φιλοτιμούμενος

235 4941 740 5009 εὐαγγελίζεσθαι,
774 4946 885 5012 οὐχ
927 4943 1079 4998 ὅπου
1111 4944 1431 5014 ὠνομάσθη
1460 4950 1728 5015 Χριστός.
1790 4952 1907 5004 Ἀν-

233 5028 420 5100 δρείας
443 5030 498 5082 δέ
536 5025 603 5099 ἦν
649 5033 744 5083 καὶ
794 5031 951 5084 τοῦτο
1001 5033 1220 5100 πολλῆς.
1253 5036 1459 5096 Ὄντως
1488 5038 1552 5088 ἐκ
1606 5037 1905 5109 προοιμίων

237 5116 550 5186 θαυμαστὸς
603 5119 632 5170 ὁ
698 5120 858 5189 ἀνήρ·
907 5121 1343 5191 ἐσταυρωμένος,
1399 5126 1902 5195 παρατεταγμένος,

233 5206 355 5276 ᾔδει
390 5209 563 5276 πόσης
585 5208 862 5261 ἀπέλαυσε
890 5209 1132 5280 χάριτος·
1161 5211 1486 5282 ἀντίρροπον
1525 5215 1784 5284 εἰσήγαγε
1805 5214 1905 5284 τὴν

238 5293 500 5363 σπουδήν.
527 5295 642 5348 Οὐκ
689 5294 936 5366 ὠργίσθη
971 5298 1106 5367 πρὸς
1147 5297 1420 5368 Ἰωάννην·
1453 5301 1512 5352 οὐ
1556 5301 1666 5371 γὰρ
1715 5301 1904 5355 τούτου

237 5376 327 5451 ῆν·
358 5383 493 5435 ἀλλά
521 5381 614 5435 τοῦ
648 5383 812 5454 ἔργου
843 5383 1038 5454 εἴχετο·
1074 5385 1173 5438 οὐκ
1206 5386 1516 5452 ἐδειλίασεν,
1546 5389 1646 5441 οὐκ
1667 5389 1904 5460 ἐφοϐήθη

241 5469 301 5520 ἐν
329 5470 477 5541 μέσῳ
505 5472 739 5543 πλήθους
769 5473 1200 5544 ἀπειλημμένος.
1239 5473 1378 5546 Ὅρα
1400 5475 1517 5540 πῶς
1544 5478 1906 5548 οἰκονομεῖται

239 5556 452 5612 Παῦλον
477 5559 550 5629 μὴ
579 5559 868 5630 κηρύττειν
892 5561 949 5612 ἐν
995 5560 1408 5632 Ἰεροσολύμοις·
1441 5563 1602 5633 ἀρκεῖ
1629 5566 1724 5618 καὶ
1749 5564 1907 5617 τοῦτο

242 5645 404 5715 μόθον
453 5647 516 5699 τὸ
543 5646 798 5708 ἀκοῦσαι,
833 5647 913 5700 ὅτι
953 5649 1260 5702 ἐπίστευσε·
1298 5650 1661 5721 κηρύττοντος
1701 5653 1759 5706 δέ
1807 5655 1908 5706 οὐκ

242 5731 307 5786 ἓν
337 5735 626 5806 ἠνέσχοντο
677 5735 766 5788 διὰ
795 5735 854 5787 τὸ
897 5739 1074 5806 μῖσος·
1104 5737 1200 5789 καὶ
1256 5737 1448 5810 πόρρω
1494 5739 1732 5801 ἄπεισιν,
1781 5739 1908 5794 ἔνθα

247 5819 512 5893 γνώριμος
543 5823 645 5876 οὐκ
665 5818 754 5893 ῆν.
789 5823 1060 5894 Πρότερον
1089 5823 1284 5894 ῆλεγξε
1312 5824 1401 5878 τὸν
1441 5826 1613 5896 μάγον
1636 5828 1782 5888 ὅστις
1814 5823 1904 5898 ἦν·

299 5998 325 6026 ⁸
346 5996 480 6054 Haec.
503 5995 745 6046 ταῖταμ..
789 5995 880 6048 ὅτι.
901 5997 1082 6051 desunt
1103 6001 1153 6051 in
1177 5998 1465 6065 quibusdam
1501 6013 1614 6051 mss.

1305 324 1367 382 IN
1409 327 1588 384 ACTA
1627 326 2161 385 APOSTOLORUM.
2203 329 2439 390 HOMIL.

2517 331 2752 392 XXVI".
3565 339 3670 396 ‘ZI‘Z

2005 449 2097 502 καὶ
2130 451 2210 504 ὅτι
2238 453 2478 517 τοιοῦτος
2509 451 2596 525 ἦν,
2624 455 2684 508 τὸ
2728 458 2953 526 σημεῖον
2987 458 3212 512 ἐδείκνυ.
3247 459 3355 530 Τῆς
3387 462 3441 512 ἐν
3473 466 3534 534 τῇ
3565 464 3672 533 ψυ-

2005 539 2072 607 χῇ
2109 539 2436 610 τυφλότητος
2455 542 2612 595 τοῦτο
2636 547 2861 615 σημεῖον
2905 540 2992 615 ῆν·
3029 545 3189 616 Ἀχρι
3239 547 3295 599 δέ
3327 551 3521 618 καιροῦ
3565 553 3670 604 πά-

2009 641 2147 694 σχει,
2170 625 2309 679 ὥστε
2335 630 2690 698 μετανοῆσαι.
2732 631 2926 695 Καλῶς
2952 633 3006 685 δέ
3036 634 3111 702 τῷ
3143 635 3396 705 σαϐϐάτῳ
3422 637 3672 706 εἰσῆλθον

2001 713 2082 775 είς
2131 714 2231 784 τὴν
2291 717 2634 788 συναγωγὴν,
2665 720 2751 771 ὅτε
2795 721 2995 782 πάντες
3046 717 3187 791 ἦσαν
3243 725 3670 792 συνειλεγμένοι.

1999 801 2107 854 Καὶ
2129 805 2278 870 μετὰ
2304 804 2417 869 τὴν
2443 804 2789 873 ἀνάγνωσιν
2819 807 2925 860 τοῦ
2942 807 3130 875 νόμου
3163 809 3263 861 καὶ
3295 809 3412 862 τῶν
3443 827 3674 881 προρηι-

1998 890 2134 953 τῶν,
2169 891 2354 962 φησὶν,
2373 891 2739 945 ἀπέστειλαν
2767 894 2818 944 οἱ
2836 893 3335 962 ἀρχισυνάγωγοι,
3364 895 3670 965 λέγοντες·

2001 979 2242 1046 Ἄνδρες
2267 979 2540 1046 ἀδελφοί,
2578 982 2630 1032 εἰ
2675 979 2807 1032 ἔστι
2839 983 3022 1049 λόγος
3069 982 3138 1034 ἐν
3165 982 3307 1050 ὑμῖν
3360 985 3672 1051 παρακλή-

1998 1081 2151 1131 σεως
2179 1065 2333 1131 πρὸς
2358 1066 2466 1118 τὸν
2493 1066 2665 1129 λαὸν,
2710 1066 2936 1135 λέγετε.
2992 1069 3131 1137 Ὅρα
3189 1071 3386 1133 αὐτοὺς
3429 1073 3673 1139 ἀφθόνως

1999 1153 2122 1206 τότε
2157 1153 2314 1206 τοῦτο
2351 1153 2654 1215 ποιοῦντας,
2689 1154 2827 1222 μετὰ
2870 1154 2926 1207 δέ
2953 1155 3109 1208 τοῦτο
3139 1157 3239 1209 οὐκ
3285 1157 3385 1211 έτι.
3424 1160 3485 1211 Ei
3517 1161 3674 1213 τοῦτο

2000 1240 2307 1303 ἐϐούλεσθε,
2338 1240 2534 1309 μᾶλλον
2562 1241 2667 1292 ἔδει
2724 1241 3122 1310 παρακαλέσαι.
3159 1243 3297 1296 Ἀλλ’
3345 1244 3390 1295 ὢ
3444 1246 3544 1315 τῆς
3593 1264 3674 1314 φι-

1997 1329 2248 1398 λαρχίας,
2275 1327 2438 1398 ὢτῆς
2492 1328 2818 1394 κενοδοξίας,
2854 1330 2970 1392 πῶς
3001 1330 3177 1383 πάντα
3232 1333 3531 1403 ἀνατρέπει
3579 1336 3675 1388 καὶ

1998 1418 2282 1470 ἀπόλλυσι·
2316 1417 2459 1470 κατά
2489 1417 2585 1486 τῆς
2615 1418 2818 1480 οἰκείας
2846 1419 2898 1480 ιι,
2932 1418 3074 1471 κατά
3101 1420 3197 1488 τῆς
3229 1420 3473 1491 ἀλλήλων
3499 1439 3672 1494 σωτη-

2001 1504 2124 1575 ρίλς
2153 1506 2372 1558 ἑστάναι
2406 1504 2836 1575 παρασκευάζει·
2863 1523 2939 1576 πη
2951 1507 3072 1575 ροὺς
3096 1506 3237 1558 οῦτω
3266 1519 3288 1545 ο
3320 1510 3414 1562 καὶ
3441 1510 3673 1581 τυφλοὺς

1998 1590 2312 1662 ἐεγάζεται,
2353 1592 2493 1644 ὥστε
2551 1594 2643 1645 καὶ
2693 1597 3069 1664 χειραγωγοὺς
3124 1595 3327 1666 ζητεῖν.
3383 1597 3510 1651 Εἴθε
3571 1599 3674 1653 κᾶν

1997 1699 2046 1733 τι
2061 1679 2172 1743 ῦτο,
2199 1681 2307 1733 εἴθε
2340 1681 2444 1733 κᾶν
2480 1682 2857 1750 χειραγωγοὺς
2889 1682 3134 1752 ἐζήτουν·
3176 1684 3291 1735 ἀλλ’
3321 1686 3519 1739 οὐκέτι
3553 1687 3676 1740 τού-

1998 1786 2090 1820 του
2122 1769 2431 1838 ἀνέχονται,
2462 1769 2576 1821 ἀλλ’
2616 1771 2828 1832 ἐαυτοῖς
2861 1771 3216 1840 ἐπιτρέπουσι
3247 1772 3306 1824 τὸ
3357 1776 3484 1826 πᾶν.
3512 1775 3676 1828 Οὐδέ-

2000 1874 2066 1910 να
2094 1859 2318 1928 ἀφίησιν
2361 1859 2508 1910 ἰδεῖν·
2551 1859 2802 1930 καθάπερ
2833 1857 3000 1929 ἀχλὺς
3031 1860 3330 1913 ἐπιτίθεται
3361 1862 3455 1914 καὶ
3488 1862 3672 1931 ζόφος,

1998 1948 2098 2000 οὐκ
2122 1949 2304 2016 ἀφιεὶς
2344 1946 2651 2016 διαϐλέψαι,

2070 2061 2237 2114 Ποίαν
2267 2061 2462 2130 ’ἐξομεν
2481 2061 2776 2130 ἀπολογίαν
2805 2061 2893 2115 διὰ
2938 2059 3109 2124 πάθος
3149 2059 3355 2122 πάθους
3405 2061 3674 2130 κρατοῦν-

1996 2165 2106 2211 τες,
2141 2149 2230 2202 διὰ
2257 2149 2315 2201 δέ
2361 2149 2452 2202 τὸν
2481 2150 2575 2202 τοῦ
2603 2149 2738 2202 Θεοῦ
2779 2148 2943 2216 φόϐον
2981 2150 3080 2201 οὐκ
3137 2148 3250 2214 En;
3282 2144 3426 2206 Οἷον.
3484 2150 3672 2203 πολλοὶ

1998 2237 2246 2304 ἀσελγεῖς
2274 2237 2424 2300 ὄντες
2478 2239 2571 2290 καὶ
2611 2238 3030 2309 φιλοχρήματοι,
3083 2236 3171 2290 διὰ
3198 2238 3295 2307 τὴν
3327 2238 3434 2289 τῶν
3459 2240 3675 2309 χρημά-

1996 2341 2104 2376 των
2129 2326 2415 2393 φειδωλίαν
2441 2328 2774 2396 ἐχαλίνωσαν
2799 2326 2897 2397 τὴν
2928 2326 3139 2396 ἡδονήν·
3167 2327 3313 2380 ἄλλοι
3340 2329 3672 2391 τούναντίον,

1997 2411 2086 2464 διὰ
2111 2412 2208 2482 τὴν
2239 2412 2431 2483 ἡδονὴν
2462 2415 2741 2481 ὑπερεῖδον
2773 2420 3095 2486 χρημάτων.
3154 2415 3324 2469 Πάλιν
3357 2419 3405 2468 οἰ
3433 2416 3675 2486 ἡττώμε-

1998 2516 2078 2551 νοι
2100 2499 2258 2569 δόξης
2279 2501 2442 2569 κενῆς
2472 2502 2794 2571 ἀμφοτέρων
2822 2505 3231 2573 περιγεγόνασι,
3255 2505 3514 2574 χρήματα
3543 2504 3676 2555 ἀνα-

1998 2586 2275 2650 λίσκοντες
2304 2588 2559 2655 ἀφειδῶς,
2597 2591 2689 2640 καὶ
2721 2591 3123 2663 σωφρονοῦντες
3148 2593 3293 2662 είκῆ·
3328 2591 3477 2645 ἄλλοι
3511 2591 3677 2645 πάλιν

1999 2674 2266 2741 κενόδοξοι
2295 2671 2696 2747 σφόδραὸντες,
2736 2682 3146 2750 κατεφρόνησαν
3174 2679 3266 2732 τοῦ
3294 2679 3518 2740 πάθους,
3547 2679 3678 2733 πολ-

1997 2763 2062 2814 λά
2085 2763 2476 2832 ὑπομείναντες
2510 2766 2728 2836 αἰσχρὰ,
2761 2768 2855 2819 καὶ
2883 2767 2949 2819 δι’
2975 2767 3184 2837 ἔρωτας
3228 2768 3320 2820 καὶ
3343 2768 3429 2819 διὰ
3456 2769 3676 2836 χρημα-

1997 2867 2084 2901 τα·
2122 2851 2298 2922 ἕτεροι
2333 2853 2513 2915 πάλιν,
2547 2853 2633 2904 ἵνα
2652 2853 2742 2905 τὸν
2783 2853 2954 2924 θυμὸν
2983 2854 3308 2924 ἐμπλήσωσι
3339 2853 3430 2906 τὸν
3465 2853 3671 2918 αὐτῶν,

1997 2938 2202 2992 εἴλοντο
2255 2937 2599 3010 ζημιωθῆναι
2637 2939 2826 3012 μυρία,
2865 2942 2961 2994 καὶ
2992 2941 3205 3004 οὐδενὸς
3255 2942 3440 3005 αὐτοῖς
3469 2941 3675 2994 τούτων

1998 3027 2286 3097 ἐμέλησεν,
2327 3030 2412 3081 ἵνα
2449 3030 2608 3100 μόνον
2629 3030 2690 3082 τὸ
2716 3029 2927 3100 θέλημα
2961 3032 3229 3101 ποιήσωσι
3255 3031 3315 3083 τὸ
3336 3030 3533 3084 αὐτῶν.
3564 3030 3676 3083 Καὶ

1997 3117 2135 3187 ὅπερ
2173 3116 2345 3188 ἰσχύει
2379 3118 2571 3181 πάθος,
2619 3120 2718 3171 οὐκ
2759 3120 2949 3189 ἴσχυσε
2981 3121 3110 3190 παρ’
3155 3121 3284 3190 ἡμῖν
3339 3122 3366 3173 ὁ
3417 3119 3508 3172 τοῦ
3535 3119 3674 3172 Θεοῦ

1999 3206 2183 3273 φόϐος.
2206 3209 2316 3260 Καὶ
2331 3207 2382 3259 τί
2397 3207 2538 3275 λέγω
2562 3208 2753 3272 πάθος;
2771 3209 2947 3279 Ὅπερ
2965 3207 3129 3272 αἰδὼς
3150 3209 3454 3279 ἀνθρώπων
3475 3209 3674 3278 ἰσχύει,

1999 3297 2098 3348 οὐκ
2124 3295 2299 3365 ἰσχύει
2334 3296 2473 3349 ὁτοῦ
2504 3296 2638 3349 Θεοῦ
2676 3297 2858 3366 φόϐος.
2904 3297 3080 3350 Πολλά
3133 3298 3227 3350 καὶ
3275 3297 3676 3368 κατορθοῦμεν,

2000 3382 2092 3434 καί
2121 3383 2505 3453 ἁμαρτάνομεν
2533 3384 3034 3453 ἀνθρώπους.αίδού
3045 3402 3216 3453 μενοι·
3256 3385 3348 3438 τὸν
3369 3384 3424 3436 δέ
3458 3385 3590 3437 Θεὸν
3611 3385 3678 3438 οὐ

1998 3468 2332 3538 δεδοίκαμεν.
2397 3471 2559 3523 Πόσοι
2612 3470 2678 3523 δι’
2712 3473 2975 3542 αἰσχύνην
3033 3476 3345 3543 προήκαντο
3379 3474 3675 3543 χρήματα;

1999 3562 2154 3614 πόσοι
2180 3560 2632 3631 ἐφιλοτιμήσαντο
2676 3561 2802 3629 εἰκῆ
2846 3562 3281 3634 ὑπηρετούμενοι
3329 3565 3439 3623 τοῖς
3492 3561 3676 3614 αὐτῶν

2001 3649 2174 3718 φίλοις
2213 3648 2303 3700 ἐπὶ
2330 3649 2516 3718 κακῷ;
2544 3649 2697 3701 πόσοι
2722 3649 2905 3718 φιλίας
2936 3650 3273 3712 αἰδεσθέντες
3298 3650 3464 3721 μυρία
3487 3649 3674 3718 ἥμαρ-

1998 3754 2090 3789 τον
2111 3754 2125 3802 ;

2069 3849 2137 3919 γ’.
2163 3853 2224 3904 Εἰ
2252 3851 2427 3904 τοίνυν
2455 3852 2548 3905 καὶ
2571 3850 2738 3915 πάθος
2761 3853 2851 3905 καὶ
2873 3852 3034 3915 αἰδὼς
3063 3849 3221 3924 [εει]
3245 3848 3561 3922 ἀνθρωπίνη
3583 3847 3676 3900 6:5-

1999 3958 2155 3993 ναται
2189 3940 2444 4010 ἐμϐαλεῖν
2467 3941 2613 4009 ἡμᾶς
2633 3940 2726 3992 καὶ
2755 3942 2832 4002 εἰς
2855 3941 3225 4011 ἁμαρτήματα
3255 3940 3347 3992 καὶ
3370 3940 3447 4001 είς
3475 3955 3672 4009 κατορ-

2003 4027 2255 4098 θώματα,
2284 4029 2404 4099 εἰκῆ
2435 4028 2688 4098 λέγομεν,
2729 4029 2810 4082 ὅτι
2836 4031 2896 4080 οὺ
2929 4028 3221 4099 δυνάμεθα·
3256 4029 3530 4098 δυνάμεθα
3561 4029 3673 4100 γὰρ

2000 4117 2066 4171 ἂν
2115 4116 2381 4187 θέλωμεν·
2437 4115 2662 4184 θελῆσαι
2709 4117 2766 4168 δὲ
2811 4118 3023 4178 πάντας
3080 4117 3206 4185 χρή.
3245 4116 3376 4167 Εἰπὲ
3438 4116 3500 4185 δή
3555 4133 3669 4186 μοι,

2001 4204 2088 4258 διὰ
2111 4206 2162 4257 τί
2203 4207 2262 4257 οὗ
2299 4204 2522 4258 δύνασαι
2552 4204 2708 4275 δόξης
2734 4205 2976 4274 κρατεῖν,
3017 4205 3146 4256 ὅταν
3178 4204 3353 4276 ἕτεροι
3383 4198 3484 4256 ὧσι
3536 4222 3676 4275 κρα-

2001 4293 2219 4358 τοῦντες
2267 4295 2366 4364 τὴν
2409 4295 2576 4365 αὐτὴν
2631 4295 2845 4364 ἔχοντες
2898 4293 3098 4362 ψυχὴν,
3148 4291 3208 4343 τὸ
3251 4292 3382 4345 αὐτὸ
3428 4291 3586 4362 σῶμα
3617 4290 3671 4356 ἆ,

2003 4382 2099 4453 τὴν
2126 4382 2296 4452 αὐτὴν
2323 4384 2555 4454 μορφὴν,
2581 4384 2678 4453 τῆν
2706 4384 2875 4452 αὐτὴν
2931 4381 3132 4445 ζῶντες
3161 4379 3340 4450 ζωήν;
3389 4380 3673 4450 Ἐννόησον

2004 4470 2094 4523 τὸν
2120 4470 2272 4534 Θεὸν,
2297 4472 2550 4541 ἐννόησον
2578 4472 2675 4541 τὴν
2696 4471 2899 4524 ἄνωθεν
2957 4467 3133 4534 δόξαν·
3168 4467 3488 4538 ἀντίστησον
3531 4468 3670 4538 αὐτῇ

2004 4558 2072 4611 τὰ
2099 4559 2361 4630 παρόντα,
2395 4561 2486 4611 καὶ
2509 4560 2714 4628 ταχέως
2752 4558 2955 4626 ταύτης
2998 4557 3386 4628 ἀποπηδήσεις.
3418 4555 3594 4619 Ὀλως
3623 4557 3673 4607 εἰ

2004 4646 2162 4712 δόξης
2186 4647 2493 4716 ἐπιθυμεῖς,
2518 4647 2616 4715 τῆς
2663 4646 2828 4709 ὅντως
2851 4646 3006 4715 δόξης
3049 4644 3326 4714 ἐπιθύμει.
3362 4645 3496 4697 Ποία
3543 4644 3675 4708 δόξα

2004 4737 2133 4790 ὅταν
2196 4737 2418 4806 ἀτιμίας
2457 4739 2620 4806 ποιῇς
2671 4735 2798 4788 ποία
2845 4734 2991 4797 δόξα,
3049 4734 3176 4787 ὅταν
3229 4734 3326 4802 τῆς
3374 4733 3672 4785 ἐλαττόνων

2004 4823 2286 4893 ἀναγκάζῃ
2318 4825 2482 4894 τιμῆς
2510 4822 2775 4891 ἐφίεσθαι,
2817 4822 3077 4889 κάκείνης
3120 4819 3308 4891 χρείαν
3345 4820 3476 4891 Em;
3524 4820 3670 4889 Τιμὴ

2005 4912 2120 4962 ἐστι
2141 4910 2202 4962 τὸ
2225 4911 2322 4980 τῆς
2354 4909 2503 4979 παρὰ
2523 4909 2631 4960 τῶν
2667 4906 2927 4977 μειζόνων
2972 4906 3268 4961 ἀπολαύειν
3291 4907 3468 4976 δόξης.
3495 4905 3678 4967 Ὂλως

2002 4999 2052 5048 εἰ
2103 4996 2260 5066 δόξης
2293 4998 2444 5067 ἐρᾷς,
2505 4995 2704 5066 μᾶλλον
2734 4993 2992 5065 ἐράσθητι
3027 4995 3128 5063 τῆς
3177 4994 3329 5065 παρὰ
3370 4993 3463 5046 τοῦ
3513 4992 3677 5046 Θεοῦ..

2006 5085 2103 5138 Ἂν
2137 5083 2388 5154 ἐρασθεὶς
2413 5084 2654 5152 ἐκείνης,
2684 5083 2886 5151 ταύτης
2932 5082 3369 5152 καταφρονήσῃς,
3397 5080 3518 5149 ὄψει
3551 5079 3667 5133 ταύ-

2003 5189 2104 5242 την
2131 5174 2346 5242 ἄτιμον·
2374 5172 2477 5233 ἕως
2505 5171 2570 5224 ἂν
2601 5171 2816 5242 ἐκείνην
2855 5170 2928 5240 μὴ
2965 5170 3102 5241 ἴδῃς,
3151 5169 3269 5222 οὐδὲ
3297 5168 3498 5238 ταύτην
3547 5167 3676 5218 ἰδεῖν

2003 5259 2208 5332 δυνήσῃ
2236 5260 2353 5323 πῶς
2378 5260 2527 5311 ἐστιν
2556 5258 2778 5329 αἰσχρὰ,
2808 5258 2924 5321 πῶς
2948 5257 3367 5324 καταγέλαστος,
3408 5253 3672 5323 Καθάπερ

2005 5347 2114 5416 γὰρ
2127 5349 2174 5399 οί
2196 5348 2408 5418 πονηρᾷ
2428 5365 2530 5399 τινι
2545 5347 2764 5414 γυναικὶ
2780 5343 3312 5417 προκατειλημμένοι
3333 5341 3559 5410 εἰδεχθεῖ
3578 5341 3666 5394 κα“·

2007 5437 2230 5506 αἰσχρᾷ,
2262 5437 2367 5498 ἕως
2393 5435 2455 5488 ἂν
2485 5434 2712 5504 φιλῶσιν
2766 5435 2958 5504 αὐτὴν,
2983 5435 3042 5486 οὐ
3074 5433 3324 5484 δύνανται
3353 5430 3449 5498 τὴν
3497 5427 3674 5479 δυσεί-

2005 5525 2152 5578 δειαν
2189 5536 2211 5563 ε
2241 5525 2389 5589 ἰδεῖν,
2420 5525 2514 5576 τοῦ
2552 5525 2753 5585 πάθους
2775 5521 3183 5583 ἐπισκοτοῦντος
3211 5521 3275 5588 τῇ
3299 5517 3498 5586 κρίσει’
3529 5514 3673 5568 οὕτω

2005 5615 2068 5685 δὴ
2089 5615 2179 5667 καὶ
2195 5614 2450 5667 ἐνταῦθα·
2478 5613 2582 5675 ’έως
2602 5613 2667 5665 ἂν
2694 5609 3052 5680 κατεχώμεθα
3067 5606 3341 5678 τῷηπάθει,
3365 5607 3425 5658 οὐ
3443 5604 3673 5676 δυνάμει

2144 5732 2174 5760 α

2068 5796 2096 5835 b
2127 5795 2406 5856 Legebalur
2445 5795 2615 5852 οἰκίας,
2661 5794 2846 5856 quml_e
2869 5795 2981 5856 Sav.
3020 5789 3251 5856 etlribys
3274 5790 3410 5856 cadd.
3450 5790 3676 5856 corfexj-

2006 5873 2135 5907 mus.
2169 5851 2305 5906 Eon.
2375 5858 2397 5884 ε
2427 5851 2628 5914 Quidam
2670 5851 2848 5917 πηροὺς
2878 5855 3045 5917 ὅντως.
3128 5851 3154 5917 d_
3185 5851 3224 5917 Ε
3252 5853 3389 5899 codd.
3420 5863 3483 5917 _el
3519 5853 3672 5901 Savil.

2007 5920 2178 5980 verba,
2199 5920 2380 5980 ἔχοντες
2403 5919 2572 5980 ψυχὴν,
2599 5914 2794 5980 τὸναύτὸ
2813 5917 2974 5980 σῷμα,
3001 5915 3085 5973 τήν
3105 5914 3268 5974 αὐτὴν,
3289 5915 3516 5976 suppleta
3537 5917 3671 5964 sunt.

2013 5977 2172 6031 κω(
2217 5977 2254 6019 ἔ
2276 5977 2423 6029 υυυς
2441 5977 2597 6028 codex
2622 5979 2708 6035 τὴν
2730 5977 2982 6025 δυσωδίαν.
