  <div class='ocr_page' id='page_1' title='image "/cluster/home/n/w/nwhite01/storage/ocr_20150623/60:no.9/coo.31924054869601/217.png"; bbox 0 0 4112 6434; ppageno 0'>
   <div class='ocr_carea' id='block_1_1' title="bbox 406 294 510 351">
    <p class='ocr_par' dir='ltr' id='par_1_1' title="bbox 406 294 510 351">
     <span class='ocr_line' id='line_1_1' title="bbox 406 294 510 351; baseline 0.038 -4"><span class='ocrx_word' id='word_1_1' title='bbox 406 294 510 351; x_wconf 66' lang='grc' dir='ltr'>ΞΠ)</span> 
     </span>
    </p>
   </div>
   <div class='ocr_carea' id='block_1_2' title="bbox 408 402 2073 476">
    <p class='ocr_par' dir='ltr' id='par_1_2' title="bbox 408 402 2073 476">
     <span class='ocr_line' id='line_1_2' title="bbox 408 402 2073 476; baseline -0.001 -15"><span class='ocrx_word' id='word_1_2' title='bbox 408 409 476 462; x_wconf 87' lang='grc' dir='ltr'>θα</span> <span class='ocrx_word' id='word_1_3' title='bbox 510 409 738 463; x_wconf 78' lang='grc' dir='ltr'>συνιδεῖν</span> <span class='ocrx_word' id='word_1_4' title='bbox 764 406 875 464; x_wconf 76' lang='grc' dir='ltr'>οἷόν</span> <span class='ocrx_word' id='word_1_5' title='bbox 902 407 1224 462; x_wconf 82' lang='grc' dir='ltr'>ἐστικακόν.</span> <span class='ocrx_word' id='word_1_6' title='bbox 1258 406 1383 469; x_wconf 82' lang='grc' dir='ltr'>Πῶς</span> <span class='ocrx_word' id='word_1_7' title='bbox 1408 402 1500 458; x_wconf 82' lang='grc' dir='ltr'>οῦν</span> <span class='ocrx_word' id='word_1_8' title='bbox 1519 406 1958 476; x_wconf 80' lang='grc' dir='ltr'>ἁπαλλαγείημεν</span> <span class='ocrx_word' id='word_1_9' title='bbox 1986 408 2073 470; x_wconf 81' lang='grc' dir='ltr'>ἂν,</span> 
     </span>
    </p>
   </div>
   <div class='ocr_carea' id='block_1_3' title="bbox 407 491 2070 566">
    <p class='ocr_par' dir='ltr' id='par_1_3' title="bbox 407 491 2070 566">
     <span class='ocr_line' id='line_1_3' title="bbox 407 491 2070 566; baseline -0.002 -18"><span class='ocrx_word' id='word_1_10' title='bbox 407 495 591 566; x_wconf 66' lang='grc' dir='ltr'>φησὶν,</span> <span class='ocrx_word' id='word_1_11' title='bbox 616 495 813 560; x_wconf 73' lang='grc' dir='ltr'>αὐτοῦς</span> <span class='ocrx_word' id='word_1_12' title='bbox 843 494 1179 556; x_wconf 80' lang='grc' dir='ltr'>Ἐννόειτούς</span> <span class='ocrx_word' id='word_1_13' title='bbox 1199 496 1299 562; x_wconf 76' lang='grc' dir='ltr'>χρὴ</span> <span class='ocrx_word' id='word_1_14' title='bbox 1311 510 1453 562; x_wconf 82' lang='grc' dir='ltr'>ματα</span> <span class='ocrx_word' id='word_1_15' title='bbox 1475 491 1855 553; x_wconf 79' lang='grc' dir='ltr'>ἀναλώσαντας</span> <span class='ocrx_word' id='word_1_16' title='bbox 1880 492 2070 563; x_wconf 83' lang='grc' dir='ltr'>μυρία,</span> 
     </span>
    </p>
   </div>
   <div class='ocr_carea' id='block_1_4' title="bbox 410 578 2077 650">
    <p class='ocr_par' dir='ltr' id='par_1_4' title="bbox 410 578 2077 650">
     <span class='ocr_line' id='line_1_4' title="bbox 410 578 2077 650; baseline -0.002 -14"><span class='ocrx_word' id='word_1_17' title='bbox 410 584 502 636; x_wconf 70' lang='grc' dir='ltr'>καὶ</span> <span class='ocrx_word' id='word_1_18' title='bbox 534 584 686 636; x_wconf 87' lang='grc' dir='ltr'>οὐδὲν</span> <span class='ocrx_word' id='word_1_19' title='bbox 707 585 799 637; x_wconf 79' lang='grc' dir='ltr'>ἀπ’</span> <span class='ocrx_word' id='word_1_20' title='bbox 823 582 1000 636; x_wconf 80' lang='grc' dir='ltr'>αὐτῶν</span> <span class='ocrx_word' id='word_1_21' title='bbox 1027 581 1497 650; x_wconf 65' lang='grc' dir='ltr'>καρπωσαμένους</span> <span class='ocrx_word' id='word_1_22' title='bbox 1525 592 1570 619; x_wconf 75' lang='grc' dir='ltr'>ιι·</span> <span class='ocrx_word' id='word_1_23' title='bbox 1607 578 1773 631; x_wconf 86' lang='grc' dir='ltr'>ἐννόει</span> <span class='ocrx_word' id='word_1_24' title='bbox 1804 580 1928 640; x_wconf 83' lang='grc' dir='ltr'>τοὺς</span> <span class='ocrx_word' id='word_1_25' title='bbox 1952 580 2077 632; x_wconf 84' lang='grc' dir='ltr'>ἀπο·</span> 
     </span>
    </p>
   </div>
   <div class='ocr_carea' id='block_1_5' title="bbox 411 664 2078 741">
    <p class='ocr_par' dir='ltr' id='par_1_5' title="bbox 411 664 2078 741">
     <span class='ocr_line' id='line_1_5' title="bbox 411 664 2078 741; baseline -0.002 -20"><span class='ocrx_word' id='word_1_26' title='bbox 411 669 670 731; x_wconf 87' lang='grc' dir='ltr'>θανόντας</span> <span class='ocrx_word' id='word_1_27' title='bbox 689 672 821 740; x_wconf 81' lang='grc' dir='ltr'>ὅσης</span> <span class='ocrx_word' id='word_1_28' title='bbox 851 668 1175 741; x_wconf 77' lang='grc' dir='ltr'>ἀπήλαυσαν</span> <span class='ocrx_word' id='word_1_29' title='bbox 1214 667 1389 737; x_wconf 80' lang='grc' dir='ltr'>δόξης,</span> <span class='ocrx_word' id='word_1_30' title='bbox 1425 668 1520 718; x_wconf 66' lang='grc' dir='ltr'>καὶ</span> <span class='ocrx_word' id='word_1_31' title='bbox 1549 664 1787 735; x_wconf 76' lang='grc' dir='ltr'>οὐδαμοῦ</span> <span class='ocrx_word' id='word_1_32' title='bbox 1813 664 1951 735; x_wconf 80' lang='grc' dir='ltr'>αὕτη</span> <span class='ocrx_word' id='word_1_33' title='bbox 1988 665 2078 735; x_wconf 84' lang='grc' dir='ltr'>βε-</span> 
     </span>
    </p>
   </div>
   <div class='ocr_carea' id='block_1_6' title="bbox 282 752 2078 823">
    <p class='ocr_par' dir='ltr' id='par_1_6' title="bbox 282 752 2078 823">
     <span class='ocr_line' id='line_1_6' title="bbox 282 752 2078 823; baseline -0.003 -14"><span class='ocrx_word' id='word_1_34' title='bbox 282 804 297 809; x_wconf 89' lang='grc'>-</span> <span class='ocrx_word' id='word_1_35' title='bbox 408 755 562 814; x_wconf 72' lang='grc' dir='ltr'>ϐαία,</span> <span class='ocrx_word' id='word_1_36' title='bbox 589 756 703 808; x_wconf 76' lang='grc' dir='ltr'>ἀλλ’</span> <span class='ocrx_word' id='word_1_37' title='bbox 732 756 977 809; x_wconf 85' lang='grc' dir='ltr'>ἀπόλωλε</span> <span class='ocrx_word' id='word_1_38' title='bbox 1005 756 1100 808; x_wconf 66' lang='grc' dir='ltr'>καί⁸</span> <span class='ocrx_word' id='word_1_39' title='bbox 1120 752 1461 823; x_wconf 84' lang='grc' dir='ltr'>διέφθαρται·</span> <span class='ocrx_word' id='word_1_40' title='bbox 1489 754 1760 820; x_wconf 73' lang='grc' dir='ltr'>ἐννόησον,</span> <span class='ocrx_word' id='word_1_41' title='bbox 1796 753 1876 804; x_wconf 80' lang='grc' dir='ltr'>ὅτι</span> <span class='ocrx_word' id='word_1_42' title='bbox 1907 752 2078 821; x_wconf 70' lang='grc' dir='ltr'>ὄνομα</span> 
     </span>
    </p>
   </div>
   <div class='ocr_carea' id='block_1_7' title="bbox 413 838 2078 913">
    <p class='ocr_par' dir='ltr' id='par_1_7' title="bbox 413 838 2078 913">
     <span class='ocr_line' id='line_1_7' title="bbox 413 838 2078 913; baseline -0.002 -18"><span class='ocrx_word' id='word_1_43' title='bbox 413 842 574 911; x_wconf 89' lang='grc' dir='ltr'>μόνον</span> <span class='ocrx_word' id='word_1_44' title='bbox 604 844 744 905; x_wconf 78' lang='grc' dir='ltr'>ἐστὶ,</span> <span class='ocrx_word' id='word_1_45' title='bbox 783 844 1018 913; x_wconf 83' lang='grc' dir='ltr'>πρᾶγμα</span> <span class='ocrx_word' id='word_1_46' title='bbox 1051 841 1109 894; x_wconf 83' lang='grc' dir='ltr'>δὲ</span> <span class='ocrx_word' id='word_1_47' title='bbox 1132 842 1231 893; x_wconf 87' lang='grc' dir='ltr'>οὐκ</span> <span class='ocrx_word' id='word_1_48' title='bbox 1255 840 1386 909; x_wconf 75' lang='grc' dir='ltr'>ἔχει·</span> <span class='ocrx_word' id='word_1_49' title='bbox 1412 839 1533 891; x_wconf 83' lang='grc' dir='ltr'>ἐπεὶ</span> <span class='ocrx_word' id='word_1_50' title='bbox 1556 839 1607 891; x_wconf 83' lang='grc' dir='ltr'>τί</span> <span class='ocrx_word' id='word_1_51' title='bbox 1631 841 1742 890; x_wconf 86' lang='grc' dir='ltr'>ἐστι</span> <span class='ocrx_word' id='word_1_52' title='bbox 1764 838 1919 902; x_wconf 81' lang='grc' dir='ltr'>δόξα;</span> <span class='ocrx_word' id='word_1_53' title='bbox 1956 838 2078 892; x_wconf 88' lang='grc' dir='ltr'>εἰπέ</span> 
     </span>
    </p>
   </div>
   <div class='ocr_carea' id='block_1_8' title="bbox 413 927 2079 1003">
    <p class='ocr_par' dir='ltr' id='par_1_8' title="bbox 413 927 2079 1003">
     <span class='ocr_line' id='line_1_8' title="bbox 413 927 2079 1003; baseline -0.01 -12"><span class='ocrx_word' id='word_1_54' title='bbox 413 948 523 1000; x_wconf 81' lang='grc' dir='ltr'>μοι·</span> <span class='ocrx_word' id='word_1_55' title='bbox 557 931 644 995; x_wconf 80' lang='grc' dir='ltr'>δὸς</span> <span class='ocrx_word' id='word_1_56' title='bbox 678 933 803 1003; x_wconf 79' lang='grc' dir='ltr'>ὅρον</span> <span class='ocrx_word' id='word_1_57' title='bbox 842 932 985 985; x_wconf 87' lang='grc' dir='ltr'>τινά.</span> <span class='ocrx_word' id='word_1_58' title='bbox 1016 930 1090 983; x_wconf 81' lang='grc' dir='ltr'>Τὸ</span> <span class='ocrx_word' id='word_1_59' title='bbox 1115 928 1487 998; x_wconf 75' lang='grc' dir='ltr'>θαυμάζεσθαι</span> <span class='ocrx_word' id='word_1_60' title='bbox 1518 927 1669 997; x_wconf 86' lang='grc' dir='ltr'>παρὰ</span> <span class='ocrx_word' id='word_1_61' title='bbox 1707 927 1946 987; x_wconf 88' lang='grc' dir='ltr'>πάντων,</span> <span class='ocrx_word' id='word_1_62' title='bbox 1969 944 2079 997; x_wconf 87' lang='grc' dir='ltr'>φη-</span> 
     </span>
    </p>
   </div>
   <div class='ocr_carea' id='block_1_9' title="bbox 413 1013 2080 1087">
    <p class='ocr_par' dir='ltr' id='par_1_9' title="bbox 413 1013 2080 1087">
     <span class='ocr_line' id='line_1_9' title="bbox 413 1013 2080 1087; baseline -0.001 -19"><span class='ocrx_word' id='word_1_63' title='bbox 413 1017 487 1069; x_wconf 90' lang='grc' dir='ltr'>σί.</span> <span class='ocrx_word' id='word_1_64' title='bbox 517 1019 773 1081; x_wconf 74' lang='grc' dir='ltr'>Δικαίως,</span> <span class='ocrx_word' id='word_1_65' title='bbox 801 1018 833 1087; x_wconf 87' lang='grc' dir='ltr'><strong>ἦ</strong></span> <span class='ocrx_word' id='word_1_66' title='bbox 861 1018 956 1071; x_wconf 75' lang='grc' dir='ltr'>καὶ</span> <span class='ocrx_word' id='word_1_67' title='bbox 977 1016 1210 1081; x_wconf 79' lang='grc' dir='ltr'>ἁδίκως;</span> <span class='ocrx_word' id='word_1_68' title='bbox 1250 1016 1308 1067; x_wconf 86' lang='grc' dir='ltr'>Εἰ</span> <span class='ocrx_word' id='word_1_69' title='bbox 1342 1015 1440 1084; x_wconf 81' lang='grc' dir='ltr'>μὲν</span> <span class='ocrx_word' id='word_1_70' title='bbox 1469 1014 1574 1084; x_wconf 79' lang='grc' dir='ltr'>γὰρ</span> <span class='ocrx_word' id='word_1_71' title='bbox 1628 1013 1846 1077; x_wconf 83' lang='grc' dir='ltr'>ἀδίκως,</span> <span class='ocrx_word' id='word_1_72' title='bbox 1880 1014 1980 1066; x_wconf 88' lang='grc' dir='ltr'>οὐκ</span> <span class='ocrx_word' id='word_1_73' title='bbox 2012 1013 2080 1067; x_wconf 83' lang='grc' dir='ltr'>ἂν</span> 
     </span>
    </p>
   </div>
   <div class='ocr_carea' id='block_1_10' title="bbox 412 1100 2101 1174">
    <p class='ocr_par' dir='ltr' id='par_1_10' title="bbox 412 1100 2101 1174">
     <span class='ocr_line' id='line_1_10' title="bbox 412 1100 2101 1174; baseline -0.002 -17"><span class='ocrx_word' id='word_1_74' title='bbox 412 1104 497 1174; x_wconf 83' lang='grc' dir='ltr'>εῐη</span> <span class='ocrx_word' id='word_1_75' title='bbox 532 1103 690 1156; x_wconf 87' lang='grc' dir='ltr'>τοῦτο</span> <span class='ocrx_word' id='word_1_76' title='bbox 741 1104 944 1173; x_wconf 86' lang='grc' dir='ltr'>θαῦμα,</span> <span class='ocrx_word' id='word_1_77' title='bbox 976 1102 1114 1155; x_wconf 88' lang='grc' dir='ltr'>ἀλλά</span> <span class='ocrx_word' id='word_1_78' title='bbox 1148 1100 1469 1171; x_wconf 80' lang='grc' dir='ltr'>κατηγορία,</span> <span class='ocrx_word' id='word_1_79' title='bbox 1528 1100 1623 1153; x_wconf 81' lang='grc' dir='ltr'>καὶ</span> <span class='ocrx_word' id='word_1_80' title='bbox 1673 1100 1954 1164; x_wconf 80' lang='grc' dir='ltr'>κολακεία,</span> <span class='ocrx_word' id='word_1_81' title='bbox 1984 1100 2101 1157; x_wconf 78' lang='grc' dir='ltr'>καὶ,</span> 
     </span>
    </p>
   </div>
   <div class='ocr_carea' id='block_1_11' title="bbox 409 1187 2080 1260">
    <p class='ocr_par' dir='ltr' id='par_1_11' title="bbox 409 1187 2080 1260">
     <span class='ocr_line' id='line_1_11' title="bbox 409 1187 2080 1260; baseline -0.002 -18"><span class='ocrx_word' id='word_1_82' title='bbox 409 1189 653 1260; x_wconf 83' lang='grc' dir='ltr'>διαϐολή·</span> <span class='ocrx_word' id='word_1_83' title='bbox 681 1193 727 1242; x_wconf 87' lang='grc' dir='ltr'>εἰ</span> <span class='ocrx_word' id='word_1_84' title='bbox 747 1190 992 1252; x_wconf 76' lang='grc' dir='ltr'>δικαίως,</span> <span class='ocrx_word' id='word_1_85' title='bbox 1015 1189 1173 1242; x_wconf 89' lang='grc' dir='ltr'>τοῦτο</span> <span class='ocrx_word' id='word_1_86' title='bbox 1207 1188 1268 1241; x_wconf 87' lang='grc' dir='ltr'>οὐ</span> <span class='ocrx_word' id='word_1_87' title='bbox 1288 1188 1531 1239; x_wconf 82' lang='grc' dir='ltr'>δυνατόν·</span> <span class='ocrx_word' id='word_1_88' title='bbox 1561 1188 1621 1239; x_wconf 87' lang='grc' dir='ltr'>οὐ</span> <span class='ocrx_word' id='word_1_89' title='bbox 1662 1187 1768 1258; x_wconf 70' lang='grc' dir='ltr'>γὰρ</span> <span class='ocrx_word' id='word_1_90' title='bbox 1798 1187 1910 1257; x_wconf 78' lang='grc' dir='ltr'>ἔχει</span> <span class='ocrx_word' id='word_1_91' title='bbox 1961 1187 2080 1256; x_wconf 88' lang='grc' dir='ltr'>κρί-</span> 
     </span>
    </p>
   </div>
   <div class='ocr_carea' id='block_1_12' title="bbox 412 1273 2082 1347">
    <p class='ocr_par' dir='ltr' id='par_1_12' title="bbox 412 1273 2082 1347">
     <span class='ocr_line' id='line_1_12' title="bbox 412 1273 2082 1347; baseline -0.001 -19"><span class='ocrx_word' id='word_1_92' title='bbox 412 1293 528 1338; x_wconf 87' lang='grc' dir='ltr'>σεις</span> <span class='ocrx_word' id='word_1_93' title='bbox 554 1276 720 1347; x_wconf 81' lang='grc' dir='ltr'>ὀρθάς</span> <span class='ocrx_word' id='word_1_94' title='bbox 748 1280 776 1330; x_wconf 85' lang='grc' dir='ltr'>ό</span> <span class='ocrx_word' id='word_1_95' title='bbox 807 1277 998 1346; x_wconf 76' lang='grc' dir='ltr'>δῆμος,</span> <span class='ocrx_word' id='word_1_96' title='bbox 1032 1275 1170 1329; x_wconf 84' lang='grc' dir='ltr'>ἀλλά</span> <span class='ocrx_word' id='word_1_97' title='bbox 1211 1276 1337 1337; x_wconf 83' lang='grc' dir='ltr'>τούς</span> <span class='ocrx_word' id='word_1_98' title='bbox 1388 1277 1510 1337; x_wconf 83' lang='grc' dir='ltr'>ταῖς</span> <span class='ocrx_word' id='word_1_99' title='bbox 1556 1274 1874 1344; x_wconf 90' lang='grc' dir='ltr'>ἐπιθυμίαις</span> <span class='ocrx_word' id='word_1_100' title='bbox 1901 1273 2082 1328; x_wconf 84' lang='grc' dir='ltr'>αὐτῶν</span> 
     </span>
    </p>
   </div>
   <div class='ocr_carea' id='block_1_13' title="bbox 415 1361 2079 1433">
    <p class='ocr_par' dir='ltr' id='par_1_13' title="bbox 415 1361 2079 1433">
     <span class='ocr_line' id='line_1_13' title="bbox 415 1361 2079 1433; baseline 0.001 -19"><span class='ocrx_word' id='word_1_101' title='bbox 415 1363 817 1433; x_wconf 78' lang='grc' dir='ltr'>ὑπηρετοῦντας</span> <span class='ocrx_word' id='word_1_102' title='bbox 873 1362 1095 1426; x_wconf 77' lang='grc' dir='ltr'>τούτους</span> <span class='ocrx_word' id='word_1_103' title='bbox 1150 1362 1510 1433; x_wconf 77' lang='grc' dir='ltr'>θαυμάζουσι.</span> <span class='ocrx_word' id='word_1_104' title='bbox 1554 1363 1662 1415; x_wconf 76' lang='grc' dir='ltr'>Καὶ</span> <span class='ocrx_word' id='word_1_105' title='bbox 1703 1365 1751 1415; x_wconf 91' lang='grc' dir='ltr'>εἰ</span> <span class='ocrx_word' id='word_1_106' title='bbox 1803 1361 2079 1431; x_wconf 81' lang='grc' dir='ltr'>βούλεσθε,</span> 
     </span>
    </p>
   </div>
   <div class='ocr_carea' id='block_1_14' title="bbox 414 1448 2078 1520">
    <p class='ocr_par' dir='ltr' id='par_1_14' title="bbox 414 1448 2078 1520">
     <span class='ocr_line' id='line_1_14' title="bbox 414 1448 2078 1520; baseline 0 -20"><span class='ocrx_word' id='word_1_107' title='bbox 414 1448 763 1518; x_wconf 74' lang='grc' dir='ltr'>καταμάθετε</span> <span class='ocrx_word' id='word_1_108' title='bbox 796 1450 924 1513; x_wconf 81' lang='grc' dir='ltr'>τοὺς</span> <span class='ocrx_word' id='word_1_109' title='bbox 950 1452 1068 1512; x_wconf 88' lang='grc' dir='ltr'>ταῖς</span> <span class='ocrx_word' id='word_1_110' title='bbox 1098 1449 1323 1520; x_wconf 87' lang='grc' dir='ltr'>πόρναις</span> <span class='ocrx_word' id='word_1_111' title='bbox 1352 1448 1423 1500; x_wconf 85' lang='grc' dir='ltr'>τά</span> <span class='ocrx_word' id='word_1_112' title='bbox 1462 1449 1642 1501; x_wconf 83' lang='grc' dir='ltr'>αὐτῶν</span> <span class='ocrx_word' id='word_1_113' title='bbox 1683 1448 2078 1518; x_wconf 77' lang='grc' dir='ltr'>δωρουμένους,</span> 
     </span>
    </p>
   </div>
   <div class='ocr_carea' id='block_1_15' title="bbox 414 1532 2084 1605">
    <p class='ocr_par' dir='ltr' id='par_1_15' title="bbox 414 1532 2084 1605">
     <span class='ocr_line' id='line_1_15' title="bbox 414 1532 2084 1605; baseline -0.001 -19"><span class='ocrx_word' id='word_1_114' title='bbox 414 1535 540 1598; x_wconf 74' lang='grc' dir='ltr'>τοὶις</span> <span class='ocrx_word' id='word_1_115' title='bbox 576 1538 686 1597; x_wconf 83' lang='grc' dir='ltr'>τοῖς</span> <span class='ocrx_word' id='word_1_116' title='bbox 720 1535 978 1605; x_wconf 82' lang='grc' dir='ltr'>ἡνιόχοις,</span> <span class='ocrx_word' id='word_1_117' title='bbox 1010 1537 1135 1598; x_wconf 79' lang='grc' dir='ltr'>τοὺς</span> <span class='ocrx_word' id='word_1_118' title='bbox 1176 1538 1289 1598; x_wconf 85' lang='grc' dir='ltr'>τοῖς</span> <span class='ocrx_word' id='word_1_119' title='bbox 1322 1536 1637 1605; x_wconf 80' lang='grc' dir='ltr'>ὀρχησταῖς.</span> <span class='ocrx_word' id='word_1_120' title='bbox 1704 1533 1839 1586; x_wconf 70' lang='grc' dir='ltr'>Ἀλλ’</span> <span class='ocrx_word' id='word_1_121' title='bbox 1874 1534 1934 1585; x_wconf 87' lang='grc' dir='ltr'>οὐ</span> <span class='ocrx_word' id='word_1_122' title='bbox 1968 1532 2084 1585; x_wconf 88' lang='grc' dir='ltr'>τού-</span> 
     </span>
    </p>
   </div>
   <div class='ocr_carea' id='block_1_16' title="bbox 412 1619 2082 1693">
    <p class='ocr_par' dir='ltr' id='par_1_16' title="bbox 412 1619 2082 1693">
     <span class='ocr_line' id='line_1_16' title="bbox 412 1619 2082 1693; baseline 0 -22"><span class='ocrx_word' id='word_1_123' title='bbox 412 1637 560 1684; x_wconf 86' lang='grc' dir='ltr'>τους,</span> <span class='ocrx_word' id='word_1_124' title='bbox 594 1623 748 1693; x_wconf 72' lang='grc' dir='ltr'>φησί,</span> <span class='ocrx_word' id='word_1_125' title='bbox 783 1624 986 1692; x_wconf 82' lang='grc' dir='ltr'>φαμὲν,</span> <span class='ocrx_word' id='word_1_126' title='bbox 1040 1622 1177 1676; x_wconf 72' lang='grc' dir='ltr'>ἀλλὰ</span> <span class='ocrx_word' id='word_1_127' title='bbox 1206 1623 1330 1684; x_wconf 82' lang='grc' dir='ltr'>τούς</span> <span class='ocrx_word' id='word_1_128' title='bbox 1376 1621 1639 1684; x_wconf 83' lang='grc' dir='ltr'>δικαίους,</span> <span class='ocrx_word' id='word_1_129' title='bbox 1669 1620 1763 1673; x_wconf 81' lang='grc' dir='ltr'>καὶ</span> <span class='ocrx_word' id='word_1_130' title='bbox 1814 1620 1940 1682; x_wconf 81' lang='grc' dir='ltr'>τοὺς</span> <span class='ocrx_word' id='word_1_131' title='bbox 1986 1619 2082 1691; x_wconf 83' lang='grc' dir='ltr'>ὀρ-</span> 
     </span>
    </p>
   </div>
   <div class='ocr_carea' id='block_1_17' title="bbox 416 1707 2084 1780">
    <p class='ocr_par' dir='ltr' id='par_1_17' title="bbox 416 1707 2084 1780">
     <span class='ocr_line' id='line_1_17' title="bbox 416 1707 2084 1780; baseline 0.002 -22"><span class='ocrx_word' id='word_1_132' title='bbox 416 1707 562 1773; x_wconf 76' lang='grc' dir='ltr'>θοὺς,</span> <span class='ocrx_word' id='word_1_133' title='bbox 602 1713 693 1762; x_wconf 62' lang='grc' dir='ltr'>καὶ</span> <span class='ocrx_word' id='word_1_134' title='bbox 722 1711 934 1780; x_wconf 86' lang='grc' dir='ltr'>μεγάλα</span> <span class='ocrx_word' id='word_1_135' title='bbox 968 1710 1298 1779; x_wconf 79' lang='grc' dir='ltr'>δυναμένους</span> <span class='ocrx_word' id='word_1_136' title='bbox 1350 1711 1525 1761; x_wconf 87' lang='grc' dir='ltr'>ποιεῖν</span> <span class='ocrx_word' id='word_1_137' title='bbox 1553 1709 1711 1763; x_wconf 86' lang='grc' dir='ltr'>καλά.</span> <span class='ocrx_word' id='word_1_138' title='bbox 1767 1709 1890 1763; x_wconf 83' lang='grc' dir='ltr'>Εῐθε</span> <span class='ocrx_word' id='word_1_139' title='bbox 1921 1709 2084 1779; x_wconf 71' lang='grc' dir='ltr'>ἠϐού-</span> 
     </span>
    </p>
   </div>
   <div class='ocr_carea' id='block_1_18' title="bbox 411 1792 2084 1866">
    <p class='ocr_par' dir='ltr' id='par_1_18' title="bbox 411 1792 2084 1866">
     <span class='ocr_line' id='line_1_18' title="bbox 411 1792 2084 1866; baseline 0.002 -23"><span class='ocrx_word' id='word_1_140' title='bbox 411 1792 583 1856; x_wconf 80' lang='grc' dir='ltr'>λοντο,</span> <span class='ocrx_word' id='word_1_141' title='bbox 628 1797 723 1847; x_wconf 75' lang='grc' dir='ltr'>καὶ</span> <span class='ocrx_word' id='word_1_142' title='bbox 777 1797 985 1866; x_wconf 86' lang='grc' dir='ltr'>ταχέως</span> <span class='ocrx_word' id='word_1_143' title='bbox 1032 1796 1251 1849; x_wconf 86' lang='grc' dir='ltr'>ἐποίουν</span> <span class='ocrx_word' id='word_1_144' title='bbox 1284 1795 1440 1849; x_wconf 85' lang='grc' dir='ltr'>ἂντά</span> <span class='ocrx_word' id='word_1_145' title='bbox 1469 1794 1668 1862; x_wconf 82' lang='grc' dir='ltr'>ἀγαθά·</span> <span class='ocrx_word' id='word_1_146' title='bbox 1712 1796 1884 1849; x_wconf 81' lang='grc' dir='ltr'>νῦνδὲ</span> <span class='ocrx_word' id='word_1_147' title='bbox 1932 1796 2084 1849; x_wconf 76' lang='grc' dir='ltr'>οὐδὲν</span> 
     </span>
    </p>
   </div>
   <div class='ocr_carea' id='block_1_19' title="bbox 410 1880 2083 1953">
    <p class='ocr_par' dir='ltr' id='par_1_19' title="bbox 410 1880 2083 1953">
     <span class='ocr_line' id='line_1_19' title="bbox 410 1880 2083 1953; baseline 0.004 -23"><span class='ocrx_word' id='word_1_148' title='bbox 410 1880 618 1933; x_wconf 80' lang='grc' dir='ltr'>τούτων</span> <span class='ocrx_word' id='word_1_149' title='bbox 643 1883 856 1935; x_wconf 82' lang='grc' dir='ltr'>ποιοῦσι</span> <span class='ocrx_word' id='word_1_150' title='bbox 922 1883 1039 1949; x_wconf 81' lang='grc' dir='ltr'>Τίς,</span> <span class='ocrx_word' id='word_1_151' title='bbox 1071 1883 1193 1937; x_wconf 86' lang='grc' dir='ltr'>εἰπέ</span> <span class='ocrx_word' id='word_1_152' title='bbox 1230 1900 1344 1953; x_wconf 87' lang='grc' dir='ltr'>μοι,</span> <span class='ocrx_word' id='word_1_153' title='bbox 1399 1883 1490 1935; x_wconf 82' lang='grc' dir='ltr'>τὸν</span> <span class='ocrx_word' id='word_1_154' title='bbox 1517 1883 1722 1937; x_wconf 88' lang='grc' dir='ltr'>δίκαιον</span> <span class='ocrx_word' id='word_1_155' title='bbox 1751 1885 1961 1937; x_wconf 76' lang='grc' dir='ltr'>ἐπαινεῖ</span> <span class='ocrx_word' id='word_1_156' title='bbox 1988 1883 2083 1936; x_wconf 89' lang='grc' dir='ltr'>νῦν</span> 
     </span>
    </p>
   </div>
   <div class='ocr_carea' id='block_1_20' title="bbox 413 1967 2086 2043">
    <p class='ocr_par' dir='ltr' id='par_1_20' title="bbox 413 1967 2086 2043">
     <span class='ocr_line' id='line_1_20' title="bbox 413 1967 2086 2043; baseline 0.003 -25"><span class='ocrx_word' id='word_1_157' title='bbox 413 1969 507 2020; x_wconf 68' lang='grc' dir='ltr'>καὶ</span> <span class='ocrx_word' id='word_1_158' title='bbox 535 1970 627 2020; x_wconf 66' lang='grc' dir='ltr'>τὸν</span> <span class='ocrx_word' id='word_1_159' title='bbox 674 1970 829 2040; x_wconf 83' lang='grc' dir='ltr'>ὀρθόν</span> <span class='ocrx_word' id='word_1_160' title='bbox 854 1988 869 2034; x_wconf 86' lang='lat'><strong>;</strong></span> <span class='ocrx_word' id='word_1_161' title='bbox 926 1971 1252 2025; x_wconf 88' lang='grc' dir='ltr'>Τούναντίον</span> <span class='ocrx_word' id='word_1_162' title='bbox 1276 1972 1376 2043; x_wconf 82' lang='grc' dir='ltr'>μὲν</span> <span class='ocrx_word' id='word_1_163' title='bbox 1403 1967 1515 2024; x_wconf 80' lang='grc' dir='ltr'>οὖν.</span> <span class='ocrx_word' id='word_1_164' title='bbox 1543 1972 1608 2024; x_wconf 88' lang='grc' dir='ltr'>Τί</span> <span class='ocrx_word' id='word_1_165' title='bbox 1660 1972 1717 2024; x_wconf 88' lang='grc' dir='ltr'>δέ</span> <span class='ocrx_word' id='word_1_166' title='bbox 1753 1971 2086 2041; x_wconf 76' lang='grc' dir='ltr'>ψυχρότερον</span> 
     </span>
    </p>
   </div>
   <div class='ocr_carea' id='block_1_21' title="bbox 411 2054 2088 2129">
    <p class='ocr_par' dir='ltr' id='par_1_21' title="bbox 411 2054 2088 2129">
     <span class='ocr_line' id='line_1_21' title="bbox 411 2054 2088 2129; baseline 0.005 -26"><span class='ocrx_word' id='word_1_167' title='bbox 411 2054 644 2116; x_wconf 82' lang='grc' dir='ltr'>δικαίου,</span> <span class='ocrx_word' id='word_1_168' title='bbox 678 2060 725 2109; x_wconf 85' lang='grc' dir='ltr'>εί</span> <span class='ocrx_word' id='word_1_169' title='bbox 758 2060 991 2128; x_wconf 81' lang='grc' dir='ltr'>πρᾶγμα</span> <span class='ocrx_word' id='word_1_170' title='bbox 1019 2057 1262 2111; x_wconf 87' lang='grc' dir='ltr'>τοιοῦτον</span> <span class='ocrx_word' id='word_1_171' title='bbox 1296 2057 1583 2129; x_wconf 81' lang='grc' dir='ltr'>κατορθῶν</span> <span class='ocrx_word' id='word_1_172' title='bbox 1628 2058 1729 2128; x_wconf 86' lang='grc' dir='ltr'>τῆς</span> <span class='ocrx_word' id='word_1_173' title='bbox 1782 2058 1937 2128; x_wconf 88' lang='grc' dir='ltr'>παρά</span> <span class='ocrx_word' id='word_1_174' title='bbox 1978 2058 2088 2112; x_wconf 80' lang='grc' dir='ltr'>τῶν</span> 
     </span>
    </p>
   </div>
   <div class='ocr_carea' id='block_1_22' title="bbox 414 2140 2095 2217">
    <p class='ocr_par' dir='ltr' id='par_1_22' title="bbox 414 2140 2095 2217">
     <span class='ocr_line' id='line_1_22' title="bbox 414 2140 2095 2217; baseline 0.005 -26"><span class='ocrx_word' id='word_1_175' title='bbox 414 2141 625 2194; x_wconf 78' lang='grc' dir='ltr'>πολλῶν</span> <span class='ocrx_word' id='word_1_176' title='bbox 668 2145 826 2215; x_wconf 80' lang='grc' dir='ltr'>δόξης</span> <span class='ocrx_word' id='word_1_177' title='bbox 856 2145 1101 2215; x_wconf 76' lang='grc' dir='ltr'>ἐφίεταις</span> <span class='ocrx_word' id='word_1_178' title='bbox 1154 2144 1409 2200; x_wconf 87' lang='grc' dir='ltr'>Τοιοῦτον</span> <span class='ocrx_word' id='word_1_179' title='bbox 1457 2145 1568 2217; x_wconf 87' lang='grc' dir='ltr'>γὰρ</span> <span class='ocrx_word' id='word_1_180' title='bbox 1594 2148 1756 2211; x_wconf 91' lang='grc' dir='ltr'>ποιεί,</span> <span class='ocrx_word' id='word_1_181' title='bbox 1789 2140 1901 2200; x_wconf 75' lang='grc' dir='ltr'>οἷον</span> <span class='ocrx_word' id='word_1_182' title='bbox 1926 2145 1992 2200; x_wconf 87' lang='grc' dir='ltr'>ἂν</span> <span class='ocrx_word' id='word_1_183' title='bbox 2040 2145 2095 2199; x_wconf 85' lang='grc' dir='ltr'>ετ</span> 
     </span>
    </p>
   </div>
   <div class='ocr_carea' id='block_1_23' title="bbox 479 2277 1348 2348">
    <p class='ocr_par' dir='ltr' id='par_1_23' title="bbox 479 2277 1348 2348">
     <span class='ocr_line' id='line_1_23' title="bbox 479 2277 1348 2348; baseline 0.007 -22"><span class='ocrx_word' id='word_1_184' title='bbox 479 2280 505 2307; x_wconf 75' lang='grc'>⁸</span> <span class='ocrx_word' id='word_1_185' title='bbox 529 2277 662 2328; x_wconf 78' lang='lat' dir='ltr'>[Jcm</span> <span class='ocrx_word' id='word_1_186' title='bbox 686 2283 769 2330; x_wconf 83' lang='grc' dir='ltr'>ἀπ’</span> <span class='ocrx_word' id='word_1_187' title='bbox 791 2283 939 2341; x_wconf 84' lang='grc' dir='ltr'>αὐτῆς</span> <span class='ocrx_word' id='word_1_188' title='bbox 975 2283 1348 2348; x_wconf 68' lang='grc' dir='ltr'>καρπουμένους.</span> 
     </span>
    </p>
   </div>
   <div class='ocr_carea' id='block_1_24' title="bbox 1171 286 3023 349">
    <p class='ocr_par' dir='ltr' id='par_1_24' title="bbox 1171 286 3023 349">
     <span class='ocr_line' id='line_1_24' title="bbox 1171 286 3023 349; baseline -0.002 -4"><span class='ocrx_word' id='word_1_189' title='bbox 1171 289 1230 345; x_wconf 90' lang='lat' dir='ltr'>S.</span> <span class='ocrx_word' id='word_1_190' title='bbox 1267 288 1554 345; x_wconf 74' lang='lat' dir='ltr'>JOANNIS</span> <span class='ocrx_word' id='word_1_191' title='bbox 1591 288 2082 346; x_wconf 70' lang='lat' dir='ltr'>CIIRYSOSTOMI</span> <span class='ocrx_word' id='word_1_192' title='bbox 2120 288 2440 349; x_wconf 77' lang='lat' dir='ltr'>ARCHIEP.</span> <span class='ocrx_word' id='word_1_193' title='bbox 2474 286 3023 346; x_wconf 77' lang='lat' dir='ltr'>CUNSTANTINOP.</span> 
     </span>
    </p>
   </div>
   <div class='ocr_carea' id='block_1_25' title="bbox 3740 294 3858 349">
    <p class='ocr_par' dir='ltr' id='par_1_25' title="bbox 3740 294 3858 349">
     <span class='ocr_line' id='line_1_25' title="bbox 3740 294 3858 349; baseline 0.008 -1"><span class='ocrx_word' id='word_1_194' title='bbox 3740 294 3858 349; x_wconf 71' lang='grc'>214</span> 
     </span>
    </p>
   </div>
   <div class='ocr_carea' id='block_1_26' title="bbox 2178 404 3858 478">
    <p class='ocr_par' dir='ltr' id='par_1_26' title="bbox 2178 404 3858 478">
     <span class='ocr_line' id='line_1_26' title="bbox 2178 404 3858 478; baseline -0.005 -18"><span class='ocrx_word' id='word_1_195' title='bbox 2178 425 2264 471; x_wconf 87' lang='grc' dir='ltr'>τις</span> <span class='ocrx_word' id='word_1_196' title='bbox 2294 407 2580 477; x_wconf 76' lang='grc' dir='ltr'>ζωγράφος</span> <span class='ocrx_word' id='word_1_197' title='bbox 2614 407 2835 475; x_wconf 77' lang='grc' dir='ltr'>ἄριστος</span> <span class='ocrx_word' id='word_1_198' title='bbox 2874 404 2949 455; x_wconf 84' lang='grc' dir='ltr'>ὣν</span> <span class='ocrx_word' id='word_1_199' title='bbox 2984 404 3076 456; x_wconf 74' lang='grc' dir='ltr'>καὶ</span> <span class='ocrx_word' id='word_1_200' title='bbox 3133 404 3320 457; x_wconf 82' lang='grc' dir='ltr'>εἰκόνα</span> <span class='ocrx_word' id='word_1_201' title='bbox 3375 405 3607 476; x_wconf 86' lang='grc' dir='ltr'>γράφων</span> <span class='ocrx_word' id='word_1_202' title='bbox 3639 407 3858 478; x_wconf 68' lang='grc' dir='ltr'>βασιλι..</span> 
     </span>
    </p>
   </div>
   <div class='ocr_carea' id='block_1_27' title="bbox 2175 489 3854 563">
    <p class='ocr_par' dir='ltr' id='par_1_27' title="bbox 2175 489 3854 563">
     <span class='ocr_line' id='line_1_27' title="bbox 2175 489 3854 563; baseline 0 -16"><span class='ocrx_word' id='word_1_203' title='bbox 2175 496 2297 563; x_wconf 78' lang='grc' dir='ltr'>κήν,</span> <span class='ocrx_word' id='word_1_204' title='bbox 2325 495 2433 547; x_wconf 82' lang='grc' dir='ltr'>τῶν</span> <span class='ocrx_word' id='word_1_205' title='bbox 2461 495 2561 546; x_wconf 86' lang='grc' dir='ltr'>οὐκ</span> <span class='ocrx_word' id='word_1_206' title='bbox 2598 493 2878 563; x_wconf 74' lang='grc' dir='ltr'>ἐμπείρων</span> <span class='ocrx_word' id='word_1_207' title='bbox 2912 490 3229 560; x_wconf 80' lang='grc' dir='ltr'>ἀποδέχοιτο</span> <span class='ocrx_word' id='word_1_208' title='bbox 3258 489 3388 554; x_wconf 80' lang='grc' dir='ltr'>τοὺς</span> <span class='ocrx_word' id='word_1_209' title='bbox 3418 492 3696 558; x_wconf 87' lang='grc' dir='ltr'>ἐπαίνους.</span> <span class='ocrx_word' id='word_1_210' title='bbox 3722 497 3854 548; x_wconf 77' lang='grc' dir='ltr'>Ἀλο</span> 
     </span>
    </p>
   </div>
   <div class='ocr_carea' id='block_1_28' title="bbox 2174 578 3846 655">
    <p class='ocr_par' dir='ltr' id='par_1_28' title="bbox 2174 578 3846 655">
     <span class='ocr_line' id='line_1_28' title="bbox 2174 578 3846 655; baseline -0.005 -20"><span class='ocrx_word' id='word_1_211' title='bbox 2174 582 2283 647; x_wconf 80' lang='grc' dir='ltr'>λως</span> <span class='ocrx_word' id='word_1_212' title='bbox 2336 583 2392 635; x_wconf 85' lang='grc' dir='ltr'>δὲ</span> <span class='ocrx_word' id='word_1_213' title='bbox 2439 581 2650 651; x_wconf 84' lang='grc' dir='ltr'>ταχέως</span> <span class='ocrx_word' id='word_1_214' title='bbox 2680 582 3051 650; x_wconf 79' lang='grc' dir='ltr'>ἀποστήσεται</span> <span class='ocrx_word' id='word_1_215' title='bbox 3100 578 3445 651; x_wconf 78' lang='grc' dir='ltr'>ἀνθρωποςὸ</span> <span class='ocrx_word' id='word_1_216' title='bbox 3510 583 3649 655; x_wconf 70' lang='grc' dir='ltr'>πρὸς</span> <span class='ocrx_word' id='word_1_217' title='bbox 3690 585 3846 652; x_wconf 65' lang='grc' dir='ltr'>δόξαν</span> 
     </span>
    </p>
   </div>
   <div class='ocr_carea' id='block_1_29' title="bbox 2177 666 3844 743">
    <p class='ocr_par' dir='ltr' id='par_1_29' title="bbox 2177 666 3844 743">
     <span class='ocr_line' id='line_1_29' title="bbox 2177 666 3844 743; baseline 0.001 -19"><span class='ocrx_word' id='word_1_218' title='bbox 2177 672 2317 742; x_wconf 79' lang='grc' dir='ltr'>ὁρῶν</span> <span class='ocrx_word' id='word_1_219' title='bbox 2345 670 2694 740; x_wconf 82' lang='grc' dir='ltr'>ἀνθρωπίνην</span> <span class='ocrx_word' id='word_1_220' title='bbox 2726 667 2835 719; x_wconf 80' lang='grc' dir='ltr'>τῶν</span> <span class='ocrx_word' id='word_1_221' title='bbox 2857 668 2976 720; x_wconf 88' lang='grc' dir='ltr'>κατ’</span> <span class='ocrx_word' id='word_1_222' title='bbox 3005 666 3206 737; x_wconf 81' lang='grc' dir='ltr'>ἀρετὴν</span> <span class='ocrx_word' id='word_1_223' title='bbox 3241 670 3609 738; x_wconf 79' lang='grc' dir='ltr'>πραγμάτων.</span> <span class='ocrx_word' id='word_1_224' title='bbox 3643 670 3703 724; x_wconf 82' lang='grc' dir='ltr'>Εἰ</span> <span class='ocrx_word' id='word_1_225' title='bbox 3735 675 3844 743; x_wconf 68' lang='grc' dir='ltr'>γὰρ</span> 
     </span>
    </p>
   </div>
   <div class='ocr_carea' id='block_1_30' title="bbox 2181 752 3851 828">
    <p class='ocr_par' dir='ltr' id='par_1_30' title="bbox 2181 752 3851 828">
     <span class='ocr_line' id='line_1_30' title="bbox 2181 752 3851 828; baseline -0.001 -18"><span class='ocrx_word' id='word_1_226' title='bbox 2181 757 2363 828; x_wconf 79' lang='grc' dir='ltr'>μέλλοι</span> <span class='ocrx_word' id='word_1_227' title='bbox 2397 756 2535 828; x_wconf 81' lang='grc' dir='ltr'>πρὸς</span> <span class='ocrx_word' id='word_1_228' title='bbox 2566 755 2823 814; x_wconf 76' lang='grc' dir='ltr'>ἐπαίνους</span> <span class='ocrx_word' id='word_1_229' title='bbox 2868 752 3178 822; x_wconf 77' lang='grc' dir='ltr'>κεχηνέναι,</span> <span class='ocrx_word' id='word_1_230' title='bbox 3217 754 3363 824; x_wconf 84' lang='grc' dir='ltr'>ἆπερ</span> <span class='ocrx_word' id='word_1_231' title='bbox 3402 756 3469 807; x_wconf 83' lang='grc' dir='ltr'>ἂν</span> <span class='ocrx_word' id='word_1_232' title='bbox 3526 757 3724 809; x_wconf 85' lang='grc' dir='ltr'>ἐκεῖνοι</span> <span class='ocrx_word' id='word_1_233' title='bbox 3763 758 3851 809; x_wconf 75' lang='grc' dir='ltr'>θέο</span> 
     </span>
    </p>
   </div>
   <div class='ocr_carea' id='block_1_31' title="bbox 2176 838 3856 912">
    <p class='ocr_par' dir='ltr' id='par_1_31' title="bbox 2176 838 3856 912">
     <span class='ocr_line' id='line_1_31' title="bbox 2176 838 3856 912; baseline -0.001 -15"><span class='ocrx_word' id='word_1_234' title='bbox 2176 843 2333 909; x_wconf 83' lang='grc' dir='ltr'>λωσι,</span> <span class='ocrx_word' id='word_1_235' title='bbox 2366 844 2538 896; x_wconf 88' lang='grc' dir='ltr'>ταῦτα</span> <span class='ocrx_word' id='word_1_236' title='bbox 2570 840 2884 912; x_wconf 73' lang='grc' dir='ltr'>ἐργάζεται,</span> <span class='ocrx_word' id='word_1_237' title='bbox 2918 841 3017 909; x_wconf 88' lang='grc' dir='ltr'>οὐχ</span> <span class='ocrx_word' id='word_1_238' title='bbox 3060 839 3203 910; x_wconf 74' lang='grc' dir='ltr'>ἅπερ</span> <span class='ocrx_word' id='word_1_239' title='bbox 3229 838 3295 893; x_wconf 78' lang='grc' dir='ltr'>ἂν</span> <span class='ocrx_word' id='word_1_240' title='bbox 3325 841 3509 905; x_wconf 86' lang='grc' dir='ltr'>αὐτός.</span> <span class='ocrx_word' id='word_1_241' title='bbox 3563 842 3629 894; x_wconf 93' lang='grc' dir='ltr'>Τί</span> <span class='ocrx_word' id='word_1_242' title='bbox 3657 839 3751 896; x_wconf 85' lang='grc' dir='ltr'>οὐν</span> <span class='ocrx_word' id='word_1_243' title='bbox 3788 844 3856 897; x_wconf 77' lang='grc' dir='ltr'>ἂν</span> 
     </span>
    </p>
   </div>
   <div class='ocr_carea' id='block_1_32' title="bbox 2180 926 3855 1001">
    <p class='ocr_par' dir='ltr' id='par_1_32' title="bbox 2180 926 3855 1001">
     <span class='ocr_line' id='line_1_32' title="bbox 2180 926 3855 1001; baseline -0.008 -17"><span class='ocrx_word' id='word_1_244' title='bbox 2180 932 2310 1000; x_wconf 81' lang='grc' dir='ltr'>ὑμῖν</span> <span class='ocrx_word' id='word_1_245' title='bbox 2353 929 2821 1000; x_wconf 77' lang='grc' dir='ltr'>συμϐουλεύσαιμι</span> <span class='ocrx_word' id='word_1_246' title='bbox 2875 926 3058 979; x_wconf 76' lang='grc' dir='ltr'>λοιπὸν</span> <span class='ocrx_word' id='word_1_247' title='bbox 3109 928 3319 987; x_wconf 78' lang='grc' dir='ltr'>ποιεῖνς</span> <span class='ocrx_word' id='word_1_248' title='bbox 3368 926 3461 999; x_wconf 81' lang='grc' dir='ltr'>Τῷ</span> <span class='ocrx_word' id='word_1_249' title='bbox 3503 927 3624 1001; x_wconf 78' lang='grc' dir='ltr'>Θεῷ</span> <span class='ocrx_word' id='word_1_250' title='bbox 3670 946 3855 1000; x_wconf 81' lang='grc' dir='ltr'>προσ..</span> 
     </span>
    </p>
   </div>
   <div class='ocr_carea' id='block_1_33' title="bbox 2180 1013 3859 1090">
    <p class='ocr_par' dir='ltr' id='par_1_33' title="bbox 2180 1013 3859 1090">
     <span class='ocr_line' id='line_1_33' title="bbox 2180 1013 3859 1090; baseline 0.001 -20"><span class='ocrx_word' id='word_1_251' title='bbox 2180 1018 2323 1090; x_wconf 88' lang='grc' dir='ltr'>έχειν</span> <span class='ocrx_word' id='word_1_252' title='bbox 2347 1018 2395 1080; x_wconf 66' lang='grc' dir='ltr'>ιι,</span> <span class='ocrx_word' id='word_1_253' title='bbox 2418 1019 2530 1079; x_wconf 87' lang='grc' dir='ltr'>τοῖς</span> <span class='ocrx_word' id='word_1_254' title='bbox 2557 1015 2799 1077; x_wconf 88' lang='grc' dir='ltr'>ἐπαίνοις</span> <span class='ocrx_word' id='word_1_255' title='bbox 2830 1013 3116 1084; x_wconf 83' lang='grc' dir='ltr'>ἀρκεῖσθαι</span> <span class='ocrx_word' id='word_1_256' title='bbox 3152 1017 3266 1077; x_wconf 79' lang='grc' dir='ltr'>τοῖς</span> <span class='ocrx_word' id='word_1_257' title='bbox 3294 1017 3426 1086; x_wconf 86' lang='grc' dir='ltr'>παρ’</span> <span class='ocrx_word' id='word_1_258' title='bbox 3456 1015 3647 1078; x_wconf 84' lang='grc' dir='ltr'>αὐτοῦ,</span> <span class='ocrx_word' id='word_1_259' title='bbox 3676 1018 3859 1071; x_wconf 81' lang='grc' dir='ltr'>πάντα</span> 
     </span>
    </p>
   </div>
   <div class='ocr_carea' id='block_1_34' title="bbox 2179 1100 3859 1175">
    <p class='ocr_par' dir='ltr' id='par_1_34' title="bbox 2179 1100 3859 1175">
     <span class='ocr_line' id='line_1_34' title="bbox 2179 1100 3859 1175; baseline -0.002 -16"><span class='ocrx_word' id='word_1_260' title='bbox 2179 1106 2249 1159; x_wconf 89' lang='grc' dir='ltr'>τά</span> <span class='ocrx_word' id='word_1_261' title='bbox 2268 1106 2461 1174; x_wconf 81' lang='grc' dir='ltr'>ἐκείνῳ</span> <span class='ocrx_word' id='word_1_262' title='bbox 2506 1103 2767 1156; x_wconf 89' lang='grc' dir='ltr'>δοκοῦντα</span> <span class='ocrx_word' id='word_1_263' title='bbox 2814 1100 3164 1171; x_wconf 78' lang='grc' dir='ltr'>ἐργάζεσθαι,</span> <span class='ocrx_word' id='word_1_264' title='bbox 3206 1101 3300 1154; x_wconf 81' lang='grc' dir='ltr'>καὶ</span> <span class='ocrx_word' id='word_1_265' title='bbox 3330 1102 3400 1154; x_wconf 76' lang='grc' dir='ltr'>τὰ</span> <span class='ocrx_word' id='word_1_266' title='bbox 3439 1103 3622 1170; x_wconf 86' lang='grc' dir='ltr'>ἀγαθά</span> <span class='ocrx_word' id='word_1_267' title='bbox 3677 1104 3859 1175; x_wconf 79' lang='grc' dir='ltr'>πράτ-</span> 
     </span>
    </p>
   </div>
   <div class='ocr_carea' id='block_1_35' title="bbox 2175 1188 3857 1262">
    <p class='ocr_par' dir='ltr' id='par_1_35' title="bbox 2175 1188 3857 1262">
     <span class='ocr_line' id='line_1_35' title="bbox 2175 1188 3857 1262; baseline -0.002 -17"><span class='ocrx_word' id='word_1_268' title='bbox 2175 1208 2313 1256; x_wconf 84' lang='grc' dir='ltr'>τειν,</span> <span class='ocrx_word' id='word_1_269' title='bbox 2372 1192 2509 1262; x_wconf 84' lang='grc' dir='ltr'>πρὸς</span> <span class='ocrx_word' id='word_1_270' title='bbox 2573 1191 2740 1261; x_wconf 81' lang='grc' dir='ltr'>μηδὲν</span> <span class='ocrx_word' id='word_1_271' title='bbox 2779 1190 2887 1241; x_wconf 80' lang='grc' dir='ltr'>τῶν</span> <span class='ocrx_word' id='word_1_272' title='bbox 2931 1188 3288 1258; x_wconf 83' lang='grc' dir='ltr'>ἀνθρωπίνων</span> <span class='ocrx_word' id='word_1_273' title='bbox 3323 1189 3632 1259; x_wconf 87' lang='grc' dir='ltr'>κεχηνέναι·</span> <span class='ocrx_word' id='word_1_274' title='bbox 3691 1190 3857 1242; x_wconf 89' lang='grc' dir='ltr'>τοῦτο</span> 
     </span>
    </p>
   </div>
   <div class='ocr_carea' id='block_1_36' title="bbox 2180 1275 3857 1349">
    <p class='ocr_par' dir='ltr' id='par_1_36' title="bbox 2180 1275 3857 1349">
     <span class='ocr_line' id='line_1_36' title="bbox 2180 1275 3857 1349; baseline -0.002 -17"><span class='ocrx_word' id='word_1_275' title='bbox 2180 1279 2289 1349; x_wconf 85' lang='grc' dir='ltr'>γὰρ</span> <span class='ocrx_word' id='word_1_276' title='bbox 2316 1280 2411 1331; x_wconf 75' lang='grc' dir='ltr'>καὶ</span> <span class='ocrx_word' id='word_1_277' title='bbox 2442 1277 2698 1349; x_wconf 85' lang='grc' dir='ltr'>νηστείαν</span> <span class='ocrx_word' id='word_1_278' title='bbox 2737 1276 2830 1331; x_wconf 81' lang='grc' dir='ltr'>καὶ</span> <span class='ocrx_word' id='word_1_279' title='bbox 2860 1275 3025 1346; x_wconf 80' lang='grc' dir='ltr'>εὐχὴν</span> <span class='ocrx_word' id='word_1_280' title='bbox 3050 1276 3144 1327; x_wconf 78' lang='grc' dir='ltr'>καὶ</span> <span class='ocrx_word' id='word_1_281' title='bbox 3172 1275 3537 1347; x_wconf 80' lang='grc' dir='ltr'>ἐλεημοσύνην</span> <span class='ocrx_word' id='word_1_282' title='bbox 3568 1275 3725 1347; x_wconf 70' lang='grc'>1225]</span> <span class='ocrx_word' id='word_1_283' title='bbox 3760 1276 3857 1329; x_wconf 67' lang='grc' dir='ltr'>λυα-</span> 
     </span>
    </p>
   </div>
   <div class='ocr_carea' id='block_1_37' title="bbox 2184 1362 3853 1438">
    <p class='ocr_par' dir='ltr' id='par_1_37' title="bbox 2184 1362 3853 1438">
     <span class='ocr_line' id='line_1_37' title="bbox 2184 1362 3853 1438; baseline -0.004 -19"><span class='ocrx_word' id='word_1_284' title='bbox 2184 1366 2456 1438; x_wconf 89' lang='grc' dir='ltr'>μαίνεται,</span> <span class='ocrx_word' id='word_1_285' title='bbox 2513 1365 2607 1419; x_wconf 75' lang='grc' dir='ltr'>καὶ</span> <span class='ocrx_word' id='word_1_286' title='bbox 2632 1366 2810 1419; x_wconf 85' lang='grc' dir='ltr'>πάντα</span> <span class='ocrx_word' id='word_1_287' title='bbox 2853 1364 2921 1416; x_wconf 76' lang='grc' dir='ltr'>τά</span> <span class='ocrx_word' id='word_1_288' title='bbox 2954 1364 3201 1435; x_wconf 80' lang='grc' dir='ltr'>ἡμέτερα</span> <span class='ocrx_word' id='word_1_289' title='bbox 3230 1363 3406 1431; x_wconf 83' lang='grc' dir='ltr'>ἀγαθὰ</span> <span class='ocrx_word' id='word_1_290' title='bbox 3454 1367 3623 1417; x_wconf 84' lang='grc' dir='ltr'>κενοῖ.</span> <span class='ocrx_word' id='word_1_291' title='bbox 3671 1362 3853 1433; x_wconf 84' lang='grc' dir='ltr'>Ὅπερ</span> 
     </span>
    </p>
   </div>
   <div class='ocr_carea' id='block_1_38' title="bbox 2183 1450 3853 1524">
    <p class='ocr_par' dir='ltr' id='par_1_38' title="bbox 2183 1450 3853 1524">
     <span class='ocr_line' id='line_1_38' title="bbox 2183 1450 3853 1524; baseline -0.004 -17"><span class='ocrx_word' id='word_1_292' title='bbox 2183 1455 2269 1508; x_wconf 75' lang='grc' dir='ltr'>ἵνα</span> <span class='ocrx_word' id='word_1_293' title='bbox 2312 1455 2386 1524; x_wconf 82' lang='grc' dir='ltr'>μὴ</span> <span class='ocrx_word' id='word_1_294' title='bbox 2414 1452 2697 1523; x_wconf 84' lang='grc' dir='ltr'>πάθωμεν,</span> <span class='ocrx_word' id='word_1_295' title='bbox 2731 1452 2993 1521; x_wconf 76' lang='grc' dir='ltr'>φύγωμεν</span> <span class='ocrx_word' id='word_1_296' title='bbox 3030 1451 3178 1504; x_wconf 73' lang='grc' dir='ltr'>τουτὶ</span> <span class='ocrx_word' id='word_1_297' title='bbox 3242 1451 3301 1504; x_wconf 82' lang='grc' dir='ltr'>τὸ</span> <span class='ocrx_word' id='word_1_298' title='bbox 3358 1450 3545 1514; x_wconf 80' lang='grc' dir='ltr'>πάθος.</span> <span class='ocrx_word' id='word_1_299' title='bbox 3594 1450 3738 1521; x_wconf 75' lang='grc' dir='ltr'>Πρὸς</span> <span class='ocrx_word' id='word_1_300' title='bbox 3787 1450 3853 1502; x_wconf 84' lang='grc' dir='ltr'>ἓν</span> 
     </span>
    </p>
   </div>
   <div class='ocr_carea' id='block_1_39' title="bbox 2185 1535 3849 1610">
    <p class='ocr_par' dir='ltr' id='par_1_39' title="bbox 2185 1535 3849 1610">
     <span class='ocr_line' id='line_1_39' title="bbox 2185 1535 3849 1610; baseline -0.004 -17"><span class='ocrx_word' id='word_1_301' title='bbox 2185 1540 2345 1610; x_wconf 89' lang='grc' dir='ltr'>μόνον</span> <span class='ocrx_word' id='word_1_302' title='bbox 2368 1538 2604 1609; x_wconf 86' lang='grc' dir='ltr'>ὁρῶμεν,</span> <span class='ocrx_word' id='word_1_303' title='bbox 2636 1538 2727 1591; x_wconf 85' lang='grc' dir='ltr'>τὸν</span> <span class='ocrx_word' id='word_1_304' title='bbox 2758 1538 2910 1607; x_wconf 87' lang='grc' dir='ltr'>παρά</span> <span class='ocrx_word' id='word_1_305' title='bbox 2933 1537 3027 1589; x_wconf 90' lang='grc' dir='ltr'>τοῦ</span> <span class='ocrx_word' id='word_1_306' title='bbox 3065 1536 3201 1590; x_wconf 85' lang='grc' dir='ltr'>Θεοῦ</span> <span class='ocrx_word' id='word_1_307' title='bbox 3232 1537 3471 1598; x_wconf 73' lang='grc' dir='ltr'>ἔπαινον,</span> <span class='ocrx_word' id='word_1_308' title='bbox 3503 1536 3600 1607; x_wconf 81' lang='grc' dir='ltr'>τὴν</span> <span class='ocrx_word' id='word_1_309' title='bbox 3637 1535 3849 1589; x_wconf 77' lang='grc' dir='ltr'>ἐκεῖθεν</span> 
     </span>
    </p>
   </div>
   <div class='ocr_carea' id='block_1_40' title="bbox 2183 1622 3845 1698">
    <p class='ocr_par' dir='ltr' id='par_1_40' title="bbox 2183 1622 3845 1698">
     <span class='ocr_line' id='line_1_40' title="bbox 2183 1622 3845 1698; baseline -0.004 -19"><span class='ocrx_word' id='word_1_310' title='bbox 2183 1625 2472 1696; x_wconf 80' lang='grc' dir='ltr'>ἀποδοχὴν,</span> <span class='ocrx_word' id='word_1_311' title='bbox 2509 1626 2607 1697; x_wconf 84' lang='grc' dir='ltr'>τὴν</span> <span class='ocrx_word' id='word_1_312' title='bbox 2642 1625 2793 1698; x_wconf 82' lang='grc' dir='ltr'>παρὰ</span> <span class='ocrx_word' id='word_1_313' title='bbox 2856 1623 2949 1677; x_wconf 88' lang='grc' dir='ltr'>τοῦ</span> <span class='ocrx_word' id='word_1_314' title='bbox 3006 1622 3185 1676; x_wconf 90' lang='grc' dir='ltr'>κοινοῦ</span> <span class='ocrx_word' id='word_1_315' title='bbox 3225 1623 3500 1676; x_wconf 82' lang='grc' dir='ltr'>Δεσπότου</span> <span class='ocrx_word' id='word_1_316' title='bbox 3552 1622 3845 1690; x_wconf 77' lang='grc' dir='ltr'>εὐφημίαν·</span> 
     </span>
    </p>
   </div>
   <div class='ocr_carea' id='block_1_41' title="bbox 2187 1708 3858 1785">
    <p class='ocr_par' dir='ltr' id='par_1_41' title="bbox 2187 1708 3858 1785">
     <span class='ocr_line' id='line_1_41' title="bbox 2187 1708 3858 1785; baseline -0.004 -18"><span class='ocrx_word' id='word_1_317' title='bbox 2187 1714 2276 1768; x_wconf 87' lang='grc' dir='ltr'>ἴνα</span> <span class='ocrx_word' id='word_1_318' title='bbox 2316 1714 2453 1784; x_wconf 75' lang='grc' dir='ltr'>μετὰ</span> <span class='ocrx_word' id='word_1_319' title='bbox 2497 1715 2697 1785; x_wconf 76' lang='grc' dir='ltr'>ἀρετῆς</span> <span class='ocrx_word' id='word_1_320' title='bbox 2729 1713 2819 1765; x_wconf 76' lang='grc' dir='ltr'>τὸν</span> <span class='ocrx_word' id='word_1_321' title='bbox 2870 1713 3111 1781; x_wconf 78' lang='grc' dir='ltr'>παρόντα</span> <span class='ocrx_word' id='word_1_322' title='bbox 3160 1710 3273 1780; x_wconf 85' lang='grc' dir='ltr'>βίον</span> <span class='ocrx_word' id='word_1_323' title='bbox 3334 1709 3705 1772; x_wconf 76' lang='grc' dir='ltr'>διανύσαντες,</span> <span class='ocrx_word' id='word_1_324' title='bbox 3743 1708 3858 1760; x_wconf 77' lang='grc' dir='ltr'>τῶν</span> 
     </span>
    </p>
   </div>
   <div class='ocr_carea' id='block_1_42' title="bbox 2188 1794 3864 1870">
    <p class='ocr_par' dir='ltr' id='par_1_42' title="bbox 2188 1794 3864 1870">
     <span class='ocr_line' id='line_1_42' title="bbox 2188 1794 3864 1870; baseline -0.004 -18"><span class='ocrx_word' id='word_1_325' title='bbox 2188 1799 2610 1870; x_wconf 79' lang='grc' dir='ltr'>ἐπηγγελμένων</span> <span class='ocrx_word' id='word_1_326' title='bbox 2647 1799 2866 1868; x_wconf 79' lang='grc' dir='ltr'>ἀγαθῶν</span> <span class='ocrx_word' id='word_1_327' title='bbox 2894 1801 2990 1852; x_wconf 74' lang='grc' dir='ltr'>σὺν</span> <span class='ocrx_word' id='word_1_328' title='bbox 3012 1801 3124 1859; x_wconf 81' lang='grc' dir='ltr'>τοῖς</span> <span class='ocrx_word' id='word_1_329' title='bbox 3166 1796 3453 1864; x_wconf 79' lang='grc' dir='ltr'>ἀγαπῶσιν</span> <span class='ocrx_word' id='word_1_330' title='bbox 3483 1795 3648 1848; x_wconf 84' lang='grc' dir='ltr'>αὐτὸν</span> <span class='ocrx_word' id='word_1_331' title='bbox 3672 1794 3864 1846; x_wconf 86' lang='grc' dir='ltr'>ἐπιτύ-</span> 
     </span>
    </p>
   </div>
   <div class='ocr_carea' id='block_1_43' title="bbox 2189 1881 3857 1957">
    <p class='ocr_par' dir='ltr' id='par_1_43' title="bbox 2189 1881 3857 1957">
     <span class='ocr_line' id='line_1_43' title="bbox 2189 1881 3857 1957; baseline -0.003 -20"><span class='ocrx_word' id='word_1_332' title='bbox 2189 1904 2394 1957; x_wconf 72' lang='grc' dir='ltr'>χωμεν,</span> <span class='ocrx_word' id='word_1_333' title='bbox 2430 1888 2612 1956; x_wconf 81' lang='grc' dir='ltr'>χάριτι</span> <span class='ocrx_word' id='word_1_334' title='bbox 2647 1888 2739 1939; x_wconf 75' lang='grc' dir='ltr'>καὶ</span> <span class='ocrx_word' id='word_1_335' title='bbox 2761 1886 3139 1955; x_wconf 73' lang='grc' dir='ltr'>φιλανθρωπία</span> <span class='ocrx_word' id='word_1_336' title='bbox 3172 1883 3264 1936; x_wconf 88' lang='grc' dir='ltr'>τοῦ</span> <span class='ocrx_word' id='word_1_337' title='bbox 3294 1883 3501 1953; x_wconf 85' lang='grc' dir='ltr'>Κυρίου</span> <span class='ocrx_word' id='word_1_338' title='bbox 3539 1881 3701 1951; x_wconf 75' lang='grc' dir='ltr'>ἡμῶν</span> <span class='ocrx_word' id='word_1_339' title='bbox 3745 1882 3857 1950; x_wconf 82' lang='grc' dir='ltr'>Ἰη-</span> 
     </span>
    </p>
   </div>
   <div class='ocr_carea' id='block_1_44' title="bbox 2191 1967 3853 2045">
    <p class='ocr_par' dir='ltr' id='par_1_44' title="bbox 2191 1967 3853 2045">
     <span class='ocr_line' id='line_1_44' title="bbox 2191 1967 3853 2045; baseline -0.004 -18"><span class='ocrx_word' id='word_1_340' title='bbox 2191 1973 2284 2027; x_wconf 85' lang='grc' dir='ltr'>σοῦ</span> <span class='ocrx_word' id='word_1_341' title='bbox 2308 1973 2571 2045; x_wconf 83' lang='grc' dir='ltr'>Χριστοῦ,</span> <span class='ocrx_word' id='word_1_342' title='bbox 2599 1975 2716 2045; x_wconf 79' lang='grc' dir='ltr'>μεθ’</span> <span class='ocrx_word' id='word_1_343' title='bbox 2755 1967 2815 2027; x_wconf 78' lang='grc' dir='ltr'>οὗ</span> <span class='ocrx_word' id='word_1_344' title='bbox 2842 1972 2919 2044; x_wconf 78' lang='grc' dir='ltr'>τῷ</span> <span class='ocrx_word' id='word_1_345' title='bbox 2949 1973 3124 2044; x_wconf 74' lang='grc' dir='ltr'>Πατρὶ</span> <span class='ocrx_word' id='word_1_346' title='bbox 3148 1972 3260 2042; x_wconf 76' lang='grc' dir='ltr'>ἃμα</span> <span class='ocrx_word' id='word_1_347' title='bbox 3292 1970 3367 2041; x_wconf 78' lang='grc' dir='ltr'>τῷ</span> <span class='ocrx_word' id='word_1_348' title='bbox 3398 1970 3539 2040; x_wconf 79' lang='grc' dir='ltr'>ἁγίῳ</span> <span class='ocrx_word' id='word_1_349' title='bbox 3577 1968 3853 2037; x_wconf 87' lang='grc' dir='ltr'>Πνεύματι</span> 
     </span>
    </p>
   </div>
   <div class='ocr_carea' id='block_1_45' title="bbox 2188 2055 3852 2135">
    <p class='ocr_par' dir='ltr' id='par_1_45' title="bbox 2188 2055 3852 2135">
     <span class='ocr_line' id='line_1_45' title="bbox 2188 2055 3852 2135; baseline -0.006 -18"><span class='ocrx_word' id='word_1_350' title='bbox 2188 2061 2337 2126; x_wconf 79' lang='grc' dir='ltr'>δόξα,</span> <span class='ocrx_word' id='word_1_351' title='bbox 2357 2064 2576 2135; x_wconf 88' lang='grc' dir='ltr'>κράτος,</span> <span class='ocrx_word' id='word_1_352' title='bbox 2604 2063 2760 2134; x_wconf 81' lang='grc' dir='ltr'>τιμὴ,</span> <span class='ocrx_word' id='word_1_353' title='bbox 2780 2062 2874 2116; x_wconf 91' lang='grc' dir='ltr'>νῦν</span> <span class='ocrx_word' id='word_1_354' title='bbox 2890 2062 2984 2116; x_wconf 77' lang='grc' dir='ltr'>καὶ</span> <span class='ocrx_word' id='word_1_355' title='bbox 3001 2063 3110 2125; x_wconf 71' lang='grc' dir='ltr'>ἀεὶ,</span> <span class='ocrx_word' id='word_1_356' title='bbox 3141 2061 3237 2113; x_wconf 76' lang='grc' dir='ltr'>καὶ</span> <span class='ocrx_word' id='word_1_357' title='bbox 3264 2061 3346 2123; x_wconf 84' lang='grc' dir='ltr'>εἰς</span> <span class='ocrx_word' id='word_1_358' title='bbox 3368 2061 3496 2122; x_wconf 84' lang='grc' dir='ltr'>τούς</span> <span class='ocrx_word' id='word_1_359' title='bbox 3526 2057 3722 2120; x_wconf 87' lang='grc' dir='ltr'>αίῶνας</span> <span class='ocrx_word' id='word_1_360' title='bbox 3740 2055 3852 2108; x_wconf 77' lang='grc' dir='ltr'>τῶν</span> 
     </span>
    </p>
   </div>
   <div class='ocr_carea' id='block_1_46' title="bbox 2188 2149 2651 2223">
    <p class='ocr_par' dir='ltr' id='par_1_46' title="bbox 2188 2149 2651 2223">
     <span class='ocr_line' id='line_1_46' title="bbox 2188 2149 2651 2223; baseline 0.006 -22"><span class='ocrx_word' id='word_1_361' title='bbox 2188 2149 2419 2204; x_wconf 81' lang='grc' dir='ltr'>αἰώνων.</span> <span class='ocrx_word' id='word_1_362' title='bbox 2462 2152 2651 2223; x_wconf 81' lang='grc' dir='ltr'>Ἀμήν.</span> 
     </span>
    </p>
   </div>
   <div class='ocr_carea' id='block_1_47' title="bbox 2253 2290 3025 2354">
    <p class='ocr_par' dir='ltr' id='par_1_47' title="bbox 2253 2290 3025 2354">
     <span class='ocr_line' id='line_1_47' title="bbox 2253 2290 3025 2354; baseline 0 -15"><span class='ocrx_word' id='word_1_363' title='bbox 2253 2290 2280 2329; x_wconf 75' lang='lat' dir='ltr'><strong>b</strong></span> <span class='ocrx_word' id='word_1_364' title='bbox 2305 2290 2402 2339; x_wconf 78' lang='lat' dir='ltr'>Alii</span> <span class='ocrx_word' id='word_1_365' title='bbox 2439 2292 2509 2354; x_wconf 74' lang='grc' dir='ltr'>τῷ</span> <span class='ocrx_word' id='word_1_366' title='bbox 2534 2292 2643 2353; x_wconf 85' lang='grc' dir='ltr'>Θεῷ</span> <span class='ocrx_word' id='word_1_367' title='bbox 2664 2291 2733 2339; x_wconf 87' lang='grc' dir='ltr'>δεῖ</span> <span class='ocrx_word' id='word_1_368' title='bbox 2756 2291 3025 2354; x_wconf 82' lang='grc' dir='ltr'>προσέχειν.</span> 
     </span>
    </p>
   </div>
   <div class='ocr_carea' id='block_1_48' title="bbox 1936 2573 2361 2627">
    <p class='ocr_par' dir='ltr' id='par_1_48' title="bbox 1936 2573 2361 2627">
     <span class='ocr_line' id='line_1_48' title="bbox 1936 2573 2361 2627; baseline 0.005 -2"><span class='ocrx_word' id='word_1_369' title='bbox 1936 2573 2184 2627; x_wconf 79' lang='grc' dir='ltr'>ΟΜΙΛΙΛ</span> <span class='ocrx_word' id='word_1_370' title='bbox 2233 2574 2361 2627; x_wconf 84' lang='grc' dir='ltr'>ΚΘ’.</span> 
     </span>
    </p>
   </div>
   <div class='ocr_carea' id='block_1_49' title="bbox 427 2679 2085 2806">
    <p class='ocr_par' dir='ltr' id='par_1_49' title="bbox 427 2679 2085 2806">
     <span class='ocr_line' id='line_1_49' title="bbox 427 2679 2085 2751; baseline -0.002 -14"><span class='ocrx_word' id='word_1_371' title='bbox 427 2680 721 2747; x_wconf 81' lang='grc' dir='ltr'>Ἀναστὰς</span> <span class='ocrx_word' id='word_1_372' title='bbox 776 2679 846 2733; x_wconf 81' lang='grc' dir='ltr'>δὲ</span> <span class='ocrx_word' id='word_1_373' title='bbox 899 2679 1158 2748; x_wconf 87' lang='grc' dir='ltr'>Παῦλος,</span> <span class='ocrx_word' id='word_1_374' title='bbox 1216 2682 1317 2736; x_wconf 78' lang='grc' dir='ltr'>καί</span> <span class='ocrx_word' id='word_1_375' title='bbox 1370 2682 1739 2747; x_wconf 77' lang='grc' dir='ltr'>κατασείσας</span> <span class='ocrx_word' id='word_1_376' title='bbox 1786 2681 1862 2751; x_wconf 76' lang='grc' dir='ltr'>τῇ</span> <span class='ocrx_word' id='word_1_377' title='bbox 1916 2682 2085 2750; x_wconf 76' lang='grc' dir='ltr'>χειρὶ,</span> 
     </span>
     <span class='ocr_line' id='line_1_50' title="bbox 480 2749 2085 2806; baseline -0.001 0"><span class='ocrx_word' id='word_1_378' title='bbox 480 2749 671 2806; x_wconf 78' lang='grc' dir='ltr'>εἶπεν·</span> <span class='ocrx_word' id='word_1_379' title='bbox 710 2749 955 2806; x_wconf 79' lang='grc' dir='ltr'>Ἀνδοει·</span> <span class='ocrx_word' id='word_1_380' title='bbox 999 2751 1385 2806; x_wconf 77' lang='grc' dir='ltr'>Ἰσραηλῖται.</span> <span class='ocrx_word' id='word_1_381' title='bbox 1415 2751 1516 2806; x_wconf 82' lang='grc' dir='ltr'>καί</span> <span class='ocrx_word' id='word_1_382' title='bbox 1543 2754 1596 2805; x_wconf 72' lang='lat' dir='ltr'><em>ot</em></span> <span class='ocrx_word' id='word_1_383' title='bbox 1625 2752 1855 2806; x_wconf 79' lang='grc' dir='ltr'>ὲνύιιῖν</span> <span class='ocrx_word' id='word_1_384' title='bbox 1876 2753 2085 2806; x_wconf 74' lang='grc' dir='ltr'>φοϐού-</span> 
     </span>
    </p>
   </div>
   <div class='ocr_carea' id='block_1_50' title="bbox 476 2766 2089 2891">
    <p class='ocr_par' dir='ltr' id='par_1_50' title="bbox 476 2766 2089 2891">
     <span class='ocr_line' id='line_1_51' title="bbox 480 2766 2088 2821; baseline -0.001 -15"><span class='ocrx_word' id='word_1_385' title='bbox 480 2766 671 2806; x_wconf 82' lang='grc' dir='ltr'>ειπεν·</span> <span class='ocrx_word' id='word_1_386' title='bbox 710 2766 955 2819; x_wconf 64' lang='grc' dir='ltr'>Ἄνδρες</span> <span class='ocrx_word' id='word_1_387' title='bbox 1004 2766 1385 2820; x_wconf 78' lang='grc' dir='ltr'>ἰσραηλιται,</span> <span class='ocrx_word' id='word_1_388' title='bbox 1415 2766 1516 2807; x_wconf 83' lang='grc' dir='ltr'>και</span> <span class='ocrx_word' id='word_1_389' title='bbox 1543 2766 1595 2805; x_wconf 86' lang='grc' dir='ltr'>οι</span> <span class='ocrx_word' id='word_1_390' title='bbox 1625 2766 1855 2821; x_wconf 79' lang='grc' dir='ltr'>ενῡμιν</span> <span class='ocrx_word' id='word_1_391' title='bbox 1874 2766 2088 2820; x_wconf 74' lang='grc' dir='ltr'>φοϐου-</span> 
     </span>
     <span class='ocr_line' id='line_1_52' title="bbox 476 2820 2089 2891; baseline 0.001 -16"><span class='ocrx_word' id='word_1_392' title='bbox 476 2839 647 2891; x_wconf 81' lang='grc' dir='ltr'>μενοι</span> <span class='ocrx_word' id='word_1_393' title='bbox 670 2820 777 2874; x_wconf 89' lang='grc' dir='ltr'>τὸν</span> <span class='ocrx_word' id='word_1_394' title='bbox 804 2822 970 2891; x_wconf 90' lang='grc' dir='ltr'>Θεὸν,</span> <span class='ocrx_word' id='word_1_395' title='bbox 990 2822 1311 2877; x_wconf 79' lang='grc' dir='ltr'>ἀκούσατε.</span> <span class='ocrx_word' id='word_1_396' title='bbox 1364 2823 1427 2875; x_wconf 78' lang='grc'>’0</span> <span class='ocrx_word' id='word_1_397' title='bbox 1480 2822 1623 2891; x_wconf 83' lang='grc' dir='ltr'>Θεὸς</span> <span class='ocrx_word' id='word_1_398' title='bbox 1650 2821 1757 2876; x_wconf 86' lang='grc' dir='ltr'>τοῦ</span> <span class='ocrx_word' id='word_1_399' title='bbox 1779 2822 1932 2875; x_wconf 84' lang='grc' dir='ltr'>λαοῦ</span> <span class='ocrx_word' id='word_1_400' title='bbox 1953 2823 2089 2876; x_wconf 82' lang='grc' dir='ltr'>τού-</span> 
     </span>
    </p>
   </div>
   <div class='ocr_carea' id='block_1_51' title="bbox 482 2889 2088 2962">
    <p class='ocr_par' dir='ltr' id='par_1_51' title="bbox 482 2889 2088 2962">
     <span class='ocr_line' id='line_1_53' title="bbox 482 2889 2088 2962; baseline -0.001 -17"><span class='ocrx_word' id='word_1_401' title='bbox 482 2889 591 2947; x_wconf 75' lang='grc' dir='ltr'>του</span> <span class='ocrx_word' id='word_1_402' title='bbox 622 2889 949 2962; x_wconf 71' lang='grc' dir='ltr'>ἐξελέξατο</span> <span class='ocrx_word' id='word_1_403' title='bbox 980 2891 1124 2958; x_wconf 86' lang='grc' dir='ltr'>τοὺς</span> <span class='ocrx_word' id='word_1_404' title='bbox 1153 2892 1412 2962; x_wconf 84' lang='grc' dir='ltr'>πατέρας</span> <span class='ocrx_word' id='word_1_405' title='bbox 1444 2890 1634 2962; x_wconf 76' lang='grc' dir='ltr'>ἡμῶν,</span> <span class='ocrx_word' id='word_1_406' title='bbox 1676 2892 1774 2962; x_wconf 82' lang='grc' dir='ltr'>καί</span> <span class='ocrx_word' id='word_1_407' title='bbox 1808 2893 1915 2944; x_wconf 89' lang='grc' dir='ltr'>τὸν</span> <span class='ocrx_word' id='word_1_408' title='bbox 1946 2892 2088 2944; x_wconf 52' lang='grc' dir='ltr'>λαίὲν</span> 
     </span>
    </p>
   </div>
   <div class='ocr_carea' id='block_1_52' title="bbox 481 2958 2084 3031">
    <p class='ocr_par' dir='ltr' id='par_1_52' title="bbox 481 2958 2084 3031">
     <span class='ocr_line' id='line_1_54' title="bbox 481 2958 2084 3031; baseline -0.002 -16"><span class='ocrx_word' id='word_1_409' title='bbox 481 2961 828 3031; x_wconf 72' lang='grc' dir='ltr'>ὕψωσενέν</span> <span class='ocrx_word' id='word_1_410' title='bbox 877 2958 971 3031; x_wconf 74' lang='grc' dir='ltr'>τῇ</span> <span class='ocrx_word' id='word_1_411' title='bbox 1002 2958 1627 3031; x_wconf 12' lang='grc' dir='ltr'>παροικίᾳάὐτοῦᾐέν</span> <span class='ocrx_word' id='word_1_412' title='bbox 1669 2960 1747 3029; x_wconf 77' lang='grc' dir='ltr'>γῇ</span> <span class='ocrx_word' id='word_1_413' title='bbox 1789 2963 2084 3031; x_wconf 76' lang='grc' dir='ltr'>Αἰγύπτῳ,</span> 
     </span>
    </p>
   </div>
   <div class='ocr_carea' id='block_1_53' title="bbox 483 3029 2087 3154">
    <p class='ocr_par' dir='ltr' id='par_1_53' title="bbox 483 3029 2087 3154">
     <span class='ocr_line' id='line_1_55' title="bbox 483 3029 2087 3154; baseline -0.001 -70"><span class='ocrx_word' id='word_1_414' title='bbox 483 3029 583 3154; x_wconf 70' lang='grc' dir='ltr'>οιῗί</span> <span class='ocrx_word' id='word_1_415' title='bbox 607 3031 760 3113; x_wconf 69' lang='grc' dir='ltr'>μετὰ</span> <span class='ocrx_word' id='word_1_416' title='bbox 784 3030 1116 3099; x_wconf 80' lang='grc' dir='ltr'>βραχίονος</span> <span class='ocrx_word' id='word_1_417' title='bbox 1144 3031 1389 3099; x_wconf 67' lang='grc' dir='ltr'>ὑψηλοῦ</span> <span class='ocrx_word' id='word_1_418' title='bbox 1435 3029 1729 3100; x_wconf 69' lang='grc' dir='ltr'>ἐξήγαγεν</span> <span class='ocrx_word' id='word_1_419' title='bbox 1755 3029 1977 3097; x_wconf 83' lang='grc' dir='ltr'>αὐτοὺς</span> <span class='ocrx_word' id='word_1_420' title='bbox 2017 3030 2087 3094; x_wconf 85' lang='grc' dir='ltr'>ἐξ</span> 
     </span>
     <span class='ocr_line' id='line_1_56' title="bbox 484 3118 699 3154; baseline 0 0"><span class='ocrx_word' id='word_1_421' title='bbox 484 3119 526 3154; x_wconf 90' lang='grc' dir='ltr'>α</span> <span class='ocrx_word' id='word_1_422' title='bbox 569 3118 699 3154; x_wconf 79' lang='grc' dir='ltr'>της.</span> 
     </span>
    </p>
   </div>
   <div class='ocr_carea' id='block_1_54' title="bbox 484 3118 699 3170">
    <p class='ocr_par' dir='ltr' id='par_1_54' title="bbox 484 3118 699 3170">
     <span class='ocr_line' id='line_1_57' title="bbox 484 3118 699 3170; baseline -0.005 -14"><span class='ocrx_word' id='word_1_423' title='bbox 484 3118 699 3170; x_wconf 85' lang='grc' dir='ltr'>αυτης.</span> 
     </span>
    </p>
   </div>
   <div class='ocr_carea' id='block_1_55' title="bbox 484 3189 2087 3263">
    <p class='ocr_par' dir='ltr' id='par_1_55' title="bbox 484 3189 2087 3263">
     <span class='ocr_line' id='line_1_58' title="bbox 484 3189 2087 3263; baseline -0.001 -18"><span class='ocrx_word' id='word_1_424' title='bbox 484 3190 558 3245; x_wconf 85' lang='grc' dir='ltr'>α’.</span> <span class='ocrx_word' id='word_1_425' title='bbox 593 3190 737 3263; x_wconf 85' lang='grc' dir='ltr'>Ὅρα</span> <span class='ocrx_word' id='word_1_426' title='bbox 784 3189 878 3243; x_wconf 82' lang='grc' dir='ltr'>τὸν</span> <span class='ocrx_word' id='word_1_427' title='bbox 927 3189 1209 3260; x_wconf 87' lang='grc' dir='ltr'>Βαρνάϐαν</span> <span class='ocrx_word' id='word_1_428' title='bbox 1262 3190 1696 3263; x_wconf 83' lang='grc' dir='ltr'>παραχωροῦντα</span> <span class='ocrx_word' id='word_1_429' title='bbox 1733 3191 1814 3260; x_wconf 85' lang='grc' dir='ltr'>τῷ</span> <span class='ocrx_word' id='word_1_430' title='bbox 1868 3189 2087 3261; x_wconf 84' lang='grc' dir='ltr'>Παύλῳ,</span> 
     </span>
    </p>
   </div>
   <div class='ocr_carea' id='block_1_56' title="bbox 413 3264 2091 3349">
    <p class='ocr_par' dir='ltr' id='par_1_56' title="bbox 413 3264 2091 3349">
     <span class='ocr_line' id='line_1_59' title="bbox 413 3264 2091 3349; baseline 0.001 -18"><span class='ocrx_word' id='word_1_431' title='bbox 413 3276 604 3347; x_wconf 80' lang='grc' dir='ltr'>ὥσπερ</span> <span class='ocrx_word' id='word_1_432' title='bbox 658 3277 753 3331; x_wconf 74' lang='grc' dir='ltr'>καὶ</span> <span class='ocrx_word' id='word_1_433' title='bbox 799 3277 992 3348; x_wconf 86' lang='grc' dir='ltr'>Πέτρῳ</span> <span class='ocrx_word' id='word_1_434' title='bbox 1030 3264 1282 3348; x_wconf 83' lang='grc' dir='ltr'>Ἰωάννης</span> <span class='ocrx_word' id='word_1_435' title='bbox 1325 3278 1619 3348; x_wconf 87' lang='grc' dir='ltr'>πανταχοῦ.</span> <span class='ocrx_word' id='word_1_436' title='bbox 1679 3278 1850 3343; x_wconf 79' lang='grc' dir='ltr'>Αὐτὸς</span> <span class='ocrx_word' id='word_1_437' title='bbox 1883 3279 2091 3349; x_wconf 73' lang='grc' dir='ltr'>ἤγαγεν</span> 
     </span>
    </p>
   </div>
   <div class='ocr_carea' id='block_1_57' title="bbox 415 3362 2086 3437">
    <p class='ocr_par' dir='ltr' id='par_1_57' title="bbox 415 3362 2086 3437">
     <span class='ocr_line' id='line_1_60' title="bbox 415 3362 2086 3437; baseline 0 -19"><span class='ocrx_word' id='word_1_438' title='bbox 415 3364 579 3418; x_wconf 80' lang='grc' dir='ltr'>αὐτὸν</span> <span class='ocrx_word' id='word_1_439' title='bbox 605 3364 714 3418; x_wconf 82' lang='grc' dir='ltr'>ἀπὸ</span> <span class='ocrx_word' id='word_1_440' title='bbox 748 3362 1062 3436; x_wconf 87' lang='grc' dir='ltr'>Δαμασκοῦ·</span> <span class='ocrx_word' id='word_1_441' title='bbox 1118 3365 1298 3419; x_wconf 85' lang='grc' dir='ltr'>καίτοι</span> <span class='ocrx_word' id='word_1_442' title='bbox 1349 3365 1515 3420; x_wconf 87' lang='grc' dir='ltr'>αὐτοῦ</span> <span class='ocrx_word' id='word_1_443' title='bbox 1546 3366 1966 3437; x_wconf 87' lang='grc' dir='ltr'>αἰδεσιμώτερος</span> <span class='ocrx_word' id='word_1_444' title='bbox 1998 3362 2086 3437; x_wconf 83' lang='grc' dir='ltr'>ἦν·</span> 
     </span>
    </p>
   </div>
   <div class='ocr_carea' id='block_1_58' title="bbox 417 3450 2088 3523">
    <p class='ocr_par' dir='ltr' id='par_1_58' title="bbox 417 3450 2088 3523">
     <span class='ocr_line' id='line_1_61' title="bbox 417 3450 2088 3523; baseline 0.001 -18"><span class='ocrx_word' id='word_1_445' title='bbox 417 3451 555 3505; x_wconf 83' lang='grc' dir='ltr'>ἀλλὰ</span> <span class='ocrx_word' id='word_1_446' title='bbox 593 3450 730 3522; x_wconf 83' lang='grc' dir='ltr'>πρὸς</span> <span class='ocrx_word' id='word_1_447' title='bbox 757 3451 818 3505; x_wconf 84' lang='grc' dir='ltr'>τὸ</span> <span class='ocrx_word' id='word_1_448' title='bbox 860 3454 1014 3523; x_wconf 75' lang='grc' dir='ltr'>κοινῇ</span> <span class='ocrx_word' id='word_1_449' title='bbox 1066 3452 1344 3523; x_wconf 84' lang='grc' dir='ltr'>συμφέρον</span> <span class='ocrx_word' id='word_1_450' title='bbox 1404 3453 1612 3523; x_wconf 84' lang='grc' dir='ltr'>ἐώρων.</span> <span class='ocrx_word' id='word_1_451' title='bbox 1651 3452 1761 3507; x_wconf 79' lang='grc' dir='ltr'>Καὶ</span> <span class='ocrx_word' id='word_1_452' title='bbox 1798 3452 2088 3519; x_wconf 82' lang='grc' dir='ltr'>ἀναστὰς,</span> 
     </span>
    </p>
   </div>
   <div class='ocr_carea' id='block_1_59' title="bbox 415 3538 2090 3610">
    <p class='ocr_par' dir='ltr' id='par_1_59' title="bbox 415 3538 2090 3610">
     <span class='ocr_line' id='line_1_62' title="bbox 415 3538 2090 3610; baseline 0.001 -18"><span class='ocrx_word' id='word_1_453' title='bbox 415 3540 573 3610; x_wconf 75' lang='grc' dir='ltr'>φησί,</span> <span class='ocrx_word' id='word_1_454' title='bbox 606 3538 704 3593; x_wconf 79' lang='grc' dir='ltr'>καὶ</span> <span class='ocrx_word' id='word_1_455' title='bbox 726 3539 1092 3606; x_wconf 80' lang='grc' dir='ltr'>κατασείσας</span> <span class='ocrx_word' id='word_1_456' title='bbox 1122 3538 1197 3607; x_wconf 77' lang='grc' dir='ltr'>τῇ</span> <span class='ocrx_word' id='word_1_457' title='bbox 1217 3540 1387 3610; x_wconf 76' lang='grc' dir='ltr'>χειρί.</span> <span class='ocrx_word' id='word_1_458' title='bbox 1423 3540 1584 3603; x_wconf 84' lang='grc' dir='ltr'>Ἔθος</span> <span class='ocrx_word' id='word_1_459' title='bbox 1611 3540 1770 3594; x_wconf 89' lang='grc' dir='ltr'>τοῦτο</span> <span class='ocrx_word' id='word_1_460' title='bbox 1817 3540 2090 3606; x_wconf 79' lang='grc' dir='ltr'>Ἰουδαίοις</span> 
     </span>
    </p>
   </div>
   <div class='ocr_carea' id='block_1_60' title="bbox 414 3622 2090 3699">
    <p class='ocr_par' dir='ltr' id='par_1_60' title="bbox 414 3622 2090 3699">
     <span class='ocr_line' id='line_1_63' title="bbox 414 3622 2090 3699; baseline 0.002 -20"><span class='ocrx_word' id='word_1_461' title='bbox 414 3622 502 3698; x_wconf 79' lang='grc' dir='ltr'>ἦν·</span> <span class='ocrx_word' id='word_1_462' title='bbox 520 3626 601 3680; x_wconf 85' lang='grc' dir='ltr'>διὸ</span> <span class='ocrx_word' id='word_1_463' title='bbox 621 3627 718 3680; x_wconf 79' lang='grc' dir='ltr'>καί</span> <span class='ocrx_word' id='word_1_464' title='bbox 736 3627 896 3691; x_wconf 78' lang='grc' dir='ltr'>αὐτὸς</span> <span class='ocrx_word' id='word_1_465' title='bbox 918 3627 1057 3682; x_wconf 80' lang='grc' dir='ltr'>κατὰ</span> <span class='ocrx_word' id='word_1_466' title='bbox 1082 3627 1243 3681; x_wconf 90' lang='grc' dir='ltr'>τοῦτο</span> <span class='ocrx_word' id='word_1_467' title='bbox 1265 3628 1446 3691; x_wconf 86' lang='grc' dir='ltr'>αὐτοῖς</span> <span class='ocrx_word' id='word_1_468' title='bbox 1462 3627 1786 3696; x_wconf 71' lang='grc' dir='ltr'>διαλέγεται.</span> <span class='ocrx_word' id='word_1_469' title='bbox 1807 3626 1949 3699; x_wconf 87' lang='grc' dir='ltr'>Ὅρα</span> <span class='ocrx_word' id='word_1_470' title='bbox 1971 3627 2090 3693; x_wconf 82' lang='grc' dir='ltr'>πῶς</span> 
     </span>
    </p>
   </div>
   <div class='ocr_carea' id='block_1_61' title="bbox 415 3713 2085 3786">
    <p class='ocr_par' dir='ltr' id='par_1_61' title="bbox 415 3713 2085 3786">
     <span class='ocr_line' id='line_1_64' title="bbox 415 3713 2085 3786; baseline 0.002 -19"><span class='ocrx_word' id='word_1_471' title='bbox 415 3713 876 3786; x_wconf 83' lang='grc' dir='ltr'>προοδοποιεῖτῷ</span> <span class='ocrx_word' id='word_1_472' title='bbox 927 3713 1092 3785; x_wconf 88' lang='grc' dir='ltr'>λόγῳ·</span> <span class='ocrx_word' id='word_1_473' title='bbox 1155 3714 1421 3785; x_wconf 89' lang='grc' dir='ltr'>πρότερον</span> <span class='ocrx_word' id='word_1_474' title='bbox 1456 3714 1809 3784; x_wconf 85' lang='grc' dir='ltr'>ἐγκωμιάσας</span> <span class='ocrx_word' id='word_1_475' title='bbox 1868 3715 2085 3779; x_wconf 79' lang='grc' dir='ltr'>αὐτοὺς,</span> 
     </span>
    </p>
   </div>
   <div class='ocr_carea' id='block_1_62' title="bbox 417 3799 2086 3873">
    <p class='ocr_par' dir='ltr' id='par_1_62' title="bbox 417 3799 2086 3873">
     <span class='ocr_line' id='line_1_65' title="bbox 417 3799 2086 3873; baseline 0.002 -20"><span class='ocrx_word' id='word_1_476' title='bbox 417 3803 513 3854; x_wconf 77' lang='grc' dir='ltr'>καὶ</span> <span class='ocrx_word' id='word_1_477' title='bbox 535 3799 715 3868; x_wconf 81' lang='grc' dir='ltr'>δείξας</span> <span class='ocrx_word' id='word_1_478' title='bbox 745 3800 946 3873; x_wconf 81' lang='grc' dir='ltr'>πολλὴν</span> <span class='ocrx_word' id='word_1_479' title='bbox 979 3801 1110 3871; x_wconf 80' lang='grc' dir='ltr'>περί⁸</span> <span class='ocrx_word' id='word_1_480' title='bbox 1134 3801 1332 3865; x_wconf 78' lang='grc' dir='ltr'>αὐτοὺς</span> <span class='ocrx_word' id='word_1_481' title='bbox 1386 3801 1486 3873; x_wconf 82' lang='grc' dir='ltr'>τὴν</span> <span class='ocrx_word' id='word_1_482' title='bbox 1519 3802 1847 3872; x_wconf 87' lang='grc' dir='ltr'>κηδεμονίαν</span> <span class='ocrx_word' id='word_1_483' title='bbox 1875 3801 1964 3856; x_wconf 85' lang='grc' dir='ltr'>διά</span> <span class='ocrx_word' id='word_1_484' title='bbox 1992 3803 2086 3857; x_wconf 90' lang='grc' dir='ltr'>τοῦ</span> 
     </span>
    </p>
   </div>
   <div class='ocr_carea' id='block_1_63' title="bbox 417 3888 2086 3958">
    <p class='ocr_par' dir='ltr' id='par_1_63' title="bbox 417 3888 2086 3958">
     <span class='ocr_line' id='line_1_66' title="bbox 417 3888 2086 3958; baseline 0.001 -19"><span class='ocrx_word' id='word_1_485' title='bbox 417 3889 615 3951; x_wconf 78' lang='grc' dir='ltr'>εἰπεῖν,</span> <span class='ocrx_word' id='word_1_486' title='bbox 673 3891 738 3943; x_wconf 81' lang='lat' dir='ltr'>Ol</span> <span class='ocrx_word' id='word_1_487' title='bbox 769 3889 1126 3958; x_wconf 86' lang='grc' dir='ltr'>φοϐούμενοι</span> <span class='ocrx_word' id='word_1_488' title='bbox 1163 3889 1271 3943; x_wconf 90' lang='grc' dir='ltr'>τὸν</span> <span class='ocrx_word' id='word_1_489' title='bbox 1301 3888 1470 3952; x_wconf 87' lang='grc' dir='ltr'>Θεὸν,</span> <span class='ocrx_word' id='word_1_490' title='bbox 1505 3888 1679 3952; x_wconf 79' lang='grc' dir='ltr'>οὕτως</span> <span class='ocrx_word' id='word_1_491' title='bbox 1711 3889 1940 3958; x_wconf 80' lang='grc' dir='ltr'>ἄρχεται</span> <span class='ocrx_word' id='word_1_492' title='bbox 1992 3889 2086 3942; x_wconf 88' lang='grc' dir='ltr'>τοῦ</span> 
     </span>
    </p>
   </div>
   <div class='ocr_carea' id='block_1_64' title="bbox 417 3972 2088 4049">
    <p class='ocr_par' dir='ltr' id='par_1_64' title="bbox 417 3972 2088 4049">
     <span class='ocr_line' id='line_1_67' title="bbox 417 3972 2088 4049; baseline 0 -21"><span class='ocrx_word' id='word_1_493' title='bbox 417 3976 600 4045; x_wconf 88' lang='grc' dir='ltr'>λόγου.</span> <span class='ocrx_word' id='word_1_494' title='bbox 636 3978 746 4031; x_wconf 74' lang='grc' dir='ltr'>Καὶ</span> <span class='ocrx_word' id='word_1_495' title='bbox 777 3977 879 4031; x_wconf 90' lang='grc' dir='ltr'>οὐκ</span> <span class='ocrx_word' id='word_1_496' title='bbox 929 3974 1101 4040; x_wconf 76' lang='grc' dir='ltr'>εἶπεν,</span> <span class='ocrx_word' id='word_1_497' title='bbox 1152 3978 1203 4032; x_wconf 88' lang='grc' dir='ltr'>οί</span> <span class='ocrx_word' id='word_1_498' title='bbox 1233 3976 1580 4049; x_wconf 73' lang='grc' dir='ltr'>προσήλυτοι,</span> <span class='ocrx_word' id='word_1_499' title='bbox 1606 3977 1743 4048; x_wconf 82' lang='grc' dir='ltr'>ὅπερ</span> <span class='ocrx_word' id='word_1_500' title='bbox 1771 3972 1839 4047; x_wconf 82' lang='grc' dir='ltr'>ἦν</span> <span class='ocrx_word' id='word_1_501' title='bbox 1875 3992 2088 4048; x_wconf 89' lang='grc' dir='ltr'>συμφο-</span> 
     </span>
    </p>
   </div>
   <div class='ocr_carea' id='block_1_65' title="bbox 422 4062 2089 4135">
    <p class='ocr_par' dir='ltr' id='par_1_65' title="bbox 422 4062 2089 4135">
     <span class='ocr_line' id='line_1_68' title="bbox 422 4062 2089 4135; baseline 0.001 -19"><span class='ocrx_word' id='word_1_502' title='bbox 422 4064 523 4134; x_wconf 74' lang='grc' dir='ltr'>ρᾶς</span> <span class='ocrx_word' id='word_1_503' title='bbox 549 4063 740 4135; x_wconf 77' lang='grc' dir='ltr'>ὄνομα.</span> <span class='ocrx_word' id='word_1_504' title='bbox 787 4064 840 4117; x_wconf 87' lang='grc' dir='ltr'>Ὁ</span> <span class='ocrx_word' id='word_1_505' title='bbox 872 4066 1017 4131; x_wconf 85' lang='grc' dir='ltr'>Θεὸς</span> <span class='ocrx_word' id='word_1_506' title='bbox 1045 4064 1154 4120; x_wconf 87' lang='grc' dir='ltr'>τοῦ</span> <span class='ocrx_word' id='word_1_507' title='bbox 1179 4062 1331 4119; x_wconf 88' lang='grc' dir='ltr'>λαοῦ</span> <span class='ocrx_word' id='word_1_508' title='bbox 1361 4065 1577 4119; x_wconf 81' lang='grc' dir='ltr'>τούτου</span> <span class='ocrx_word' id='word_1_509' title='bbox 1608 4062 1927 4129; x_wconf 76' lang='grc' dir='ltr'>ἐξελέξατο</span> <span class='ocrx_word' id='word_1_510' title='bbox 1947 4063 2089 4131; x_wconf 85' lang='grc' dir='ltr'>τοὺς</span> 
     </span>
    </p>
   </div>
   <div class='ocr_carea' id='block_1_66' title="bbox 418 4151 2089 4225">
    <p class='ocr_par' dir='ltr' id='par_1_66' title="bbox 418 4151 2089 4225">
     <span class='ocr_line' id='line_1_69' title="bbox 418 4151 2089 4225; baseline 0.001 -21"><span class='ocrx_word' id='word_1_511' title='bbox 418 4151 680 4219; x_wconf 85' lang='grc' dir='ltr'>πατέρας</span> <span class='ocrx_word' id='word_1_512' title='bbox 703 4151 871 4221; x_wconf 77' lang='grc' dir='ltr'>ἡμῶν</span> <span class='ocrx_word' id='word_1_513' title='bbox 900 4153 1001 4209; x_wconf 82' lang='grc' dir='ltr'>καί</span> <span class='ocrx_word' id='word_1_514' title='bbox 1032 4152 1139 4207; x_wconf 91' lang='grc' dir='ltr'>τὸν</span> <span class='ocrx_word' id='word_1_515' title='bbox 1160 4155 1333 4208; x_wconf 89' lang='grc' dir='ltr'>λαόν.</span> <span class='ocrx_word' id='word_1_516' title='bbox 1366 4152 1513 4225; x_wconf 85' lang='grc' dir='ltr'>Ὅρα</span> <span class='ocrx_word' id='word_1_517' title='bbox 1539 4152 1657 4219; x_wconf 84' lang='grc' dir='ltr'>πῶς</span> <span class='ocrx_word' id='word_1_518' title='bbox 1686 4152 1781 4207; x_wconf 71' lang='grc' dir='ltr'>καὶ</span> <span class='ocrx_word' id='word_1_519' title='bbox 1810 4151 1972 4217; x_wconf 83' lang='grc' dir='ltr'>αὐτὸς</span> <span class='ocrx_word' id='word_1_520' title='bbox 1997 4152 2089 4205; x_wconf 87' lang='grc' dir='ltr'>τὸν</span> 
     </span>
    </p>
   </div>
   <div class='ocr_carea' id='block_1_67' title="bbox 419 4241 2092 4313">
    <p class='ocr_par' dir='ltr' id='par_1_67' title="bbox 419 4241 2092 4313">
     <span class='ocr_line' id='line_1_70' title="bbox 419 4241 2092 4313; baseline 0.001 -19"><span class='ocrx_word' id='word_1_521' title='bbox 419 4241 600 4295; x_wconf 76' lang='grc' dir='ltr'>κοινὸν</span> <span class='ocrx_word' id='word_1_522' title='bbox 637 4242 746 4295; x_wconf 85' lang='grc' dir='ltr'>τῶν</span> <span class='ocrx_word' id='word_1_523' title='bbox 803 4243 1106 4313; x_wconf 78' lang='grc' dir='ltr'>ἀνθρώπιον</span> <span class='ocrx_word' id='word_1_524' title='bbox 1162 4243 1295 4297; x_wconf 74' lang='grc' dir='ltr'>Θεὸν</span> <span class='ocrx_word' id='word_1_525' title='bbox 1342 4242 1521 4297; x_wconf 84' lang='grc' dir='ltr'>αὐτῶν</span> <span class='ocrx_word' id='word_1_526' title='bbox 1563 4243 1712 4306; x_wconf 89' lang='grc' dir='ltr'>ἰδίως</span> <span class='ocrx_word' id='word_1_527' title='bbox 1756 4242 1931 4305; x_wconf 74' lang='grc' dir='ltr'>καλεῖ,</span> <span class='ocrx_word' id='word_1_528' title='bbox 1995 4243 2092 4296; x_wconf 72' lang='grc' dir='ltr'>καὶ</span> 
     </span>
    </p>
   </div>
   <div class='ocr_carea' id='block_1_68' title="bbox 417 4326 2088 4401">
    <p class='ocr_par' dir='ltr' id='par_1_68' title="bbox 417 4326 2088 4401">
     <span class='ocr_line' id='line_1_71' title="bbox 417 4326 2088 4401; baseline 0.002 -21"><span class='ocrx_word' id='word_1_529' title='bbox 417 4326 691 4381; x_wconf 84' lang='grc' dir='ltr'>δείκνυσιν</span> <span class='ocrx_word' id='word_1_530' title='bbox 711 4328 917 4384; x_wconf 84' lang='grc' dir='ltr'>ἄνωθεν</span> <span class='ocrx_word' id='word_1_531' title='bbox 941 4329 1043 4394; x_wconf 84' lang='grc' dir='ltr'>τὰς</span> <span class='ocrx_word' id='word_1_532' title='bbox 1064 4330 1382 4400; x_wconf 81' lang='grc' dir='ltr'>εὐεργεσίας</span> <span class='ocrx_word' id='word_1_533' title='bbox 1429 4328 1595 4383; x_wconf 87' lang='grc' dir='ltr'>αὐτοῦ</span> <span class='ocrx_word' id='word_1_534' title='bbox 1629 4330 1874 4401; x_wconf 87' lang='grc' dir='ltr'>μεγάλας</span> <span class='ocrx_word' id='word_1_535' title='bbox 1898 4327 2088 4393; x_wconf 75' lang='grc' dir='ltr'>οὔσας,</span> 
     </span>
    </p>
   </div>
   <div class='ocr_carea' id='block_1_69' title="bbox 421 4417 2092 4489">
    <p class='ocr_par' dir='ltr' id='par_1_69' title="bbox 421 4417 2092 4489">
     <span class='ocr_line' id='line_1_72' title="bbox 421 4417 2092 4489; baseline -0.001 -17"><span class='ocrx_word' id='word_1_536' title='bbox 421 4417 673 4489; x_wconf 84' lang='grc' dir='ltr'>καθάπερ</span> <span class='ocrx_word' id='word_1_537' title='bbox 700 4420 792 4471; x_wconf 74' lang='grc' dir='ltr'>καὶ</span> <span class='ocrx_word' id='word_1_538' title='bbox 817 4420 1109 4488; x_wconf 84' lang='grc' dir='ltr'>Στέφανος.</span> <span class='ocrx_word' id='word_1_539' title='bbox 1140 4419 1323 4474; x_wconf 85' lang='grc' dir='ltr'>Ταῦτα</span> <span class='ocrx_word' id='word_1_540' title='bbox 1368 4420 1426 4474; x_wconf 88' lang='grc' dir='ltr'>δέ</span> <span class='ocrx_word' id='word_1_541' title='bbox 1450 4418 1711 4483; x_wconf 89' lang='grc' dir='ltr'>ποιοῦσιν,</span> <span class='ocrx_word' id='word_1_542' title='bbox 1751 4420 1838 4472; x_wconf 73' lang='grc' dir='ltr'>ἵνα</span> <span class='ocrx_word' id='word_1_543' title='bbox 1867 4417 2092 4472; x_wconf 84' lang='grc' dir='ltr'>παιδεύ-</span> 
     </span>
    </p>
   </div>
   <div class='ocr_carea' id='block_1_70' title="bbox 422 4506 2092 4570">
    <p class='ocr_par' dir='ltr' id='par_1_70' title="bbox 422 4506 2092 4570">
     <span class='ocr_line' id='line_1_73' title="bbox 422 4506 2092 4570; baseline 0.002 -14"><span class='ocrx_word' id='word_1_544' title='bbox 422 4521 592 4558; x_wconf 90' lang='grc' dir='ltr'>σωσιν</span> <span class='ocrx_word' id='word_1_545' title='bbox 622 4506 840 4570; x_wconf 73' lang='grc' dir='ltr'>αὐτοὺς,</span> <span class='ocrx_word' id='word_1_546' title='bbox 882 4508 966 4560; x_wconf 80' lang='grc' dir='ltr'>ὅτι</span> <span class='ocrx_word' id='word_1_547' title='bbox 997 4508 1095 4562; x_wconf 73' lang='grc' dir='ltr'>καὶ</span> <span class='ocrx_word' id='word_1_548' title='bbox 1123 4507 1218 4561; x_wconf 90' lang='grc' dir='ltr'>νῦν</span> <span class='ocrx_word' id='word_1_549' title='bbox 1245 4507 1393 4561; x_wconf 88' lang='grc' dir='ltr'>κατά</span> <span class='ocrx_word' id='word_1_550' title='bbox 1426 4507 1488 4560; x_wconf 81' lang='grc' dir='ltr'>τὸ</span> <span class='ocrx_word' id='word_1_551' title='bbox 1534 4507 1666 4561; x_wconf 86' lang='grc' dir='ltr'>αὐτὸ</span> <span class='ocrx_word' id='word_1_552' title='bbox 1694 4507 1814 4570; x_wconf 73' lang='grc' dir='ltr'>ἔθος</span> <span class='ocrx_word' id='word_1_553' title='bbox 1838 4507 1929 4560; x_wconf 80' lang='grc' dir='ltr'>τὸν</span> <span class='ocrx_word' id='word_1_554' title='bbox 1964 4506 2092 4560; x_wconf 85' lang='grc' dir='ltr'>Υίὸν</span> 
     </span>
    </p>
   </div>
   <div class='ocr_carea' id='block_1_71' title="bbox 419 4589 2092 4665">
    <p class='ocr_par' dir='ltr' id='par_1_71' title="bbox 419 4589 2092 4665">
     <span class='ocr_line' id='line_1_74' title="bbox 419 4589 2092 4665; baseline -0.001 -17"><span class='ocrx_word' id='word_1_555' title='bbox 419 4591 587 4648; x_wconf 79' lang='grc' dir='ltr'>αὐτοῦ</span> <span class='ocrx_word' id='word_1_556' title='bbox 620 4593 927 4648; x_wconf 75' lang='grc' dir='ltr'>ἀπέστειλε.</span> <span class='ocrx_word' id='word_1_557' title='bbox 969 4595 1235 4665; x_wconf 85' lang='grc' dir='ltr'>Καθάπερ</span> <span class='ocrx_word' id='word_1_558' title='bbox 1259 4594 1356 4648; x_wconf 77' lang='grc' dir='ltr'>καὶ</span> <span class='ocrx_word' id='word_1_559' title='bbox 1394 4597 1422 4648; x_wconf 86' lang='grc' dir='ltr'>ὁ</span> <span class='ocrx_word' id='word_1_560' title='bbox 1467 4594 1699 4665; x_wconf 81' lang='grc' dir='ltr'>Χριστὸς</span> <span class='ocrx_word' id='word_1_561' title='bbox 1728 4589 1882 4647; x_wconf 78' lang='grc' dir='ltr'>εἶπεν</span> <span class='ocrx_word' id='word_1_562' title='bbox 1911 4594 1971 4646; x_wconf 90' lang='grc' dir='ltr'>ἐν</span> <span class='ocrx_word' id='word_1_563' title='bbox 2012 4592 2092 4664; x_wconf 85' lang='grc' dir='ltr'>τῷ</span> 
     </span>
    </p>
   </div>
   <div class='ocr_carea' id='block_1_72' title="bbox 419 4677 2093 4752">
    <p class='ocr_par' dir='ltr' id='par_1_72' title="bbox 419 4677 2093 4752">
     <span class='ocr_line' id='line_1_75' title="bbox 419 4677 2093 4752; baseline 0.001 -21"><span class='ocrx_word' id='word_1_564' title='bbox 419 4678 725 4749; x_wconf 84' lang='grc' dir='ltr'>ἀμπελῶνι,</span> <span class='ocrx_word' id='word_1_565' title='bbox 753 4677 896 4732; x_wconf 78' lang='grc' dir='ltr'>οὕτω</span> <span class='ocrx_word' id='word_1_566' title='bbox 926 4681 1020 4734; x_wconf 78' lang='grc' dir='ltr'>καὶ</span> <span class='ocrx_word' id='word_1_567' title='bbox 1047 4682 1208 4744; x_wconf 86' lang='grc' dir='ltr'>αὐτός</span> <span class='ocrx_word' id='word_1_568' title='bbox 1237 4698 1423 4752; x_wconf 89' lang='grc' dir='ltr'>φησιν.</span> <span class='ocrx_word' id='word_1_569' title='bbox 1460 4681 1748 4749; x_wconf 72' lang='grc' dir='ltr'>’Υψωσεν</span> <span class='ocrx_word' id='word_1_570' title='bbox 1775 4682 1847 4735; x_wconf 80' lang='grc' dir='ltr'>ἐν</span> <span class='ocrx_word' id='word_1_571' title='bbox 1878 4678 1951 4749; x_wconf 77' lang='grc' dir='ltr'>τῇ</span> <span class='ocrx_word' id='word_1_572' title='bbox 1982 4694 2093 4733; x_wconf 83' lang='grc' dir='ltr'>πα-</span> 
     </span>
    </p>
   </div>
   <div class='ocr_carea' id='block_1_73' title="bbox 412 4762 2092 4834">
    <p class='ocr_par' dir='ltr' id='par_1_73' title="bbox 412 4762 2092 4834">
     <span class='ocr_line' id='line_1_76' title="bbox 412 4762 2092 4834; baseline 0.002 -19"><span class='ocrx_word' id='word_1_573' title='bbox 412 4762 614 4828; x_wconf 80' lang='grc' dir='ltr'>ροικίᾳ</span> <span class='ocrx_word' id='word_1_574' title='bbox 643 4763 713 4815; x_wconf 83' lang='grc' dir='ltr'>ἐν</span> <span class='ocrx_word' id='word_1_575' title='bbox 732 4762 809 4831; x_wconf 71' lang='grc' dir='ltr'>τῇ</span> <span class='ocrx_word' id='word_1_576' title='bbox 841 4764 1136 4832; x_wconf 72' lang='grc' dir='ltr'>Λίγύπτφ,</span> <span class='ocrx_word' id='word_1_577' title='bbox 1172 4765 1270 4817; x_wconf 81' lang='grc' dir='ltr'>καὶ</span> <span class='ocrx_word' id='word_1_578' title='bbox 1291 4765 1441 4834; x_wconf 87' lang='grc' dir='ltr'>μετὰ</span> <span class='ocrx_word' id='word_1_579' title='bbox 1481 4765 1814 4833; x_wconf 81' lang='grc' dir='ltr'>βραχίονος</span> <span class='ocrx_word' id='word_1_580' title='bbox 1848 4763 2092 4833; x_wconf 72' lang='grc' dir='ltr'>ὑψηλοῦ</span> 
     </span>
    </p>
   </div>
   <div class='ocr_carea' id='block_1_74' title="bbox 419 4848 2093 4923">
    <p class='ocr_par' dir='ltr' id='par_1_74' title="bbox 419 4848 2093 4923">
     <span class='ocr_line' id='line_1_77' title="bbox 419 4848 2093 4923; baseline 0.003 -23"><span class='ocrx_word' id='word_1_581' title='bbox 419 4848 716 4919; x_wconf 70' lang='grc' dir='ltr'>ἐξήγαγεν</span> <span class='ocrx_word' id='word_1_582' title='bbox 742 4851 965 4915; x_wconf 80' lang='grc' dir='ltr'>αὐτοὺς</span> <span class='ocrx_word' id='word_1_583' title='bbox 982 4852 1051 4916; x_wconf 83' lang='grc' dir='ltr'>ἐξ</span> <span class='ocrx_word' id='word_1_584' title='bbox 1080 4851 1287 4920; x_wconf 84' lang='grc' dir='ltr'>αὐτῆς.</span> <span class='ocrx_word' id='word_1_585' title='bbox 1319 4853 1430 4905; x_wconf 71' lang='grc' dir='ltr'>Καὶ</span> <span class='ocrx_word' id='word_1_586' title='bbox 1467 4851 1572 4923; x_wconf 78' lang='grc' dir='ltr'>μὴν</span> <span class='ocrx_word' id='word_1_587' title='bbox 1606 4852 1915 4906; x_wconf 78' lang='grc' dir='ltr'>τούναντίον</span> <span class='ocrx_word' id='word_1_588' title='bbox 1934 4852 2093 4921; x_wconf 82' lang='grc' dir='ltr'>γέγο-</span> 
     </span>
    </p>
   </div>
   <div class='ocr_carea' id='block_1_75' title="bbox 420 4937 2092 5011">
    <p class='ocr_par' dir='ltr' id='par_1_75' title="bbox 420 4937 2092 5011">
     <span class='ocr_line' id='line_1_78' title="bbox 420 4937 2092 5011; baseline 0.003 -24"><span class='ocrx_word' id='word_1_589' title='bbox 420 4952 529 4987; x_wconf 85' lang='grc' dir='ltr'>νεν·</span> <span class='ocrx_word' id='word_1_590' title='bbox 553 4937 669 4990; x_wconf 84' lang='grc' dir='ltr'>ἀλλ’</span> <span class='ocrx_word' id='word_1_591' title='bbox 697 4940 776 5000; x_wconf 85' lang='grc' dir='ltr'>είς</span> <span class='ocrx_word' id='word_1_592' title='bbox 800 4937 1005 5007; x_wconf 83' lang='grc' dir='ltr'>πλῆθος</span> <span class='ocrx_word' id='word_1_593' title='bbox 1031 4938 1314 4992; x_wconf 83' lang='grc' dir='ltr'>ἐπέδοσαν·</span> <span class='ocrx_word' id='word_1_594' title='bbox 1347 4938 1481 4992; x_wconf 85' lang='grc' dir='ltr'>ἀλλά</span> <span class='ocrx_word' id='word_1_595' title='bbox 1524 4938 1594 4993; x_wconf 81' lang='grc' dir='ltr'>τὰ</span> <span class='ocrx_word' id='word_1_596' title='bbox 1617 4939 1877 5011; x_wconf 89' lang='grc' dir='ltr'>θαύματα</span> <span class='ocrx_word' id='word_1_597' title='bbox 1898 4939 1966 4993; x_wconf 81' lang='grc' dir='ltr'>δι’</span> <span class='ocrx_word' id='word_1_598' title='bbox 1995 4939 2092 4992; x_wconf 88' lang='grc' dir='ltr'>αὐ-</span> 
     </span>
    </p>
   </div>
   <div class='ocr_carea' id='block_1_76' title="bbox 418 5023 2092 5098">
    <p class='ocr_par' dir='ltr' id='par_1_76' title="bbox 418 5023 2092 5098">
     <span class='ocr_line' id='line_1_79' title="bbox 418 5023 2092 5098; baseline 0.001 -23"><span class='ocrx_word' id='word_1_599' title='bbox 418 5024 545 5086; x_wconf 78' lang='grc' dir='ltr'>τοὺς</span> <span class='ocrx_word' id='word_1_600' title='bbox 590 5023 800 5092; x_wconf 81' lang='grc' dir='ltr'>γέγονε.</span> <span class='ocrx_word' id='word_1_601' title='bbox 849 5024 1067 5078; x_wconf 88' lang='grc' dir='ltr'>Τούτων</span> <span class='ocrx_word' id='word_1_602' title='bbox 1094 5026 1189 5079; x_wconf 76' lang='grc' dir='ltr'>καὶ</span> <span class='ocrx_word' id='word_1_603' title='bbox 1229 5026 1278 5079; x_wconf 89' lang='grc' dir='ltr'>οί</span> <span class='ocrx_word' id='word_1_604' title='bbox 1335 5026 1610 5096; x_wconf 83' lang='grc' dir='ltr'>προφῆται</span> <span class='ocrx_word' id='word_1_605' title='bbox 1663 5025 2092 5098; x_wconf 86' lang='grc' dir='ltr'>μνημονεύουσιν</span> 
     </span>
    </p>
   </div>
   <div class='ocr_carea' id='block_1_77' title="bbox 418 5111 2092 5188">
    <p class='ocr_par' dir='ltr' id='par_1_77' title="bbox 418 5111 2092 5188">
     <span class='ocr_line' id='line_1_80' title="bbox 418 5111 2092 5188; baseline 0.002 -25"><span class='ocrx_word' id='word_1_606' title='bbox 418 5111 507 5163; x_wconf 77' lang='grc' dir='ltr'>ἀεὶ</span> <span class='ocrx_word' id='word_1_607' title='bbox 533 5111 643 5163; x_wconf 83' lang='grc' dir='ltr'>τῶν</span> <span class='ocrx_word' id='word_1_608' title='bbox 670 5115 791 5164; x_wconf 86' lang='grc' dir='ltr'>κατ’</span> <span class='ocrx_word' id='word_1_609' title='bbox 820 5111 1118 5182; x_wconf 80' lang='grc' dir='ltr'>Αἴγυπτον.</span> <span class='ocrx_word' id='word_1_610' title='bbox 1142 5115 1253 5167; x_wconf 74' lang='grc' dir='ltr'>Καὶ</span> <span class='ocrx_word' id='word_1_611' title='bbox 1278 5115 1381 5184; x_wconf 82' lang='grc' dir='ltr'>ὅρα</span> <span class='ocrx_word' id='word_1_612' title='bbox 1415 5113 1535 5177; x_wconf 80' lang='grc' dir='ltr'>πῶς</span> <span class='ocrx_word' id='word_1_613' title='bbox 1576 5116 1701 5179; x_wconf 80' lang='grc' dir='ltr'>τοὺς</span> <span class='ocrx_word' id='word_1_614' title='bbox 1730 5117 1957 5188; x_wconf 81' lang='grc' dir='ltr'>καιροὺς</span> <span class='ocrx_word' id='word_1_615' title='bbox 1983 5113 2092 5168; x_wconf 80' lang='grc' dir='ltr'>τῶν</span> 
     </span>
    </p>
   </div>
   <div class='ocr_carea' id='block_1_78' title="bbox 421 5198 2092 5274">
    <p class='ocr_par' dir='ltr' id='par_1_78' title="bbox 421 5198 2092 5274">
     <span class='ocr_line' id='line_1_81' title="bbox 421 5198 2092 5274; baseline 0.004 -24"><span class='ocrx_word' id='word_1_616' title='bbox 421 5198 717 5270; x_wconf 83' lang='grc' dir='ltr'>συμφορῶν</span> <span class='ocrx_word' id='word_1_617' title='bbox 777 5201 1155 5273; x_wconf 86' lang='grc' dir='ltr'>παρατρέχει,</span> <span class='ocrx_word' id='word_1_618' title='bbox 1209 5201 1304 5255; x_wconf 77' lang='grc' dir='ltr'>καὶ</span> <span class='ocrx_word' id='word_1_619' title='bbox 1355 5200 1593 5272; x_wconf 85' lang='grc' dir='ltr'>οὐδαμοῦ</span> <span class='ocrx_word' id='word_1_620' title='bbox 1637 5202 1706 5255; x_wconf 89' lang='grc' dir='ltr'>τά</span> <span class='ocrx_word' id='word_1_621' title='bbox 1768 5202 2092 5274; x_wconf 83' lang='grc' dir='ltr'>ἐγκλήματα</span> 
     </span>
    </p>
   </div>
   <div class='ocr_carea' id='block_1_79' title="bbox 420 5287 2089 5362">
    <p class='ocr_par' dir='ltr' id='par_1_79' title="bbox 420 5287 2089 5362">
     <span class='ocr_line' id='line_1_82' title="bbox 420 5287 2089 5362; baseline 0.004 -25"><span class='ocrx_word' id='word_1_622' title='bbox 420 5287 657 5356; x_wconf 87' lang='grc' dir='ltr'>παράγει</span> <span class='ocrx_word' id='word_1_623' title='bbox 685 5289 766 5351; x_wconf 89' lang='grc' dir='ltr'>εἰς</span> <span class='ocrx_word' id='word_1_624' title='bbox 808 5288 994 5357; x_wconf 89' lang='grc' dir='ltr'>μέσον,</span> <span class='ocrx_word' id='word_1_625' title='bbox 1028 5288 1162 5343; x_wconf 89' lang='grc' dir='ltr'>ἀλλά</span> <span class='ocrx_word' id='word_1_626' title='bbox 1191 5290 1292 5361; x_wconf 81' lang='grc' dir='ltr'>τὴν</span> <span class='ocrx_word' id='word_1_627' title='bbox 1336 5289 1433 5343; x_wconf 89' lang='grc' dir='ltr'>τοῦ</span> <span class='ocrx_word' id='word_1_628' title='bbox 1484 5288 1620 5343; x_wconf 88' lang='grc' dir='ltr'>Θεοῦ</span> <span class='ocrx_word' id='word_1_629' title='bbox 1655 5290 2089 5362; x_wconf 81' lang='grc' dir='ltr'>φιλανθρωπίαν,</span> 
     </span>
    </p>
   </div>
   <div class='ocr_carea' id='block_1_80' title="bbox 418 5371 2092 5444">
    <p class='ocr_par' dir='ltr' id='par_1_80' title="bbox 418 5371 2092 5444">
     <span class='ocr_line' id='line_1_83' title="bbox 418 5371 2092 5444; baseline 0.005 -23"><span class='ocrx_word' id='word_1_630' title='bbox 418 5371 599 5426; x_wconf 83' lang='grc' dir='ltr'>ἐκεῖνα</span> <span class='ocrx_word' id='word_1_631' title='bbox 628 5373 815 5438; x_wconf 87' lang='grc' dir='ltr'>αὐτοῖς</span> <span class='ocrx_word' id='word_1_632' title='bbox 853 5376 1012 5444; x_wconf 84' lang='grc' dir='ltr'>ἀφείς</span> <span class='ocrx_word' id='word_1_633' title='bbox 1040 5375 1374 5444; x_wconf 81' lang='grc' dir='ltr'>λογίζεσθαι.</span> <span class='ocrx_word' id='word_1_634' title='bbox 1410 5376 1519 5430; x_wconf 76' lang='grc' dir='ltr'>Καὶ</span> <span class='ocrx_word' id='word_1_635' title='bbox 1541 5376 1622 5443; x_wconf 87' lang='grc' dir='ltr'>ὡς</span> <span class='ocrx_word' id='word_1_636' title='bbox 1643 5376 2092 5444; x_wconf 80' lang='grc' dir='ltr'>τεσσαράκοντα</span> 
     </span>
    </p>
   </div>
   <div class='ocr_carea' id='block_1_81' title="bbox 417 5456 2088 5534">
    <p class='ocr_par' dir='ltr' id='par_1_81' title="bbox 417 5456 2088 5534">
     <span class='ocr_line' id='line_1_84' title="bbox 417 5456 2088 5534; baseline 0.008 -26"><span class='ocrx_word' id='word_1_637' title='bbox 417 5456 520 5525; x_wconf 76' lang='grc' dir='ltr'>ἔτη</span> <span class='ocrx_word' id='word_1_638' title='bbox 566 5461 792 5530; x_wconf 86' lang='grc' dir='ltr'>χρόνον</span> <span class='ocrx_word' id='word_1_639' title='bbox 840 5462 1330 5533; x_wconf 75' lang='grc' dir='ltr'>ἐτροποφόρησεν</span> <span class='ocrx_word' id='word_1_640' title='bbox 1380 5462 1602 5530; x_wconf 86' lang='grc' dir='ltr'>αὐτοὺς</span> <span class='ocrx_word' id='word_1_641' title='bbox 1638 5464 1709 5517; x_wconf 79' lang='grc' dir='ltr'>ἐν</span> <span class='ocrx_word' id='word_1_642' title='bbox 1742 5462 1818 5533; x_wconf 76' lang='grc' dir='ltr'>τῇ</span> <span class='ocrx_word' id='word_1_643' title='bbox 1871 5464 2088 5534; x_wconf 78' lang='grc' dir='ltr'>ἐρήμῳ.</span> 
     </span>
    </p>
   </div>
   <div class='ocr_carea' id='block_1_82' title="bbox 417 5541 2093 5620">
    <p class='ocr_par' dir='ltr' id='par_1_82' title="bbox 417 5541 2093 5620">
     <span class='ocr_line' id='line_1_85' title="bbox 417 5541 2093 5620; baseline 0.007 -25"><span class='ocrx_word' id='word_1_644' title='bbox 417 5541 553 5598; x_wconf 81' lang='grc' dir='ltr'>Εἶτα</span> <span class='ocrx_word' id='word_1_645' title='bbox 586 5548 687 5616; x_wconf 79' lang='grc' dir='ltr'>τὴν</span> <span class='ocrx_word' id='word_1_646' title='bbox 722 5550 1012 5605; x_wconf 87' lang='grc' dir='ltr'>κατοικίαν</span> <span class='ocrx_word' id='word_1_647' title='bbox 1031 5550 1203 5620; x_wconf 86' lang='grc' dir='ltr'>λέγει·</span> <span class='ocrx_word' id='word_1_648' title='bbox 1235 5551 1347 5605; x_wconf 82' lang='grc' dir='ltr'>Καὶ</span> <span class='ocrx_word' id='word_1_649' title='bbox 1373 5549 1645 5605; x_wconf 85' lang='grc' dir='ltr'>καθελὼν</span> <span class='ocrx_word' id='word_1_650' title='bbox 1665 5553 1810 5620; x_wconf 71' lang='grc' dir='ltr'>ἔθνη</span> <span class='ocrx_word' id='word_1_651' title='bbox 1842 5552 1993 5607; x_wconf 78' lang='grc' dir='ltr'>ἑπτὰ</span> <span class='ocrx_word' id='word_1_652' title='bbox 2023 5552 2093 5606; x_wconf 85' lang='grc' dir='ltr'>ἐν</span> 
     </span>
    </p>
   </div>
   <div class='ocr_carea' id='block_1_83' title="bbox 417 5628 2092 5709">
    <p class='ocr_par' dir='ltr' id='par_1_83' title="bbox 417 5628 2092 5709">
     <span class='ocr_line' id='line_1_86' title="bbox 417 5628 2092 5709; baseline 0.007 -26"><span class='ocrx_word' id='word_1_653' title='bbox 417 5628 493 5696; x_wconf 75' lang='grc' dir='ltr'>τῇ</span> <span class='ocrx_word' id='word_1_654' title='bbox 519 5634 778 5701; x_wconf 84' lang='grc' dir='ltr'>Χαναὰν,</span> <span class='ocrx_word' id='word_1_655' title='bbox 812 5638 1420 5708; x_wconf 79' lang='grc' dir='ltr'>κατεκληρονόμησεν</span> <span class='ocrx_word' id='word_1_656' title='bbox 1441 5651 1468 5681; x_wconf 78' lang='grc' dir='ltr'>ι</span> <span class='ocrx_word' id='word_1_657' title='bbox 1490 5638 1695 5707; x_wconf 84' lang='grc' dir='ltr'>αὐτοῖς</span> <span class='ocrx_word' id='word_1_658' title='bbox 1712 5638 1827 5704; x_wconf 81' lang='grc' dir='ltr'>τὴν</span> <span class='ocrx_word' id='word_1_659' title='bbox 1844 5639 1965 5709; x_wconf 74' lang='grc' dir='ltr'>γῆν</span> <span class='ocrx_word' id='word_1_660' title='bbox 1982 5642 2092 5694; x_wconf 82' lang='grc' dir='ltr'>αὐ-</span> 
     </span>
    </p>
   </div>
   <div class='ocr_carea' id='block_1_84' title="bbox 416 5709 2093 5799">
    <p class='ocr_par' dir='ltr' id='par_1_84' title="bbox 416 5709 2093 5799">
     <span class='ocr_line' id='line_1_87' title="bbox 416 5709 2093 5799; baseline 0.011 -36"><span class='ocrx_word' id='word_1_661' title='bbox 416 5709 556 5799; x_wconf 73' lang='grc' dir='ltr'>τῶν.</span> <span class='ocrx_word' id='word_1_662' title='bbox 580 5717 692 5769; x_wconf 64' lang='lat' dir='ltr'><strong><em>Kal</em></strong></span> <span class='ocrx_word' id='word_1_663' title='bbox 720 5722 748 5772; x_wconf 81' lang='grc' dir='ltr'>ὁ</span> <span class='ocrx_word' id='word_1_664' title='bbox 785 5722 977 5791; x_wconf 80' lang='grc' dir='ltr'>χρόνος</span> <span class='ocrx_word' id='word_1_665' title='bbox 1006 5722 1195 5787; x_wconf 85' lang='grc' dir='ltr'>πολύς·</span> <span class='ocrx_word' id='word_1_666' title='bbox 1233 5726 1561 5798; x_wconf 86' lang='grc' dir='ltr'>τετρακόσια</span> <span class='ocrx_word' id='word_1_667' title='bbox 1610 5726 1721 5799; x_wconf 81' lang='grc' dir='ltr'>γὰρ</span> <span class='ocrx_word' id='word_1_668' title='bbox 1755 5729 2093 5797; x_wconf 81' lang='grc' dir='ltr'>πεντήκοντα</span> 
     </span>
    </p>
   </div>
   <div class='ocr_carea' id='block_1_85' title="bbox 422 5796 2094 5885">
    <p class='ocr_par' dir='ltr' id='par_1_85' title="bbox 422 5796 2094 5885">
     <span class='ocr_line' id='line_1_88' title="bbox 422 5796 2094 5885; baseline 0.002 -16"><span class='ocrx_word' id='word_1_669' title='bbox 422 5796 542 5869; x_wconf 73' lang='grc' dir='ltr'>ετη·</span> <span class='ocrx_word' id='word_1_670' title='bbox 585 5804 694 5855; x_wconf 76' lang='grc' dir='ltr'>Καὶ</span> <span class='ocrx_word' id='word_1_671' title='bbox 714 5814 864 5873; x_wconf 80' lang='grc' dir='ltr'>μετὰ</span> <span class='ocrx_word' id='word_1_672' title='bbox 892 5809 1082 5863; x_wconf 84' lang='grc' dir='ltr'>ταῦτα</span> <span class='ocrx_word' id='word_1_673' title='bbox 1102 5812 1183 5877; x_wconf 87' lang='grc' dir='ltr'>ὡς</span> <span class='ocrx_word' id='word_1_674' title='bbox 1211 5796 1375 5870; x_wconf 74' lang='grc' dir='ltr'>ἔτεσι</span> <span class='ocrx_word' id='word_1_675' title='bbox 1397 5796 1805 5885; x_wconf 72' lang='grc' dir='ltr'>τετρακοσίοις</span> <span class='ocrx_word' id='word_1_676' title='bbox 1824 5796 1922 5870; x_wconf 69' lang='grc' dir='ltr'>καί</span> <span class='ocrx_word' id='word_1_677' title='bbox 1952 5833 2094 5872; x_wconf 84' lang='grc' dir='ltr'>πεν-</span> 
     </span>
    </p>
   </div>
   <div class='ocr_carea' id='block_1_86' title="bbox 490 5901 1272 5975">
    <p class='ocr_par' dir='ltr' id='par_1_86' title="bbox 490 5901 1272 5975">
     <span class='ocr_line' id='line_1_89' title="bbox 490 5901 1272 5975; baseline -0.001 -14"><span class='ocrx_word' id='word_1_678' title='bbox 490 5914 521 5940; x_wconf 88' lang='grc'>⁸¹</span> <span class='ocrx_word' id='word_1_679' title='bbox 554 5901 760 5966; x_wconf 75' lang='lat' dir='ltr'>Quidam</span> <span class='ocrx_word' id='word_1_680' title='bbox 789 5914 1272 5975; x_wconf 70' lang='grc' dir='ltr'>κατικληροδότησεν,</span> 
     </span>
    </p>
   </div>
   <div class='ocr_carea' id='block_1_87' title="bbox 2194 2681 3866 2753">
    <p class='ocr_par' dir='ltr' id='par_1_87' title="bbox 2194 2681 3866 2753">
     <span class='ocr_line' id='line_1_90' title="bbox 2194 2681 3866 2753; baseline 0.002 -19"><span class='ocrx_word' id='word_1_681' title='bbox 2194 2681 2454 2749; x_wconf 74' lang='grc' dir='ltr'>τήκοντα</span> <span class='ocrx_word' id='word_1_682' title='bbox 2501 2682 2722 2735; x_wconf 77' lang='grc' dir='ltr'>ἔδωκεν</span> <span class='ocrx_word' id='word_1_683' title='bbox 2766 2682 2970 2747; x_wconf 79' lang='grc' dir='ltr'>αὐτοῖς</span> <span class='ocrx_word' id='word_1_684' title='bbox 3016 2685 3220 2751; x_wconf 80' lang='grc' dir='ltr'>κριτὰς</span> <span class='ocrx_word' id='word_1_685' title='bbox 3275 2682 3386 2748; x_wconf 80' lang='grc' dir='ltr'>ἕως</span> <span class='ocrx_word' id='word_1_686' title='bbox 3424 2682 3707 2753; x_wconf 79' lang='grc' dir='ltr'>Σαμουὴλ</span> <span class='ocrx_word' id='word_1_687' title='bbox 3749 2683 3866 2738; x_wconf 85' lang='grc' dir='ltr'>τοῦ</span> 
     </span>
    </p>
   </div>
   <div class='ocr_carea' id='block_1_88' title="bbox 2190 2770 3865 2842">
    <p class='ocr_par' dir='ltr' id='par_1_88' title="bbox 2190 2770 3865 2842">
     <span class='ocr_line' id='line_1_91' title="bbox 2190 2770 3865 2842; baseline 0.001 -19"><span class='ocrx_word' id='word_1_688' title='bbox 2190 2770 2515 2838; x_wconf 74' lang='grc' dir='ltr'>προφήτου.</span> <span class='ocrx_word' id='word_1_689' title='bbox 2569 2770 2832 2823; x_wconf 81' lang='grc' dir='ltr'>Ἐνταῦθα</span> <span class='ocrx_word' id='word_1_690' title='bbox 2881 2771 2963 2823; x_wconf 84' lang='grc' dir='ltr'>ὃτι</span> <span class='ocrx_word' id='word_1_691' title='bbox 2999 2771 3271 2842; x_wconf 80' lang='grc' dir='ltr'>διαφόρως</span> <span class='ocrx_word' id='word_1_692' title='bbox 3318 2771 3585 2842; x_wconf 82' lang='grc' dir='ltr'>ᾠκονόμει</span> <span class='ocrx_word' id='word_1_693' title='bbox 3615 2770 3684 2824; x_wconf 85' lang='grc' dir='ltr'>τὰ</span> <span class='ocrx_word' id='word_1_694' title='bbox 3736 2772 3865 2825; x_wconf 83' lang='grc' dir='ltr'>κατ’</span> 
     </span>
    </p>
   </div>
   <div class='ocr_carea' id='block_1_89' title="bbox 2188 2856 3864 2926">
    <p class='ocr_par' dir='ltr' id='par_1_89' title="bbox 2188 2856 3864 2926">
     <span class='ocr_line' id='line_1_92' title="bbox 2188 2856 3864 2926; baseline 0.001 -16"><span class='ocrx_word' id='word_1_695' title='bbox 2188 2858 2385 2919; x_wconf 80' lang='grc' dir='ltr'>αὐτοὺς</span> <span class='ocrx_word' id='word_1_696' title='bbox 2429 2856 2687 2926; x_wconf 83' lang='grc' dir='ltr'>ἐδήλωσε.</span> <span class='ocrx_word' id='word_1_697' title='bbox 2727 2857 3012 2912; x_wconf 80' lang='grc' dir='ltr'>Κάκεῖθεν</span> <span class='ocrx_word' id='word_1_698' title='bbox 3040 2858 3347 2925; x_wconf 76' lang='grc' dir='ltr'>ᾐτήσαντο</span> <span class='ocrx_word' id='word_1_699' title='bbox 3403 2859 3690 2923; x_wconf 88' lang='grc' dir='ltr'>βασιλέα.</span> <span class='ocrx_word' id='word_1_700' title='bbox 3748 2859 3864 2913; x_wconf 81' lang='grc' dir='ltr'>Καὶ</span> 
     </span>
    </p>
   </div>
   <div class='ocr_carea' id='block_1_90' title="bbox 2186 2942 3863 3015">
    <p class='ocr_par' dir='ltr' id='par_1_90' title="bbox 2186 2942 3863 3015">
     <span class='ocr_line' id='line_1_93' title="bbox 2186 2942 3863 3015; baseline 0.004 -21"><span class='ocrx_word' id='word_1_701' title='bbox 2186 2943 2246 2995; x_wconf 91' lang='grc' dir='ltr'>οὐ</span> <span class='ocrx_word' id='word_1_702' title='bbox 2276 2942 2542 3014; x_wconf 84' lang='grc' dir='ltr'>λέγειτὴν</span> <span class='ocrx_word' id='word_1_703' title='bbox 2573 2942 2721 3014; x_wconf 72' lang='grc'>[226]</span> <span class='ocrx_word' id='word_1_704' title='bbox 2779 2945 3168 3015; x_wconf 87' lang='grc' dir='ltr'>ἀγνωμοσύνην</span> <span class='ocrx_word' id='word_1_705' title='bbox 3218 2946 3419 3008; x_wconf 78' lang='grc' dir='ltr'>αὐτῶν,</span> <span class='ocrx_word' id='word_1_706' title='bbox 3453 2945 3590 3002; x_wconf 84' lang='grc' dir='ltr'>ἀλλά</span> <span class='ocrx_word' id='word_1_707' title='bbox 3650 2964 3863 3000; x_wconf 87' lang='grc' dir='ltr'>παντα-</span> 
     </span>
    </p>
   </div>
   <div class='ocr_carea' id='block_1_91' title="bbox 2189 3029 3860 3101">
    <p class='ocr_par' dir='ltr' id='par_1_91' title="bbox 2189 3029 3860 3101">
     <span class='ocr_line' id='line_1_94' title="bbox 2189 3029 3860 3101; baseline 0.002 -19"><span class='ocrx_word' id='word_1_708' title='bbox 2189 3029 2284 3099; x_wconf 88' lang='grc' dir='ltr'>χοῦ</span> <span class='ocrx_word' id='word_1_709' title='bbox 2304 3031 2400 3101; x_wconf 85' lang='grc' dir='ltr'>τὴν</span> <span class='ocrx_word' id='word_1_710' title='bbox 2431 3030 2525 3082; x_wconf 87' lang='grc' dir='ltr'>τοῦ</span> <span class='ocrx_word' id='word_1_711' title='bbox 2559 3030 2694 3082; x_wconf 83' lang='grc' dir='ltr'>Θεοῦ</span> <span class='ocrx_word' id='word_1_712' title='bbox 2731 3031 3165 3101; x_wconf 84' lang='grc' dir='ltr'>φιλανθρωπίαν.</span> <span class='ocrx_word' id='word_1_713' title='bbox 3220 3033 3329 3086; x_wconf 78' lang='grc' dir='ltr'>Καὶ</span> <span class='ocrx_word' id='word_1_714' title='bbox 3381 3033 3606 3088; x_wconf 72' lang='grc' dir='ltr'>ἔδωκεν</span> <span class='ocrx_word' id='word_1_715' title='bbox 3651 3036 3860 3101; x_wconf 81' lang='grc' dir='ltr'>αὐτοῖς</span> 
     </span>
    </p>
   </div>
   <div class='ocr_carea' id='block_1_92' title="bbox 2190 3115 3859 3190">
    <p class='ocr_par' dir='ltr' id='par_1_92' title="bbox 2190 3115 3859 3190">
     <span class='ocr_line' id='line_1_95' title="bbox 2190 3115 3859 3190; baseline 0.004 -22"><span class='ocrx_word' id='word_1_716' title='bbox 2190 3115 2297 3169; x_wconf 85' lang='grc' dir='ltr'>τὸν</span> <span class='ocrx_word' id='word_1_717' title='bbox 2316 3115 2516 3169; x_wconf 87' lang='grc' dir='ltr'>Σαοὺλ</span> <span class='ocrx_word' id='word_1_718' title='bbox 2539 3117 2672 3169; x_wconf 85' lang='grc' dir='ltr'>υἱὸν</span> <span class='ocrx_word' id='word_1_719' title='bbox 2700 3117 2825 3181; x_wconf 81' lang='grc' dir='ltr'>Κὶς,</span> <span class='ocrx_word' id='word_1_720' title='bbox 2863 3118 3053 3187; x_wconf 79' lang='grc' dir='ltr'>ἄνδρα</span> <span class='ocrx_word' id='word_1_721' title='bbox 3090 3119 3157 3172; x_wconf 82' lang='grc' dir='ltr'>ἐκ</span> <span class='ocrx_word' id='word_1_722' title='bbox 3183 3119 3384 3188; x_wconf 82' lang='grc' dir='ltr'>φυλῆς</span> <span class='ocrx_word' id='word_1_723' title='bbox 3427 3122 3728 3190; x_wconf 77' lang='grc' dir='ltr'>Βενιαμὶν,</span> <span class='ocrx_word' id='word_1_724' title='bbox 3751 3122 3859 3189; x_wconf 73' lang='grc' dir='ltr'>ἐτη</span> 
     </span>
    </p>
   </div>
   <div class='ocr_carea' id='block_1_93' title="bbox 2188 3200 3865 3279">
    <p class='ocr_par' dir='ltr' id='par_1_93' title="bbox 2188 3200 3865 3279">
     <span class='ocr_line' id='line_1_96' title="bbox 2188 3200 3865 3279; baseline 0.004 -24"><span class='ocrx_word' id='word_1_725' title='bbox 2188 3200 2658 3270; x_wconf 83' lang='grc' dir='ltr'>τεσσαράκοντα·</span> <span class='ocrx_word' id='word_1_726' title='bbox 2682 3205 2781 3257; x_wconf 81' lang='grc' dir='ltr'>καὶ</span> <span class='ocrx_word' id='word_1_727' title='bbox 2802 3205 3191 3274; x_wconf 76' lang='grc' dir='ltr'>μεταστήσας</span> <span class='ocrx_word' id='word_1_728' title='bbox 3239 3207 3427 3260; x_wconf 84' lang='grc' dir='ltr'>αὑτὸν</span> <span class='ocrx_word' id='word_1_729' title='bbox 3481 3207 3719 3279; x_wconf 76' lang='grc' dir='ltr'>ἤγειρεν</span> <span class='ocrx_word' id='word_1_730' title='bbox 3757 3210 3865 3262; x_wconf 67' lang='lat' dir='ltr'>air-</span> 
     </span>
    </p>
   </div>
   <div class='ocr_carea' id='block_1_94' title="bbox 2187 3285 3864 3366">
    <p class='ocr_par' dir='ltr' id='par_1_94' title="bbox 2187 3285 3864 3366">
     <span class='ocr_line' id='line_1_97' title="bbox 2187 3285 3864 3366; baseline 0.002 -24"><span class='ocrx_word' id='word_1_731' title='bbox 2187 3289 2312 3356; x_wconf 83' lang='grc' dir='ltr'>τοῖς</span> <span class='ocrx_word' id='word_1_732' title='bbox 2342 3290 2446 3343; x_wconf 88' lang='grc' dir='ltr'>τὸν</span> <span class='ocrx_word' id='word_1_733' title='bbox 2470 3288 2653 3344; x_wconf 88' lang='grc' dir='ltr'>Δαυίδ</span> <span class='ocrx_word' id='word_1_734' title='bbox 2690 3294 2778 3357; x_wconf 79' lang='grc' dir='ltr'>είς</span> <span class='ocrx_word' id='word_1_735' title='bbox 2822 3291 3105 3356; x_wconf 80' lang='grc' dir='ltr'>βασιλέα·</span> <span class='ocrx_word' id='word_1_736' title='bbox 3159 3285 3208 3359; x_wconf 84' lang='grc' dir='ltr'><strong><em>ᾧ</em></strong></span> <span class='ocrx_word' id='word_1_737' title='bbox 3244 3295 3341 3347; x_wconf 79' lang='grc' dir='ltr'>καὶ</span> <span class='ocrx_word' id='word_1_738' title='bbox 3380 3291 3511 3349; x_wconf 78' lang='grc' dir='ltr'>εἶπε</span> <span class='ocrx_word' id='word_1_739' title='bbox 3556 3296 3864 3366; x_wconf 69' lang='grc' dir='ltr'>μαρτιφήο</span> 
     </span>
    </p>
   </div>
   <div class='ocr_carea' id='block_1_95' title="bbox 2189 3372 3866 3451">
    <p class='ocr_par' dir='ltr' id='par_1_95' title="bbox 2189 3372 3866 3451">
     <span class='ocr_line' id='line_1_98' title="bbox 2189 3372 3866 3451; baseline 0.003 -20"><span class='ocrx_word' id='word_1_740' title='bbox 2189 3393 2320 3440; x_wconf 86' lang='grc' dir='ltr'>σας·</span> <span class='ocrx_word' id='word_1_741' title='bbox 2352 3372 2548 3446; x_wconf 84' lang='grc' dir='ltr'>Εὗρον</span> <span class='ocrx_word' id='word_1_742' title='bbox 2574 3378 2759 3431; x_wconf 80' lang='grc' dir='ltr'>Δαυίδ</span> <span class='ocrx_word' id='word_1_743' title='bbox 2781 3379 2889 3432; x_wconf 86' lang='grc' dir='ltr'>τὸν</span> <span class='ocrx_word' id='word_1_744' title='bbox 2926 3380 3032 3434; x_wconf 85' lang='grc' dir='ltr'>τοῦ</span> <span class='ocrx_word' id='word_1_745' title='bbox 3080 3380 3324 3447; x_wconf 83' lang='grc' dir='ltr'>Ἰεσσαὶ,</span> <span class='ocrx_word' id='word_1_746' title='bbox 3361 3381 3554 3451; x_wconf 82' lang='grc' dir='ltr'>ἄνδρα</span> <span class='ocrx_word' id='word_1_747' title='bbox 3574 3382 3720 3436; x_wconf 81' lang='grc' dir='ltr'>κατὰ</span> <span class='ocrx_word' id='word_1_748' title='bbox 3742 3382 3866 3449; x_wconf 81' lang='grc' dir='ltr'>τὴν</span> 
     </span>
    </p>
   </div>
   <div class='ocr_carea' id='block_1_96' title="bbox 2190 3452 3862 3539">
    <p class='ocr_par' dir='ltr' id='par_1_96' title="bbox 2190 3452 3862 3539">
     <span class='ocr_line' id='line_1_99' title="bbox 2190 3452 3862 3539; baseline 0.004 -21"><span class='ocrx_word' id='word_1_749' title='bbox 2190 3466 2438 3533; x_wconf 81' lang='grc' dir='ltr'>καρδίαν</span> <span class='ocrx_word' id='word_1_750' title='bbox 2450 3483 2589 3534; x_wconf 87' lang='grc' dir='ltr'>μου,</span> <span class='ocrx_word' id='word_1_751' title='bbox 2637 3466 2705 3533; x_wconf 86' lang='grc' dir='ltr'>ὃς</span> <span class='ocrx_word' id='word_1_752' title='bbox 2755 3467 2993 3536; x_wconf 78' lang='grc' dir='ltr'>ποιήσει</span> <span class='ocrx_word' id='word_1_753' title='bbox 3033 3468 3230 3521; x_wconf 80' lang='grc' dir='ltr'>πάντα</span> <span class='ocrx_word' id='word_1_754' title='bbox 3279 3469 3350 3523; x_wconf 87' lang='grc' dir='ltr'>τὰ</span> <span class='ocrx_word' id='word_1_755' title='bbox 3386 3452 3689 3539; x_wconf 72' lang='grc' dir='ltr'>θελήματά</span> <span class='ocrx_word' id='word_1_756' title='bbox 3712 3487 3862 3538; x_wconf 84' lang='grc' dir='ltr'>μου.</span> 
     </span>
    </p>
   </div>
   <div class='ocr_carea' id='block_1_97' title="bbox 2190 3551 3866 3629">
    <p class='ocr_par' dir='ltr' id='par_1_97' title="bbox 2190 3551 3866 3629">
     <span class='ocr_line' id='line_1_100' title="bbox 2190 3551 3866 3629; baseline 0.003 -23"><span class='ocrx_word' id='word_1_757' title='bbox 2190 3553 2266 3606; x_wconf 89' lang='grc' dir='ltr'>Οὐ</span> <span class='ocrx_word' id='word_1_758' title='bbox 2297 3553 2492 3624; x_wconf 80' lang='grc' dir='ltr'>μικρὸν</span> <span class='ocrx_word' id='word_1_759' title='bbox 2513 3553 2673 3608; x_wconf 89' lang='grc' dir='ltr'>τοῦτο</span> <span class='ocrx_word' id='word_1_760' title='bbox 2697 3553 2759 3608; x_wconf 85' lang='grc' dir='ltr'>τὸ</span> <span class='ocrx_word' id='word_1_761' title='bbox 2784 3555 2892 3608; x_wconf 87' lang='grc' dir='ltr'>ἀπὸ</span> <span class='ocrx_word' id='word_1_762' title='bbox 2925 3556 3087 3609; x_wconf 82' lang='grc' dir='ltr'>Δαυίδ</span> <span class='ocrx_word' id='word_1_763' title='bbox 3126 3551 3267 3609; x_wconf 79' lang='grc' dir='ltr'>εἶναι</span> <span class='ocrx_word' id='word_1_764' title='bbox 3319 3556 3414 3609; x_wconf 73' lang='grc' dir='ltr'>τὸν</span> <span class='ocrx_word' id='word_1_765' title='bbox 3442 3558 3700 3629; x_wconf 84' lang='grc' dir='ltr'>Χριστόν.</span> <span class='ocrx_word' id='word_1_766' title='bbox 3725 3554 3866 3611; x_wconf 73' lang='grc' dir='ltr'>Εἶτα</span> 
     </span>
    </p>
   </div>
   <div class='ocr_carea' id='block_1_98' title="bbox 2190 3634 3866 3714">
    <p class='ocr_par' dir='ltr' id='par_1_98' title="bbox 2190 3634 3866 3714">
     <span class='ocr_line' id='line_1_101' title="bbox 2190 3634 3866 3714; baseline 0.004 -21"><span class='ocrx_word' id='word_1_767' title='bbox 2190 3641 2283 3693; x_wconf 73' lang='grc' dir='ltr'>καὶ</span> <span class='ocrx_word' id='word_1_768' title='bbox 2326 3640 2578 3713; x_wconf 83' lang='grc' dir='ltr'>Ἰωάννην</span> <span class='ocrx_word' id='word_1_769' title='bbox 2616 3642 2827 3711; x_wconf 88' lang='grc' dir='ltr'>εἰσάγει</span> <span class='ocrx_word' id='word_1_770' title='bbox 2879 3634 3287 3714; x_wconf 83' lang='grc' dir='ltr'>μαρτυροῦντα,</span> <span class='ocrx_word' id='word_1_771' title='bbox 3339 3644 3535 3713; x_wconf 85' lang='grc' dir='ltr'>λέγων·</span> <span class='ocrx_word' id='word_1_772' title='bbox 3579 3646 3798 3699; x_wconf 80' lang='grc' dir='ltr'>Τούτου</span> <span class='ocrx_word' id='word_1_773' title='bbox 3830 3647 3866 3699; x_wconf 90' lang='grc' dir='ltr'>ό</span> 
     </span>
    </p>
   </div>
   <div class='ocr_carea' id='block_1_99' title="bbox 2193 3728 3869 3801">
    <p class='ocr_par' dir='ltr' id='par_1_99' title="bbox 2193 3728 3869 3801">
     <span class='ocr_line' id='line_1_102' title="bbox 2193 3728 3869 3801; baseline 0.002 -20"><span class='ocrx_word' id='word_1_774' title='bbox 2193 3728 2336 3792; x_wconf 86' lang='grc' dir='ltr'>Θεὸς</span> <span class='ocrx_word' id='word_1_775' title='bbox 2364 3728 2484 3782; x_wconf 71' lang='grc' dir='ltr'>ἀπὸ</span> <span class='ocrx_word' id='word_1_776' title='bbox 2547 3729 2655 3784; x_wconf 88' lang='grc' dir='ltr'>τοῦ</span> <span class='ocrx_word' id='word_1_777' title='bbox 2691 3730 3034 3799; x_wconf 89' lang='grc' dir='ltr'>σπέρματος</span> <span class='ocrx_word' id='word_1_778' title='bbox 3082 3733 3209 3784; x_wconf 77' lang='grc' dir='ltr'>κατ’</span> <span class='ocrx_word' id='word_1_779' title='bbox 3241 3732 3608 3801; x_wconf 74' lang='grc' dir='ltr'>ἐπαγγελίαν</span> <span class='ocrx_word' id='word_1_780' title='bbox 3662 3731 3869 3801; x_wconf 53' lang='lat' dir='ltr'>ﬁrmis</span> 
     </span>
    </p>
   </div>
   <div class='ocr_carea' id='block_1_100' title="bbox 2188 3813 3864 3888">
    <p class='ocr_par' dir='ltr' id='par_1_100' title="bbox 2188 3813 3864 3888">
     <span class='ocr_line' id='line_1_103' title="bbox 2188 3813 3864 3888; baseline 0.003 -21"><span class='ocrx_word' id='word_1_781' title='bbox 2188 3813 2268 3880; x_wconf 87' lang='grc' dir='ltr'>τῷ</span> <span class='ocrx_word' id='word_1_782' title='bbox 2293 3814 2526 3883; x_wconf 84' lang='grc' dir='ltr'>Ἰσραὴλ</span> <span class='ocrx_word' id='word_1_783' title='bbox 2544 3815 2783 3886; x_wconf 79' lang='grc' dir='ltr'>Σωτῆρα</span> <span class='ocrx_word' id='word_1_784' title='bbox 2806 3814 3128 3888; x_wconf 81' lang='grc' dir='ltr'>[Ἶησοῦν],</span> <span class='ocrx_word' id='word_1_785' title='bbox 3143 3816 3635 3886; x_wconf 78' lang='grc' dir='ltr'>προκηρύξαντος</span> <span class='ocrx_word' id='word_1_786' title='bbox 3665 3818 3864 3872; x_wconf 79' lang='grc' dir='ltr'>Ἰωάν-</span> 
     </span>
    </p>
   </div>
   <div class='ocr_carea' id='block_1_101' title="bbox 2189 3902 3868 3975">
    <p class='ocr_par' dir='ltr' id='par_1_101' title="bbox 2189 3902 3868 3975">
     <span class='ocr_line' id='line_1_104' title="bbox 2189 3902 3868 3975; baseline 0.004 -21"><span class='ocrx_word' id='word_1_787' title='bbox 2189 3918 2302 3955; x_wconf 89' lang='grc' dir='ltr'>νου</span> <span class='ocrx_word' id='word_1_788' title='bbox 2335 3902 2446 3969; x_wconf 86' lang='grc' dir='ltr'>πρὸ</span> <span class='ocrx_word' id='word_1_789' title='bbox 2505 3906 2830 3972; x_wconf 83' lang='grc' dir='ltr'>προσώπου</span> <span class='ocrx_word' id='word_1_790' title='bbox 2863 3903 2973 3972; x_wconf 82' lang='grc' dir='ltr'>τῆς</span> <span class='ocrx_word' id='word_1_791' title='bbox 3023 3905 3267 3959; x_wconf 82' lang='grc' dir='ltr'>εἰσόδου</span> <span class='ocrx_word' id='word_1_792' title='bbox 3317 3904 3505 3959; x_wconf 86' lang='grc' dir='ltr'>αὑτοῦ</span> <span class='ocrx_word' id='word_1_793' title='bbox 3542 3904 3868 3975; x_wconf 76' lang='grc' dir='ltr'>βάπτισμα</span> 
     </span>
    </p>
   </div>
   <div class='ocr_carea' id='block_1_102' title="bbox 2188 3987 3867 4061">
    <p class='ocr_par' dir='ltr' id='par_1_102' title="bbox 2188 3987 3867 4061">
     <span class='ocr_line' id='line_1_105' title="bbox 2188 3987 3867 4061; baseline 0.004 -20"><span class='ocrx_word' id='word_1_794' title='bbox 2188 3989 2507 4058; x_wconf 80' lang='grc' dir='ltr'>μετανοίας</span> <span class='ocrx_word' id='word_1_795' title='bbox 2535 3989 2715 4043; x_wconf 87' lang='grc' dir='ltr'>παντί</span> <span class='ocrx_word' id='word_1_796' title='bbox 2741 3989 2821 4056; x_wconf 83' lang='grc' dir='ltr'>τῷ</span> <span class='ocrx_word' id='word_1_797' title='bbox 2852 3987 2981 4057; x_wconf 80' lang='grc' dir='ltr'>λαῷ</span> <span class='ocrx_word' id='word_1_798' title='bbox 3037 3990 3303 4059; x_wconf 84' lang='grc' dir='ltr'>Ἰσραήλ.</span> <span class='ocrx_word' id='word_1_799' title='bbox 3347 3992 3445 4059; x_wconf 82' lang='grc' dir='ltr'>Ὠς</span> <span class='ocrx_word' id='word_1_800' title='bbox 3473 3991 3543 4046; x_wconf 79' lang='grc' dir='ltr'>δὲ</span> <span class='ocrx_word' id='word_1_801' title='bbox 3593 3992 3867 4061; x_wconf 77' lang='grc' dir='ltr'>ἐπλήρου</span> 
     </span>
    </p>
   </div>
   <div class='ocr_carea' id='block_1_103' title="bbox 2195 4075 3868 4149">
    <p class='ocr_par' dir='ltr' id='par_1_103' title="bbox 2195 4075 3868 4149">
     <span class='ocr_line' id='line_1_106' title="bbox 2195 4075 3868 4149; baseline 0.003 -19"><span class='ocrx_word' id='word_1_802' title='bbox 2195 4079 2228 4130; x_wconf 89' lang='grc' dir='ltr'>ό</span> <span class='ocrx_word' id='word_1_803' title='bbox 2269 4075 2543 4143; x_wconf 75' lang='grc' dir='ltr'>Ἰωάννης</span> <span class='ocrx_word' id='word_1_804' title='bbox 2596 4077 2704 4131; x_wconf 89' lang='grc' dir='ltr'>τὸν</span> <span class='ocrx_word' id='word_1_805' title='bbox 2740 4077 2980 4148; x_wconf 81' lang='grc' dir='ltr'>δρόμον,</span> <span class='ocrx_word' id='word_1_806' title='bbox 3030 4080 3222 4148; x_wconf 70' lang='grc' dir='ltr'>ἔλεγε·</span> <span class='ocrx_word' id='word_1_807' title='bbox 3287 4082 3425 4135; x_wconf 85' lang='grc' dir='ltr'>Τίνα</span> <span class='ocrx_word' id='word_1_808' title='bbox 3447 4097 3525 4149; x_wconf 86' lang='grc' dir='ltr'>με</span> <span class='ocrx_word' id='word_1_809' title='bbox 3552 4083 3868 4136; x_wconf 73' lang='grc' dir='ltr'>ὑπονοεῖτε</span> 
     </span>
    </p>
   </div>
   <div class='ocr_carea' id='block_1_104' title="bbox 2191 4157 3864 4237">
    <p class='ocr_par' dir='ltr' id='par_1_104' title="bbox 2191 4157 3864 4237">
     <span class='ocr_line' id='line_1_107' title="bbox 2191 4157 3864 4237; baseline 0.002 -22"><span class='ocrx_word' id='word_1_810' title='bbox 2191 4157 2379 4224; x_wconf 61' lang='lat' dir='ltr'><strong><em>sirm;</em></strong></span> <span class='ocrx_word' id='word_1_811' title='bbox 2433 4164 2546 4217; x_wconf 80' lang='grc' dir='ltr'>οὐκ</span> <span class='ocrx_word' id='word_1_812' title='bbox 2578 4162 2697 4233; x_wconf 73' lang='grc' dir='ltr'>εἰμί</span> <span class='ocrx_word' id='word_1_813' title='bbox 2739 4165 2872 4235; x_wconf 75' lang='grc' dir='ltr'>ἐγώ·</span> <span class='ocrx_word' id='word_1_814' title='bbox 2910 4166 3070 4220; x_wconf 41' lang='grc' dir='ltr'>,ἀλλ’</span> <span class='ocrx_word' id='word_1_815' title='bbox 3120 4165 3251 4220; x_wconf 82' lang='grc' dir='ltr'>ίδοὺ</span> <span class='ocrx_word' id='word_1_816' title='bbox 3298 4168 3531 4236; x_wconf 76' lang='grc' dir='ltr'>ἔρχεται</span> <span class='ocrx_word' id='word_1_817' title='bbox 3556 4170 3685 4237; x_wconf 84' lang='grc' dir='ltr'>μετ’</span> <span class='ocrx_word' id='word_1_818' title='bbox 3731 4168 3864 4236; x_wconf 67' lang='grc' dir='ltr'>ἐμὲ,</span> 
     </span>
    </p>
   </div>
   <div class='ocr_carea' id='block_1_105' title="bbox 2191 4245 3862 4324">
    <p class='ocr_par' dir='ltr' id='par_1_105' title="bbox 2191 4245 3862 4324">
     <span class='ocr_line' id='line_1_108' title="bbox 2191 4245 3862 4324; baseline 0.003 -18"><span class='ocrx_word' id='word_1_819' title='bbox 2191 4245 2263 4306; x_wconf 82' lang='grc' dir='ltr'>οὗ</span> <span class='ocrx_word' id='word_1_820' title='bbox 2287 4252 2399 4304; x_wconf 80' lang='grc' dir='ltr'>οὐκ</span> <span class='ocrx_word' id='word_1_821' title='bbox 2427 4250 2545 4320; x_wconf 76' lang='grc' dir='ltr'>εἰμί</span> <span class='ocrx_word' id='word_1_822' title='bbox 2575 4251 2783 4319; x_wconf 72' lang='grc' dir='ltr'>ἱκανὸς</span> <span class='ocrx_word' id='word_1_823' title='bbox 2813 4253 2876 4307; x_wconf 89' lang='grc' dir='ltr'>τὸ</span> <span class='ocrx_word' id='word_1_824' title='bbox 2912 4253 3196 4324; x_wconf 81' lang='grc' dir='ltr'>ὑπόδημα</span> <span class='ocrx_word' id='word_1_825' title='bbox 3232 4254 3352 4308; x_wconf 84' lang='grc' dir='ltr'>τῶν</span> <span class='ocrx_word' id='word_1_826' title='bbox 3400 4254 3603 4309; x_wconf 81' lang='grc' dir='ltr'>ποδῶν</span> <span class='ocrx_word' id='word_1_827' title='bbox 3649 4255 3862 4311; x_wconf 81' lang='grc' dir='ltr'>λῦσαι.</span> 
     </span>
    </p>
   </div>
   <div class='ocr_carea' id='block_1_106' title="bbox 2192 4338 3865 4413">
    <p class='ocr_par' dir='ltr' id='par_1_106' title="bbox 2192 4338 3865 4413">
     <span class='ocr_line' id='line_1_109' title="bbox 2192 4338 3865 4413; baseline 0.004 -23"><span class='ocrx_word' id='word_1_828' title='bbox 2192 4338 2301 4391; x_wconf 76' lang='grc' dir='ltr'>Καὶ</span> <span class='ocrx_word' id='word_1_829' title='bbox 2344 4338 2601 4410; x_wconf 86' lang='grc' dir='ltr'>Ἰωάννης</span> <span class='ocrx_word' id='word_1_830' title='bbox 2629 4340 2689 4393; x_wconf 80' lang='grc' dir='ltr'>δὲ</span> <span class='ocrx_word' id='word_1_831' title='bbox 2717 4343 2991 4413; x_wconf 84' lang='grc' dir='ltr'>μαρτυρεῖ</span> <span class='ocrx_word' id='word_1_832' title='bbox 3025 4340 3124 4413; x_wconf 86' lang='grc' dir='ltr'>οὐχ</span> <span class='ocrx_word' id='word_1_833' title='bbox 3156 4341 3364 4406; x_wconf 81' lang='grc' dir='ltr'>ἁπλῶς,</span> <span class='ocrx_word' id='word_1_834' title='bbox 3410 4341 3548 4396; x_wconf 87' lang='grc' dir='ltr'>ἀλλά</span> <span class='ocrx_word' id='word_1_835' title='bbox 3574 4341 3673 4413; x_wconf 81' lang='grc' dir='ltr'>τὴν</span> <span class='ocrx_word' id='word_1_836' title='bbox 3702 4341 3865 4407; x_wconf 81' lang='grc' dir='ltr'>δόξαν</span> 
     </span>
    </p>
   </div>
   <div class='ocr_carea' id='block_1_107' title="bbox 2191 4424 3868 4499">
    <p class='ocr_par' dir='ltr' id='par_1_107' title="bbox 2191 4424 3868 4499">
     <span class='ocr_line' id='line_1_110' title="bbox 2191 4424 3868 4499; baseline 0.004 -22"><span class='ocrx_word' id='word_1_837' title='bbox 2191 4424 2250 4491; x_wconf 80' lang='grc' dir='ltr'>ἐξ</span> <span class='ocrx_word' id='word_1_838' title='bbox 2312 4425 2507 4479; x_wconf 86' lang='grc' dir='ltr'>ἐαυτοῦ</span> <span class='ocrx_word' id='word_1_839' title='bbox 2554 4427 3017 4499; x_wconf 86' lang='grc' dir='ltr'>ἀποκρουόμενος,</span> <span class='ocrx_word' id='word_1_840' title='bbox 3068 4428 3248 4483; x_wconf 88' lang='grc' dir='ltr'>καίτοι</span> <span class='ocrx_word' id='word_1_841' title='bbox 3293 4429 3512 4483; x_wconf 83' lang='grc' dir='ltr'>πάντων</span> <span class='ocrx_word' id='word_1_842' title='bbox 3563 4430 3650 4482; x_wconf 79' lang='grc' dir='ltr'>ἐπ’</span> <span class='ocrx_word' id='word_1_843' title='bbox 3697 4431 3868 4484; x_wconf 82' lang='grc' dir='ltr'>αὐτὸν</span> 
     </span>
    </p>
   </div>
   <div class='ocr_carea' id='block_1_108' title="bbox 2190 4511 3867 4589">
    <p class='ocr_par' dir='ltr' id='par_1_108' title="bbox 2190 4511 3867 4589">
     <span class='ocr_line' id='line_1_111' title="bbox 2190 4511 3867 4589; baseline 0.004 -24"><span class='ocrx_word' id='word_1_844' title='bbox 2190 4511 2397 4584; x_wconf 88' lang='grc' dir='ltr'>ταύτην</span> <span class='ocrx_word' id='word_1_845' title='bbox 2456 4514 2721 4583; x_wconf 84' lang='grc' dir='ltr'>ἀγόντων.</span> <span class='ocrx_word' id='word_1_846' title='bbox 2785 4517 2903 4569; x_wconf 84' lang='grc' dir='ltr'>Οὐκ</span> <span class='ocrx_word' id='word_1_847' title='bbox 2942 4515 3059 4569; x_wconf 76' lang='grc' dir='ltr'>ἐστι</span> <span class='ocrx_word' id='word_1_848' title='bbox 3088 4515 3146 4569; x_wconf 77' lang='grc' dir='ltr'>δέ</span> <span class='ocrx_word' id='word_1_849' title='bbox 3203 4515 3316 4570; x_wconf 86' lang='grc' dir='ltr'>ῐσον</span> <span class='ocrx_word' id='word_1_850' title='bbox 3363 4515 3588 4589; x_wconf 78' lang='grc' dir='ltr'>μηδενὸς</span> <span class='ocrx_word' id='word_1_851' title='bbox 3626 4516 3867 4583; x_wconf 87' lang='grc' dir='ltr'>διδόντος</span> 
     </span>
    </p>
   </div>
   <div class='ocr_carea' id='block_1_109' title="bbox 2191 4598 3864 4674">
    <p class='ocr_par' dir='ltr' id='par_1_109' title="bbox 2191 4598 3864 4674">
     <span class='ocr_line' id='line_1_112' title="bbox 2191 4598 3864 4674; baseline 0.003 -22"><span class='ocrx_word' id='word_1_852' title='bbox 2191 4600 2285 4652; x_wconf 76' lang='grc' dir='ltr'>καὶ</span> <span class='ocrx_word' id='word_1_853' title='bbox 2302 4598 2515 4653; x_wconf 84' lang='grc' dir='ltr'>πολλῶν</span> <span class='ocrx_word' id='word_1_854' title='bbox 2557 4602 2910 4672; x_wconf 87' lang='grc' dir='ltr'>παρεχόντων</span> <span class='ocrx_word' id='word_1_855' title='bbox 2941 4602 3147 4674; x_wconf 85' lang='grc' dir='ltr'>ταύτην</span> <span class='ocrx_word' id='word_1_856' title='bbox 3176 4603 3277 4674; x_wconf 76' lang='grc' dir='ltr'>τὴν</span> <span class='ocrx_word' id='word_1_857' title='bbox 3303 4603 3470 4674; x_wconf 77' lang='grc' dir='ltr'>τιμὴν</span> <span class='ocrx_word' id='word_1_858' title='bbox 3526 4604 3864 4670; x_wconf 73' lang='grc' dir='ltr'>διωθεῖσθαι,</span> 
     </span>
    </p>
   </div>
   <div class='ocr_carea' id='block_1_110' title="bbox 2191 4687 3861 4763">
    <p class='ocr_par' dir='ltr' id='par_1_110' title="bbox 2191 4687 3861 4763">
     <span class='ocr_line' id='line_1_113' title="bbox 2191 4687 3861 4763; baseline 0.004 -22"><span class='ocrx_word' id='word_1_859' title='bbox 2191 4687 2288 4741; x_wconf 79' lang='grc' dir='ltr'>καὶ</span> <span class='ocrx_word' id='word_1_860' title='bbox 2347 4688 2483 4759; x_wconf 82' lang='grc' dir='ltr'>μηδέ</span> <span class='ocrx_word' id='word_1_861' title='bbox 2541 4688 2755 4752; x_wconf 82' lang='grc' dir='ltr'>ἁπλῶς,</span> <span class='ocrx_word' id='word_1_862' title='bbox 2815 4689 2955 4743; x_wconf 82' lang='grc' dir='ltr'>ἀλλὰ</span> <span class='ocrx_word' id='word_1_863' title='bbox 3013 4690 3153 4760; x_wconf 86' lang='grc' dir='ltr'>μετά</span> <span class='ocrx_word' id='word_1_864' title='bbox 3203 4691 3475 4763; x_wconf 88' lang='grc' dir='ltr'>τοσαύτης</span> <span class='ocrx_word' id='word_1_865' title='bbox 3535 4691 3861 4760; x_wconf 77' lang='grc' dir='ltr'>ὑποστολῆς.</span> 
     </span>
    </p>
   </div>
   <div class='ocr_carea' id='block_1_111' title="bbox 2196 4774 3868 4849">
    <p class='ocr_par' dir='ltr' id='par_1_111' title="bbox 2196 4774 3868 4849">
     <span class='ocr_line' id='line_1_114' title="bbox 2196 4774 3868 4849; baseline 0.002 -20"><span class='ocrx_word' id='word_1_866' title='bbox 2196 4774 2436 4844; x_wconf 69' lang='grc' dir='ltr'>ΙἌνδρες</span> <span class='ocrx_word' id='word_1_867' title='bbox 2460 4776 2736 4845; x_wconf 76' lang='grc' dir='ltr'>ἀδελφοὶ,</span> <span class='ocrx_word' id='word_1_868' title='bbox 2771 4777 2891 4832; x_wconf 76' lang='grc' dir='ltr'>υἱοί</span> <span class='ocrx_word' id='word_1_869' title='bbox 2941 4776 3160 4847; x_wconf 75' lang='grc' dir='ltr'>γένους</span> <span class='ocrx_word' id='word_1_870' title='bbox 3209 4778 3484 4849; x_wconf 83' lang='grc' dir='ltr'>Ἀϐραὰμ,</span> <span class='ocrx_word' id='word_1_871' title='bbox 3533 4780 3634 4834; x_wconf 77' lang='grc' dir='ltr'>καί</span> <span class='ocrx_word' id='word_1_872' title='bbox 3679 4782 3734 4833; x_wconf 79' lang='lat' dir='ltr'><strong><em>al</em></strong></span> <span class='ocrx_word' id='word_1_873' title='bbox 3788 4779 3868 4832; x_wconf 77' lang='grc' dir='ltr'>ἐν</span> 
     </span>
    </p>
   </div>
   <div class='ocr_carea' id='block_1_112' title="bbox 2190 4861 3868 4936">
    <p class='ocr_par' dir='ltr' id='par_1_112' title="bbox 2190 4861 3868 4936">
     <span class='ocr_line' id='line_1_115' title="bbox 2190 4861 3868 4936; baseline 0.002 -20"><span class='ocrx_word' id='word_1_874' title='bbox 2190 4861 2333 4931; x_wconf 82' lang='grc' dir='ltr'>ὑμῖν</span> <span class='ocrx_word' id='word_1_875' title='bbox 2365 4864 2723 4932; x_wconf 83' lang='grc' dir='ltr'>φοϐούμενοι</span> <span class='ocrx_word' id='word_1_876' title='bbox 2753 4864 2861 4918; x_wconf 88' lang='grc' dir='ltr'>τὸν</span> <span class='ocrx_word' id='word_1_877' title='bbox 2908 4864 3075 4931; x_wconf 87' lang='grc' dir='ltr'>Θεὸν,</span> <span class='ocrx_word' id='word_1_878' title='bbox 3106 4865 3249 4935; x_wconf 85' lang='grc' dir='ltr'>ὑμῖν</span> <span class='ocrx_word' id='word_1_879' title='bbox 3272 4869 3305 4920; x_wconf 85' lang='grc' dir='ltr'>ό</span> <span class='ocrx_word' id='word_1_880' title='bbox 3326 4867 3510 4936; x_wconf 71' lang='grc' dir='ltr'>λόγος</span> <span class='ocrx_word' id='word_1_881' title='bbox 3537 4866 3649 4936; x_wconf 84' lang='grc' dir='ltr'>τῆς</span> <span class='ocrx_word' id='word_1_882' title='bbox 3668 4882 3868 4934; x_wconf 84' lang='grc' dir='ltr'>σωτη-</span> 
     </span>
    </p>
   </div>
   <div class='ocr_carea' id='block_1_113' title="bbox 2182 4951 3868 5023">
    <p class='ocr_par' dir='ltr' id='par_1_113' title="bbox 2182 4951 3868 5023">
     <span class='ocr_line' id='line_1_116' title="bbox 2182 4951 3868 5023; baseline 0.001 -18"><span class='ocrx_word' id='word_1_883' title='bbox 2182 4952 2324 5020; x_wconf 86' lang='grc' dir='ltr'>ρίας</span> <span class='ocrx_word' id='word_1_884' title='bbox 2358 4951 2578 5019; x_wconf 82' lang='grc' dir='ltr'>ταύτης</span> <span class='ocrx_word' id='word_1_885' title='bbox 2600 4951 3005 5018; x_wconf 81' lang='grc' dir='ltr'>ἐξαπεστάλη.</span> <span class='ocrx_word' id='word_1_886' title='bbox 3044 4955 3108 5007; x_wconf 85' lang='grc' dir='ltr'>οι</span> <span class='ocrx_word' id='word_1_887' title='bbox 3133 4952 3243 5023; x_wconf 61' lang='grc' dir='ltr'>γὰρ</span> <span class='ocrx_word' id='word_1_888' title='bbox 3288 4952 3711 5020; x_wconf 82' lang='grc' dir='ltr'>κατοικοῦντες</span> <span class='ocrx_word' id='word_1_889' title='bbox 3764 4951 3868 5006; x_wconf 87' lang='grc' dir='ltr'>Ἰε-</span> 
     </span>
    </p>
   </div>
   <div class='ocr_carea' id='block_1_114' title="bbox 2181 5034 3868 5110">
    <p class='ocr_par' dir='ltr' id='par_1_114' title="bbox 2181 5034 3868 5110">
     <span class='ocr_line' id='line_1_117' title="bbox 2181 5034 3868 5110; baseline 0.001 -21"><span class='ocrx_word' id='word_1_890' title='bbox 2181 5034 2531 5105; x_wconf 80' lang='grc' dir='ltr'>ρουσαλὴμ,</span> <span class='ocrx_word' id='word_1_891' title='bbox 2579 5038 2677 5091; x_wconf 80' lang='grc' dir='ltr'>καί</span> <span class='ocrx_word' id='word_1_892' title='bbox 2722 5041 2777 5091; x_wconf 74' lang='grc' dir='ltr'>οἱ</span> <span class='ocrx_word' id='word_1_893' title='bbox 2827 5037 3117 5108; x_wconf 80' lang='grc' dir='ltr'>ἄρχοντες</span> <span class='ocrx_word' id='word_1_894' title='bbox 3166 5037 3364 5093; x_wconf 84' lang='grc' dir='ltr'>αὐτῶν</span> <span class='ocrx_word' id='word_1_895' title='bbox 3410 5040 3627 5095; x_wconf 88' lang='grc' dir='ltr'>τοῦτον</span> <span class='ocrx_word' id='word_1_896' title='bbox 3651 5038 3868 5110; x_wconf 78' lang='grc' dir='ltr'>ἀγνοή-</span> 
     </span>
    </p>
   </div>
   <div class='ocr_carea' id='block_1_115' title="bbox 2191 5128 3869 5201">
    <p class='ocr_par' dir='ltr' id='par_1_115' title="bbox 2191 5128 3869 5201">
     <span class='ocr_line' id='line_1_118' title="bbox 2191 5128 3869 5201; baseline 0.001 -21"><span class='ocrx_word' id='word_1_897' title='bbox 2191 5142 2435 5194; x_wconf 87' lang='grc' dir='ltr'>σαντες,</span> <span class='ocrx_word' id='word_1_898' title='bbox 2458 5128 2557 5182; x_wconf 80' lang='grc' dir='ltr'>καί</span> <span class='ocrx_word' id='word_1_899' title='bbox 2581 5129 2689 5195; x_wconf 84' lang='grc' dir='ltr'>τὰς</span> <span class='ocrx_word' id='word_1_900' title='bbox 2721 5130 2921 5199; x_wconf 82' lang='grc' dir='ltr'>φωνὰς</span> <span class='ocrx_word' id='word_1_901' title='bbox 2947 5128 3067 5184; x_wconf 87' lang='grc' dir='ltr'>τῶν</span> <span class='ocrx_word' id='word_1_902' title='bbox 3095 5129 3417 5201; x_wconf 84' lang='grc' dir='ltr'>προφητῶν</span> <span class='ocrx_word' id='word_1_903' title='bbox 3448 5130 3556 5197; x_wconf 86' lang='grc' dir='ltr'>τὰς</span> <span class='ocrx_word' id='word_1_904' title='bbox 3577 5129 3724 5184; x_wconf 85' lang='grc' dir='ltr'>κατὰ</span> <span class='ocrx_word' id='word_1_905' title='bbox 3738 5128 3869 5185; x_wconf 84' lang='grc' dir='ltr'>πᾶν</span> 
     </span>
    </p>
   </div>
   <div class='ocr_carea' id='block_1_116' title="bbox 2191 5213 3865 5286">
    <p class='ocr_par' dir='ltr' id='par_1_116' title="bbox 2191 5213 3865 5286">
     <span class='ocr_line' id='line_1_119' title="bbox 2191 5213 3865 5286; baseline 0.002 -18"><span class='ocrx_word' id='word_1_906' title='bbox 2191 5213 2495 5269; x_wconf 85' lang='grc' dir='ltr'>σάϐϐατον</span> <span class='ocrx_word' id='word_1_907' title='bbox 2520 5216 3105 5286; x_wconf 82' lang='grc' dir='ltr'>ἀναγινωσκομένας,</span> <span class='ocrx_word' id='word_1_908' title='bbox 3138 5221 3453 5286; x_wconf 79' lang='grc' dir='ltr'>κρίναντες</span> <span class='ocrx_word' id='word_1_909' title='bbox 3476 5216 3865 5285; x_wconf 78' lang='grc' dir='ltr'>ἐπλήρωσαν·</span> 
     </span>
    </p>
   </div>
   <div class='ocr_carea' id='block_1_117' title="bbox 2192 5302 3868 5373">
    <p class='ocr_par' dir='ltr' id='par_1_117' title="bbox 2192 5302 3868 5373">
     <span class='ocr_line' id='line_1_120' title="bbox 2192 5302 3868 5373; baseline 0.002 -16"><span class='ocrx_word' id='word_1_910' title='bbox 2192 5304 2291 5357; x_wconf 83' lang='grc' dir='ltr'>καί</span> <span class='ocrx_word' id='word_1_911' title='bbox 2339 5302 2638 5373; x_wconf 74' lang='grc' dir='ltr'>μηδεμίαν</span> <span class='ocrx_word' id='word_1_912' title='bbox 2691 5306 2889 5359; x_wconf 68' lang='grc' dir='ltr'>αἰτίαν</span> <span class='ocrx_word' id='word_1_913' title='bbox 2931 5304 3193 5361; x_wconf 85' lang='grc' dir='ltr'>θανάτου</span> <span class='ocrx_word' id='word_1_914' title='bbox 3244 5306 3522 5372; x_wconf 84' lang='grc' dir='ltr'>εὑρόντες</span> <span class='ocrx_word' id='word_1_915' title='bbox 3554 5304 3868 5373; x_wconf 80' lang='grc' dir='ltr'>ᾐτήσαντο</span> 
     </span>
    </p>
   </div>
   <div class='ocr_carea' id='block_1_118' title="bbox 2197 5389 3867 5463">
    <p class='ocr_par' dir='ltr' id='par_1_118' title="bbox 2197 5389 3867 5463">
     <span class='ocr_line' id='line_1_121' title="bbox 2197 5389 3867 5463; baseline 0 -19"><span class='ocrx_word' id='word_1_916' title='bbox 2197 5389 2459 5446; x_wconf 80' lang='grc' dir='ltr'>Πιλᾶτον</span> <span class='ocrx_word' id='word_1_917' title='bbox 2485 5392 2870 5460; x_wconf 82' lang='grc' dir='ltr'>ἀναιρεθῆναι</span> <span class='ocrx_word' id='word_1_918' title='bbox 2907 5393 3113 5447; x_wconf 82' lang='grc' dir='ltr'>αὐτόν.</span> <span class='ocrx_word' id='word_1_919' title='bbox 3162 5391 3445 5463; x_wconf 90' lang='grc' dir='ltr'>Πανταχοῦ</span> <span class='ocrx_word' id='word_1_920' title='bbox 3477 5392 3636 5446; x_wconf 90' lang='grc' dir='ltr'>τοῦτο</span> <span class='ocrx_word' id='word_1_921' title='bbox 3690 5408 3867 5445; x_wconf 84' lang='grc' dir='ltr'>σπου-</span> 
     </span>
    </p>
   </div>
   <div class='ocr_carea' id='block_1_119' title="bbox 2195 5478 3867 5551">
    <p class='ocr_par' dir='ltr' id='par_1_119' title="bbox 2195 5478 3867 5551">
     <span class='ocr_line' id='line_1_122' title="bbox 2195 5478 3867 5551; baseline 0.002 -18"><span class='ocrx_word' id='word_1_922' title='bbox 2195 5479 2416 5543; x_wconf 75' lang='grc' dir='ltr'>δόξουσι</span> <span class='ocrx_word' id='word_1_923' title='bbox 2437 5478 2608 5544; x_wconf 78' lang='grc' dir='ltr'>δεῖξαι</span> <span class='ocrx_word' id='word_1_924' title='bbox 2634 5482 2832 5533; x_wconf 85' lang='grc' dir='ltr'>οἰκεῖον</span> <span class='ocrx_word' id='word_1_925' title='bbox 2869 5481 3051 5534; x_wconf 84' lang='grc' dir='ltr'>αὐτῶν</span> <span class='ocrx_word' id='word_1_926' title='bbox 3083 5479 3145 5534; x_wconf 81' lang='grc' dir='ltr'>δν</span> <span class='ocrx_word' id='word_1_927' title='bbox 3172 5480 3232 5534; x_wconf 85' lang='grc' dir='ltr'>τὸ</span> <span class='ocrx_word' id='word_1_928' title='bbox 3274 5480 3498 5548; x_wconf 81' lang='grc' dir='ltr'>ἀγαθὸν,</span> <span class='ocrx_word' id='word_1_929' title='bbox 3560 5481 3647 5534; x_wconf 82' lang='grc' dir='ltr'>ἴνα</span> <span class='ocrx_word' id='word_1_930' title='bbox 3687 5480 3763 5551; x_wconf 80' lang='grc' dir='ltr'>μὴ</span> <span class='ocrx_word' id='word_1_931' title='bbox 3783 5479 3867 5546; x_wconf 84' lang='grc' dir='ltr'>ὡς</span> 
     </span>
    </p>
   </div>
   <div class='ocr_carea' id='block_1_120' title="bbox 2192 5566 3865 5638">
    <p class='ocr_par' dir='ltr' id='par_1_120' title="bbox 2192 5566 3865 5638">
     <span class='ocr_line' id='line_1_123' title="bbox 2192 5566 3865 5638; baseline -0.001 -18"><span class='ocrx_word' id='word_1_932' title='bbox 2192 5567 2461 5638; x_wconf 83' lang='grc' dir='ltr'>ἀλλοτρίῳ</span> <span class='ocrx_word' id='word_1_933' title='bbox 2505 5567 2864 5638; x_wconf 80' lang='grc' dir='ltr'>προσέχοντες</span> <span class='ocrx_word' id='word_1_934' title='bbox 2919 5568 3215 5638; x_wconf 87' lang='grc' dir='ltr'>φεύγωσιν,</span> <span class='ocrx_word' id='word_1_935' title='bbox 3264 5566 3452 5638; x_wconf 80' lang='grc' dir='ltr'>ἐπειδὴ</span> <span class='ocrx_word' id='word_1_936' title='bbox 3506 5567 3865 5637; x_wconf 83' lang='grc' dir='ltr'>ἐσταύρωσαν</span> 
     </span>
    </p>
   </div>
   <div class='ocr_carea' id='block_1_121' title="bbox 2191 5652 3866 5728">
    <p class='ocr_par' dir='ltr' id='par_1_121' title="bbox 2191 5652 3866 5728">
     <span class='ocr_line' id='line_1_124' title="bbox 2191 5652 3866 5728; baseline -0.001 -20"><span class='ocrx_word' id='word_1_937' title='bbox 2191 5656 2374 5708; x_wconf 83' lang='grc' dir='ltr'>αὐτόν.</span> <span class='ocrx_word' id='word_1_938' title='bbox 2420 5653 2665 5718; x_wconf 89' lang='grc' dir='ltr'>Τοῦτον,</span> <span class='ocrx_word' id='word_1_939' title='bbox 2722 5656 2909 5728; x_wconf 74' lang='grc' dir='ltr'>φησὶν,</span> <span class='ocrx_word' id='word_1_940' title='bbox 2951 5654 3387 5724; x_wconf 68' lang='grc' dir='ltr'>ἀγνοήσαντες·</span> <span class='ocrx_word' id='word_1_941' title='bbox 3428 5652 3569 5708; x_wconf 84' lang='grc' dir='ltr'>ὥστε</span> <span class='ocrx_word' id='word_1_942' title='bbox 3637 5653 3866 5723; x_wconf 85' lang='grc' dir='ltr'>ἀγνοίας</span> 
     </span>
    </p>
   </div>
   <div class='ocr_carea' id='block_1_122' title="bbox 2187 5737 3865 5814">
    <p class='ocr_par' dir='ltr' id='par_1_122' title="bbox 2187 5737 3865 5814">
     <span class='ocr_line' id='line_1_125' title="bbox 2187 5737 3865 5814; baseline 0.001 -21"><span class='ocrx_word' id='word_1_943' title='bbox 2187 5737 2256 5812; x_wconf 80' lang='grc' dir='ltr'>ἦν</span> <span class='ocrx_word' id='word_1_944' title='bbox 2295 5741 2358 5795; x_wconf 83' lang='grc' dir='ltr'>τὸ</span> <span class='ocrx_word' id='word_1_945' title='bbox 2385 5742 2712 5814; x_wconf 81' lang='grc' dir='ltr'>ἁμάρτημα.</span> <span class='ocrx_word' id='word_1_946' title='bbox 2748 5743 2891 5814; x_wconf 82' lang='grc' dir='ltr'>Ὅρα</span> <span class='ocrx_word' id='word_1_947' title='bbox 2925 5742 3042 5805; x_wconf 88' lang='grc' dir='ltr'>πῶς</span> <span class='ocrx_word' id='word_1_948' title='bbox 3076 5742 3171 5793; x_wconf 73' lang='grc' dir='ltr'>καὶ</span> <span class='ocrx_word' id='word_1_949' title='bbox 3202 5741 3341 5811; x_wconf 83' lang='grc' dir='ltr'>ὑπὲρ</span> <span class='ocrx_word' id='word_1_950' title='bbox 3396 5741 3619 5795; x_wconf 83' lang='grc' dir='ltr'>ἐκείνων</span> <span class='ocrx_word' id='word_1_951' title='bbox 3661 5740 3865 5795; x_wconf 80' lang='grc' dir='ltr'>ἀπολο-</span> 
     </span>
    </p>
   </div>
   <div class='ocr_carea' id='block_1_123' title="bbox 2189 5827 3859 5901">
    <p class='ocr_par' dir='ltr' id='par_1_123' title="bbox 2189 5827 3859 5901">
     <span class='ocr_line' id='line_1_126' title="bbox 2189 5827 3859 5901; baseline -0.001 -19"><span class='ocrx_word' id='word_1_952' title='bbox 2189 5832 2368 5897; x_wconf 85' lang='grc' dir='ltr'>γείται</span> <span class='ocrx_word' id='word_1_953' title='bbox 2399 5830 2604 5901; x_wconf 87' lang='grc' dir='ltr'>ἡρέμα.</span> <span class='ocrx_word' id='word_1_954' title='bbox 2637 5831 2745 5883; x_wconf 75' lang='grc' dir='ltr'>Καὶ</span> <span class='ocrx_word' id='word_1_955' title='bbox 2773 5831 2836 5882; x_wconf 87' lang='grc' dir='ltr'>οὐ</span> <span class='ocrx_word' id='word_1_956' title='bbox 2869 5829 3029 5882; x_wconf 85' lang='grc' dir='ltr'>τοῦτο</span> <span class='ocrx_word' id='word_1_957' title='bbox 3087 5827 3268 5895; x_wconf 90' lang='grc' dir='ltr'>μόνον·</span> <span class='ocrx_word' id='word_1_958' title='bbox 3308 5828 3420 5883; x_wconf 80' lang='grc' dir='ltr'>ἀλλ’</span> <span class='ocrx_word' id='word_1_959' title='bbox 3451 5830 3531 5881; x_wconf 86' lang='grc' dir='ltr'>ὃτι</span> <span class='ocrx_word' id='word_1_960' title='bbox 3564 5829 3656 5882; x_wconf 76' lang='grc' dir='ltr'>καὶ</span> <span class='ocrx_word' id='word_1_961' title='bbox 3679 5828 3859 5894; x_wconf 79' lang='grc' dir='ltr'>οὕτως</span> 
     </span>
    </p>
   </div>
   <div class='ocr_carea' id='block_1_124' title="bbox 2198 5914 3862 5988">
    <p class='ocr_par' dir='ltr' id='par_1_124' title="bbox 2198 5914 3862 5988">
     <span class='ocr_line' id='line_1_127' title="bbox 2198 5914 3862 5988; baseline 0.001 -19"><span class='ocrx_word' id='word_1_962' title='bbox 2198 5917 2305 5971; x_wconf 77' lang='grc' dir='ltr'>ἔδει</span> <span class='ocrx_word' id='word_1_963' title='bbox 2327 5916 2582 5987; x_wconf 84' lang='grc' dir='ltr'>γενέσθαι</span> <span class='ocrx_word' id='word_1_964' title='bbox 2614 5916 2957 5988; x_wconf 86' lang='grc' dir='ltr'>προστίθησι.</span> <span class='ocrx_word' id='word_1_965' title='bbox 3005 5916 3111 5971; x_wconf 73' lang='grc' dir='ltr'>Καὶ</span> <span class='ocrx_word' id='word_1_966' title='bbox 3149 5915 3235 5970; x_wconf 77' lang='grc' dir='ltr'>ἵνα</span> <span class='ocrx_word' id='word_1_967' title='bbox 3265 5918 3337 5988; x_wconf 81' lang='grc' dir='ltr'>μή</span> <span class='ocrx_word' id='word_1_968' title='bbox 3377 5933 3461 5981; x_wconf 85' lang='grc' dir='ltr'>τις</span> <span class='ocrx_word' id='word_1_969' title='bbox 3501 5916 3648 5987; x_wconf 68' lang='grc' dir='ltr'>εἴπῃ,</span> <span class='ocrx_word' id='word_1_970' title='bbox 3685 5914 3862 5972; x_wconf 83' lang='grc' dir='ltr'>Πόθεν</span> 
     </span>
    </p>
   </div>
  </div>
