4112 6442
383 353 498 408 213

1353 346 1419 401 ΙΝ
1459 346 1636 402 ACTA
1682 345 2203 402 Al’OSTOLORUM.
2247 347 2471 404 llOMIL.
2519 350 2710 407 XXIX.

3577 359 3682 416 ΞΝ

380 473 522 526 riam
548 465 753 538 diligis,
780 480 898 522 eam
927 464 1106 535 potius
1129 479 1268 528 ama,
1297 479 1418 532 qua:
1439 478 1468 516 a
1497 463 1605 517 Deo
1631 471 1733 516 est.
1756 461 1811 516 Si
1841 461 1984 516 illam
2094 461 2307 520 Utinam
2359 465 2578 529 vellent,
2631 478 2684 521 ct
2733 469 2910 522 statim
2957 471 3094 527 bona
3141 471 3459 541 perlicerent
3490 493 3506 528 :
3537 491 3679 532 nunc

377 577 575 617 amans
607 561 747 614 hanc
773 573 1016 628 spernas,
1041 556 1176 610 hanc
1200 556 1406 610 videbis
1435 555 1722 624 ignobilem
1751 571 1763 606 :
1788 570 1974 624 quam-

381 655 473 711 diu
505 653 679 718 illam,
727 666 846 721 quae
876 664 908 705 a
936 649 1046 702 Deo
1085 659 1189 713 est,
1225 662 1326 701 non
1377 647 1596 712 videris,
1635 661 1808 713 neque
1839 649 1975 700 hanc

389 747 611 807 videbis,
646 760 806 814 quam
849 743 1018 812 turpis
1055 757 1246 810 nempe
1287 741 1376 805 sit,
1408 755 1568 810 quam
1611 740 1859 812 ridicula.
1908 739 1975 795 Ut

392 840 518 893 enim
562 837 657 906 qui
696 835 870 898 maltc,
899 833 1155 888 deformis
1202 831 1462 902 fmdieqne
1507 832 1749 886 mulieris
1789 846 1973 886 amore

385 932 517 999 capti
544 938 696 991 sunt,
725 928 899 982 donec
928 927 1068 981 illam
1105 935 1306 990 amant,
1339 942 1443 979 non
1475 935 1700 992 possunt
1728 924 1844 994 ejus
1871 924 1971 979 de-

379 1031 706 1084 formitatem
735 1025 939 1089 videre,
977 1023 1168 1078 achctu
1195 1023 1454 1091 judicium
1501 1021 1824 1075 obscurante
1854 1039 1867 1072 :
1897 1019 1968 1072 ita

373 1131 428 1175 et
459 1123 546 1174 hic
576 1117 835 1190 quamdiu
863 1117 1056 1172 alfectu
1093 1116 1422 1181 detinemur,
1450 1129 1671 1169 cernere
1707 1128 1810 1166 non
1840 1126 1965 1181 ροβε

373 1227 562 1267 sumus
591 1221 851 1280 quantum
882 1213 953 1262 sit
977 1209 1194 1263 malum.
1233 1206 1512 1275 Quomodo
1541 1221 1689 1275 ergo,
1735 1205 1964 1274 inquies,

372 1306 441 1357 ab
468 1319 534 1357 eo
565 1301 954 1357 liberabimur?
981 1299 1166 1369 Cogita
1208 1315 1328 1364 eos,
1359 1299 1447 1367 qui
1480 1299 1788 1352 innumeras
1835 1311 1967 1366 opes

374 1402 800 1465 insumpSvrnnt,
831 1405 884 1448 et
911 1393 1040 1447 nihil
1081 1394 1203 1447 hinc
1239 1393 1441 1447 fructus
1479 1393 1715 1450 tulerunt
1749 1411 1763 1448 :
1793 1395 1966 1463 cogita

373 1502 640 1553 mortuos,
672 1489 758 1557 qui
789 1497 985 1540 lautam
1031 1486 1209 1556 adepti
1239 1495 1364 1539 sunt
1390 1485 1635 1554 gloriam,
1677 1485 1770 1540 sed
1803 1487 1968 1540 insta-

375 1585 574 1645 bilem,
611 1585 742 1652 qua!
766 1581 925 1650 periit
953 1589 1006 1634 et
1032 1581 1246 1635 evanuit
1277 1597 1290 1632 :
1319 1581 1488 1650 cogita
1519 1595 1714 1634 nomen
1759 1589 1963 1634 tantum

387 1692 532 1737 esse,
567 1691 666 1727 non
695 1689 822 1727 rem.
854 1673 985 1727 Nam
1015 1672 1136 1741 quid
1166 1683 1245 1725 est
1274 1673 1460 1738 gloria,
1491 1673 1712 1740 quzeso?
1744 1672 1809 1726 da
1834 1671 1964 1726 deli-

389 1768 634 1819 nitionem
664 1765 914 1834 aliquam.
947 1763 1102 1832 Apud
1125 1779 1314 1818 omnes
1338 1764 1676 1818 admirationi
1709 1780 1849 1829 esse,
1883 1765 1962 1816 in-

381 1859 548 1926 quies.
583 1859 661 1910 An
689 1857 829 1924 jure,
857 1871 922 1908 an
957 1855 1190 1923 injuria?
1235 1854 1290 1909 Si
1323 1855 1533 1924 injuria,
1568 1872 1671 1909 non
1701 1857 1802 1908 erit
1834 1854 1959 1908 illud

372 1949 673 2012 admiratio,
703 1948 795 2002 sed
823 1948 1114 2008 accusatio,
1149 1947 1402 2010 adulatio,
1443 1947 1706 2000 calumnia
1739 1964 1752 1999 :
1786 1947 1829 2000 si
1861 1961 1959 2000 au-

369 2051 475 2093 tem
517 2041 660 2106 jure,
712 2039 763 2093 id
809 2039 1062 2108 possibile
1109 2054 1214 2092 non
1261 2048 1382 2100 est;
1419 2039 1605 2106 vulgus
1637 2039 1778 2092 cuitu
1811 2048 1958 2092 recto

365 2143 512 2187 caret
541 2132 764 2202 judicio,
794 2141 848 2186 et
877 2133 996 2186 illos
1025 2133 1269 2195 miratur,
1298 2133 1384 2200 qui
1416 2133 1528 2185 suis
1553 2133 1795 2186 serviunt
1822 2146 1957 2186 con-

362 2225 728 2294 cupiscentiis.
774 2225 838 2278 Et
877 2224 921 2278 si
970 2225 1148 2288 vultis,
1193 2226 1310 2277 illos
1366 2223 1647 2285 attendite,
1696 2224 1784 2292 qui
1835 2238 1949 2276 me-

361 2321 648 2376 relricibus
692 2321 870 2373 omnia
923 2335 1017 2373 sua
1071 2319 1372 2382 dederunt,
1431 2318 1518 2387 qui
1569 2317 1806 2386 aurigis,
1859 2316 1946 2386 qui

359 2418 729 2471 saltatoribus.
788 2418 855 2470 At
905 2432 1009 2469 non
1057 2415 1191 2479 hos,
1247 2414 1475 2482 inquies,
1531 2413 1795 2476 dicimus;
1857 2410 1951 2465 sed

358 2507 555 2577 justas,
607 2519 805 2574 rectos,
839 2509 930 2578 qui
973 2522 1162 2577 magna
1213 2515 1437 2575 possunt
1483 2514 1742 2573 przestare
1787 2503 1952 2556 bona.

2079 572 2212 611 vero
2250 557 2380 612 nihil
2425 559 2727 627 lmjusmodi
2775 561 2992 618 faciunt.
3041 565 3192 632 Quis,
3234 567 3666 637 qumso,jnstum

2078 655 2134 702 et
2175 659 2379 703 rectum
2429 666 2568 704 nunc
2615 651 2839 706 laudat?
2877 652 3216 710 Contrarium
3266 667 3414 713 certe
3453 660 3668 714 accidit.

2077 742 2214 809 Quid
2242 742 2484 813 frigidius
2505 745 2667 814 justo.
2713 747 2754 798 si
2797 747 3108 815 prmclarum
3141 749 3267 818 quid
3298 765 3482 820 agens,
3527 753 3669 820 vulgi

2076 837 2302 906 gloriam
2351 839 2608 907 expetat?
2636 839 2747 893 Hoc
2789 841 2934 894 enim
2987 841 3114 909 agit,
3147 857 3210 896 ac
3253 845 3296 896 si
3344 843 3465 913 quis
3498 844 3670 912 pictor

2073 929 2308 996 optimus
2359 931 2499 998 regis
2545 931 2828 999 imaginem
2875 933 3116 1001 pingens,
3162 933 3532 1002 imperitorum
3556 937 3671 990 lan-

2073 1020 2170 1074 des
2207 1021 2455 1091 excipiat.
2495 1021 2743 1087 Alioquin
2780 1031 2956 1076 autem
3001 1024 3091 1093 qui
3135 1026 3422 1079 bttmauam
3466 1038 3671 1095 spectat

2071 1113 2333 1180 gloriam,
2385 1129 2414 1171 a
2472 1114 2726 1168 virtutum
2781 1116 3036 1170 exercitio
3081 1117 3188 1170 cito
3237 1117 3482 1173 desistet.
3536 1119 3668 1174 Nam

2071 1204 2116 1258 si
2168 1203 2233 1258 ad
2285 1204 2468 1260 laudes
2508 1206 2719 1262 illorum
2772 1208 2960 1272 inhiet,
3015 1209 3128 1262 inec
3173 1209 3330 1264 faciet
3374 1227 3494 1281 qua:
3539 1213 3673 1282 ipsis

2073 1296 2378 1363 placebunt,
2412 1314 2516 1351 non
2545 1315 2663 1368 quin
2694 1301 2816 1355 sibi.
2846 1301 3000 1368 Quod
3028 1318 3155 1372 ergo
3177 1303 3289 1372 jam
3315 1304 3468 1358 vobis
3490 1309 3670 1360 consi-

2072 1385 2199 1439 lium
2232 1387 2520 1443 dederim?
2554 1393 2665 1446 Deo
2691 1393 2926 1445 animum
2959 1393 3240 1459 adbibere,
3282 1395 3412 1449 satis
3443 1394 3667 1470 habere,

2070 1484 2113 1537 si
2141 1486 2423 1541 laudemur
2449 1487 2515 1539 ab
2546 1489 2656 1552 illo,
2689 1489 2866 1541 omnia
2894 1491 2989 1558 ipsi
3020 1489 3209 1557 placita
3234 1491 3432 1556 facere,
3453 1502 3506 1547 el
3528 1493 3664 1550 bona

2069 1579 2301 1644 Operari.
2346 1579 2411 1632 ad
2447 1579 2644 1632 nullam
2678 1596 2854 1634 rerum
2886 1580 3239 1636 humanarum
3273 1583 3480 1639 inhiare
3509 1604 3521 1638 :
3554 1585 3660 1642 hoc

2067 1671 2207 1724 enim
2235 1679 2288 1725 et
2326 1671 2584 1739 jejttttittttt
2612 1682 2666 1726 et
2697 1677 2994 1727 orationvm
3027 1686 3080 1730 et
3107 1677 3502 1749 eleemosynam
3533 1697 3662 1749 pes-

2067 1761 2296 1826 somdat,
2331 1772 2489 1830 atque
2531 1764 2709 1816 omnia
2744 1775 2923 1818 nostra
2954 1765 3090 1820 bona
3122 1781 3370 1824 evacuat.
3408 1770 3560 1837 Quod
3593 1788 3662 1827 ne

2069 1853 2354 1921 patiamur,
2401 1853 2664 1924 fugiamus
2695 1857 2796 1909 boe
2827 1858 3035 1910 vilium.
3066 1859 3239 1914 Unum
3279 1863 3455 1917 Solum
3486 1867 3660 1936 respi-

2065 1948 2290 2011 ciamus,
2346 1947 2555 2001 laudem
2587 1965 2616 2002 a
2653 1951 2778 2015 Deo,
2824 1950 2964 2003 illius
3011 1953 3476 2020 approbationem,
3509 1972 3660 2010 com-

2067 2039 2350 2109 munisque
2400 2041 2606 2096 Domini
2652 2044 3170 2099 commendationem
3211 2065 3224 2100 :
3268 2058 3328 2101 ut
3368 2049 3472 2102 vita
3518 2065 3662 2118 prm-

2063 2143 2216 2189 sente
2264 2141 2316 2190 in
2376 2136 2572 2191 virtute
2628 2147 2935 2201 transacta,
2994 2141 3275 2208 promissis
3326 2141 3482 2196 bonis
3535 2159 3660 2197 cum

2061 2227 2408 2297 diligentibus
2439 2245 2562 2282 eum
2595 2230 2884 2297 potiamur,
2917 2233 3088 2300 gratia
3114 2242 3164 2286 et
3198 2234 3524 2302 benignitate
3551 2235 3656 2288 llo-

2061 2321 2189 2372 mini
2234 2321 2398 2373 nostri
2431 2320 2556 2374 Jesu
2604 2321 2824 2386 Christi,
2887 2324 3102 2392 quit-mn
3152 2323 3296 2379 Patri
3343 2335 3394 2380 et
3437 2326 3661 2395 Spiritui
3735 2335 3742 2354 "

2059 2423 2246 2464 sancto
2277 2410 2467 2478 gloria,
2500 2412 2804 2480 imperium,
2853 2415 3046 2478 honor,
3091 2433 3233 2472 nunc
3260 2428 3314 2472 et
3339 2433 3571 2488 semper,
3605 2431 3660 2478 et

2061 2501 2116 2555 in
2144 2503 2339 2556 saecula
2368 2504 2711 2558 szeculorum.
2747 2509 2938 2561 Amen.

1677 2743 1686 2752 ο
1724 2716 2068 2776 HOMILIA
2112 2716 2356 2777 XXIX.

358 2866 488 2924 CAP.
519 2870 606 2924 l5.
637 2885 688 2920 v.
724 2868 812 2932 16,
847 2867 1074 2937 Surgcns
1104 2876 1272 2919 autem
1300 2844 1524 2926 Paulus:
1557 2873 1600 2916 et
1633 2879 1787 2915 manu
1808 2860 1952 2916 silen-

432 2963 559 3014 tium
585 2961 830 3023 indicens,
865 2960 991 3012 dixit
1029 2974 1046 3011 :
1082 2957 1191 3010 Viri
1238 2954 1510 3015 Israelitte,
1561 2964 1607 3007 et
1655 2955 1740 3020 qui
1771 2953 1954 3007 timetis

429 3054 619 3117 Deum,
662 3053 850 3104 audite.
898 3051 984 3104 Π.
1031 3049 1172 3103 Deus
1222 3049 1378 3118 plebis
1423 3047 1576 3117 hujus
1605 3047 1754 3114 elegit
1787 3055 1954 3113 patres

429 3159 650 3210 nostros,
700 3155 744 3200 et
795 3145 986 3212 plebem
1015 3144 1276 3206 exultavit,
1322 3159 1434 3196 cum
1463 3151 1624 3196 essent
1654 3141 1860 3193 advena:
1901 3141 1953 3192 in

431 3250 569 3292 terra
590 3236 831 3308 lEgypti,
856 3247 902 3291 et
925 3253 1038 3289 cum
1063 3236 1268 3290 brachio
1285 3236 1480 3289 excelso
1496 3234 1666 3287 eduxit
1687 3250 1771 3287 eos
1790 3248 1851 3286 ea:
1871 3249 1949 3284 ea.

433 3332 488 3384 1.
519 3329 652 3383 Vide
680 3327 976 3383 Barnabam
1009 3328 1288 3382 cedentem
1317 3326 1500 3388 Paulo,
1531 3335 1588 3378 ut
1613 3334 1666 3378 et
1689 3323 1948 3378 Joannem

356 3423 559 3492 ubique
585 3422 768 3477 Petro.
816 3421 909 3475 Ille
932 3421 1082 3474 duxit
1109 3435 1231 3474 eum
1262 3435 1329 3474 ex
1361 3419 1618 3472 Damasco
1649 3433 1660 3467 :
1685 3415 1833 3485 atqui
1861 3429 1953 3468 ve-

359 3515 649 3569 nerabilior
691 3523 842 3577 erat;
895 3514 991 3567 sed
1029 3513 1094 3566 ad
1134 3527 1470 3567 communem
1502 3509 1783 3564 utilitatem
1828 3523 1952 3576 spe-

367 3611 597 3663 ctabaut.
649 3607 713 3660 Et
755 3624 986 3676 surgens,
1040 3607 1230 3676 inquit,
1261 3615 1307 3658 et
1334 3621 1488 3657 manu
1529 3602 1784 3657 silentium
1809 3600 1950 3654 indi-

362 3718 496 3754 cens.
529 3701 640 3754 Mos
670 3699 753 3753 hic
781 3699 983 3754 Judmis
1026 3707 1144 3753 erat
1174 3715 1187 3751 :
1217 3699 1338 3751 ideo
1367 3697 1444 3750 sic
1476 3695 1594 3748 illos
1637 3693 1948 3762 alloquitur.

360 3795 495 3850 Vide
521 3795 789 3864 quomodo
816 3792 1049 3846 sermoni
1078 3793 1216 3846 viam
1243 3800 1391 3860 paret
1422 3807 1435 3846 :
1466 3791 1636 3859 primo
1662 3790 1804 3845 enim
1836 3789 1952 3842 lau-

357 3888 493 3943 dans
524 3887 666 3952 illos,
699 3900 1050 3954 magnamque
1071 3886 1359 3939 ostendens
1390 3899 1514 3953 erga
1553 3882 1697 3951 ipsos
1743 3897 1948 3946 curam,

357 3997 459 4050 per
484 3981 625 4050 quod
656 3980 805 4044 dicit,
839 3979 939 4044 Qui
968 3979 1148 4032 timetis
1180 3977 1383 4043 Deum;
1414 3979 1492 4032 sic
1521 3978 1733 4033 demum
1768 3976 1951 4046 incipit

356 4090 686 4131 sermonem.
721 4074 834 4127 Non
861 4073 1014 4138 dixit,
1045 4073 1327 4144 Prosclyti,
1356 4072 1496 4142 quod
1527 4083 1643 4126 erat
1671 4071 1948 4127 calamita-

357 4167 430 4220 tis
453 4181 672 4220 nomen.
710 4164 844 4219 Deus
873 4165 1032 4234 plebis
1075 4166 1227 4236 hujus
1264 4164 1413 4235 elegit
1458 4174 1626 4234 patres
1665 4174 1865 4217 nostros
1902 4173 1950 4216 et

358 4259 628 4328 populum.
661 4258 789 4312 Vide
815 4257 1083 4328 quomodo
1102 4256 1374 4310 hominum
1397 4272 1737 4311 communem
1758 4257 1946 4319 Deum,

356 4352 598 4421 ipsorum
639 4351 852 4419 proprie
887 4351 1050 4405 Demn
1096 4350 1259 4414 dicat,
1306 4359 1360 4404 et
1403 4349 1650 4404 ostendat
1691 4349 1948 4403 beneﬁcia

357 4458 554 4512 magna
584 4443 690 4510 jam
740 4443 866 4496 olim
916 4443 1047 4512 ipsis
1075 4443 1292 4509 collata,
1344 4443 1480 4496 sicut
1523 4451 1577 4496 et
1621 4441 1945 4508 Stephanus.

307 4546 319 4606 ζ
358 4539 488 4594 llazc
513 4551 688 4594 autem
721 4537 939 4603 faciunt,
971 4547 1028 4590 ut
1052 4535 1281 4590 doceant
1323 4535 1464 4598 illos,
1508 4534 1645 4604 quod
1677 4549 1775 4604 pro
1801 4550 1951 4588 more

357 4647 459 4686 suo
487 4646 628 4685 nunc
657 4629 848 4684 Filium
881 4645 1034 4683 suum
1083 4629 1308 4682 miserit.
1339 4627 1488 4681 Sicut
1516 4636 1570 4680 et
1608 4627 1853 4681 Christus
1880 4625 1950 4681 de

359 4730 512 4778 vinea
542 4723 672 4777 dixit
700 4721 850 4791 (Luc.
884 4722 974 4775 20.
1008 4722 1116 4792 l5),
1146 4724 1222 4776 sic
1245 4733 1296 4775 et
1323 4721 1411 4773 ille
1443 4721 1695 4789 loquitur.
1727 4719 1948 4773 Exulta-

363 4819 429 4868 uit
453 4818 502 4870 in
532 4815 936 4885 peregrinatione
963 4817 1015 4867 in
1038 4812 1290 4884 lEgypto,
1317 4821 1360 4864 et
1387 4829 1498 4863 cum
1527 4811 1732 4864 brachio
1754 4811 1948 4865 excelso

369 4907 533 4960 eduxit
557 4924 641 4960 eos
667 4923 729 4959 ex
757 4923 833 4958 ea.
868 4906 1024 4973 Atqui
1055 4904 1386 4958 contrarium
1414 4902 1682 4957 acciderat
1707 4901 1780 4976 (η)
1806 4919 1820 4966 ;
1854 4901 1947 4956 sed

363 4997 700 5052 multitudine
739 4997 878 5050 aucti
928 5005 1088 5060 sunt;
1139 4997 1246 5049 imo
1298 5005 1353 5049 et
1412 4995 1666 5048 miracula
1733 5003 1950 5063 propter

360 5089 482 5143 illos
515 5091 650 5143 facta
693 5099 836 5142 sunt.
876 5089 942 5142 Et
982 5087 1258 5157 propheta:
1305 5095 1610 5140 memorant
1639 5086 1835 5154 ubique
1860 5099 1945 5148 ea,

355 5201 480 5255 qua:
526 5184 657 5238 tacta
701 5193 826 5238 snnt
866 5183 917 5235 in
949 5181 1202 5252 Egypto.
1242 5181 1306 5233 Et
1333 5179 1474 5243 vide,
1506 5178 1778 5248 quomodo
1809 5186 1947 5231 tem-

356 5292 490 5348 pora
518 5277 881 5330 calamitatum
911 5284 1309 5343 praetercurrat,
1352 5281 1406 5326 et
1433 5286 1694 5339 nusquam
1721 5271 1946 5324 crimina

359 5371 414 5423 iu
446 5369 679 5422 medium
708 5367 920 5433 all'erat,
961 5367 1054 5421 sed
1088 5366 1178 5420 Dei
1225 5365 1629 5435 benignitatem,
1664 5363 1752 5416 illa
1784 5363 1947 5417 relin-

357 5477 530 5534 quens
558 5461 691 5532 ipsis
717 5459 1019 5531 cogitanda.
1062 5459 1152 5516 l8.
1184 5457 1252 5512 Et
1282 5474 1372 5530 per
1400 5457 1740 5528 quadraginta
1777 5471 1946 5508 auuo-

420 5642 497 5704 (a)
531 5640 584 5690 Id
611 5646 706 5699 est,
731 5642 780 5689 ni
805 5637 958 5697 fallor,
975 5638 1110 5706 Deus
1129 5638 1304 5706 eduxit
1327 5635 1438 5706 illos
1461 5651 1524 5706 ex
1550 5637 1775 5706 @gypto.
1796 5641 1850 5682 ut
1871 5635 1947 5706 in-

353 5700 564 5753 duceret
605 5707 653 5752 in
693 5709 875 5751 terram
919 5702 1280 5764 promissionis;
1324 5701 1413 5764 sed
1453 5702 1516 5748 ob
1555 5700 1944 5764 illot~um_nequi-

353 5767 470 5814 tiam
509 5766 800 5816 eotilrarium
842 5761 1046 5823 accidit;
1090 5775 1200 5812 nam
1243 5763 1450 5812 maxima
1486 5776 1597 5825 pars
1653 5766 1701 5810 in
1739 5761 1940 5810 deserto

355 5828 524 5888 periit.

2056 2877 2170 2913 rum
2196 2871 2392 2928 tempus
2438 2877 2599 2915 mores
2643 2878 2816 2916 eorum
2855 2866 3096 2918 sustinuit
3125 2867 3176 2920 in
3213 2869 3428 2920 deserto.
3457 2869 3656 2924 Deinde

2062 2953 2448 3010 habitationem
2501 2967 2660 3010 terra:
2710 2958 2884 3012 dicit:
2917 2960 3006 3013 l9.
3059 2959 3126 3013 Et
3179 2961 3440 3016 destruens
3486 2975 3656 3033 gentes

2059 3057 2246 3117 septem
2276 3048 2327 3101 in
2360 3059 2495 3102 terra
2515 3048 2786 3118 Chanaan,
2819 3063 2954 3108 sorte
2981 3055 3234 3109 distribuit
3261 3057 3332 3110 eis
3359 3067 3546 3110 terram
3571 3075 3655 3110 eo-

2059 3153 2193 3190 rum.
2220 3138 2286 3192 Et
2309 3141 2534 3195 multum
2558 3143 2858 3198 intercessit
2883 3155 3110 3214 tempus,
3140 3148 3651 3218 quadringentorum

2059 3239 2113 3284 et
2140 3233 2522 3304 quinquaginta
2551 3249 2836 3292 annorum.
2869 3237 2959 3292 20.
2994 3237 3062 3292 Et
3091 3241 3236 3309 quasi
3265 3251 3379 3310 post
3405 3244 3652 3311 quadrin-

2060 3335 2232 3394 gentos
2261 3329 2700 3398 etquinquaginta
2739 3347 2901 3383 annos
2944 3332 3082 3384 dedit
3127 3333 3198 3386 eis
3218 3334 3443 3402 judices,
3495 3352 3656 3404 usque

2058 3419 2127 3470 ad
2156 3418 2445 3474 Samuelem
2477 3424 2796 3490 prophetam.
2848 3424 2945 3478 Hic
2990 3427 3227 3480 ostendit
3277 3429 3450 3496 ipsum
3502 3432 3656 3484 varie

2059 3511 2356 3577 providisse
2384 3514 2548 3568 rebus
2580 3514 2815 3570 illorum.
2850 3515 2940 3571 2|.
2973 3517 3041 3571 Et
3066 3519 3248 3573 exinde
3273 3521 3655 3587 postulaverunt

2057 3618 2245 3672 regem.
2286 3602 2398 3658 Nec
2438 3617 2701 3660 memorat
2729 3608 2992 3678 ingratum
3024 3611 3233 3663 illorum
3264 3613 3522 3680 animum,
3554 3614 3654 3668 sed

2059 3694 2254 3765 ubique
2288 3697 2380 3752 Dei
2407 3699 2768 3755 clementiam.
2806 3703 2872 3754 Et
2903 3703 3039 3755 dedit
3066 3704 3168 3756 illis
3192 3703 3324 3758 Saul
3344 3705 3511 3774 [ilium
3535 3705 3648 3770 Cie,

2057 3787 2220 3840 virum
2249 3789 2311 3842 de
2340 3791 2473 3844 tribu
2515 3791 2807 3862 Benjamin,
2855 3796 3004 3849 annis
3044 3797 3384 3868 quadraginta
3426 3815 3444 3852 :
3483 3799 3577 3853 ΞΩ.
3601 3809 3654 3853 et

2057 3890 2226 3934 amoto
2253 3883 2362 3938 illo.
2392 3885 2652 3938 suscitavit
2679 3885 2752 3939 eis
2783 3884 2953 3939 David
2992 3888 3042 3940 in
3070 3905 3236 3958 regem
3264 3905 3282 3942 :
3311 3890 3394 3942 cui
3420 3891 3650 3944 testimo-

2059 3975 2198 4026 nium
2222 3975 2506 4042 perhibens,
2527 3977 2656 4032 dixit
2683 3995 2702 4032 ε
2723 3978 2904 4033 Inveni
2925 3978 3095 4033 Dauid
3116 3981 3280 4047 ﬁlium
3302 3981 3333 4035 ,Ι
3341 3999 3466 4047 esse,
3488 3984 3656 4037 vimus

2057 4067 2334 4120 secundum
2360 4085 2448 4121 cor
2477 4087 2659 4132 meum,
2689 4073 2775 4142 qui
2807 4073 2962 4142 faciet
2985 4091 3156 4128 omnes
3182 4076 3468 4129 voluntates
3490 4093 3649 4131 meas.

2057 4157 2172 4212 Non
2204 4175 2422 4228 parvum
2472 4160 2593 4226 huc,
2641 4164 2780 4230 quod
2827 4180 2889 4219 ex
2944 4166 3141 4220 Davide
3184 4167 3429 4222 Christus
3479 4181 3645 4224 esset.

2061 4247 2260 4304 Deinde
2299 4249 2561 4304 Joannem
2610 4253 2814 4308 inducit
2861 4258 3258 4324 tes:ilicantem,
3290 4259 3478 4318 dicens
3509 4278 3522 4314 :
3553 4260 3649 4315 95»

2061 4337 2232 4407 Hujus
2261 4340 2397 4395 Deus
2425 4359 2488 4396 ex
2525 4344 2714 4398 semine
2753 4347 3029 4402 secundum
3055 4349 3439 4416 promissionem
3467 4351 3645 4406 eduxit

2059 4430 2268 4486 lsraelis
2295 4433 2614 4489 Salvatorem
2635 4436 2836 4500 Jesum,
2865 4438 2955 4494 24.
2985 4440 3294 4508 prtedicante
3310 4441 3520 4497 Joanne
3533 4455 3653 4497 ants

2058 4525 2238 4594 faciem
2284 4525 2525 4580 adventus
2553 4529 2664 4597 ejus
2693 4529 3002 4597 baptismum
3032 4533 3337 4602 paenitentiw
3377 4536 3516 4589 omni
3558 4553 3651 4607 po-

2058 4617 2180 4683 pulo
2204 4616 2394 4671 Israel.
2425 4619 2516 4674 25.
2550 4619 2678 4672 Cum
2716 4623 2946 4682 uupleret
2983 4635 3148 4677 autem
3174 4624 3400 4680 Joannes
3443 4644 3644 4685 cut-sunt

2056 4723 2238 4773 suum,
2269 4709 2462 4763 dicebat
2493 4728 2511 4762 :
2545 4711 2708 4776 Quem
2752 4730 2830 4768 me
2858 4715 3175 4770 arbitramini
3218 4735 3344 4784 esse,
3393 4737 3493 4772 non
3536 4737 3652 4776 sun.

2057 4816 2147 4870 ego
2171 4816 2189 4854 :
2212 4802 2301 4854 sed
2327 4819 2438 4856 ecre
2458 4805 2588 4857 venit
2614 4817 2726 4873 post
2757 4822 2855 4871 me,
2887 4808 3032 4876 cujus
3057 4825 3157 4862 non
3185 4827 3296 4864 sum
3318 4811 3504 4882 dignus
3534 4814 3647 4868 col-

2057 4903 2312 4946 ceamenta
2344 4894 2530 4963 pedum
2569 4897 2781 4950 salvere.
2833 4899 2895 4953 Et
2921 4899 3156 4956 Joannes
3199 4903 3511 4962 testiﬁcatur
3538 4923 3652 4964 non

2057 4983 2396 5051 simpliciter,
2419 4986 2512 5040 sed
2533 4988 2758 5058 gloriam
2782 5005 2811 5043 a
2833 5005 2892 5045 se
2911 4991 3211 5062 depellens,
3230 4997 3436 5054 etiamsi
3459 5014 3654 5056 omnes

2053 5075 2276 5143 gloriam
2330 5079 2426 5146 ipsi
2457 5079 2740 5136 referrent.
2785 5083 2902 5138 Non
2948 5101 3042 5156 par
3070 5100 3159 5141 res
3184 5099 3268 5144 est
3293 5100 3470 5146 autem
3499 5094 3651 5147 nullo

2056 5169 2216 5224 dante
2258 5174 2536 5239 repellere,
2587 5185 2641 5228 et
2683 5178 2934 5232 omnibus
2984 5181 3338 5238 tribuentibus
3386 5186 3647 5241 honorem

2057 5261 2302 5329 rejicere,
2353 5279 2525 5332 neque
2569 5266 2901 5335 simpliciter,
2948 5275 3042 5325 sed
3091 5286 3212 5326 cum
3265 5284 3404 5328 tanta
3449 5275 3648 5329 demis-

2057 5352 2227 5406 siune.
2256 5353 2346 5408 26.
2388 5353 2492 5408 Viri
2531 5361 2734 5427 fratres,
2768 5361 2866 5428 ﬁlii
2893 5364 3090 5432 generis
3128 5367 3364 5432 Abrahte,
3395 5378 3443 5421 et
3481 5370 3650 5438 quiin

2055 5446 2193 5498 vobis
2221 5447 2390 5500 timent
2430 5447 2614 5515 Deum,
2647 5451 2784 5504 vobis
2812 5453 3014 5507 verbum
3049 5458 3228 5510 salutis
3258 5457 3410 5526 hujus
3439 5459 3649 5514 missum

2056 5547 2149 5590 est.
2186 5537 2276 5590 27.
2328 5537 2429 5603 Qui
2470 5542 2603 5595 enim
2647 5543 2940 5598 habitabant
2979 5546 3268 5603 Jerusalem
3311 5560 3356 5604 et
3393 5555 3647 5623 principes

2056 5645 2229 5684 eorum
2254 5631 2388 5685 hunc
2411 5633 2725 5702 ignorantes,
2749 5645 2794 5689 et
2823 5652 2967 5691 uoces
2991 5642 3377 5710 praphetarum,
3403 5661 3517 5713 quae
3556 5662 3648 5713 per

2055 5736 2204 5774 omne
2224 5722 2484 5776 sabbatum
2525 5723 2779 5794 leguntur,
2819 5727 3119 5795 iudicantes,
3149 5733 3478 5801 iniplererunt
3506 5753 3525 5790 :
3551 5738 3642 5792 28.

2055 5822 2102 5867 et
2131 5815 2324 5868 nullam
2351 5831 2554 5868 causam
2583 5817 2758 5871 mortis
2794 5818 3100 5878 invenientes
3135 5825 3185 5878 in
3226 5843 3304 5896 eo,
3338 5841 3583 5897 petierunt
3613 5848 3649 5882 ο
