  <div class='ocr_page' id='page_1' title='image "/cluster/home/n/w/nwhite01/storage/ocr_20150623/60:no.9/coo.31924054869601/219.png"; bbox 0 0 4112 6434; ppageno 0'>
   <div class='ocr_carea' id='block_1_1' title="bbox 429 363 540 418">
    <p class='ocr_par' dir='ltr' id='par_1_1' title="bbox 429 363 540 418">
     <span class='ocr_line' id='line_1_1' title="bbox 429 363 540 418; baseline 0 0"><span class='ocrx_word' id='word_1_1' title='bbox 429 363 540 418; x_wconf 67' lang='grc' dir='ltr'><strong>ιη’»</strong></span> 
     </span>
    </p>
   </div>
   <div class='ocr_carea' id='block_1_2' title="bbox 433 467 2019 541">
    <p class='ocr_par' dir='ltr' id='par_1_2' title="bbox 433 467 2019 541">
     <span class='ocr_line' id='line_1_2' title="bbox 433 467 2019 541; baseline -0.011 -7"><span class='ocrx_word' id='word_1_2' title='bbox 433 479 607 534; x_wconf 86' lang='lat' dir='ltr'><strong>Pilato</strong></span> <span class='ocrx_word' id='word_1_3' title='bbox 647 485 704 529; x_wconf 91' lang='lat' dir='ltr'><strong>ut</strong></span> <span class='ocrx_word' id='word_1_4' title='bbox 745 471 1128 541; x_wconf 78' lang='lat' dir='ltr'><strong>interﬁceretur.</strong></span> <span class='ocrx_word' id='word_1_5' title='bbox 1163 469 1374 540; x_wconf 79' lang='lat' dir='ltr'><strong>Ubique</strong></span> <span class='ocrx_word' id='word_1_6' title='bbox 1418 470 1520 523; x_wconf 83' lang='lat' dir='ltr'><strong>hoc</strong></span> <span class='ocrx_word' id='word_1_7' title='bbox 1543 467 1829 522; x_wconf 78' lang='lat' dir='ltr'><strong>ostendere</strong></span> <span class='ocrx_word' id='word_1_8' title='bbox 1874 474 2019 518; x_wconf 77' lang='lat' dir='ltr'><strong>sata-</strong></span> 
     </span>
    </p>
   </div>
   <div class='ocr_carea' id='block_1_3' title="bbox 432 558 2021 638">
    <p class='ocr_par' dir='ltr' id='par_1_3' title="bbox 432 558 2021 638">
     <span class='ocr_line' id='line_1_3' title="bbox 432 558 2021 638; baseline -0.008 -16"><span class='ocrx_word' id='word_1_9' title='bbox 432 558 831 638; x_wconf 41' lang='lat' dir='ltr'><strong>guntfbonum</strong></span> <span class='ocrx_word' id='word_1_10' title='bbox 866 565 1101 634; x_wconf 86' lang='lat' dir='ltr'><strong>ipsorum</strong></span> <span class='ocrx_word' id='word_1_11' title='bbox 1147 563 1247 617; x_wconf 85' lang='lat' dir='ltr'><strong>hoc</strong></span> <span class='ocrx_word' id='word_1_12' title='bbox 1277 565 1549 632; x_wconf 71' lang='lat' dir='ltr'><strong>premium</strong></span> <span class='ocrx_word' id='word_1_13' title='bbox 1581 575 1720 622; x_wconf 87' lang='lat' dir='ltr'><strong>esse,</strong></span> <span class='ocrx_word' id='word_1_14' title='bbox 1770 573 1837 612; x_wconf 90' lang='lat' dir='ltr'><strong>ne</strong></span> <span class='ocrx_word' id='word_1_15' title='bbox 1885 567 2021 610; x_wconf 63' lang='lat' dir='ltr'><strong>tam“</strong></span> 
     </span>
    </p>
   </div>
   <div class='ocr_carea' id='block_1_4' title="bbox 433 647 2022 730">
    <p class='ocr_par' dir='ltr' id='par_1_4' title="bbox 433 647 2022 730">
     <span class='ocr_line' id='line_1_4' title="bbox 433 647 2022 730; baseline -0.009 -18"><span class='ocrx_word' id='word_1_16' title='bbox 433 675 593 730; x_wconf 89' lang='lat' dir='ltr'><strong>quam</strong></span> <span class='ocrx_word' id='word_1_17' title='bbox 625 659 859 712; x_wconf 90' lang='lat' dir='ltr'><strong>alienum</strong></span> <span class='ocrx_word' id='word_1_18' title='bbox 901 656 1302 711; x_wconf 63' lang='lat' dir='ltr'><strong>considerantes</strong></span> <span class='ocrx_word' id='word_1_19' title='bbox 1351 653 1571 722; x_wconf 79' lang='lat' dir='ltr'><strong>fugiant,</strong></span> <span class='ocrx_word' id='word_1_20' title='bbox 1617 665 1684 705; x_wconf 89' lang='lat' dir='ltr'><strong>eo</strong></span> <span class='ocrx_word' id='word_1_21' title='bbox 1713 647 1854 718; x_wconf 90' lang='lat' dir='ltr'><strong>quod</strong></span> <span class='ocrx_word' id='word_1_22' title='bbox 1899 663 2022 702; x_wconf 81' lang='lat' dir='ltr'><strong>cru-</strong></span> 
     </span>
    </p>
   </div>
   <div class='ocr_carea' id='block_1_5' title="bbox 435 740 2022 815">
    <p class='ocr_par' dir='ltr' id='par_1_5' title="bbox 435 740 2022 815">
     <span class='ocr_line' id='line_1_5' title="bbox 435 740 2022 815; baseline -0.006 -12"><span class='ocrx_word' id='word_1_23' title='bbox 435 752 732 805; x_wconf 65' lang='lat' dir='ltr'><strong>t-ilixisse&#39;nt</strong></span> <span class='ocrx_word' id='word_1_24' title='bbox 779 765 926 804; x_wconf 90' lang='lat' dir='ltr'><strong>enm.</strong></span> <span class='ocrx_word' id='word_1_25' title='bbox 979 746 1169 810; x_wconf 80' lang='lat' dir='ltr'><strong>Hunc,</strong></span> <span class='ocrx_word' id='word_1_26' title='bbox 1218 746 1435 815; x_wconf 77' lang='lat' dir='ltr'><strong>inquit,</strong></span> <span class='ocrx_word' id='word_1_27' title='bbox 1487 745 1796 813; x_wconf 76' lang='lat' dir='ltr'><strong>ignorantes.</strong></span> <span class='ocrx_word' id='word_1_28' title='bbox 1840 740 2022 807; x_wconf 83' lang='lat' dir='ltr'><strong>Itaque</strong></span> 
     </span>
    </p>
   </div>
   <div class='ocr_carea' id='block_1_6' title="bbox 436 832 2022 913">
    <p class='ocr_par' dir='ltr' id='par_1_6' title="bbox 436 832 2022 913">
     <span class='ocr_line' id='line_1_6' title="bbox 436 832 2022 913; baseline -0.007 -17"><span class='ocrx_word' id='word_1_29' title='bbox 436 843 749 913; x_wconf 64' lang='lat' dir='ltr'><strong>ignorantiae</strong></span> <span class='ocrx_word' id='word_1_30' title='bbox 775 849 1050 910; x_wconf 77' lang='lat' dir='ltr'><strong>peccatum</strong></span> <span class='ocrx_word' id='word_1_31' title='bbox 1082 848 1215 894; x_wconf 89' lang='lat' dir='ltr'><strong>erat.</strong></span> <span class='ocrx_word' id='word_1_32' title='bbox 1244 837 1374 891; x_wconf 92' lang='lat' dir='ltr'><strong>Vide</strong></span> <span class='ocrx_word' id='word_1_33' title='bbox 1399 835 1668 904; x_wconf 89' lang='lat' dir='ltr'><strong>quomodo</strong></span> <span class='ocrx_word' id='word_1_34' title='bbox 1690 833 1812 887; x_wconf 86' lang='lat' dir='ltr'><strong>illos</strong></span> <span class='ocrx_word' id='word_1_35' title='bbox 1833 832 2022 886; x_wconf 75' lang='lat' dir='ltr'><strong>leniter</strong></span> 
     </span>
    </p>
   </div>
   <div class='ocr_carea' id='block_1_7' title="bbox 434 926 2024 1004">
    <p class='ocr_par' dir='ltr' id='par_1_7' title="bbox 434 926 2024 1004">
     <span class='ocr_line' id='line_1_7' title="bbox 434 926 2024 1004; baseline -0.008 -15"><span class='ocrx_word' id='word_1_36' title='bbox 434 936 705 990; x_wconf 74' lang='lat' dir='ltr'><strong>defendat.</strong></span> <span class='ocrx_word' id='word_1_37' title='bbox 740 935 922 1004; x_wconf 64' lang='lat' dir='ltr'><strong>Neque</strong></span> <span class='ocrx_word' id='word_1_38' title='bbox 946 934 1046 986; x_wconf 84' lang='lat' dir='ltr'><strong>hoc</strong></span> <span class='ocrx_word' id='word_1_39' title='bbox 1069 941 1269 986; x_wconf 89' lang='lat' dir='ltr'><strong>tantum</strong></span> <span class='ocrx_word' id='word_1_40' title='bbox 1293 946 1309 994; x_wconf 90' lang='lat'><strong>;</strong></span> <span class='ocrx_word' id='word_1_41' title='bbox 1332 929 1425 985; x_wconf 90' lang='lat' dir='ltr'><strong>sed</strong></span> <span class='ocrx_word' id='word_1_42' title='bbox 1447 930 1607 984; x_wconf 87' lang='lat' dir='ltr'><strong>etiam</strong></span> <span class='ocrx_word' id='word_1_43' title='bbox 1637 929 1705 981; x_wconf 85' lang='lat' dir='ltr'><strong>ita</strong></span> <span class='ocrx_word' id='word_1_44' title='bbox 1728 926 1840 980; x_wconf 88' lang='lat' dir='ltr'><strong>lieri</strong></span> <span class='ocrx_word' id='word_1_45' title='bbox 1863 941 2024 993; x_wconf 85' lang='lat' dir='ltr'><strong>opor-</strong></span> 
     </span>
    </p>
   </div>
   <div class='ocr_carea' id='block_1_8' title="bbox 437 1019 2018 1096">
    <p class='ocr_par' dir='ltr' id='par_1_8' title="bbox 437 1019 2018 1096">
     <span class='ocr_line' id='line_1_8' title="bbox 437 1019 2018 1096; baseline -0.007 -16"><span class='ocrx_word' id='word_1_46' title='bbox 437 1029 602 1081; x_wconf 77' lang='lat' dir='ltr'><strong>tuisse</strong></span> <span class='ocrx_word' id='word_1_47' title='bbox 630 1029 831 1094; x_wconf 88' lang='lat' dir='ltr'><strong>adjicit.</strong></span> <span class='ocrx_word' id='word_1_48' title='bbox 855 1027 931 1081; x_wconf 83' lang='lat' dir='ltr'><strong>Ne</strong></span> <span class='ocrx_word' id='word_1_49' title='bbox 955 1029 1075 1096; x_wconf 88' lang='lat' dir='ltr'><strong>quis</strong></span> <span class='ocrx_word' id='word_1_50' title='bbox 1105 1040 1233 1079; x_wconf 79' lang='lat' dir='ltr'><strong>vero</strong></span> <span class='ocrx_word' id='word_1_51' title='bbox 1253 1023 1474 1086; x_wconf 90' lang='lat' dir='ltr'><strong>diceret,</strong></span> <span class='ocrx_word' id='word_1_52' title='bbox 1503 1019 1659 1076; x_wconf 82' lang='lat' dir='ltr'><strong>Unde</strong></span> <span class='ocrx_word' id='word_1_53' title='bbox 1684 1019 2018 1072; x_wconf 81' lang='lat' dir='ltr'><strong>manifestum</strong></span> 
     </span>
    </p>
   </div>
   <div class='ocr_carea' id='block_1_9' title="bbox 436 1109 2018 1174">
    <p class='ocr_par' dir='ltr' id='par_1_9' title="bbox 436 1109 2018 1174">
     <span class='ocr_line' id='line_1_9' title="bbox 436 1109 2018 1174; baseline -0.008 -2"><span class='ocrx_word' id='word_1_54' title='bbox 436 1127 520 1172; x_wconf 87' lang='lat' dir='ltr'><strong>est</strong></span> <span class='ocrx_word' id='word_1_55' title='bbox 551 1119 698 1172; x_wconf 89' lang='lat' dir='ltr'><strong>illum</strong></span> <span class='ocrx_word' id='word_1_56' title='bbox 729 1116 1087 1170; x_wconf 75' lang='lat' dir='ltr'><strong>resurrexisse</strong></span> <span class='ocrx_word' id='word_1_57' title='bbox 1112 1114 1134 1167; x_wconf 83' lang='lat'><strong>?</strong></span> <span class='ocrx_word' id='word_1_58' title='bbox 1161 1113 1290 1168; x_wconf 86' lang='lat' dir='ltr'><strong>dicit</strong></span> <span class='ocrx_word' id='word_1_59' title='bbox 1318 1112 1500 1174; x_wconf 90' lang='lat' dir='ltr'><strong>etiam,</strong></span> <span class='ocrx_word' id='word_1_60' title='bbox 1531 1109 1699 1163; x_wconf 86' lang='lat' dir='ltr'><strong>Testes</strong></span> <span class='ocrx_word' id='word_1_61' title='bbox 1712 1109 1857 1161; x_wconf 76' lang='lat' dir='ltr'><strong>illius</strong></span> <span class='ocrx_word' id='word_1_62' title='bbox 1882 1116 2018 1160; x_wconf 85' lang='lat' dir='ltr'><strong>sunt.</strong></span> 
     </span>
    </p>
   </div>
   <div class='ocr_carea' id='block_1_10' title="bbox 437 1197 2022 1274">
    <p class='ocr_par' dir='ltr' id='par_1_10' title="bbox 437 1197 2022 1274">
     <span class='ocr_line' id='line_1_10' title="bbox 437 1197 2022 1274; baseline -0.008 -12"><span class='ocrx_word' id='word_1_63' title='bbox 437 1209 640 1262; x_wconf 86' lang='lat' dir='ltr'><strong>Deinde</strong></span> <span class='ocrx_word' id='word_1_64' title='bbox 667 1222 873 1262; x_wconf 86' lang='lat' dir='ltr'><strong>rursum</strong></span> <span class='ocrx_word' id='word_1_65' title='bbox 890 1221 955 1262; x_wconf 83' lang='lat' dir='ltr'><strong>ex</strong></span> <span class='ocrx_word' id='word_1_66' title='bbox 977 1205 1268 1274; x_wconf 88' lang='lat' dir='ltr'><strong>Scripturis</strong></span> <span class='ocrx_word' id='word_1_67' title='bbox 1291 1219 1402 1258; x_wconf 90' lang='lat' dir='ltr'><strong>rem</strong></span> <span class='ocrx_word' id='word_1_68' title='bbox 1423 1204 1729 1257; x_wconf 48' lang='lat' dir='ltr'><strong>“conﬁrmat.</strong></span> <span class='ocrx_word' id='word_1_69' title='bbox 1753 1199 1845 1254; x_wconf 71' lang='lat'><strong>29.</strong></span> <span class='ocrx_word' id='word_1_70' title='bbox 1869 1197 2022 1252; x_wconf 82' lang='lat' dir='ltr'><strong>Cum-</strong></span> 
     </span>
    </p>
   </div>
   <div class='ocr_carea' id='block_1_11' title="bbox 435 1293 2017 1370">
    <p class='ocr_par' dir='ltr' id='par_1_11' title="bbox 435 1293 2017 1370">
     <span class='ocr_line' id='line_1_11' title="bbox 435 1293 2017 1370; baseline -0.007 -17"><span class='ocrx_word' id='word_1_71' title='bbox 435 1317 544 1370; x_wconf 76' lang='lat' dir='ltr'><strong>que</strong></span> <span class='ocrx_word' id='word_1_72' title='bbox 558 1307 987 1353; x_wconf 85' lang='lat' dir='ltr'><strong>consummassent</strong></span> <span class='ocrx_word' id='word_1_73' title='bbox 1016 1298 1209 1361; x_wconf 85' lang='lat' dir='ltr'><strong>omnia,</strong></span> <span class='ocrx_word' id='word_1_74' title='bbox 1239 1311 1351 1363; x_wconf 74' lang='lat' dir='ltr'><strong>qua:</strong></span> <span class='ocrx_word' id='word_1_75' title='bbox 1397 1295 1460 1349; x_wconf 84' lang='lat' dir='ltr'><strong>de</strong></span> <span class='ocrx_word' id='word_1_76' title='bbox 1505 1294 1594 1347; x_wconf 87' lang='lat' dir='ltr'><strong>illo</strong></span> <span class='ocrx_word' id='word_1_77' title='bbox 1638 1293 1828 1364; x_wconf 85' lang='lat' dir='ltr'><strong>scripta</strong></span> <span class='ocrx_word' id='word_1_78' title='bbox 1855 1301 2017 1355; x_wconf 85' lang='lat' dir='ltr'><strong>erant,</strong></span> 
     </span>
    </p>
   </div>
   <div class='ocr_carea' id='block_1_12' title="bbox 438 1388 2017 1462">
    <p class='ocr_par' dir='ltr' id='par_1_12' title="bbox 438 1388 2017 1462">
     <span class='ocr_line' id='line_1_12' title="bbox 438 1388 2017 1462; baseline -0.005 -19"><span class='ocrx_word' id='word_1_79' title='bbox 438 1394 741 1462; x_wconf 86' lang='lat' dir='ltr'><strong>deponentes</strong></span> <span class='ocrx_word' id='word_1_80' title='bbox 767 1393 832 1446; x_wconf 88' lang='lat' dir='ltr'><strong>de</strong></span> <span class='ocrx_word' id='word_1_81' title='bbox 871 1393 1032 1461; x_wconf 87' lang='lat' dir='ltr'><strong>ligno,</strong></span> <span class='ocrx_word' id='word_1_82' title='bbox 1066 1399 1340 1461; x_wconf 86' lang='lat' dir='ltr'><strong>posuerunt</strong></span> <span class='ocrx_word' id='word_1_83' title='bbox 1371 1405 1482 1442; x_wconf 89' lang='lat' dir='ltr'><strong>eum</strong></span> <span class='ocrx_word' id='word_1_84' title='bbox 1520 1388 1578 1441; x_wconf 86' lang='lat' dir='ltr'><strong>in</strong></span> <span class='ocrx_word' id='word_1_85' title='bbox 1620 1396 2017 1440; x_wconf 85' lang='lat' dir='ltr'><strong>monumentum.</strong></span> 
     </span>
    </p>
   </div>
   <div class='ocr_carea' id='block_1_13' title="bbox 435 1475 2020 1545">
    <p class='ocr_par' dir='ltr' id='par_1_13' title="bbox 435 1475 2020 1545">
     <span class='ocr_line' id='line_1_13' title="bbox 435 1475 2020 1545; baseline -0.006 -8"><span class='ocrx_word' id='word_1_86' title='bbox 435 1483 524 1539; x_wconf 73' lang='lat'><strong>30.</strong></span> <span class='ocrx_word' id='word_1_87' title='bbox 556 1481 694 1537; x_wconf 96' lang='lat' dir='ltr'><strong>Deus</strong></span> <span class='ocrx_word' id='word_1_88' title='bbox 718 1499 834 1537; x_wconf 82' lang='lat' dir='ltr'><strong>vero</strong></span> <span class='ocrx_word' id='word_1_89' title='bbox 861 1484 1120 1538; x_wconf 72' lang='lat' dir='ltr'><strong>suscitavit</strong></span> <span class='ocrx_word' id='word_1_90' title='bbox 1147 1498 1262 1535; x_wconf 87' lang='lat' dir='ltr'><strong>eum</strong></span> <span class='ocrx_word' id='word_1_91' title='bbox 1290 1498 1322 1533; x_wconf 91' lang='lat' dir='ltr'><strong>a</strong></span> <span class='ocrx_word' id='word_1_92' title='bbox 1349 1481 1562 1534; x_wconf 79' lang='lat' dir='ltr'><strong>mortuis</strong></span> <span class='ocrx_word' id='word_1_93' title='bbox 1609 1479 1756 1532; x_wconf 84' lang='lat' dir='ltr'><strong>tertia</strong></span> <span class='ocrx_word' id='word_1_94' title='bbox 1792 1478 1898 1541; x_wconf 82' lang='lat' dir='ltr'><strong>die,</strong></span> <span class='ocrx_word' id='word_1_95' title='bbox 1931 1475 2020 1545; x_wconf 90' lang='lat' dir='ltr'><strong>qui</strong></span> 
     </span>
    </p>
   </div>
   <div class='ocr_carea' id='block_1_14' title="bbox 434 1570 2020 1646">
    <p class='ocr_par' dir='ltr' id='par_1_14' title="bbox 434 1570 2020 1646">
     <span class='ocr_line' id='line_1_14' title="bbox 434 1570 2020 1646; baseline -0.006 -17"><span class='ocrx_word' id='word_1_96' title='bbox 434 1577 568 1630; x_wconf 75' lang='lat' dir='ltr'><strong>visus</strong></span> <span class='ocrx_word' id='word_1_97' title='bbox 592 1587 665 1632; x_wconf 89' lang='lat' dir='ltr'><strong>est</strong></span> <span class='ocrx_word' id='word_1_98' title='bbox 688 1594 776 1646; x_wconf 90' lang='lat' dir='ltr'><strong>per</strong></span> <span class='ocrx_word' id='word_1_99' title='bbox 801 1578 908 1631; x_wconf 84' lang='lat' dir='ltr'><strong>dies</strong></span> <span class='ocrx_word' id='word_1_100' title='bbox 936 1579 1120 1630; x_wconf 89' lang='lat' dir='ltr'><strong>multos</strong></span> <span class='ocrx_word' id='word_1_101' title='bbox 1156 1577 1240 1641; x_wconf 88' lang='lat' dir='ltr'><strong>iis,</strong></span> <span class='ocrx_word' id='word_1_102' title='bbox 1271 1576 1360 1629; x_wconf 87' lang='grc'><strong>51.</strong></span> <span class='ocrx_word' id='word_1_103' title='bbox 1389 1575 1474 1644; x_wconf 85' lang='lat' dir='ltr'><strong>qui</strong></span> <span class='ocrx_word' id='word_1_104' title='bbox 1500 1572 1651 1626; x_wconf 88' lang='lat' dir='ltr'><strong>simul</strong></span> <span class='ocrx_word' id='word_1_105' title='bbox 1689 1570 2020 1625; x_wconf 86' lang='lat' dir='ltr'><strong>ascenderunt</strong></span> 
     </span>
    </p>
   </div>
   <div class='ocr_carea' id='block_1_15' title="bbox 432 1663 2020 1740">
    <p class='ocr_par' dir='ltr' id='par_1_15' title="bbox 432 1663 2020 1740">
     <span class='ocr_line' id='line_1_15' title="bbox 432 1663 2020 1740; baseline -0.005 -16"><span class='ocrx_word' id='word_1_106' title='bbox 432 1687 555 1740; x_wconf 26' lang='lat' dir='ltr'><strong>cum.</strong></span> <span class='ocrx_word' id='word_1_107' title='bbox 575 1687 633 1724; x_wconf 92' lang='lat' dir='ltr'><strong>eo</strong></span> <span class='ocrx_word' id='word_1_108' title='bbox 661 1671 723 1724; x_wconf 89' lang='lat' dir='ltr'><strong>de</strong></span> <span class='ocrx_word' id='word_1_109' title='bbox 747 1669 961 1724; x_wconf 71' lang='lat' dir='ltr'><strong>Galiltea</strong></span> <span class='ocrx_word' id='word_1_110' title='bbox 984 1673 1038 1724; x_wconf 87' lang='lat' dir='ltr'><strong>in</strong></span> <span class='ocrx_word' id='word_1_111' title='bbox 1059 1670 1366 1733; x_wconf 81' lang='lat' dir='ltr'><strong>Jerusalem,</strong></span> <span class='ocrx_word' id='word_1_112' title='bbox 1396 1670 1482 1738; x_wconf 84' lang='lat' dir='ltr'><strong>qui</strong></span> <span class='ocrx_word' id='word_1_113' title='bbox 1506 1677 1620 1722; x_wconf 84' lang='lat' dir='ltr'><strong>sunt</strong></span> <span class='ocrx_word' id='word_1_114' title='bbox 1649 1675 1794 1720; x_wconf 85' lang='lat' dir='ltr'><strong>testes</strong></span> <span class='ocrx_word' id='word_1_115' title='bbox 1819 1666 1930 1735; x_wconf 87' lang='lat' dir='ltr'><strong>ejus</strong></span> <span class='ocrx_word' id='word_1_116' title='bbox 1950 1663 2020 1717; x_wconf 87' lang='lat' dir='ltr'><strong>ad</strong></span> 
     </span>
    </p>
   </div>
   <div class='ocr_carea' id='block_1_16' title="bbox 435 1755 2020 1832">
    <p class='ocr_par' dir='ltr' id='par_1_16' title="bbox 435 1755 2020 1832">
     <span class='ocr_line' id='line_1_16' title="bbox 435 1755 2020 1832; baseline -0.004 -17"><span class='ocrx_word' id='word_1_117' title='bbox 435 1762 646 1832; x_wconf 83' lang='lat' dir='ltr'><strong>plebem.</strong></span> <span class='ocrx_word' id='word_1_118' title='bbox 679 1761 765 1816; x_wconf 72' lang='lat'><strong>32.</strong></span> <span class='ocrx_word' id='word_1_119' title='bbox 809 1761 875 1815; x_wconf 86' lang='lat' dir='ltr'><strong>Et</strong></span> <span class='ocrx_word' id='word_1_120' title='bbox 905 1779 998 1816; x_wconf 92' lang='lat' dir='ltr'><strong>nos</strong></span> <span class='ocrx_word' id='word_1_121' title='bbox 1045 1763 1181 1815; x_wconf 80' lang='lat' dir='ltr'><strong>vobis</strong></span> <span class='ocrx_word' id='word_1_122' title='bbox 1225 1760 1584 1813; x_wconf 83' lang='lat' dir='ltr'><strong>anmmtiamus</strong></span> <span class='ocrx_word' id='word_1_123' title='bbox 1622 1773 1749 1821; x_wconf 89' lang='lat' dir='ltr'><strong>eam,</strong></span> <span class='ocrx_word' id='word_1_124' title='bbox 1797 1771 1910 1825; x_wconf 63' lang='lat' dir='ltr'><strong>qua</strong></span> <span class='ocrx_word' id='word_1_125' title='bbox 1951 1755 2020 1808; x_wconf 89' lang='lat' dir='ltr'><strong>ad</strong></span> 
     </span>
    </p>
   </div>
   <div class='ocr_carea' id='block_1_17' title="bbox 435 1845 2020 1923">
    <p class='ocr_par' dir='ltr' id='par_1_17' title="bbox 435 1845 2020 1923">
     <span class='ocr_line' id='line_1_17' title="bbox 435 1845 2020 1923; baseline -0.004 -18"><span class='ocrx_word' id='word_1_126' title='bbox 435 1863 601 1923; x_wconf 79' lang='lat' dir='ltr'><strong>patres</strong></span> <span class='ocrx_word' id='word_1_127' title='bbox 625 1863 823 1906; x_wconf 89' lang='lat' dir='ltr'><strong>nostros</strong></span> <span class='ocrx_word' id='word_1_128' title='bbox 843 1853 1164 1922; x_wconf 83' lang='lat' dir='ltr'><strong>repromissio</strong></span> <span class='ocrx_word' id='word_1_129' title='bbox 1185 1855 1320 1923; x_wconf 71' lang='lat' dir='ltr'><strong>facta</strong></span> <span class='ocrx_word' id='word_1_130' title='bbox 1341 1859 1414 1904; x_wconf 90' lang='lat' dir='ltr'><strong>est</strong></span> <span class='ocrx_word' id='word_1_131' title='bbox 1439 1865 1457 1904; x_wconf 93' lang='lat'><strong><em>:</em></strong></span> <span class='ocrx_word' id='word_1_132' title='bbox 1476 1848 1564 1904; x_wconf 83' lang='grc'><strong>55.</strong></span> <span class='ocrx_word' id='word_1_133' title='bbox 1591 1848 1708 1918; x_wconf 87' lang='lat' dir='ltr'><strong>quia</strong></span> <span class='ocrx_word' id='word_1_134' title='bbox 1727 1849 1858 1900; x_wconf 81' lang='lat' dir='ltr'><strong>hanc</strong></span> <span class='ocrx_word' id='word_1_135' title='bbox 1879 1845 2020 1899; x_wconf 87' lang='lat' dir='ltr'><strong>Deus</strong></span> 
     </span>
    </p>
   </div>
   <div class='ocr_carea' id='block_1_18' title="bbox 431 1938 2019 2013">
    <p class='ocr_par' dir='ltr' id='par_1_18' title="bbox 431 1938 2019 2013">
     <span class='ocr_line' id='line_1_18' title="bbox 431 1938 2019 2013; baseline -0.004 -18"><span class='ocrx_word' id='word_1_136' title='bbox 431 1943 722 2013; x_wconf 76' lang='lat' dir='ltr'><strong>adimplevit</strong></span> <span class='ocrx_word' id='word_1_137' title='bbox 761 1942 902 1996; x_wconf 84' lang='lat' dir='ltr'><strong>nobis</strong></span> <span class='ocrx_word' id='word_1_138' title='bbox 932 1943 1053 2010; x_wconf 81' lang='lat' dir='ltr'><strong>ﬁliis</strong></span> <span class='ocrx_word' id='word_1_139' title='bbox 1079 1958 1270 2005; x_wconf 86' lang='lat' dir='ltr'><strong>eorum,</strong></span> <span class='ocrx_word' id='word_1_140' title='bbox 1311 1941 1622 1994; x_wconf 86' lang='lat' dir='ltr'><strong>resuscitans</strong></span> <span class='ocrx_word' id='word_1_141' title='bbox 1657 1938 1854 2002; x_wconf 86' lang='lat' dir='ltr'><strong>Jesum,</strong></span> <span class='ocrx_word' id='word_1_142' title='bbox 1890 1938 2019 1989; x_wconf 79' lang='lat' dir='ltr'><strong>sicut</strong></span> 
     </span>
    </p>
   </div>
   <div class='ocr_carea' id='block_1_19' title="bbox 430 2029 2015 2102">
    <p class='ocr_par' dir='ltr' id='par_1_19' title="bbox 430 2029 2015 2102">
     <span class='ocr_line' id='line_1_19' title="bbox 430 2029 2015 2102; baseline -0.006 -15"><span class='ocrx_word' id='word_1_143' title='bbox 430 2045 478 2086; x_wconf 83' lang='lat' dir='ltr'><strong>et</strong></span> <span class='ocrx_word' id='word_1_144' title='bbox 504 2034 558 2087; x_wconf 87' lang='lat' dir='ltr'><strong>in</strong></span> <span class='ocrx_word' id='word_1_145' title='bbox 586 2032 796 2087; x_wconf 85' lang='lat' dir='ltr'><strong>Psalmo</strong></span> <span class='ocrx_word' id='word_1_146' title='bbox 821 2033 1040 2086; x_wconf 78' lang='lat' dir='ltr'><strong>secundo</strong></span> <span class='ocrx_word' id='word_1_147' title='bbox 1080 2034 1328 2102; x_wconf 82' lang='lat' dir='ltr'><strong>scriptum</strong></span> <span class='ocrx_word' id='word_1_148' title='bbox 1359 2041 1469 2086; x_wconf 88' lang='lat' dir='ltr'><strong>est:</strong></span> <span class='ocrx_word' id='word_1_149' title='bbox 1501 2029 1670 2084; x_wconf 82' lang='lat' dir='ltr'><strong>Filius</strong></span> <span class='ocrx_word' id='word_1_150' title='bbox 1698 2045 1839 2083; x_wconf 88' lang='lat' dir='ltr'><strong>meus</strong></span> <span class='ocrx_word' id='word_1_151' title='bbox 1864 2045 1916 2082; x_wconf 87' lang='lat' dir='ltr'><strong>es</strong></span> <span class='ocrx_word' id='word_1_152' title='bbox 1941 2038 2015 2090; x_wconf 86' lang='lat' dir='ltr'><strong>tn,</strong></span> 
     </span>
    </p>
   </div>
   <div class='ocr_carea' id='block_1_20' title="bbox 431 2123 2018 2197">
    <p class='ocr_par' dir='ltr' id='par_1_20' title="bbox 431 2123 2018 2197">
     <span class='ocr_line' id='line_1_20' title="bbox 431 2123 2018 2197; baseline -0.003 -19"><span class='ocrx_word' id='word_1_153' title='bbox 431 2141 523 2196; x_wconf 86' lang='lat' dir='ltr'><strong>ego</strong></span> <span class='ocrx_word' id='word_1_154' title='bbox 551 2125 701 2179; x_wconf 80' lang='lat' dir='ltr'><strong>hodie</strong></span> <span class='ocrx_word' id='word_1_155' title='bbox 723 2126 875 2197; x_wconf 82' lang='lat' dir='ltr'><strong>genui</strong></span> <span class='ocrx_word' id='word_1_156' title='bbox 899 2136 947 2179; x_wconf 90' lang='lat' dir='ltr'><strong>te</strong></span> <span class='ocrx_word' id='word_1_157' title='bbox 974 2124 1148 2194; x_wconf 89' lang='lat' dir='ltr'><strong>(Psal.</strong></span> <span class='ocrx_word' id='word_1_158' title='bbox 1174 2126 1229 2179; x_wconf 69' lang='grc' dir='ltr'><strong>Ξ.</strong></span> <span class='ocrx_word' id='word_1_159' title='bbox 1261 2126 1337 2195; x_wconf 82' lang='grc'><strong>7).</strong></span> <span class='ocrx_word' id='word_1_160' title='bbox 1369 2125 1456 2179; x_wconf 74' lang='grc'><strong>54.</strong></span> <span class='ocrx_word' id='word_1_161' title='bbox 1490 2123 1639 2190; x_wconf 84' lang='lat' dir='ltr'><strong>Quod</strong></span> <span class='ocrx_word' id='word_1_162' title='bbox 1665 2133 1828 2177; x_wconf 90' lang='lat' dir='ltr'><strong>autem</strong></span> <span class='ocrx_word' id='word_1_163' title='bbox 1849 2123 2018 2177; x_wconf 73' lang='lat' dir='ltr'><strong>susci-</strong></span> 
     </span>
    </p>
   </div>
   <div class='ocr_carea' id='block_1_21' title="bbox 429 2214 2019 2281">
    <p class='ocr_par' dir='ltr' id='par_1_21' title="bbox 429 2214 2019 2281">
     <span class='ocr_line' id='line_1_21' title="bbox 429 2214 2019 2281; baseline -0.001 -13"><span class='ocrx_word' id='word_1_164' title='bbox 429 2217 554 2270; x_wconf 83' lang='lat' dir='ltr'><strong>tavit</strong></span> <span class='ocrx_word' id='word_1_165' title='bbox 579 2233 695 2270; x_wconf 83' lang='lat' dir='ltr'><strong>eum</strong></span> <span class='ocrx_word' id='word_1_166' title='bbox 729 2234 763 2270; x_wconf 90' lang='lat' dir='ltr'><strong>a</strong></span> <span class='ocrx_word' id='word_1_167' title='bbox 811 2217 1042 2281; x_wconf 80' lang='lat' dir='ltr'><strong>mortuis,</strong></span> <span class='ocrx_word' id='word_1_168' title='bbox 1083 2233 1182 2270; x_wconf 86' lang='lat' dir='ltr'><strong>non</strong></span> <span class='ocrx_word' id='word_1_169' title='bbox 1210 2215 1347 2270; x_wconf 82' lang='lat' dir='ltr'><strong>ultra</strong></span> <span class='ocrx_word' id='word_1_170' title='bbox 1392 2231 1710 2268; x_wconf 78' lang='lat' dir='ltr'><strong>reversurum</strong></span> <span class='ocrx_word' id='word_1_171' title='bbox 1743 2214 1800 2266; x_wconf 88' lang='lat' dir='ltr'><strong>in</strong></span> <span class='ocrx_word' id='word_1_172' title='bbox 1839 2231 2019 2267; x_wconf 79' lang='lat' dir='ltr'><strong>corru-</strong></span> 
     </span>
    </p>
   </div>
   <div class='ocr_carea' id='block_1_22' title="bbox 436 2306 2016 2376">
    <p class='ocr_par' dir='ltr' id='par_1_22' title="bbox 436 2306 2016 2376">
     <span class='ocr_line' id='line_1_22' title="bbox 436 2306 2016 2376; baseline -0.001 -16"><span class='ocrx_word' id='word_1_173' title='bbox 436 2309 676 2376; x_wconf 80' lang='lat' dir='ltr'><strong>ptionem,</strong></span> <span class='ocrx_word' id='word_1_174' title='bbox 705 2309 776 2363; x_wconf 81' lang='lat' dir='ltr'><strong>ita</strong></span> <span class='ocrx_word' id='word_1_175' title='bbox 799 2309 948 2374; x_wconf 73' lang='lat' dir='ltr'><strong>dixit,</strong></span> <span class='ocrx_word' id='word_1_176' title='bbox 975 2309 1110 2374; x_wconf 88' lang='lat' dir='ltr'><strong>Quia</strong></span> <span class='ocrx_word' id='word_1_177' title='bbox 1134 2308 1262 2362; x_wconf 87' lang='lat' dir='ltr'><strong>dabo</strong></span> <span class='ocrx_word' id='word_1_178' title='bbox 1285 2309 1422 2362; x_wconf 78' lang='lat' dir='ltr'><strong>t&#39;obis</strong></span> <span class='ocrx_word' id='word_1_179' title='bbox 1441 2318 1613 2361; x_wconf 88' lang='lat' dir='ltr'><strong>sancta</strong></span> <span class='ocrx_word' id='word_1_180' title='bbox 1639 2306 1802 2359; x_wconf 79' lang='lat' dir='ltr'><strong>David</strong></span> <span class='ocrx_word' id='word_1_181' title='bbox 1843 2306 2016 2374; x_wconf 77' lang='lat' dir='ltr'><strong>ﬁdelia</strong></span> 
     </span>
    </p>
   </div>
   <div class='ocr_carea' id='block_1_23' title="bbox 432 2397 2017 2473">
    <p class='ocr_par' dir='ltr' id='par_1_23' title="bbox 432 2397 2017 2473">
     <span class='ocr_line' id='line_1_23' title="bbox 432 2397 2017 2473; baseline -0.003 -19"><span class='ocrx_word' id='word_1_182' title='bbox 432 2399 589 2473; x_wconf 87' lang='lat' dir='ltr'><strong>(lsai.</strong></span> <span class='ocrx_word' id='word_1_183' title='bbox 621 2402 712 2456; x_wconf 82' lang='lat'><strong>55.</strong></span> <span class='ocrx_word' id='word_1_184' title='bbox 757 2403 837 2463; x_wconf 84' lang='grc'><strong>5).</strong></span> <span class='ocrx_word' id='word_1_185' title='bbox 879 2403 966 2458; x_wconf 78' lang='grc'><strong>55.</strong></span> <span class='ocrx_word' id='word_1_186' title='bbox 999 2399 1127 2455; x_wconf 86' lang='lat' dir='ltr'><strong>Ideo</strong></span> <span class='ocrx_word' id='word_1_187' title='bbox 1157 2411 1204 2454; x_wconf 88' lang='lat' dir='ltr'><strong>et</strong></span> <span class='ocrx_word' id='word_1_188' title='bbox 1249 2402 1303 2454; x_wconf 88' lang='lat' dir='ltr'><strong>in</strong></span> <span class='ocrx_word' id='word_1_189' title='bbox 1348 2399 1451 2454; x_wconf 87' lang='lat' dir='ltr'><strong>alio</strong></span> <span class='ocrx_word' id='word_1_190' title='bbox 1495 2401 1669 2454; x_wconf 83' lang='lat' dir='ltr'><strong>dicit:</strong></span> <span class='ocrx_word' id='word_1_191' title='bbox 1704 2397 1827 2452; x_wconf 87' lang='lat' dir='ltr'><strong>Non</strong></span> <span class='ocrx_word' id='word_1_192' title='bbox 1873 2398 2017 2451; x_wconf 75' lang='lat' dir='ltr'><strong>dabis</strong></span> 
     </span>
    </p>
   </div>
   <div class='ocr_carea' id='block_1_24' title="bbox 433 2491 2014 2564">
    <p class='ocr_par' dir='ltr' id='par_1_24' title="bbox 433 2491 2014 2564">
     <span class='ocr_line' id='line_1_24' title="bbox 433 2491 2014 2564; baseline -0.003 -16"><span class='ocrx_word' id='word_1_193' title='bbox 433 2491 681 2548; x_wconf 83' lang='lat' dir='ltr'><strong>Sanctum</strong></span> <span class='ocrx_word' id='word_1_194' title='bbox 707 2503 846 2548; x_wconf 89' lang='lat' dir='ltr'><strong>tuum</strong></span> <span class='ocrx_word' id='word_1_195' title='bbox 873 2495 1040 2548; x_wconf 88' lang='lat' dir='ltr'><strong>videre</strong></span> <span class='ocrx_word' id='word_1_196' title='bbox 1062 2495 1433 2563; x_wconf 77' lang='lat' dir='ltr'><strong>corruptionem</strong></span> <span class='ocrx_word' id='word_1_197' title='bbox 1475 2492 1645 2564; x_wconf 85' lang='lat' dir='ltr'><strong>(Psal.</strong></span> <span class='ocrx_word' id='word_1_198' title='bbox 1673 2493 1758 2546; x_wconf 84' lang='grc'><strong>15.</strong></span> <span class='ocrx_word' id='word_1_199' title='bbox 1787 2492 1894 2559; x_wconf 90' lang='grc'><strong>10).</strong></span> <span class='ocrx_word' id='word_1_200' title='bbox 1925 2491 2014 2545; x_wconf 85' lang='grc'><strong>56.</strong></span> 
     </span>
    </p>
   </div>
   <div class='ocr_carea' id='block_1_25' title="bbox 430 2583 2018 2655">
    <p class='ocr_par' dir='ltr' id='par_1_25' title="bbox 430 2583 2018 2655">
     <span class='ocr_line' id='line_1_25' title="bbox 430 2583 2018 2655; baseline -0.001 -18"><span class='ocrx_word' id='word_1_201' title='bbox 430 2583 601 2638; x_wconf 80' lang='lat' dir='ltr'><strong>David</strong></span> <span class='ocrx_word' id='word_1_202' title='bbox 629 2585 761 2639; x_wconf 87' lang='lat' dir='ltr'><strong>enim</strong></span> <span class='ocrx_word' id='word_1_203' title='bbox 789 2586 841 2639; x_wconf 88' lang='lat' dir='ltr'><strong>in</strong></span> <span class='ocrx_word' id='word_1_204' title='bbox 869 2602 964 2640; x_wconf 84' lang='lat' dir='ltr'><strong>sua</strong></span> <span class='ocrx_word' id='word_1_205' title='bbox 989 2587 1312 2655; x_wconf 76' lang='lat' dir='ltr'><strong>generatione</strong></span> <span class='ocrx_word' id='word_1_206' title='bbox 1351 2601 1466 2638; x_wconf 88' lang='lat' dir='ltr'><strong>cum</strong></span> <span class='ocrx_word' id='word_1_207' title='bbox 1507 2585 1905 2638; x_wconf 84' lang='lat' dir='ltr'><strong>administrasset</strong></span> <span class='ocrx_word' id='word_1_208' title='bbox 1929 2598 2018 2635; x_wconf 79' lang='lat' dir='ltr'><strong>oo-</strong></span> 
     </span>
    </p>
   </div>
   <div class='ocr_carea' id='block_1_26' title="bbox 430 2676 2018 2746">
    <p class='ocr_par' dir='ltr' id='par_1_26' title="bbox 430 2676 2018 2746">
     <span class='ocr_line' id='line_1_26' title="bbox 430 2676 2018 2746; baseline -0.001 -17"><span class='ocrx_word' id='word_1_209' title='bbox 430 2677 612 2730; x_wconf 87' lang='lat' dir='ltr'><strong>luntati</strong></span> <span class='ocrx_word' id='word_1_210' title='bbox 635 2676 750 2742; x_wconf 83' lang='lat' dir='ltr'><strong>Dei,</strong></span> <span class='ocrx_word' id='word_1_211' title='bbox 782 2677 1040 2737; x_wconf 71' lang='lat' dir='ltr'><strong>dormivit,</strong></span> <span class='ocrx_word' id='word_1_212' title='bbox 1068 2688 1114 2730; x_wconf 88' lang='lat' dir='ltr'><strong>et</strong></span> <span class='ocrx_word' id='word_1_213' title='bbox 1137 2677 1402 2746; x_wconf 80' lang='lat' dir='ltr'><strong>appositus</strong></span> <span class='ocrx_word' id='word_1_214' title='bbox 1422 2686 1495 2731; x_wconf 88' lang='lat' dir='ltr'><strong>est</strong></span> <span class='ocrx_word' id='word_1_215' title='bbox 1517 2677 1586 2729; x_wconf 89' lang='lat' dir='ltr'><strong>ad</strong></span> <span class='ocrx_word' id='word_1_216' title='bbox 1615 2686 1779 2742; x_wconf 87' lang='lat' dir='ltr'><strong>patres</strong></span> <span class='ocrx_word' id='word_1_217' title='bbox 1805 2691 1940 2736; x_wconf 87' lang='lat' dir='ltr'><strong>suos,</strong></span> <span class='ocrx_word' id='word_1_218' title='bbox 1970 2683 2018 2728; x_wconf 81' lang='lat' dir='ltr'><strong>et</strong></span> 
     </span>
    </p>
   </div>
   <div class='ocr_carea' id='block_1_27' title="bbox 429 2767 2018 2839">
    <p class='ocr_par' dir='ltr' id='par_1_27' title="bbox 429 2767 2018 2839">
     <span class='ocr_line' id='line_1_27' title="bbox 429 2767 2018 2839; baseline 0.001 -18"><span class='ocrx_word' id='word_1_219' title='bbox 429 2769 552 2823; x_wconf 81' lang='lat' dir='ltr'><strong>vidit</strong></span> <span class='ocrx_word' id='word_1_220' title='bbox 579 2769 954 2839; x_wconf 89' lang='lat' dir='ltr'><strong>corruptionem</strong></span> <span class='ocrx_word' id='word_1_221' title='bbox 983 2784 1002 2824; x_wconf 91' lang='lat'><strong><em>:</em></strong></span> <span class='ocrx_word' id='word_1_222' title='bbox 1029 2768 1117 2824; x_wconf 88' lang='grc'><strong>57.</strong></span> <span class='ocrx_word' id='word_1_223' title='bbox 1166 2785 1310 2836; x_wconf 84' lang='lat' dir='ltr'><strong>quem</strong></span> <span class='ocrx_word' id='word_1_224' title='bbox 1351 2785 1466 2824; x_wconf 84' lang='lat' dir='ltr'><strong>vero</strong></span> <span class='ocrx_word' id='word_1_225' title='bbox 1516 2767 1656 2823; x_wconf 79' lang='lat' dir='ltr'><strong>Deus</strong></span> <span class='ocrx_word' id='word_1_226' title='bbox 1693 2769 1950 2823; x_wconf 85' lang='lat' dir='ltr'><strong>suscitavit</strong></span> <span class='ocrx_word' id='word_1_227' title='bbox 1984 2784 2018 2822; x_wconf 90' lang='lat' dir='ltr'><strong>a</strong></span> 
     </span>
    </p>
   </div>
   <div class='ocr_carea' id='block_1_28' title="bbox 428 2859 2016 2931">
    <p class='ocr_par' dir='ltr' id='par_1_28' title="bbox 428 2859 2016 2931">
     <span class='ocr_line' id='line_1_28' title="bbox 428 2859 2016 2931; baseline 0.001 -19"><span class='ocrx_word' id='word_1_228' title='bbox 428 2863 659 2927; x_wconf 88' lang='lat' dir='ltr'><strong>mortuis,</strong></span> <span class='ocrx_word' id='word_1_229' title='bbox 687 2877 789 2915; x_wconf 84' lang='lat' dir='ltr'><strong>non</strong></span> <span class='ocrx_word' id='word_1_230' title='bbox 816 2861 940 2914; x_wconf 80' lang='lat' dir='ltr'><strong>vidit</strong></span> <span class='ocrx_word' id='word_1_231' title='bbox 963 2861 1357 2931; x_wconf 82' lang='lat' dir='ltr'><strong>corruptionem.</strong></span> <span class='ocrx_word' id='word_1_232' title='bbox 1392 2859 1526 2915; x_wconf 88' lang='lat' dir='ltr'><strong>Vide</strong></span> <span class='ocrx_word' id='word_1_233' title='bbox 1555 2860 1697 2914; x_wconf 85' lang='lat' dir='ltr'><strong>hunc</strong></span> <span class='ocrx_word' id='word_1_234' title='bbox 1724 2860 2016 2915; x_wconf 81' lang='lat' dir='ltr'><strong>vehemen-</strong></span> 
     </span>
    </p>
   </div>
   <div class='ocr_carea' id='block_1_29' title="bbox 428 2950 2012 3022">
    <p class='ocr_par' dir='ltr' id='par_1_29' title="bbox 428 2950 2012 3022">
     <span class='ocr_line' id='line_1_29' title="bbox 428 2950 2012 3022; baseline -0.003 -16"><span class='ocrx_word' id='word_1_235' title='bbox 428 2954 535 3006; x_wconf 90' lang='lat' dir='ltr'><strong>tius</strong></span> <span class='ocrx_word' id='word_1_236' title='bbox 562 2952 936 3008; x_wconf 80' lang='lat' dir='ltr'><strong>disserentem.</strong></span> <span class='ocrx_word' id='word_1_237' title='bbox 989 2951 1102 3007; x_wconf 88' lang='lat' dir='ltr'><strong>Hoc</strong></span> <span class='ocrx_word' id='word_1_238' title='bbox 1147 2967 1437 3022; x_wconf 82' lang='lat' dir='ltr'><strong>numquam</strong></span> <span class='ocrx_word' id='word_1_239' title='bbox 1484 2951 1677 3006; x_wconf 84' lang='lat' dir='ltr'><strong>Petrus</strong></span> <span class='ocrx_word' id='word_1_240' title='bbox 1722 2950 1874 3005; x_wconf 82' lang='lat' dir='ltr'><strong>dixit.</strong></span> <span class='ocrx_word' id='word_1_241' title='bbox 1923 2950 2012 3004; x_wconf 77' lang='lat'><strong>38.</strong></span> 
     </span>
    </p>
   </div>
   <div class='ocr_carea' id='block_1_30' title="bbox 433 3041 2017 3115">
    <p class='ocr_par' dir='ltr' id='par_1_30' title="bbox 433 3041 2017 3115">
     <span class='ocr_line' id='line_1_30' title="bbox 433 3041 2017 3115; baseline -0.003 -17"><span class='ocrx_word' id='word_1_242' title='bbox 433 3045 624 3099; x_wconf 79' lang='lat' dir='ltr'><strong>Nolunt</strong></span> <span class='ocrx_word' id='word_1_243' title='bbox 645 3045 802 3115; x_wconf 81' lang='lat' dir='ltr'><strong>igitur</strong></span> <span class='ocrx_word' id='word_1_244' title='bbox 828 3046 892 3100; x_wconf 89' lang='lat' dir='ltr'><strong>sit</strong></span> <span class='ocrx_word' id='word_1_245' title='bbox 916 3045 1073 3104; x_wconf 77' lang='lat' dir='ltr'><strong>vobis.</strong></span> <span class='ocrx_word' id='word_1_246' title='bbox 1095 3044 1190 3097; x_wconf 82' lang='lat' dir='ltr'><strong>viri</strong></span> <span class='ocrx_word' id='word_1_247' title='bbox 1219 3044 1425 3112; x_wconf 77' lang='lat' dir='ltr'><strong>fratres,</strong></span> <span class='ocrx_word' id='word_1_248' title='bbox 1457 3043 1576 3112; x_wconf 87' lang='lat' dir='ltr'><strong>quia</strong></span> <span class='ocrx_word' id='word_1_249' title='bbox 1601 3056 1689 3111; x_wconf 89' lang='lat' dir='ltr'><strong>per</strong></span> <span class='ocrx_word' id='word_1_250' title='bbox 1713 3041 1846 3094; x_wconf 73' lang='lat' dir='ltr'><strong>hunc</strong></span> <span class='ocrx_word' id='word_1_251' title='bbox 1873 3042 2017 3094; x_wconf 87' lang='lat' dir='ltr'><strong>nobis</strong></span> 
     </span>
    </p>
   </div>
   <div class='ocr_carea' id='block_1_31' title="bbox 429 3133 2014 3206">
    <p class='ocr_par' dir='ltr' id='par_1_31' title="bbox 429 3133 2014 3206">
     <span class='ocr_line' id='line_1_31' title="bbox 429 3133 2014 3206; baseline -0.004 -15"><span class='ocrx_word' id='word_1_252' title='bbox 429 3136 657 3191; x_wconf 82' lang='lat' dir='ltr'><strong>remissio</strong></span> <span class='ocrx_word' id='word_1_253' title='bbox 679 3144 1000 3206; x_wconf 80' lang='lat' dir='ltr'><strong>peccatorum</strong></span> <span class='ocrx_word' id='word_1_254' title='bbox 1025 3135 1378 3200; x_wconf 79' lang='lat' dir='ltr'><strong>annuntiatur,</strong></span> <span class='ocrx_word' id='word_1_255' title='bbox 1409 3143 1455 3188; x_wconf 82' lang='lat' dir='ltr'><strong>et</strong></span> <span class='ocrx_word' id='word_1_256' title='bbox 1478 3134 1540 3186; x_wconf 82' lang='lat' dir='ltr'><strong>ab</strong></span> <span class='ocrx_word' id='word_1_257' title='bbox 1560 3133 1813 3196; x_wconf 85' lang='lat' dir='ltr'><strong>omnibus,</strong></span> <span class='ocrx_word' id='word_1_258' title='bbox 1843 3150 1874 3186; x_wconf 88' lang='lat' dir='ltr'><strong>a</strong></span> <span class='ocrx_word' id='word_1_259' title='bbox 1894 3133 2014 3202; x_wconf 75' lang='lat' dir='ltr'><strong>qui-</strong></span> 
     </span>
    </p>
   </div>
   <div class='ocr_carea' id='block_1_32' title="bbox 425 3223 2015 3297">
    <p class='ocr_par' dir='ltr' id='par_1_32' title="bbox 425 3223 2015 3297">
     <span class='ocr_line' id='line_1_32' title="bbox 425 3223 2015 3297; baseline -0.003 -17"><span class='ocrx_word' id='word_1_260' title='bbox 425 3227 520 3280; x_wconf 79' lang='lat' dir='ltr'><strong>bus</strong></span> <span class='ocrx_word' id='word_1_261' title='bbox 540 3244 644 3281; x_wconf 86' lang='lat' dir='ltr'><strong>non</strong></span> <span class='ocrx_word' id='word_1_262' title='bbox 675 3227 906 3297; x_wconf 86' lang='lat' dir='ltr'><strong>potuistis</strong></span> <span class='ocrx_word' id='word_1_263' title='bbox 941 3227 994 3280; x_wconf 85' lang='lat' dir='ltr'><strong>in</strong></span> <span class='ocrx_word' id='word_1_264' title='bbox 1033 3226 1144 3295; x_wconf 82' lang='lat' dir='ltr'><strong>lege</strong></span> <span class='ocrx_word' id='word_1_265' title='bbox 1179 3223 1372 3294; x_wconf 65' lang='grc' dir='ltr'><strong>Μουκία</strong></span> <span class='ocrx_word' id='word_1_266' title='bbox 1396 3225 1687 3293; x_wconf 75' lang='lat' dir='ltr'><strong>iustiﬁcari,</strong></span> <span class='ocrx_word' id='word_1_267' title='bbox 1719 3223 1808 3278; x_wconf 87' lang='grc'><strong>59.</strong></span> <span class='ocrx_word' id='word_1_268' title='bbox 1842 3223 1895 3276; x_wconf 88' lang='lat' dir='ltr'><strong>in</strong></span> <span class='ocrx_word' id='word_1_269' title='bbox 1922 3225 2015 3276; x_wconf 84' lang='lat' dir='ltr'><strong>hoc</strong></span> 
     </span>
    </p>
   </div>
   <div class='ocr_carea' id='block_1_33' title="bbox 426 3316 2010 3389">
    <p class='ocr_par' dir='ltr' id='par_1_33' title="bbox 426 3316 2010 3389">
     <span class='ocr_line' id='line_1_33' title="bbox 426 3316 2010 3389; baseline -0.001 -18"><span class='ocrx_word' id='word_1_270' title='bbox 426 3319 594 3373; x_wconf 86' lang='lat' dir='ltr'><strong>omnis</strong></span> <span class='ocrx_word' id='word_1_271' title='bbox 617 3320 704 3389; x_wconf 84' lang='lat' dir='ltr'><strong>qui</strong></span> <span class='ocrx_word' id='word_1_272' title='bbox 727 3319 888 3372; x_wconf 85' lang='lat' dir='ltr'><strong>credit</strong></span> <span class='ocrx_word' id='word_1_273' title='bbox 902 3318 1234 3388; x_wconf 81' lang='lat' dir='ltr'><strong>justiﬁcatur.</strong></span> <span class='ocrx_word' id='word_1_274' title='bbox 1263 3317 1465 3372; x_wconf 79' lang='lat' dir='ltr'><strong>Deinde</strong></span> <span class='ocrx_word' id='word_1_275' title='bbox 1489 3316 1591 3371; x_wconf 87' lang='lat' dir='ltr'><strong>hoc</strong></span> <span class='ocrx_word' id='word_1_276' title='bbox 1613 3316 1852 3372; x_wconf 74' lang='lat' dir='ltr'><strong>terribile</strong></span> <span class='ocrx_word' id='word_1_277' title='bbox 1879 3332 1893 3370; x_wconf 88' lang='lat'><strong>:</strong></span> <span class='ocrx_word' id='word_1_278' title='bbox 1922 3316 2010 3370; x_wconf 74' lang='grc'><strong>40.</strong></span> 
     </span>
    </p>
   </div>
   <div class='ocr_carea' id='block_1_34' title="bbox 442 3409 2016 3483">
    <p class='ocr_par' dir='ltr' id='par_1_34' title="bbox 442 3409 2016 3483">
     <span class='ocr_line' id='line_1_34' title="bbox 442 3409 2016 3483; baseline -0.002 -18"><span class='ocrx_word' id='word_1_279' title='bbox 442 3412 616 3467; x_wconf 81' lang='lat' dir='ltr'><strong>Videte</strong></span> <span class='ocrx_word' id='word_1_280' title='bbox 640 3429 780 3483; x_wconf 89' lang='lat' dir='ltr'><strong>ergo,</strong></span> <span class='ocrx_word' id='word_1_281' title='bbox 821 3429 882 3466; x_wconf 83' lang='lat' dir='ltr'><strong>ne</strong></span> <span class='ocrx_word' id='word_1_282' title='bbox 917 3412 1235 3480; x_wconf 75' lang='lat' dir='ltr'><strong>superveniat</strong></span> <span class='ocrx_word' id='word_1_283' title='bbox 1268 3411 1406 3465; x_wconf 80' lang='lat' dir='ltr'><strong>vobis</strong></span> <span class='ocrx_word' id='word_1_284' title='bbox 1442 3410 1578 3479; x_wconf 87' lang='lat' dir='ltr'><strong>quod</strong></span> <span class='ocrx_word' id='word_1_285' title='bbox 1619 3409 1808 3462; x_wconf 87' lang='lat' dir='ltr'><strong>dictum</strong></span> <span class='ocrx_word' id='word_1_286' title='bbox 1854 3419 1925 3464; x_wconf 89' lang='lat' dir='ltr'><strong>est</strong></span> <span class='ocrx_word' id='word_1_287' title='bbox 1962 3409 2016 3462; x_wconf 86' lang='lat' dir='ltr'><strong>in</strong></span> 
     </span>
    </p>
   </div>
   <div class='ocr_carea' id='block_1_35' title="bbox 429 3501 2015 3575">
    <p class='ocr_par' dir='ltr' id='par_1_35' title="bbox 429 3501 2015 3575">
     <span class='ocr_line' id='line_1_35' title="bbox 429 3501 2015 3575; baseline -0.002 -18"><span class='ocrx_word' id='word_1_288' title='bbox 429 3504 688 3575; x_wconf 75' lang='lat' dir='ltr'><strong>prophetis</strong></span> <span class='ocrx_word' id='word_1_289' title='bbox 718 3519 739 3559; x_wconf 87' lang='lat'><strong><em>:</em></strong></span> <span class='ocrx_word' id='word_1_290' title='bbox 765 3505 856 3558; x_wconf 72' lang='grc'><strong>41.</strong></span> <span class='ocrx_word' id='word_1_291' title='bbox 896 3501 1090 3568; x_wconf 79' lang='lat' dir='ltr'><strong>Videte,</strong></span> <span class='ocrx_word' id='word_1_292' title='bbox 1111 3511 1496 3572; x_wconf 85' lang='lat' dir='ltr'><strong>contemptores,</strong></span> <span class='ocrx_word' id='word_1_293' title='bbox 1519 3509 1565 3554; x_wconf 88' lang='lat' dir='ltr'><strong>et</strong></span> <span class='ocrx_word' id='word_1_294' title='bbox 1593 3501 1937 3564; x_wconf 78' lang='lat' dir='ltr'><strong>admirantini,</strong></span> <span class='ocrx_word' id='word_1_295' title='bbox 1967 3509 2015 3554; x_wconf 85' lang='lat' dir='ltr'><strong>et</strong></span> 
     </span>
    </p>
   </div>
   <div class='ocr_carea' id='block_1_36' title="bbox 427 3593 2010 3668">
    <p class='ocr_par' dir='ltr' id='par_1_36' title="bbox 427 3593 2010 3668">
     <span class='ocr_line' id='line_1_36' title="bbox 427 3593 2010 3668; baseline -0.001 -20"><span class='ocrx_word' id='word_1_296' title='bbox 427 3595 797 3665; x_wconf 83' lang='lat' dir='ltr'><strong>disperdimini,</strong></span> <span class='ocrx_word' id='word_1_297' title='bbox 844 3595 964 3668; x_wconf 79' lang='lat' dir='ltr'><strong>quia</strong></span> <span class='ocrx_word' id='word_1_298' title='bbox 998 3611 1128 3663; x_wconf 83' lang='lat' dir='ltr'><strong>opus</strong></span> <span class='ocrx_word' id='word_1_299' title='bbox 1169 3610 1352 3664; x_wconf 89' lang='lat' dir='ltr'><strong>operor</strong></span> <span class='ocrx_word' id='word_1_300' title='bbox 1388 3610 1479 3662; x_wconf 87' lang='lat' dir='ltr'><strong>ego</strong></span> <span class='ocrx_word' id='word_1_301' title='bbox 1506 3594 1562 3647; x_wconf 88' lang='lat' dir='ltr'><strong>in</strong></span> <span class='ocrx_word' id='word_1_302' title='bbox 1604 3593 1776 3646; x_wconf 85' lang='lat' dir='ltr'><strong>diebus</strong></span> <span class='ocrx_word' id='word_1_303' title='bbox 1813 3593 2010 3660; x_wconf 78' lang='lat' dir='ltr'><strong>vestris,</strong></span> 
     </span>
    </p>
   </div>
   <div class='ocr_carea' id='block_1_37' title="bbox 425 3681 2010 3756">
    <p class='ocr_par' dir='ltr' id='par_1_37' title="bbox 425 3681 2010 3756">
     <span class='ocr_line' id='line_1_37' title="bbox 425 3681 2010 3756; baseline 0 -17"><span class='ocrx_word' id='word_1_304' title='bbox 425 3685 565 3756; x_wconf 84' lang='lat' dir='ltr'><strong>quod</strong></span> <span class='ocrx_word' id='word_1_305' title='bbox 579 3702 680 3739; x_wconf 88' lang='lat' dir='ltr'><strong>non</strong></span> <span class='ocrx_word' id='word_1_306' title='bbox 697 3685 931 3749; x_wconf 82' lang='lat' dir='ltr'><strong>credetis,</strong></span> <span class='ocrx_word' id='word_1_307' title='bbox 948 3684 992 3738; x_wconf 90' lang='lat' dir='ltr'><strong>si</strong></span> <span class='ocrx_word' id='word_1_308' title='bbox 1008 3685 1120 3754; x_wconf 75' lang='lat' dir='ltr'><strong>quis</strong></span> <span class='ocrx_word' id='word_1_309' title='bbox 1135 3689 1443 3738; x_wconf 82' lang='lat' dir='ltr'><strong>enarraverit</strong></span> <span class='ocrx_word' id='word_1_310' title='bbox 1464 3683 1602 3738; x_wconf 83' lang='lat' dir='ltr'><strong>vobis</strong></span> <span class='ocrx_word' id='word_1_311' title='bbox 1623 3681 1843 3753; x_wconf 79' lang='lat' dir='ltr'><strong>(Habeo.</strong></span> <span class='ocrx_word' id='word_1_312' title='bbox 1866 3683 1888 3736; x_wconf 93' lang='grc'><strong>1</strong></span> <span class='ocrx_word' id='word_1_313' title='bbox 1904 3681 2010 3753; x_wconf 83' lang='lat'><strong>.5).</strong></span> 
     </span>
    </p>
   </div>
   <div class='ocr_carea' id='block_1_38' title="bbox 497 3773 2008 3848">
    <p class='ocr_par' dir='ltr' id='par_1_38' title="bbox 497 3773 2008 3848">
     <span class='ocr_line' id='line_1_38' title="bbox 497 3773 2008 3848; baseline -0.001 -18"><span class='ocrx_word' id='word_1_314' title='bbox 497 3777 554 3830; x_wconf 73' lang='lat'><strong>2.</strong></span> <span class='ocrx_word' id='word_1_315' title='bbox 586 3776 722 3831; x_wconf 84' lang='lat' dir='ltr'><strong>Vide</strong></span> <span class='ocrx_word' id='word_1_316' title='bbox 749 3774 1019 3848; x_wconf 90' lang='lat' dir='ltr'><strong>quomodo</strong></span> <span class='ocrx_word' id='word_1_317' title='bbox 1036 3773 1518 3830; x_wconf 87' lang='lat' dir='ltr'><strong>nectitsermonem</strong></span> <span class='ocrx_word' id='word_1_318' title='bbox 1541 3788 1606 3829; x_wconf 78' lang='lat' dir='ltr'><strong>ex</strong></span> <span class='ocrx_word' id='word_1_319' title='bbox 1637 3774 2008 3843; x_wconf 62' lang='lat' dir='ltr'><strong>praesentibus,</strong></span> 
     </span>
    </p>
   </div>
   <div class='ocr_carea' id='block_1_39' title="bbox 425 3866 2008 3938">
    <p class='ocr_par' dir='ltr' id='par_1_39' title="bbox 425 3866 2008 3938">
     <span class='ocr_line' id='line_1_39' title="bbox 425 3866 2008 3938; baseline 0.001 -18"><span class='ocrx_word' id='word_1_320' title='bbox 425 3885 494 3923; x_wconf 74' lang='lat' dir='ltr'><strong>ex</strong></span> <span class='ocrx_word' id='word_1_321' title='bbox 527 3868 839 3938; x_wconf 77' lang='lat' dir='ltr'><strong>prophetis,</strong></span> <span class='ocrx_word' id='word_1_322' title='bbox 891 3883 957 3921; x_wconf 82' lang='lat' dir='ltr'><strong>ex</strong></span> <span class='ocrx_word' id='word_1_323' title='bbox 1001 3869 1206 3921; x_wconf 89' lang='lat' dir='ltr'><strong>semine</strong></span> <span class='ocrx_word' id='word_1_324' title='bbox 1234 3866 1528 3920; x_wconf 90' lang='lat' dir='ltr'><strong>secundum</strong></span> <span class='ocrx_word' id='word_1_325' title='bbox 1574 3866 2008 3935; x_wconf 84' lang='lat' dir='ltr'><strong>promissionem.</strong></span> 
     </span>
    </p>
   </div>
   <div class='ocr_carea' id='block_1_40' title="bbox 434 3958 2011 4031">
    <p class='ocr_par' dir='ltr' id='par_1_40' title="bbox 434 3958 2011 4031">
     <span class='ocr_line' id='line_1_40' title="bbox 434 3958 2011 4031; baseline -0.001 -17"><span class='ocrx_word' id='word_1_326' title='bbox 434 3961 628 4016; x_wconf 90' lang='lat' dir='ltr'><strong>Verum</strong></span> <span class='ocrx_word' id='word_1_327' title='bbox 650 3969 812 4028; x_wconf 81' lang='lat' dir='ltr'><strong>supra</strong></span> <span class='ocrx_word' id='word_1_328' title='bbox 848 3961 988 4016; x_wconf 80' lang='lat' dir='ltr'><strong>dicta</strong></span> <span class='ocrx_word' id='word_1_329' title='bbox 1013 3959 1380 4029; x_wconf 80' lang='lat' dir='ltr'><strong>exploremus.</strong></span> <span class='ocrx_word' id='word_1_330' title='bbox 1427 3958 1537 4012; x_wconf 87' lang='lat' dir='ltr'><strong>Viri</strong></span> <span class='ocrx_word' id='word_1_331' title='bbox 1565 3960 1770 4024; x_wconf 76' lang='lat' dir='ltr'><strong>fratres,</strong></span> <span class='ocrx_word' id='word_1_332' title='bbox 1797 3961 1893 4023; x_wconf 83' lang='lat' dir='ltr'><strong>lilii</strong></span> <span class='ocrx_word' id='word_1_333' title='bbox 1920 3976 2011 4031; x_wconf 77' lang='lat' dir='ltr'><strong>ge-</strong></span> 
     </span>
    </p>
   </div>
   <div class='ocr_carea' id='block_1_41' title="bbox 430 4049 2010 4122">
    <p class='ocr_par' dir='ltr' id='par_1_41' title="bbox 430 4049 2010 4122">
     <span class='ocr_line' id='line_1_41' title="bbox 430 4049 2010 4122; baseline 0 -14"><span class='ocrx_word' id='word_1_334' title='bbox 430 4055 565 4108; x_wconf 79' lang='lat' dir='ltr'><strong>neris</strong></span> <span class='ocrx_word' id='word_1_335' title='bbox 606 4053 843 4107; x_wconf 68' lang='lat' dir='ltr'><strong>Abrahae.</strong></span> <span class='ocrx_word' id='word_1_336' title='bbox 886 4053 928 4106; x_wconf 85' lang='lat' dir='ltr'><strong>A</strong></span> <span class='ocrx_word' id='word_1_337' title='bbox 970 4060 1119 4122; x_wconf 83' lang='lat' dir='ltr'><strong>patre</strong></span> <span class='ocrx_word' id='word_1_338' title='bbox 1164 4052 1308 4120; x_wconf 89' lang='lat' dir='ltr'><strong>ipsos</strong></span> <span class='ocrx_word' id='word_1_339' title='bbox 1350 4051 1601 4121; x_wconf 80' lang='lat' dir='ltr'><strong>appellat.</strong></span> <span class='ocrx_word' id='word_1_340' title='bbox 1653 4049 1804 4104; x_wconf 80' lang='lat' dir='ltr'><strong>Vobis</strong></span> <span class='ocrx_word' id='word_1_341' title='bbox 1848 4068 2010 4108; x_wconf 82' lang='lat' dir='ltr'><strong>sermo</strong></span> 
     </span>
    </p>
   </div>
   <div class='ocr_carea' id='block_1_42' title="bbox 424 4142 2012 4216">
    <p class='ocr_par' dir='ltr' id='par_1_42' title="bbox 424 4142 2012 4216">
     <span class='ocr_line' id='line_1_42' title="bbox 424 4142 2012 4216; baseline -0.002 -16"><span class='ocrx_word' id='word_1_342' title='bbox 424 4147 604 4200; x_wconf 86' lang='lat' dir='ltr'><strong>salutis</strong></span> <span class='ocrx_word' id='word_1_343' title='bbox 627 4147 780 4216; x_wconf 71' lang='lat' dir='ltr'><strong>hujus</strong></span> <span class='ocrx_word' id='word_1_344' title='bbox 809 4147 990 4199; x_wconf 85' lang='lat' dir='ltr'><strong>missus</strong></span> <span class='ocrx_word' id='word_1_345' title='bbox 1015 4153 1106 4198; x_wconf 90' lang='lat' dir='ltr'><strong>est.</strong></span> <span class='ocrx_word' id='word_1_346' title='bbox 1145 4144 1240 4199; x_wconf 89' lang='lat' dir='ltr'><strong>llic</strong></span> <span class='ocrx_word' id='word_1_347' title='bbox 1271 4143 1421 4207; x_wconf 89' lang='lat' dir='ltr'><strong>illud,</strong></span> <span class='ocrx_word' id='word_1_348' title='bbox 1460 4142 1628 4206; x_wconf 76' lang='lat' dir='ltr'><strong>Vobis,</strong></span> <span class='ocrx_word' id='word_1_349' title='bbox 1661 4157 1766 4197; x_wconf 90' lang='lat' dir='ltr'><strong>non</strong></span> <span class='ocrx_word' id='word_1_350' title='bbox 1794 4142 2012 4198; x_wconf 67' lang='lat' dir='ltr'><strong>Judaeos</strong></span> 
     </span>
    </p>
   </div>
   <div class='ocr_carea' id='block_1_43' title="bbox 423 4236 2003 4308">
    <p class='ocr_par' dir='ltr' id='par_1_43' title="bbox 423 4236 2003 4308">
     <span class='ocr_line' id='line_1_43' title="bbox 423 4236 2003 4308; baseline -0.002 -15"><span class='ocrx_word' id='word_1_351' title='bbox 423 4241 712 4308; x_wconf 82' lang='lat' dir='ltr'><strong>separatim</strong></span> <span class='ocrx_word' id='word_1_352' title='bbox 745 4239 980 4307; x_wconf 73' lang='lat' dir='ltr'><strong>respicit,</strong></span> <span class='ocrx_word' id='word_1_353' title='bbox 1005 4237 1100 4292; x_wconf 90' lang='lat' dir='ltr'><strong>sed</strong></span> <span class='ocrx_word' id='word_1_354' title='bbox 1121 4237 1213 4291; x_wconf 86' lang='lat' dir='ltr'><strong>dat</strong></span> <span class='ocrx_word' id='word_1_355' title='bbox 1241 4236 1348 4290; x_wconf 90' lang='lat' dir='ltr'><strong>illis</strong></span> <span class='ocrx_word' id='word_1_356' title='bbox 1381 4246 1700 4306; x_wconf 86' lang='lat' dir='ltr'><strong>potestatem</strong></span> <span class='ocrx_word' id='word_1_357' title='bbox 1739 4236 2003 4292; x_wconf 83' lang='lat' dir='ltr'><strong>avellendi</strong></span> 
     </span>
    </p>
   </div>
   <div class='ocr_carea' id='block_1_44' title="bbox 423 4328 2009 4400">
    <p class='ocr_par' dir='ltr' id='par_1_44' title="bbox 423 4328 2009 4400">
     <span class='ocr_line' id='line_1_44' title="bbox 423 4328 2009 4400; baseline 0.001 -17"><span class='ocrx_word' id='word_1_358' title='bbox 423 4347 487 4384; x_wconf 83' lang='lat' dir='ltr'><strong>se</strong></span> <span class='ocrx_word' id='word_1_359' title='bbox 514 4330 582 4384; x_wconf 88' lang='lat' dir='ltr'><strong>ab</strong></span> <span class='ocrx_word' id='word_1_360' title='bbox 611 4331 693 4394; x_wconf 89' lang='lat' dir='ltr'><strong>iis,</strong></span> <span class='ocrx_word' id='word_1_361' title='bbox 723 4331 813 4400; x_wconf 84' lang='lat' dir='ltr'><strong>qui</strong></span> <span class='ocrx_word' id='word_1_362' title='bbox 839 4329 1040 4384; x_wconf 57' lang='lat' dir='ltr'><strong>easdem</strong></span> <span class='ocrx_word' id='word_1_363' title='bbox 1069 4338 1477 4398; x_wconf 80' lang='lat' dir='ltr'><strong>perpetrarunt;</strong></span> <span class='ocrx_word' id='word_1_364' title='bbox 1506 4328 1648 4398; x_wconf 90' lang='lat' dir='ltr'><strong>quod</strong></span> <span class='ocrx_word' id='word_1_365' title='bbox 1677 4344 1742 4383; x_wconf 82' lang='lat' dir='ltr'><strong>ex</strong></span> <span class='ocrx_word' id='word_1_366' title='bbox 1767 4330 2009 4399; x_wconf 89' lang='lat' dir='ltr'><strong>sequenti</strong></span> 
     </span>
    </p>
   </div>
   <div class='ocr_carea' id='block_1_45' title="bbox 429 4419 2007 4490">
    <p class='ocr_par' dir='ltr' id='par_1_45' title="bbox 429 4419 2007 4490">
     <span class='ocr_line' id='line_1_45' title="bbox 429 4419 2007 4490; baseline 0.001 -18"><span class='ocrx_word' id='word_1_367' title='bbox 429 4423 603 4490; x_wconf 80' lang='lat' dir='ltr'><strong>palam</strong></span> <span class='ocrx_word' id='word_1_368' title='bbox 634 4433 738 4476; x_wconf 90' lang='lat' dir='ltr'><strong>est.</strong></span> <span class='ocrx_word' id='word_1_369' title='bbox 771 4419 909 4474; x_wconf 80' lang='lat' dir='ltr'><strong>Nam</strong></span> <span class='ocrx_word' id='word_1_370' title='bbox 935 4421 1020 4490; x_wconf 82' lang='lat' dir='ltr'><strong>qui</strong></span> <span class='ocrx_word' id='word_1_371' title='bbox 1047 4420 1374 4486; x_wconf 75' lang='lat' dir='ltr'><strong>habitabant,</strong></span> <span class='ocrx_word' id='word_1_372' title='bbox 1419 4421 1592 4490; x_wconf 83' lang='lat' dir='ltr'><strong>inquit</strong></span> <span class='ocrx_word' id='word_1_373' title='bbox 1614 4461 1629 4485; x_wconf 92' lang='lat'><strong>,</strong></span> <span class='ocrx_word' id='word_1_374' title='bbox 1681 4420 2007 4486; x_wconf 79' lang='lat' dir='ltr'><strong>Jerusalem,</strong></span> 
     </span>
    </p>
   </div>
   <div class='ocr_carea' id='block_1_46' title="bbox 426 4513 2013 4583">
    <p class='ocr_par' dir='ltr' id='par_1_46' title="bbox 426 4513 2013 4583">
     <span class='ocr_line' id='line_1_46' title="bbox 426 4513 2013 4583; baseline 0.001 -17"><span class='ocrx_word' id='word_1_375' title='bbox 426 4515 562 4566; x_wconf 72' lang='lat' dir='ltr'><strong>nunc</strong></span> <span class='ocrx_word' id='word_1_376' title='bbox 605 4513 915 4582; x_wconf 76' lang='lat' dir='ltr'><strong>ignorantes,</strong></span> <span class='ocrx_word' id='word_1_377' title='bbox 942 4523 988 4567; x_wconf 87' lang='lat' dir='ltr'><strong>et</strong></span> <span class='ocrx_word' id='word_1_378' title='bbox 1011 4528 1153 4568; x_wconf 74' lang='lat' dir='ltr'><strong>uoces</strong></span> <span class='ocrx_word' id='word_1_379' title='bbox 1180 4513 1563 4583; x_wconf 80' lang='lat' dir='ltr'><strong>prepltetarum,</strong></span> <span class='ocrx_word' id='word_1_380' title='bbox 1593 4529 1706 4583; x_wconf 69' lang='lat' dir='ltr'><strong>qua:</strong></span> <span class='ocrx_word' id='word_1_381' title='bbox 1735 4529 1824 4580; x_wconf 81' lang='lat' dir='ltr'><strong>per</strong></span> <span class='ocrx_word' id='word_1_382' title='bbox 1865 4529 2013 4567; x_wconf 86' lang='lat' dir='ltr'><strong>omne</strong></span> 
     </span>
    </p>
   </div>
   <div class='ocr_carea' id='block_1_47' title="bbox 425 4604 2009 4675">
    <p class='ocr_par' dir='ltr' id='par_1_47' title="bbox 425 4604 2009 4675">
     <span class='ocr_line' id='line_1_47' title="bbox 425 4604 2009 4675; baseline 0.001 -18"><span class='ocrx_word' id='word_1_383' title='bbox 425 4605 689 4658; x_wconf 82' lang='lat' dir='ltr'><strong>sabbatum</strong></span> <span class='ocrx_word' id='word_1_384' title='bbox 717 4604 968 4674; x_wconf 80' lang='lat' dir='ltr'><strong>leguntur,</strong></span> <span class='ocrx_word' id='word_1_385' title='bbox 990 4605 1282 4673; x_wconf 80' lang='lat' dir='ltr'><strong>judicontes</strong></span> <span class='ocrx_word' id='word_1_386' title='bbox 1309 4604 1661 4675; x_wconf 77' lang='lat' dir='ltr'><strong>impleuerunt.</strong></span> <span class='ocrx_word' id='word_1_387' title='bbox 1697 4605 1883 4672; x_wconf 79' lang='lat' dir='ltr'><strong>Magna</strong></span> <span class='ocrx_word' id='word_1_388' title='bbox 1913 4619 2009 4658; x_wconf 84' lang='lat' dir='ltr'><strong>ac-</strong></span> 
     </span>
    </p>
   </div>
   <div class='ocr_carea' id='block_1_48' title="bbox 426 4696 2008 4766">
    <p class='ocr_par' dir='ltr' id='par_1_48' title="bbox 426 4696 2008 4766">
     <span class='ocr_line' id='line_1_48' title="bbox 426 4696 2008 4766; baseline 0 -15"><span class='ocrx_word' id='word_1_389' title='bbox 426 4698 650 4760; x_wconf 83' lang='lat' dir='ltr'><strong>cusatio,</strong></span> <span class='ocrx_word' id='word_1_390' title='bbox 681 4697 724 4750; x_wconf 85' lang='lat' dir='ltr'><strong>si</strong></span> <span class='ocrx_word' id='word_1_391' title='bbox 753 4698 1058 4766; x_wconf 83' lang='lat' dir='ltr'><strong>frequenter</strong></span> <span class='ocrx_word' id='word_1_392' title='bbox 1081 4697 1358 4751; x_wconf 82' lang='lat' dir='ltr'><strong>audientes</strong></span> <span class='ocrx_word' id='word_1_393' title='bbox 1388 4712 1491 4750; x_wconf 91' lang='lat' dir='ltr'><strong>non</strong></span> <span class='ocrx_word' id='word_1_394' title='bbox 1514 4696 1860 4751; x_wconf 85' lang='lat' dir='ltr'><strong>attenderint.</strong></span> <span class='ocrx_word' id='word_1_395' title='bbox 1905 4697 2008 4751; x_wconf 86' lang='lat' dir='ltr'><strong>Sed</strong></span> 
     </span>
    </p>
   </div>
   <div class='ocr_carea' id='block_1_49' title="bbox 429 4790 2008 4862">
    <p class='ocr_par' dir='ltr' id='par_1_49' title="bbox 429 4790 2008 4862">
     <span class='ocr_line' id='line_1_49' title="bbox 429 4790 2008 4862; baseline 0.003 -20"><span class='ocrx_word' id='word_1_396' title='bbox 429 4790 559 4844; x_wconf 79' lang='lat' dir='ltr'><strong>nihil</strong></span> <span class='ocrx_word' id='word_1_397' title='bbox 583 4791 773 4845; x_wconf 88' lang='lat' dir='ltr'><strong>mirum</strong></span> <span class='ocrx_word' id='word_1_398' title='bbox 800 4808 814 4844; x_wconf 92' lang='lat'><strong>:</strong></span> <span class='ocrx_word' id='word_1_399' title='bbox 848 4807 967 4845; x_wconf 88' lang='lat' dir='ltr'><strong>nam</strong></span> <span class='ocrx_word' id='word_1_400' title='bbox 990 4791 1128 4844; x_wconf 87' lang='lat' dir='ltr'><strong>dicta</strong></span> <span class='ocrx_word' id='word_1_401' title='bbox 1152 4791 1240 4844; x_wconf 83' lang='lat' dir='ltr'><strong>illa</strong></span> <span class='ocrx_word' id='word_1_402' title='bbox 1260 4791 1400 4845; x_wconf 89' lang='lat' dir='ltr'><strong>circa</strong></span> <span class='ocrx_word' id='word_1_403' title='bbox 1428 4790 1715 4862; x_wconf 55' lang='lat' dir='ltr'><strong>Egyptum</strong></span> <span class='ocrx_word' id='word_1_404' title='bbox 1743 4802 1796 4846; x_wconf 91' lang='lat' dir='ltr'><strong>et</strong></span> <span class='ocrx_word' id='word_1_405' title='bbox 1820 4791 2008 4847; x_wconf 80' lang='lat' dir='ltr'><strong>deser-</strong></span> 
     </span>
    </p>
   </div>
   <div class='ocr_carea' id='block_1_50' title="bbox 431 4881 2009 4951">
    <p class='ocr_par' dir='ltr' id='par_1_50' title="bbox 431 4881 2009 4951">
     <span class='ocr_line' id='line_1_50' title="bbox 431 4881 2009 4951; baseline 0.003 -18"><span class='ocrx_word' id='word_1_406' title='bbox 431 4891 541 4933; x_wconf 86' lang='lat' dir='ltr'><strong>tum</strong></span> <span class='ocrx_word' id='word_1_407' title='bbox 569 4921 583 4945; x_wconf 91' lang='lat'><strong>,</strong></span> <span class='ocrx_word' id='word_1_408' title='bbox 623 4882 752 4936; x_wconf 83' lang='lat' dir='ltr'><strong>satis</strong></span> <span class='ocrx_word' id='word_1_409' title='bbox 777 4891 931 4936; x_wconf 88' lang='lat' dir='ltr'><strong>erant</strong></span> <span class='ocrx_word' id='word_1_410' title='bbox 968 4881 1034 4936; x_wconf 89' lang='lat' dir='ltr'><strong>ad</strong></span> <span class='ocrx_word' id='word_1_411' title='bbox 1067 4882 1332 4951; x_wconf 80' lang='lat' dir='ltr'><strong>ingratum</strong></span> <span class='ocrx_word' id='word_1_412' title='bbox 1383 4882 1596 4937; x_wconf 86' lang='lat' dir='ltr'><strong>illorum</strong></span> <span class='ocrx_word' id='word_1_413' title='bbox 1635 4883 1869 4937; x_wconf 89' lang='lat' dir='ltr'><strong>animum</strong></span> <span class='ocrx_word' id='word_1_414' title='bbox 1912 4884 2009 4939; x_wconf 89' lang='lat' dir='ltr'><strong>de-</strong></span> 
     </span>
    </p>
   </div>
   <div class='ocr_carea' id='block_1_51' title="bbox 432 4972 2007 5044">
    <p class='ocr_par' dir='ltr' id='par_1_51' title="bbox 432 4972 2007 5044">
     <span class='ocr_line' id='line_1_51' title="bbox 432 4972 2007 5044; baseline 0.003 -21"><span class='ocrx_word' id='word_1_415' title='bbox 432 4972 856 5028; x_wconf 86' lang='lat' dir='ltr'><strong>monstrandum.</strong></span> <span class='ocrx_word' id='word_1_416' title='bbox 891 4973 957 5026; x_wconf 85' lang='lat' dir='ltr'><strong>Et</strong></span> <span class='ocrx_word' id='word_1_417' title='bbox 982 4973 1249 5042; x_wconf 90' lang='lat' dir='ltr'><strong>quomodo</strong></span> <span class='ocrx_word' id='word_1_418' title='bbox 1271 4976 1602 5042; x_wconf 78' lang='lat' dir='ltr'><strong>ignorarunt,</strong></span> <span class='ocrx_word' id='word_1_419' title='bbox 1633 4975 1854 5044; x_wconf 88' lang='lat' dir='ltr'><strong>inquies,</strong></span> <span class='ocrx_word' id='word_1_420' title='bbox 1886 4989 2007 5028; x_wconf 86' lang='lat' dir='ltr'><strong>cum</strong></span> 
     </span>
    </p>
   </div>
   <div class='ocr_carea' id='block_1_52' title="bbox 428 5063 2013 5133">
    <p class='ocr_par' dir='ltr' id='par_1_52' title="bbox 428 5063 2013 5133">
     <span class='ocr_line' id='line_1_52' title="bbox 428 5063 2013 5133; baseline 0 -14"><span class='ocrx_word' id='word_1_421' title='bbox 428 5064 662 5120; x_wconf 77' lang='lat' dir='ltr'><strong>Joannes</strong></span> <span class='ocrx_word' id='word_1_422' title='bbox 690 5064 925 5118; x_wconf 75' lang='lat' dir='ltr'><strong>dixerit?</strong></span> <span class='ocrx_word' id='word_1_423' title='bbox 952 5064 1090 5132; x_wconf 86' lang='lat' dir='ltr'><strong>Quid</strong></span> <span class='ocrx_word' id='word_1_424' title='bbox 1114 5063 1331 5129; x_wconf 87' lang='lat' dir='ltr'><strong>mirum,</strong></span> <span class='ocrx_word' id='word_1_425' title='bbox 1361 5079 1482 5119; x_wconf 91' lang='lat' dir='ltr'><strong>cum</strong></span> <span class='ocrx_word' id='word_1_426' title='bbox 1507 5063 1778 5132; x_wconf 68' lang='lat' dir='ltr'><strong>prophette</strong></span> <span class='ocrx_word' id='word_1_427' title='bbox 1801 5081 2013 5133; x_wconf 90' lang='lat' dir='ltr'><strong>quoque</strong></span> 
     </span>
    </p>
   </div>
   <div class='ocr_carea' id='block_1_53' title="bbox 430 5155 2012 5227">
    <p class='ocr_par' dir='ltr' id='par_1_53' title="bbox 430 5155 2012 5227">
     <span class='ocr_line' id='line_1_53' title="bbox 430 5155 2012 5227; baseline 0 -19"><span class='ocrx_word' id='word_1_428' title='bbox 430 5171 576 5227; x_wconf 74' lang='lat' dir='ltr'><strong>satpe</strong></span> <span class='ocrx_word' id='word_1_429' title='bbox 589 5157 976 5211; x_wconf 84' lang='lat' dir='ltr'><strong>clamaverint?</strong></span> <span class='ocrx_word' id='word_1_430' title='bbox 998 5157 1132 5211; x_wconf 89' lang='lat' dir='ltr'><strong>llinc</strong></span> <span class='ocrx_word' id='word_1_431' title='bbox 1158 5156 1260 5210; x_wconf 85' lang='lat' dir='ltr'><strong>alia</strong></span> <span class='ocrx_word' id='word_1_432' title='bbox 1278 5157 1548 5210; x_wconf 82' lang='lat' dir='ltr'><strong>accusatio</strong></span> <span class='ocrx_word' id='word_1_433' title='bbox 1573 5173 1584 5208; x_wconf 92' lang='lat'><strong>:</strong></span> <span class='ocrx_word' id='word_1_434' title='bbox 1613 5155 1676 5209; x_wconf 84' lang='lat' dir='ltr'><strong>Et</strong></span> <span class='ocrx_word' id='word_1_435' title='bbox 1696 5157 1836 5210; x_wconf 88' lang='lat' dir='ltr'><strong>nulla</strong></span> <span class='ocrx_word' id='word_1_436' title='bbox 1855 5173 2012 5210; x_wconf 87' lang='lat' dir='ltr'><strong>causa</strong></span> 
     </span>
    </p>
   </div>
   <div class='ocr_carea' id='block_1_54' title="bbox 431 5247 2013 5318">
    <p class='ocr_par' dir='ltr' id='par_1_54' title="bbox 431 5247 2013 5318">
     <span class='ocr_line' id='line_1_54' title="bbox 431 5247 2013 5318; baseline -0.001 -15"><span class='ocrx_word' id='word_1_437' title='bbox 431 5249 604 5303; x_wconf 86' lang='lat' dir='ltr'><strong>mortis</strong></span> <span class='ocrx_word' id='word_1_438' title='bbox 624 5249 825 5302; x_wconf 86' lang='lat' dir='ltr'><strong>inventa</strong></span> <span class='ocrx_word' id='word_1_439' title='bbox 847 5263 867 5310; x_wconf 91' lang='lat'><strong><em>;</em></strong></span> <span class='ocrx_word' id='word_1_440' title='bbox 898 5249 947 5303; x_wconf 90' lang='lat' dir='ltr'><strong>id</strong></span> <span class='ocrx_word' id='word_1_441' title='bbox 988 5247 1129 5317; x_wconf 91' lang='lat' dir='ltr'><strong>quod</strong></span> <span class='ocrx_word' id='word_1_442' title='bbox 1166 5249 1478 5318; x_wconf 71' lang='lat' dir='ltr'><strong>ignorantia:</strong></span> <span class='ocrx_word' id='word_1_443' title='bbox 1521 5264 1626 5301; x_wconf 86' lang='lat' dir='ltr'><strong>non</strong></span> <span class='ocrx_word' id='word_1_444' title='bbox 1675 5258 1810 5302; x_wconf 88' lang='lat' dir='ltr'><strong>erat.</strong></span> <span class='ocrx_word' id='word_1_445' title='bbox 1840 5249 2013 5303; x_wconf 86' lang='lat' dir='ltr'><strong>Pona-</strong></span> 
     </span>
    </p>
   </div>
   <div class='ocr_carea' id='block_1_55' title="bbox 430 5341 2012 5412">
    <p class='ocr_par' dir='ltr' id='par_1_55' title="bbox 430 5341 2012 5412">
     <span class='ocr_line' id='line_1_55' title="bbox 430 5341 2012 5412; baseline 0 -18"><span class='ocrx_word' id='word_1_446' title='bbox 430 5358 548 5395; x_wconf 87' lang='lat' dir='ltr'><strong>mns</strong></span> <span class='ocrx_word' id='word_1_447' title='bbox 572 5342 737 5406; x_wconf 88' lang='lat' dir='ltr'><strong>enim,</strong></span> <span class='ocrx_word' id='word_1_448' title='bbox 765 5341 908 5412; x_wconf 91' lang='lat' dir='ltr'><strong>quod</strong></span> <span class='ocrx_word' id='word_1_449' title='bbox 937 5347 1060 5396; x_wconf 84' lang='lat' dir='ltr'><strong>cum</strong></span> <span class='ocrx_word' id='word_1_450' title='bbox 1092 5356 1186 5409; x_wconf 86' lang='lat' dir='ltr'><strong>pro</strong></span> <span class='ocrx_word' id='word_1_451' title='bbox 1209 5341 1424 5395; x_wconf 83' lang='lat' dir='ltr'><strong>Chrile</strong></span> <span class='ocrx_word' id='word_1_452' title='bbox 1445 5356 1551 5393; x_wconf 93' lang='lat' dir='ltr'><strong>non</strong></span> <span class='ocrx_word' id='word_1_453' title='bbox 1584 5341 1885 5406; x_wconf 79' lang='lat' dir='ltr'><strong>habuerint,</strong></span> <span class='ocrx_word' id='word_1_454' title='bbox 1913 5355 2012 5394; x_wconf 90' lang='lat' dir='ltr'><strong>cur</strong></span> 
     </span>
    </p>
   </div>
   <div class='ocr_carea' id='block_1_56' title="bbox 427 5429 2014 5501">
    <p class='ocr_par' dir='ltr' id='par_1_56' title="bbox 427 5429 2014 5501">
     <span class='ocr_line' id='line_1_56' title="bbox 427 5429 2014 5501; baseline 0 -18"><span class='ocrx_word' id='word_1_455' title='bbox 427 5433 783 5486; x_wconf 73' lang='lat' dir='ltr'><strong>occiderunt?</strong></span> <span class='ocrx_word' id='word_1_456' title='bbox 815 5432 884 5486; x_wconf 86' lang='lat' dir='ltr'><strong>Et</strong></span> <span class='ocrx_word' id='word_1_457' title='bbox 923 5433 1204 5501; x_wconf 86' lang='lat' dir='ltr'><strong>petierunt,</strong></span> <span class='ocrx_word' id='word_1_458' title='bbox 1238 5432 1406 5501; x_wconf 87' lang='lat' dir='ltr'><strong>inquit</strong></span> <span class='ocrx_word' id='word_1_459' title='bbox 1430 5471 1444 5494; x_wconf 91' lang='lat'><strong>,</strong></span> <span class='ocrx_word' id='word_1_460' title='bbox 1489 5447 1521 5483; x_wconf 90' lang='lat' dir='ltr'><strong>a</strong></span> <span class='ocrx_word' id='word_1_461' title='bbox 1562 5429 1731 5486; x_wconf 89' lang='lat' dir='ltr'><strong>Pilato</strong></span> <span class='ocrx_word' id='word_1_462' title='bbox 1761 5442 1814 5484; x_wconf 90' lang='lat' dir='ltr'><strong>ut</strong></span> <span class='ocrx_word' id='word_1_463' title='bbox 1857 5433 2014 5484; x_wconf 86' lang='lat' dir='ltr'><strong>inter-</strong></span> 
     </span>
    </p>
   </div>
   <div class='ocr_carea' id='block_1_57' title="bbox 431 5523 2012 5595">
    <p class='ocr_par' dir='ltr' id='par_1_57' title="bbox 431 5523 2012 5595">
     <span class='ocr_line' id='line_1_57' title="bbox 431 5523 2012 5595; baseline 0.003 -23"><span class='ocrx_word' id='word_1_464' title='bbox 431 5524 685 5589; x_wconf 78' lang='lat' dir='ltr'><strong>ﬁceretur.</strong></span> <span class='ocrx_word' id='word_1_465' title='bbox 717 5523 939 5595; x_wconf 88' lang='lat' dir='ltr'><strong>Cumque</strong></span> <span class='ocrx_word' id='word_1_466' title='bbox 965 5532 1393 5577; x_wconf 86' lang='lat' dir='ltr'><strong>consummassent</strong></span> <span class='ocrx_word' id='word_1_467' title='bbox 1418 5523 1588 5576; x_wconf 85' lang='lat' dir='ltr'><strong>omnia</strong></span> <span class='ocrx_word' id='word_1_468' title='bbox 1610 5563 1624 5585; x_wconf 92' lang='lat'><strong>,</strong></span> <span class='ocrx_word' id='word_1_469' title='bbox 1671 5537 1785 5594; x_wconf 67' lang='lat' dir='ltr'><strong>quin</strong></span> <span class='ocrx_word' id='word_1_470' title='bbox 1822 5523 1885 5578; x_wconf 84' lang='lat' dir='ltr'><strong>de</strong></span> <span class='ocrx_word' id='word_1_471' title='bbox 1922 5523 2012 5577; x_wconf 85' lang='lat' dir='ltr'><strong>illo</strong></span> 
     </span>
    </p>
   </div>
   <div class='ocr_carea' id='block_1_58' title="bbox 431 5612 2015 5685">
    <p class='ocr_par' dir='ltr' id='par_1_58' title="bbox 431 5612 2015 5685">
     <span class='ocr_line' id='line_1_58' title="bbox 431 5612 2015 5685; baseline 0.003 -24"><span class='ocrx_word' id='word_1_472' title='bbox 431 5612 622 5677; x_wconf 85' lang='lat' dir='ltr'><strong>scripta</strong></span> <span class='ocrx_word' id='word_1_473' title='bbox 643 5625 787 5668; x_wconf 86' lang='lat' dir='ltr'><strong>erant</strong></span> <span class='ocrx_word' id='word_1_474' title='bbox 810 5656 826 5678; x_wconf 89' lang='lat'><strong>,</strong></span> <span class='ocrx_word' id='word_1_475' title='bbox 870 5615 1172 5682; x_wconf 78' lang='lat' dir='ltr'><strong>deponentes</strong></span> <span class='ocrx_word' id='word_1_476' title='bbox 1211 5612 1274 5667; x_wconf 85' lang='lat' dir='ltr'><strong>de</strong></span> <span class='ocrx_word' id='word_1_477' title='bbox 1300 5614 1458 5684; x_wconf 85' lang='lat' dir='ltr'><strong>ligno,</strong></span> <span class='ocrx_word' id='word_1_478' title='bbox 1491 5622 1767 5685; x_wconf 79' lang='lat' dir='ltr'><strong>posuerunt</strong></span> <span class='ocrx_word' id='word_1_479' title='bbox 1808 5615 1861 5666; x_wconf 83' lang='lat' dir='ltr'><strong>in</strong></span> <span class='ocrx_word' id='word_1_480' title='bbox 1904 5631 2015 5667; x_wconf 87' lang='lat' dir='ltr'><strong>mo-</strong></span> 
     </span>
    </p>
   </div>
   <div class='ocr_carea' id='block_1_59' title="bbox 432 5704 2011 5774">
    <p class='ocr_par' dir='ltr' id='par_1_59' title="bbox 432 5704 2011 5774">
     <span class='ocr_line' id='line_1_59' title="bbox 432 5704 2011 5774; baseline 0.006 -25"><span class='ocrx_word' id='word_1_481' title='bbox 432 5710 746 5754; x_wconf 85' lang='lat' dir='ltr'><strong>mtmentum.</strong></span> <span class='ocrx_word' id='word_1_482' title='bbox 775 5704 907 5760; x_wconf 90' lang='lat' dir='ltr'><strong>Vide</strong></span> <span class='ocrx_word' id='word_1_483' title='bbox 931 5720 1091 5774; x_wconf 83' lang='lat' dir='ltr'><strong>quam</strong></span> <span class='ocrx_word' id='word_1_484' title='bbox 1127 5704 1230 5758; x_wconf 83' lang='lat' dir='ltr'><strong>hoc</strong></span> <span class='ocrx_word' id='word_1_485' title='bbox 1273 5705 1378 5759; x_wconf 89' lang='lat' dir='ltr'><strong>illis</strong></span> <span class='ocrx_word' id='word_1_486' title='bbox 1404 5721 1547 5760; x_wconf 68' lang='lat' dir='ltr'><strong>cura:</strong></span> <span class='ocrx_word' id='word_1_487' title='bbox 1577 5704 1754 5758; x_wconf 76' lang='lat' dir='ltr'><strong>fuerit.</strong></span> <span class='ocrx_word' id='word_1_488' title='bbox 1799 5704 2011 5759; x_wconf 85' lang='lat' dir='ltr'><strong>Modum</strong></span> 
     </span>
    </p>
   </div>
   <div class='ocr_carea' id='block_1_60' title="bbox 445 5788 2013 5864">
    <p class='ocr_par' dir='ltr' id='par_1_60' title="bbox 445 5788 2013 5864">
     <span class='ocr_line' id='line_1_60' title="bbox 445 5788 2013 5864; baseline 0.008 -24"><span class='ocrx_word' id='word_1_489' title='bbox 445 5788 637 5840; x_wconf 82' lang='lat' dir='ltr'><strong>mortis</strong></span> <span class='ocrx_word' id='word_1_490' title='bbox 664 5790 830 5860; x_wconf 79' lang='lat' dir='ltr'><strong>dixit,</strong></span> <span class='ocrx_word' id='word_1_491' title='bbox 861 5804 916 5852; x_wconf 86' lang='lat' dir='ltr'><strong>et</strong></span> <span class='ocrx_word' id='word_1_492' title='bbox 941 5797 1165 5851; x_wconf 75' lang='lat' dir='ltr'><strong>Pilatum</strong></span> <span class='ocrx_word' id='word_1_493' title='bbox 1200 5798 1250 5850; x_wconf 81' lang='lat' dir='ltr'><strong>in</strong></span> <span class='ocrx_word' id='word_1_494' title='bbox 1281 5797 1512 5853; x_wconf 88' lang='lat' dir='ltr'><strong>medium</strong></span> <span class='ocrx_word' id='word_1_495' title='bbox 1562 5798 1807 5864; x_wconf 86' lang='lat' dir='ltr'><strong>adducit,</strong></span> <span class='ocrx_word' id='word_1_496' title='bbox 1842 5807 1899 5852; x_wconf 89' lang='lat' dir='ltr'><strong>ut</strong></span> <span class='ocrx_word' id='word_1_497' title='bbox 1939 5799 2013 5854; x_wconf 89' lang='lat' dir='ltr'><strong>si-</strong></span> 
     </span>
    </p>
   </div>
   <div class='ocr_carea' id='block_1_61' title="bbox 1140 346 2956 410">
    <p class='ocr_par' dir='ltr' id='par_1_61' title="bbox 1140 346 2956 410">
     <span class='ocr_line' id='line_1_61' title="bbox 1140 346 2956 410; baseline -0.005 0"><span class='ocrx_word' id='word_1_498' title='bbox 1140 353 1197 410; x_wconf 88' lang='lat' dir='ltr'><strong>S.</strong></span> <span class='ocrx_word' id='word_1_499' title='bbox 1236 351 1512 410; x_wconf 74' lang='lat' dir='ltr'><strong>JOANNIS</strong></span> <span class='ocrx_word' id='word_1_500' title='bbox 1547 349 2027 408; x_wconf 77' lang='lat' dir='ltr'><strong>CHRYSOSTOMI</strong></span> <span class='ocrx_word' id='word_1_501' title='bbox 2066 347 2381 404; x_wconf 78' lang='lat' dir='ltr'><strong>ARCIIIEP.</strong></span> <span class='ocrx_word' id='word_1_502' title='bbox 2421 346 2956 404; x_wconf 79' lang='lat' dir='ltr'><strong>CONSTANTINOP.</strong></span> 
     </span>
    </p>
   </div>
   <div class='ocr_carea' id='block_1_62' title="bbox 3610 348 3720 405">
    <p class='ocr_par' dir='ltr' id='par_1_62' title="bbox 3610 348 3720 405">
     <span class='ocr_line' id='line_1_62' title="bbox 3610 348 3720 405; baseline 0.027 -3"><span class='ocrx_word' id='word_1_503' title='bbox 3610 348 3720 405; x_wconf 65' lang='lat' dir='ltr'><strong>&quot;Illi</strong></span> 
     </span>
    </p>
   </div>
   <div class='ocr_carea' id='block_1_63' title="bbox 2132 459 3717 532">
    <p class='ocr_par' dir='ltr' id='par_1_63' title="bbox 2132 459 3717 532">
     <span class='ocr_line' id='line_1_63' title="bbox 2132 459 3717 532; baseline 0.001 -17"><span class='ocrx_word' id='word_1_504' title='bbox 2132 461 2244 516; x_wconf 91' lang='lat' dir='ltr'><strong>mul</strong></span> <span class='ocrx_word' id='word_1_505' title='bbox 2272 472 2327 518; x_wconf 93' lang='lat' dir='ltr'><strong>et</strong></span> <span class='ocrx_word' id='word_1_506' title='bbox 2355 462 2634 517; x_wconf 76' lang='lat' dir='ltr'><strong>manifesta</strong></span> <span class='ocrx_word' id='word_1_507' title='bbox 2667 463 2841 532; x_wconf 89' lang='lat' dir='ltr'><strong>passio</strong></span> <span class='ocrx_word' id='word_1_508' title='bbox 2867 463 2936 516; x_wconf 88' lang='lat' dir='ltr'><strong>sit</strong></span> <span class='ocrx_word' id='word_1_509' title='bbox 2959 475 3026 515; x_wconf 81' lang='lat' dir='ltr'><strong>ex</strong></span> <span class='ocrx_word' id='word_1_510' title='bbox 3055 459 3304 515; x_wconf 83' lang='lat' dir='ltr'><strong>tribunali</strong></span> <span class='ocrx_word' id='word_1_511' title='bbox 3322 502 3337 524; x_wconf 90' lang='lat'><strong>,</strong></span> <span class='ocrx_word' id='word_1_512' title='bbox 3360 461 3627 532; x_wconf 77' lang='lat' dir='ltr'><strong>simulque</strong></span> <span class='ocrx_word' id='word_1_513' title='bbox 3660 472 3717 518; x_wconf 91' lang='lat' dir='ltr'><strong>ut</strong></span> 
     </span>
    </p>
   </div>
   <div class='ocr_carea' id='block_1_64' title="bbox 2131 553 3711 624">
    <p class='ocr_par' dir='ltr' id='par_1_64' title="bbox 2131 553 3711 624">
     <span class='ocr_line' id='line_1_64' title="bbox 2131 553 3711 624; baseline 0.001 -18"><span class='ocrx_word' id='word_1_514' title='bbox 2131 554 2203 607; x_wconf 94' lang='lat' dir='ltr'><strong>illi</strong></span> <span class='ocrx_word' id='word_1_515' title='bbox 2225 554 2440 623; x_wconf 88' lang='lat' dir='ltr'><strong>gravius</strong></span> <span class='ocrx_word' id='word_1_516' title='bbox 2477 565 2816 618; x_wconf 85' lang='lat' dir='ltr'><strong>accusentur,</strong></span> <span class='ocrx_word' id='word_1_517' title='bbox 2846 553 2987 623; x_wconf 90' lang='lat' dir='ltr'><strong>quod</strong></span> <span class='ocrx_word' id='word_1_518' title='bbox 3038 553 3187 606; x_wconf 89' lang='lat' dir='ltr'><strong>illum</strong></span> <span class='ocrx_word' id='word_1_519' title='bbox 3237 553 3557 624; x_wconf 60' lang='lat' dir='ltr'><strong>alienigenas</strong></span> <span class='ocrx_word' id='word_1_520' title='bbox 3601 558 3711 609; x_wconf 83' lang='lat' dir='ltr'><strong>vim</strong></span> 
     </span>
    </p>
   </div>
   <div class='ocr_carea' id='block_1_65' title="bbox 2129 643 3710 717">
    <p class='ocr_par' dir='ltr' id='par_1_65' title="bbox 2129 643 3710 717">
     <span class='ocr_line' id='line_1_65' title="bbox 2129 643 3710 717; baseline 0.003 -21"><span class='ocrx_word' id='word_1_521' title='bbox 2129 644 2467 698; x_wconf 85' lang='lat' dir='ltr'><strong>tradiderint.</strong></span> <span class='ocrx_word' id='word_1_522' title='bbox 2520 643 2704 713; x_wconf 86' lang='lat' dir='ltr'><strong>Neque</strong></span> <span class='ocrx_word' id='word_1_523' title='bbox 2743 645 2908 708; x_wconf 75' lang='lat' dir='ltr'><strong>dixit,</strong></span> <span class='ocrx_word' id='word_1_524' title='bbox 2951 643 3241 714; x_wconf 87' lang='lat' dir='ltr'><strong>Conquesti</strong></span> <span class='ocrx_word' id='word_1_525' title='bbox 3283 653 3411 699; x_wconf 85' lang='lat' dir='ltr'><strong>sunt</strong></span> <span class='ocrx_word' id='word_1_526' title='bbox 3453 645 3563 717; x_wconf 80' lang='lat' dir='ltr'><strong>(a);</strong></span> <span class='ocrx_word' id='word_1_527' title='bbox 3598 648 3710 709; x_wconf 88' lang='lat' dir='ltr'><strong>sed,</strong></span> 
     </span>
    </p>
   </div>
   <div class='ocr_carea' id='block_1_66' title="bbox 2131 734 3712 807">
    <p class='ocr_par' dir='ltr' id='par_1_66' title="bbox 2131 734 3712 807">
     <span class='ocr_line' id='line_1_66' title="bbox 2131 734 3712 807; baseline 0.004 -20"><span class='ocrx_word' id='word_1_528' title='bbox 2131 734 2496 800; x_wconf 79' lang='lat' dir='ltr'><strong>Postularunt,</strong></span> <span class='ocrx_word' id='word_1_529' title='bbox 2544 737 2687 790; x_wconf 86' lang='lat' dir='ltr'><strong>nulla</strong></span> <span class='ocrx_word' id='word_1_530' title='bbox 2741 751 2900 791; x_wconf 88' lang='lat' dir='ltr'><strong>causa</strong></span> <span class='ocrx_word' id='word_1_531' title='bbox 2936 737 3149 791; x_wconf 76' lang='lat' dir='ltr'><strong>inventa</strong></span> <span class='ocrx_word' id='word_1_532' title='bbox 3194 737 3343 790; x_wconf 88' lang='lat' dir='ltr'><strong>illum</strong></span> <span class='ocrx_word' id='word_1_533' title='bbox 3393 739 3712 807; x_wconf 84' lang='lat' dir='ltr'><strong>occidendi;</strong></span> 
     </span>
    </p>
   </div>
   <div class='ocr_carea' id='block_1_67' title="bbox 2129 828 3711 899">
    <p class='ocr_par' dir='ltr' id='par_1_67' title="bbox 2129 828 3711 899">
     <span class='ocr_line' id='line_1_67' title="bbox 2129 828 3711 899; baseline 0.005 -17"><span class='ocrx_word' id='word_1_534' title='bbox 2129 828 2198 882; x_wconf 88' lang='lat' dir='ltr'><strong>ita</strong></span> <span class='ocrx_word' id='word_1_535' title='bbox 2223 838 2277 882; x_wconf 90' lang='lat' dir='ltr'><strong>ut</strong></span> <span class='ocrx_word' id='word_1_536' title='bbox 2301 829 2474 897; x_wconf 90' lang='lat' dir='ltr'><strong>palam</strong></span> <span class='ocrx_word' id='word_1_537' title='bbox 2497 831 2567 882; x_wconf 90' lang='lat' dir='ltr'><strong>sit</strong></span> <span class='ocrx_word' id='word_1_538' title='bbox 2589 830 2707 882; x_wconf 90' lang='lat' dir='ltr'><strong>illos</strong></span> <span class='ocrx_word' id='word_1_539' title='bbox 2725 830 2947 899; x_wconf 79' lang='lat' dir='ltr'><strong>gratiam</strong></span> <span class='ocrx_word' id='word_1_540' title='bbox 2968 831 3239 898; x_wconf 86' lang='lat' dir='ltr'><strong>accepisse</strong></span> <span class='ocrx_word' id='word_1_541' title='bbox 3261 830 3435 884; x_wconf 85' lang='lat' dir='ltr'><strong>Pilato</strong></span> <span class='ocrx_word' id='word_1_542' title='bbox 3460 834 3672 887; x_wconf 87' lang='lat' dir='ltr'><strong>nolente</strong></span> <span class='ocrx_word' id='word_1_543' title='bbox 3697 856 3711 890; x_wconf 86' lang='lat'><strong>:</strong></span> 
     </span>
    </p>
   </div>
   <div class='ocr_carea' id='block_1_68' title="bbox 2127 919 3712 996">
    <p class='ocr_par' dir='ltr' id='par_1_68' title="bbox 2127 919 3712 996">
     <span class='ocr_line' id='line_1_68' title="bbox 2127 919 3712 996; baseline 0.006 -26"><span class='ocrx_word' id='word_1_544' title='bbox 2127 919 2267 988; x_wconf 85' lang='lat' dir='ltr'><strong>quod</strong></span> <span class='ocrx_word' id='word_1_545' title='bbox 2294 919 2490 974; x_wconf 90' lang='lat' dir='ltr'><strong>clarius</strong></span> <span class='ocrx_word' id='word_1_546' title='bbox 2515 919 2646 974; x_wconf 88' lang='lat' dir='ltr'><strong>dicit</strong></span> <span class='ocrx_word' id='word_1_547' title='bbox 2677 922 2882 981; x_wconf 81' lang='lat' dir='ltr'><strong>Petrus,</strong></span> <span class='ocrx_word' id='word_1_548' title='bbox 2914 920 3189 974; x_wconf 82' lang='lat' dir='ltr'><strong>Judicante</strong></span> <span class='ocrx_word' id='word_1_549' title='bbox 3226 920 3317 974; x_wconf 87' lang='lat' dir='ltr'><strong>illo</strong></span> <span class='ocrx_word' id='word_1_550' title='bbox 3346 924 3534 977; x_wconf 85' lang='lat' dir='ltr'><strong>dimitti</strong></span> <span class='ocrx_word' id='word_1_551' title='bbox 3565 927 3712 996; x_wconf 75' lang='lat' dir='ltr'><strong>(Act.</strong></span> 
     </span>
    </p>
   </div>
   <div class='ocr_carea' id='block_1_69' title="bbox 2125 1009 3710 1080">
    <p class='ocr_par' dir='ltr' id='par_1_69' title="bbox 2125 1009 3710 1080">
     <span class='ocr_line' id='line_1_69' title="bbox 2125 1009 3710 1080; baseline 0.004 -15"><span class='ocrx_word' id='word_1_552' title='bbox 2125 1011 2180 1065; x_wconf 86' lang='lat'><strong>5.</strong></span> <span class='ocrx_word' id='word_1_553' title='bbox 2213 1009 2324 1080; x_wconf 84' lang='grc'><strong>15).</strong></span> <span class='ocrx_word' id='word_1_554' title='bbox 2355 1011 2572 1065; x_wconf 85' lang='lat' dir='ltr'><strong>Multum</strong></span> <span class='ocrx_word' id='word_1_555' title='bbox 2601 1012 2811 1066; x_wconf 82' lang='lat' dir='ltr'><strong>amabat</strong></span> <span class='ocrx_word' id='word_1_556' title='bbox 2856 1012 2979 1067; x_wconf 89' lang='lat' dir='ltr'><strong>illos</strong></span> <span class='ocrx_word' id='word_1_557' title='bbox 3019 1013 3237 1067; x_wconf 84' lang='lat' dir='ltr'><strong>Paulus.</strong></span> <span class='ocrx_word' id='word_1_558' title='bbox 3294 1014 3362 1068; x_wconf 86' lang='lat' dir='ltr'><strong>Et</strong></span> <span class='ocrx_word' id='word_1_559' title='bbox 3407 1017 3554 1079; x_wconf 80' lang='lat' dir='ltr'><strong>vide,</strong></span> <span class='ocrx_word' id='word_1_560' title='bbox 3605 1035 3710 1072; x_wconf 89' lang='lat' dir='ltr'><strong>non</strong></span> 
     </span>
    </p>
   </div>
   <div class='ocr_carea' id='block_1_70' title="bbox 2128 1105 3708 1176">
    <p class='ocr_par' dir='ltr' id='par_1_70' title="bbox 2128 1105 3708 1176">
     <span class='ocr_line' id='line_1_70' title="bbox 2128 1105 3708 1176; baseline 0.005 -19"><span class='ocrx_word' id='word_1_561' title='bbox 2128 1114 2370 1158; x_wconf 86' lang='lat' dir='ltr'><strong>moratur</strong></span> <span class='ocrx_word' id='word_1_562' title='bbox 2394 1105 2444 1157; x_wconf 93' lang='lat' dir='ltr'><strong>in</strong></span> <span class='ocrx_word' id='word_1_563' title='bbox 2475 1105 2680 1172; x_wconf 79' lang='lat' dir='ltr'><strong>ingrato</strong></span> <span class='ocrx_word' id='word_1_564' title='bbox 2703 1117 2912 1173; x_wconf 82' lang='lat' dir='ltr'><strong>patrum</strong></span> <span class='ocrx_word' id='word_1_565' title='bbox 2946 1107 3150 1167; x_wconf 83' lang='lat' dir='ltr'><strong>animo.</strong></span> <span class='ocrx_word' id='word_1_566' title='bbox 3177 1107 3272 1161; x_wconf 86' lang='lat' dir='ltr'><strong>sed</strong></span> <span class='ocrx_word' id='word_1_567' title='bbox 3303 1109 3429 1176; x_wconf 84' lang='lat' dir='ltr'><strong>ipsis</strong></span> <span class='ocrx_word' id='word_1_568' title='bbox 3461 1111 3708 1167; x_wconf 88' lang='lat' dir='ltr'><strong>timorem</strong></span> 
     </span>
    </p>
   </div>
   <div class='ocr_carea' id='block_1_71' title="bbox 2128 1196 3706 1270">
    <p class='ocr_par' dir='ltr' id='par_1_71' title="bbox 2128 1196 3706 1270">
     <span class='ocr_line' id='line_1_71' title="bbox 2128 1196 3706 1270; baseline 0.007 -22"><span class='ocrx_word' id='word_1_569' title='bbox 2128 1196 2335 1251; x_wconf 87' lang='lat' dir='ltr'><strong>incutit.</strong></span> <span class='ocrx_word' id='word_1_570' title='bbox 2369 1197 2673 1267; x_wconf 82' lang='lat' dir='ltr'><strong>Stephanus</strong></span> <span class='ocrx_word' id='word_1_571' title='bbox 2699 1207 2844 1252; x_wconf 89' lang='lat' dir='ltr'><strong>certe</strong></span> <span class='ocrx_word' id='word_1_572' title='bbox 2879 1198 2982 1252; x_wconf 87' lang='lat' dir='ltr'><strong>hoc</strong></span> <span class='ocrx_word' id='word_1_573' title='bbox 3006 1201 3129 1267; x_wconf 88' lang='lat' dir='ltr'><strong>jure</strong></span> <span class='ocrx_word' id='word_1_574' title='bbox 3157 1199 3316 1264; x_wconf 83' lang='lat' dir='ltr'><strong>facit,</strong></span> <span class='ocrx_word' id='word_1_575' title='bbox 3347 1211 3531 1270; x_wconf 86' lang='lat' dir='ltr'><strong>utpote</strong></span> <span class='ocrx_word' id='word_1_576' title='bbox 3557 1206 3706 1259; x_wconf 90' lang='lat' dir='ltr'><strong>occi-</strong></span> 
     </span>
    </p>
   </div>
   <div class='ocr_carea' id='block_1_72' title="bbox 2125 1287 3700 1364">
    <p class='ocr_par' dir='ltr' id='par_1_72' title="bbox 2125 1287 3700 1364">
     <span class='ocr_line' id='line_1_72' title="bbox 2125 1287 3700 1364; baseline 0.008 -24"><span class='ocrx_word' id='word_1_577' title='bbox 2125 1287 2349 1350; x_wconf 88' lang='lat' dir='ltr'><strong>dendus,</strong></span> <span class='ocrx_word' id='word_1_578' title='bbox 2380 1305 2484 1342; x_wconf 91' lang='lat' dir='ltr'><strong>non</strong></span> <span class='ocrx_word' id='word_1_579' title='bbox 2511 1289 2732 1356; x_wconf 88' lang='lat' dir='ltr'><strong>docens,</strong></span> <span class='ocrx_word' id='word_1_580' title='bbox 2757 1300 2811 1344; x_wconf 90' lang='lat' dir='ltr'><strong>et</strong></span> <span class='ocrx_word' id='word_1_581' title='bbox 2833 1291 3126 1345; x_wconf 84' lang='lat' dir='ltr'><strong>ostendens</strong></span> <span class='ocrx_word' id='word_1_582' title='bbox 3156 1292 3318 1362; x_wconf 90' lang='lat' dir='ltr'><strong>legem</strong></span> <span class='ocrx_word' id='word_1_583' title='bbox 3346 1293 3458 1364; x_wconf 81' lang='lat' dir='ltr'><strong>jam</strong></span> <span class='ocrx_word' id='word_1_584' title='bbox 3504 1298 3640 1348; x_wconf 83' lang='lat' dir='ltr'><strong>solvi</strong></span> <span class='ocrx_word' id='word_1_585' title='bbox 3685 1315 3700 1352; x_wconf 90' lang='lat'><strong>:</strong></span> 
     </span>
    </p>
   </div>
   <div class='ocr_carea' id='block_1_73' title="bbox 2127 1381 3694 1449">
    <p class='ocr_par' dir='ltr' id='par_1_73' title="bbox 2127 1381 3694 1449">
     <span class='ocr_line' id='line_1_73' title="bbox 2127 1381 3694 1449; baseline 0.005 -15"><span class='ocrx_word' id='word_1_586' title='bbox 2127 1381 2214 1435; x_wconf 86' lang='lat' dir='ltr'><strong>hic</strong></span> <span class='ocrx_word' id='word_1_587' title='bbox 2264 1398 2394 1438; x_wconf 82' lang='lat' dir='ltr'><strong>vero</strong></span> <span class='ocrx_word' id='word_1_588' title='bbox 2445 1399 2548 1436; x_wconf 89' lang='lat' dir='ltr'><strong>non</strong></span> <span class='ocrx_word' id='word_1_589' title='bbox 2597 1384 2758 1449; x_wconf 89' lang='lat' dir='ltr'><strong>item,</strong></span> <span class='ocrx_word' id='word_1_590' title='bbox 2806 1383 2898 1438; x_wconf 89' lang='lat' dir='ltr'><strong>sed</strong></span> <span class='ocrx_word' id='word_1_591' title='bbox 2931 1384 3164 1438; x_wconf 88' lang='lat' dir='ltr'><strong>minatur</strong></span> <span class='ocrx_word' id='word_1_592' title='bbox 3203 1395 3256 1439; x_wconf 86' lang='lat' dir='ltr'><strong>et</strong></span> <span class='ocrx_word' id='word_1_593' title='bbox 3298 1395 3462 1441; x_wconf 89' lang='lat' dir='ltr'><strong>terret</strong></span> <span class='ocrx_word' id='word_1_594' title='bbox 3502 1389 3694 1442; x_wconf 88' lang='lat' dir='ltr'><strong>solum.</strong></span> 
     </span>
    </p>
   </div>
   <div class='ocr_carea' id='block_1_74' title="bbox 2124 1472 3692 1546">
    <p class='ocr_par' dir='ltr' id='par_1_74' title="bbox 2124 1472 3692 1546">
     <span class='ocr_line' id='line_1_74' title="bbox 2124 1472 3692 1546; baseline 0.006 -21"><span class='ocrx_word' id='word_1_595' title='bbox 2124 1472 2263 1528; x_wconf 88' lang='lat' dir='ltr'><strong>Deus</strong></span> <span class='ocrx_word' id='word_1_596' title='bbox 2285 1484 2452 1529; x_wconf 86' lang='lat' dir='ltr'><strong>autem</strong></span> <span class='ocrx_word' id='word_1_597' title='bbox 2493 1477 2750 1530; x_wconf 84' lang='lat' dir='ltr'><strong>suscitavit</strong></span> <span class='ocrx_word' id='word_1_598' title='bbox 2787 1477 2935 1530; x_wconf 89' lang='lat' dir='ltr'><strong>illum</strong></span> <span class='ocrx_word' id='word_1_599' title='bbox 2959 1493 2990 1531; x_wconf 90' lang='lat' dir='ltr'><strong>a</strong></span> <span class='ocrx_word' id='word_1_600' title='bbox 3031 1478 3263 1532; x_wconf 85' lang='lat' dir='ltr'><strong>mortuis.</strong></span> <span class='ocrx_word' id='word_1_601' title='bbox 3302 1477 3402 1543; x_wconf 86' lang='lat' dir='ltr'><strong>Qui</strong></span> <span class='ocrx_word' id='word_1_602' title='bbox 3434 1481 3564 1534; x_wconf 84' lang='lat' dir='ltr'><strong>visus</strong></span> <span class='ocrx_word' id='word_1_603' title='bbox 3585 1490 3656 1534; x_wconf 88' lang='lat' dir='ltr'><strong>est</strong></span> <span class='ocrx_word' id='word_1_604' title='bbox 3678 1525 3692 1546; x_wconf 92' lang='lat'><strong>,</strong></span> 
     </span>
    </p>
   </div>
   <div class='ocr_carea' id='block_1_75' title="bbox 2126 1566 3696 1634">
    <p class='ocr_par' dir='ltr' id='par_1_75' title="bbox 2126 1566 3696 1634">
     <span class='ocr_line' id='line_1_75' title="bbox 2126 1566 3696 1634; baseline 0.004 -15"><span class='ocrx_word' id='word_1_605' title='bbox 2126 1566 2314 1634; x_wconf 87' lang='lat' dir='ltr'><strong>inquit,</strong></span> <span class='ocrx_word' id='word_1_606' title='bbox 2346 1568 2514 1621; x_wconf 84' lang='lat' dir='ltr'><strong>multis</strong></span> <span class='ocrx_word' id='word_1_607' title='bbox 2536 1567 2712 1622; x_wconf 73' lang='lat' dir='ltr'><strong>diebus</strong></span> <span class='ocrx_word' id='word_1_608' title='bbox 2731 1569 2812 1632; x_wconf 86' lang='lat' dir='ltr'><strong>iis,</strong></span> <span class='ocrx_word' id='word_1_609' title='bbox 2836 1569 2922 1630; x_wconf 86' lang='lat' dir='ltr'><strong>qui</strong></span> <span class='ocrx_word' id='word_1_610' title='bbox 2945 1586 3059 1622; x_wconf 88' lang='lat' dir='ltr'><strong>cum</strong></span> <span class='ocrx_word' id='word_1_611' title='bbox 3093 1585 3151 1623; x_wconf 66' lang='lat' dir='ltr'><strong>eo</strong></span> <span class='ocrx_word' id='word_1_612' title='bbox 3173 1573 3502 1624; x_wconf 86' lang='lat' dir='ltr'><strong>ascenderant</strong></span> <span class='ocrx_word' id='word_1_613' title='bbox 3540 1589 3571 1624; x_wconf 92' lang='lat' dir='ltr'><strong>a</strong></span> <span class='ocrx_word' id='word_1_614' title='bbox 3597 1573 3696 1626; x_wconf 81' lang='lat' dir='ltr'><strong>Ga-</strong></span> 
     </span>
    </p>
   </div>
   <div class='ocr_carea' id='block_1_76' title="bbox 2123 1659 3698 1734">
    <p class='ocr_par' dir='ltr' id='par_1_76' title="bbox 2123 1659 3698 1734">
     <span class='ocr_line' id='line_1_76' title="bbox 2123 1659 3698 1734; baseline 0.003 -21"><span class='ocrx_word' id='word_1_615' title='bbox 2123 1659 2259 1713; x_wconf 82' lang='lat' dir='ltr'><strong>liltea</strong></span> <span class='ocrx_word' id='word_1_616' title='bbox 2284 1660 2336 1713; x_wconf 90' lang='lat' dir='ltr'><strong>in</strong></span> <span class='ocrx_word' id='word_1_617' title='bbox 2360 1659 2670 1714; x_wconf 80' lang='lat' dir='ltr'><strong>Jerusalem.</strong></span> <span class='ocrx_word' id='word_1_618' title='bbox 2696 1661 2829 1716; x_wconf 79' lang='lat' dir='ltr'><strong>Vide</strong></span> <span class='ocrx_word' id='word_1_619' title='bbox 2852 1663 2992 1717; x_wconf 88' lang='lat' dir='ltr'><strong>hunc</strong></span> <span class='ocrx_word' id='word_1_620' title='bbox 3016 1662 3084 1716; x_wconf 89' lang='lat' dir='ltr'><strong>ab</strong></span> <span class='ocrx_word' id='word_1_621' title='bbox 3112 1663 3228 1732; x_wconf 90' lang='lat' dir='ltr'><strong>ipso</strong></span> <span class='ocrx_word' id='word_1_622' title='bbox 3251 1662 3452 1734; x_wconf 83' lang='lat' dir='ltr'><strong>Spiritu</strong></span> <span class='ocrx_word' id='word_1_623' title='bbox 3480 1675 3698 1728; x_wconf 90' lang='lat' dir='ltr'><strong>motum,</strong></span> 
     </span>
    </p>
   </div>
   <div class='ocr_carea' id='block_1_77' title="bbox 2124 1753 3707 1824">
    <p class='ocr_par' dir='ltr' id='par_1_77' title="bbox 2124 1753 3707 1824">
     <span class='ocr_line' id='line_1_77' title="bbox 2124 1753 3707 1824; baseline 0.004 -18"><span class='ocrx_word' id='word_1_624' title='bbox 2124 1763 2176 1806; x_wconf 91' lang='lat' dir='ltr'><strong>et</strong></span> <span class='ocrx_word' id='word_1_625' title='bbox 2211 1753 2510 1820; x_wconf 82' lang='lat' dir='ltr'><strong>passionem</strong></span> <span class='ocrx_word' id='word_1_626' title='bbox 2560 1765 2613 1807; x_wconf 90' lang='lat' dir='ltr'><strong>et</strong></span> <span class='ocrx_word' id='word_1_627' title='bbox 2643 1755 2946 1822; x_wconf 77' lang='lat' dir='ltr'><strong>sepulcrum</strong></span> <span class='ocrx_word' id='word_1_628' title='bbox 2987 1771 3130 1824; x_wconf 68' lang='lat' dir='ltr'><strong>saepe</strong></span> <span class='ocrx_word' id='word_1_629' title='bbox 3182 1767 3593 1812; x_wconf 88' lang='lat' dir='ltr'><strong>memorantem.</strong></span> <span class='ocrx_word' id='word_1_630' title='bbox 3638 1754 3707 1812; x_wconf 83' lang='lat' dir='ltr'><strong>Et</strong></span> 
     </span>
    </p>
   </div>
   <div class='ocr_carea' id='block_1_78' title="bbox 2123 1844 3706 1917">
    <p class='ocr_par' dir='ltr' id='par_1_78' title="bbox 2123 1844 3706 1917">
     <span class='ocr_line' id='line_1_78' title="bbox 2123 1844 3706 1917; baseline 0.005 -23"><span class='ocrx_word' id='word_1_631' title='bbox 2123 1858 2213 1895; x_wconf 86' lang='lat' dir='ltr'><strong>nos</strong></span> <span class='ocrx_word' id='word_1_632' title='bbox 2251 1844 2388 1896; x_wconf 81' lang='lat' dir='ltr'><strong>vobis</strong></span> <span class='ocrx_word' id='word_1_633' title='bbox 2429 1846 2823 1908; x_wconf 80' lang='lat' dir='ltr'><strong>annuntiamus,</strong></span> <span class='ocrx_word' id='word_1_634' title='bbox 2869 1847 3072 1915; x_wconf 88' lang='lat' dir='ltr'><strong>inquit,</strong></span> <span class='ocrx_word' id='word_1_635' title='bbox 3120 1862 3232 1900; x_wconf 86' lang='lat' dir='ltr'><strong>eam</strong></span> <span class='ocrx_word' id='word_1_636' title='bbox 3271 1864 3384 1916; x_wconf 72' lang='lat' dir='ltr'><strong>qua:</strong></span> <span class='ocrx_word' id='word_1_637' title='bbox 3425 1849 3494 1900; x_wconf 87' lang='lat' dir='ltr'><strong>atl</strong></span> <span class='ocrx_word' id='word_1_638' title='bbox 3539 1859 3706 1917; x_wconf 85' lang='lat' dir='ltr'><strong>patres</strong></span> 
     </span>
    </p>
   </div>
   <div class='ocr_carea' id='block_1_79' title="bbox 2123 1936 3698 2012">
    <p class='ocr_par' dir='ltr' id='par_1_79' title="bbox 2123 1936 3698 2012">
     <span class='ocr_line' id='line_1_79' title="bbox 2123 1936 3698 2012; baseline 0.006 -27"><span class='ocrx_word' id='word_1_639' title='bbox 2123 1945 2320 1988; x_wconf 88' lang='lat' dir='ltr'><strong>nostros</strong></span> <span class='ocrx_word' id='word_1_640' title='bbox 2359 1936 2682 2012; x_wconf 81' lang='lat' dir='ltr'><strong>repromissio</strong></span> <span class='ocrx_word' id='word_1_641' title='bbox 2727 1941 2862 2006; x_wconf 79' lang='lat' dir='ltr'><strong>facta</strong></span> <span class='ocrx_word' id='word_1_642' title='bbox 2889 1947 3004 2001; x_wconf 89' lang='lat' dir='ltr'><strong>est;</strong></span> <span class='ocrx_word' id='word_1_643' title='bbox 3047 1937 3098 1990; x_wconf 90' lang='lat' dir='ltr'><strong>id</strong></span> <span class='ocrx_word' id='word_1_644' title='bbox 3127 1945 3243 2000; x_wconf 88' lang='lat' dir='ltr'><strong>est,</strong></span> <span class='ocrx_word' id='word_1_645' title='bbox 3290 1939 3698 2006; x_wconf 86' lang='lat' dir='ltr'><strong>promissionem</strong></span> 
     </span>
    </p>
   </div>
   <div class='ocr_carea' id='block_1_80' title="bbox 2123 2011 3697 2102">
    <p class='ocr_par' dir='ltr' id='par_1_80' title="bbox 2123 2011 3697 2102">
     <span class='ocr_line' id='line_1_80' title="bbox 2123 2011 3697 2102; baseline 0.004 -22"><span class='ocrx_word' id='word_1_646' title='bbox 2123 2034 2301 2095; x_wconf 87' lang='lat' dir='ltr'><strong>patres</strong></span> <span class='ocrx_word' id='word_1_647' title='bbox 2331 2011 2672 2093; x_wconf 84' lang='lat' dir='ltr'><strong>acceperunt,</strong></span> <span class='ocrx_word' id='word_1_648' title='bbox 2703 2043 2797 2082; x_wconf 87' lang='lat' dir='ltr'><strong>vos</strong></span> <span class='ocrx_word' id='word_1_649' title='bbox 2823 2044 2932 2083; x_wconf 88' lang='lat' dir='ltr'><strong>rem</strong></span> <span class='ocrx_word' id='word_1_650' title='bbox 2962 2029 3152 2098; x_wconf 81' lang='lat' dir='ltr'><strong>ipsam.</strong></span> <span class='ocrx_word' id='word_1_651' title='bbox 3190 2030 3393 2085; x_wconf 91' lang='lat' dir='ltr'><strong>Deinde</strong></span> <span class='ocrx_word' id='word_1_652' title='bbox 3420 2041 3697 2102; x_wconf 87' lang='lat' dir='ltr'><strong>postquam</strong></span> 
     </span>
    </p>
   </div>
   <div class='ocr_carea' id='block_1_81' title="bbox 2125 2119 3704 2187">
    <p class='ocr_par' dir='ltr' id='par_1_81' title="bbox 2125 2119 3704 2187">
     <span class='ocr_line' id='line_1_81' title="bbox 2125 2119 3704 2187; baseline 0.006 -17"><span class='ocrx_word' id='word_1_653' title='bbox 2125 2125 2312 2172; x_wconf 90' lang='lat' dir='ltr'><strong>testem</strong></span> <span class='ocrx_word' id='word_1_654' title='bbox 2341 2119 2634 2173; x_wconf 79' lang='lat' dir='ltr'><strong>adduxerat</strong></span> <span class='ocrx_word' id='word_1_655' title='bbox 2662 2119 2920 2175; x_wconf 81' lang='lat' dir='ltr'><strong>Joannem</strong></span> <span class='ocrx_word' id='word_1_656' title='bbox 2945 2162 2958 2184; x_wconf 93' lang='lat'><strong>,</strong></span> <span class='ocrx_word' id='word_1_657' title='bbox 2988 2137 3108 2176; x_wconf 91' lang='lat' dir='ltr'><strong>cum</strong></span> <span class='ocrx_word' id='word_1_658' title='bbox 3135 2122 3370 2187; x_wconf 90' lang='lat' dir='ltr'><strong>diceret,</strong></span> <span class='ocrx_word' id='word_1_659' title='bbox 3406 2123 3483 2177; x_wconf 91' lang='lat' dir='ltr'><strong>De</strong></span> <span class='ocrx_word' id='word_1_660' title='bbox 3517 2126 3704 2180; x_wconf 84' lang='lat' dir='ltr'><strong>semine</strong></span> 
     </span>
    </p>
   </div>
   <div class='ocr_carea' id='block_1_82' title="bbox 2123 2207 3700 2284">
    <p class='ocr_par' dir='ltr' id='par_1_82' title="bbox 2123 2207 3700 2284">
     <span class='ocr_line' id='line_1_82' title="bbox 2123 2207 3700 2284; baseline 0.006 -24"><span class='ocrx_word' id='word_1_661' title='bbox 2123 2207 2217 2261; x_wconf 83' lang='lat' dir='ltr'><strong>hoc</strong></span> <span class='ocrx_word' id='word_1_662' title='bbox 2233 2211 2507 2263; x_wconf 84' lang='lat' dir='ltr'><strong>secundum</strong></span> <span class='ocrx_word' id='word_1_663' title='bbox 2527 2212 2905 2279; x_wconf 85' lang='lat' dir='ltr'><strong>promissionem</strong></span> <span class='ocrx_word' id='word_1_664' title='bbox 2922 2213 3133 2266; x_wconf 73' lang='lat' dir='ltr'><strong>adduxit</strong></span> <span class='ocrx_word' id='word_1_665' title='bbox 3154 2212 3340 2268; x_wconf 83' lang='lat' dir='ltr'><strong>Israeli</strong></span> <span class='ocrx_word' id='word_1_666' title='bbox 3361 2216 3700 2284; x_wconf 78' lang='lat' dir='ltr'><strong>Salvator-cm,</strong></span> 
     </span>
    </p>
   </div>
   <div class='ocr_carea' id='block_1_83' title="bbox 2122 2303 3704 2381">
    <p class='ocr_par' dir='ltr' id='par_1_83' title="bbox 2122 2303 3704 2381">
     <span class='ocr_line' id='line_1_83' title="bbox 2122 2303 3704 2381; baseline 0.007 -27"><span class='ocrx_word' id='word_1_667' title='bbox 2122 2303 2428 2371; x_wconf 78' lang='lat' dir='ltr'><strong>prwdicante</strong></span> <span class='ocrx_word' id='word_1_668' title='bbox 2443 2303 2646 2358; x_wconf 76' lang='lat' dir='ltr'><strong>Joanne</strong></span> <span class='ocrx_word' id='word_1_669' title='bbox 2668 2315 2786 2359; x_wconf 86' lang='lat' dir='ltr'><strong>ante</strong></span> <span class='ocrx_word' id='word_1_670' title='bbox 2808 2307 2989 2378; x_wconf 75' lang='lat' dir='ltr'><strong>faciem</strong></span> <span class='ocrx_word' id='word_1_671' title='bbox 3014 2308 3256 2362; x_wconf 77' lang='lat' dir='ltr'><strong>aduentus</strong></span> <span class='ocrx_word' id='word_1_672' title='bbox 3272 2312 3382 2380; x_wconf 90' lang='lat' dir='ltr'><strong>ejus</strong></span> <span class='ocrx_word' id='word_1_673' title='bbox 3402 2311 3704 2381; x_wconf 84' lang='lat' dir='ltr'><strong>baptismum</strong></span> 
     </span>
    </p>
   </div>
   <div class='ocr_carea' id='block_1_84' title="bbox 2122 2395 3700 2463">
    <p class='ocr_par' dir='ltr' id='par_1_84' title="bbox 2122 2395 3700 2463">
     <span class='ocr_line' id='line_1_84' title="bbox 2122 2395 3700 2463; baseline 0.007 -17"><span class='ocrx_word' id='word_1_674' title='bbox 2122 2395 2425 2463; x_wconf 69' lang='lat' dir='ltr'><strong>paenitentiae</strong></span> <span class='ocrx_word' id='word_1_675' title='bbox 2447 2395 2657 2460; x_wconf 86' lang='lat' dir='ltr'><strong>Israel;</strong></span> <span class='ocrx_word' id='word_1_676' title='bbox 2682 2412 2864 2452; x_wconf 90' lang='lat' dir='ltr'><strong>rursus</strong></span> <span class='ocrx_word' id='word_1_677' title='bbox 2887 2397 3089 2454; x_wconf 84' lang='lat' dir='ltr'><strong>inducit</strong></span> <span class='ocrx_word' id='word_1_678' title='bbox 3117 2399 3265 2453; x_wconf 91' lang='lat' dir='ltr'><strong>illum</strong></span> <span class='ocrx_word' id='word_1_679' title='bbox 3299 2403 3489 2456; x_wconf 89' lang='lat' dir='ltr'><strong>iterum</strong></span> <span class='ocrx_word' id='word_1_680' title='bbox 3519 2403 3700 2457; x_wconf 89' lang='lat' dir='ltr'><strong>dicen-</strong></span> 
     </span>
    </p>
   </div>
   <div class='ocr_carea' id='block_1_85' title="bbox 2121 2487 3695 2563">
    <p class='ocr_par' dir='ltr' id='par_1_85' title="bbox 2121 2487 3695 2563">
     <span class='ocr_line' id='line_1_85' title="bbox 2121 2487 3695 2563; baseline 0.004 -23"><span class='ocrx_word' id='word_1_681' title='bbox 2121 2494 2226 2541; x_wconf 89' lang='lat' dir='ltr'><strong>tem</strong></span> <span class='ocrx_word' id='word_1_682' title='bbox 2260 2505 2273 2541; x_wconf 90' lang='lat'><strong>:</strong></span> <span class='ocrx_word' id='word_1_683' title='bbox 2307 2487 2466 2552; x_wconf 83' lang='lat' dir='ltr'><strong>Quem</strong></span> <span class='ocrx_word' id='word_1_684' title='bbox 2487 2504 2564 2541; x_wconf 90' lang='lat' dir='ltr'><strong>me</strong></span> <span class='ocrx_word' id='word_1_685' title='bbox 2591 2489 2904 2542; x_wconf 86' lang='lat' dir='ltr'><strong>arbitramini</strong></span> <span class='ocrx_word' id='word_1_686' title='bbox 2928 2505 3055 2551; x_wconf 88' lang='lat' dir='ltr'><strong>esse,</strong></span> <span class='ocrx_word' id='word_1_687' title='bbox 3087 2507 3188 2544; x_wconf 87' lang='lat' dir='ltr'><strong>non</strong></span> <span class='ocrx_word' id='word_1_688' title='bbox 3213 2509 3324 2545; x_wconf 89' lang='lat' dir='ltr'><strong>sum</strong></span> <span class='ocrx_word' id='word_1_689' title='bbox 3353 2509 3466 2563; x_wconf 88' lang='lat' dir='ltr'><strong>ego.</strong></span> <span class='ocrx_word' id='word_1_690' title='bbox 3501 2493 3695 2548; x_wconf 87' lang='lat' dir='ltr'><strong>Deinde</strong></span> 
     </span>
    </p>
   </div>
   <div class='ocr_carea' id='block_1_86' title="bbox 2120 2577 3695 2649">
    <p class='ocr_par' dir='ltr' id='par_1_86' title="bbox 2120 2577 3695 2649">
     <span class='ocr_line' id='line_1_86' title="bbox 2120 2577 3695 2649; baseline 0.006 -21"><span class='ocrx_word' id='word_1_691' title='bbox 2120 2577 2391 2645; x_wconf 80' lang='lat' dir='ltr'><strong>aposmlos</strong></span> <span class='ocrx_word' id='word_1_692' title='bbox 2417 2593 2628 2648; x_wconf 87' lang='lat' dir='ltr'><strong>quoque</strong></span> <span class='ocrx_word' id='word_1_693' title='bbox 2675 2579 2879 2634; x_wconf 90' lang='lat' dir='ltr'><strong>inducit</strong></span> <span class='ocrx_word' id='word_1_694' title='bbox 2906 2583 3313 2638; x_wconf 84' lang='lat' dir='ltr'><strong>resurrectionis</strong></span> <span class='ocrx_word' id='word_1_695' title='bbox 3363 2593 3528 2639; x_wconf 86' lang='lat' dir='ltr'><strong>testes</strong></span> <span class='ocrx_word' id='word_1_696' title='bbox 3551 2625 3566 2649; x_wconf 93' lang='lat'><strong>,</strong></span> <span class='ocrx_word' id='word_1_697' title='bbox 3613 2585 3695 2638; x_wconf 90' lang='lat' dir='ltr'><strong>di-</strong></span> 
     </span>
    </p>
   </div>
   <div class='ocr_carea' id='block_1_87' title="bbox 2119 2671 3697 2743">
    <p class='ocr_par' dir='ltr' id='par_1_87' title="bbox 2119 2671 3697 2743">
     <span class='ocr_line' id='line_1_87' title="bbox 2119 2671 3697 2743; baseline 0.004 -19"><span class='ocrx_word' id='word_1_698' title='bbox 2119 2685 2246 2724; x_wconf 88' lang='lat' dir='ltr'><strong>cens</strong></span> <span class='ocrx_word' id='word_1_699' title='bbox 2281 2687 2293 2724; x_wconf 89' lang='lat'>:</span> <span class='ocrx_word' id='word_1_700' title='bbox 2320 2671 2420 2734; x_wconf 86' lang='lat' dir='ltr'><strong>Qui</strong></span> <span class='ocrx_word' id='word_1_701' title='bbox 2443 2680 2558 2724; x_wconf 85' lang='lat' dir='ltr'><strong>sunt</strong></span> <span class='ocrx_word' id='word_1_702' title='bbox 2583 2681 2727 2725; x_wconf 86' lang='lat' dir='ltr'><strong>testes</strong></span> <span class='ocrx_word' id='word_1_703' title='bbox 2756 2673 2896 2726; x_wconf 85' lang='lat' dir='ltr'><strong>illius</strong></span> <span class='ocrx_word' id='word_1_704' title='bbox 2925 2673 2994 2726; x_wconf 86' lang='lat' dir='ltr'><strong>ad</strong></span> <span class='ocrx_word' id='word_1_705' title='bbox 3027 2675 3222 2743; x_wconf 87' lang='lat' dir='ltr'><strong>plebem</strong></span> <span class='ocrx_word' id='word_1_706' title='bbox 3247 2715 3280 2739; x_wconf 48' lang='lat'><strong>,,</strong></span> <span class='ocrx_word' id='word_1_707' title='bbox 3303 2675 3494 2731; x_wconf 90' lang='lat' dir='ltr'><strong>deinde</strong></span> <span class='ocrx_word' id='word_1_708' title='bbox 3543 2677 3697 2731; x_wconf 54' lang='lat' dir='ltr'><strong>Davi-</strong></span> 
     </span>
    </p>
   </div>
   <div class='ocr_carea' id='block_1_88' title="bbox 2119 2761 3702 2832">
    <p class='ocr_par' dir='ltr' id='par_1_88' title="bbox 2119 2761 3702 2832">
     <span class='ocr_line' id='line_1_88' title="bbox 2119 2761 3702 2832; baseline 0.004 -16"><span class='ocrx_word' id='word_1_709' title='bbox 2119 2761 2240 2816; x_wconf 89' lang='lat' dir='ltr'><strong>dem</strong></span> <span class='ocrx_word' id='word_1_710' title='bbox 2277 2761 2506 2832; x_wconf 90' lang='lat' dir='ltr'><strong>idipsum</strong></span> <span class='ocrx_word' id='word_1_711' title='bbox 2549 2763 2918 2819; x_wconf 86' lang='lat' dir='ltr'><strong>testiticantem</strong></span> <span class='ocrx_word' id='word_1_712' title='bbox 2947 2805 2963 2830; x_wconf 91' lang='lat'><strong>,</strong></span> <span class='ocrx_word' id='word_1_713' title='bbox 3012 2780 3132 2820; x_wconf 93' lang='lat' dir='ltr'><strong>cum</strong></span> <span class='ocrx_word' id='word_1_714' title='bbox 3186 2766 3350 2822; x_wconf 69' lang='lat' dir='ltr'><strong>dicit:</strong></span> <span class='ocrx_word' id='word_1_715' title='bbox 3384 2765 3504 2821; x_wconf 86' lang='lat' dir='ltr'><strong>Non</strong></span> <span class='ocrx_word' id='word_1_716' title='bbox 3559 2769 3702 2823; x_wconf 87' lang='lat' dir='ltr'><strong>dabis</strong></span> 
     </span>
    </p>
   </div>
   <div class='ocr_carea' id='block_1_89' title="bbox 2121 2853 3700 2927">
    <p class='ocr_par' dir='ltr' id='par_1_89' title="bbox 2121 2853 3700 2927">
     <span class='ocr_line' id='line_1_89' title="bbox 2121 2853 3700 2927; baseline 0.004 -18"><span class='ocrx_word' id='word_1_717' title='bbox 2121 2853 2366 2909; x_wconf 79' lang='lat' dir='ltr'><strong>Sanctum</strong></span> <span class='ocrx_word' id='word_1_718' title='bbox 2395 2864 2534 2908; x_wconf 83' lang='lat' dir='ltr'><strong>tuum</strong></span> <span class='ocrx_word' id='word_1_719' title='bbox 2571 2857 2739 2910; x_wconf 83' lang='lat' dir='ltr'><strong>videre</strong></span> <span class='ocrx_word' id='word_1_720' title='bbox 2775 2858 3165 2927; x_wconf 87' lang='lat' dir='ltr'><strong>corruptionem.</strong></span> <span class='ocrx_word' id='word_1_721' title='bbox 3193 2859 3377 2927; x_wconf 86' lang='lat' dir='ltr'><strong>Neque</strong></span> <span class='ocrx_word' id='word_1_722' title='bbox 3413 2862 3556 2915; x_wconf 88' lang='lat' dir='ltr'><strong>enim</strong></span> <span class='ocrx_word' id='word_1_723' title='bbox 3603 2877 3700 2916; x_wconf 83' lang='lat' dir='ltr'><strong>ve-</strong></span> 
     </span>
    </p>
   </div>
   <div class='ocr_carea' id='block_1_90' title="bbox 2121 2948 3701 3024">
    <p class='ocr_par' dir='ltr' id='par_1_90' title="bbox 2121 2948 3701 3024">
     <span class='ocr_line' id='line_1_90' title="bbox 2121 2948 3701 3024; baseline 0.008 -25"><span class='ocrx_word' id='word_1_724' title='bbox 2121 2955 2230 3000; x_wconf 89' lang='lat' dir='ltr'><strong>tera</strong></span> <span class='ocrx_word' id='word_1_725' title='bbox 2266 2963 2359 3016; x_wconf 89' lang='lat' dir='ltr'><strong>per</strong></span> <span class='ocrx_word' id='word_1_726' title='bbox 2377 2949 2553 3018; x_wconf 84' lang='lat' dir='ltr'><strong>seipsa</strong></span> <span class='ocrx_word' id='word_1_727' title='bbox 2578 2959 2684 3004; x_wconf 88' lang='lat' dir='ltr'><strong>tam</strong></span> <span class='ocrx_word' id='word_1_728' title='bbox 2708 2948 2859 3004; x_wconf 85' lang='lat' dir='ltr'><strong>l‘trma</strong></span> <span class='ocrx_word' id='word_1_729' title='bbox 2880 2966 3000 3006; x_wconf 87' lang='lat' dir='ltr'><strong>esse</strong></span> <span class='ocrx_word' id='word_1_730' title='bbox 3024 2951 3360 3020; x_wconf 82' lang='lat' dir='ltr'><strong>videbantur,</strong></span> <span class='ocrx_word' id='word_1_731' title='bbox 3385 2969 3558 3024; x_wconf 88' lang='lat' dir='ltr'><strong>neque</strong></span> <span class='ocrx_word' id='word_1_732' title='bbox 3585 2954 3701 3011; x_wconf 76' lang='lat' dir='ltr'><strong>lucc</strong></span> 
     </span>
    </p>
   </div>
   <div class='ocr_carea' id='block_1_91' title="bbox 2118 3038 3697 3116">
    <p class='ocr_par' dir='ltr' id='par_1_91' title="bbox 2118 3038 3697 3116">
     <span class='ocr_line' id='line_1_91' title="bbox 2118 3038 3697 3116; baseline 0.007 -25"><span class='ocrx_word' id='word_1_733' title='bbox 2118 3039 2235 3093; x_wconf 87' lang='lat' dir='ltr'><strong>sine</strong></span> <span class='ocrx_word' id='word_1_734' title='bbox 2263 3038 2367 3095; x_wconf 89' lang='lat' dir='ltr'><strong>illis</strong></span> <span class='ocrx_word' id='word_1_735' title='bbox 2397 3057 2410 3093; x_wconf 93' lang='lat'><strong>:</strong></span> <span class='ocrx_word' id='word_1_736' title='bbox 2441 3056 2536 3110; x_wconf 87' lang='lat' dir='ltr'><strong>per</strong></span> <span class='ocrx_word' id='word_1_737' title='bbox 2569 3050 2794 3111; x_wconf 88' lang='lat' dir='ltr'><strong>utraque</strong></span> <span class='ocrx_word' id='word_1_738' title='bbox 2818 3052 2966 3098; x_wconf 88' lang='lat' dir='ltr'><strong>certe</strong></span> <span class='ocrx_word' id='word_1_739' title='bbox 2991 3057 3294 3100; x_wconf 89' lang='lat' dir='ltr'><strong>sermonem</strong></span> <span class='ocrx_word' id='word_1_740' title='bbox 3327 3046 3520 3102; x_wconf 86' lang='lat' dir='ltr'><strong>ﬁrmat.</strong></span> <span class='ocrx_word' id='word_1_741' title='bbox 3564 3048 3697 3116; x_wconf 81' lang='lat' dir='ltr'><strong>Quia</strong></span> 
     </span>
    </p>
   </div>
   <div class='ocr_carea' id='block_1_92' title="bbox 2115 3133 3701 3208">
    <p class='ocr_par' dir='ltr' id='par_1_92' title="bbox 2115 3133 3701 3208">
     <span class='ocr_line' id='line_1_92' title="bbox 2115 3133 3701 3208; baseline 0.004 -21"><span class='ocrx_word' id='word_1_742' title='bbox 2115 3133 2259 3187; x_wconf 88' lang='lat' dir='ltr'><strong>enim</strong></span> <span class='ocrx_word' id='word_1_743' title='bbox 2304 3142 2446 3189; x_wconf 88' lang='lat' dir='ltr'><strong>metu</strong></span> <span class='ocrx_word' id='word_1_744' title='bbox 2488 3135 2825 3201; x_wconf 83' lang='lat' dir='ltr'><strong>tenebantur,</strong></span> <span class='ocrx_word' id='word_1_745' title='bbox 2877 3137 3017 3208; x_wconf 89' lang='lat' dir='ltr'><strong>quod</strong></span> <span class='ocrx_word' id='word_1_746' title='bbox 3064 3137 3211 3192; x_wconf 90' lang='lat' dir='ltr'><strong>illum</strong></span> <span class='ocrx_word' id='word_1_747' title='bbox 3255 3139 3614 3204; x_wconf 90' lang='lat' dir='ltr'><strong>occidissent,</strong></span> <span class='ocrx_word' id='word_1_748' title='bbox 3645 3153 3701 3196; x_wconf 83' lang='lat' dir='ltr'><strong>et</strong></span> 
     </span>
    </p>
   </div>
   <div class='ocr_carea' id='block_1_93' title="bbox 2118 3227 3696 3302">
    <p class='ocr_par' dir='ltr' id='par_1_93' title="bbox 2118 3227 3696 3302">
     <span class='ocr_line' id='line_1_93' title="bbox 2118 3227 3696 3302; baseline 0.005 -22"><span class='ocrx_word' id='word_1_749' title='bbox 2118 3227 2441 3282; x_wconf 77' lang='lat' dir='ltr'><strong>conscientia</strong></span> <span class='ocrx_word' id='word_1_750' title='bbox 2469 3229 2741 3284; x_wconf 79' lang='lat' dir='ltr'><strong>alienabat</strong></span> <span class='ocrx_word' id='word_1_751' title='bbox 2768 3229 2910 3295; x_wconf 90' lang='lat' dir='ltr'><strong>illos,</strong></span> <span class='ocrx_word' id='word_1_752' title='bbox 2939 3246 3047 3284; x_wconf 92' lang='lat' dir='ltr'><strong>non</strong></span> <span class='ocrx_word' id='word_1_753' title='bbox 3072 3232 3223 3302; x_wconf 88' lang='lat' dir='ltr'><strong>quasi</strong></span> <span class='ocrx_word' id='word_1_754' title='bbox 3252 3233 3316 3287; x_wconf 87' lang='lat' dir='ltr'><strong>ad</strong></span> <span class='ocrx_word' id='word_1_755' title='bbox 3348 3233 3696 3289; x_wconf 65' lang='lat' dir='ltr'><strong>Christicidas</strong></span> 
     </span>
    </p>
   </div>
   <div class='ocr_carea' id='block_1_94' title="bbox 2119 3317 3694 3402">
    <p class='ocr_par' dir='ltr' id='par_1_94' title="bbox 2119 3317 3694 3402">
     <span class='ocr_line' id='line_1_94' title="bbox 2119 3317 3694 3402; baseline 0.005 -31"><span class='ocrx_word' id='word_1_756' title='bbox 2119 3317 2424 3388; x_wconf 90' lang='lat' dir='ltr'><strong>loquuntur,</strong></span> <span class='ocrx_word' id='word_1_757' title='bbox 2461 3335 2561 3375; x_wconf 86' lang='lat' dir='ltr'><strong>nec</strong></span> <span class='ocrx_word' id='word_1_758' title='bbox 2597 3321 2750 3390; x_wconf 83' lang='lat' dir='ltr'><strong>quasi</strong></span> <span class='ocrx_word' id='word_1_759' title='bbox 2788 3321 3019 3377; x_wconf 88' lang='lat' dir='ltr'><strong>alienum</strong></span> <span class='ocrx_word' id='word_1_760' title='bbox 3051 3363 3068 3389; x_wconf 94' lang='lat'><strong>,</strong></span> <span class='ocrx_word' id='word_1_761' title='bbox 3099 3323 3192 3378; x_wconf 91' lang='lat' dir='ltr'><strong>sed</strong></span> <span class='ocrx_word' id='word_1_762' title='bbox 3225 3325 3375 3402; x_wconf 84' lang='lat' dir='ltr'><strong>quasi</strong></span> <span class='ocrx_word' id='word_1_763' title='bbox 3424 3327 3694 3396; x_wconf 88' lang='lat' dir='ltr'><strong>proprium</strong></span> 
     </span>
    </p>
   </div>
   <div class='ocr_carea' id='block_1_95' title="bbox 2118 3409 3696 3483">
    <p class='ocr_par' dir='ltr' id='par_1_95' title="bbox 2118 3409 3696 3483">
     <span class='ocr_line' id='line_1_95' title="bbox 2118 3409 3696 3483; baseline 0.001 -20"><span class='ocrx_word' id='word_1_764' title='bbox 2118 3411 2248 3478; x_wconf 85' lang='lat' dir='ltr'><strong>ipsis</strong></span> <span class='ocrx_word' id='word_1_765' title='bbox 2286 3409 2482 3466; x_wconf 91' lang='lat' dir='ltr'><strong>bonum</strong></span> <span class='ocrx_word' id='word_1_766' title='bbox 2524 3411 2812 3467; x_wconf 87' lang='lat' dir='ltr'><strong>traderent.</strong></span> <span class='ocrx_word' id='word_1_767' title='bbox 2848 3413 3251 3483; x_wconf 86' lang='lat' dir='ltr'><strong>Optatissimum</strong></span> <span class='ocrx_word' id='word_1_768' title='bbox 3295 3416 3398 3470; x_wconf 89' lang='lat' dir='ltr'><strong>illis</strong></span> <span class='ocrx_word' id='word_1_769' title='bbox 3437 3426 3556 3471; x_wconf 87' lang='lat' dir='ltr'><strong>erat</strong></span> <span class='ocrx_word' id='word_1_770' title='bbox 3604 3430 3696 3467; x_wconf 82' lang='lat' dir='ltr'><strong>no-</strong></span> 
     </span>
    </p>
   </div>
   <div class='ocr_carea' id='block_1_96' title="bbox 2120 3502 3693 3574">
    <p class='ocr_par' dir='ltr' id='par_1_96' title="bbox 2120 3502 3693 3574">
     <span class='ocr_line' id='line_1_96' title="bbox 2120 3502 3693 3574; baseline 0.004 -21"><span class='ocrx_word' id='word_1_771' title='bbox 2120 3517 2238 3555; x_wconf 87' lang='lat' dir='ltr'><strong>men</strong></span> <span class='ocrx_word' id='word_1_772' title='bbox 2281 3502 2494 3557; x_wconf 83' lang='lat' dir='ltr'><strong>Davidis</strong></span> <span class='ocrx_word' id='word_1_773' title='bbox 2528 3519 2542 3556; x_wconf 89' lang='lat'><strong>:</strong></span> <span class='ocrx_word' id='word_1_774' title='bbox 2577 3503 2696 3558; x_wconf 86' lang='lat' dir='ltr'><strong>ideo</strong></span> <span class='ocrx_word' id='word_1_775' title='bbox 2727 3504 2876 3574; x_wconf 86' lang='lat' dir='ltr'><strong>ponit</strong></span> <span class='ocrx_word' id='word_1_776' title='bbox 2913 3504 3064 3568; x_wconf 88' lang='lat' dir='ltr'><strong>illud,</strong></span> <span class='ocrx_word' id='word_1_777' title='bbox 3097 3516 3154 3560; x_wconf 92' lang='lat' dir='ltr'><strong>ut</strong></span> <span class='ocrx_word' id='word_1_778' title='bbox 3182 3505 3266 3561; x_wconf 81' lang='lat' dir='ltr'><strong>vel</strong></span> <span class='ocrx_word' id='word_1_779' title='bbox 3297 3506 3376 3561; x_wconf 91' lang='lat' dir='ltr'><strong>sic</strong></span> <span class='ocrx_word' id='word_1_780' title='bbox 3411 3507 3597 3561; x_wconf 89' lang='lat' dir='ltr'><strong>saltem</strong></span> <span class='ocrx_word' id='word_1_781' title='bbox 3628 3505 3693 3560; x_wconf 89' lang='lat' dir='ltr'><strong>il-</strong></span> 
     </span>
    </p>
   </div>
   <div class='ocr_carea' id='block_1_97' title="bbox 2118 3590 3694 3667">
    <p class='ocr_par' dir='ltr' id='par_1_97' title="bbox 2118 3590 3694 3667">
     <span class='ocr_line' id='line_1_97' title="bbox 2118 3590 3694 3667; baseline 0.003 -22"><span class='ocrx_word' id='word_1_782' title='bbox 2118 3590 2226 3645; x_wconf 89' lang='lat' dir='ltr'><strong>lum</strong></span> <span class='ocrx_word' id='word_1_783' title='bbox 2272 3593 2602 3661; x_wconf 85' lang='lat' dir='ltr'><strong>suscipiant;</strong></span> <span class='ocrx_word' id='word_1_784' title='bbox 2667 3609 2730 3649; x_wconf 89' lang='lat' dir='ltr'><strong>ac</strong></span> <span class='ocrx_word' id='word_1_785' title='bbox 2767 3595 2812 3649; x_wconf 89' lang='lat' dir='ltr'><strong>si</strong></span> <span class='ocrx_word' id='word_1_786' title='bbox 2857 3594 3091 3663; x_wconf 90' lang='lat' dir='ltr'><strong>diceret,</strong></span> <span class='ocrx_word' id='word_1_787' title='bbox 3136 3596 3300 3650; x_wconf 80' lang='lat' dir='ltr'><strong>filium</strong></span> <span class='ocrx_word' id='word_1_788' title='bbox 3356 3597 3470 3667; x_wconf 87' lang='lat' dir='ltr'><strong>ejus</strong></span> <span class='ocrx_word' id='word_1_789' title='bbox 3516 3613 3694 3666; x_wconf 84' lang='lat' dir='ltr'><strong>regem</strong></span> 
     </span>
    </p>
   </div>
   <div class='ocr_carea' id='block_1_98' title="bbox 2117 3683 3693 3757">
    <p class='ocr_par' dir='ltr' id='par_1_98' title="bbox 2117 3683 3693 3757">
     <span class='ocr_line' id='line_1_98' title="bbox 2117 3683 3693 3757; baseline 0.003 -21"><span class='ocrx_word' id='word_1_790' title='bbox 2117 3683 2247 3752; x_wconf 90' lang='lat' dir='ltr'><strong>ipsis</strong></span> <span class='ocrx_word' id='word_1_791' title='bbox 2277 3683 2509 3738; x_wconf 82' lang='lat' dir='ltr'><strong>futurum</strong></span> <span class='ocrx_word' id='word_1_792' title='bbox 2541 3700 2661 3740; x_wconf 87' lang='lat' dir='ltr'><strong>esse</strong></span> <span class='ocrx_word' id='word_1_793' title='bbox 2691 3704 2704 3739; x_wconf 90' lang='lat'><strong>:</strong></span> <span class='ocrx_word' id='word_1_794' title='bbox 2751 3687 2908 3757; x_wconf 80' lang='lat' dir='ltr'><strong>igitur</strong></span> <span class='ocrx_word' id='word_1_795' title='bbox 2933 3687 3050 3756; x_wconf 80' lang='lat' dir='ltr'><strong>ejus</strong></span> <span class='ocrx_word' id='word_1_796' title='bbox 3082 3687 3289 3742; x_wconf 80' lang='lat' dir='ltr'><strong>frenum</strong></span> <span class='ocrx_word' id='word_1_797' title='bbox 3321 3705 3386 3742; x_wconf 87' lang='lat' dir='ltr'><strong>ne</strong></span> <span class='ocrx_word' id='word_1_798' title='bbox 3412 3688 3693 3757; x_wconf 88' lang='lat' dir='ltr'><strong>abjiciatis.</strong></span> 
     </span>
    </p>
   </div>
   <div class='ocr_carea' id='block_1_99' title="bbox 2115 3776 3695 3850">
    <p class='ocr_par' dir='ltr' id='par_1_99' title="bbox 2115 3776 3695 3850">
     <span class='ocr_line' id='line_1_99' title="bbox 2115 3776 3695 3850; baseline 0.004 -20"><span class='ocrx_word' id='word_1_799' title='bbox 2115 3776 2250 3840; x_wconf 85' lang='lat' dir='ltr'><strong>Quid</strong></span> <span class='ocrx_word' id='word_1_800' title='bbox 2284 3777 2382 3832; x_wconf 89' lang='lat' dir='ltr'><strong>sibi</strong></span> <span class='ocrx_word' id='word_1_801' title='bbox 2410 3778 2521 3833; x_wconf 71' lang='lat' dir='ltr'><strong>vult</strong></span> <span class='ocrx_word' id='word_1_802' title='bbox 2568 3779 2694 3834; x_wconf 87' lang='lat' dir='ltr'><strong>illud</strong></span> <span class='ocrx_word' id='word_1_803' title='bbox 2729 3795 2742 3834; x_wconf 90' lang='lat'><strong>:</strong></span> <span class='ocrx_word' id='word_1_804' title='bbox 2788 3780 2930 3835; x_wconf 90' lang='lat' dir='ltr'><strong>Dabo</strong></span> <span class='ocrx_word' id='word_1_805' title='bbox 2969 3781 3105 3835; x_wconf 77' lang='lat' dir='ltr'><strong>vobis</strong></span> <span class='ocrx_word' id='word_1_806' title='bbox 3147 3792 3322 3836; x_wconf 89' lang='lat' dir='ltr'><strong>sancta</strong></span> <span class='ocrx_word' id='word_1_807' title='bbox 3349 3781 3518 3836; x_wconf 85' lang='lat' dir='ltr'><strong>David</strong></span> <span class='ocrx_word' id='word_1_808' title='bbox 3563 3783 3695 3850; x_wconf 80' lang='lat' dir='ltr'><strong>ﬁde-</strong></span> 
     </span>
    </p>
   </div>
   <div class='ocr_carea' id='block_1_100' title="bbox 2117 3868 3692 3943">
    <p class='ocr_par' dir='ltr' id='par_1_100' title="bbox 2117 3868 3692 3943">
     <span class='ocr_line' id='line_1_100' title="bbox 2117 3868 3692 3943; baseline 0.004 -23"><span class='ocrx_word' id='word_1_809' title='bbox 2117 3868 2231 3922; x_wconf 87' lang='lat' dir='ltr'><strong>lia?</strong></span> <span class='ocrx_word' id='word_1_810' title='bbox 2263 3868 2478 3933; x_wconf 87' lang='lat' dir='ltr'><strong>Firma,</strong></span> <span class='ocrx_word' id='word_1_811' title='bbox 2535 3870 2738 3938; x_wconf 85' lang='lat' dir='ltr'><strong>inquit,</strong></span> <span class='ocrx_word' id='word_1_812' title='bbox 2789 3887 2909 3941; x_wconf 70' lang='lat' dir='ltr'><strong>quas</strong></span> <span class='ocrx_word' id='word_1_813' title='bbox 2952 3887 3242 3943; x_wconf 85' lang='lat' dir='ltr'><strong>numquam</strong></span> <span class='ocrx_word' id='word_1_814' title='bbox 3290 3874 3522 3943; x_wconf 88' lang='lat' dir='ltr'><strong>peritura</strong></span> <span class='ocrx_word' id='word_1_815' title='bbox 3566 3875 3692 3928; x_wconf 88' lang='lat' dir='ltr'><strong>sint.</strong></span> 
     </span>
    </p>
   </div>
   <div class='ocr_carea' id='block_1_101' title="bbox 2113 3960 3695 4034">
    <p class='ocr_par' dir='ltr' id='par_1_101' title="bbox 2113 3960 3695 4034">
     <span class='ocr_line' id='line_1_101' title="bbox 2113 3960 3695 4034; baseline 0.003 -19"><span class='ocrx_word' id='word_1_816' title='bbox 2113 3960 2298 4032; x_wconf 89' lang='lat' dir='ltr'><strong>Neque</strong></span> <span class='ocrx_word' id='word_1_817' title='bbox 2345 3961 2397 4015; x_wconf 91' lang='lat' dir='ltr'><strong>in</strong></span> <span class='ocrx_word' id='word_1_818' title='bbox 2453 3961 2534 4015; x_wconf 89' lang='lat' dir='ltr'><strong>bis</strong></span> <span class='ocrx_word' id='word_1_819' title='bbox 2584 3971 2842 4029; x_wconf 85' lang='lat' dir='ltr'><strong>moratur,</strong></span> <span class='ocrx_word' id='word_1_820' title='bbox 2893 3972 3079 4032; x_wconf 87' lang='lat' dir='ltr'><strong>utpote</strong></span> <span class='ocrx_word' id='word_1_821' title='bbox 3127 3980 3247 4019; x_wconf 91' lang='lat' dir='ltr'><strong>cum</strong></span> <span class='ocrx_word' id='word_1_822' title='bbox 3295 3966 3377 4019; x_wconf 87' lang='lat' dir='ltr'><strong>bis</strong></span> <span class='ocrx_word' id='word_1_823' title='bbox 3419 3965 3526 4034; x_wconf 89' lang='lat' dir='ltr'><strong>jam</strong></span> <span class='ocrx_word' id='word_1_824' title='bbox 3574 3981 3695 4020; x_wconf 87' lang='lat' dir='ltr'><strong>cre-</strong></span> 
     </span>
    </p>
   </div>
   <div class='ocr_carea' id='block_1_102' title="bbox 2115 4053 3692 4124">
    <p class='ocr_par' dir='ltr' id='par_1_102' title="bbox 2115 4053 3692 4124">
     <span class='ocr_line' id='line_1_102' title="bbox 2115 4053 3692 4124; baseline 0.001 -16"><span class='ocrx_word' id='word_1_825' title='bbox 2115 4053 2271 4120; x_wconf 87' lang='lat' dir='ltr'><strong>dant;</strong></span> <span class='ocrx_word' id='word_1_826' title='bbox 2331 4053 2426 4108; x_wconf 88' lang='lat' dir='ltr'><strong>sed</strong></span> <span class='ocrx_word' id='word_1_827' title='bbox 2476 4053 2710 4108; x_wconf 90' lang='lat' dir='ltr'><strong>minatur</strong></span> <span class='ocrx_word' id='word_1_828' title='bbox 2755 4055 3073 4124; x_wconf 90' lang='lat' dir='ltr'><strong>supplicium</strong></span> <span class='ocrx_word' id='word_1_829' title='bbox 3100 4096 3118 4122; x_wconf 94' lang='lat'><strong>,</strong></span> <span class='ocrx_word' id='word_1_830' title='bbox 3167 4064 3222 4110; x_wconf 90' lang='lat' dir='ltr'><strong>et</strong></span> <span class='ocrx_word' id='word_1_831' title='bbox 3265 4057 3457 4110; x_wconf 85' lang='lat' dir='ltr'><strong>transit</strong></span> <span class='ocrx_word' id='word_1_832' title='bbox 3489 4057 3556 4110; x_wconf 86' lang='lat' dir='ltr'><strong>ad</strong></span> <span class='ocrx_word' id='word_1_833' title='bbox 3601 4057 3692 4122; x_wconf 89' lang='lat' dir='ltr'><strong>id,</strong></span> 
     </span>
    </p>
   </div>
   <div class='ocr_carea' id='block_1_103' title="bbox 2114 4147 3692 4219">
    <p class='ocr_par' dir='ltr' id='par_1_103' title="bbox 2114 4147 3692 4219">
     <span class='ocr_line' id='line_1_103' title="bbox 2114 4147 3692 4219; baseline 0.003 -21"><span class='ocrx_word' id='word_1_834' title='bbox 2114 4149 2254 4218; x_wconf 90' lang='lat' dir='ltr'><strong>quod</strong></span> <span class='ocrx_word' id='word_1_835' title='bbox 2299 4147 2378 4201; x_wconf 90' lang='lat' dir='ltr'><strong>eis</strong></span> <span class='ocrx_word' id='word_1_836' title='bbox 2411 4147 2646 4217; x_wconf 80' lang='lat' dir='ltr'><strong>Optabile</strong></span> <span class='ocrx_word' id='word_1_837' title='bbox 2689 4156 2842 4212; x_wconf 85' lang='lat' dir='ltr'><strong>erat,</strong></span> <span class='ocrx_word' id='word_1_838' title='bbox 2885 4162 3004 4201; x_wconf 90' lang='lat' dir='ltr'><strong>cum</strong></span> <span class='ocrx_word' id='word_1_839' title='bbox 3033 4147 3360 4203; x_wconf 84' lang='lat' dir='ltr'><strong>ostendisset</strong></span> <span class='ocrx_word' id='word_1_840' title='bbox 3387 4149 3692 4219; x_wconf 87' lang='lat' dir='ltr'><strong>abrogatam</strong></span> 
     </span>
    </p>
   </div>
   <div class='ocr_carea' id='block_1_104' title="bbox 2114 4225 3694 4310">
    <p class='ocr_par' dir='ltr' id='par_1_104' title="bbox 2114 4225 3694 4310">
     <span class='ocr_line' id='line_1_104' title="bbox 2114 4225 3694 4310; baseline 0.001 -17"><span class='ocrx_word' id='word_1_841' title='bbox 2114 4253 2234 4294; x_wconf 88' lang='lat' dir='ltr'><strong>esse</strong></span> <span class='ocrx_word' id='word_1_842' title='bbox 2252 4239 2422 4309; x_wconf 81' lang='lat' dir='ltr'><strong>legem</strong></span> <span class='ocrx_word' id='word_1_843' title='bbox 2445 4255 2459 4303; x_wconf 89' lang='lat'><strong>;</strong></span> <span class='ocrx_word' id='word_1_844' title='bbox 2487 4247 2653 4309; x_wconf 82' lang='lat' dir='ltr'><strong>atque</strong></span> <span class='ocrx_word' id='word_1_845' title='bbox 2671 4238 2722 4293; x_wconf 90' lang='lat' dir='ltr'><strong>in</strong></span> <span class='ocrx_word' id='word_1_846' title='bbox 2748 4254 2814 4294; x_wconf 91' lang='lat' dir='ltr'><strong>eo</strong></span> <span class='ocrx_word' id='word_1_847' title='bbox 2833 4238 2974 4308; x_wconf 91' lang='lat' dir='ltr'><strong>quod</strong></span> <span class='ocrx_word' id='word_1_848' title='bbox 2995 4239 3127 4294; x_wconf 88' lang='lat' dir='ltr'><strong>utile</strong></span> <span class='ocrx_word' id='word_1_849' title='bbox 3144 4249 3259 4294; x_wconf 89' lang='lat' dir='ltr'><strong>erat</strong></span> <span class='ocrx_word' id='word_1_850' title='bbox 3277 4250 3534 4304; x_wconf 88' lang='lat' dir='ltr'><strong>moratur,</strong></span> <span class='ocrx_word' id='word_1_851' title='bbox 3549 4225 3694 4310; x_wconf 74' lang='lat' dir='ltr'><strong>quod</strong></span> 
     </span>
    </p>
   </div>
   <div class='ocr_carea' id='block_1_105' title="bbox 2114 4329 3692 4401">
    <p class='ocr_par' dir='ltr' id='par_1_105' title="bbox 2114 4329 3692 4401">
     <span class='ocr_line' id='line_1_105' title="bbox 2114 4329 3692 4401; baseline 0 -17"><span class='ocrx_word' id='word_1_852' title='bbox 2114 4346 2309 4400; x_wconf 89' lang='lat' dir='ltr'><strong>nempe</strong></span> <span class='ocrx_word' id='word_1_853' title='bbox 2355 4345 2543 4401; x_wconf 87' lang='lat' dir='ltr'><strong>magna</strong></span> <span class='ocrx_word' id='word_1_854' title='bbox 2593 4330 3049 4400; x_wconf 86' lang='lat' dir='ltr'><strong>trangressoribns</strong></span> <span class='ocrx_word' id='word_1_855' title='bbox 3091 4331 3230 4384; x_wconf 86' lang='lat' dir='ltr'><strong>mala</strong></span> <span class='ocrx_word' id='word_1_856' title='bbox 3275 4329 3450 4385; x_wconf 81' lang='lat' dir='ltr'><strong>futura</strong></span> <span class='ocrx_word' id='word_1_857' title='bbox 3491 4341 3692 4385; x_wconf 68' lang='lat' dir='ltr'><strong>essent.</strong></span> 
     </span>
    </p>
   </div>
   <div class='ocr_carea' id='block_1_106' title="bbox 2116 4421 3693 4485">
    <p class='ocr_par' dir='ltr' id='par_1_106' title="bbox 2116 4421 3693 4485">
     <span class='ocr_line' id='line_1_106' title="bbox 2116 4421 3693 4485; baseline -0.001 -8"><span class='ocrx_word' id='word_1_858' title='bbox 2116 4421 2316 4478; x_wconf 88' lang='lat' dir='ltr'><strong>Deinde</strong></span> <span class='ocrx_word' id='word_1_859' title='bbox 2337 4424 2528 4477; x_wconf 89' lang='lat' dir='ltr'><strong>iterum</strong></span> <span class='ocrx_word' id='word_1_860' title='bbox 2554 4421 2808 4476; x_wconf 84' lang='lat' dir='ltr'><strong>Davidem</strong></span> <span class='ocrx_word' id='word_1_861' title='bbox 2837 4437 2957 4476; x_wconf 90' lang='lat' dir='ltr'><strong>cum</strong></span> <span class='ocrx_word' id='word_1_862' title='bbox 2978 4421 3135 4476; x_wconf 86' lang='lat' dir='ltr'><strong>laude</strong></span> <span class='ocrx_word' id='word_1_863' title='bbox 3165 4432 3430 4476; x_wconf 87' lang='lat' dir='ltr'><strong>memorat</strong></span> <span class='ocrx_word' id='word_1_864' title='bbox 3458 4439 3472 4477; x_wconf 92' lang='lat'>:</span> <span class='ocrx_word' id='word_1_865' title='bbox 3506 4422 3693 4485; x_wconf 71' lang='lat' dir='ltr'><strong>Dauid,</strong></span> 
     </span>
    </p>
   </div>
   <div class='ocr_carea' id='block_1_107' title="bbox 2115 4513 3696 4584">
    <p class='ocr_par' dir='ltr' id='par_1_107' title="bbox 2115 4513 3696 4584">
     <span class='ocr_line' id='line_1_107' title="bbox 2115 4513 3696 4584; baseline -0.002 -16"><span class='ocrx_word' id='word_1_866' title='bbox 2115 4515 2306 4584; x_wconf 89' lang='lat' dir='ltr'><strong>inquit,</strong></span> <span class='ocrx_word' id='word_1_867' title='bbox 2328 4516 2380 4568; x_wconf 86' lang='lat' dir='ltr'><strong>in</strong></span> <span class='ocrx_word' id='word_1_868' title='bbox 2406 4531 2502 4568; x_wconf 81' lang='lat' dir='ltr'><strong>sua</strong></span> <span class='ocrx_word' id='word_1_869' title='bbox 2532 4514 2850 4584; x_wconf 85' lang='lat' dir='ltr'><strong>generatione</strong></span> <span class='ocrx_word' id='word_1_870' title='bbox 2875 4529 2994 4566; x_wconf 90' lang='lat' dir='ltr'><strong>cum</strong></span> <span class='ocrx_word' id='word_1_871' title='bbox 3031 4513 3428 4567; x_wconf 87' lang='lat' dir='ltr'><strong>administrasset</strong></span> <span class='ocrx_word' id='word_1_872' title='bbox 3454 4514 3696 4568; x_wconf 77' lang='lat' dir='ltr'><strong>uoluntati</strong></span> 
     </span>
    </p>
   </div>
   <div class='ocr_carea' id='block_1_108' title="bbox 2113 4603 3694 4675">
    <p class='ocr_par' dir='ltr' id='par_1_108' title="bbox 2113 4603 3694 4675">
     <span class='ocr_line' id='line_1_108' title="bbox 2113 4603 3694 4675; baseline -0.001 -15"><span class='ocrx_word' id='word_1_873' title='bbox 2113 4606 2228 4671; x_wconf 88' lang='lat' dir='ltr'><strong>Dei,</strong></span> <span class='ocrx_word' id='word_1_874' title='bbox 2254 4607 2514 4675; x_wconf 87' lang='lat' dir='ltr'><strong>appositus</strong></span> <span class='ocrx_word' id='word_1_875' title='bbox 2530 4615 2600 4660; x_wconf 86' lang='lat' dir='ltr'><strong>est</strong></span> <span class='ocrx_word' id='word_1_876' title='bbox 2626 4605 2694 4658; x_wconf 88' lang='lat' dir='ltr'><strong>ad</strong></span> <span class='ocrx_word' id='word_1_877' title='bbox 2717 4615 2887 4674; x_wconf 89' lang='lat' dir='ltr'><strong>patres</strong></span> <span class='ocrx_word' id='word_1_878' title='bbox 2910 4621 3049 4659; x_wconf 90' lang='lat' dir='ltr'><strong>suos.</strong></span> <span class='ocrx_word' id='word_1_879' title='bbox 3071 4603 3220 4660; x_wconf 88' lang='lat' dir='ltr'><strong>Sicut</strong></span> <span class='ocrx_word' id='word_1_880' title='bbox 3239 4614 3292 4660; x_wconf 84' lang='lat' dir='ltr'><strong>et</strong></span> <span class='ocrx_word' id='word_1_881' title='bbox 3314 4605 3500 4660; x_wconf 87' lang='lat' dir='ltr'><strong>Petrus</strong></span> <span class='ocrx_word' id='word_1_882' title='bbox 3523 4606 3694 4674; x_wconf 86' lang='lat' dir='ltr'><strong>ipsum</strong></span> 
     </span>
    </p>
   </div>
   <div class='ocr_carea' id='block_1_109' title="bbox 2115 4696 3696 4766">
    <p class='ocr_par' dir='ltr' id='par_1_109' title="bbox 2115 4696 3696 4766">
     <span class='ocr_line' id='line_1_109' title="bbox 2115 4696 3696 4766; baseline -0.002 -13"><span class='ocrx_word' id='word_1_883' title='bbox 2115 4712 2418 4753; x_wconf 85' lang='lat' dir='ltr'><strong>memorans</strong></span> <span class='ocrx_word' id='word_1_884' title='bbox 2451 4697 2664 4752; x_wconf 80' lang='lat' dir='ltr'><strong>dicebat</strong></span> <span class='ocrx_word' id='word_1_885' title='bbox 2691 4714 2705 4750; x_wconf 90' lang='lat'><strong>:</strong></span> <span class='ocrx_word' id='word_1_886' title='bbox 2739 4696 2911 4751; x_wconf 87' lang='lat' dir='ltr'><strong>Liceat</strong></span> <span class='ocrx_word' id='word_1_887' title='bbox 2931 4697 3096 4751; x_wconf 85' lang='lat' dir='ltr'><strong>dicere</strong></span> <span class='ocrx_word' id='word_1_888' title='bbox 3137 4714 3252 4750; x_wconf 87' lang='lat' dir='ltr'><strong>cum</strong></span> <span class='ocrx_word' id='word_1_889' title='bbox 3296 4697 3484 4764; x_wconf 82' lang='lat' dir='ltr'><strong>ﬁducia</strong></span> <span class='ocrx_word' id='word_1_890' title='bbox 3512 4697 3576 4750; x_wconf 89' lang='lat' dir='ltr'><strong>de</strong></span> <span class='ocrx_word' id='word_1_891' title='bbox 3605 4714 3696 4766; x_wconf 89' lang='lat' dir='ltr'><strong>pa-</strong></span> 
     </span>
    </p>
   </div>
   <div class='ocr_carea' id='block_1_110' title="bbox 2115 4789 3692 4863">
    <p class='ocr_par' dir='ltr' id='par_1_110' title="bbox 2115 4789 3692 4863">
     <span class='ocr_line' id='line_1_110' title="bbox 2115 4789 3692 4863; baseline 0.001 -18"><span class='ocrx_word' id='word_1_892' title='bbox 2115 4791 2336 4846; x_wconf 81' lang='lat' dir='ltr'><strong>triarcha</strong></span> <span class='ocrx_word' id='word_1_893' title='bbox 2365 4791 2528 4844; x_wconf 82' lang='lat' dir='ltr'><strong>David</strong></span> <span class='ocrx_word' id='word_1_894' title='bbox 2560 4790 2696 4863; x_wconf 85' lang='lat' dir='ltr'><strong>(Act.</strong></span> <span class='ocrx_word' id='word_1_895' title='bbox 2720 4789 2777 4845; x_wconf 73' lang='lat'><strong>2.</strong></span> <span class='ocrx_word' id='word_1_896' title='bbox 2808 4790 2922 4860; x_wconf 73' lang='lat'><strong>29).</strong></span> <span class='ocrx_word' id='word_1_897' title='bbox 2962 4790 3071 4846; x_wconf 87' lang='lat' dir='ltr'><strong>Nec</strong></span> <span class='ocrx_word' id='word_1_898' title='bbox 3099 4790 3230 4846; x_wconf 92' lang='lat' dir='ltr'><strong>dicit</strong></span> <span class='ocrx_word' id='word_1_899' title='bbox 3249 4802 3515 4845; x_wconf 90' lang='lat' dir='ltr'><strong>mortuum</strong></span> <span class='ocrx_word' id='word_1_900' title='bbox 3542 4807 3692 4859; x_wconf 83' lang='lat' dir='ltr'><strong>esse,</strong></span> 
     </span>
    </p>
   </div>
   <div class='ocr_carea' id='block_1_111' title="bbox 2114 4882 3694 4954">
    <p class='ocr_par' dir='ltr' id='par_1_111' title="bbox 2114 4882 3694 4954">
     <span class='ocr_line' id='line_1_111' title="bbox 2114 4882 3694 4954; baseline 0 -16"><span class='ocrx_word' id='word_1_901' title='bbox 2114 4883 2208 4938; x_wconf 88' lang='lat' dir='ltr'><strong>sed</strong></span> <span class='ocrx_word' id='word_1_902' title='bbox 2228 4924 2243 4948; x_wconf 92' lang='lat'><strong>,</strong></span> <span class='ocrx_word' id='word_1_903' title='bbox 2272 4883 2547 4954; x_wconf 83' lang='lat' dir='ltr'><strong>Appositus</strong></span> <span class='ocrx_word' id='word_1_904' title='bbox 2569 4892 2644 4936; x_wconf 90' lang='lat' dir='ltr'><strong>est</strong></span> <span class='ocrx_word' id='word_1_905' title='bbox 2669 4882 2738 4936; x_wconf 88' lang='lat' dir='ltr'><strong>ad</strong></span> <span class='ocrx_word' id='word_1_906' title='bbox 2769 4892 2938 4952; x_wconf 88' lang='lat' dir='ltr'><strong>patres</strong></span> <span class='ocrx_word' id='word_1_907' title='bbox 2967 4900 3082 4937; x_wconf 89' lang='lat' dir='ltr'><strong>suos</strong></span> <span class='ocrx_word' id='word_1_908' title='bbox 3104 4923 3120 4947; x_wconf 91' lang='lat'><strong>,</strong></span> <span class='ocrx_word' id='word_1_909' title='bbox 3149 4884 3200 4937; x_wconf 84' lang='lat' dir='ltr'><strong>id</strong></span> <span class='ocrx_word' id='word_1_910' title='bbox 3231 4883 3371 4952; x_wconf 93' lang='lat' dir='ltr'><strong>quod</strong></span> <span class='ocrx_word' id='word_1_911' title='bbox 3399 4884 3540 4937; x_wconf 89' lang='lat' dir='ltr'><strong>dictu</strong></span> <span class='ocrx_word' id='word_1_912' title='bbox 3569 4900 3694 4938; x_wconf 82' lang='lat' dir='ltr'><strong>sua-</strong></span> 
     </span>
    </p>
   </div>
   <div class='ocr_carea' id='block_1_112' title="bbox 2112 4974 3694 5045">
    <p class='ocr_par' dir='ltr' id='par_1_112' title="bbox 2112 4974 3694 5045">
     <span class='ocr_line' id='line_1_112' title="bbox 2112 4974 3694 5045; baseline 0.001 -17"><span class='ocrx_word' id='word_1_913' title='bbox 2112 4979 2230 5030; x_wconf 84' lang='lat' dir='ltr'><strong>vius</strong></span> <span class='ocrx_word' id='word_1_914' title='bbox 2259 4985 2392 5030; x_wconf 90' lang='lat' dir='ltr'><strong>erat.</strong></span> <span class='ocrx_word' id='word_1_915' title='bbox 2425 4975 2492 5029; x_wconf 87' lang='lat' dir='ltr'><strong>Et</strong></span> <span class='ocrx_word' id='word_1_916' title='bbox 2520 4974 2638 5029; x_wconf 80' lang='lat' dir='ltr'><strong>vide</strong></span> <span class='ocrx_word' id='word_1_917' title='bbox 2666 4974 2936 5043; x_wconf 85' lang='lat' dir='ltr'><strong>quomodo</strong></span> <span class='ocrx_word' id='word_1_918' title='bbox 2970 4991 3230 5044; x_wconf 79' lang='lat' dir='ltr'><strong>nusquam</strong></span> <span class='ocrx_word' id='word_1_919' title='bbox 3275 4975 3412 5028; x_wconf 88' lang='lat' dir='ltr'><strong>bona</strong></span> <span class='ocrx_word' id='word_1_920' title='bbox 3459 4976 3694 5045; x_wconf 83' lang='lat' dir='ltr'><strong>ipsorum</strong></span> 
     </span>
    </p>
   </div>
   <div class='ocr_carea' id='block_1_113' title="bbox 2114 5066 3694 5138">
    <p class='ocr_par' dir='ltr' id='par_1_113' title="bbox 2114 5066 3694 5138">
     <span class='ocr_line' id='line_1_113' title="bbox 2114 5066 3694 5138; baseline -0.001 -16"><span class='ocrx_word' id='word_1_921' title='bbox 2114 5084 2277 5138; x_wconf 87' lang='lat' dir='ltr'><strong>opera</strong></span> <span class='ocrx_word' id='word_1_922' title='bbox 2322 5076 2520 5138; x_wconf 88' lang='lat' dir='ltr'><strong>ponat,</strong></span> <span class='ocrx_word' id='word_1_923' title='bbox 2561 5068 2658 5122; x_wconf 90' lang='lat' dir='ltr'><strong>sed</strong></span> <span class='ocrx_word' id='word_1_924' title='bbox 2689 5084 2808 5136; x_wconf 72' lang='lat' dir='ltr'><strong>qua:</strong></span> <span class='ocrx_word' id='word_1_925' title='bbox 2841 5066 3283 5136; x_wconf 85' lang='lat' dir='ltr'><strong>reprehensibilia</strong></span> <span class='ocrx_word' id='word_1_926' title='bbox 3324 5079 3477 5121; x_wconf 89' lang='lat' dir='ltr'><strong>erant</strong></span> <span class='ocrx_word' id='word_1_927' title='bbox 3513 5084 3525 5120; x_wconf 95' lang='lat'><strong>:</strong></span> <span class='ocrx_word' id='word_1_928' title='bbox 3571 5084 3694 5121; x_wconf 90' lang='lat' dir='ltr'><strong>nam</strong></span> 
     </span>
    </p>
   </div>
   <div class='ocr_carea' id='block_1_114' title="bbox 2113 5159 3698 5232">
    <p class='ocr_par' dir='ltr' id='par_1_114' title="bbox 2113 5159 3698 5232">
     <span class='ocr_line' id='line_1_114' title="bbox 2113 5159 3698 5232; baseline -0.001 -19"><span class='ocrx_word' id='word_1_929' title='bbox 2113 5161 2254 5232; x_wconf 85' lang='lat' dir='ltr'><strong>quod</strong></span> <span class='ocrx_word' id='word_1_930' title='bbox 2281 5161 2561 5230; x_wconf 89' lang='lat' dir='ltr'><strong>petiissent</strong></span> <span class='ocrx_word' id='word_1_931' title='bbox 2588 5167 2643 5213; x_wconf 90' lang='lat' dir='ltr'><strong>et</strong></span> <span class='ocrx_word' id='word_1_932' title='bbox 2673 5159 3046 5228; x_wconf 85' lang='lat' dir='ltr'><strong>accepissent,</strong></span> <span class='ocrx_word' id='word_1_933' title='bbox 3083 5174 3273 5228; x_wconf 78' lang='lat' dir='ltr'><strong>magna</strong></span> <span class='ocrx_word' id='word_1_934' title='bbox 3301 5159 3508 5213; x_wconf 90' lang='lat' dir='ltr'><strong>illorum</strong></span> <span class='ocrx_word' id='word_1_935' title='bbox 3533 5175 3698 5214; x_wconf 87' lang='lat' dir='ltr'><strong>accu-</strong></span> 
     </span>
    </p>
   </div>
   <div class='ocr_carea' id='block_1_115' title="bbox 2115 5250 3692 5322">
    <p class='ocr_par' dir='ltr' id='par_1_115' title="bbox 2115 5250 3692 5322">
     <span class='ocr_line' id='line_1_115' title="bbox 2115 5250 3692 5322; baseline -0.003 -14"><span class='ocrx_word' id='word_1_936' title='bbox 2115 5254 2251 5308; x_wconf 86' lang='lat' dir='ltr'><strong>satio</strong></span> <span class='ocrx_word' id='word_1_937' title='bbox 2271 5262 2404 5306; x_wconf 89' lang='lat' dir='ltr'><strong>erat.</strong></span> <span class='ocrx_word' id='word_1_938' title='bbox 2433 5251 2566 5306; x_wconf 88' lang='lat' dir='ltr'><strong>Ilinc</strong></span> <span class='ocrx_word' id='word_1_939' title='bbox 2591 5251 2850 5305; x_wconf 75' lang='lat' dir='ltr'><strong>beneﬁcia</strong></span> <span class='ocrx_word' id='word_1_940' title='bbox 2873 5250 2967 5304; x_wconf 89' lang='lat' dir='ltr'><strong>Dei</strong></span> <span class='ocrx_word' id='word_1_941' title='bbox 2992 5259 3272 5306; x_wconf 87' lang='lat' dir='ltr'><strong>recenset:</strong></span> <span class='ocrx_word' id='word_1_942' title='bbox 3305 5251 3484 5322; x_wconf 84' lang='lat' dir='ltr'><strong>Elegit,</strong></span> <span class='ocrx_word' id='word_1_943' title='bbox 3507 5251 3692 5319; x_wconf 87' lang='lat' dir='ltr'><strong>inquit,</strong></span> 
     </span>
    </p>
   </div>
   <div class='ocr_carea' id='block_1_116' title="bbox 2116 5341 3696 5408">
    <p class='ocr_par' dir='ltr' id='par_1_116' title="bbox 2116 5341 3696 5408">
     <span class='ocr_line' id='line_1_116' title="bbox 2116 5341 3696 5408; baseline -0.003 -10"><span class='ocrx_word' id='word_1_944' title='bbox 2116 5345 2411 5408; x_wconf 68' lang='lat' dir='ltr'><strong>Exultavit,</strong></span> <span class='ocrx_word' id='word_1_945' title='bbox 2445 5342 2722 5396; x_wconf 85' lang='lat' dir='ltr'><strong>Educavit.</strong></span> <span class='ocrx_word' id='word_1_946' title='bbox 2755 5341 2878 5394; x_wconf 80' lang='lat' dir='ltr'><strong>lla-c</strong></span> <span class='ocrx_word' id='word_1_947' title='bbox 2906 5355 3034 5396; x_wconf 77' lang='lat' dir='ltr'><strong>vero</strong></span> <span class='ocrx_word' id='word_1_948' title='bbox 3061 5356 3165 5394; x_wconf 91' lang='lat' dir='ltr'><strong>non</strong></span> <span class='ocrx_word' id='word_1_949' title='bbox 3210 5357 3394 5396; x_wconf 88' lang='lat' dir='ltr'><strong>eorum</strong></span> <span class='ocrx_word' id='word_1_950' title='bbox 3415 5383 3431 5407; x_wconf 96' lang='lat'><strong>,</strong></span> <span class='ocrx_word' id='word_1_951' title='bbox 3466 5341 3558 5396; x_wconf 82' lang='lat' dir='ltr'><strong>sed</strong></span> <span class='ocrx_word' id='word_1_952' title='bbox 3604 5341 3696 5396; x_wconf 90' lang='lat' dir='ltr'><strong>Dei</strong></span> 
     </span>
    </p>
   </div>
   <div class='ocr_carea' id='block_1_117' title="bbox 2179 5455 3698 5520">
    <p class='ocr_par' dir='ltr' id='par_1_117' title="bbox 2179 5455 3698 5520">
     <span class='ocr_line' id='line_1_117' title="bbox 2179 5455 3698 5520; baseline -0.003 -11"><span class='ocrx_word' id='word_1_953' title='bbox 2179 5459 2252 5520; x_wconf 86' lang='lat' dir='ltr'><strong>(a)</strong></span> <span class='ocrx_word' id='word_1_954' title='bbox 2280 5458 2334 5506; x_wconf 90' lang='lat' dir='ltr'><strong>ln</strong></span> <span class='ocrx_word' id='word_1_955' title='bbox 2357 5466 2519 5506; x_wconf 58' lang='lat' dir='ltr'><strong>ara-co</strong></span> <span class='ocrx_word' id='word_1_956' title='bbox 2543 5455 2742 5520; x_wconf 73' lang='lat' dir='ltr'><strong>legitur,</strong></span> <span class='ocrx_word' id='word_1_957' title='bbox 2763 5467 2939 5518; x_wconf 55' lang='lat' dir='ltr'><strong>tam»,</strong></span> <span class='ocrx_word' id='word_1_958' title='bbox 2960 5468 3286 5520; x_wconf 80' lang='lat' dir='ltr'><strong>quam_voaem</strong></span> <span class='ocrx_word' id='word_1_959' title='bbox 3307 5457 3698 5520; x_wconf 77' lang='lat' dir='ltr'><strong>interpresprior</strong></span> 
     </span>
    </p>
   </div>
   <div class='ocr_carea' id='block_1_118' title="bbox 2119 5515 3700 5580">
    <p class='ocr_par' dir='ltr' id='par_1_118' title="bbox 2119 5515 3700 5580">
     <span class='ocr_line' id='line_1_118' title="bbox 2119 5515 3700 5580; baseline -0.003 -11"><span class='ocrx_word' id='word_1_960' title='bbox 2119 5515 2307 5572; x_wconf 73' lang='lat' dir='ltr'><strong>latitius</strong></span> <span class='ocrx_word' id='word_1_961' title='bbox 2340 5519 2518 5574; x_wconf 78' lang='lat' dir='ltr'><strong>vertit,</strong></span> <span class='ocrx_word' id='word_1_962' title='bbox 2553 5515 2888 5574; x_wconf 57' lang='lat' dir='ltr'><strong>obtinuerunt&quot;;</strong></span> <span class='ocrx_word' id='word_1_963' title='bbox 2911 5515 2999 5567; x_wconf 83' lang='lat' dir='ltr'><strong>sed</strong></span> <span class='ocrx_word' id='word_1_964' title='bbox 3025 5515 3170 5566; x_wconf 88' lang='lat' dir='ltr'><strong>male.</strong></span> <span class='ocrx_word' id='word_1_965' title='bbox 3196 5527 3309 5580; x_wconf 55' lang='lat' dir='ltr'><strong>nam</strong></span> <span class='ocrx_word' id='word_1_966' title='bbox 3331 5515 3493 5580; x_wconf 58' lang='grc' dir='ltr'><strong>ινιτυέον</strong></span> <span class='ocrx_word' id='word_1_967' title='bbox 3519 5515 3597 5565; x_wconf 84' lang='lat' dir='ltr'><strong>hic</strong></span> <span class='ocrx_word' id='word_1_968' title='bbox 3633 5520 3700 5565; x_wconf 80' lang='lat' dir='ltr'><strong>si-</strong></span> 
     </span>
    </p>
   </div>
   <div class='ocr_carea' id='block_1_119' title="bbox 2119 5579 3696 5653">
    <p class='ocr_par' dir='ltr' id='par_1_119' title="bbox 2119 5579 3696 5653">
     <span class='ocr_line' id='line_1_119' title="bbox 2119 5579 3696 5653; baseline -0.003 -22"><span class='ocrx_word' id='word_1_969' title='bbox 2119 5581 2605 5653; x_wconf 40' lang='lat' dir='ltr'><strong>gniﬁcaL-conquest‘i</strong></span> <span class='ocrx_word' id='word_1_970' title='bbox 2641 5588 2775 5653; x_wconf 64' lang='lat' dir='ltr'><strong>sunt,</strong></span> <span class='ocrx_word' id='word_1_971' title='bbox 2793 5587 2961 5628; x_wconf 85' lang='lat' dir='ltr'><strong>contra</strong></span> <span class='ocrx_word' id='word_1_972' title='bbox 3000 5579 3312 5653; x_wconf 64' lang='lat' dir='ltr'><strong>euntloqunti</strong></span> <span class='ocrx_word' id='word_1_973' title='bbox 3336 5579 3478 5638; x_wconf 83' lang='lat' dir='ltr'><strong>sunt,</strong></span> <span class='ocrx_word' id='word_1_974' title='bbox 3501 5593 3696 5650; x_wconf 74' lang='lat' dir='ltr'><strong>accusa-</strong></span> 
     </span>
    </p>
   </div>
   <div class='ocr_carea' id='block_1_120' title="bbox 2118 5639 3699 5704">
    <p class='ocr_par' dir='ltr' id='par_1_120' title="bbox 2118 5639 3699 5704">
     <span class='ocr_line' id='line_1_120' title="bbox 2118 5639 3699 5704; baseline -0.001 -12"><span class='ocrx_word' id='word_1_975' title='bbox 2118 5639 2250 5692; x_wconf 64' lang='lat' dir='ltr'><strong>runt.</strong></span> <span class='ocrx_word' id='word_1_976' title='bbox 2271 5643 2418 5704; x_wconf 83' lang='lat' dir='ltr'><strong>Cujus</strong></span> <span class='ocrx_word' id='word_1_977' title='bbox 2439 5639 2807 5704; x_wconf 74' lang='lat' dir='ltr'><strong>signiﬁcationis</strong></span> <span class='ocrx_word' id='word_1_978' title='bbox 2831 5639 3060 5704; x_wconf 83' lang='lat' dir='ltr'><strong>exempla</strong></span> <span class='ocrx_word' id='word_1_979' title='bbox 3081 5639 3332 5689; x_wconf 87' lang='lat' dir='ltr'><strong>attulimus</strong></span> <span class='ocrx_word' id='word_1_980' title='bbox 3354 5653 3449 5688; x_wconf 90' lang='lat' dir='ltr'><strong>non</strong></span> <span class='ocrx_word' id='word_1_981' title='bbox 3464 5655 3624 5704; x_wconf 77' lang='lat' dir='ltr'><strong>pauca</strong></span> <span class='ocrx_word' id='word_1_982' title='bbox 3650 5642 3699 5691; x_wconf 89' lang='lat' dir='ltr'><strong>iu</strong></span> 
     </span>
    </p>
   </div>
   <div class='ocr_carea' id='block_1_121' title="bbox 2118 5703 3700 5754">
    <p class='ocr_par' dir='ltr' id='par_1_121' title="bbox 2118 5703 3700 5754">
     <span class='ocr_line' id='line_1_121' title="bbox 2118 5703 3700 5754; baseline -0.004 0"><span class='ocrx_word' id='word_1_983' title='bbox 2118 5707 2425 5754; x_wconf 75' lang='lat' dir='ltr'><strong>()nomastico</strong></span> <span class='ocrx_word' id='word_1_984' title='bbox 2448 5703 2505 5753; x_wconf 86' lang='lat' dir='ltr'><strong>ad</strong></span> <span class='ocrx_word' id='word_1_985' title='bbox 2531 5703 2676 5752; x_wconf 83' lang='lat' dir='ltr'><strong>linem</strong></span> <span class='ocrx_word' id='word_1_986' title='bbox 2701 5703 2938 5754; x_wconf 78' lang='lat' dir='ltr'><strong>Editionis</strong></span> <span class='ocrx_word' id='word_1_987' title='bbox 2972 5703 3308 5751; x_wconf 67' lang='lat' dir='ltr'><strong>Athanasium:</strong></span> <span class='ocrx_word' id='word_1_988' title='bbox 3343 5715 3371 5750; x_wconf 82' lang='lat' dir='ltr'><strong>a</strong></span> <span class='ocrx_word' id='word_1_989' title='bbox 3398 5703 3537 5751; x_wconf 84' lang='lat' dir='ltr'><strong>nobis</strong></span> <span class='ocrx_word' id='word_1_990' title='bbox 3558 5704 3700 5750; x_wconf 79' lang='lat' dir='ltr'><strong>ador-</strong></span> 
     </span>
    </p>
   </div>
   <div class='ocr_carea' id='block_1_122' title="bbox 2119 5765 3712 5828">
    <p class='ocr_par' dir='ltr' id='par_1_122' title="bbox 2119 5765 3712 5828">
     <span class='ocr_line' id='line_1_122' title="bbox 2119 5765 3712 5828; baseline -0.001 -13"><span class='ocrx_word' id='word_1_991' title='bbox 2119 5777 2233 5828; x_wconf 86' lang='lat' dir='ltr'><strong>nato</strong></span> <span class='ocrx_word' id='word_1_992' title='bbox 2264 5769 2312 5814; x_wconf 88' lang='lat' dir='ltr'><strong>in</strong></span> <span class='ocrx_word' id='word_1_993' title='bbox 2339 5780 2457 5816; x_wconf 70' lang='lat' dir='ltr'><strong>voce</strong></span> <span class='ocrx_word' id='word_1_994' title='bbox 2482 5779 2715 5828; x_wconf 46' lang='lat' dir='ltr'><strong>«emam,</strong></span> <span class='ocrx_word' id='word_1_995' title='bbox 2738 5771 2788 5812; x_wconf 86' lang='lat' dir='ltr'><strong>et</strong></span> <span class='ocrx_word' id='word_1_996' title='bbox 2814 5766 2859 5812; x_wconf 90' lang='lat' dir='ltr'><strong>iu</strong></span> <span class='ocrx_word' id='word_1_997' title='bbox 2883 5765 3108 5828; x_wconf 73' lang='lat' dir='ltr'><strong>sequenti</strong></span> <span class='ocrx_word' id='word_1_998' title='bbox 3145 5777 3306 5828; x_wconf 64' lang='grc' dir='ltr'><strong>ενιιιχει.</strong></span> <span class='ocrx_word' id='word_1_999' title='bbox 3331 5768 3405 5813; x_wconf 86' lang='lat' dir='ltr'><strong>ste</strong></span> <span class='ocrx_word' id='word_1_1000' title='bbox 3445 5772 3610 5814; x_wconf 76' lang='lat' dir='ltr'><strong>autem</strong></span> <span class='ocrx_word' id='word_1_1001' title='bbox 3633 5766 3712 5815; x_wconf 80' lang='lat' dir='ltr'><strong>in-</strong></span> 
     </span>
    </p>
   </div>
   <div class='ocr_carea' id='block_1_123' title="bbox 2126 5824 3170 5889">
    <p class='ocr_par' dir='ltr' id='par_1_123' title="bbox 2126 5824 3170 5889">
     <span class='ocr_line' id='line_1_123' title="bbox 2126 5824 3170 5889; baseline -0.005 -12"><span class='ocrx_word' id='word_1_1002' title='bbox 2126 5827 2322 5880; x_wconf 84' lang='lat' dir='ltr'><strong>tellecta</strong></span> <span class='ocrx_word' id='word_1_1003' title='bbox 2349 5842 2469 5878; x_wconf 80' lang='lat' dir='ltr'><strong>voce</strong></span> <span class='ocrx_word' id='word_1_1004' title='bbox 2494 5824 2653 5889; x_wconf 52' lang='lat' dir='ltr'><strong>est}...</strong></span> <span class='ocrx_word' id='word_1_1005' title='bbox 2670 5839 2828 5874; x_wconf 81' lang='lat' dir='ltr'><strong>omnia</strong></span> <span class='ocrx_word' id='word_1_1006' title='bbox 2849 5824 3170 5888; x_wconf 84' lang='lat' dir='ltr'><strong>quadrabunt.</strong></span> 
     </span>
    </p>
   </div>
  </div>
