4112 6466
307 378 443 433 1217

398 493 471 563 γ’.
496 487 649 559 Εἶδες
670 494 789 559 πῶς
817 492 1117 557 σπουδαίως
1138 493 1336 559 ἔδειξεν
1367 497 1681 568 οἰκονομίας
1699 499 1761 552 16
1780 497 2013 565 πρᾶγμα

329 581 425 645 ὅν;
472 580 614 634 Ἀλλ’
642 580 967 652 ἀκούσωμεν
986 582 1040 634 τί
1065 582 1161 635 καὶ
1192 581 1445 651 λέγοντες
1475 586 1525 637 οἱ
1550 584 1836 638 ἀπόστολοι
1863 583 2012 636 ἕπει-

332 684 457 731 σαν,
488 669 570 722 ὃτι
617 668 959 741 ἐσταυρώθη.
994 669 1059 724 Τί
1083 669 1276 724 τούτου
1312 670 1741 744 ἀπιθανώτερον,
1769 670 1852 724 ὅτι
1880 670 2007 724 ἐτά-

334 770 410 823 φη
436 756 568 826 παρ’
604 754 809 820 αὐτῶν,
841 749 923 819 οἷς
948 756 1319 827 ἐπηγγέλλετο
1351 756 1627 830 σωτηρίαν
1659 756 1898 820 ἔσεσθαι,
1926 757 2009 810 ὅτι

333 846 362 895 ὁ
389 842 583 910 ταφεὶς
611 841 837 913 ἀφίησιν
863 843 1256 915 ἁμαρτήματα,
1299 844 1395 898 καὶ
1418 844 1513 898 τοῦ
1557 844 1721 915 νόμου
1773 842 2008 914 μᾶλλονς

336 928 430 982 Διὸ
468 930 562 982 καὶ
582 928 683 983 οὐκ
715 925 893 992 εἶπεν,
926 923 1028 984 ’Ὧν
1068 930 1168 984 οὐκ
1208 930 1569 1002 ὴϐουλήθητε·
1615 930 1732 985 ἀλλ’
1762 926 1873 984 Ὧν
1899 932 2011 984 οὐκ

336 1012 683 1083 ἠδυνήθητε
721 1015 792 1068 ἐν
814 1015 897 1082 τῷ
941 1018 1105 1085 νόμῳ
1149 1016 1448 1083 Μωῦσέως
1500 1015 1902 1085 δικαιωθῆναι,
1942 1016 2013 1070 ἐν

338 1101 529 1169 τούτῳ
555 1101 675 1168 πᾶς
697 1105 732 1158 ό
760 1105 1065 1157 πιστεύων
1081 1102 1435 1170 δικαιοῦται,
1462 1103 1524 1157 16
1543 1103 1770 1167 ἀσθενὲς
1797 1102 1892 1157 τοῦ
1923 1103 2012 1156 νό-

343 1203 448 1255 μου
475 1187 709 1253 δεικνύς.
759 1189 955 1253 Καλῶς
996 1189 1054 1242 δὲ
1103 1189 1412 1261 προσέθηκε
1442 1191 1538 1244 καί
1590 1190 1674 1254 16,
1726 1188 1874 1256 Πᾶς,
1928 1190 2014 1243 ἵνα

338 1272 490 1351 δείξῃ
528 1274 611 1329 ὅτι
641 1275 793 1340 ὅστις
840 1271 977 1350 ἂνῇ
1023 1279 1053 1330 6
1104 1276 1397 1331 πιστεύων.
1438 1277 1608 1332 Οὐδὲν
1658 1276 1769 1349 γάρ
1822 1276 2016 1347 δφελος

340 1362 592 1427 ἐκείνων,
616 1362 713 1419 ἐάν
738 1365 920 1436 μήτις
957 1364 1248 1437 εὐεργεσία
1357 1366 1458 1419 Διά
1480 1365 1641 1420 τοῦτο
1678 1365 1905 1439 ὕστερον
1931 1366 2015 1419 τί-

341 1450 469 1522 θησι
494 1448 596 1522 τὴν
625 1450 841 1520 ἄφεσιν,
873 1450 1124 1506 ἐντεῦθεν
1146 1452 1207 1507 16
1255 1451 1439 1524 μεῖζον
1467 1454 1740 1523 συνάγων,
1785 1453 1880 1509 καὶ
1906 1453 2018 1507 δει-

342 1538 474 1603 κνὺς
504 1538 613 1603 ὅτι,
650 1537 680 1591 6
704 1538 983 1603 ἀδυνάτως
1013 1533 1161 1610 εἶχεν
1208 1541 1237 1594 6
1264 1541 1428 1612 νόμος
1451 1540 1602 1614 [ἳ29]
1634 1542 1826 1607 ποιεῖν,
1857 1540 2016 1595 τοῦτο

340 1625 719 1697 ἐργασάμενος
747 1626 836 1681 διὰ
859 1625 954 1683 τοῦ
982 1626 1214 1683 θανάτου
1262 1631 1292 1684 6
1324 1629 1514 1683 παθὼν
1546 1630 1818 1700 φαίνεται.
1854 1631 2015 1684 Ὥστε

342 1714 527 1779 καλῶς
549 1714 725 1784 ἔλεγε·
752 1715 982 1783 Οἵτινές
1005 1718 1127 1771 εἰσι
1161 1716 1464 1787 μάρτυρες
1501 1718 1689 1773 αὑτοῦ
1734 1718 1886 1788 πρὸς
1913 1722 2020 1772 τὸν

343 1802 517 1869 λαὸν,
554 1803 647 1858 τὸν
697 1802 955 1859 ἀνελόντα
1007 1806 1195 1875 φησὶν,
1228 1805 1329 1860 οὐκ
1381 1806 1447 1860 ἂν
1474 1806 1650 1872 ὄντες,
1706 1808 1755 1860 εἰ
1791 1809 1867 1880 μὴ
1898 1806 2020 1882 θείᾳ

339 1889 572 1962 δυνάμει
600 1889 966 1945 ἐϐεϐαιοῦντσ
1003 1892 1105 1946 οὐκ
1135 1892 1203 1947 ἂν
1238 1895 1348 1965 γὰρ
1389 1893 1528 1969 πρὸς
1558 1893 1879 1966 ἀνθρώπους
1925 1912 2020 1965 φο-

344 1975 554 2039 νῶντας
585 1974 810 2030 τοιαῦτα
833 1975 1246 2050 ἐμαρτύρησαν,
1292 1979 1393 2033 οὐκ
1419 1980 1485 2034 ἂν
1512 1981 1650 2051 πρὸς
1677 1982 1876 2045 αὐτοὺς
1895 1983 2022 2046 τοὺς

345 2060 655 2127 ἀνελόντας.
680 2062 754 2117 Τὸ
770 2064 852 2128 δὲ,
894 2065 1042 2135 Ἐγὼ
1066 2065 1337 2135 σήμερον
1364 2067 1696 2139 γεγέννηκά
1718 2082 1812 2131 σε,
1844 2065 2019 2134 εἶπεν,

345 2150 421 2215 ὡς
454 2149 630 2222 τούτῳ
660 2149 847 2207 λοιπὸν
892 2151 1051 2218 εἰδὼς
1087 2154 1171 2208 ὅτι
1204 2157 1300 2209 καὶ
1342 2155 1413 2209 τά
1472 2155 1607 2210 ἄλλα
1649 2157 1862 2211 ἕπεται.
1914 2158 2024 2212 Kal

344 2238 436 2293 διὰ
465 2239 520 2294 τί
546 2238 622 2312 μὴ
645 2239 889 2313 ἐπήγαγε
911 2242 1238 2315 μαρτυρίαν,
1273 2243 1341 2297 δι’
1362 2239 1432 2317 ἧς
1459 2243 1685 2316 ἔμελλον
1717 2244 2022 2312 πείθεσθαι,

346 2327 430 2380 ὅτι
455 2326 650 2397 ἄφεσις
701 2327 985 2399 ἁμαρτιῶν
1015 2328 1082 2384 δι’
1112 2330 1279 2385 αὐτοῦ
1305 2331 1517 2401 γίνεται
1540 2348 1555 2398 ;
1583 2332 1708 2386 Ὅτι
1734 2332 1795 2386 16
1845 2350 2025 2387 σπου-

345 2412 647 2485 δαζόμενον
681 2415 841 2470 τοῦτο
866 2412 957 2489 ἦν,
984 2415 1155 2482 δεῖξαι
1179 2419 1339 2483 τέως,
1374 2420 1459 2473 ὅτι
1500 2419 1725 2492 ἀνέστη·
1757 2419 1946 2475 τούτου
1967 2421 2025 2475 δὲ

346 2499 796 2573 ὡμολογημένον,
832 2503 1010 2557 ἐκεῖνο
1046 2505 1534 2577 ἀναμφισϐήτητον
1559 2502 1629 2578 ἦν
1678 2506 1768 2560 διά
1807 2507 2023 2574 τούτου,

345 2586 411 2642 τὸ
433 2586 528 2642 καὶ
544 2588 628 2642 ὅτι
649 2587 743 2642 ὑπ’
766 2588 932 2643 αὐτοῦ
970 2596 997 2625 ι
1020 2590 1215 2660 ἄφεσις
1244 2591 1533 2664 ἁμαρτιῶν
1552 2591 1782 2661 γίνεται.
1816 2593 2026 2659 Ἀλλως

346 2674 406 2727 δὲ
437 2672 691 2731 ἐϐούλετο
716 2676 797 2739 εἰς
817 2675 985 2730 πόθον
1013 2676 1215 2741 αὐτοὺς
1242 2679 1474 2748 ἀγαγεῖν
1520 2678 1615 2733 τοῦ
1643 2680 1882 2751 μεγάλου
1906 2681 2028 2734 106-

345 2776 468 2817 100.
497 2761 614 2815 Οὐκ
642 2761 753 2832 ἄρα
793 2761 1182 2835 ἐγκατάλειψις
1210 2759 1279 2837 ἦν
1317 2766 1345 2819 6
1385 2765 1617 2832 θάνατος
1670 2769 1860 2834 αὑτοῦ,
1891 2768 2030 2824 ἀλλά

347 2847 692 2921 προφητείας
749 2848 1048 2922 πλήρωσις.
1119 2851 1556 2925 ’Δναμιμνήσκει
1604 2856 1858 2930 ἱστοριῶν
1885 2897 1901 2923 ,
1961 2857 2030 2923 ἀς

350 2935 724 3007 ἀγνοήσαντες
757 2936 928 3009 μυρία
959 2937 1163 2993 ἔπαθον
1190 2939 1359 2995 δεινά.
1386 2941 1498 2995 Kal
1522 2942 1680 2996 τοῦτο
1731 2943 2029 2998 αἰνίττεται

351 3021 442 3077 διά
468 3022 562 3078 τοῦ
612 3023 800 3089 τέλους
842 3024 1039 3093 λέγων·
1089 3025 1280 3082 Ἴδετε
1325 3029 1381 3083 cl
1414 3031 1882 3100 καταφρονηταὶ,
1929 3032 2030 3086 καί

350 3108 737 3180 ἐπιϐλέψατε.
768 3112 879 3166 Kal
905 3113 1005 3183 ὅρα
1030 3112 1150 3177 πῶς
1176 3114 1308 3168 αὐτὸ
1357 3119 1530 3187 τραχὺ
1559 3118 1619 3172 ὃν
1641 3120 2028 3190 ὑποτέμνεται.

352 3196 454 3266 Μὴ
483 3196 749 3264 ἐπέλθοι,
786 3198 975 3270 φησὶν,
1007 3201 1102 3270 ἐφ’
1134 3201 1294 3272 ὑμᾶς
1341 3203 1409 3258 τὸ
1453 3207 1605 3274 πρὸς
1634 3207 1777 3275 τοὺς
1800 3209 2031 3276 ἄλλους

353 3283 694 3354 εἰρημένον,
715 3284 805 3340 ὅτι
824 3286 1003 3357 ἔργον
1020 3287 1136 3358 ἐγὼ
1158 3289 1487 3362 ἐργάζομαι,
1523 3292 1556 3348 δ
1580 3296 1653 3350 οὐ
1672 3296 1761 3366 μὴ
1783 3298 2031 3352 πιστεύ-

357 3387 532 3441 σητε,
570 3371 683 3426 ἐάν
721 3372 1191 3451 τιςηὲκδιηγῆται
1222 3377 1384 3449 ὑμῖν.
1433 3379 1526 3453 Μὴ
1561 3380 1896 3453 θαυμάζετε,
1947 3386 2032 3439 ὅτι

359 3460 589 3515 ἄπιστον
609 3459 761 3515 δοκεῖ
791 3455 951 3516 εἶναι·
987 3463 1084 3518 καὶ
1102 3464 1233 3518 αὐτὸ
1259 3466 1585 3537 προείρηται
1608 3469 1836 3525 ἀνωθεν.
1861 3472 2033 3528 Τοῦτο

360 3548 459 3604 καὶ
487 3549 625 3621 πρὸς
651 3550 800 3623 ἡμᾶς
828 3551 1054 3617 εἰκότως
1091 3553 1158 3608 ἂν
1199 3554 1443 3629 λεχθείη,
1482 3558 1720 3615 Βλέπετε
1770 3562 1821 3615 οῖ
1864 3578 2035 3617 κατα-

359 3637 653 3710 φρονηταὶ,
683 3639 814 3710 περὶ
840 3638 951 3694 τῶν
974 3642 1040 3712 τῇ
1085 3641 1383 3698 ἀναστάσει
1423 3646 1871 3704 διαπιστοῦντων.
1923 3650 2034 3705 Kal

361 3723 472 3796 γὰρ
507 3724 712 3797 σφόδρα
733 3725 921 3790 κακῶς
938 3726 1009 3780 τὰ
1034 3729 1135 3800 τῆς
1183 3726 1510 3803 Ἐκκλησίας
1535 3733 1827 3802 διάκειται,
1852 3738 2035 3792 καίτοι

361 3829 431 3882 γε
458 3811 708 3882 νομίζετε
726 3813 786 3866 ἐν
805 3814 999 3888 εἰρήνῃ
1025 3811 1254 3870 εἶναιτὰ
1278 3818 1599 3889 πράγματα.
1630 3821 1704 3875 T6
1731 3822 1842 3895 γὰρ
1862 3824 2034 3879 δεινὸν

365 3896 524 3955 τοῦτό
544 3903 715 3965 ἐστιν,
734 3901 815 3955 ὅτι
836 3902 896 3954 ἐν
917 3901 1133 3968 πολλοῖς
1180 3902 1333 3968 ὄντες
1357 3908 1569 3971 κακοῖς,
1612 3909 1720 3962 οὐδ’
1749 3910 1830 3964 ὅτι
1869 3912 2036 3982 ἐσμὲν

368 3989 430 4044 ἐν
450 3989 643 4053 κακοῖς
669 3988 853 4060 ἴσμεν.

439 4076 507 4131 Τί
537 4075 718 4146 λέγεις
746 4093 761 4143 ;
789 4076 889 4139 τὰς
924 4075 1251 4149 Ἐκκλησίας
1292 4078 1616 4150 κατέχομεν,
1642 4079 1714 4134 τὰ
1755 4083 2033 4153 κτήματα,

367 4163 439 4218 τά
463 4161 600 4218 ἀλλα
645 4161 850 4224 πάντα,
884 4164 941 4216 αί
999 4162 1253 4230 συνάξεις
1292 4164 1554 4234 γίνονται,
1627 4165 1748 4221 καθ’
1798 4169 2038 4241 ἑκάστην

366 4249 584 4322 ἡμέραν
620 4250 904 4321 πρόσεισιν
937 4251 964 4305 6
1001 4248 1132 4318 λαός
1158 4267 1173 4281 ·
1209 4252 1304 4306 καὶ
1341 4252 1824 4326 καταφρονοῦμεν;
1897 4257 2036 4311 Ἀλλ’

360 4339 469 4392 οὐκ
513 4337 623 4393 61:6
653 4337 845 4392 τούτου
886 4338 1214 4411 Ἐκκλησίαν
1251 4338 1317 4394 άν
1351 4354 1437 4401 τις
1475 4336 1840 4412 δοκιμάσειεν.
1879 4345 2040 4400 Ἀλλά

367 4423 554 4490 πόθεν,
589 4425 783 4494 φησίν;
813 4424 1162 4481 Εἰλεὺλάϐειά
1192 4428 1357 4491 ἐστιν,
1395 4429 1444 4480 εἰ
1480 4428 1856 4500 κερδαίνοντες
1902 4433 2036 4486 ἀνα-

368 4510 651 4582 χωροῦμεν
672 4504 853 4565 οῖκαδε
885 4513 1005 4567 καθ’
1035 4512 1272 4587 ἑκάστην
1298 4515 1533 4586 ἡμέραν,
1571 4516 1621 4570 εί
1671 4517 2040 4589 καρπούμενοι

375 4596 518 4665 μέγα
540 4595 645 4667 τιῆ
675 4598 892 4671 μικρὸν,
918 4602 967 4654 εἰ
1001 4599 1079 4672 μὴ
1122 4600 1285 4673 νόμον
1338 4600 1525 4666 ἁπλῶς
1562 4601 1894 4674 πληροῦντες
1942 4606 2039 4659 καὶ

371 4680 778 4757 ἀφοσιούμενοι.
803 4684 899 4751 Τίς
928 4685 1152 4759 βελτίων
1177 4688 1399 4757 γέγονεν
1436 4688 1718 4761 ὁλοκλήρῳ
1751 4691 1886 4763 μηνὶ
1911 4692 2041 4746 συλ-

371 4771 697 4837 λεγδμειοςε
734 4774 904 4827 Τοῦτό
932 4776 1050 4828 ἐστι
1101 4773 1162 4827 16
1202 4773 1535 4847 ζητούμενον
1562 4795 1575 4806 ·
1606 4779 1729 4830 ἐπεὶ
1767 4778 1859 4832 καὶ
1909 4779 2042 4832 αὐτὸ

369 4853 551 4919 τοῦτο,
575 4854 604 4908 6
633 4855 782 4909 δοκεί
802 4856 1108 4928 εὐπραγίας
1139 4855 1299 4926 εἶναι,
1325 4861 1483 4915 τοῦτο
1514 4862 1828 4935 δυσπραγία
1868 4866 2038 4930 ἐστὶν,

371 4942 500 4996 ὅταν
522 4941 726 4995 τούτων
759 4945 1059 5015 γινομένων
1096 4944 1264 5019 μηδὲν
1300 4946 1463 5002 πλέον
1489 4950 1723 5019 γίνηται.
1768 4951 1894 5004 Εἴθε
1943 4952 2042 5020 μὲν

370 5026 464 5084 οῦν
488 5028 654 5100 μηδὲν
683 5028 848 5083 πλέον
873 5048 886 5061 ·
915 5031 1012 5086 νῦν
1035 5032 1091 5086 δὲ
1121 5035 1214 5088 καὶ
1240 5035 1333 5087 ἐπὶ
1363 5034 1425 5087 16
1452 5039 1654 5107 χεῖρον.
1685 5037 1749 5090 Τί
1795 5040 2042 5110 καρποῦ-

373 5117 466 5168 σθε
494 5115 602 5170 ἀπὸ
635 5114 744 5170 τῶν
791 5117 1106 5184 συνάξεωνς
1150 5120 1343 5174 Καίτοι
1375 5121 1430 5173 εἷ
1472 5121 1539 5190 γέ
1577 5140 1630 5175 τι
1673 5123 1865 5194 ὄφελος
1913 5127 2043 5196 ὑμῖν

372 5202 600 5272 ἐγίνετο,
629 5202 800 5258 πάλαι
819 5205 1026 5270 πάντας
1056 5206 1165 5261 ἔδει
1197 5207 1288 5261 16v
1305 5208 1402 5278 τῆς
1436 5210 1752 5281 φιλοσοφίας
1778 5212 1890 5282 βίον
1919 5211 2040 5285 ζῇν,

371 5291 640 5344 τοσούτων
669 5290 767 5360 μὲν
809 5293 1102 5364 προφητῶν
1144 5293 1397 5367 δεύτερον
1431 5297 1532 5368 τῆς
1573 5299 1866 5371 ἑϐδομάδος
1916 5302 2045 5373 ὑμῖν

370 5376 790 5449 διαλεγομένων,
811 5380 1081 5434 τοσούτων
1121 5382 1180 5436 δέ
1231 5382 1567 5445 ἀποστόλων,
1616 5387 2041 5455 εὑαγγελιστῶν,

376 5464 590 5518 πάντων
618 5465 689 5519 τά
714 5467 958 5537 σωτήρια
980 5467 1230 5538 δόγματα
1260 5469 1644 5538 προτιθέντων,
1685 5475 1778 5527 καὶ
1822 5474 1893 5526 τά
1950 5476 2045 5528 δυ-

373 5552 579 5622 νάμενα
590 5547 723 5624 ἦθος
752 5554 1014 5626 ῥυθμίσαι
1037 5556 1175 5625 μετά
1197 5556 1400 5626 πολλῆς
1429 5558 1715 5629 ἀκριϐείας
1737 5578 2047 5633 παριστων-

374 5650 480 5689 των
516 5639 645 5709 ὑμῖν
666 5640 718 5697 δ.
757 5642 816 5695 ὐ
838 5643 1178 5715 στρατιώτης
1206 5646 1297 5697 ἐπὶ
1318 5646 1379 5699 16
1398 5648 1699 5718 γυμνάσιον
1735 5647 1848 5712 ἰὼν,
1889 5650 2025 5722 ἀκρι

378 5723 637 5797 δέστερος
659 5728 867 5795 γίνεται
908 5731 1035 5799 περὶ
1057 5731 1122 5783 τὰ
1139 5722 1380 5787 ’τακτικά
1413 5750 1427 5762 ·
1453 5737 1480 5786 ὁ
1529 5735 1768 5807 ἀθλητὴς
1824 5738 1906 5798 εἰς
1942 5755 2047 5791 πα-

438 5974 477 6044 _"
506 5971 605 6024 Alii
754 5973 950 6022 106100'
997 5978 1080 6021 καὶ
1119 5977 1211 6037 μὴν
1241 5978 1322 6026 ὑπ’
1350 5976 1515 6034 αὐτοῦ,
1586 5987 1614 6027 b
1655 5980 1753 6030 Alii
1804 5981 2044 6044 ἀκριϐείας

370 6033 597 6086 τιθέντων
626 6035 754 6097 ἡμῖν.

1159 378 1219 434 S.
1259 378 1548 438 JOANNIS
1584 375 2077 438 CIIBYSOSTOM!
2117 374 2439 432 ARCIIIEP.
2473 375 3027 431 CONSTANTINOP.

3677 375 3791 435 ειε

2115 491 2374 564 λαίστραν
2397 492 2649 563 βαδίζων,
2667 492 3056 563 ἐμπειρότερος
3079 489 3287 558 γίνεται
3314 490 3441 563 περὶ
3461 492 3559 564 τὴν
3585 497 3789 571 πάλην·

2113 580 2143 632 ὁ
2174 581 2355 651 ἰατρὸς
2385 579 2524 650 πρὸς
2553 579 2645 632 τὸν
2669 578 2988 632 διδάσκαλον
3036 578 3350 648 ἐρχόμενος,
3394 581 3781 658 ἀκριϐέστερος

2114 669 2345 742 γριεται,
2363 669 2461 722 καὶ
2494 667 2715 720 πλείονα
2743 662 2873 727 οἵδε,
2900 665 2996 719 καὶ
3026 664 3247 718 πλείονα
3288 667 3554 736 μανθάνει
3577 687 3592 700 ο
3642 673 3706 726 σὺ
3731 675 3784 728 τί

2110 755 2491 826 κεκέρδηκας;
2526 755 2588 808 06
2617 752 2759 823 λέγω
2788 752 2923 822 πρὸς
2949 752 3076 814 τοὺς
3099 753 3343 806 ἐνιαυτὸν
3381 753 3629 825 ἔχοντας,
3654 759 3791 816 ἀλλὰ

2109 842 2249 912 πρδς
2272 842 2400 904 τοὺς
2422 843 2486 894 ἐκ
2518 839 2740 910 πρώτης
2797 838 3012 909 ἡλικίας
3047 840 3470 910 συναγομένους.
3530 846 3600 899 Ἦ
3632 847 3796 905 τοῦτο

2110 929 2362 1001 νομίζετε
2397 928 2684 982 εὐλάϐειαν
2725 922 2883 993 εἶναι,
2918 926 2980 980 16
3012 927 3254 997 συνεχῶς
3298 930 3670 1000 παραϐάλλειν
3721 938 3793 1008 τῇ

2111 1015 2328 1081 συνάξει
2348 1033 2362 1083 ;
2383 1015 2554 1069 Τοῦτο
2576 1014 2728 1068 οὐδέν
2752 1016 2919 1077 ἐστιν,
2957 1014 3022 1067 ἂν
3061 1014 3135 1086 μή
3162 1032 3215 1068 τι
3237 1020 3693 1090 καρπωσώμεθαο
3724 1023 3795 1077 ἂν

2115 1105 2189 1175 μή
2218 1120 2273 1157 τι
2307 1103 2652 1173 συνάγωμεν,
2672 1102 2881 1173 βέλτιον
2904 1099 3052 1174 [250]
3081 1102 3219 1154 οἴκοι
3253 1103 3455 1173 μένειν.
3487 1105 3595 1160 Kal
3611 1109 3719 1180 γάρ
3739 1111 3792 1164 οί

2112 1190 2367 1263 πρόγονοι
2410 1190 2508 1254 τὰς
2534 1189 2828 1260 ἐκκλησίας
2855 1190 2989 1260 ἡμῖν
3017 1189 3395 1260 ᾠκοδόμησαν,
3435 1192 3531 1264 οὐχ
3577 1194 3662 1248 ἵνα
3713 1197 3783 1251 ἐκ

2112 1278 2221 1332 τῶν
2249 1278 2393 1332 ἰδίων
2413 1278 2575 1331 οἴκων
2600 1276 2994 1345 συναγαγόντες
3027 1278 3183 1347 ἡμᾶς
3200 1278 3448 1346 ἀλλήλοις
3470 1280 3786 1337 δεικνύωσι·

2112 1366 2271 1421 τοῦτο
2289 1366 2398 1437 γάρ
2421 1366 2515 1419 καί
2540 1366 2597 1418 ἐν
2627 1365 2802 1436 ἀγορᾷ
2835 1365 2927 1417 xal
2954 1366 3013 1417 ὲν
3048 1364 3344 1434 βαλανείοις
3367 1366 3461 1419 καὶ
3499 1368 3555 1419 ἐν
3584 1372 3783 1442 πομπῇ

2112 1455 2325 1525 γένοιτο
2343 1455 2427 1509 άν-
2451 1453 2565 1507 ἀλλ’
2595 1453 2682 1506 ἵνα
2716 1452 2962 1524 μαθητὰς
2990 1452 3125 1523 ὁμοῦ
3148 1452 3241 1506 καὶ
3271 1452 3617 1519 διδασκάλους
3638 1473 3782 1509 συν-

2116 1541 2441 1610 αγαγόντες,
2505 1539 2750 1610 βελτίους
2775 1540 3001 1603 τούτους
3032 1539 3102 1593 δι’
3140 1539 3362 1594 ἐκείνων
3421 1542 3778 1611 ἐργάσωνται.

2116 1629 2300 1700 Νόμος
2326 1628 2512 1692 ἁπλῶς
2542 1629 2637 1682 καὶ
2666 1626 2963 1697 ἀφοσίωσις
2989 1627 3181 1697 γέγονε
3234 1627 3304 1681 τά
3342 1628 3582 1701 ἡμέτερα
3601 1645 3616 1660 ·
3657 1646 3787 1683 συν-

2116 1716 2276 1788 ήθεια
2298 1716 2361 1769 τὸ
2373 1716 2611 1787 πρᾶγμα
2646 1714 2833 1768 λοιπόν
2856 1710 3217 1768 ἐστιν.Ἦλθε
3247 1714 3310 1769 16
3335 1715 3550 1787 Πάσχα,
3579 1714 3746 1779 πολὺς
3766 1717 3799 1768 δ

2119 1792 2368 1876 θόρυϐος,
2392 1802 2560 1873 πολλὴ
2598 1804 2632 1874 ἡ
2656 1803 2865 1875 ταραχή
2897 1819 2912 1835 σ
2936 1802 2997 1856 06
3032 1802 3140 1874 γάρ
3168 1802 3234 1856 ἂν
3260 1803 3473 1874 εῖποιμι
3513 1803 3701 1856 πολλοὶ
3744 1804 3798 1856 οἰ

2119 1890 2394 1962 ἅνθρωποι
2419 1906 2431 1919 ⁸
2462 1888 2619 1943 τοῦτο
2632 1890 2741 1960 γὰρ
2760 1890 2862 1942 οὐκ
2889 1889 2986 1944 ἀνθ
2997 1892 3215 1957 ρώπων.
3247 1891 3515 1960 Ἀπῆλθεν
3540 1892 3572 1961 ἡ
3609 1891 3793 1963 ἑορτὴ,

2118 1976 2149 2028 6
2178 1974 2277 2045 μὲν
2308 1973 2537 2045 θόρυϐος
2566 1974 2954 2045 ὑποτέμνεται,
2981 1975 3180 2046 ἡσυχία
3222 1975 3279 2029 δὲ
3314 1976 3478 2029 πάλιν
3523 1977 3788 2047 ἄκαρπος.

2123 2061 2450 2133 Παννυχίδες
2470 2061 2636 2116 πόσαι
2658 2062 3064 2133 σικαὶύμνῳδίαι
3086 2062 3229 2134 ἱεραί
3252 2080 3268 2128 ;
3298 2064 3407 2118 Kal
3432 2063 3486 2117 τί
3511 2064 3572 2117 16
3597 2062 3784 2129 πλέως

2121 2150 2319 2221 Χεῖρον
2352 2148 2452 2219 μὲν
2480 2144 2572 2202 οὖν
2597 2164 2611 2178 ·
2642 2149 2829 2202 πολλοὶ
2862 2150 2955 2203 καὶ
2978 2150 3064 2204 διὰ
3094 2150 3402 2218 κενοδοξίαν
3436 2151 3596 2205 τοῦτο
3629 2151 3791 2223 ἐργά-

2122 2236 2327 2300 ζονται.
2360 2235 2486 2299 Πῶς
2513 2235 2689 2289 οίεσθε
2717 2235 2989 2307 κόπτομαι
3010 2237 3079 2290 τά
3107 2237 3413 2309 σπλάγχνα,
3434 2237 3684 2309 καθάπερ
3713 2241 3795 2302 εἰς

2124 2322 2281 2379 πίθον
2327 2322 2660 2394 τετρημένον
2725 2322 2904 2377 πάντα
2958 2324 3347 2396 προχωροῦντα
3404 2326 3589 2394 ὁρῶν;
3638 2324 3803 2378 Ἀλλὰ

2123 2412 2342 2475 πάντως
2356 2410 2533 2481 ἐρεῖτέ
2563 2427 2675 2480 μοι,
2702 2411 2792 2464 ὅτε
2812 2412 2911 2474 τάς
2939 2410 3161 2483 Γραφάς
3184 2413 3362 2483 ῐσμεν.
3397 2415 3505 2468 Kal
3536 2414 3589 2466 τί
3615 2412 3798 2475 τοῦτο;

2127 2501 2224 2554 “Av
2243 2499 2333 2553 διὰ
2355 2500 2465 2552 τῶν
2489 2497 2670 2570 ἔργων
2714 2499 2885 2560 αὐτάς
2924 2500 3320 2572 ἐπιδεικνύητε,
3374 2501 3530 2556 τοῦτό
3573 2504 3688 2555 ἐστι
3735 2502 3804 2554 16

2125 2587 2338 2659 κέρδος,
2371 2586 2510 2655 αῦτη
2533 2589 2567 2657 ὴ
2598 2586 2858 2656 ὠφέλεια.
2890 2587 3122 2657 Βαφείον
3146 2590 3180 2659 ἡ
3202 2589 3468 2660 ἐκκλησία
3498 2590 3644 2643 ἐστίν
3673 2606 3686 2618 ·
3732 2588 3803 2642 ἂν

2125 2676 2417 2740 διαπαντὸς
2438 2676 2636 2747 ἀπίητε
2668 2675 2943 2747 μηδεμίαν
2965 2676 3245 2747 δεχόμενοι
3273 2676 3471 2749 βαφὴν,
3499 2677 3553 2731 τί
3583 2677 3644 2731 16
3673 2675 3811 2745 θερε-

2124 2764 2217 2828 λος
2258 2764 2353 2817 τοῦ
2412 2762 2653 2833 συνεχῶς
2716 2763 2948 2817 ἐνταῦθα
3013 2764 3185 2829 ίέναι;
3223 2764 3442 2829 Μείζων
3499 2764 3596 2837 μὲν
3630 2765 3807 2838 γὰρὴ

2129 2852 2322 2924 βλάϐη.
2355 2851 2453 2915 Τίς
2481 2852 2597 2914 τοῖς
2622 2851 2806 2920 νόμοις
2834 2850 3197 2923 προσέθηκεν,
3231 2846 3313 2917 οἷς
3343 2853 3450 2907 61:6
3486 2853 3595 2907 τῶν
3634 2852 3810 2907 πατέ-

2132 2958 2239 3012 ρων
2268 2940 2487 3005 ἐδέξατο
2517 2954 2533 3005 ;
2565 2933 2691 2992 Οἷόν
2708 2956 2764 2993 τι
2797 2940 2940 3008 λέγω
2970 2955 2983 2968 ·
3035 2939 3156 3005 ἔθος
3182 2943 3211 2995 6
3269 2940 3419 2995 δεῖνα
3473 2942 3584 3012 ἔχει
3620 2944 3803 2995 ποιεῖν

2127 3028 2226 3100 τὴν
2248 3027 2553 3098 ἀνάμνησιν
2582 3025 2686 3097 τῆς
2725 3027 2953 3100 μητρὸς,
2984 3028 3016 3098 ἢ
3051 3030 3151 3099 τῆς
3177 3029 3458 3098 γυναικὸς,
3490 3029 3523 3100 ἢ
3550 3028 3646 3083 τοῦ
3670 3047 3809 3084 παι-

2127 3115 2242 3169 δίου
2279 3114 2471 3170 ⁸τοῦτο
2500 3116 2646 3169 ποιεῖ
2678 3114 2780 3168 κάν
2804 3131 2865 3168 τε
2897 3116 3092 3186 ἀκούῃ,
3129 3117 3229 3171 κᾶν
3251 3132 3311 3170 τε
3357 3116 3432 3188 μὴ
3458 3116 3632 3190 ἀκούῃ
3670 3117 3810 3188 παρ’

2130 3203 2306 3275 ήμῶν,
2335 3203 2441 3256 61:6
2469 3203 2565 3275 τῆς
2599 3203 2887 3276 συνηθείας
2911 3203 3004 3258 καὶ
3034 3204 3126 3258 τοῦ
3164 3205 3464 3269 συνειδότος
3488 3205 3806 3277 ἑλκόμενος.

2129 3292 2228 3346 Διά
2256 3290 2416 3346 τοῦτο
2441 3286 2534 3346 οὖν
2554 3292 2903 3360 ἀγανακτεῖς,
2934 3291 3104 3364 φησίς
3134 3293 3223 3365 Μὴ
3254 3293 3486 3364 γένοιτο,
3519 3293 3658 3348 ἀλλά
3708 3293 3813 3347 καὶ

2130 3381 2271 3435 πάνυ
2303 3379 2479 3452 χαίρω
2509 3396 2525 3410 ο
2560 3378 2867 3450 ἐϐουλόμην
2897 3379 2955 3432 δὲ
2980 3381 3145 3435 αὐτόν
3171 3397 3223 3434 τι
3257 3381 3352 3435 καὶ
3382 3380 3491 3435 61:6
3512 3382 3613 3452 τῆς
3662 3383 3694 3451 ἠ
3705 3397 3807 3451 με-

2128 3466 2292 3540 τέρας
2320 3465 2716 3539 καρπώσασθαι
2760 3466 3070 3531 διαλέξεως,
3113 3469 3210 3522 καὶ
3263 3469 3402 3540 ὅπερ
3444 3469 3477 3540 ἡ
3542 3468 3806 3539 συνήθεια

2132 3553 2373 3626 ἐποίησε,
2400 3553 2559 3608 τοῦτο
2606 3554 2701 3608 καὶ
2728 3554 2822 3624 ἀφ’
2866 3553 3025 3626 ἡμῶν
3058 3553 3086 3594 (ι
3128 3555 3404 3624 γενέσθαι,
3455 3556 3551 3610 καὶ
3612 3557 3813 3628 ἑτέραν

2130 3642 2524 3713 ἐπεισαχθῆναι
2579 3641 2870 3714 συνήθειαν
2903 3657 2918 3673 ο
2965 3643 3089 3696 ἐπεὶ
3129 3642 3183 3696 τί
3234 3642 3509 3713 κόπτομαι
3547 3640 3671 3712 εἰκῆ
3710 3642 3815 3697 καὶ

2131 3729 2303 3803 ληρῶ,
2337 3731 2387 3784 εἰ
2436 3730 2681 3800 μέλλοιτε
2729 3729 2823 3784 ἐπὶ
2868 3729 2978 3784 τῶν
3010 3730 3193 3784 αὐτῶν
3239 3729 3448 3802 μένειν,
3470 3731 3521 3785 εί
3553 3726 3720 3803 μηδὲν
3748 3730 3815 3785 αἱ

2130 3817 2383 3883 συνάξεις
2404 3818 2485 3881 είς
2516 3818 2662 3889 ὑμᾶς
2689 3816 3011 3889 ἐργάζονται
3034 3816 3239 3886 ἀγαθόν
3269 3834 3283 3881 ;

2202 3903 2265 3959 δ’.
2297 3904 2435 3967 Ναὶ,
2467 3906 2650 3974 φησὶν,
2695 3903 2988 3975 εὐχόμεθα.
3031 3905 3141 3958 Kal
3181 3905 3233 3959 τί
3267 3905 3445 3970 τοῦτο,
3476 3901 3606 3979 ἀνῇ
3639 3902 3817 3976 χωρὶς

2134 3991 2309 4061 ἔργων
2338 4008 2354 4057 ;
2396 3993 2600 4045 Ἀκουε
2625 3990 2720 4044 τοῦ
2745 3989 2984 4064 Χριστοῦ
3018 3991 3271 4061 λέγοντος
3291 4008 3308 4025 ·
3339 3994 3422 4047 Οὐ
3460 3990 3583 4059 πᾶς
3630 3995 3664 4046 ὁ
3709 3990 3817 4046 λέ-

2133 4095 2257 4149 των
2277 4095 2400 4149 μοι,
2422 4078 2618 4146 Κύριε,
2642 4080 2841 4146 Κύριε,
2880 4078 3295 4133 εἰσελεύσεται
3349 4081 3438 4145 είς
3474 4078 3593 4148 τὴν
3614 4079 3770 4145 ,βασι
3785 4108 3809 4120 ο

2133 4162 2310 4216 λείαν
2340 4160 2458 4214 τῶν
2476 4159 2768 4228 οὐρανῶν,
2792 4160 2929 4216 ἀλλ’
2951 4162 2984 4215 δ
3003 4161 3192 4214 ποιῶν
3210 4161 3277 4215 τὸ
3299 4161 3529 4229 θέλημα
3554 4160 3661 4215 τοῦ
3699 4164 3818 4215 Πα-

2135 4250 2280 4318 τρός
2297 4264 2419 4318 μου
2443 4246 2551 4302 τοῦ
2577 4248 2647 4303 ἐν
2673 4246 2798 4315 τοῖς
2833 4247 3133 4316 οὐρανοῖς.
3165 4249 3432 4312 Πολλάκις
3473 4248 3645 4318 ἔγνων
3695 4244 3814 4317 ἐγὼ

2138 4336 2384 4407 σιγῆσαι,
2421 4335 2694 4407 μηδεμίαν
2732 4337 2840 4389 61:6
2870 4336 2979 4389 τῶν
3008 4337 3292 4407 ἡμετέρων
3332 4336 3507 4405 λόγων
3563 4334 3814 4407 προσθή-

2141 4442 2243 4495 κην
2275 4424 2401 4492 ὑμῖν
2431 4423 2789 4495 ὲγγινομένην
2819 4423 2961 4497 ὀρῶν
2981 4440 2997 4455 ’
3030 4424 3063 4495 ἢ
3099 4424 3241 4495 τάχα
3277 4424 3489 4490 γίνεται
3525 4423 3643 4496 μὲν,
3699 4422 3819 4493 ἐγὼ

2139 4511 2197 4566 δὲ
2222 4513 2326 4566 61:6
2354 4512 2658 4583 ἀπληστίας
2679 4514 2775 4566 καὶ
2804 4511 3005 4581 πολλῆς
3032 4512 3332 4583 ἐπιθυμίας
3365 4512 3564 4566 ταύτὸν
3609 4513 3811 4583 πάσχω

2140 4602 2255 4664 τοῖς
2289 4601 2418 4670 περὶ
2437 4600 2505 4653 τά
2525 4600 2789 4671 χρήματα
2820 4599 3189 4671 μαινομένοις.
3220 4597 3494 4671 Καθάπερ
3528 4598 3638 4670 γὰρ
3670 4598 3822 4652 ἐκεῖ-

2143 4705 2244 4750 νοι,
2277 4688 2380 4742 ὅσα
2413 4686 2480 4741 ἀν
2514 4685 2941 4757 περιϐάλωνται,
2973 4685 3128 4738 οὐδὲν
3159 4685 3421 4757 ἡγοῦνται
3450 4686 3594 4756 ἔχειν
3621 4700 3635 4716 °
3669 4683 3822 4739 οὕτω

2143 4774 2239 4827 καὶ
2263 4773 2451 4838 αὐτὸς,
2488 4773 2677 4845 ἐπειδὴ
2703 4773 2910 4844 σφόδρα
2950 4772 3050 4842 τῆς
3075 4771 3350 4843 ὑμετέρας
3377 4772 3600 4843 ἐφίεμαι
3635 4787 3819 4844 σωτη-

2147 4860 2288 4931 ρίας,
2323 4860 2430 4926 ἕως
2457 4858 2524 4914 ἀν
2552 4860 2649 4913 ἴδω
2689 4859 3105 4931 προκεκοφότας
3147 4862 3313 4931 ὑμᾶς,
3374 4861 3529 4915 οὐδὲν
3573 4859 3822 4932 ἡγοῦμαι.

2143 4947 2453 5019 εἰργάσθαι,
2522 4946 2612 4999 διὰ
2656 4946 2717 4999 16
2774 4946 2979 5017 σφόδρα
3019 4947 3305 5017 ἐπιθυμεῖν
3349 4947 3486 5018 πρὸς
3513 4948 3683 5019 αὐτὴν
3714 4945 3822 5016 τὴν

2145 5034 2386 5105 κορυφὴν
2441 5033 2586 5103 ὑμᾶς
2646 5032 2841 5086 ἐλθεῖν.
2883 5033 3184 5104 Βουλοίμην
3231 5032 3297 5088 ἂν
3329 5033 3490 5089 τοῦτο
3529 5029 3689 5096 εἶναι,
3720 5035 3822 5088 καὶ

2142 5120 2237 5174 τοῦ
2261 5119 2396 5191 ἐμοῦ
2437 5119 2640 5183 πάθους
2678 5114 2817 5173 εἶναι
2869 5120 3049 5185 τοῦτο,
3082 5120 3218 5174 ἀλλά
3268 5120 3343 5192 μὴ
3389 5120 3490 5191 τῆς
3538 5121 3819 5193 ὑμετέρας

2147 5208 2421 5277 ρςθυμίας
2449 5225 2462 5239 ’
2489 5207 2702 5262 δέδοικα
2722 5207 2780 5260 δὲ
2813 5208 3024 5279 μήποτε
3053 5206 3236 5271 καλῶς
3269 5208 3640 5280 στοχάζωμαι,
3701 5209 3816 5262 Πε-

2146 5296 2365 5349 πεῖσθαι
2422 5294 2532 5366 γάρ
2587 5294 2854 5363 ὀφείλετε,
2906 5295 2991 5348 ὃτι
3032 5294 3198 5358 εἴτις
3230 5296 3449 5365 ἐγένετο
3475 5295 3711 5365 ὠφέλεια
3755 5297 3823 5352 ἐν

2145 5381 2383 5452 τοσούτῳ
2410 5382 2604 5452 χρόνῳ,
2637 5380 2946 5435 παύσασθαι
2987 5381 3173 5436 λοιπον
3204 5384 3354 5454 ἡμᾶς
3385 5381 3642 5451 λέγοντας
3681 5382 3816 5440 ἔδει.

2147 5468 2333 5532 υῦτως
2358 5470 2458 5522 οὐκ
2483 5467 2589 5521 ἔδει
2622 5468 2882 5539 ῥημάτιον
2909 5469 3057 5539 ὑμῖν,
3085 5468 3194 5524 τῶν
3242 5469 3343 5540 ἤδη
3382 5469 3678 5540 λεχθέντων
3720 5468 3822 5521 οὖ-

2145 5574 2254 5618 1w;
2281 5556 2480 5620 ἱκανῶς
2518 5557 2846 5627 εἰρημένων,
2870 5555 2945 5620 ὡς
2976 5558 3069 5610 καὶ
3087 5556 3279 5620 ἀλλους
3310 5555 3573 5611 δύνασθαι
3619 5555 3822 5627 ῥυθμί-

2147 5643 2283 5707 ζειν,
2312 5644 2368 5697 εἴ
2398 5660 2464 5713 γε
2489 5644 2736 5699 ἀπόντων
2754 5644 2995 5713 ὠφέλειά
3025 5662 3110 5708 τις
3150 5644 3278 5713 ὑμῖν
3321 5644 3692 5714 προσεγίνετο.
3742 5644 3820 5696 Τὸ

2145 5734 2199 5786 δὲ
2225 5733 2468 5801 ἀνάγκην
2489 5733 2637 5802 ἡμᾶς
2662 5731 2803 5801 ἔχειν
2829 5731 3087 5802 συνεχοῦς
3106 5729 3253 5803 [251]
3283 5731 3587 5797 διαλέξεως,
3603 5730 3821 5796 οὐδενὸς

2212 5980 2238 6009 ε
2265 5977 2424 6049 Πόσαι
2449 5976 2597 6049 ρθςιιι
2635 5979 2683 6024 in
2706 5988 2804 6024 uno
2826 5975 2932 6024 cod.
3001 5973 3039 6049 ᾖ
3067 5975 3218 6026 Sam.
3251 5977 3333 6025 καὶ
3366 5976 3437 6037 ἐφ’
3461 5977 3610 6039 ἡμῶν.
3636 5973 3810 6027 Morel.

2149 6052 2273 6089 vero
2320 6039 2397 6086 ἀφ’
2439 6039 2594 6096 ἡμῶν.
