  <div class='ocr_page' id='page_1' title='image "/cluster/home/n/w/nwhite01/storage/ocr_20150623/60:no.9/coo.31924054869601/222.png"; bbox 0 0 4112 6448; ppageno 0'>
   <div class='ocr_carea' id='block_1_1' title="bbox 275 488 380 543">
    <p class='ocr_par' dir='ltr' id='par_1_1' title="bbox 275 488 380 543">
     <span class='ocr_line' id='line_1_1' title="bbox 275 488 380 543; baseline -0.029 0"><span class='ocrx_word' id='word_1_1' title='bbox 275 488 380 543; x_wconf 66' lang='grc'><strong>217</strong></span> 
     </span>
    </p>
   </div>
   <div class='ocr_carea' id='block_1_2' title="bbox 283 599 1896 673">
    <p class='ocr_par' dir='ltr' id='par_1_2' title="bbox 283 599 1896 673">
     <span class='ocr_line' id='line_1_2' title="bbox 283 599 1896 673; baseline -0.001 -15"><span class='ocrx_word' id='word_1_2' title='bbox 283 599 471 658; x_wconf 76' lang='lat' dir='ltr'><strong>laudes</strong></span> <span class='ocrx_word' id='word_1_3' title='bbox 501 608 655 655; x_wconf 82' lang='lat' dir='ltr'><strong>sunt.</strong></span> <span class='ocrx_word' id='word_1_4' title='bbox 690 602 953 657; x_wconf 87' lang='lat' dir='ltr'><strong>Davidem</strong></span> <span class='ocrx_word' id='word_1_5' title='bbox 981 609 1156 656; x_wconf 88' lang='lat' dir='ltr'><strong>autem</strong></span> <span class='ocrx_word' id='word_1_6' title='bbox 1183 601 1356 656; x_wconf 91' lang='lat' dir='ltr'><strong>solum</strong></span> <span class='ocrx_word' id='word_1_7' title='bbox 1385 602 1645 667; x_wconf 76' lang='lat' dir='ltr'><strong>celebrat,</strong></span> <span class='ocrx_word' id='word_1_8' title='bbox 1675 602 1796 673; x_wconf 89' lang='lat' dir='ltr'><strong>quia</strong></span> <span class='ocrx_word' id='word_1_9' title='bbox 1830 618 1896 657; x_wconf 78' lang='lat' dir='ltr'><strong>ex</strong></span> 
     </span>
    </p>
   </div>
   <div class='ocr_carea' id='block_1_3' title="bbox 292 690 1890 766">
    <p class='ocr_par' dir='ltr' id='par_1_3' title="bbox 292 690 1890 766">
     <span class='ocr_line' id='line_1_3' title="bbox 292 690 1890 766; baseline -0.004 -14"><span class='ocrx_word' id='word_1_10' title='bbox 292 697 404 766; x_wconf 78' lang='lat' dir='ltr'><strong>ipso</strong></span> <span class='ocrx_word' id='word_1_11' title='bbox 423 690 707 750; x_wconf 69' lang='lat' dir='ltr'><strong>Christus.</strong></span> <span class='ocrx_word' id='word_1_12' title='bbox 738 693 1044 764; x_wconf 87' lang='lat' dir='ltr'><strong>lngressum</strong></span> <span class='ocrx_word' id='word_1_13' title='bbox 1071 709 1201 749; x_wconf 87' lang='lat' dir='ltr'><strong>vero</strong></span> <span class='ocrx_word' id='word_1_14' title='bbox 1227 693 1462 749; x_wconf 80' lang='lat' dir='ltr'><strong>Joannes</strong></span> <span class='ocrx_word' id='word_1_15' title='bbox 1482 704 1656 757; x_wconf 89' lang='lat' dir='ltr'><strong>vocat,</strong></span> <span class='ocrx_word' id='word_1_16' title='bbox 1687 694 1890 756; x_wconf 87' lang='lat' dir='ltr'><strong>dicens,</strong></span> 
     </span>
    </p>
   </div>
   <div class='ocr_carea' id='block_1_4' title="bbox 306 785 1896 858">
    <p class='ocr_par' dir='ltr' id='par_1_4' title="bbox 306 785 1896 858">
     <span class='ocr_line' id='line_1_4' title="bbox 306 785 1896 858; baseline -0.001 -16"><span class='ocrx_word' id='word_1_17' title='bbox 306 789 421 842; x_wconf 88' lang='lat' dir='ltr'><strong>Ante</strong></span> <span class='ocrx_word' id='word_1_18' title='bbox 451 786 644 858; x_wconf 81' lang='lat' dir='ltr'><strong>faciem</strong></span> <span class='ocrx_word' id='word_1_19' title='bbox 670 786 934 857; x_wconf 79' lang='lat' dir='ltr'><strong>ingressus</strong></span> <span class='ocrx_word' id='word_1_20' title='bbox 963 787 1095 858; x_wconf 88' lang='lat' dir='ltr'><strong>ejus,</strong></span> <span class='ocrx_word' id='word_1_21' title='bbox 1125 785 1547 841; x_wconf 77' lang='lat' dir='ltr'><strong>incarnationem</strong></span> <span class='ocrx_word' id='word_1_22' title='bbox 1578 787 1810 851; x_wconf 87' lang='lat' dir='ltr'><strong>Christi,</strong></span> <span class='ocrx_word' id='word_1_23' title='bbox 1844 797 1896 840; x_wconf 89' lang='lat' dir='ltr'><strong>et</strong></span> 
     </span>
    </p>
   </div>
   <div class='ocr_carea' id='block_1_5' title="bbox 311 880 1893 953">
    <p class='ocr_par' dir='ltr' id='par_1_5' title="bbox 311 880 1893 953">
     <span class='ocr_line' id='line_1_5' title="bbox 311 880 1893 953; baseline -0.004 -14"><span class='ocrx_word' id='word_1_24' title='bbox 311 885 410 953; x_wconf 81' lang='lat' dir='ltr'><strong>ejus</strong></span> <span class='ocrx_word' id='word_1_25' title='bbox 436 897 561 936; x_wconf 89' lang='lat' dir='ltr'><strong>cum</strong></span> <span class='ocrx_word' id='word_1_26' title='bbox 594 895 761 936; x_wconf 89' lang='lat' dir='ltr'><strong>carne</strong></span> <span class='ocrx_word' id='word_1_27' title='bbox 797 881 1109 936; x_wconf 76' lang='lat' dir='ltr'><strong>adventum.</strong></span> <span class='ocrx_word' id='word_1_28' title='bbox 1149 880 1239 936; x_wconf 83' lang='lat' dir='ltr'><strong>Sic</strong></span> <span class='ocrx_word' id='word_1_29' title='bbox 1281 880 1516 936; x_wconf 81' lang='lat' dir='ltr'><strong>Joannes</strong></span> <span class='ocrx_word' id='word_1_30' title='bbox 1548 880 1893 950; x_wconf 87' lang='lat' dir='ltr'><strong>Evangelium</strong></span> 
     </span>
    </p>
   </div>
   <div class='ocr_carea' id='block_1_6' title="bbox 305 973 1894 1044">
    <p class='ocr_par' dir='ltr' id='par_1_6' title="bbox 305 973 1894 1044">
     <span class='ocr_line' id='line_1_6' title="bbox 305 973 1894 1044; baseline -0.003 -13"><span class='ocrx_word' id='word_1_31' title='bbox 305 975 542 1031; x_wconf 84' lang='lat' dir='ltr'><strong>scribens</strong></span> <span class='ocrx_word' id='word_1_32' title='bbox 564 1015 584 1040; x_wconf 88' lang='lat'><strong>,</strong></span> <span class='ocrx_word' id='word_1_33' title='bbox 615 973 682 1028; x_wconf 90' lang='lat' dir='ltr'><strong>ad</strong></span> <span class='ocrx_word' id='word_1_34' title='bbox 713 974 864 1029; x_wconf 91' lang='lat' dir='ltr'><strong>illum</strong></span> <span class='ocrx_word' id='word_1_35' title='bbox 896 990 1040 1044; x_wconf 68' lang='lat' dir='ltr'><strong>smpe</strong></span> <span class='ocrx_word' id='word_1_36' title='bbox 1064 974 1340 1040; x_wconf 82' lang='lat' dir='ltr'><strong>confugit:</strong></span> <span class='ocrx_word' id='word_1_37' title='bbox 1371 990 1621 1042; x_wconf 85' lang='lat' dir='ltr'><strong>magnum</strong></span> <span class='ocrx_word' id='word_1_38' title='bbox 1646 977 1786 1028; x_wconf 91' lang='lat' dir='ltr'><strong>enim</strong></span> <span class='ocrx_word' id='word_1_39' title='bbox 1819 973 1894 1027; x_wconf 89' lang='lat' dir='ltr'><strong>illi</strong></span> 
     </span>
    </p>
   </div>
   <div class='ocr_carea' id='block_1_7' title="bbox 299 1067 1893 1124">
    <p class='ocr_par' dir='ltr' id='par_1_7' title="bbox 299 1067 1893 1124">
     <span class='ocr_line' id='line_1_7' title="bbox 299 1067 1893 1124; baseline -0.003 0"><span class='ocrx_word' id='word_1_40' title='bbox 299 1085 496 1124; x_wconf 87' lang='lat' dir='ltr'><strong>nomen</strong></span> <span class='ocrx_word' id='word_1_41' title='bbox 527 1077 645 1123; x_wconf 87' lang='lat' dir='ltr'><strong>erat</strong></span> <span class='ocrx_word' id='word_1_42' title='bbox 671 1068 724 1122; x_wconf 86' lang='lat' dir='ltr'><strong>in</strong></span> <span class='ocrx_word' id='word_1_43' title='bbox 751 1076 866 1122; x_wconf 91' lang='lat' dir='ltr'><strong>toto</strong></span> <span class='ocrx_word' id='word_1_44' title='bbox 887 1067 1041 1123; x_wconf 86' lang='lat' dir='ltr'><strong>orbe.</strong></span> <span class='ocrx_word' id='word_1_45' title='bbox 1075 1067 1140 1120; x_wconf 76' lang='lat' dir='ltr'><strong>Et</strong></span> <span class='ocrx_word' id='word_1_46' title='bbox 1171 1067 1329 1121; x_wconf 83' lang='lat' dir='ltr'><strong>vide:</strong></span> <span class='ocrx_word' id='word_1_47' title='bbox 1375 1083 1481 1121; x_wconf 88' lang='lat' dir='ltr'><strong>non</strong></span> <span class='ocrx_word' id='word_1_48' title='bbox 1507 1068 1636 1120; x_wconf 93' lang='lat' dir='ltr'><strong>dicit</strong></span> <span class='ocrx_word' id='word_1_49' title='bbox 1663 1067 1792 1121; x_wconf 89' lang='lat' dir='ltr'><strong>illud</strong></span> <span class='ocrx_word' id='word_1_50' title='bbox 1829 1083 1893 1120; x_wconf 82' lang='lat' dir='ltr'><strong>ex</strong></span> 
     </span>
    </p>
   </div>
   <div class='ocr_carea' id='block_1_8' title="bbox 295 1160 1400 1232">
    <p class='ocr_par' dir='ltr' id='par_1_8' title="bbox 295 1160 1400 1232">
     <span class='ocr_line' id='line_1_8' title="bbox 295 1160 1400 1232; baseline -0.005 -14"><span class='ocrx_word' id='word_1_51' title='bbox 295 1164 501 1232; x_wconf 81' lang='lat' dir='ltr'><strong>Seipso,</strong></span> <span class='ocrx_word' id='word_1_52' title='bbox 531 1160 626 1216; x_wconf 88' lang='lat' dir='ltr'><strong>sed</strong></span> <span class='ocrx_word' id='word_1_53' title='bbox 659 1161 803 1215; x_wconf 89' lang='lat' dir='ltr'><strong>illius</strong></span> <span class='ocrx_word' id='word_1_54' title='bbox 832 1160 984 1214; x_wconf 67' lang='lat' dir='ltr'><strong>affert</strong></span> <span class='ocrx_word' id='word_1_55' title='bbox 1015 1160 1400 1214; x_wconf 82' lang='lat' dir='ltr'><strong>tesﬁmonium.</strong></span> 
     </span>
    </p>
   </div>
   <div class='ocr_carea' id='block_1_9' title="bbox 369 1251 1892 1322">
    <p class='ocr_par' dir='ltr' id='par_1_9' title="bbox 369 1251 1892 1322">
     <span class='ocr_line' id='line_1_9' title="bbox 369 1251 1892 1322; baseline -0.003 -12"><span class='ocrx_word' id='word_1_56' title='bbox 369 1257 425 1310; x_wconf 76' lang='lat'><strong>3.</strong></span> <span class='ocrx_word' id='word_1_57' title='bbox 477 1254 689 1319; x_wconf 80' lang='lat' dir='ltr'><strong>Viden‘,</strong></span> <span class='ocrx_word' id='word_1_58' title='bbox 739 1251 1009 1322; x_wconf 86' lang='lat' dir='ltr'><strong>quomodo</strong></span> <span class='ocrx_word' id='word_1_59' title='bbox 1061 1253 1348 1307; x_wconf 71' lang='lat' dir='ltr'><strong>ostendere</strong></span> <span class='ocrx_word' id='word_1_60' title='bbox 1404 1253 1617 1308; x_wconf 90' lang='lat' dir='ltr'><strong>studeat</strong></span> <span class='ocrx_word' id='word_1_61' title='bbox 1663 1269 1776 1308; x_wconf 92' lang='lat' dir='ltr'><strong>rem</strong></span> <span class='ocrx_word' id='word_1_62' title='bbox 1829 1269 1892 1307; x_wconf 78' lang='lat' dir='ltr'><strong>ex</strong></span> 
     </span>
    </p>
   </div>
   <div class='ocr_carea' id='block_1_10' title="bbox 295 1347 1892 1419">
    <p class='ocr_par' dir='ltr' id='par_1_10' title="bbox 295 1347 1892 1419">
     <span class='ocr_line' id='line_1_10' title="bbox 295 1347 1892 1419; baseline -0.003 -13"><span class='ocrx_word' id='word_1_63' title='bbox 295 1349 600 1406; x_wconf 74' lang='lat' dir='ltr'><strong>(nconomia</strong></span> <span class='ocrx_word' id='word_1_64' title='bbox 637 1347 864 1419; x_wconf 80' lang='lat' dir='ltr'><strong>quadam</strong></span> <span class='ocrx_word' id='word_1_65' title='bbox 899 1348 1035 1418; x_wconf 79' lang='lat' dir='ltr'><strong>geri.</strong></span> <span class='ocrx_word' id='word_1_66' title='bbox 1065 1347 1168 1402; x_wconf 89' lang='lat' dir='ltr'><strong>Sed</strong></span> <span class='ocrx_word' id='word_1_67' title='bbox 1197 1348 1476 1402; x_wconf 88' lang='lat' dir='ltr'><strong>audiamus</strong></span> <span class='ocrx_word' id='word_1_68' title='bbox 1502 1348 1626 1419; x_wconf 91' lang='lat' dir='ltr'><strong>quid</strong></span> <span class='ocrx_word' id='word_1_69' title='bbox 1664 1349 1892 1417; x_wconf 85' lang='lat' dir='ltr'><strong>apostoli</strong></span> 
     </span>
    </p>
   </div>
   <div class='ocr_carea' id='block_1_11' title="bbox 297 1437 1896 1512">
    <p class='ocr_par' dir='ltr' id='par_1_11' title="bbox 297 1437 1896 1512">
     <span class='ocr_line' id='line_1_11' title="bbox 297 1437 1896 1512; baseline -0.002 -15"><span class='ocrx_word' id='word_1_70' title='bbox 297 1444 545 1497; x_wconf 87' lang='lat' dir='ltr'><strong>dicentes</strong></span> <span class='ocrx_word' id='word_1_71' title='bbox 567 1440 970 1512; x_wconf 71' lang='lat' dir='ltr'><strong>persuaserint,</strong></span> <span class='ocrx_word' id='word_1_72' title='bbox 995 1439 1138 1508; x_wconf 88' lang='lat' dir='ltr'><strong>quod</strong></span> <span class='ocrx_word' id='word_1_73' title='bbox 1173 1438 1462 1493; x_wconf 79' lang='lat' dir='ltr'><strong>crucifixus</strong></span> <span class='ocrx_word' id='word_1_74' title='bbox 1493 1449 1594 1493; x_wconf 91' lang='lat' dir='ltr'><strong>est.</strong></span> <span class='ocrx_word' id='word_1_75' title='bbox 1629 1438 1764 1506; x_wconf 88' lang='lat' dir='ltr'><strong>Quid</strong></span> <span class='ocrx_word' id='word_1_76' title='bbox 1793 1437 1896 1494; x_wconf 90' lang='lat' dir='ltr'><strong>hoc</strong></span> 
     </span>
    </p>
   </div>
   <div class='ocr_carea' id='block_1_12' title="bbox 298 1531 1893 1602">
    <p class='ocr_par' dir='ltr' id='par_1_12' title="bbox 298 1531 1893 1602">
     <span class='ocr_line' id='line_1_12' title="bbox 298 1531 1893 1602; baseline -0.005 -11"><span class='ocrx_word' id='word_1_77' title='bbox 298 1534 692 1599; x_wconf 83' lang='lat' dir='ltr'><strong>incredibilius,</strong></span> <span class='ocrx_word' id='word_1_78' title='bbox 720 1532 863 1602; x_wconf 90' lang='lat' dir='ltr'><strong>quod</strong></span> <span class='ocrx_word' id='word_1_79' title='bbox 897 1533 1139 1600; x_wconf 89' lang='lat' dir='ltr'><strong>sepultus</strong></span> <span class='ocrx_word' id='word_1_80' title='bbox 1172 1531 1328 1586; x_wconf 90' lang='lat' dir='ltr'><strong>sitab</strong></span> <span class='ocrx_word' id='word_1_81' title='bbox 1357 1532 1482 1596; x_wconf 85' lang='lat' dir='ltr'><strong>illis,</strong></span> <span class='ocrx_word' id='word_1_82' title='bbox 1514 1532 1708 1599; x_wconf 85' lang='lat' dir='ltr'><strong>quibus</strong></span> <span class='ocrx_word' id='word_1_83' title='bbox 1747 1532 1893 1584; x_wconf 86' lang='lat' dir='ltr'><strong>salu-</strong></span> 
     </span>
    </p>
   </div>
   <div class='ocr_carea' id='block_1_13' title="bbox 305 1623 1892 1696">
    <p class='ocr_par' dir='ltr' id='par_1_13' title="bbox 305 1623 1892 1696">
     <span class='ocr_line' id='line_1_13' title="bbox 305 1623 1892 1696; baseline -0.004 -13"><span class='ocrx_word' id='word_1_84' title='bbox 305 1638 424 1683; x_wconf 83' lang='lat' dir='ltr'><strong>tem</strong></span> <span class='ocrx_word' id='word_1_85' title='bbox 455 1626 706 1696; x_wconf 81' lang='lat' dir='ltr'><strong>promisit,</strong></span> <span class='ocrx_word' id='word_1_86' title='bbox 737 1625 878 1694; x_wconf 91' lang='lat' dir='ltr'><strong>quod</strong></span> <span class='ocrx_word' id='word_1_87' title='bbox 902 1625 1145 1692; x_wconf 89' lang='lat' dir='ltr'><strong>sepultus</strong></span> <span class='ocrx_word' id='word_1_88' title='bbox 1175 1635 1389 1694; x_wconf 86' lang='lat' dir='ltr'><strong>peccata</strong></span> <span class='ocrx_word' id='word_1_89' title='bbox 1420 1625 1588 1694; x_wconf 88' lang='lat' dir='ltr'><strong>magis</strong></span> <span class='ocrx_word' id='word_1_90' title='bbox 1616 1640 1772 1692; x_wconf 76' lang='grc' dir='ltr'>ιμιιιιιι</span> <span class='ocrx_word' id='word_1_91' title='bbox 1808 1623 1892 1678; x_wconf 80' lang='lat' dir='ltr'><strong>lex</strong></span> 
     </span>
    </p>
   </div>
   <div class='ocr_carea' id='block_1_14' title="bbox 314 1716 1890 1790">
    <p class='ocr_par' dir='ltr' id='par_1_14' title="bbox 314 1716 1890 1790">
     <span class='ocr_line' id='line_1_14' title="bbox 314 1716 1890 1790; baseline -0.004 -14"><span class='ocrx_word' id='word_1_92' title='bbox 314 1723 437 1790; x_wconf 84' lang='lat' dir='ltr'><strong>ipsa</strong></span> <span class='ocrx_word' id='word_1_93' title='bbox 458 1719 708 1777; x_wconf 83' lang='lat' dir='ltr'><strong>remittat?</strong></span> <span class='ocrx_word' id='word_1_94' title='bbox 734 1719 857 1774; x_wconf 91' lang='lat' dir='ltr'><strong>Ideo</strong></span> <span class='ocrx_word' id='word_1_95' title='bbox 885 1735 988 1773; x_wconf 90' lang='lat' dir='ltr'><strong>non</strong></span> <span class='ocrx_word' id='word_1_96' title='bbox 1006 1719 1139 1773; x_wconf 86' lang='lat' dir='ltr'><strong>dixit</strong></span> <span class='ocrx_word' id='word_1_97' title='bbox 1158 1737 1172 1772; x_wconf 91' lang='lat'><strong>:</strong></span> <span class='ocrx_word' id='word_1_98' title='bbox 1188 1719 1231 1771; x_wconf 85' lang='lat' dir='ltr'><strong>A</strong></span> <span class='ocrx_word' id='word_1_99' title='bbox 1254 1719 1445 1788; x_wconf 83' lang='lat' dir='ltr'><strong>quibus</strong></span> <span class='ocrx_word' id='word_1_100' title='bbox 1468 1718 1748 1782; x_wconf 89' lang='lat' dir='ltr'><strong>uoluistis;</strong></span> <span class='ocrx_word' id='word_1_101' title='bbox 1775 1716 1890 1786; x_wconf 89' lang='lat' dir='ltr'><strong>sed,</strong></span> 
     </span>
    </p>
   </div>
   <div class='ocr_carea' id='block_1_15' title="bbox 320 1809 1895 1884">
    <p class='ocr_par' dir='ltr' id='par_1_15' title="bbox 320 1809 1895 1884">
     <span class='ocr_line' id='line_1_15' title="bbox 320 1809 1895 1884; baseline -0.003 -17"><span class='ocrx_word' id='word_1_102' title='bbox 320 1815 365 1868; x_wconf 75' lang='grc' dir='ltr'><em>Α</em></span> <span class='ocrx_word' id='word_1_103' title='bbox 390 1814 561 1884; x_wconf 80' lang='lat' dir='ltr'><strong>quibus</strong></span> <span class='ocrx_word' id='word_1_104' title='bbox 603 1829 701 1866; x_wconf 86' lang='lat' dir='ltr'><strong>non</strong></span> <span class='ocrx_word' id='word_1_105' title='bbox 744 1813 976 1882; x_wconf 88' lang='lat' dir='ltr'><strong>potuistis</strong></span> <span class='ocrx_word' id='word_1_106' title='bbox 1005 1812 1056 1864; x_wconf 91' lang='lat' dir='ltr'><strong>in</strong></span> <span class='ocrx_word' id='word_1_107' title='bbox 1099 1811 1206 1882; x_wconf 79' lang='lat' dir='ltr'><strong>iege</strong></span> <span class='ocrx_word' id='word_1_108' title='bbox 1252 1811 1448 1882; x_wconf 78' lang='lat' dir='ltr'><strong>Moysis</strong></span> <span class='ocrx_word' id='word_1_109' title='bbox 1482 1810 1759 1880; x_wconf 80' lang='lat' dir='ltr'><strong>justi/icari</strong></span> <span class='ocrx_word' id='word_1_110' title='bbox 1781 1824 1800 1872; x_wconf 85' lang='lat'><strong>,°</strong></span> <span class='ocrx_word' id='word_1_111' title='bbox 1842 1809 1895 1862; x_wconf 85' lang='lat' dir='ltr'><strong>in</strong></span> 
     </span>
    </p>
   </div>
   <div class='ocr_carea' id='block_1_16' title="bbox 317 1901 1894 1972">
    <p class='ocr_par' dir='ltr' id='par_1_16' title="bbox 317 1901 1894 1972">
     <span class='ocr_line' id='line_1_16' title="bbox 317 1901 1894 1972; baseline -0.002 -16"><span class='ocrx_word' id='word_1_112' title='bbox 317 1905 411 1959; x_wconf 74' lang='lat' dir='ltr'><strong>hoc</strong></span> <span class='ocrx_word' id='word_1_113' title='bbox 458 1903 617 1957; x_wconf 83' lang='lat' dir='ltr'><strong>omnis</strong></span> <span class='ocrx_word' id='word_1_114' title='bbox 659 1903 866 1957; x_wconf 77' lang='lat' dir='ltr'><strong>credens</strong></span> <span class='ocrx_word' id='word_1_115' title='bbox 908 1903 1222 1972; x_wconf 74' lang='lat' dir='ltr'><strong>iustiﬁcetur</strong></span> <span class='ocrx_word' id='word_1_116' title='bbox 1271 1918 1290 1956; x_wconf 92' lang='lat'><strong>:</strong></span> <span class='ocrx_word' id='word_1_117' title='bbox 1335 1901 1699 1956; x_wconf 80' lang='lat' dir='ltr'><strong>infirmitatem</strong></span> <span class='ocrx_word' id='word_1_118' title='bbox 1763 1901 1894 1970; x_wconf 82' lang='lat' dir='ltr'><strong>legis</strong></span> 
     </span>
    </p>
   </div>
   <div class='ocr_carea' id='block_1_17' title="bbox 308 1993 1893 2059">
    <p class='ocr_par' dir='ltr' id='par_1_17' title="bbox 308 1993 1893 2059">
     <span class='ocr_line' id='line_1_17' title="bbox 308 1993 1893 2059; baseline 0 -11"><span class='ocrx_word' id='word_1_119' title='bbox 308 1995 616 2050; x_wconf 88' lang='lat' dir='ltr'><strong>ostendens.</strong></span> <span class='ocrx_word' id='word_1_120' title='bbox 651 1995 814 2050; x_wconf 78' lang='lat' dir='ltr'><strong>Recte</strong></span> <span class='ocrx_word' id='word_1_121' title='bbox 843 2004 1018 2049; x_wconf 88' lang='lat' dir='ltr'><strong>autem</strong></span> <span class='ocrx_word' id='word_1_122' title='bbox 1051 1995 1256 2049; x_wconf 88' lang='lat' dir='ltr'><strong>addidit</strong></span> <span class='ocrx_word' id='word_1_123' title='bbox 1287 1996 1437 2059; x_wconf 89' lang='lat' dir='ltr'><strong>illud,</strong></span> <span class='ocrx_word' id='word_1_124' title='bbox 1471 1993 1686 2057; x_wconf 80' lang='lat' dir='ltr'><strong>Omnis;</strong></span> <span class='ocrx_word' id='word_1_125' title='bbox 1715 2003 1772 2048; x_wconf 89' lang='lat' dir='ltr'><strong>ut</strong></span> <span class='ocrx_word' id='word_1_126' title='bbox 1800 1994 1893 2048; x_wconf 84' lang='lat' dir='ltr'><strong>de-</strong></span> 
     </span>
    </p>
   </div>
   <div class='ocr_carea' id='block_1_18' title="bbox 302 2085 1893 2157">
    <p class='ocr_par' dir='ltr' id='par_1_18' title="bbox 302 2085 1893 2157">
     <span class='ocr_line' id='line_1_18' title="bbox 302 2085 1893 2157; baseline -0.001 -17"><span class='ocrx_word' id='word_1_127' title='bbox 302 2086 534 2142; x_wconf 82' lang='lat' dir='ltr'><strong>clararet</strong></span> <span class='ocrx_word' id='word_1_128' title='bbox 561 2086 802 2157; x_wconf 88' lang='lat' dir='ltr'><strong>quisquis</strong></span> <span class='ocrx_word' id='word_1_129' title='bbox 828 2087 896 2140; x_wconf 88' lang='lat' dir='ltr'><strong>sit</strong></span> <span class='ocrx_word' id='word_1_130' title='bbox 925 2087 1172 2140; x_wconf 88' lang='lat' dir='ltr'><strong>credens.</strong></span> <span class='ocrx_word' id='word_1_131' title='bbox 1198 2085 1349 2140; x_wconf 85' lang='lat' dir='ltr'><strong>Nulla</strong></span> <span class='ocrx_word' id='word_1_132' title='bbox 1385 2086 1528 2140; x_wconf 91' lang='lat' dir='ltr'><strong>enim</strong></span> <span class='ocrx_word' id='word_1_133' title='bbox 1555 2102 1618 2138; x_wconf 82' lang='lat' dir='ltr'><strong>ex</strong></span> <span class='ocrx_word' id='word_1_134' title='bbox 1647 2085 1754 2139; x_wconf 86' lang='lat' dir='ltr'><strong>illis</strong></span> <span class='ocrx_word' id='word_1_135' title='bbox 1787 2087 1893 2139; x_wconf 86' lang='lat' dir='ltr'><strong>uti-</strong></span> 
     </span>
    </p>
   </div>
   <div class='ocr_carea' id='block_1_19' title="bbox 303 2177 1892 2247">
    <p class='ocr_par' dir='ltr' id='par_1_19' title="bbox 303 2177 1892 2247">
     <span class='ocr_line' id='line_1_19' title="bbox 303 2177 1892 2247; baseline 0 -16"><span class='ocrx_word' id='word_1_136' title='bbox 303 2177 461 2241; x_wconf 87' lang='lat' dir='ltr'><strong>litas,</strong></span> <span class='ocrx_word' id='word_1_137' title='bbox 507 2179 609 2232; x_wconf 88' lang='lat' dir='ltr'><strong>nisi</strong></span> <span class='ocrx_word' id='word_1_138' title='bbox 657 2177 868 2247; x_wconf 89' lang='lat' dir='ltr'><strong>aliquod</strong></span> <span class='ocrx_word' id='word_1_139' title='bbox 929 2177 1068 2231; x_wconf 90' lang='lat' dir='ltr'><strong>adsit</strong></span> <span class='ocrx_word' id='word_1_140' title='bbox 1118 2178 1458 2232; x_wconf 90' lang='lat' dir='ltr'><strong>beneﬁcium.</strong></span> <span class='ocrx_word' id='word_1_141' title='bbox 1509 2177 1631 2231; x_wconf 84' lang='lat' dir='ltr'><strong>Ideo</strong></span> <span class='ocrx_word' id='word_1_142' title='bbox 1677 2177 1892 2231; x_wconf 89' lang='lat' dir='ltr'><strong>demum</strong></span> 
     </span>
    </p>
   </div>
   <div class='ocr_carea' id='block_1_20' title="bbox 301 2269 1891 2340">
    <p class='ocr_par' dir='ltr' id='par_1_20' title="bbox 301 2269 1891 2340">
     <span class='ocr_line' id='line_1_20' title="bbox 301 2269 1891 2340; baseline 0.003 -21"><span class='ocrx_word' id='word_1_143' title='bbox 301 2270 454 2338; x_wconf 69' lang='lat' dir='ltr'><strong>ponit</strong></span> <span class='ocrx_word' id='word_1_144' title='bbox 480 2270 850 2324; x_wconf 84' lang='lat' dir='ltr'><strong>remissionem</strong></span> <span class='ocrx_word' id='word_1_145' title='bbox 873 2311 888 2333; x_wconf 92' lang='lat'><strong>,</strong></span> <span class='ocrx_word' id='word_1_146' title='bbox 935 2269 1060 2325; x_wconf 92' lang='lat' dir='ltr'><strong>hinc</strong></span> <span class='ocrx_word' id='word_1_147' title='bbox 1087 2269 1225 2340; x_wconf 91' lang='lat' dir='ltr'><strong>quod</strong></span> <span class='ocrx_word' id='word_1_148' title='bbox 1278 2270 1446 2339; x_wconf 85' lang='lat' dir='ltr'><strong>majus</strong></span> <span class='ocrx_word' id='word_1_149' title='bbox 1475 2279 1559 2323; x_wconf 90' lang='lat' dir='ltr'><strong>est</strong></span> <span class='ocrx_word' id='word_1_150' title='bbox 1600 2269 1891 2340; x_wconf 84' lang='lat' dir='ltr'><strong>colligens,</strong></span> 
     </span>
    </p>
   </div>
   <div class='ocr_carea' id='block_1_21' title="bbox 299 2360 1894 2432">
    <p class='ocr_par' dir='ltr' id='par_1_21' title="bbox 299 2360 1894 2432">
     <span class='ocr_line' id='line_1_21' title="bbox 299 2360 1894 2432; baseline 0 -17"><span class='ocrx_word' id='word_1_151' title='bbox 299 2370 353 2424; x_wconf 85' lang='lat' dir='ltr'><strong>et</strong></span> <span class='ocrx_word' id='word_1_152' title='bbox 382 2361 676 2416; x_wconf 82' lang='lat' dir='ltr'><strong>ostendens</strong></span> <span class='ocrx_word' id='word_1_153' title='bbox 701 2403 715 2425; x_wconf 96' lang='lat'><strong>,</strong></span> <span class='ocrx_word' id='word_1_154' title='bbox 750 2361 799 2415; x_wconf 91' lang='lat' dir='ltr'><strong>id</strong></span> <span class='ocrx_word' id='word_1_155' title='bbox 828 2361 968 2432; x_wconf 89' lang='lat' dir='ltr'><strong>quod</strong></span> <span class='ocrx_word' id='word_1_156' title='bbox 1009 2378 1115 2415; x_wconf 91' lang='lat' dir='ltr'><strong>non</strong></span> <span class='ocrx_word' id='word_1_157' title='bbox 1163 2371 1372 2428; x_wconf 79' lang='lat' dir='ltr'><strong>poterat</strong></span> <span class='ocrx_word' id='word_1_158' title='bbox 1423 2362 1505 2416; x_wconf 82' lang='lat' dir='ltr'><strong>lex</strong></span> <span class='ocrx_word' id='word_1_159' title='bbox 1550 2360 1758 2422; x_wconf 86' lang='lat' dir='ltr'><strong>facere,</strong></span> <span class='ocrx_word' id='word_1_160' title='bbox 1795 2360 1894 2415; x_wconf 90' lang='lat' dir='ltr'><strong>hoc</strong></span> 
     </span>
    </p>
   </div>
   <div class='ocr_carea' id='block_1_22' title="bbox 298 2454 1893 2524">
    <p class='ocr_par' dir='ltr' id='par_1_22' title="bbox 298 2454 1893 2524">
     <span class='ocr_line' id='line_1_22' title="bbox 298 2454 1893 2524; baseline 0 -15"><span class='ocrx_word' id='word_1_161' title='bbox 298 2455 446 2510; x_wconf 88' lang='lat' dir='ltr'><strong>clare</strong></span> <span class='ocrx_word' id='word_1_162' title='bbox 476 2470 570 2524; x_wconf 89' lang='lat' dir='ltr'><strong>per</strong></span> <span class='ocrx_word' id='word_1_163' title='bbox 598 2465 824 2508; x_wconf 91' lang='lat' dir='ltr'><strong>mortem</strong></span> <span class='ocrx_word' id='word_1_164' title='bbox 863 2454 1053 2510; x_wconf 78' lang='lat' dir='ltr'><strong>fecisse</strong></span> <span class='ocrx_word' id='word_1_165' title='bbox 1085 2470 1208 2509; x_wconf 91' lang='lat' dir='ltr'><strong>eum</strong></span> <span class='ocrx_word' id='word_1_166' title='bbox 1242 2455 1328 2524; x_wconf 88' lang='lat' dir='ltr'><strong>qui</strong></span> <span class='ocrx_word' id='word_1_167' title='bbox 1361 2469 1548 2524; x_wconf 86' lang='lat' dir='ltr'><strong>passus</strong></span> <span class='ocrx_word' id='word_1_168' title='bbox 1576 2466 1678 2509; x_wconf 86' lang='lat' dir='ltr'><strong>est.</strong></span> <span class='ocrx_word' id='word_1_169' title='bbox 1714 2455 1893 2524; x_wconf 79' lang='lat' dir='ltr'><strong>Itaque</strong></span> 
     </span>
    </p>
   </div>
   <div class='ocr_carea' id='block_1_23' title="bbox 300 2544 1890 2617">
    <p class='ocr_par' dir='ltr' id='par_1_23' title="bbox 300 2544 1890 2617">
     <span class='ocr_line' id='line_1_23' title="bbox 300 2544 1890 2617; baseline -0.001 -17"><span class='ocrx_word' id='word_1_170' title='bbox 300 2546 439 2600; x_wconf 84' lang='lat' dir='ltr'><strong>bene</strong></span> <span class='ocrx_word' id='word_1_171' title='bbox 459 2546 672 2600; x_wconf 86' lang='lat' dir='ltr'><strong>dieebat</strong></span> <span class='ocrx_word' id='word_1_172' title='bbox 699 2564 712 2600; x_wconf 86' lang='lat'><strong>:</strong></span> <span class='ocrx_word' id='word_1_173' title='bbox 741 2544 840 2610; x_wconf 86' lang='lat' dir='ltr'><strong>Qui</strong></span> <span class='ocrx_word' id='word_1_174' title='bbox 861 2556 976 2600; x_wconf 83' lang='lat' dir='ltr'><strong>sunt</strong></span> <span class='ocrx_word' id='word_1_175' title='bbox 1003 2556 1147 2600; x_wconf 76' lang='lat' dir='ltr'><strong>testes</strong></span> <span class='ocrx_word' id='word_1_176' title='bbox 1174 2548 1281 2617; x_wconf 76' lang='lat' dir='ltr'><strong>ejus</strong></span> <span class='ocrx_word' id='word_1_177' title='bbox 1300 2546 1369 2598; x_wconf 89' lang='lat' dir='ltr'><strong>ad</strong></span> <span class='ocrx_word' id='word_1_178' title='bbox 1391 2547 1604 2614; x_wconf 80' lang='lat' dir='ltr'><strong>plebem,</strong></span> <span class='ocrx_word' id='word_1_179' title='bbox 1630 2545 1776 2598; x_wconf 86' lang='lat' dir='ltr'><strong>llllllll</strong></span> <span class='ocrx_word' id='word_1_180' title='bbox 1802 2546 1890 2614; x_wconf 88' lang='lat' dir='ltr'><strong>qui</strong></span> 
     </span>
    </p>
   </div>
   <div class='ocr_carea' id='block_1_24' title="bbox 296 2638 1894 2711">
    <p class='ocr_par' dir='ltr' id='par_1_24' title="bbox 296 2638 1894 2711">
     <span class='ocr_line' id='line_1_24' title="bbox 296 2638 1894 2711; baseline -0.003 -16"><span class='ocrx_word' id='word_1_181' title='bbox 296 2638 516 2702; x_wconf 88' lang='lat' dir='ltr'><strong>occidit,</strong></span> <span class='ocrx_word' id='word_1_182' title='bbox 549 2640 718 2710; x_wconf 90' lang='lat' dir='ltr'><strong>inquit</strong></span> <span class='ocrx_word' id='word_1_183' title='bbox 747 2655 761 2695; x_wconf 91' lang='lat'><strong>:</strong></span> <span class='ocrx_word' id='word_1_184' title='bbox 796 2654 971 2711; x_wconf 89' lang='lat' dir='ltr'><strong>neque</strong></span> <span class='ocrx_word' id='word_1_185' title='bbox 999 2640 1134 2695; x_wconf 87' lang='lat' dir='ltr'><strong>tales</strong></span> <span class='ocrx_word' id='word_1_186' title='bbox 1164 2649 1384 2702; x_wconf 85' lang='lat' dir='ltr'><strong>essent,</strong></span> <span class='ocrx_word' id='word_1_187' title='bbox 1437 2639 1536 2694; x_wconf 93' lang='lat' dir='ltr'><strong>nisi</strong></span> <span class='ocrx_word' id='word_1_188' title='bbox 1579 2639 1758 2693; x_wconf 88' lang='lat' dir='ltr'><strong>divina</strong></span> <span class='ocrx_word' id='word_1_189' title='bbox 1787 2641 1894 2692; x_wconf 89' lang='lat' dir='ltr'><strong>vir-</strong></span> 
     </span>
    </p>
   </div>
   <div class='ocr_carea' id='block_1_25' title="bbox 301 2730 1889 2802">
    <p class='ocr_par' dir='ltr' id='par_1_25' title="bbox 301 2730 1889 2802">
     <span class='ocr_line' id='line_1_25' title="bbox 301 2730 1889 2802; baseline -0.001 -17"><span class='ocrx_word' id='word_1_190' title='bbox 301 2740 416 2787; x_wconf 90' lang='lat' dir='ltr'><strong>tute</strong></span> <span class='ocrx_word' id='word_1_191' title='bbox 463 2732 835 2797; x_wconf 89' lang='lat' dir='ltr'><strong>ﬁrmarentur;</strong></span> <span class='ocrx_word' id='word_1_192' title='bbox 889 2747 1059 2802; x_wconf 90' lang='lat' dir='ltr'><strong>neque</strong></span> <span class='ocrx_word' id='word_1_193' title='bbox 1094 2733 1236 2786; x_wconf 91' lang='lat' dir='ltr'><strong>enim</strong></span> <span class='ocrx_word' id='word_1_194' title='bbox 1286 2731 1352 2786; x_wconf 92' lang='lat' dir='ltr'><strong>ad</strong></span> <span class='ocrx_word' id='word_1_195' title='bbox 1400 2731 1646 2786; x_wconf 80' lang='lat' dir='ltr'><strong>homines</strong></span> <span class='ocrx_word' id='word_1_196' title='bbox 1689 2730 1889 2784; x_wconf 83' lang='lat' dir='ltr'><strong>caedem</strong></span> 
     </span>
    </p>
   </div>
   <div class='ocr_carea' id='block_1_26' title="bbox 296 2823 1889 2894">
    <p class='ocr_par' dir='ltr' id='par_1_26' title="bbox 296 2823 1889 2894">
     <span class='ocr_line' id='line_1_26' title="bbox 296 2823 1889 2894; baseline -0.001 -16"><span class='ocrx_word' id='word_1_197' title='bbox 296 2824 566 2894; x_wconf 85' lang='lat' dir='ltr'><strong>spirantes</strong></span> <span class='ocrx_word' id='word_1_198' title='bbox 595 2825 722 2878; x_wconf 91' lang='lat' dir='ltr'><strong>talia</strong></span> <span class='ocrx_word' id='word_1_199' title='bbox 751 2825 1016 2880; x_wconf 77' lang='lat' dir='ltr'><strong>testificati</strong></span> <span class='ocrx_word' id='word_1_200' title='bbox 1046 2833 1248 2887; x_wconf 89' lang='lat' dir='ltr'><strong>essent,</strong></span> <span class='ocrx_word' id='word_1_201' title='bbox 1282 2841 1386 2878; x_wconf 91' lang='lat' dir='ltr'><strong>non</strong></span> <span class='ocrx_word' id='word_1_202' title='bbox 1414 2823 1477 2878; x_wconf 90' lang='lat' dir='ltr'><strong>ad</strong></span> <span class='ocrx_word' id='word_1_203' title='bbox 1506 2823 1648 2894; x_wconf 87' lang='lat' dir='ltr'><strong>ipsos</strong></span> <span class='ocrx_word' id='word_1_204' title='bbox 1676 2823 1763 2894; x_wconf 89' lang='lat' dir='ltr'><strong>qni</strong></span> <span class='ocrx_word' id='word_1_205' title='bbox 1795 2838 1889 2877; x_wconf 92' lang='lat' dir='ltr'><strong>oc-</strong></span> 
     </span>
    </p>
   </div>
   <div class='ocr_carea' id='block_1_27' title="bbox 295 2914 1888 2987">
    <p class='ocr_par' dir='ltr' id='par_1_27' title="bbox 295 2914 1888 2987">
     <span class='ocr_line' id='line_1_27' title="bbox 295 2914 1888 2987; baseline 0 -18"><span class='ocrx_word' id='word_1_206' title='bbox 295 2915 569 2970; x_wconf 88' lang='lat' dir='ltr'><strong>ciderunt.</strong></span> <span class='ocrx_word' id='word_1_207' title='bbox 595 2914 732 2971; x_wconf 87' lang='lat' dir='ltr'><strong>lllud</strong></span> <span class='ocrx_word' id='word_1_208' title='bbox 758 2931 907 2982; x_wconf 87' lang='lat' dir='ltr'><strong>vero,</strong></span> <span class='ocrx_word' id='word_1_209' title='bbox 938 2915 1047 2987; x_wconf 84' lang='lat' dir='ltr'><strong>Ego</strong></span> <span class='ocrx_word' id='word_1_210' title='bbox 1076 2916 1226 2970; x_wconf 86' lang='lat' dir='ltr'><strong>hodie</strong></span> <span class='ocrx_word' id='word_1_211' title='bbox 1252 2916 1404 2986; x_wconf 83' lang='lat' dir='ltr'><strong>genui</strong></span> <span class='ocrx_word' id='word_1_212' title='bbox 1427 2926 1474 2970; x_wconf 90' lang='lat' dir='ltr'><strong>te</strong></span> <span class='ocrx_word' id='word_1_213' title='bbox 1497 2957 1512 2981; x_wconf 96' lang='lat'><strong>,</strong></span> <span class='ocrx_word' id='word_1_214' title='bbox 1543 2915 1676 2969; x_wconf 80' lang='lat' dir='ltr'><strong>dixit</strong></span> <span class='ocrx_word' id='word_1_215' title='bbox 1699 2957 1714 2978; x_wconf 96' lang='lat'><strong>,</strong></span> <span class='ocrx_word' id='word_1_216' title='bbox 1747 2915 1888 2985; x_wconf 87' lang='lat' dir='ltr'><strong>quod</strong></span> 
     </span>
    </p>
   </div>
   <div class='ocr_carea' id='block_1_28' title="bbox 297 3005 1894 3078">
    <p class='ocr_par' dir='ltr' id='par_1_28' title="bbox 297 3005 1894 3078">
     <span class='ocr_line' id='line_1_28' title="bbox 297 3005 1894 3078; baseline -0.003 -16"><span class='ocrx_word' id='word_1_217' title='bbox 297 3007 366 3064; x_wconf 86' lang='lat' dir='ltr'><strong>ad</strong></span> <span class='ocrx_word' id='word_1_218' title='bbox 396 3009 499 3074; x_wconf 76' lang='lat' dir='ltr'><strong>hoc</strong></span> <span class='ocrx_word' id='word_1_219' title='bbox 519 3009 678 3063; x_wconf 90' lang='lat' dir='ltr'><strong>etiam</strong></span> <span class='ocrx_word' id='word_1_220' title='bbox 705 3009 808 3062; x_wconf 84' lang='lat' dir='ltr'><strong>alia</strong></span> <span class='ocrx_word' id='word_1_221' title='bbox 837 3018 1150 3078; x_wconf 88' lang='lat' dir='ltr'><strong>sequantur.</strong></span> <span class='ocrx_word' id='word_1_222' title='bbox 1179 3007 1246 3062; x_wconf 89' lang='lat' dir='ltr'><strong>Et</strong></span> <span class='ocrx_word' id='word_1_223' title='bbox 1266 3023 1363 3062; x_wconf 92' lang='lat' dir='ltr'><strong>cur</strong></span> <span class='ocrx_word' id='word_1_224' title='bbox 1381 3023 1485 3061; x_wconf 92' lang='lat' dir='ltr'><strong>non</strong></span> <span class='ocrx_word' id='word_1_225' title='bbox 1511 3006 1714 3060; x_wconf 84' lang='lat' dir='ltr'><strong>addidit</strong></span> <span class='ocrx_word' id='word_1_226' title='bbox 1743 3005 1894 3060; x_wconf 82' lang='lat' dir='ltr'><strong>testi-</strong></span> 
     </span>
    </p>
   </div>
   <div class='ocr_carea' id='block_1_29' title="bbox 297 3098 1888 3170">
    <p class='ocr_par' dir='ltr' id='par_1_29' title="bbox 297 3098 1888 3170">
     <span class='ocr_line' id='line_1_29' title="bbox 297 3098 1888 3170; baseline -0.003 -16"><span class='ocrx_word' id='word_1_227' title='bbox 297 3101 574 3166; x_wconf 88' lang='lat' dir='ltr'><strong>monium,</strong></span> <span class='ocrx_word' id='word_1_228' title='bbox 601 3115 709 3170; x_wconf 91' lang='lat' dir='ltr'><strong>quo</strong></span> <span class='ocrx_word' id='word_1_229' title='bbox 740 3100 1214 3170; x_wconf 84' lang='lat' dir='ltr'><strong>persaadereutur,</strong></span> <span class='ocrx_word' id='word_1_230' title='bbox 1247 3116 1342 3168; x_wconf 90' lang='lat' dir='ltr'><strong>per</strong></span> <span class='ocrx_word' id='word_1_231' title='bbox 1365 3115 1486 3153; x_wconf 91' lang='lat' dir='ltr'><strong>eum</strong></span> <span class='ocrx_word' id='word_1_232' title='bbox 1516 3098 1888 3153; x_wconf 83' lang='lat' dir='ltr'><strong>remissionem</strong></span> 
     </span>
    </p>
   </div>
   <div class='ocr_carea' id='block_1_30' title="bbox 296 3192 1892 3264">
    <p class='ocr_par' dir='ltr' id='par_1_30' title="bbox 296 3192 1892 3264">
     <span class='ocr_line' id='line_1_30' title="bbox 296 3192 1892 3264; baseline -0.002 -15"><span class='ocrx_word' id='word_1_233' title='bbox 296 3206 642 3264; x_wconf 83' lang='lat' dir='ltr'><strong>peccatorum</strong></span> <span class='ocrx_word' id='word_1_234' title='bbox 669 3193 898 3249; x_wconf 86' lang='lat' dir='ltr'><strong>futuram</strong></span> <span class='ocrx_word' id='word_1_235' title='bbox 930 3195 1086 3249; x_wconf 85' lang='lat' dir='ltr'><strong>esse?</strong></span> <span class='ocrx_word' id='word_1_236' title='bbox 1115 3193 1244 3261; x_wconf 86' lang='lat' dir='ltr'><strong>Quia</strong></span> <span class='ocrx_word' id='word_1_237' title='bbox 1270 3193 1396 3246; x_wconf 90' lang='lat' dir='ltr'><strong>illud</strong></span> <span class='ocrx_word' id='word_1_238' title='bbox 1430 3193 1639 3246; x_wconf 86' lang='lat' dir='ltr'><strong>interim</strong></span> <span class='ocrx_word' id='word_1_239' title='bbox 1671 3192 1892 3246; x_wconf 88' lang='lat' dir='ltr'><strong>curabat</strong></span> 
     </span>
    </p>
   </div>
   <div class='ocr_carea' id='block_1_31' title="bbox 295 3285 1888 3358">
    <p class='ocr_par' dir='ltr' id='par_1_31' title="bbox 295 3285 1888 3358">
     <span class='ocr_line' id='line_1_31' title="bbox 295 3285 1888 3358; baseline -0.003 -16"><span class='ocrx_word' id='word_1_240' title='bbox 295 3288 603 3354; x_wconf 85' lang='lat' dir='ltr'><strong>ostendere,</strong></span> <span class='ocrx_word' id='word_1_241' title='bbox 632 3287 772 3358; x_wconf 92' lang='lat' dir='ltr'><strong>quod</strong></span> <span class='ocrx_word' id='word_1_242' title='bbox 806 3286 1188 3342; x_wconf 79' lang='lat' dir='ltr'><strong>resurrexisset</strong></span> <span class='ocrx_word' id='word_1_243' title='bbox 1215 3303 1228 3339; x_wconf 89' lang='lat'><strong>:</strong></span> <span class='ocrx_word' id='word_1_244' title='bbox 1264 3286 1365 3340; x_wconf 91' lang='lat' dir='ltr'><strong>hoc</strong></span> <span class='ocrx_word' id='word_1_245' title='bbox 1393 3295 1571 3339; x_wconf 89' lang='lat' dir='ltr'><strong>autem</strong></span> <span class='ocrx_word' id='word_1_246' title='bbox 1599 3285 1643 3339; x_wconf 90' lang='lat' dir='ltr'><strong>si</strong></span> <span class='ocrx_word' id='word_1_247' title='bbox 1673 3285 1725 3338; x_wconf 93' lang='lat' dir='ltr'><strong>in</strong></span> <span class='ocrx_word' id='word_1_248' title='bbox 1756 3299 1888 3338; x_wconf 88' lang='lat' dir='ltr'><strong>con-</strong></span> 
     </span>
    </p>
   </div>
   <div class='ocr_carea' id='block_1_32' title="bbox 299 3375 1893 3446">
    <p class='ocr_par' dir='ltr' id='par_1_32' title="bbox 299 3375 1893 3446">
     <span class='ocr_line' id='line_1_32' title="bbox 299 3375 1893 3446; baseline -0.001 -14"><span class='ocrx_word' id='word_1_249' title='bbox 299 3379 446 3435; x_wconf 88' lang='lat' dir='ltr'><strong>fesso</strong></span> <span class='ocrx_word' id='word_1_250' title='bbox 473 3389 652 3441; x_wconf 88' lang='lat' dir='ltr'><strong>esset,</strong></span> <span class='ocrx_word' id='word_1_251' title='bbox 701 3377 830 3432; x_wconf 91' lang='lat' dir='ltr'><strong>illud</strong></span> <span class='ocrx_word' id='word_1_252' title='bbox 858 3377 981 3432; x_wconf 90' lang='lat' dir='ltr'><strong>hinc</strong></span> <span class='ocrx_word' id='word_1_253' title='bbox 1010 3377 1364 3432; x_wconf 86' lang='lat' dir='ltr'><strong>indubitatum</strong></span> <span class='ocrx_word' id='word_1_254' title='bbox 1396 3375 1525 3441; x_wconf 90' lang='lat' dir='ltr'><strong>fuit,</strong></span> <span class='ocrx_word' id='word_1_255' title='bbox 1561 3391 1754 3445; x_wconf 85' lang='lat' dir='ltr'><strong>nempe</strong></span> <span class='ocrx_word' id='word_1_256' title='bbox 1795 3390 1893 3446; x_wconf 88' lang='lat' dir='ltr'><strong>per</strong></span> 
     </span>
    </p>
   </div>
   <div class='ocr_carea' id='block_1_33' title="bbox 295 3467 1892 3540">
    <p class='ocr_par' dir='ltr' id='par_1_33' title="bbox 295 3467 1892 3540">
     <span class='ocr_line' id='line_1_33' title="bbox 295 3467 1892 3540; baseline -0.003 -14"><span class='ocrx_word' id='word_1_257' title='bbox 295 3472 451 3526; x_wconf 87' lang='lat' dir='ltr'><strong>illum</strong></span> <span class='ocrx_word' id='word_1_258' title='bbox 473 3471 842 3526; x_wconf 88' lang='lat' dir='ltr'><strong>remissionem</strong></span> <span class='ocrx_word' id='word_1_259' title='bbox 866 3480 1206 3540; x_wconf 82' lang='lat' dir='ltr'><strong>peccatorum</strong></span> <span class='ocrx_word' id='word_1_260' title='bbox 1238 3469 1372 3524; x_wconf 89' lang='lat' dir='ltr'><strong>ﬁeri.</strong></span> <span class='ocrx_word' id='word_1_261' title='bbox 1400 3467 1649 3538; x_wconf 92' lang='lat' dir='ltr'><strong>Alioquin</strong></span> <span class='ocrx_word' id='word_1_262' title='bbox 1679 3467 1892 3522; x_wconf 85' lang='lat' dir='ltr'><strong>volebat</strong></span> 
     </span>
    </p>
   </div>
   <div class='ocr_carea' id='block_1_34' title="bbox 301 3558 1891 3628">
    <p class='ocr_par' dir='ltr' id='par_1_34' title="bbox 301 3558 1891 3628">
     <span class='ocr_line' id='line_1_34' title="bbox 301 3558 1891 3628; baseline -0.004 -11"><span class='ocrx_word' id='word_1_263' title='bbox 301 3565 423 3618; x_wconf 89' lang='lat' dir='ltr'><strong>illos</strong></span> <span class='ocrx_word' id='word_1_264' title='bbox 455 3564 504 3618; x_wconf 90' lang='lat' dir='ltr'><strong>in</strong></span> <span class='ocrx_word' id='word_1_265' title='bbox 553 3562 677 3618; x_wconf 90' lang='lat' dir='ltr'><strong>boni</strong></span> <span class='ocrx_word' id='word_1_266' title='bbox 729 3562 870 3618; x_wconf 78' lang='lat' dir='ltr'><strong>illius</strong></span> <span class='ocrx_word' id='word_1_267' title='bbox 917 3563 1242 3618; x_wconf 84' lang='lat' dir='ltr'><strong>desiderium</strong></span> <span class='ocrx_word' id='word_1_268' title='bbox 1278 3562 1551 3616; x_wconf 88' lang='lat' dir='ltr'><strong>inducere.</strong></span> <span class='ocrx_word' id='word_1_269' title='bbox 1597 3558 1713 3614; x_wconf 82' lang='lat' dir='ltr'><strong>Non</strong></span> <span class='ocrx_word' id='word_1_270' title='bbox 1762 3575 1891 3628; x_wconf 78' lang='lat' dir='ltr'><strong>ergo</strong></span> 
     </span>
    </p>
   </div>
   <div class='ocr_carea' id='block_1_35' title="bbox 310 3653 1888 3726">
    <p class='ocr_par' dir='ltr' id='par_1_35' title="bbox 310 3653 1888 3726">
     <span class='ocr_line' id='line_1_35' title="bbox 310 3653 1888 3726; baseline -0.003 -16"><span class='ocrx_word' id='word_1_271' title='bbox 310 3656 583 3712; x_wconf 85' lang='lat' dir='ltr'><strong>derelictio</strong></span> <span class='ocrx_word' id='word_1_272' title='bbox 631 3665 746 3711; x_wconf 91' lang='lat' dir='ltr'><strong>erat</strong></span> <span class='ocrx_word' id='word_1_273' title='bbox 767 3671 913 3710; x_wconf 90' lang='lat' dir='ltr'><strong>mors</strong></span> <span class='ocrx_word' id='word_1_274' title='bbox 952 3657 1098 3726; x_wconf 91' lang='lat' dir='ltr'><strong>ejus,</strong></span> <span class='ocrx_word' id='word_1_275' title='bbox 1146 3655 1238 3710; x_wconf 92' lang='lat' dir='ltr'><strong>sed</strong></span> <span class='ocrx_word' id='word_1_276' title='bbox 1283 3653 1577 3726; x_wconf 72' lang='lat' dir='ltr'><strong>prophetia:</strong></span> <span class='ocrx_word' id='word_1_277' title='bbox 1627 3653 1888 3723; x_wconf 89' lang='lat' dir='ltr'><strong>impletio.</strong></span> 
     </span>
    </p>
   </div>
   <div class='ocr_carea' id='block_1_36' title="bbox 303 3747 1886 3819">
    <p class='ocr_par' dir='ltr' id='par_1_36' title="bbox 303 3747 1886 3819">
     <span class='ocr_line' id='line_1_36' title="bbox 303 3747 1886 3819; baseline -0.004 -15"><span class='ocrx_word' id='word_1_278' title='bbox 303 3751 563 3805; x_wconf 80' lang='lat' dir='ltr'><strong>Historias</strong></span> <span class='ocrx_word' id='word_1_279' title='bbox 604 3759 1027 3814; x_wconf 89' lang='lat' dir='ltr'><strong>commemorat,</strong></span> <span class='ocrx_word' id='word_1_280' title='bbox 1077 3764 1208 3819; x_wconf 88' lang='lat' dir='ltr'><strong>quas</strong></span> <span class='ocrx_word' id='word_1_281' title='bbox 1259 3749 1566 3819; x_wconf 78' lang='lat' dir='ltr'><strong>ignorantes</strong></span> <span class='ocrx_word' id='word_1_282' title='bbox 1607 3747 1886 3801; x_wconf 88' lang='lat' dir='ltr'><strong>iumnnera</strong></span> 
     </span>
    </p>
   </div>
   <div class='ocr_carea' id='block_1_37' title="bbox 296 3842 1886 3916">
    <p class='ocr_par' dir='ltr' id='par_1_37' title="bbox 296 3842 1886 3916">
     <span class='ocr_line' id='line_1_37' title="bbox 296 3842 1886 3916; baseline -0.003 -16"><span class='ocrx_word' id='word_1_283' title='bbox 296 3846 442 3916; x_wconf 81' lang='lat' dir='ltr'><strong>passi</strong></span> <span class='ocrx_word' id='word_1_284' title='bbox 467 3855 592 3900; x_wconf 90' lang='lat' dir='ltr'><strong>sunt</strong></span> <span class='ocrx_word' id='word_1_285' title='bbox 618 3846 774 3900; x_wconf 89' lang='lat' dir='ltr'><strong>mala.</strong></span> <span class='ocrx_word' id='word_1_286' title='bbox 809 3846 875 3900; x_wconf 90' lang='lat' dir='ltr'><strong>Et</strong></span> <span class='ocrx_word' id='word_1_287' title='bbox 905 3845 1007 3900; x_wconf 89' lang='lat' dir='ltr'><strong>hoc</strong></span> <span class='ocrx_word' id='word_1_288' title='bbox 1044 3845 1346 3900; x_wconf 90' lang='lat' dir='ltr'><strong>subindicat</strong></span> <span class='ocrx_word' id='word_1_289' title='bbox 1387 3843 1438 3897; x_wconf 92' lang='lat' dir='ltr'><strong>in</strong></span> <span class='ocrx_word' id='word_1_290' title='bbox 1487 3842 1590 3897; x_wconf 87' lang='lat' dir='ltr'><strong>ﬁne</strong></span> <span class='ocrx_word' id='word_1_291' title='bbox 1612 3884 1626 3907; x_wconf 88' lang='lat'><strong>,</strong></span> <span class='ocrx_word' id='word_1_292' title='bbox 1655 3842 1839 3897; x_wconf 91' lang='lat' dir='ltr'><strong>dicens</strong></span> <span class='ocrx_word' id='word_1_293' title='bbox 1874 3860 1886 3895; x_wconf 93' lang='lat'><strong>:</strong></span> 
     </span>
    </p>
   </div>
   <div class='ocr_carea' id='block_1_38' title="bbox 309 3934 1886 4006">
    <p class='ocr_par' dir='ltr' id='par_1_38' title="bbox 309 3934 1886 4006">
     <span class='ocr_line' id='line_1_38' title="bbox 309 3934 1886 4006; baseline -0.003 -18"><span class='ocrx_word' id='word_1_294' title='bbox 309 3937 504 4003; x_wconf 76' lang='lat' dir='ltr'><strong>Videte,</strong></span> <span class='ocrx_word' id='word_1_295' title='bbox 527 3947 909 4006; x_wconf 75' lang='lat' dir='ltr'><strong>contemptores,</strong></span> <span class='ocrx_word' id='word_1_296' title='bbox 942 3948 988 3991; x_wconf 88' lang='lat' dir='ltr'><strong>et</strong></span> <span class='ocrx_word' id='word_1_297' title='bbox 1018 3938 1270 4006; x_wconf 83' lang='lat' dir='ltr'><strong>respicite.</strong></span> <span class='ocrx_word' id='word_1_298' title='bbox 1295 3936 1359 3990; x_wconf 87' lang='lat' dir='ltr'><strong>Et</strong></span> <span class='ocrx_word' id='word_1_299' title='bbox 1384 3935 1503 3990; x_wconf 88' lang='lat' dir='ltr'><strong>vide</strong></span> <span class='ocrx_word' id='word_1_300' title='bbox 1524 3935 1791 4006; x_wconf 82' lang='lat' dir='ltr'><strong>quomodo</strong></span> <span class='ocrx_word' id='word_1_301' title='bbox 1822 3934 1886 3988; x_wconf 90' lang='lat' dir='ltr'><strong>il-</strong></span> 
     </span>
    </p>
   </div>
   <div class='ocr_carea' id='block_1_39' title="bbox 295 4027 1884 4102">
    <p class='ocr_par' dir='ltr' id='par_1_39' title="bbox 295 4027 1884 4102">
     <span class='ocr_line' id='line_1_39' title="bbox 295 4027 1884 4102; baseline -0.003 -18"><span class='ocrx_word' id='word_1_302' title='bbox 295 4029 389 4085; x_wconf 90' lang='lat' dir='ltr'><strong>lud</strong></span> <span class='ocrx_word' id='word_1_303' title='bbox 421 4039 604 4100; x_wconf 88' lang='lat' dir='ltr'><strong>utpote</strong></span> <span class='ocrx_word' id='word_1_304' title='bbox 625 4044 878 4102; x_wconf 89' lang='lat' dir='ltr'><strong>asperum</strong></span> <span class='ocrx_word' id='word_1_305' title='bbox 907 4029 1167 4085; x_wconf 88' lang='lat' dir='ltr'><strong>succidat.</strong></span> <span class='ocrx_word' id='word_1_306' title='bbox 1217 4027 1302 4083; x_wconf 88' lang='lat' dir='ltr'><strong>Ne</strong></span> <span class='ocrx_word' id='word_1_307' title='bbox 1345 4027 1483 4082; x_wconf 82' lang='lat' dir='ltr'><strong>vobis</strong></span> <span class='ocrx_word' id='word_1_308' title='bbox 1525 4029 1884 4099; x_wconf 82' lang='lat' dir='ltr'><strong>superveniat,</strong></span> 
     </span>
    </p>
   </div>
   <div class='ocr_carea' id='block_1_40' title="bbox 299 4121 1885 4194">
    <p class='ocr_par' dir='ltr' id='par_1_40' title="bbox 299 4121 1885 4194">
     <span class='ocr_line' id='line_1_40' title="bbox 299 4121 1885 4194; baseline -0.001 -18"><span class='ocrx_word' id='word_1_309' title='bbox 299 4121 501 4192; x_wconf 84' lang='lat' dir='ltr'><strong>inquit,</strong></span> <span class='ocrx_word' id='word_1_310' title='bbox 526 4121 661 4192; x_wconf 88' lang='lat' dir='ltr'><strong>quod</strong></span> <span class='ocrx_word' id='word_1_311' title='bbox 685 4122 800 4176; x_wconf 88' lang='lat' dir='ltr'><strong>aliis</strong></span> <span class='ocrx_word' id='word_1_312' title='bbox 838 4121 1030 4175; x_wconf 85' lang='lat' dir='ltr'><strong>dictum</strong></span> <span class='ocrx_word' id='word_1_313' title='bbox 1053 4133 1126 4176; x_wconf 85' lang='lat' dir='ltr'><strong>est</strong></span> <span class='ocrx_word' id='word_1_314' title='bbox 1153 4137 1173 4176; x_wconf 92' lang='lat'><strong>:</strong></span> <span class='ocrx_word' id='word_1_315' title='bbox 1203 4121 1338 4189; x_wconf 81' lang='lat' dir='ltr'><strong>Quia</strong></span> <span class='ocrx_word' id='word_1_316' title='bbox 1379 4139 1504 4194; x_wconf 85' lang='lat' dir='ltr'><strong>opus</strong></span> <span class='ocrx_word' id='word_1_317' title='bbox 1545 4138 1634 4192; x_wconf 85' lang='lat' dir='ltr'><strong>ego</strong></span> <span class='ocrx_word' id='word_1_318' title='bbox 1681 4137 1885 4192; x_wconf 86' lang='lat' dir='ltr'><strong>aperor,</strong></span> 
     </span>
    </p>
   </div>
   <div class='ocr_carea' id='block_1_41' title="bbox 297 4213 1879 4284">
    <p class='ocr_par' dir='ltr' id='par_1_41' title="bbox 297 4213 1879 4284">
     <span class='ocr_line' id='line_1_41' title="bbox 297 4213 1879 4284; baseline -0.001 -16"><span class='ocrx_word' id='word_1_319' title='bbox 297 4215 437 4283; x_wconf 84' lang='lat' dir='ltr'><strong>quod</strong></span> <span class='ocrx_word' id='word_1_320' title='bbox 463 4231 564 4268; x_wconf 86' lang='lat' dir='ltr'><strong>non</strong></span> <span class='ocrx_word' id='word_1_321' title='bbox 579 4214 811 4278; x_wconf 79' lang='lat' dir='ltr'><strong>credetis,</strong></span> <span class='ocrx_word' id='word_1_322' title='bbox 829 4213 874 4267; x_wconf 88' lang='lat' dir='ltr'><strong>si</strong></span> <span class='ocrx_word' id='word_1_323' title='bbox 887 4215 996 4284; x_wconf 84' lang='lat' dir='ltr'><strong>quis</strong></span> <span class='ocrx_word' id='word_1_324' title='bbox 1010 4215 1292 4267; x_wconf 85' lang='lat' dir='ltr'><strong>narraverit</strong></span> <span class='ocrx_word' id='word_1_325' title='bbox 1315 4213 1469 4268; x_wconf 83' lang='lat' dir='ltr'><strong>vobis.</strong></span> <span class='ocrx_word' id='word_1_326' title='bbox 1492 4213 1566 4268; x_wconf 88' lang='lat' dir='ltr'><strong>Ne</strong></span> <span class='ocrx_word' id='word_1_327' title='bbox 1588 4213 1879 4282; x_wconf 90' lang='lat' dir='ltr'><strong>miremini,</strong></span> 
     </span>
    </p>
   </div>
   <div class='ocr_carea' id='block_1_42' title="bbox 296 4304 1890 4376">
    <p class='ocr_par' dir='ltr' id='par_1_42' title="bbox 296 4304 1890 4376">
     <span class='ocr_line' id='line_1_42' title="bbox 296 4304 1890 4376; baseline -0.001 -16"><span class='ocrx_word' id='word_1_328' title='bbox 296 4305 442 4376; x_wconf 84' lang='lat' dir='ltr'><strong>quod</strong></span> <span class='ocrx_word' id='word_1_329' title='bbox 466 4305 775 4360; x_wconf 88' lang='lat' dir='ltr'><strong>incredibile</strong></span> <span class='ocrx_word' id='word_1_330' title='bbox 794 4304 1038 4361; x_wconf 88' lang='lat' dir='ltr'><strong>videatur</strong></span> <span class='ocrx_word' id='word_1_331' title='bbox 1054 4319 1176 4360; x_wconf 90' lang='lat' dir='ltr'><strong>esse</strong></span> <span class='ocrx_word' id='word_1_332' title='bbox 1201 4323 1213 4358; x_wconf 90' lang='lat'><strong>:</strong></span> <span class='ocrx_word' id='word_1_333' title='bbox 1233 4314 1286 4359; x_wconf 92' lang='lat' dir='ltr'><strong>et</strong></span> <span class='ocrx_word' id='word_1_334' title='bbox 1303 4304 1404 4360; x_wconf 89' lang='lat' dir='ltr'><strong>hoc</strong></span> <span class='ocrx_word' id='word_1_335' title='bbox 1423 4306 1670 4374; x_wconf 89' lang='lat' dir='ltr'><strong>superius</strong></span> <span class='ocrx_word' id='word_1_336' title='bbox 1690 4305 1890 4360; x_wconf 90' lang='lat' dir='ltr'><strong>dictum</strong></span> 
     </span>
    </p>
   </div>
   <div class='ocr_carea' id='block_1_43' title="bbox 297 4395 1889 4468">
    <p class='ocr_par' dir='ltr' id='par_1_43' title="bbox 297 4395 1889 4468">
     <span class='ocr_line' id='line_1_43' title="bbox 297 4395 1889 4468; baseline 0.001 -18"><span class='ocrx_word' id='word_1_337' title='bbox 297 4406 399 4451; x_wconf 86' lang='lat' dir='ltr'><strong>est.</strong></span> <span class='ocrx_word' id='word_1_338' title='bbox 421 4395 536 4451; x_wconf 79' lang='lat' dir='ltr'><strong>Hoc</strong></span> <span class='ocrx_word' id='word_1_339' title='bbox 554 4397 714 4451; x_wconf 89' lang='lat' dir='ltr'><strong>etiam</strong></span> <span class='ocrx_word' id='word_1_340' title='bbox 721 4395 842 4466; x_wconf 86' lang='lat' dir='ltr'><strong>jure</strong></span> <span class='ocrx_word' id='word_1_341' title='bbox 863 4396 1014 4451; x_wconf 92' lang='lat' dir='ltr'><strong>nobis</strong></span> <span class='ocrx_word' id='word_1_342' title='bbox 1037 4396 1274 4451; x_wconf 87' lang='lat' dir='ltr'><strong>dicatur:</strong></span> <span class='ocrx_word' id='word_1_343' title='bbox 1305 4395 1889 4468; x_wconf 84' lang='lat' dir='ltr'><strong>Videte,contemptores,</strong></span> 
     </span>
    </p>
   </div>
   <div class='ocr_carea' id='block_1_44' title="bbox 299 4487 1896 4559">
    <p class='ocr_par' dir='ltr' id='par_1_44' title="bbox 299 4487 1896 4559">
     <span class='ocr_line' id='line_1_44' title="bbox 299 4487 1896 4559; baseline 0.003 -18"><span class='ocrx_word' id='word_1_344' title='bbox 299 4488 364 4542; x_wconf 92' lang='lat' dir='ltr'><strong>iis</strong></span> <span class='ocrx_word' id='word_1_345' title='bbox 384 4488 479 4559; x_wconf 88' lang='lat' dir='ltr'><strong>qui</strong></span> <span class='ocrx_word' id='word_1_346' title='bbox 496 4487 939 4542; x_wconf 90' lang='lat' dir='ltr'><strong>resurrectionem</strong></span> <span class='ocrx_word' id='word_1_347' title='bbox 968 4503 1073 4543; x_wconf 93' lang='lat' dir='ltr'><strong>non</strong></span> <span class='ocrx_word' id='word_1_348' title='bbox 1089 4487 1334 4543; x_wconf 90' lang='lat' dir='ltr'><strong>credunt.</strong></span> <span class='ocrx_word' id='word_1_349' title='bbox 1356 4489 1568 4544; x_wconf 87' lang='lat' dir='ltr'><strong>Etenim</strong></span> <span class='ocrx_word' id='word_1_350' title='bbox 1592 4505 1682 4544; x_wconf 91' lang='lat' dir='ltr'><strong>res</strong></span> <span class='ocrx_word' id='word_1_351' title='bbox 1707 4490 1896 4545; x_wconf 85' lang='lat' dir='ltr'><strong>Eccle-</strong></span> 
     </span>
    </p>
   </div>
   <div class='ocr_carea' id='block_1_45' title="bbox 296 4579 1896 4652">
    <p class='ocr_par' dir='ltr' id='par_1_45' title="bbox 296 4579 1896 4652">
     <span class='ocr_line' id='line_1_45' title="bbox 296 4579 1896 4652; baseline -0.001 -15"><span class='ocrx_word' id='word_1_352' title='bbox 296 4582 394 4638; x_wconf 65' lang='lat' dir='ltr'><strong>siae</strong></span> <span class='ocrx_word' id='word_1_353' title='bbox 408 4581 637 4651; x_wconf 87' lang='lat' dir='ltr'><strong>pessime</strong></span> <span class='ocrx_word' id='word_1_354' title='bbox 655 4579 872 4644; x_wconf 89' lang='lat' dir='ltr'><strong>habent,</strong></span> <span class='ocrx_word' id='word_1_355' title='bbox 883 4579 1005 4635; x_wconf 90' lang='lat' dir='ltr'><strong>licet</strong></span> <span class='ocrx_word' id='word_1_356' title='bbox 1019 4582 1216 4650; x_wconf 88' lang='lat' dir='ltr'><strong>putetis</strong></span> <span class='ocrx_word' id='word_1_357' title='bbox 1234 4581 1284 4634; x_wconf 92' lang='lat' dir='ltr'><strong>in</strong></span> <span class='ocrx_word' id='word_1_358' title='bbox 1307 4596 1437 4650; x_wconf 88' lang='lat' dir='ltr'><strong>pace</strong></span> <span class='ocrx_word' id='word_1_359' title='bbox 1452 4597 1590 4636; x_wconf 90' lang='lat' dir='ltr'><strong>esse.</strong></span> <span class='ocrx_word' id='word_1_360' title='bbox 1613 4581 1724 4636; x_wconf 83' lang='lat' dir='ltr'><strong>Hoc</strong></span> <span class='ocrx_word' id='word_1_361' title='bbox 1739 4582 1896 4652; x_wconf 91' lang='lat' dir='ltr'><strong>quip-</strong></span> 
     </span>
    </p>
   </div>
   <div class='ocr_carea' id='block_1_46' title="bbox 302 4673 1889 4745">
    <p class='ocr_par' dir='ltr' id='par_1_46' title="bbox 302 4673 1889 4745">
     <span class='ocr_line' id='line_1_46' title="bbox 302 4673 1889 4745; baseline 0.001 -17"><span class='ocrx_word' id='word_1_362' title='bbox 302 4690 366 4744; x_wconf 88' lang='lat' dir='ltr'><strong>pe</strong></span> <span class='ocrx_word' id='word_1_363' title='bbox 395 4690 560 4744; x_wconf 84' lang='lat' dir='ltr'><strong>grave</strong></span> <span class='ocrx_word' id='word_1_364' title='bbox 582 4683 684 4738; x_wconf 90' lang='lat' dir='ltr'><strong>est,</strong></span> <span class='ocrx_word' id='word_1_365' title='bbox 707 4673 846 4743; x_wconf 89' lang='lat' dir='ltr'><strong>quod</strong></span> <span class='ocrx_word' id='word_1_366' title='bbox 878 4675 929 4728; x_wconf 92' lang='lat' dir='ltr'><strong>in</strong></span> <span class='ocrx_word' id='word_1_367' title='bbox 961 4675 1114 4729; x_wconf 90' lang='lat' dir='ltr'><strong>malis</strong></span> <span class='ocrx_word' id='word_1_368' title='bbox 1134 4690 1254 4729; x_wconf 91' lang='lat' dir='ltr'><strong>cum</strong></span> <span class='ocrx_word' id='word_1_369' title='bbox 1278 4675 1464 4738; x_wconf 84' lang='lat' dir='ltr'><strong>simus,</strong></span> <span class='ocrx_word' id='word_1_370' title='bbox 1493 4674 1543 4729; x_wconf 93' lang='lat' dir='ltr'><strong>id</strong></span> <span class='ocrx_word' id='word_1_371' title='bbox 1563 4675 1889 4745; x_wconf 81' lang='lat' dir='ltr'><strong>ignoremus.</strong></span> 
     </span>
    </p>
   </div>
   <div class='ocr_carea' id='block_1_47' title="bbox 376 4765 1893 4834">
    <p class='ocr_par' dir='ltr' id='par_1_47' title="bbox 376 4765 1893 4834">
     <span class='ocr_line' id='line_1_47' title="bbox 376 4765 1893 4834; baseline 0.001 -14"><span class='ocrx_word' id='word_1_372' title='bbox 376 4765 550 4821; x_wconf 82' lang='lat' dir='ltr'><strong>Pietas</strong></span> <span class='ocrx_word' id='word_1_373' title='bbox 571 4767 680 4821; x_wconf 80' lang='lat' dir='ltr'><strong>sola</strong></span> <span class='ocrx_word' id='word_1_374' title='bbox 710 4765 990 4820; x_wconf 79' lang='lat' dir='ltr'><strong>Ecclesium</strong></span> <span class='ocrx_word' id='word_1_375' title='bbox 1009 4767 1572 4834; x_wconf 85' lang='lat' dir='ltr'><strong>commendat.—Qnid</strong></span> <span class='ocrx_word' id='word_1_376' title='bbox 1595 4767 1764 4821; x_wconf 85' lang='lat' dir='ltr'><strong>dicis?</strong></span> <span class='ocrx_word' id='word_1_377' title='bbox 1793 4769 1893 4822; x_wconf 87' lang='lat' dir='ltr'><strong>Ec-</strong></span> 
     </span>
    </p>
   </div>
   <div class='ocr_carea' id='block_1_48' title="bbox 307 4859 1892 4928">
    <p class='ocr_par' dir='ltr' id='par_1_48' title="bbox 307 4859 1892 4928">
     <span class='ocr_line' id='line_1_48' title="bbox 307 4859 1892 4928; baseline 0.003 -16"><span class='ocrx_word' id='word_1_378' title='bbox 307 4859 492 4913; x_wconf 84' lang='lat' dir='ltr'><strong>clesias</strong></span> <span class='ocrx_word' id='word_1_379' title='bbox 521 4870 783 4924; x_wconf 89' lang='lat' dir='ltr'><strong>tenemus,</strong></span> <span class='ocrx_word' id='word_1_380' title='bbox 817 4860 1204 4928; x_wconf 87' lang='lat' dir='ltr'><strong>possessiones,</strong></span> <span class='ocrx_word' id='word_1_381' title='bbox 1250 4859 1350 4914; x_wconf 90' lang='lat' dir='ltr'><strong>alia</strong></span> <span class='ocrx_word' id='word_1_382' title='bbox 1395 4861 1609 4925; x_wconf 88' lang='lat' dir='ltr'><strong>omnia,</strong></span> <span class='ocrx_word' id='word_1_383' title='bbox 1653 4862 1892 4916; x_wconf 74' lang='lat' dir='ltr'><strong>collecta:</strong></span> 
     </span>
    </p>
   </div>
   <div class='ocr_carea' id='block_1_49' title="bbox 309 4953 1892 5024">
    <p class='ocr_par' dir='ltr' id='par_1_49' title="bbox 309 4953 1892 5024">
     <span class='ocr_line' id='line_1_49' title="bbox 309 4953 1892 5024; baseline 0.001 -18"><span class='ocrx_word' id='word_1_384' title='bbox 309 4953 473 5020; x_wconf 88' lang='lat' dir='ltr'><strong>ﬁunt,</strong></span> <span class='ocrx_word' id='word_1_385' title='bbox 500 4954 737 5024; x_wconf 89' lang='lat' dir='ltr'><strong>quotidie</strong></span> <span class='ocrx_word' id='word_1_386' title='bbox 776 4953 926 5008; x_wconf 84' lang='lat' dir='ltr'><strong>adest</strong></span> <span class='ocrx_word' id='word_1_387' title='bbox 974 4954 1223 5023; x_wconf 88' lang='lat' dir='ltr'><strong>populus,</strong></span> <span class='ocrx_word' id='word_1_388' title='bbox 1261 4963 1315 5008; x_wconf 92' lang='lat' dir='ltr'><strong>et</strong></span> <span class='ocrx_word' id='word_1_389' title='bbox 1353 4955 1788 5010; x_wconf 83' lang='lat' dir='ltr'><strong>contemnimus?</strong></span> <span class='ocrx_word' id='word_1_390' title='bbox 1823 4958 1892 5008; x_wconf 82' lang='lat' dir='ltr'><strong>At</strong></span> 
     </span>
    </p>
   </div>
   <div class='ocr_carea' id='block_1_50' title="bbox 301 5043 1892 5115">
    <p class='ocr_par' dir='ltr' id='par_1_50' title="bbox 301 5043 1892 5115">
     <span class='ocr_line' id='line_1_50' title="bbox 301 5043 1892 5115; baseline -0.001 -15"><span class='ocrx_word' id='word_1_391' title='bbox 301 5059 411 5100; x_wconf 88' lang='lat' dir='ltr'><strong>non</strong></span> <span class='ocrx_word' id='word_1_392' title='bbox 443 5046 565 5098; x_wconf 90' lang='lat' dir='ltr'><strong>inde</strong></span> <span class='ocrx_word' id='word_1_393' title='bbox 591 5045 883 5100; x_wconf 87' lang='lat' dir='ltr'><strong>Ecclesiam</strong></span> <span class='ocrx_word' id='word_1_394' title='bbox 912 5044 1244 5114; x_wconf 80' lang='lat' dir='ltr'><strong>probaveris.</strong></span> <span class='ocrx_word' id='word_1_395' title='bbox 1275 5043 1380 5099; x_wconf 90' lang='lat' dir='ltr'><strong>Sed</strong></span> <span class='ocrx_word' id='word_1_396' title='bbox 1415 5044 1555 5098; x_wconf 91' lang='lat' dir='ltr'><strong>unde</strong></span> <span class='ocrx_word' id='word_1_397' title='bbox 1581 5086 1594 5109; x_wconf 93' lang='lat'><strong>,</strong></span> <span class='ocrx_word' id='word_1_398' title='bbox 1641 5045 1892 5115; x_wconf 88' lang='lat' dir='ltr'><strong>inquies?</strong></span> 
     </span>
    </p>
   </div>
   <div class='ocr_carea' id='block_1_51' title="bbox 299 5136 1894 5206">
    <p class='ocr_par' dir='ltr' id='par_1_51' title="bbox 299 5136 1894 5206">
     <span class='ocr_line' id='line_1_51' title="bbox 299 5136 1894 5206; baseline -0.001 -14"><span class='ocrx_word' id='word_1_399' title='bbox 299 5138 355 5192; x_wconf 83' lang='lat' dir='ltr'><strong>Si</strong></span> <span class='ocrx_word' id='word_1_400' title='bbox 383 5137 557 5206; x_wconf 80' lang='lat' dir='ltr'><strong>pietas</strong></span> <span class='ocrx_word' id='word_1_401' title='bbox 585 5145 688 5203; x_wconf 88' lang='lat' dir='ltr'><strong>est,</strong></span> <span class='ocrx_word' id='word_1_402' title='bbox 721 5136 765 5191; x_wconf 89' lang='lat' dir='ltr'><strong>si</strong></span> <span class='ocrx_word' id='word_1_403' title='bbox 805 5152 924 5191; x_wconf 90' lang='lat' dir='ltr'><strong>cum</strong></span> <span class='ocrx_word' id='word_1_404' title='bbox 970 5137 1117 5190; x_wconf 91' lang='lat' dir='ltr'><strong>luero</strong></span> <span class='ocrx_word' id='word_1_405' title='bbox 1142 5137 1359 5190; x_wconf 91' lang='lat' dir='ltr'><strong>domum</strong></span> <span class='ocrx_word' id='word_1_406' title='bbox 1406 5137 1644 5206; x_wconf 90' lang='lat' dir='ltr'><strong>quotidie</strong></span> <span class='ocrx_word' id='word_1_407' title='bbox 1683 5137 1894 5192; x_wconf 86' lang='lat' dir='ltr'><strong>recedi-</strong></span> 
     </span>
    </p>
   </div>
   <div class='ocr_carea' id='block_1_52' title="bbox 300 5227 1890 5300">
    <p class='ocr_par' dir='ltr' id='par_1_52' title="bbox 300 5227 1890 5300">
     <span class='ocr_line' id='line_1_52' title="bbox 300 5227 1890 5300; baseline -0.001 -18"><span class='ocrx_word' id='word_1_408' title='bbox 300 5243 446 5291; x_wconf 85' lang='lat' dir='ltr'><strong>mus,</strong></span> <span class='ocrx_word' id='word_1_409' title='bbox 476 5229 518 5282; x_wconf 88' lang='lat' dir='ltr'><strong>si</strong></span> <span class='ocrx_word' id='word_1_410' title='bbox 545 5243 665 5282; x_wconf 91' lang='lat' dir='ltr'><strong>cum</strong></span> <span class='ocrx_word' id='word_1_411' title='bbox 693 5227 866 5282; x_wconf 88' lang='lat' dir='ltr'><strong>fructu</strong></span> <span class='ocrx_word' id='word_1_412' title='bbox 900 5227 982 5280; x_wconf 86' lang='lat' dir='ltr'><strong>vel</strong></span> <span class='ocrx_word' id='word_1_413' title='bbox 1005 5227 1216 5282; x_wconf 92' lang='lat' dir='ltr'><strong>modico</strong></span> <span class='ocrx_word' id='word_1_414' title='bbox 1243 5227 1327 5280; x_wconf 85' lang='lat' dir='ltr'><strong>vel</strong></span> <span class='ocrx_word' id='word_1_415' title='bbox 1363 5243 1557 5298; x_wconf 86' lang='lat' dir='ltr'><strong>magno</strong></span> <span class='ocrx_word' id='word_1_416' title='bbox 1577 5270 1593 5295; x_wconf 90' lang='lat'><strong>,</strong></span> <span class='ocrx_word' id='word_1_417' title='bbox 1625 5228 1668 5283; x_wconf 92' lang='lat' dir='ltr'><strong>si</strong></span> <span class='ocrx_word' id='word_1_418' title='bbox 1719 5229 1890 5300; x_wconf 80' lang='lat' dir='ltr'><strong>legem</strong></span> 
     </span>
    </p>
   </div>
   <div class='ocr_carea' id='block_1_53' title="bbox 303 5317 1893 5389">
    <p class='ocr_par' dir='ltr' id='par_1_53' title="bbox 303 5317 1893 5389">
     <span class='ocr_line' id='line_1_53' title="bbox 303 5317 1893 5389; baseline 0.002 -18"><span class='ocrx_word' id='word_1_419' title='bbox 303 5335 409 5374; x_wconf 84' lang='lat' dir='ltr'><strong>non</strong></span> <span class='ocrx_word' id='word_1_420' title='bbox 439 5330 725 5389; x_wconf 86' lang='lat' dir='ltr'><strong>utcumque</strong></span> <span class='ocrx_word' id='word_1_421' title='bbox 753 5330 806 5374; x_wconf 91' lang='lat' dir='ltr'><strong>et</strong></span> <span class='ocrx_word' id='word_1_422' title='bbox 830 5317 1196 5388; x_wconf 82' lang='lat' dir='ltr'><strong>perfunctorie</strong></span> <span class='ocrx_word' id='word_1_423' title='bbox 1225 5318 1578 5388; x_wconf 88' lang='lat' dir='ltr'><strong>implevimus.</strong></span> <span class='ocrx_word' id='word_1_424' title='bbox 1622 5319 1752 5386; x_wconf 84' lang='lat' dir='ltr'><strong>Quis</strong></span> <span class='ocrx_word' id='word_1_425' title='bbox 1779 5336 1893 5374; x_wconf 84' lang='lat' dir='ltr'><strong>me-</strong></span> 
     </span>
    </p>
   </div>
   <div class='ocr_carea' id='block_1_54' title="bbox 305 5411 1892 5469">
    <p class='ocr_par' dir='ltr' id='par_1_54' title="bbox 305 5411 1892 5469">
     <span class='ocr_line' id='line_1_54' title="bbox 305 5411 1892 5469; baseline -0.001 -2"><span class='ocrx_word' id='word_1_426' title='bbox 305 5413 404 5467; x_wconf 87' lang='lat' dir='ltr'><strong>lior</strong></span> <span class='ocrx_word' id='word_1_427' title='bbox 423 5413 641 5467; x_wconf 67' lang='lat' dir='ltr'><strong>effectus</strong></span> <span class='ocrx_word' id='word_1_428' title='bbox 667 5423 748 5467; x_wconf 81' lang='lat' dir='ltr'><strong>est</strong></span> <span class='ocrx_word' id='word_1_429' title='bbox 769 5427 832 5467; x_wconf 78' lang='lat' dir='ltr'><strong>ex</strong></span> <span class='ocrx_word' id='word_1_430' title='bbox 860 5413 1212 5466; x_wconf 89' lang='lat' dir='ltr'><strong>conventibus</strong></span> <span class='ocrx_word' id='word_1_431' title='bbox 1231 5412 1431 5466; x_wconf 88' lang='lat' dir='ltr'><strong>mensis</strong></span> <span class='ocrx_word' id='word_1_432' title='bbox 1451 5411 1648 5466; x_wconf 86' lang='lat' dir='ltr'><strong>unius?</strong></span> <span class='ocrx_word' id='word_1_433' title='bbox 1677 5411 1789 5469; x_wconf 83' lang='lat' dir='ltr'><strong>Hoc</strong></span> <span class='ocrx_word' id='word_1_434' title='bbox 1809 5421 1892 5466; x_wconf 82' lang='lat' dir='ltr'><strong>est</strong></span> 
     </span>
    </p>
   </div>
   <div class='ocr_carea' id='block_1_55' title="bbox 305 5503 1889 5575">
    <p class='ocr_par' dir='ltr' id='par_1_55' title="bbox 305 5503 1889 5575">
     <span class='ocr_line' id='line_1_55' title="bbox 305 5503 1889 5575; baseline 0.003 -20"><span class='ocrx_word' id='word_1_435' title='bbox 305 5506 443 5575; x_wconf 88' lang='lat' dir='ltr'><strong>quod</strong></span> <span class='ocrx_word' id='word_1_436' title='bbox 474 5505 731 5575; x_wconf 73' lang='lat' dir='ltr'><strong>quaritnr</strong></span> <span class='ocrx_word' id='word_1_437' title='bbox 760 5523 774 5559; x_wconf 92' lang='lat'><strong>:</strong></span> <span class='ocrx_word' id='word_1_438' title='bbox 810 5520 934 5560; x_wconf 89' lang='lat' dir='ltr'><strong>nam</strong></span> <span class='ocrx_word' id='word_1_439' title='bbox 989 5505 1090 5559; x_wconf 91' lang='lat' dir='ltr'><strong>hoc</strong></span> <span class='ocrx_word' id='word_1_440' title='bbox 1119 5505 1291 5574; x_wconf 91' lang='lat' dir='ltr'><strong>ipsum</strong></span> <span class='ocrx_word' id='word_1_441' title='bbox 1315 5543 1332 5568; x_wconf 93' lang='lat'><strong>,</strong></span> <span class='ocrx_word' id='word_1_442' title='bbox 1383 5504 1524 5574; x_wconf 89' lang='lat' dir='ltr'><strong>quod</strong></span> <span class='ocrx_word' id='word_1_443' title='bbox 1557 5503 1889 5559; x_wconf 87' lang='lat' dir='ltr'><strong>benefactum</strong></span> 
     </span>
    </p>
   </div>
   <div class='ocr_carea' id='block_1_56' title="bbox 306 5596 1890 5666">
    <p class='ocr_par' dir='ltr' id='par_1_56' title="bbox 306 5596 1890 5666">
     <span class='ocr_line' id='line_1_56' title="bbox 306 5596 1890 5666; baseline -0.002 -14"><span class='ocrx_word' id='word_1_444' title='bbox 306 5609 540 5665; x_wconf 75' lang='lat' dir='ltr'><strong>putatur,</strong></span> <span class='ocrx_word' id='word_1_445' title='bbox 573 5597 857 5652; x_wconf 80' lang='lat' dir='ltr'><strong>infeliciter</strong></span> <span class='ocrx_word' id='word_1_446' title='bbox 885 5596 1080 5650; x_wconf 85' lang='lat' dir='ltr'><strong>factum</strong></span> <span class='ocrx_word' id='word_1_447' title='bbox 1133 5603 1248 5662; x_wconf 89' lang='lat' dir='ltr'><strong>est,</strong></span> <span class='ocrx_word' id='word_1_448' title='bbox 1294 5611 1415 5650; x_wconf 91' lang='lat' dir='ltr'><strong>cum</strong></span> <span class='ocrx_word' id='word_1_449' title='bbox 1467 5596 1549 5650; x_wconf 92' lang='lat' dir='ltr'><strong>bis</strong></span> <span class='ocrx_word' id='word_1_450' title='bbox 1591 5597 1661 5650; x_wconf 88' lang='lat' dir='ltr'><strong>ita</strong></span> <span class='ocrx_word' id='word_1_451' title='bbox 1692 5599 1890 5666; x_wconf 80' lang='lat' dir='ltr'><strong>gestis,</strong></span> 
     </span>
    </p>
   </div>
   <div class='ocr_carea' id='block_1_57' title="bbox 303 5691 1894 5762">
    <p class='ocr_par' dir='ltr' id='par_1_57' title="bbox 303 5691 1894 5762">
     <span class='ocr_line' id='line_1_57' title="bbox 303 5691 1894 5762; baseline -0.001 -17"><span class='ocrx_word' id='word_1_452' title='bbox 303 5694 431 5746; x_wconf 80' lang='lat' dir='ltr'><strong>nihil</strong></span> <span class='ocrx_word' id='word_1_453' title='bbox 476 5692 708 5762; x_wconf 83' lang='lat' dir='ltr'><strong>amplius</strong></span> <span class='ocrx_word' id='word_1_454' title='bbox 755 5691 1042 5745; x_wconf 90' lang='lat' dir='ltr'><strong>lucramur.</strong></span> <span class='ocrx_word' id='word_1_455' title='bbox 1096 5694 1268 5761; x_wconf 83' lang='lat' dir='ltr'><strong>Atque</strong></span> <span class='ocrx_word' id='word_1_456' title='bbox 1323 5691 1524 5745; x_wconf 88' lang='lat' dir='ltr'><strong>utinam</strong></span> <span class='ocrx_word' id='word_1_457' title='bbox 1581 5691 1714 5744; x_wconf 88' lang='lat' dir='ltr'><strong>nihil</strong></span> <span class='ocrx_word' id='word_1_458' title='bbox 1776 5707 1894 5744; x_wconf 87' lang='lat' dir='ltr'><strong>am-</strong></span> 
     </span>
    </p>
   </div>
   <div class='ocr_carea' id='block_1_58' title="bbox 305 5781 1890 5854">
    <p class='ocr_par' dir='ltr' id='par_1_58' title="bbox 305 5781 1890 5854">
     <span class='ocr_line' id='line_1_58' title="bbox 305 5781 1890 5854; baseline -0.001 -17"><span class='ocrx_word' id='word_1_459' title='bbox 305 5787 472 5854; x_wconf 82' lang='lat' dir='ltr'><strong>plius,</strong></span> <span class='ocrx_word' id='word_1_460' title='bbox 506 5800 651 5843; x_wconf 90' lang='lat' dir='ltr'><strong>nunc</strong></span> <span class='ocrx_word' id='word_1_461' title='bbox 696 5788 838 5840; x_wconf 90' lang='lat' dir='ltr'><strong>enim</strong></span> <span class='ocrx_word' id='word_1_462' title='bbox 879 5787 1038 5840; x_wconf 90' lang='lat' dir='ltr'><strong>etiam</strong></span> <span class='ocrx_word' id='word_1_463' title='bbox 1073 5786 1123 5838; x_wconf 91' lang='lat' dir='ltr'><strong>in</strong></span> <span class='ocrx_word' id='word_1_464' title='bbox 1162 5785 1399 5840; x_wconf 90' lang='lat' dir='ltr'><strong>deterius</strong></span> <span class='ocrx_word' id='word_1_465' title='bbox 1434 5784 1720 5854; x_wconf 79' lang='lat' dir='ltr'><strong>vergimus.</strong></span> <span class='ocrx_word' id='word_1_466' title='bbox 1753 5781 1890 5851; x_wconf 90' lang='lat' dir='ltr'><strong>Quid</strong></span> 
     </span>
    </p>
   </div>
   <div class='ocr_carea' id='block_1_59' title="bbox 303 5873 1889 5946">
    <p class='ocr_par' dir='ltr' id='par_1_59' title="bbox 303 5873 1889 5946">
     <span class='ocr_line' id='line_1_59' title="bbox 303 5873 1889 5946; baseline -0.001 -16"><span class='ocrx_word' id='word_1_467' title='bbox 303 5881 501 5935; x_wconf 85' lang='lat' dir='ltr'><strong>fructus</strong></span> <span class='ocrx_word' id='word_1_468' title='bbox 552 5894 620 5934; x_wconf 79' lang='lat' dir='ltr'><strong>ex</strong></span> <span class='ocrx_word' id='word_1_469' title='bbox 669 5877 913 5933; x_wconf 87' lang='lat' dir='ltr'><strong>collectis</strong></span> <span class='ocrx_word' id='word_1_470' title='bbox 939 5876 1194 5946; x_wconf 81' lang='lat' dir='ltr'><strong>earpitis?</strong></span> <span class='ocrx_word' id='word_1_471' title='bbox 1237 5875 1294 5931; x_wconf 89' lang='lat' dir='ltr'><strong>Si</strong></span> <span class='ocrx_word' id='word_1_472' title='bbox 1338 5875 1464 5946; x_wconf 91' lang='lat' dir='ltr'><strong>quid</strong></span> <span class='ocrx_word' id='word_1_473' title='bbox 1505 5884 1654 5930; x_wconf 87' lang='lat' dir='ltr'><strong>certe</strong></span> <span class='ocrx_word' id='word_1_474' title='bbox 1685 5873 1889 5929; x_wconf 87' lang='lat' dir='ltr'><strong>fructus</strong></span> 
     </span>
    </p>
   </div>
   <div class='ocr_carea' id='block_1_60' title="bbox 300 5963 1882 6042">
    <p class='ocr_par' dir='ltr' id='par_1_60' title="bbox 300 5963 1882 6042">
     <span class='ocr_line' id='line_1_60' title="bbox 300 5963 1882 6042; baseline -0.003 -18"><span class='ocrx_word' id='word_1_475' title='bbox 300 5970 594 6042; x_wconf 78' lang='lat' dir='ltr'><strong>carperetis</strong></span> <span class='ocrx_word' id='word_1_476' title='bbox 617 6012 635 6032; x_wconf 87' lang='lat'><strong>.</strong></span> <span class='ocrx_word' id='word_1_477' title='bbox 673 5968 787 6035; x_wconf 49' lang='lat' dir='ltr'><strong>jam</strong></span> <span class='ocrx_word' id='word_1_478' title='bbox 829 5968 953 6022; x_wconf 88' lang='lat' dir='ltr'><strong>olim</strong></span> <span class='ocrx_word' id='word_1_479' title='bbox 1003 5982 1192 6025; x_wconf 85' lang='lat' dir='ltr'><strong>omnes</strong></span> <span class='ocrx_word' id='word_1_480' title='bbox 1230 5974 1502 6038; x_wconf 81' lang='lat' dir='ltr'><strong>Oporteret</strong></span> <span class='ocrx_word' id='word_1_481' title='bbox 1551 5963 1882 6034; x_wconf 85' lang='lat' dir='ltr'><strong>philosophi-</strong></span> 
     </span>
    </p>
   </div>
   <div class='ocr_carea' id='block_1_61' title="bbox 1263 485 2624 544">
    <p class='ocr_par' dir='ltr' id='par_1_61' title="bbox 1263 485 2624 544">
     <span class='ocr_line' id='line_1_61' title="bbox 1263 485 2624 544; baseline -0.001 -1"><span class='ocrx_word' id='word_1_482' title='bbox 1263 487 1328 543; x_wconf 73' lang='lat' dir='ltr'><strong>IN</strong></span> <span class='ocrx_word' id='word_1_483' title='bbox 1367 487 1548 544; x_wconf 80' lang='lat' dir='ltr'><strong>ACTA</strong></span> <span class='ocrx_word' id='word_1_484' title='bbox 1588 486 2111 544; x_wconf 81' lang='lat' dir='ltr'><strong>APOSTOLORUM.</strong></span> <span class='ocrx_word' id='word_1_485' title='bbox 2156 487 2389 544; x_wconf 80' lang='lat' dir='ltr'><strong>HOMIL.</strong></span> <span class='ocrx_word' id='word_1_486' title='bbox 2432 485 2624 543; x_wconf 79' lang='lat' dir='ltr'><strong>XXIX.</strong></span> 
     </span>
    </p>
   </div>
   <div class='ocr_carea' id='block_1_62' title="bbox 3485 492 3588 546">
    <p class='ocr_par' dir='ltr' id='par_1_62' title="bbox 3485 492 3588 546">
     <span class='ocr_line' id='line_1_62' title="bbox 3485 492 3588 546; baseline -0.019 -1"><span class='ocrx_word' id='word_1_487' title='bbox 3485 492 3588 546; x_wconf 69' lang='lat' dir='ltr'><strong>2H</strong></span> 
     </span>
    </p>
   </div>
   <div class='ocr_carea' id='block_1_63' title="bbox 2003 602 3592 679">
    <p class='ocr_par' dir='ltr' id='par_1_63' title="bbox 2003 602 3592 679">
     <span class='ocr_line' id='line_1_63' title="bbox 2003 602 3592 679; baseline 0.004 -23"><span class='ocrx_word' id='word_1_488' title='bbox 2003 617 2066 656; x_wconf 92' lang='lat' dir='ltr'><strong>ce</strong></span> <span class='ocrx_word' id='word_1_489' title='bbox 2118 602 2319 670; x_wconf 84' lang='lat' dir='ltr'><strong>vivere,</strong></span> <span class='ocrx_word' id='word_1_490' title='bbox 2348 619 2466 658; x_wconf 84' lang='lat' dir='ltr'><strong>cmn</strong></span> <span class='ocrx_word' id='word_1_491' title='bbox 2507 605 2586 658; x_wconf 87' lang='lat' dir='ltr'><strong>bis</strong></span> <span class='ocrx_word' id='word_1_492' title='bbox 2633 619 2730 674; x_wconf 89' lang='lat' dir='ltr'><strong>per</strong></span> <span class='ocrx_word' id='word_1_493' title='bbox 2757 604 3147 662; x_wconf 85' lang='lat' dir='ltr'><strong>hebdomadam</strong></span> <span class='ocrx_word' id='word_1_494' title='bbox 3191 617 3271 662; x_wconf 91' lang='lat' dir='ltr'><strong>tot</strong></span> <span class='ocrx_word' id='word_1_495' title='bbox 3318 607 3592 679; x_wconf 70' lang='lat' dir='ltr'><strong>prophetae</strong></span> 
     </span>
    </p>
   </div>
   <div class='ocr_carea' id='block_1_64' title="bbox 2001 695 3594 770">
    <p class='ocr_par' dir='ltr' id='par_1_64' title="bbox 2001 695 3594 770">
     <span class='ocr_line' id='line_1_64' title="bbox 2001 695 3594 770; baseline 0.004 -22"><span class='ocrx_word' id='word_1_496' title='bbox 2001 710 2098 749; x_wconf 85' lang='lat' dir='ltr'><strong>vos</strong></span> <span class='ocrx_word' id='word_1_497' title='bbox 2128 695 2486 765; x_wconf 89' lang='lat' dir='ltr'><strong>alloqnantnr,</strong></span> <span class='ocrx_word' id='word_1_498' title='bbox 2519 711 2640 750; x_wconf 90' lang='lat' dir='ltr'><strong>cum</strong></span> <span class='ocrx_word' id='word_1_499' title='bbox 2676 705 2752 751; x_wconf 88' lang='lat' dir='ltr'><strong>tot</strong></span> <span class='ocrx_word' id='word_1_500' title='bbox 2781 699 3030 768; x_wconf 90' lang='lat' dir='ltr'><strong>apostoli,</strong></span> <span class='ocrx_word' id='word_1_501' title='bbox 3062 699 3426 770; x_wconf 55' lang='lat' dir='ltr'><strong>evangelista,</strong></span> <span class='ocrx_word' id='word_1_502' title='bbox 3475 718 3594 754; x_wconf 88' lang='lat' dir='ltr'><strong>om-</strong></span> 
     </span>
    </p>
   </div>
   <div class='ocr_carea' id='block_1_65' title="bbox 2005 787 3594 864">
    <p class='ocr_par' dir='ltr' id='par_1_65' title="bbox 2005 787 3594 864">
     <span class='ocr_line' id='line_1_65' title="bbox 2005 787 3594 864; baseline 0.008 -26"><span class='ocrx_word' id='word_1_503' title='bbox 2005 787 2158 840; x_wconf 86' lang='lat' dir='ltr'><strong>nibus</strong></span> <span class='ocrx_word' id='word_1_504' title='bbox 2190 787 2443 841; x_wconf 88' lang='lat' dir='ltr'><strong>salutaria</strong></span> <span class='ocrx_word' id='word_1_505' title='bbox 2475 788 2721 858; x_wconf 87' lang='lat' dir='ltr'><strong>dogmata</strong></span> <span class='ocrx_word' id='word_1_506' title='bbox 2765 792 3206 860; x_wconf 84' lang='lat' dir='ltr'><strong>pmponentibns,</strong></span> <span class='ocrx_word' id='word_1_507' title='bbox 3239 809 3357 861; x_wconf 75' lang='grc' dir='ltr'>ιιιιιε</span> <span class='ocrx_word' id='word_1_508' title='bbox 3387 795 3594 864; x_wconf 84' lang='lat' dir='ltr'><strong>possint</strong></span> 
     </span>
    </p>
   </div>
   <div class='ocr_carea' id='block_1_66' title="bbox 2003 887 3600 954">
    <p class='ocr_par' dir='ltr' id='par_1_66' title="bbox 2003 887 3600 954">
     <span class='ocr_line' id='line_1_66' title="bbox 2003 887 3600 954; baseline 0.006 -23"><span class='ocrx_word' id='word_1_509' title='bbox 2003 895 2180 936; x_wconf 89' lang='lat' dir='ltr'><strong>mores</strong></span> <span class='ocrx_word' id='word_1_510' title='bbox 2207 891 2414 938; x_wconf 85' lang='lat' dir='ltr'><strong>vestros</strong></span> <span class='ocrx_word' id='word_1_511' title='bbox 2457 894 2706 938; x_wconf 86' lang='lat' dir='ltr'><strong>accurate</strong></span> <span class='ocrx_word' id='word_1_512' title='bbox 2737 899 3084 954; x_wconf 87' lang='lat' dir='ltr'><strong>componere.</strong></span> <span class='ocrx_word' id='word_1_513' title='bbox 3122 888 3273 940; x_wconf 83' lang='lat' dir='ltr'><strong>Miles</strong></span> <span class='ocrx_word' id='word_1_514' title='bbox 3317 887 3382 940; x_wconf 88' lang='lat' dir='ltr'><strong>ad</strong></span> <span class='ocrx_word' id='word_1_515' title='bbox 3416 888 3600 942; x_wconf 75' lang='lat' dir='ltr'><strong>lirot-i-</strong></span> 
     </span>
    </p>
   </div>
   <div class='ocr_carea' id='block_1_67' title="bbox 2003 974 3594 1049">
    <p class='ocr_par' dir='ltr' id='par_1_67' title="bbox 2003 974 3594 1049">
     <span class='ocr_line' id='line_1_67' title="bbox 2003 974 3594 1049; baseline 0.008 -25"><span class='ocrx_word' id='word_1_516' title='bbox 2003 974 2150 1029; x_wconf 91' lang='lat' dir='ltr'><strong>nium</strong></span> <span class='ocrx_word' id='word_1_517' title='bbox 2171 977 2392 1030; x_wconf 87' lang='lat' dir='ltr'><strong>veniens</strong></span> <span class='ocrx_word' id='word_1_518' title='bbox 2417 976 2465 1028; x_wconf 93' lang='lat' dir='ltr'><strong>in</strong></span> <span class='ocrx_word' id='word_1_519' title='bbox 2490 975 2696 1030; x_wconf 84' lang='lat' dir='ltr'><strong>bellicis</strong></span> <span class='ocrx_word' id='word_1_520' title='bbox 2719 977 2776 1030; x_wconf 93' lang='lat' dir='ltr'><strong>ﬁt</strong></span> <span class='ocrx_word' id='word_1_521' title='bbox 2797 978 3046 1046; x_wconf 83' lang='lat' dir='ltr'><strong>peritior;</strong></span> <span class='ocrx_word' id='word_1_522' title='bbox 3071 979 3270 1034; x_wconf 80' lang='lat' dir='ltr'><strong>athleta</strong></span> <span class='ocrx_word' id='word_1_523' title='bbox 3295 981 3594 1049; x_wconf 68' lang='lat' dir='ltr'><strong>palmstrant</strong></span> 
     </span>
    </p>
   </div>
   <div class='ocr_carea' id='block_1_68' title="bbox 2001 1065 3596 1139">
    <p class='ocr_par' dir='ltr' id='par_1_68' title="bbox 2001 1065 3596 1139">
     <span class='ocr_line' id='line_1_68' title="bbox 2001 1065 3596 1139; baseline 0.004 -21"><span class='ocrx_word' id='word_1_524' title='bbox 2001 1065 2188 1121; x_wconf 89' lang='lat' dir='ltr'><strong>adiens</strong></span> <span class='ocrx_word' id='word_1_525' title='bbox 2218 1067 2274 1120; x_wconf 92' lang='lat' dir='ltr'><strong>ﬁt</strong></span> <span class='ocrx_word' id='word_1_526' title='bbox 2301 1069 2643 1122; x_wconf 84' lang='lat' dir='ltr'><strong>exercitatior</strong></span> <span class='ocrx_word' id='word_1_527' title='bbox 2671 1068 2737 1122; x_wconf 89' lang='lat' dir='ltr'><strong>ad</strong></span> <span class='ocrx_word' id='word_1_528' title='bbox 2794 1085 3062 1139; x_wconf 85' lang='lat' dir='ltr'><strong>pugnam;</strong></span> <span class='ocrx_word' id='word_1_529' title='bbox 3101 1071 3344 1126; x_wconf 90' lang='lat' dir='ltr'><strong>medicus</strong></span> <span class='ocrx_word' id='word_1_530' title='bbox 3382 1073 3449 1126; x_wconf 85' lang='lat' dir='ltr'><strong>ad</strong></span> <span class='ocrx_word' id='word_1_531' title='bbox 3497 1072 3596 1125; x_wconf 81' lang='lat' dir='ltr'><strong>do-</strong></span> 
     </span>
    </p>
   </div>
   <div class='ocr_carea' id='block_1_69' title="bbox 2001 1161 3593 1234">
    <p class='ocr_par' dir='ltr' id='par_1_69' title="bbox 2001 1161 3593 1234">
     <span class='ocr_line' id='line_1_69' title="bbox 2001 1161 3593 1234; baseline 0.003 -21"><span class='ocrx_word' id='word_1_532' title='bbox 2001 1171 2204 1214; x_wconf 91' lang='lat' dir='ltr'><strong>ctorem</strong></span> <span class='ocrx_word' id='word_1_533' title='bbox 2225 1161 2485 1216; x_wconf 89' lang='lat' dir='ltr'><strong>accedens</strong></span> <span class='ocrx_word' id='word_1_534' title='bbox 2503 1162 2556 1216; x_wconf 86' lang='lat' dir='ltr'><strong>ﬁt</strong></span> <span class='ocrx_word' id='word_1_535' title='bbox 2583 1178 2647 1217; x_wconf 79' lang='lat' dir='ltr'><strong>ex</strong></span> <span class='ocrx_word' id='word_1_536' title='bbox 2658 1164 2880 1229; x_wconf 87' lang='lat' dir='ltr'><strong>pertior,</strong></span> <span class='ocrx_word' id='word_1_537' title='bbox 2902 1164 3052 1232; x_wconf 89' lang='lat' dir='ltr'><strong>plura</strong></span> <span class='ocrx_word' id='word_1_538' title='bbox 3080 1166 3201 1222; x_wconf 83' lang='lat' dir='ltr'><strong>scit.</strong></span> <span class='ocrx_word' id='word_1_539' title='bbox 3233 1165 3381 1234; x_wconf 90' lang='lat' dir='ltr'><strong>plura</strong></span> <span class='ocrx_word' id='word_1_540' title='bbox 3403 1167 3593 1221; x_wconf 88' lang='lat' dir='ltr'><strong>discit:</strong></span> 
     </span>
    </p>
   </div>
   <div class='ocr_carea' id='block_1_70' title="bbox 2003 1250 3592 1324">
    <p class='ocr_par' dir='ltr' id='par_1_70' title="bbox 2003 1250 3592 1324">
     <span class='ocr_line' id='line_1_70' title="bbox 2003 1250 3592 1324; baseline 0.005 -22"><span class='ocrx_word' id='word_1_541' title='bbox 2003 1258 2056 1302; x_wconf 89' lang='lat' dir='ltr'><strong>tn</strong></span> <span class='ocrx_word' id='word_1_542' title='bbox 2078 1250 2205 1319; x_wconf 92' lang='lat' dir='ltr'><strong>quid</strong></span> <span class='ocrx_word' id='word_1_543' title='bbox 2233 1251 2468 1307; x_wconf 88' lang='lat' dir='ltr'><strong>lucratus</strong></span> <span class='ocrx_word' id='word_1_544' title='bbox 2497 1254 2599 1309; x_wconf 87' lang='lat' dir='ltr'><strong>es?</strong></span> <span class='ocrx_word' id='word_1_545' title='bbox 2631 1270 2734 1306; x_wconf 94' lang='lat' dir='ltr'><strong>non</strong></span> <span class='ocrx_word' id='word_1_546' title='bbox 2764 1253 2954 1324; x_wconf 89' lang='lat' dir='ltr'><strong>loquor</strong></span> <span class='ocrx_word' id='word_1_547' title='bbox 2981 1255 3044 1308; x_wconf 89' lang='lat' dir='ltr'><strong>iis</strong></span> <span class='ocrx_word' id='word_1_548' title='bbox 3069 1297 3083 1316; x_wconf 92' lang='lat'><strong>,</strong></span> <span class='ocrx_word' id='word_1_549' title='bbox 3112 1256 3199 1324; x_wconf 91' lang='lat' dir='ltr'><strong>qui</strong></span> <span class='ocrx_word' id='word_1_550' title='bbox 3230 1272 3325 1324; x_wconf 91' lang='lat' dir='ltr'><strong>per</strong></span> <span class='ocrx_word' id='word_1_551' title='bbox 3363 1273 3560 1310; x_wconf 91' lang='lat' dir='ltr'><strong>annum</strong></span> <span class='ocrx_word' id='word_1_552' title='bbox 3579 1299 3592 1318; x_wconf 88' lang='lat'><strong>.</strong></span> 
     </span>
    </p>
   </div>
   <div class='ocr_carea' id='block_1_71' title="bbox 2001 1341 3593 1412">
    <p class='ocr_par' dir='ltr' id='par_1_71' title="bbox 2001 1341 3593 1412">
     <span class='ocr_line' id='line_1_71' title="bbox 2001 1341 3593 1412; baseline 0.003 -18"><span class='ocrx_word' id='word_1_553' title='bbox 2001 1341 2094 1396; x_wconf 90' lang='lat' dir='ltr'><strong>sed</strong></span> <span class='ocrx_word' id='word_1_554' title='bbox 2119 1343 2202 1408; x_wconf 92' lang='lat' dir='ltr'><strong>iis,</strong></span> <span class='ocrx_word' id='word_1_555' title='bbox 2233 1344 2320 1412; x_wconf 91' lang='lat' dir='ltr'><strong>qui</strong></span> <span class='ocrx_word' id='word_1_556' title='bbox 2345 1359 2375 1397; x_wconf 93' lang='lat' dir='ltr'><strong>a</strong></span> <span class='ocrx_word' id='word_1_557' title='bbox 2405 1345 2572 1412; x_wconf 88' lang='lat' dir='ltr'><strong>prima</strong></span> <span class='ocrx_word' id='word_1_558' title='bbox 2601 1354 2761 1400; x_wconf 71' lang='lat' dir='ltr'><strong>aetate</strong></span> <span class='ocrx_word' id='word_1_559' title='bbox 2792 1346 3148 1400; x_wconf 77' lang='lat' dir='ltr'><strong>conventibus</strong></span> <span class='ocrx_word' id='word_1_560' title='bbox 3177 1346 3484 1402; x_wconf 80' lang='lat' dir='ltr'><strong>adfuerunt.</strong></span> <span class='ocrx_word' id='word_1_561' title='bbox 3514 1352 3593 1402; x_wconf 80' lang='lat' dir='ltr'><strong>An</strong></span> 
     </span>
    </p>
   </div>
   <div class='ocr_carea' id='block_1_72' title="bbox 2003 1431 3594 1512">
    <p class='ocr_par' dir='ltr' id='par_1_72' title="bbox 2003 1431 3594 1512">
     <span class='ocr_line' id='line_1_72' title="bbox 2003 1431 3594 1512; baseline 0.005 -26"><span class='ocrx_word' id='word_1_562' title='bbox 2003 1431 2104 1487; x_wconf 83' lang='lat' dir='ltr'><strong>hoc</strong></span> <span class='ocrx_word' id='word_1_563' title='bbox 2125 1437 2322 1502; x_wconf 85' lang='lat' dir='ltr'><strong>putatis</strong></span> <span class='ocrx_word' id='word_1_564' title='bbox 2347 1451 2467 1489; x_wconf 88' lang='lat' dir='ltr'><strong>esse</strong></span> <span class='ocrx_word' id='word_1_565' title='bbox 2493 1437 2743 1504; x_wconf 88' lang='lat' dir='ltr'><strong>pietatem</strong></span> <span class='ocrx_word' id='word_1_566' title='bbox 2770 1479 2785 1502; x_wconf 92' lang='lat'><strong>,</strong></span> <span class='ocrx_word' id='word_1_567' title='bbox 2813 1437 2955 1506; x_wconf 85' lang='lat' dir='ltr'><strong>quod</strong></span> <span class='ocrx_word' id='word_1_568' title='bbox 2985 1436 3296 1508; x_wconf 87' lang='lat' dir='ltr'><strong>frequenter</strong></span> <span class='ocrx_word' id='word_1_569' title='bbox 3332 1439 3396 1493; x_wconf 89' lang='lat' dir='ltr'><strong>ad</strong></span> <span class='ocrx_word' id='word_1_570' title='bbox 3429 1455 3594 1512; x_wconf 82' lang='lat' dir='ltr'><strong>syna-</strong></span> 
     </span>
    </p>
   </div>
   <div class='ocr_carea' id='block_1_73' title="bbox 2002 1527 3595 1603">
    <p class='ocr_par' dir='ltr' id='par_1_73' title="bbox 2002 1527 3595 1603">
     <span class='ocr_line' id='line_1_73' title="bbox 2002 1527 3595 1603; baseline 0.006 -24"><span class='ocrx_word' id='word_1_571' title='bbox 2002 1527 2088 1580; x_wconf 84' lang='lat' dir='ltr'><strong>xin</strong></span> <span class='ocrx_word' id='word_1_572' title='bbox 2118 1529 2431 1584; x_wconf 85' lang='lat' dir='ltr'><strong>accedatis?</strong></span> <span class='ocrx_word' id='word_1_573' title='bbox 2475 1530 2588 1585; x_wconf 84' lang='lat' dir='ltr'><strong>Hoc</strong></span> <span class='ocrx_word' id='word_1_574' title='bbox 2628 1531 2760 1584; x_wconf 89' lang='lat' dir='ltr'><strong>nihil</strong></span> <span class='ocrx_word' id='word_1_575' title='bbox 2787 1542 2901 1596; x_wconf 92' lang='lat' dir='ltr'><strong>est,</strong></span> <span class='ocrx_word' id='word_1_576' title='bbox 2935 1533 3035 1586; x_wconf 92' lang='lat' dir='ltr'><strong>nisi</strong></span> <span class='ocrx_word' id='word_1_577' title='bbox 3091 1534 3218 1603; x_wconf 90' lang='lat' dir='ltr'><strong>quid</strong></span> <span class='ocrx_word' id='word_1_578' title='bbox 3264 1535 3467 1589; x_wconf 81' lang='lat' dir='ltr'><strong>fruetus</strong></span> <span class='ocrx_word' id='word_1_579' title='bbox 3507 1553 3595 1588; x_wconf 86' lang='lat' dir='ltr'><strong>re-</strong></span> 
     </span>
    </p>
   </div>
   <div class='ocr_carea' id='block_1_74' title="bbox 2001 1619 3594 1694">
    <p class='ocr_par' dir='ltr' id='par_1_74' title="bbox 2001 1619 3594 1694">
     <span class='ocr_line' id='line_1_74' title="bbox 2001 1619 3594 1694; baseline 0.007 -22"><span class='ocrx_word' id='word_1_580' title='bbox 2001 1619 2280 1675; x_wconf 90' lang='lat' dir='ltr'><strong>feramus:</strong></span> <span class='ocrx_word' id='word_1_581' title='bbox 2322 1623 2422 1676; x_wconf 91' lang='lat' dir='ltr'><strong>nisi</strong></span> <span class='ocrx_word' id='word_1_582' title='bbox 2475 1623 2598 1692; x_wconf 89' lang='lat' dir='ltr'><strong>quid</strong></span> <span class='ocrx_word' id='word_1_583' title='bbox 2642 1624 2979 1694; x_wconf 89' lang='lat' dir='ltr'><strong>colligamus,</strong></span> <span class='ocrx_word' id='word_1_584' title='bbox 3009 1627 3201 1681; x_wconf 87' lang='lat' dir='ltr'><strong>melius</strong></span> <span class='ocrx_word' id='word_1_585' title='bbox 3254 1639 3396 1683; x_wconf 89' lang='lat' dir='ltr'><strong>esset</strong></span> <span class='ocrx_word' id='word_1_586' title='bbox 3451 1628 3594 1683; x_wconf 89' lang='lat' dir='ltr'><strong>domi</strong></span> 
     </span>
    </p>
   </div>
   <div class='ocr_carea' id='block_1_75' title="bbox 2001 1713 3595 1784">
    <p class='ocr_par' dir='ltr' id='par_1_75' title="bbox 2001 1713 3595 1784">
     <span class='ocr_line' id='line_1_75' title="bbox 2001 1713 3595 1784; baseline 0.006 -18"><span class='ocrx_word' id='word_1_587' title='bbox 2001 1727 2234 1766; x_wconf 89' lang='lat' dir='ltr'><strong>manere.</strong></span> <span class='ocrx_word' id='word_1_588' title='bbox 2261 1713 2469 1768; x_wconf 88' lang='lat' dir='ltr'><strong>Etenim</strong></span> <span class='ocrx_word' id='word_1_589' title='bbox 2498 1715 2729 1784; x_wconf 84' lang='lat' dir='ltr'><strong>majores</strong></span> <span class='ocrx_word' id='word_1_590' title='bbox 2754 1717 2920 1771; x_wconf 91' lang='lat' dir='ltr'><strong>nostri</strong></span> <span class='ocrx_word' id='word_1_591' title='bbox 2938 1718 3194 1772; x_wconf 86' lang='lat' dir='ltr'><strong>ecclesias</strong></span> <span class='ocrx_word' id='word_1_592' title='bbox 3220 1720 3374 1774; x_wconf 92' lang='lat' dir='ltr'><strong>nobis</strong></span> <span class='ocrx_word' id='word_1_593' title='bbox 3391 1721 3595 1775; x_wconf 68' lang='lat' dir='ltr'><strong>exmdi-</strong></span> 
     </span>
    </p>
   </div>
   <div class='ocr_carea' id='block_1_76' title="bbox 2002 1804 3595 1882">
    <p class='ocr_par' dir='ltr' id='par_1_76' title="bbox 2002 1804 3595 1882">
     <span class='ocr_line' id='line_1_76' title="bbox 2002 1804 3595 1882; baseline 0.008 -24"><span class='ocrx_word' id='word_1_594' title='bbox 2002 1804 2250 1870; x_wconf 87' lang='lat' dir='ltr'><strong>ﬁcarunt,</strong></span> <span class='ocrx_word' id='word_1_595' title='bbox 2281 1822 2386 1861; x_wconf 92' lang='lat' dir='ltr'><strong>non</strong></span> <span class='ocrx_word' id='word_1_596' title='bbox 2418 1816 2474 1861; x_wconf 91' lang='lat' dir='ltr'><strong>ut</strong></span> <span class='ocrx_word' id='word_1_597' title='bbox 2522 1824 2585 1862; x_wconf 81' lang='lat' dir='ltr'><strong>ex</strong></span> <span class='ocrx_word' id='word_1_598' title='bbox 2619 1809 2867 1864; x_wconf 87' lang='lat' dir='ltr'><strong>domibus</strong></span> <span class='ocrx_word' id='word_1_599' title='bbox 2895 1822 3246 1882; x_wconf 82' lang='lat' dir='ltr'><strong>congregatos</strong></span> <span class='ocrx_word' id='word_1_600' title='bbox 3296 1829 3393 1868; x_wconf 90' lang='lat' dir='ltr'><strong>vos</strong></span> <span class='ocrx_word' id='word_1_601' title='bbox 3437 1816 3595 1870; x_wconf 92' lang='lat' dir='ltr'><strong>simul</strong></span> 
     </span>
    </p>
   </div>
   <div class='ocr_carea' id='block_1_77' title="bbox 2001 1897 3594 1975">
    <p class='ocr_par' dir='ltr' id='par_1_77' title="bbox 2001 1897 3594 1975">
     <span class='ocr_line' id='line_1_77' title="bbox 2001 1897 3594 1975; baseline 0.006 -25"><span class='ocrx_word' id='word_1_602' title='bbox 2001 1897 2285 1951; x_wconf 87' lang='lat' dir='ltr'><strong>ostendant</strong></span> <span class='ocrx_word' id='word_1_603' title='bbox 2313 1897 2464 1975; x_wconf 54' lang='lat' dir='ltr'><strong>:.hoc</strong></span> <span class='ocrx_word' id='word_1_604' title='bbox 2493 1899 2637 1953; x_wconf 90' lang='lat' dir='ltr'><strong>enim</strong></span> <span class='ocrx_word' id='word_1_605' title='bbox 2668 1911 2718 1954; x_wconf 93' lang='lat' dir='ltr'><strong>et</strong></span> <span class='ocrx_word' id='word_1_606' title='bbox 2755 1901 2804 1954; x_wconf 92' lang='lat' dir='ltr'><strong>in</strong></span> <span class='ocrx_word' id='word_1_607' title='bbox 2837 1900 2954 1954; x_wconf 87' lang='lat' dir='ltr'><strong>foro</strong></span> <span class='ocrx_word' id='word_1_608' title='bbox 2981 1912 3034 1955; x_wconf 92' lang='lat' dir='ltr'><strong>et</strong></span> <span class='ocrx_word' id='word_1_609' title='bbox 3080 1903 3130 1956; x_wconf 94' lang='lat' dir='ltr'><strong>in</strong></span> <span class='ocrx_word' id='word_1_610' title='bbox 3163 1902 3404 1968; x_wconf 88' lang='lat' dir='ltr'><strong>balneis,</strong></span> <span class='ocrx_word' id='word_1_611' title='bbox 3447 1916 3503 1959; x_wconf 90' lang='lat' dir='ltr'><strong>et</strong></span> <span class='ocrx_word' id='word_1_612' title='bbox 3545 1909 3594 1959; x_wconf 92' lang='lat' dir='ltr'><strong>in</strong></span> 
     </span>
    </p>
   </div>
   <div class='ocr_carea' id='block_1_78' title="bbox 2003 1991 3594 2064">
    <p class='ocr_par' dir='ltr' id='par_1_78' title="bbox 2003 1991 3594 2064">
     <span class='ocr_line' id='line_1_78' title="bbox 2003 1991 3594 2064; baseline 0.006 -20"><span class='ocrx_word' id='word_1_613' title='bbox 2003 2006 2193 2060; x_wconf 86' lang='lat' dir='ltr'><strong>pompa</strong></span> <span class='ocrx_word' id='word_1_614' title='bbox 2228 1991 2447 2060; x_wconf 87' lang='lat' dir='ltr'><strong>perinde</strong></span> <span class='ocrx_word' id='word_1_615' title='bbox 2477 1992 2567 2052; x_wconf 81' lang='lat' dir='ltr'><strong>ﬁt;</strong></span> <span class='ocrx_word' id='word_1_616' title='bbox 2603 1992 2695 2047; x_wconf 91' lang='lat' dir='ltr'><strong>sed</strong></span> <span class='ocrx_word' id='word_1_617' title='bbox 2729 2003 2785 2046; x_wconf 92' lang='lat' dir='ltr'><strong>ut</strong></span> <span class='ocrx_word' id='word_1_618' title='bbox 2814 1992 3104 2064; x_wconf 89' lang='lat' dir='ltr'><strong>discipulos</strong></span> <span class='ocrx_word' id='word_1_619' title='bbox 3130 2005 3184 2050; x_wconf 89' lang='lat' dir='ltr'><strong>et</strong></span> <span class='ocrx_word' id='word_1_620' title='bbox 3214 1995 3466 2052; x_wconf 88' lang='lat' dir='ltr'><strong>doctores</strong></span> <span class='ocrx_word' id='word_1_621' title='bbox 3491 2015 3594 2052; x_wconf 93' lang='lat' dir='ltr'><strong>una</strong></span> 
     </span>
    </p>
   </div>
   <div class='ocr_carea' id='block_1_79' title="bbox 1999 2082 3596 2152">
    <p class='ocr_par' dir='ltr' id='par_1_79' title="bbox 1999 2082 3596 2152">
     <span class='ocr_line' id='line_1_79' title="bbox 1999 2082 3596 2152; baseline 0.006 -18"><span class='ocrx_word' id='word_1_622' title='bbox 1999 2091 2406 2151; x_wconf 86' lang='lat' dir='ltr'><strong>congregantes,</strong></span> <span class='ocrx_word' id='word_1_623' title='bbox 2439 2082 2560 2137; x_wconf 92' lang='lat' dir='ltr'><strong>illos</strong></span> <span class='ocrx_word' id='word_1_624' title='bbox 2589 2085 2778 2137; x_wconf 89' lang='lat' dir='ltr'><strong>bormn</strong></span> <span class='ocrx_word' id='word_1_625' title='bbox 2801 2100 2902 2152; x_wconf 90' lang='lat' dir='ltr'><strong>ope</strong></span> <span class='ocrx_word' id='word_1_626' title='bbox 2924 2085 3178 2140; x_wconf 89' lang='lat' dir='ltr'><strong>meliores</strong></span> <span class='ocrx_word' id='word_1_627' title='bbox 3205 2086 3457 2142; x_wconf 83' lang='lat' dir='ltr'><strong>efﬁciant.</strong></span> <span class='ocrx_word' id='word_1_628' title='bbox 3487 2089 3596 2144; x_wconf 79' lang='lat' dir='ltr'><strong>Lex</strong></span> 
     </span>
    </p>
   </div>
   <div class='ocr_carea' id='block_1_80' title="bbox 1999 2175 3593 2250">
    <p class='ocr_par' dir='ltr' id='par_1_80' title="bbox 1999 2175 3593 2250">
     <span class='ocr_line' id='line_1_80' title="bbox 1999 2175 3593 2250; baseline 0.004 -23"><span class='ocrx_word' id='word_1_629' title='bbox 1999 2175 2315 2242; x_wconf 90' lang='lat' dir='ltr'><strong>simpliciter</strong></span> <span class='ocrx_word' id='word_1_630' title='bbox 2343 2184 2397 2230; x_wconf 91' lang='lat' dir='ltr'><strong>et</strong></span> <span class='ocrx_word' id='word_1_631' title='bbox 2425 2175 2636 2230; x_wconf 84' lang='lat' dir='ltr'><strong>decoris</strong></span> <span class='ocrx_word' id='word_1_632' title='bbox 2665 2178 2872 2245; x_wconf 80' lang='lat' dir='ltr'><strong>species</strong></span> <span class='ocrx_word' id='word_1_633' title='bbox 2903 2179 3054 2232; x_wconf 72' lang='lat' dir='ltr'><strong>facta:</strong></span> <span class='ocrx_word' id='word_1_634' title='bbox 3086 2189 3212 2234; x_wconf 89' lang='lat' dir='ltr'><strong>sunt</strong></span> <span class='ocrx_word' id='word_1_635' title='bbox 3237 2196 3325 2234; x_wconf 84' lang='lat' dir='ltr'><strong>res</strong></span> <span class='ocrx_word' id='word_1_636' title='bbox 3359 2193 3557 2236; x_wconf 58' lang='lat' dir='ltr'><strong>nostrae</strong></span> <span class='ocrx_word' id='word_1_637' title='bbox 3577 2226 3593 2250; x_wconf 84' lang='lat'><strong>,</strong></span> 
     </span>
    </p>
   </div>
   <div class='ocr_carea' id='block_1_81' title="bbox 1997 2266 3594 2344">
    <p class='ocr_par' dir='ltr' id='par_1_81' title="bbox 1997 2266 3594 2344">
     <span class='ocr_line' id='line_1_81' title="bbox 1997 2266 3594 2344; baseline 0.004 -25"><span class='ocrx_word' id='word_1_638' title='bbox 1997 2266 2328 2320; x_wconf 89' lang='lat' dir='ltr'><strong>consuetudo</strong></span> <span class='ocrx_word' id='word_1_639' title='bbox 2381 2282 2524 2321; x_wconf 88' lang='lat' dir='ltr'><strong>mera</strong></span> <span class='ocrx_word' id='word_1_640' title='bbox 2578 2285 2716 2322; x_wconf 90' lang='lat' dir='ltr'><strong>nunc</strong></span> <span class='ocrx_word' id='word_1_641' title='bbox 2759 2279 2859 2323; x_wconf 88' lang='lat' dir='ltr'><strong>est.</strong></span> <span class='ocrx_word' id='word_1_642' title='bbox 2894 2269 3052 2325; x_wconf 85' lang='lat' dir='ltr'><strong>Venit</strong></span> <span class='ocrx_word' id='word_1_643' title='bbox 3102 2271 3315 2342; x_wconf 87' lang='lat' dir='ltr'><strong>pascha,</strong></span> <span class='ocrx_word' id='word_1_644' title='bbox 3371 2289 3594 2344; x_wconf 85' lang='lat' dir='ltr'><strong>magnus</strong></span> 
     </span>
    </p>
   </div>
   <div class='ocr_carea' id='block_1_82' title="bbox 2000 2358 3592 2430">
    <p class='ocr_par' dir='ltr' id='par_1_82' title="bbox 2000 2358 3592 2430">
     <span class='ocr_line' id='line_1_82' title="bbox 2000 2358 3592 2430; baseline 0.005 -20"><span class='ocrx_word' id='word_1_645' title='bbox 2000 2358 2272 2423; x_wconf 90' lang='lat' dir='ltr'><strong>tumultus,</strong></span> <span class='ocrx_word' id='word_1_646' title='bbox 2326 2374 2531 2430; x_wconf 74' lang='lat' dir='ltr'><strong>magna:</strong></span> <span class='ocrx_word' id='word_1_647' title='bbox 2577 2359 2745 2414; x_wconf 70' lang='lat' dir='ltr'><strong>turbae</strong></span> <span class='ocrx_word' id='word_1_648' title='bbox 2775 2377 2789 2414; x_wconf 90' lang='lat'><strong>:</strong></span> <span class='ocrx_word' id='word_1_649' title='bbox 2821 2377 2925 2414; x_wconf 92' lang='lat' dir='ltr'><strong>non</strong></span> <span class='ocrx_word' id='word_1_650' title='bbox 2970 2362 3112 2416; x_wconf 91' lang='lat' dir='ltr'><strong>enim</strong></span> <span class='ocrx_word' id='word_1_651' title='bbox 3165 2362 3410 2428; x_wconf 83' lang='lat' dir='ltr'><strong>dixerim,</strong></span> <span class='ocrx_word' id='word_1_652' title='bbox 3443 2364 3592 2418; x_wconf 84' lang='lat' dir='ltr'><strong>multi</strong></span> 
     </span>
    </p>
   </div>
   <div class='ocr_carea' id='block_1_83' title="bbox 1999 2450 3592 2524">
    <p class='ocr_par' dir='ltr' id='par_1_83' title="bbox 1999 2450 3592 2524">
     <span class='ocr_line' id='line_1_83' title="bbox 1999 2450 3592 2524; baseline 0.004 -22"><span class='ocrx_word' id='word_1_653' title='bbox 1999 2450 2240 2504; x_wconf 91' lang='lat' dir='ltr'><strong>homines</strong></span> <span class='ocrx_word' id='word_1_654' title='bbox 2270 2469 2282 2502; x_wconf 92' lang='lat'><strong>:</strong></span> <span class='ocrx_word' id='word_1_655' title='bbox 2313 2450 2435 2504; x_wconf 89' lang='lat' dir='ltr'><strong>illud</strong></span> <span class='ocrx_word' id='word_1_656' title='bbox 2468 2452 2611 2505; x_wconf 89' lang='lat' dir='ltr'><strong>enim</strong></span> <span class='ocrx_word' id='word_1_657' title='bbox 2654 2467 2756 2505; x_wconf 86' lang='lat' dir='ltr'><strong>non</strong></span> <span class='ocrx_word' id='word_1_658' title='bbox 2812 2468 2938 2506; x_wconf 83' lang='lat' dir='ltr'><strong>vere</strong></span> <span class='ocrx_word' id='word_1_659' title='bbox 2982 2452 3256 2508; x_wconf 92' lang='lat' dir='ltr'><strong>hominum</strong></span> <span class='ocrx_word' id='word_1_660' title='bbox 3305 2465 3388 2508; x_wconf 90' lang='lat' dir='ltr'><strong>est</strong></span> <span class='ocrx_word' id='word_1_661' title='bbox 3432 2470 3592 2524; x_wconf 91' lang='lat' dir='ltr'><strong>opus.</strong></span> 
     </span>
    </p>
   </div>
   <div class='ocr_carea' id='block_1_84' title="bbox 1997 2540 3590 2616">
    <p class='ocr_par' dir='ltr' id='par_1_84' title="bbox 1997 2540 3590 2616">
     <span class='ocr_line' id='line_1_84' title="bbox 1997 2540 3590 2616; baseline 0.004 -22"><span class='ocrx_word' id='word_1_662' title='bbox 1997 2540 2232 2596; x_wconf 83' lang='lat' dir='ltr'><strong>Transiit</strong></span> <span class='ocrx_word' id='word_1_663' title='bbox 2271 2541 2464 2596; x_wconf 85' lang='lat' dir='ltr'><strong>festum</strong></span> <span class='ocrx_word' id='word_1_664' title='bbox 2491 2585 2506 2606; x_wconf 95' lang='lat'><strong>,</strong></span> <span class='ocrx_word' id='word_1_665' title='bbox 2541 2544 2799 2597; x_wconf 88' lang='lat' dir='ltr'><strong>tmnnltus</strong></span> <span class='ocrx_word' id='word_1_666' title='bbox 2841 2555 2923 2598; x_wconf 91' lang='lat' dir='ltr'><strong>est</strong></span> <span class='ocrx_word' id='word_1_667' title='bbox 2975 2547 3169 2608; x_wconf 91' lang='lat' dir='ltr'><strong>minor,</strong></span> <span class='ocrx_word' id='word_1_668' title='bbox 3215 2547 3368 2616; x_wconf 90' lang='lat' dir='ltr'><strong>quies</strong></span> <span class='ocrx_word' id='word_1_669' title='bbox 3411 2557 3590 2601; x_wconf 87' lang='lat' dir='ltr'><strong>tamen</strong></span> 
     </span>
    </p>
   </div>
   <div class='ocr_carea' id='block_1_85' title="bbox 1999 2633 3591 2706">
    <p class='ocr_par' dir='ltr' id='par_1_85' title="bbox 1999 2633 3591 2706">
     <span class='ocr_line' id='line_1_85' title="bbox 1999 2633 3591 2706; baseline 0.006 -21"><span class='ocrx_word' id='word_1_670' title='bbox 1999 2633 2345 2690; x_wconf 87' lang='lat' dir='ltr'><strong>infructuosa.</strong></span> <span class='ocrx_word' id='word_1_671' title='bbox 2375 2636 2514 2701; x_wconf 89' lang='lat' dir='ltr'><strong>Quot</strong></span> <span class='ocrx_word' id='word_1_672' title='bbox 2541 2645 2666 2690; x_wconf 89' lang='lat' dir='ltr'><strong>sunt</strong></span> <span class='ocrx_word' id='word_1_673' title='bbox 2693 2637 2964 2705; x_wconf 89' lang='lat' dir='ltr'><strong>pervigilia</strong></span> <span class='ocrx_word' id='word_1_674' title='bbox 2989 2679 3004 2701; x_wconf 92' lang='lat'><strong>,</strong></span> <span class='ocrx_word' id='word_1_675' title='bbox 3037 2648 3169 2706; x_wconf 90' lang='lat' dir='ltr'><strong>quot</strong></span> <span class='ocrx_word' id='word_1_676' title='bbox 3193 2639 3329 2693; x_wconf 88' lang='lat' dir='ltr'><strong>sacri</strong></span> <span class='ocrx_word' id='word_1_677' title='bbox 3357 2641 3591 2695; x_wconf 82' lang='lat' dir='ltr'><strong>cantus?</strong></span> 
     </span>
    </p>
   </div>
   <div class='ocr_carea' id='block_1_86' title="bbox 1997 2728 3588 2800">
    <p class='ocr_par' dir='ltr' id='par_1_86' title="bbox 1997 2728 3588 2800">
     <span class='ocr_line' id='line_1_86' title="bbox 1997 2728 3588 2800; baseline 0.003 -18"><span class='ocrx_word' id='word_1_678' title='bbox 1997 2728 2064 2782; x_wconf 89' lang='lat' dir='ltr'><strong>Et</strong></span> <span class='ocrx_word' id='word_1_679' title='bbox 2089 2729 2214 2796; x_wconf 90' lang='lat' dir='ltr'><strong>quid</strong></span> <span class='ocrx_word' id='word_1_680' title='bbox 2242 2729 2366 2784; x_wconf 91' lang='lat' dir='ltr'><strong>hinc</strong></span> <span class='ocrx_word' id='word_1_681' title='bbox 2392 2731 2660 2798; x_wconf 89' lang='lat' dir='ltr'><strong>amplius?</strong></span> <span class='ocrx_word' id='word_1_682' title='bbox 2686 2731 2797 2784; x_wconf 91' lang='lat' dir='ltr'><strong>lmo</strong></span> <span class='ocrx_word' id='word_1_683' title='bbox 2822 2731 2972 2800; x_wconf 83' lang='lat' dir='ltr'><strong>pejus</strong></span> <span class='ocrx_word' id='word_1_684' title='bbox 2999 2731 3195 2787; x_wconf 89' lang='lat' dir='ltr'><strong>accidit</strong></span> <span class='ocrx_word' id='word_1_685' title='bbox 3224 2751 3238 2786; x_wconf 92' lang='lat'><strong>:</strong></span> <span class='ocrx_word' id='word_1_686' title='bbox 3272 2733 3422 2787; x_wconf 90' lang='lat' dir='ltr'><strong>multi</strong></span> <span class='ocrx_word' id='word_1_687' title='bbox 3446 2734 3588 2788; x_wconf 92' lang='lat' dir='ltr'><strong>enim</strong></span> 
     </span>
    </p>
   </div>
   <div class='ocr_carea' id='block_1_87' title="bbox 1999 2823 3591 2896">
    <p class='ocr_par' dir='ltr' id='par_1_87' title="bbox 1999 2823 3591 2896">
     <span class='ocr_line' id='line_1_87' title="bbox 1999 2823 3591 2896; baseline 0.005 -24"><span class='ocrx_word' id='word_1_688' title='bbox 1999 2831 2216 2890; x_wconf 91' lang='lat' dir='ltr'><strong>propter</strong></span> <span class='ocrx_word' id='word_1_689' title='bbox 2242 2837 2429 2875; x_wconf 86' lang='lat' dir='ltr'><strong>vanam</strong></span> <span class='ocrx_word' id='word_1_690' title='bbox 2463 2823 2685 2892; x_wconf 86' lang='lat' dir='ltr'><strong>gloriam</strong></span> <span class='ocrx_word' id='word_1_691' title='bbox 2719 2824 2819 2878; x_wconf 90' lang='lat' dir='ltr'><strong>hoc</strong></span> <span class='ocrx_word' id='word_1_692' title='bbox 2849 2823 3068 2877; x_wconf 83' lang='lat' dir='ltr'><strong>faciunt.</strong></span> <span class='ocrx_word' id='word_1_693' title='bbox 3092 2823 3360 2891; x_wconf 88' lang='lat' dir='ltr'><strong>Quantum</strong></span> <span class='ocrx_word' id='word_1_694' title='bbox 3393 2827 3591 2896; x_wconf 87' lang='lat' dir='ltr'><strong>putatis</strong></span> 
     </span>
    </p>
   </div>
   <div class='ocr_carea' id='block_1_88' title="bbox 1997 2914 3588 2977">
    <p class='ocr_par' dir='ltr' id='par_1_88' title="bbox 1997 2914 3588 2977">
     <span class='ocr_line' id='line_1_88' title="bbox 1997 2914 3588 2977; baseline 0.001 -10"><span class='ocrx_word' id='word_1_695' title='bbox 1997 2929 2082 2968; x_wconf 87' lang='lat' dir='ltr'><strong>me</strong></span> <span class='ocrx_word' id='word_1_696' title='bbox 2110 2915 2160 2968; x_wconf 90' lang='lat' dir='ltr'><strong>iu</strong></span> <span class='ocrx_word' id='word_1_697' title='bbox 2190 2914 2487 2969; x_wconf 85' lang='lat' dir='ltr'><strong>visceribus</strong></span> <span class='ocrx_word' id='word_1_698' title='bbox 2514 2915 2826 2969; x_wconf 86' lang='lat' dir='ltr'><strong>discrm-iari</strong></span> <span class='ocrx_word' id='word_1_699' title='bbox 2853 2958 2865 2977; x_wconf 88' lang='lat'><strong>,</strong></span> <span class='ocrx_word' id='word_1_700' title='bbox 2913 2915 3038 2970; x_wconf 88' lang='lat' dir='ltr'><strong>dum</strong></span> <span class='ocrx_word' id='word_1_701' title='bbox 3066 2917 3224 2971; x_wconf 87' lang='lat' dir='ltr'><strong>video</strong></span> <span class='ocrx_word' id='word_1_702' title='bbox 3265 2918 3440 2970; x_wconf 88' lang='lat' dir='ltr'><strong>omnia</strong></span> <span class='ocrx_word' id='word_1_703' title='bbox 3491 2920 3588 2970; x_wconf 88' lang='lat' dir='ltr'><strong>do-</strong></span> 
     </span>
    </p>
   </div>
   <div class='ocr_carea' id='block_1_89' title="bbox 1999 3005 3586 3075">
    <p class='ocr_par' dir='ltr' id='par_1_89' title="bbox 1999 3005 3586 3075">
     <span class='ocr_line' id='line_1_89' title="bbox 1999 3005 3586 3075; baseline 0.003 -17"><span class='ocrx_word' id='word_1_704' title='bbox 1999 3005 2126 3059; x_wconf 83' lang='lat' dir='ltr'><strong>lium</strong></span> <span class='ocrx_word' id='word_1_705' title='bbox 2159 3006 2207 3059; x_wconf 94' lang='lat' dir='ltr'><strong>in</strong></span> <span class='ocrx_word' id='word_1_706' title='bbox 2244 3015 2517 3075; x_wconf 88' lang='lat' dir='ltr'><strong>pertusqu</strong></span> <span class='ocrx_word' id='word_1_707' title='bbox 2547 3006 2790 3060; x_wconf 81' lang='lat' dir='ltr'><strong>eﬁ‘undi‘t</strong></span> <span class='ocrx_word' id='word_1_708' title='bbox 2821 3007 2924 3062; x_wconf 89' lang='lat' dir='ltr'><strong>Sed</strong></span> <span class='ocrx_word' id='word_1_709' title='bbox 2957 3009 3177 3062; x_wconf 91' lang='lat' dir='ltr'><strong>omnino</strong></span> <span class='ocrx_word' id='word_1_710' title='bbox 3203 3008 3392 3064; x_wconf 87' lang='lat' dir='ltr'><strong>dicetis</strong></span> <span class='ocrx_word' id='word_1_711' title='bbox 3419 3008 3548 3063; x_wconf 90' lang='lat' dir='ltr'><strong>mihi</strong></span> <span class='ocrx_word' id='word_1_712' title='bbox 3572 3052 3586 3074; x_wconf 91' lang='lat'><strong>,</strong></span> 
     </span>
    </p>
   </div>
   <div class='ocr_carea' id='block_1_90' title="bbox 1995 3098 3590 3171">
    <p class='ocr_par' dir='ltr' id='par_1_90' title="bbox 1995 3098 3590 3171">
     <span class='ocr_line' id='line_1_90' title="bbox 1995 3098 3590 3171; baseline 0.001 -18"><span class='ocrx_word' id='word_1_713' title='bbox 1995 3098 2300 3169; x_wconf 74' lang='lat' dir='ltr'><strong>Scriptu-ras</strong></span> <span class='ocrx_word' id='word_1_714' title='bbox 2338 3099 2558 3154; x_wconf 89' lang='lat' dir='ltr'><strong>scimus.</strong></span> <span class='ocrx_word' id='word_1_715' title='bbox 2607 3100 2673 3154; x_wconf 86' lang='lat' dir='ltr'><strong>Et</strong></span> <span class='ocrx_word' id='word_1_716' title='bbox 2712 3100 2837 3170; x_wconf 86' lang='lat' dir='ltr'><strong>quid</strong></span> <span class='ocrx_word' id='word_1_717' title='bbox 2882 3101 3026 3154; x_wconf 90' lang='lat' dir='ltr'><strong>hoc?</strong></span> <span class='ocrx_word' id='word_1_718' title='bbox 3068 3101 3123 3156; x_wconf 92' lang='lat' dir='ltr'><strong>Si</strong></span> <span class='ocrx_word' id='word_1_719' title='bbox 3171 3103 3289 3156; x_wconf 89' lang='lat' dir='ltr'><strong>illas</strong></span> <span class='ocrx_word' id='word_1_720' title='bbox 3337 3103 3590 3171; x_wconf 80' lang='lat' dir='ltr'><strong>operibus</strong></span> 
     </span>
    </p>
   </div>
   <div class='ocr_carea' id='block_1_91' title="bbox 1995 3192 3591 3257">
    <p class='ocr_par' dir='ltr' id='par_1_91' title="bbox 1995 3192 3591 3257">
     <span class='ocr_line' id='line_1_91' title="bbox 1995 3192 3591 3257; baseline 0.001 -9"><span class='ocrx_word' id='word_1_721' title='bbox 1995 3192 2316 3257; x_wconf 74' lang='lat' dir='ltr'><strong>exhibeatis,</strong></span> <span class='ocrx_word' id='word_1_722' title='bbox 2343 3193 2444 3247; x_wconf 92' lang='lat' dir='ltr'><strong>hoc</strong></span> <span class='ocrx_word' id='word_1_723' title='bbox 2474 3193 2678 3248; x_wconf 90' lang='lat' dir='ltr'><strong>lucrum</strong></span> <span class='ocrx_word' id='word_1_724' title='bbox 2703 3203 2803 3256; x_wconf 89' lang='lat' dir='ltr'><strong>est,</strong></span> <span class='ocrx_word' id='word_1_725' title='bbox 2840 3195 2941 3248; x_wconf 89' lang='lat' dir='ltr'><strong>hoc</strong></span> <span class='ocrx_word' id='word_1_726' title='bbox 2973 3196 3121 3252; x_wconf 86' lang='lat' dir='ltr'><strong>utile.</strong></span> <span class='ocrx_word' id='word_1_727' title='bbox 3141 3194 3365 3250; x_wconf 87' lang='lat' dir='ltr'><strong>Ofticina</strong></span> <span class='ocrx_word' id='word_1_728' title='bbox 3398 3199 3591 3249; x_wconf 84' lang='lat' dir='ltr'><strong>tincto-</strong></span> 
     </span>
    </p>
   </div>
   <div class='ocr_carea' id='block_1_92' title="bbox 1995 3287 3586 3357">
    <p class='ocr_par' dir='ltr' id='par_1_92' title="bbox 1995 3287 3586 3357">
     <span class='ocr_line' id='line_1_92' title="bbox 1995 3287 3586 3357; baseline 0.001 -17"><span class='ocrx_word' id='word_1_729' title='bbox 1995 3288 2072 3340; x_wconf 88' lang='lat' dir='ltr'><strong>ria</strong></span> <span class='ocrx_word' id='word_1_730' title='bbox 2101 3295 2185 3340; x_wconf 83' lang='lat' dir='ltr'><strong>est</strong></span> <span class='ocrx_word' id='word_1_731' title='bbox 2225 3287 2452 3341; x_wconf 91' lang='lat' dir='ltr'><strong>ecclesia</strong></span> <span class='ocrx_word' id='word_1_732' title='bbox 2500 3305 2513 3339; x_wconf 91' lang='lat'><strong>:</strong></span> <span class='ocrx_word' id='word_1_733' title='bbox 2571 3288 2614 3340; x_wconf 92' lang='lat' dir='ltr'><strong>si</strong></span> <span class='ocrx_word' id='word_1_734' title='bbox 2663 3302 2876 3356; x_wconf 91' lang='lat' dir='ltr'><strong>semper</strong></span> <span class='ocrx_word' id='word_1_735' title='bbox 2911 3287 3114 3342; x_wconf 88' lang='lat' dir='ltr'><strong>abeatis</strong></span> <span class='ocrx_word' id='word_1_736' title='bbox 3169 3288 3314 3342; x_wconf 82' lang='lat' dir='ltr'><strong>nulla</strong></span> <span class='ocrx_word' id='word_1_737' title='bbox 3368 3298 3586 3357; x_wconf 86' lang='lat' dir='ltr'><strong>accepta</strong></span> 
     </span>
    </p>
   </div>
   <div class='ocr_carea' id='block_1_93' title="bbox 1995 3379 3588 3452">
    <p class='ocr_par' dir='ltr' id='par_1_93' title="bbox 1995 3379 3588 3452">
     <span class='ocr_line' id='line_1_93' title="bbox 1995 3379 3588 3452; baseline 0.001 -18"><span class='ocrx_word' id='word_1_738' title='bbox 1995 3379 2244 3445; x_wconf 90' lang='lat' dir='ltr'><strong>tinctura,</strong></span> <span class='ocrx_word' id='word_1_739' title='bbox 2279 3397 2395 3450; x_wconf 71' lang='lat' dir='ltr'><strong>qua:</strong></span> <span class='ocrx_word' id='word_1_740' title='bbox 2423 3381 2622 3434; x_wconf 85' lang='lat' dir='ltr'><strong>utilitas</strong></span> <span class='ocrx_word' id='word_1_741' title='bbox 2655 3382 2755 3434; x_wconf 92' lang='lat' dir='ltr'><strong>huc</strong></span> <span class='ocrx_word' id='word_1_742' title='bbox 2785 3382 3095 3452; x_wconf 82' lang='lat' dir='ltr'><strong>frequenter</strong></span> <span class='ocrx_word' id='word_1_743' title='bbox 3121 3382 3449 3437; x_wconf 80' lang='lat' dir='ltr'><strong>convenire?</strong></span> <span class='ocrx_word' id='word_1_744' title='bbox 3476 3382 3588 3436; x_wconf 80' lang='lat' dir='ltr'><strong>Ma—</strong></span> 
     </span>
    </p>
   </div>
   <div class='ocr_carea' id='block_1_94' title="bbox 1992 3472 3584 3544">
    <p class='ocr_par' dir='ltr' id='par_1_94' title="bbox 1992 3472 3584 3544">
     <span class='ocr_line' id='line_1_94' title="bbox 1992 3472 3584 3544; baseline 0.001 -18"><span class='ocrx_word' id='word_1_745' title='bbox 1992 3473 2079 3542; x_wconf 90' lang='lat' dir='ltr'><strong>jus</strong></span> <span class='ocrx_word' id='word_1_746' title='bbox 2107 3474 2304 3544; x_wconf 88' lang='lat' dir='ltr'><strong>quippe</strong></span> <span class='ocrx_word' id='word_1_747' title='bbox 2325 3472 2577 3528; x_wconf 90' lang='lat' dir='ltr'><strong>damnum</strong></span> <span class='ocrx_word' id='word_1_748' title='bbox 2604 3483 2704 3526; x_wconf 89' lang='lat' dir='ltr'><strong>est.</strong></span> <span class='ocrx_word' id='word_1_749' title='bbox 2728 3474 2859 3540; x_wconf 88' lang='lat' dir='ltr'><strong>Quis</strong></span> <span class='ocrx_word' id='word_1_750' title='bbox 2891 3474 2955 3526; x_wconf 90' lang='lat' dir='ltr'><strong>iis</strong></span> <span class='ocrx_word' id='word_1_751' title='bbox 2981 3474 3187 3544; x_wconf 90' lang='lat' dir='ltr'><strong>legibus</strong></span> <span class='ocrx_word' id='word_1_752' title='bbox 3217 3474 3340 3544; x_wconf 91' lang='lat' dir='ltr'><strong>quid</strong></span> <span class='ocrx_word' id='word_1_753' title='bbox 3371 3473 3584 3544; x_wconf 88' lang='lat' dir='ltr'><strong>adjecit,</strong></span> 
     </span>
    </p>
   </div>
   <div class='ocr_carea' id='block_1_95' title="bbox 1994 3565 3592 3636">
    <p class='ocr_par' dir='ltr' id='par_1_95' title="bbox 1994 3565 3592 3636">
     <span class='ocr_line' id='line_1_95' title="bbox 1994 3565 3592 3636; baseline -0.001 -16"><span class='ocrx_word' id='word_1_754' title='bbox 1994 3580 2128 3636; x_wconf 89' lang='lat' dir='ltr'><strong>quas</strong></span> <span class='ocrx_word' id='word_1_755' title='bbox 2152 3581 2182 3619; x_wconf 92' lang='lat' dir='ltr'><strong>a</strong></span> <span class='ocrx_word' id='word_1_756' title='bbox 2215 3565 2456 3636; x_wconf 90' lang='lat' dir='ltr'><strong>patribus</strong></span> <span class='ocrx_word' id='word_1_757' title='bbox 2486 3566 2734 3633; x_wconf 88' lang='lat' dir='ltr'><strong>accepit?</strong></span> <span class='ocrx_word' id='word_1_758' title='bbox 2765 3565 3008 3634; x_wconf 83' lang='lat' dir='ltr'><strong>Exempli</strong></span> <span class='ocrx_word' id='word_1_759' title='bbox 3037 3581 3197 3619; x_wconf 90' lang='lat' dir='ltr'><strong>causa</strong></span> <span class='ocrx_word' id='word_1_760' title='bbox 3233 3584 3246 3619; x_wconf 92' lang='lat'><strong>:</strong></span> <span class='ocrx_word' id='word_1_761' title='bbox 3277 3565 3416 3620; x_wconf 88' lang='lat' dir='ltr'><strong>solet</strong></span> <span class='ocrx_word' id='word_1_762' title='bbox 3443 3566 3592 3635; x_wconf 82' lang='lat' dir='ltr'><strong>quis-</strong></span> 
     </span>
    </p>
   </div>
   <div class='ocr_carea' id='block_1_96' title="bbox 1998 3656 3587 3728">
    <p class='ocr_par' dir='ltr' id='par_1_96' title="bbox 1998 3656 3587 3728">
     <span class='ocr_line' id='line_1_96' title="bbox 1998 3656 3587 3728; baseline 0.002 -18"><span class='ocrx_word' id='word_1_763' title='bbox 1998 3659 2137 3728; x_wconf 87' lang='lat' dir='ltr'><strong>piam</strong></span> <span class='ocrx_word' id='word_1_764' title='bbox 2166 3658 2477 3711; x_wconf 90' lang='lat' dir='ltr'><strong>memoriam</strong></span> <span class='ocrx_word' id='word_1_765' title='bbox 2512 3656 2686 3712; x_wconf 85' lang='lat' dir='ltr'><strong>facere</strong></span> <span class='ocrx_word' id='word_1_766' title='bbox 2715 3658 2898 3710; x_wconf 91' lang='lat' dir='ltr'><strong>matris</strong></span> <span class='ocrx_word' id='word_1_767' title='bbox 2918 3698 2933 3721; x_wconf 94' lang='lat'><strong>,</strong></span> <span class='ocrx_word' id='word_1_768' title='bbox 2965 3657 3049 3712; x_wconf 91' lang='lat' dir='ltr'><strong>vel</strong></span> <span class='ocrx_word' id='word_1_769' title='bbox 3086 3657 3266 3712; x_wconf 83' lang='lat' dir='ltr'><strong>uxoris</strong></span> <span class='ocrx_word' id='word_1_770' title='bbox 3287 3699 3302 3722; x_wconf 91' lang='lat'><strong>,</strong></span> <span class='ocrx_word' id='word_1_771' title='bbox 3335 3658 3416 3713; x_wconf 89' lang='lat' dir='ltr'><strong>vel</strong></span> <span class='ocrx_word' id='word_1_772' title='bbox 3449 3657 3542 3712; x_wconf 83' lang='lat' dir='ltr'><strong>filii</strong></span> <span class='ocrx_word' id='word_1_773' title='bbox 3569 3673 3587 3713; x_wconf 90' lang='lat'><strong>:</strong></span> 
     </span>
    </p>
   </div>
   <div class='ocr_carea' id='block_1_97' title="bbox 1997 3747 3582 3814">
    <p class='ocr_par' dir='ltr' id='par_1_97' title="bbox 1997 3747 3582 3814">
     <span class='ocr_line' id='line_1_97' title="bbox 1997 3747 3582 3814; baseline -0.001 -11"><span class='ocrx_word' id='word_1_774' title='bbox 1997 3750 2097 3805; x_wconf 91' lang='lat' dir='ltr'><strong>hoc</strong></span> <span class='ocrx_word' id='word_1_775' title='bbox 2119 3749 2244 3804; x_wconf 86' lang='lat' dir='ltr'><strong>facit</strong></span> <span class='ocrx_word' id='word_1_776' title='bbox 2264 3750 2377 3803; x_wconf 91' lang='lat' dir='ltr'><strong>sive</strong></span> <span class='ocrx_word' id='word_1_777' title='bbox 2405 3750 2604 3814; x_wconf 89' lang='lat' dir='ltr'><strong>audiat.</strong></span> <span class='ocrx_word' id='word_1_778' title='bbox 2637 3749 2752 3802; x_wconf 84' lang='lat' dir='ltr'><strong>sive</strong></span> <span class='ocrx_word' id='word_1_779' title='bbox 2785 3765 2889 3802; x_wconf 91' lang='lat' dir='ltr'><strong>non</strong></span> <span class='ocrx_word' id='word_1_780' title='bbox 2918 3749 3101 3803; x_wconf 87' lang='lat' dir='ltr'><strong>audiat</strong></span> <span class='ocrx_word' id='word_1_781' title='bbox 3129 3766 3158 3802; x_wconf 92' lang='lat' dir='ltr'><strong>a</strong></span> <span class='ocrx_word' id='word_1_782' title='bbox 3189 3747 3366 3814; x_wconf 89' lang='lat' dir='ltr'><strong>nobis,</strong></span> <span class='ocrx_word' id='word_1_783' title='bbox 3393 3764 3421 3801; x_wconf 89' lang='lat' dir='ltr'><strong>a</strong></span> <span class='ocrx_word' id='word_1_784' title='bbox 3449 3764 3582 3802; x_wconf 81' lang='lat' dir='ltr'><strong>con-</strong></span> 
     </span>
    </p>
   </div>
   <div class='ocr_carea' id='block_1_98' title="bbox 1995 3839 3587 3911">
    <p class='ocr_par' dir='ltr' id='par_1_98' title="bbox 1995 3839 3587 3911">
     <span class='ocr_line' id='line_1_98' title="bbox 1995 3839 3587 3911; baseline -0.001 -14"><span class='ocrx_word' id='word_1_785' title='bbox 1995 3841 2280 3897; x_wconf 89' lang='lat' dir='ltr'><strong>suetudine</strong></span> <span class='ocrx_word' id='word_1_786' title='bbox 2309 3851 2362 3895; x_wconf 89' lang='lat' dir='ltr'><strong>et</strong></span> <span class='ocrx_word' id='word_1_787' title='bbox 2383 3857 2409 3893; x_wconf 89' lang='lat' dir='ltr'><strong>a</strong></span> <span class='ocrx_word' id='word_1_788' title='bbox 2429 3841 2755 3896; x_wconf 85' lang='lat' dir='ltr'><strong>conscientia</strong></span> <span class='ocrx_word' id='word_1_789' title='bbox 2777 3841 3021 3896; x_wconf 85' lang='lat' dir='ltr'><strong>allectus.</strong></span> <span class='ocrx_word' id='word_1_790' title='bbox 3048 3839 3242 3896; x_wconf 90' lang='lat' dir='ltr'><strong>ldeone</strong></span> <span class='ocrx_word' id='word_1_791' title='bbox 3268 3841 3587 3911; x_wconf 85' lang='lat' dir='ltr'><strong>indignaris,</strong></span> 
     </span>
    </p>
   </div>
   <div class='ocr_carea' id='block_1_99' title="bbox 1997 3933 3589 4006">
    <p class='ocr_par' dir='ltr' id='par_1_99' title="bbox 1997 3933 3589 4006">
     <span class='ocr_line' id='line_1_99' title="bbox 1997 3933 3589 4006; baseline -0.003 -16"><span class='ocrx_word' id='word_1_792' title='bbox 1997 3935 2244 4006; x_wconf 88' lang='lat' dir='ltr'><strong>inquies?</strong></span> <span class='ocrx_word' id='word_1_793' title='bbox 2268 3935 2447 4000; x_wconf 81' lang='lat' dir='ltr'><strong>Absit;</strong></span> <span class='ocrx_word' id='word_1_794' title='bbox 2473 3935 2580 3987; x_wconf 90' lang='lat' dir='ltr'><strong>imo</strong></span> <span class='ocrx_word' id='word_1_795' title='bbox 2603 3934 2824 3988; x_wconf 90' lang='lat' dir='ltr'><strong>multum</strong></span> <span class='ocrx_word' id='word_1_796' title='bbox 2844 3934 3078 4003; x_wconf 90' lang='lat' dir='ltr'><strong>gaudeo;</strong></span> <span class='ocrx_word' id='word_1_797' title='bbox 3107 3933 3201 3988; x_wconf 88' lang='lat' dir='ltr'><strong>sed</strong></span> <span class='ocrx_word' id='word_1_798' title='bbox 3223 3933 3415 3988; x_wconf 88' lang='lat' dir='ltr'><strong>vellem</strong></span> <span class='ocrx_word' id='word_1_799' title='bbox 3439 3933 3589 3987; x_wconf 89' lang='lat' dir='ltr'><strong>illum</strong></span> 
     </span>
    </p>
   </div>
   <div class='ocr_carea' id='block_1_100' title="bbox 1997 4026 3594 4099">
    <p class='ocr_par' dir='ltr' id='par_1_100' title="bbox 1997 4026 3594 4099">
     <span class='ocr_line' id='line_1_100' title="bbox 1997 4026 3594 4099; baseline -0.003 -16"><span class='ocrx_word' id='word_1_800' title='bbox 1997 4029 2266 4099; x_wconf 92' lang='lat' dir='ltr'><strong>quidpiam</strong></span> <span class='ocrx_word' id='word_1_801' title='bbox 2287 4044 2350 4081; x_wconf 82' lang='lat' dir='ltr'><strong>ex</strong></span> <span class='ocrx_word' id='word_1_802' title='bbox 2382 4029 2642 4082; x_wconf 90' lang='lat' dir='ltr'><strong>concione</strong></span> <span class='ocrx_word' id='word_1_803' title='bbox 2665 4036 2846 4081; x_wconf 88' lang='lat' dir='ltr'><strong>n0stra</strong></span> <span class='ocrx_word' id='word_1_804' title='bbox 2873 4026 3065 4080; x_wconf 86' lang='lat' dir='ltr'><strong>lucrari</strong></span> <span class='ocrx_word' id='word_1_805' title='bbox 3093 4043 3105 4079; x_wconf 87' lang='lat'><strong>:</strong></span> <span class='ocrx_word' id='word_1_806' title='bbox 3131 4035 3184 4080; x_wconf 89' lang='lat' dir='ltr'><strong>et</strong></span> <span class='ocrx_word' id='word_1_807' title='bbox 3202 4026 3343 4095; x_wconf 89' lang='lat' dir='ltr'><strong>quod</strong></span> <span class='ocrx_word' id='word_1_808' title='bbox 3364 4041 3594 4079; x_wconf 90' lang='lat' dir='ltr'><strong>consuc-</strong></span> 
     </span>
    </p>
   </div>
   <div class='ocr_carea' id='block_1_101' title="bbox 1998 4117 3592 4186">
    <p class='ocr_par' dir='ltr' id='par_1_101' title="bbox 1998 4117 3592 4186">
     <span class='ocr_line' id='line_1_101' title="bbox 1998 4117 3592 4186; baseline -0.004 -9"><span class='ocrx_word' id='word_1_809' title='bbox 1998 4122 2127 4178; x_wconf 92' lang='lat' dir='ltr'><strong>tudo</strong></span> <span class='ocrx_word' id='word_1_810' title='bbox 2155 4121 2298 4186; x_wconf 86' lang='lat' dir='ltr'><strong>fecit,</strong></span> <span class='ocrx_word' id='word_1_811' title='bbox 2325 4121 2373 4174; x_wconf 90' lang='lat' dir='ltr'><strong>id</strong></span> <span class='ocrx_word' id='word_1_812' title='bbox 2404 4122 2562 4174; x_wconf 90' lang='lat' dir='ltr'><strong>etiam</strong></span> <span class='ocrx_word' id='word_1_813' title='bbox 2592 4135 2620 4172; x_wconf 92' lang='lat' dir='ltr'><strong>a</strong></span> <span class='ocrx_word' id='word_1_814' title='bbox 2651 4119 2803 4174; x_wconf 91' lang='lat' dir='ltr'><strong>nobis</strong></span> <span class='ocrx_word' id='word_1_815' title='bbox 2829 4119 2964 4185; x_wconf 88' lang='lat' dir='ltr'><strong>ﬁeri,</strong></span> <span class='ocrx_word' id='word_1_816' title='bbox 2988 4128 3042 4172; x_wconf 88' lang='lat' dir='ltr'><strong>et</strong></span> <span class='ocrx_word' id='word_1_817' title='bbox 3069 4120 3226 4173; x_wconf 91' lang='lat' dir='ltr'><strong>aliam</strong></span> <span class='ocrx_word' id='word_1_818' title='bbox 3252 4117 3592 4172; x_wconf 63' lang='lat' dir='ltr'><strong>consuetudio</strong></span> 
     </span>
    </p>
   </div>
   <div class='ocr_carea' id='block_1_102' title="bbox 1998 4210 3587 4282">
    <p class='ocr_par' dir='ltr' id='par_1_102' title="bbox 1998 4210 3587 4282">
     <span class='ocr_line' id='line_1_102' title="bbox 1998 4210 3587 4282; baseline -0.004 -14"><span class='ocrx_word' id='word_1_819' title='bbox 1998 4230 2122 4268; x_wconf 89' lang='lat' dir='ltr'><strong>nem</strong></span> <span class='ocrx_word' id='word_1_820' title='bbox 2151 4213 2350 4268; x_wconf 91' lang='lat' dir='ltr'><strong>induci.</strong></span> <span class='ocrx_word' id='word_1_821' title='bbox 2371 4213 2617 4280; x_wconf 85' lang='lat' dir='ltr'><strong>Alioquin</strong></span> <span class='ocrx_word' id='word_1_822' title='bbox 2635 4211 2760 4282; x_wconf 91' lang='lat' dir='ltr'><strong>quid</strong></span> <span class='ocrx_word' id='word_1_823' title='bbox 2791 4211 2986 4265; x_wconf 88' lang='lat' dir='ltr'><strong>frustra</strong></span> <span class='ocrx_word' id='word_1_824' title='bbox 3011 4212 3216 4271; x_wconf 89' lang='lat' dir='ltr'><strong>laboro,</strong></span> <span class='ocrx_word' id='word_1_825' title='bbox 3245 4212 3290 4264; x_wconf 90' lang='lat' dir='ltr'><strong>si</strong></span> <span class='ocrx_word' id='word_1_826' title='bbox 3316 4213 3366 4264; x_wconf 94' lang='lat' dir='ltr'><strong>in</strong></span> <span class='ocrx_word' id='word_1_827' title='bbox 3401 4210 3587 4264; x_wconf 85' lang='lat' dir='ltr'><strong>iisdem</strong></span> 
     </span>
    </p>
   </div>
   <div class='ocr_carea' id='block_1_103' title="bbox 1997 4301 3592 4375">
    <p class='ocr_par' dir='ltr' id='par_1_103' title="bbox 1997 4301 3592 4375">
     <span class='ocr_line' id='line_1_103' title="bbox 1997 4301 3592 4375; baseline -0.004 -14"><span class='ocrx_word' id='word_1_828' title='bbox 1997 4306 2237 4362; x_wconf 88' lang='lat' dir='ltr'><strong>mansuri</strong></span> <span class='ocrx_word' id='word_1_829' title='bbox 2277 4305 2444 4359; x_wconf 82' lang='lat' dir='ltr'><strong>estis?</strong></span> <span class='ocrx_word' id='word_1_830' title='bbox 2476 4305 2520 4358; x_wconf 93' lang='lat' dir='ltr'><strong>si</strong></span> <span class='ocrx_word' id='word_1_831' title='bbox 2554 4304 2683 4358; x_wconf 92' lang='lat' dir='ltr'><strong>nihil</strong></span> <span class='ocrx_word' id='word_1_832' title='bbox 2716 4303 2868 4358; x_wconf 88' lang='lat' dir='ltr'><strong>vobis</strong></span> <span class='ocrx_word' id='word_1_833' title='bbox 2900 4319 3128 4375; x_wconf 83' lang='lat' dir='ltr'><strong>synaxcs</strong></span> <span class='ocrx_word' id='word_1_834' title='bbox 3155 4301 3377 4356; x_wconf 66' lang='lat' dir='ltr'><strong>afferant</strong></span> <span class='ocrx_word' id='word_1_835' title='bbox 3420 4302 3544 4355; x_wconf 91' lang='lat' dir='ltr'><strong>boni</strong></span> <span class='ocrx_word' id='word_1_836' title='bbox 3566 4301 3592 4353; x_wconf 68' lang='grc' dir='ltr'><strong>’ἰ</strong></span> 
     </span>
    </p>
   </div>
   <div class='ocr_carea' id='block_1_104' title="bbox 2067 4393 3591 4466">
    <p class='ocr_par' dir='ltr' id='par_1_104' title="bbox 2067 4393 3591 4466">
     <span class='ocr_line' id='line_1_104' title="bbox 2067 4393 3591 4466; baseline -0.003 -13"><span class='ocrx_word' id='word_1_837' title='bbox 2067 4399 2123 4453; x_wconf 77' lang='grc'><strong>4.</strong></span> <span class='ocrx_word' id='word_1_838' title='bbox 2150 4397 2322 4452; x_wconf 89' lang='lat' dir='ltr'><strong>Etiam</strong></span> <span class='ocrx_word' id='word_1_839' title='bbox 2348 4438 2364 4461; x_wconf 95' lang='lat'><strong>,</strong></span> <span class='ocrx_word' id='word_1_840' title='bbox 2415 4397 2656 4466; x_wconf 85' lang='lat' dir='ltr'><strong>inquies,</strong></span> <span class='ocrx_word' id='word_1_841' title='bbox 2689 4411 2990 4466; x_wconf 89' lang='lat' dir='ltr'><strong>precamur.</strong></span> <span class='ocrx_word' id='word_1_842' title='bbox 3041 4394 3108 4448; x_wconf 87' lang='lat' dir='ltr'><strong>Et</strong></span> <span class='ocrx_word' id='word_1_843' title='bbox 3146 4393 3274 4461; x_wconf 88' lang='lat' dir='ltr'><strong>quid</strong></span> <span class='ocrx_word' id='word_1_844' title='bbox 3329 4395 3431 4447; x_wconf 92' lang='lat' dir='ltr'><strong>hoc</strong></span> <span class='ocrx_word' id='word_1_845' title='bbox 3473 4394 3591 4448; x_wconf 85' lang='lat' dir='ltr'><strong>sine</strong></span> 
     </span>
    </p>
   </div>
   <div class='ocr_carea' id='block_1_105' title="bbox 1997 4487 3592 4563">
    <p class='ocr_par' dir='ltr' id='par_1_105' title="bbox 1997 4487 3592 4563">
     <span class='ocr_line' id='line_1_105' title="bbox 1997 4487 3592 4563; baseline -0.005 -15"><span class='ocrx_word' id='word_1_846' title='bbox 1997 4491 2288 4563; x_wconf 88' lang='lat' dir='ltr'><strong>operibus?</strong></span> <span class='ocrx_word' id='word_1_847' title='bbox 2310 4491 2444 4545; x_wconf 83' lang='lat' dir='ltr'><strong>Audi</strong></span> <span class='ocrx_word' id='word_1_848' title='bbox 2475 4490 2746 4545; x_wconf 89' lang='lat' dir='ltr'><strong>Christum</strong></span> <span class='ocrx_word' id='word_1_849' title='bbox 2789 4489 3058 4544; x_wconf 89' lang='lat' dir='ltr'><strong>dicentem</strong></span> <span class='ocrx_word' id='word_1_850' title='bbox 3087 4506 3101 4543; x_wconf 91' lang='lat'><strong>:</strong></span> <span class='ocrx_word' id='word_1_851' title='bbox 3144 4487 3196 4542; x_wconf 83' lang='grc' dir='ltr'><strong><em>Ν</em></strong></span> <span class='ocrx_word' id='word_1_852' title='bbox 3202 4505 3268 4542; x_wconf 89' lang='lat' dir='ltr'><strong>on</strong></span> <span class='ocrx_word' id='word_1_853' title='bbox 3313 4488 3476 4542; x_wconf 88' lang='lat' dir='ltr'><strong>omnis</strong></span> <span class='ocrx_word' id='word_1_854' title='bbox 3505 4487 3592 4556; x_wconf 89' lang='lat' dir='ltr'><strong>qui</strong></span> 
     </span>
    </p>
   </div>
   <div class='ocr_carea' id='block_1_106' title="bbox 1997 4579 3594 4650">
    <p class='ocr_par' dir='ltr' id='par_1_106' title="bbox 1997 4579 3594 4650">
     <span class='ocr_line' id='line_1_106' title="bbox 1997 4579 3594 4650; baseline -0.004 -12"><span class='ocrx_word' id='word_1_855' title='bbox 1997 4585 2120 4638; x_wconf 87' lang='lat' dir='ltr'><strong>dicit</strong></span> <span class='ocrx_word' id='word_1_856' title='bbox 2149 4583 2307 4648; x_wconf 85' lang='lat' dir='ltr'><strong>mihi,</strong></span> <span class='ocrx_word' id='word_1_857' title='bbox 2345 4583 2578 4645; x_wconf 84' lang='lat' dir='ltr'><strong>Domine,</strong></span> <span class='ocrx_word' id='word_1_858' title='bbox 2611 4581 2844 4645; x_wconf 87' lang='lat' dir='ltr'><strong>Domine,</strong></span> <span class='ocrx_word' id='word_1_859' title='bbox 2875 4581 3082 4634; x_wconf 84' lang='lat' dir='ltr'><strong>intrabit</strong></span> <span class='ocrx_word' id='word_1_860' title='bbox 3101 4582 3152 4634; x_wconf 85' lang='lat' dir='ltr'><strong>in</strong></span> <span class='ocrx_word' id='word_1_861' title='bbox 3197 4595 3412 4650; x_wconf 85' lang='lat' dir='ltr'><strong>regnum</strong></span> <span class='ocrx_word' id='word_1_862' title='bbox 3439 4579 3594 4633; x_wconf 67' lang='lat' dir='ltr'><strong>celo-</strong></span> 
     </span>
    </p>
   </div>
   <div class='ocr_carea' id='block_1_107' title="bbox 1997 4671 3590 4746">
    <p class='ocr_par' dir='ltr' id='par_1_107' title="bbox 1997 4671 3590 4746">
     <span class='ocr_line' id='line_1_107' title="bbox 1997 4671 3590 4746; baseline -0.004 -15"><span class='ocrx_word' id='word_1_863' title='bbox 1997 4694 2138 4741; x_wconf 87' lang='lat' dir='ltr'><strong>rum,</strong></span> <span class='ocrx_word' id='word_1_864' title='bbox 2186 4675 2274 4730; x_wconf 85' lang='lat' dir='ltr'><strong>sed</strong></span> <span class='ocrx_word' id='word_1_865' title='bbox 2314 4677 2400 4744; x_wconf 83' lang='lat' dir='ltr'><strong>qui</strong></span> <span class='ocrx_word' id='word_1_866' title='bbox 2437 4677 2556 4746; x_wconf 77' lang='lat' dir='ltr'><strong>facit</strong></span> <span class='ocrx_word' id='word_1_867' title='bbox 2586 4681 2892 4728; x_wconf 82' lang='lat' dir='ltr'><strong>voluntatem</strong></span> <span class='ocrx_word' id='word_1_868' title='bbox 2933 4672 3108 4727; x_wconf 83' lang='lat' dir='ltr'><strong>Patris</strong></span> <span class='ocrx_word' id='word_1_869' title='bbox 3134 4674 3230 4726; x_wconf 84' lang='lat' dir='ltr'><strong>mei</strong></span> <span class='ocrx_word' id='word_1_870' title='bbox 3257 4715 3272 4738; x_wconf 91' lang='lat'><strong>,</strong></span> <span class='ocrx_word' id='word_1_871' title='bbox 3317 4672 3408 4733; x_wconf 87' lang='lat' dir='ltr'><strong>qui</strong></span> <span class='ocrx_word' id='word_1_872' title='bbox 3435 4682 3511 4726; x_wconf 87' lang='lat' dir='ltr'><strong>est</strong></span> <span class='ocrx_word' id='word_1_873' title='bbox 3536 4671 3590 4725; x_wconf 85' lang='lat' dir='ltr'><strong>in</strong></span> 
     </span>
    </p>
   </div>
   <div class='ocr_carea' id='block_1_108' title="bbox 1998 4767 3589 4840">
    <p class='ocr_par' dir='ltr' id='par_1_108' title="bbox 1998 4767 3589 4840">
     <span class='ocr_line' id='line_1_108' title="bbox 1998 4767 3589 4840; baseline -0.003 -17"><span class='ocrx_word' id='word_1_874' title='bbox 1998 4771 2136 4824; x_wconf 70' lang='lat' dir='ltr'><strong>cretis</strong></span> <span class='ocrx_word' id='word_1_875' title='bbox 2168 4770 2380 4840; x_wconf 82' lang='lat' dir='ltr'><strong>(Matth.</strong></span> <span class='ocrx_word' id='word_1_876' title='bbox 2411 4769 2463 4822; x_wconf 87' lang='grc'><strong>7.</strong></span> <span class='ocrx_word' id='word_1_877' title='bbox 2486 4768 2603 4837; x_wconf 68' lang='lat' dir='ltr'><strong>2f).</strong></span> <span class='ocrx_word' id='word_1_878' title='bbox 2635 4767 2790 4837; x_wconf 63' lang='lat' dir='ltr'><strong>Swpe</strong></span> <span class='ocrx_word' id='word_1_879' title='bbox 2835 4768 2994 4822; x_wconf 83' lang='lat' dir='ltr'><strong>statui</strong></span> <span class='ocrx_word' id='word_1_880' title='bbox 3026 4783 3126 4837; x_wconf 82' lang='lat' dir='ltr'><strong>ego</strong></span> <span class='ocrx_word' id='word_1_881' title='bbox 3155 4767 3315 4822; x_wconf 90' lang='lat' dir='ltr'><strong>silere</strong></span> <span class='ocrx_word' id='word_1_882' title='bbox 3343 4808 3359 4832; x_wconf 91' lang='lat'><strong>,</strong></span> <span class='ocrx_word' id='word_1_883' title='bbox 3400 4767 3589 4821; x_wconf 88' lang='lat' dir='ltr'><strong>videns</strong></span> 
     </span>
    </p>
   </div>
   <div class='ocr_carea' id='block_1_109' title="bbox 1999 4859 3590 4916">
    <p class='ocr_par' dir='ltr' id='par_1_109' title="bbox 1999 4859 3590 4916">
     <span class='ocr_line' id='line_1_109' title="bbox 1999 4859 3590 4916; baseline -0.001 -1"><span class='ocrx_word' id='word_1_884' title='bbox 1999 4863 2128 4915; x_wconf 91' lang='lat' dir='ltr'><strong>nihil</strong></span> <span class='ocrx_word' id='word_1_885' title='bbox 2156 4878 2219 4916; x_wconf 81' lang='lat' dir='ltr'><strong>ex</strong></span> <span class='ocrx_word' id='word_1_886' title='bbox 2252 4859 2590 4914; x_wconf 89' lang='lat' dir='ltr'><strong>sermonibus</strong></span> <span class='ocrx_word' id='word_1_887' title='bbox 2618 4859 2818 4913; x_wconf 92' lang='lat' dir='ltr'><strong>nostris</strong></span> <span class='ocrx_word' id='word_1_888' title='bbox 2846 4859 2996 4912; x_wconf 90' lang='lat' dir='ltr'><strong>vobis</strong></span> <span class='ocrx_word' id='word_1_889' title='bbox 3019 4859 3148 4914; x_wconf 91' lang='lat' dir='ltr'><strong>lucri</strong></span> <span class='ocrx_word' id='word_1_890' title='bbox 3173 4859 3430 4915; x_wconf 89' lang='lat' dir='ltr'><strong>accedere</strong></span> <span class='ocrx_word' id='word_1_891' title='bbox 3461 4877 3473 4912; x_wconf 94' lang='lat'><strong>:</strong></span> <span class='ocrx_word' id='word_1_892' title='bbox 3504 4860 3590 4914; x_wconf 91' lang='lat' dir='ltr'><strong>vel</strong></span> 
     </span>
    </p>
   </div>
   <div class='ocr_carea' id='block_1_110' title="bbox 2000 4950 3589 5024">
    <p class='ocr_par' dir='ltr' id='par_1_110' title="bbox 2000 4950 3589 5024">
     <span class='ocr_line' id='line_1_110' title="bbox 2000 4950 3589 5024; baseline 0.001 -17"><span class='ocrx_word' id='word_1_893' title='bbox 2000 4956 2134 5008; x_wconf 78' lang='lat' dir='ltr'><strong>forte</strong></span> <span class='ocrx_word' id='word_1_894' title='bbox 2160 4953 2365 5006; x_wconf 89' lang='lat' dir='ltr'><strong>accedit</strong></span> <span class='ocrx_word' id='word_1_895' title='bbox 2390 4995 2403 5014; x_wconf 91' lang='lat'><strong>,</strong></span> <span class='ocrx_word' id='word_1_896' title='bbox 2433 4967 2534 5022; x_wconf 89' lang='lat' dir='ltr'><strong>ego</strong></span> <span class='ocrx_word' id='word_1_897' title='bbox 2575 4968 2703 5006; x_wconf 88' lang='lat' dir='ltr'><strong>vero</strong></span> <span class='ocrx_word' id='word_1_898' title='bbox 2747 4950 2891 5021; x_wconf 89' lang='lat' dir='ltr'><strong>quod</strong></span> <span class='ocrx_word' id='word_1_899' title='bbox 2933 4952 3250 5007; x_wconf 91' lang='lat' dir='ltr'><strong>insatiabilis</strong></span> <span class='ocrx_word' id='word_1_900' title='bbox 3279 4961 3333 5008; x_wconf 90' lang='lat' dir='ltr'><strong>et</strong></span> <span class='ocrx_word' id='word_1_901' title='bbox 3361 4953 3589 5024; x_wconf 89' lang='lat' dir='ltr'><strong>cupidus</strong></span> 
     </span>
    </p>
   </div>
   <div class='ocr_carea' id='block_1_111' title="bbox 1997 5044 3590 5115">
    <p class='ocr_par' dir='ltr' id='par_1_111' title="bbox 1997 5044 3590 5115">
     <span class='ocr_line' id='line_1_111' title="bbox 1997 5044 3590 5115; baseline -0.001 -15"><span class='ocrx_word' id='word_1_902' title='bbox 1997 5048 2120 5111; x_wconf 89' lang='lat' dir='ltr'><strong>sim,</strong></span> <span class='ocrx_word' id='word_1_903' title='bbox 2148 5046 2378 5113; x_wconf 90' lang='lat' dir='ltr'><strong>idipsum</strong></span> <span class='ocrx_word' id='word_1_904' title='bbox 2414 5045 2588 5114; x_wconf 87' lang='lat' dir='ltr'><strong>patior</strong></span> <span class='ocrx_word' id='word_1_905' title='bbox 2610 5044 2751 5114; x_wconf 90' lang='lat' dir='ltr'><strong>quod</strong></span> <span class='ocrx_word' id='word_1_906' title='bbox 2783 5045 2838 5108; x_wconf 92' lang='lat' dir='ltr'><strong>ii,</strong></span> <span class='ocrx_word' id='word_1_907' title='bbox 2869 5045 2957 5115; x_wconf 91' lang='lat' dir='ltr'><strong>qni</strong></span> <span class='ocrx_word' id='word_1_908' title='bbox 2991 5044 3132 5098; x_wconf 80' lang='lat' dir='ltr'><strong>circa</strong></span> <span class='ocrx_word' id='word_1_909' title='bbox 3162 5045 3414 5115; x_wconf 85' lang='lat' dir='ltr'><strong>pecunias</strong></span> <span class='ocrx_word' id='word_1_910' title='bbox 3443 5047 3590 5098; x_wconf 85' lang='lat' dir='ltr'><strong>insa-</strong></span> 
     </span>
    </p>
   </div>
   <div class='ocr_carea' id='block_1_112' title="bbox 1999 5135 3588 5206">
    <p class='ocr_par' dir='ltr' id='par_1_112' title="bbox 1999 5135 3588 5206">
     <span class='ocr_line' id='line_1_112' title="bbox 1999 5135 3588 5206; baseline -0.001 -15"><span class='ocrx_word' id='word_1_911' title='bbox 1999 5138 2173 5192; x_wconf 86' lang='lat' dir='ltr'><strong>ninnt.</strong></span> <span class='ocrx_word' id='word_1_912' title='bbox 2201 5137 2332 5191; x_wconf 90' lang='lat' dir='ltr'><strong>Nam</strong></span> <span class='ocrx_word' id='word_1_913' title='bbox 2363 5138 2502 5190; x_wconf 89' lang='lat' dir='ltr'><strong>sicut</strong></span> <span class='ocrx_word' id='word_1_914' title='bbox 2530 5135 2642 5202; x_wconf 90' lang='lat' dir='ltr'><strong>illi,</strong></span> <span class='ocrx_word' id='word_1_915' title='bbox 2671 5137 3015 5206; x_wconf 85' lang='lat' dir='ltr'><strong>quantumvis</strong></span> <span class='ocrx_word' id='word_1_916' title='bbox 3053 5137 3424 5198; x_wconf 83' lang='lat' dir='ltr'><strong>accumulent,</strong></span> <span class='ocrx_word' id='word_1_917' title='bbox 3459 5136 3588 5189; x_wconf 86' lang='lat' dir='ltr'><strong>nihil</strong></span> 
     </span>
    </p>
   </div>
   <div class='ocr_carea' id='block_1_113' title="bbox 1996 5228 3587 5298">
    <p class='ocr_par' dir='ltr' id='par_1_113' title="bbox 1996 5228 3587 5298">
     <span class='ocr_line' id='line_1_113' title="bbox 1996 5228 3587 5298; baseline -0.003 -15"><span class='ocrx_word' id='word_1_918' title='bbox 1996 5245 2055 5283; x_wconf 85' lang='lat' dir='ltr'><strong>se</strong></span> <span class='ocrx_word' id='word_1_919' title='bbox 2087 5238 2272 5297; x_wconf 87' lang='lat' dir='ltr'><strong>putant</strong></span> <span class='ocrx_word' id='word_1_920' title='bbox 2301 5228 2499 5284; x_wconf 89' lang='lat' dir='ltr'><strong>habere</strong></span> <span class='ocrx_word' id='word_1_921' title='bbox 2528 5245 2540 5280; x_wconf 93' lang='lat'><strong>:</strong></span> <span class='ocrx_word' id='word_1_922' title='bbox 2572 5229 2648 5281; x_wconf 90' lang='lat' dir='ltr'><strong>sic</strong></span> <span class='ocrx_word' id='word_1_923' title='bbox 2675 5238 2732 5282; x_wconf 91' lang='lat' dir='ltr'><strong>et</strong></span> <span class='ocrx_word' id='word_1_924' title='bbox 2771 5244 2891 5298; x_wconf 88' lang='lat' dir='ltr'><strong>ego,</strong></span> <span class='ocrx_word' id='word_1_925' title='bbox 2922 5231 3046 5298; x_wconf 89' lang='lat' dir='ltr'><strong>quia</strong></span> <span class='ocrx_word' id='word_1_926' title='bbox 3096 5228 3323 5282; x_wconf 88' lang='lat' dir='ltr'><strong>salutem</strong></span> <span class='ocrx_word' id='word_1_927' title='bbox 3356 5237 3587 5280; x_wconf 87' lang='lat' dir='ltr'><strong>vestram</strong></span> 
     </span>
    </p>
   </div>
   <div class='ocr_carea' id='block_1_114' title="bbox 1996 5317 3588 5390">
    <p class='ocr_par' dir='ltr' id='par_1_114' title="bbox 1996 5317 3588 5390">
     <span class='ocr_line' id='line_1_114' title="bbox 1996 5317 3588 5390; baseline -0.001 -16"><span class='ocrx_word' id='word_1_928' title='bbox 1996 5321 2282 5375; x_wconf 87' lang='lat' dir='ltr'><strong>admodum</strong></span> <span class='ocrx_word' id='word_1_929' title='bbox 2319 5321 2510 5390; x_wconf 86' lang='lat' dir='ltr'><strong>cupio,</strong></span> <span class='ocrx_word' id='word_1_930' title='bbox 2534 5319 2707 5373; x_wconf 89' lang='lat' dir='ltr'><strong>donec</strong></span> <span class='ocrx_word' id='word_1_931' title='bbox 2741 5320 2926 5373; x_wconf 85' lang='lat' dir='ltr'><strong>videro</strong></span> <span class='ocrx_word' id='word_1_932' title='bbox 2959 5336 3052 5374; x_wconf 83' lang='lat' dir='ltr'><strong>vos</strong></span> <span class='ocrx_word' id='word_1_933' title='bbox 3095 5320 3411 5389; x_wconf 86' lang='lat' dir='ltr'><strong>profecisse,</strong></span> <span class='ocrx_word' id='word_1_934' title='bbox 3457 5317 3588 5372; x_wconf 90' lang='lat' dir='ltr'><strong>nihil</strong></span> 
     </span>
    </p>
   </div>
   <div class='ocr_carea' id='block_1_115' title="bbox 1997 5409 3586 5482">
    <p class='ocr_par' dir='ltr' id='par_1_115' title="bbox 1997 5409 3586 5482">
     <span class='ocr_line' id='line_1_115' title="bbox 1997 5409 3586 5482; baseline -0.004 -16"><span class='ocrx_word' id='word_1_935' title='bbox 1997 5428 2083 5466; x_wconf 89' lang='lat' dir='ltr'><strong>me</strong></span> <span class='ocrx_word' id='word_1_936' title='bbox 2106 5412 2295 5466; x_wconf 88' lang='lat' dir='ltr'><strong>fecisse</strong></span> <span class='ocrx_word' id='word_1_937' title='bbox 2315 5421 2460 5480; x_wconf 90' lang='lat' dir='ltr'><strong>puto,</strong></span> <span class='ocrx_word' id='word_1_938' title='bbox 2484 5410 2625 5482; x_wconf 88' lang='lat' dir='ltr'><strong>quod</strong></span> <span class='ocrx_word' id='word_1_939' title='bbox 2651 5412 2875 5466; x_wconf 90' lang='lat' dir='ltr'><strong>multum</strong></span> <span class='ocrx_word' id='word_1_940' title='bbox 2899 5411 3220 5474; x_wconf 75' lang='lat' dir='ltr'><strong>desiderem,</strong></span> <span class='ocrx_word' id='word_1_941' title='bbox 3249 5420 3306 5462; x_wconf 91' lang='lat' dir='ltr'><strong>ut</strong></span> <span class='ocrx_word' id='word_1_942' title='bbox 3332 5409 3396 5462; x_wconf 93' lang='lat' dir='ltr'><strong>ad</strong></span> <span class='ocrx_word' id='word_1_943' title='bbox 3415 5409 3586 5478; x_wconf 89' lang='lat' dir='ltr'><strong>ipsum</strong></span> 
     </span>
    </p>
   </div>
   <div class='ocr_carea' id='block_1_116' title="bbox 1995 5501 3586 5571">
    <p class='ocr_par' dir='ltr' id='par_1_116' title="bbox 1995 5501 3586 5571">
     <span class='ocr_line' id='line_1_116' title="bbox 1995 5501 3586 5571; baseline -0.003 -11"><span class='ocrx_word' id='word_1_944' title='bbox 1995 5505 2208 5560; x_wconf 90' lang='lat' dir='ltr'><strong>culmen</strong></span> <span class='ocrx_word' id='word_1_945' title='bbox 2252 5505 2576 5560; x_wconf 88' lang='lat' dir='ltr'><strong>ascendatis.</strong></span> <span class='ocrx_word' id='word_1_946' title='bbox 2613 5503 2814 5558; x_wconf 83' lang='lat' dir='ltr'><strong>Vellem</strong></span> <span class='ocrx_word' id='word_1_947' title='bbox 2857 5503 2928 5558; x_wconf 91' lang='lat' dir='ltr'><strong>ita</strong></span> <span class='ocrx_word' id='word_1_948' title='bbox 2971 5520 3029 5558; x_wconf 89' lang='lat' dir='ltr'><strong>se</strong></span> <span class='ocrx_word' id='word_1_949' title='bbox 3061 5503 3286 5564; x_wconf 85' lang='lat' dir='ltr'><strong>habere;</strong></span> <span class='ocrx_word' id='word_1_950' title='bbox 3335 5501 3493 5571; x_wconf 86' lang='lat' dir='ltr'><strong>idque</strong></span> <span class='ocrx_word' id='word_1_951' title='bbox 3523 5517 3586 5556; x_wconf 80' lang='lat' dir='ltr'><strong>ex</strong></span> 
     </span>
    </p>
   </div>
   <div class='ocr_carea' id='block_1_117' title="bbox 1995 5592 3592 5664">
    <p class='ocr_par' dir='ltr' id='par_1_117' title="bbox 1995 5592 3592 5664">
     <span class='ocr_line' id='line_1_117' title="bbox 1995 5592 3592 5664; baseline -0.003 -14"><span class='ocrx_word' id='word_1_952' title='bbox 1995 5596 2187 5651; x_wconf 77' lang='lat' dir='ltr'><strong>aﬁ‘eetu</strong></span> <span class='ocrx_word' id='word_1_953' title='bbox 2233 5613 2390 5661; x_wconf 91' lang='lat' dir='ltr'><strong>meo,</strong></span> <span class='ocrx_word' id='word_1_954' title='bbox 2422 5612 2527 5650; x_wconf 90' lang='lat' dir='ltr'><strong>non</strong></span> <span class='ocrx_word' id='word_1_955' title='bbox 2574 5612 2636 5651; x_wconf 83' lang='lat' dir='ltr'><strong>ex</strong></span> <span class='ocrx_word' id='word_1_956' title='bbox 2667 5606 2841 5650; x_wconf 87' lang='lat' dir='ltr'><strong>vestra</strong></span> <span class='ocrx_word' id='word_1_957' title='bbox 2889 5596 3094 5664; x_wconf 81' lang='lat' dir='ltr'><strong>ignavia</strong></span> <span class='ocrx_word' id='word_1_958' title='bbox 3140 5592 3442 5662; x_wconf 89' lang='lat' dir='ltr'><strong>proﬁcisci;</strong></span> <span class='ocrx_word' id='word_1_959' title='bbox 3493 5595 3592 5662; x_wconf 84' lang='lat' dir='ltr'><strong>sed</strong></span> 
     </span>
    </p>
   </div>
   <div class='ocr_carea' id='block_1_118' title="bbox 1997 5685 3586 5756">
    <p class='ocr_par' dir='ltr' id='par_1_118' title="bbox 1997 5685 3586 5756">
     <span class='ocr_line' id='line_1_118' title="bbox 1997 5685 3586 5756; baseline -0.003 -15"><span class='ocrx_word' id='word_1_960' title='bbox 1997 5689 2178 5754; x_wconf 89' lang='lat' dir='ltr'><strong>timeo,</strong></span> <span class='ocrx_word' id='word_1_961' title='bbox 2225 5705 2291 5742; x_wconf 91' lang='lat' dir='ltr'><strong>ne</strong></span> <span class='ocrx_word' id='word_1_962' title='bbox 2340 5688 2476 5742; x_wconf 84' lang='lat' dir='ltr'><strong>forte</strong></span> <span class='ocrx_word' id='word_1_963' title='bbox 2524 5689 2660 5742; x_wconf 90' lang='lat' dir='ltr'><strong>bene</strong></span> <span class='ocrx_word' id='word_1_964' title='bbox 2713 5687 3034 5756; x_wconf 90' lang='lat' dir='ltr'><strong>eonjectem.</strong></span> <span class='ocrx_word' id='word_1_965' title='bbox 3085 5687 3402 5739; x_wconf 84' lang='lat' dir='ltr'><strong>Persuasum</strong></span> <span class='ocrx_word' id='word_1_966' title='bbox 3443 5685 3586 5740; x_wconf 89' lang='lat' dir='ltr'><strong>enim</strong></span> 
     </span>
    </p>
   </div>
   <div class='ocr_carea' id='block_1_119' title="bbox 1997 5777 3588 5850">
    <p class='ocr_par' dir='ltr' id='par_1_119' title="bbox 1997 5777 3588 5850">
     <span class='ocr_line' id='line_1_119' title="bbox 1997 5777 3588 5850; baseline -0.002 -17"><span class='ocrx_word' id='word_1_967' title='bbox 1997 5781 2235 5836; x_wconf 84' lang='lat' dir='ltr'><strong>habeatis</strong></span> <span class='ocrx_word' id='word_1_968' title='bbox 2281 5789 2532 5846; x_wconf 88' lang='lat' dir='ltr'><strong>oportet,</strong></span> <span class='ocrx_word' id='word_1_969' title='bbox 2576 5781 2620 5834; x_wconf 87' lang='lat' dir='ltr'><strong>si</strong></span> <span class='ocrx_word' id='word_1_970' title='bbox 2661 5796 2764 5850; x_wconf 86' lang='lat' dir='ltr'><strong>qua</strong></span> <span class='ocrx_word' id='word_1_971' title='bbox 2819 5781 2869 5833; x_wconf 92' lang='lat' dir='ltr'><strong>in</strong></span> <span class='ocrx_word' id='word_1_972' title='bbox 2901 5789 3049 5834; x_wconf 84' lang='lat' dir='ltr'><strong>tanto</strong></span> <span class='ocrx_word' id='word_1_973' title='bbox 3094 5788 3337 5848; x_wconf 84' lang='lat' dir='ltr'><strong>tempore</strong></span> <span class='ocrx_word' id='word_1_974' title='bbox 3382 5777 3588 5833; x_wconf 81' lang='lat' dir='ltr'><strong>utilitas</strong></span> 
     </span>
    </p>
   </div>
   <div class='ocr_carea' id='block_1_120' title="bbox 1993 5869 3583 5944">
    <p class='ocr_par' dir='ltr' id='par_1_120' title="bbox 1993 5869 3583 5944">
     <span class='ocr_line' id='line_1_120' title="bbox 1993 5869 3583 5944; baseline -0.001 -18"><span class='ocrx_word' id='word_1_975' title='bbox 1993 5874 2352 5944; x_wconf 86' lang='lat' dir='ltr'><strong>provenisset,</strong></span> <span class='ocrx_word' id='word_1_976' title='bbox 2382 5872 2535 5927; x_wconf 89' lang='lat' dir='ltr'><strong>nobis</strong></span> <span class='ocrx_word' id='word_1_977' title='bbox 2554 5872 2665 5943; x_wconf 87' lang='lat' dir='ltr'><strong>jam</strong></span> <span class='ocrx_word' id='word_1_978' title='bbox 2685 5870 2900 5926; x_wconf 84' lang='lat' dir='ltr'><strong>dicendi</strong></span> <span class='ocrx_word' id='word_1_979' title='bbox 2927 5871 3086 5926; x_wconf 86' lang='lat' dir='ltr'><strong>ﬁnem</strong></span> <span class='ocrx_word' id='word_1_980' title='bbox 3112 5869 3414 5928; x_wconf 82' lang='lat' dir='ltr'><strong>faciendum</strong></span> <span class='ocrx_word' id='word_1_981' title='bbox 3449 5871 3583 5925; x_wconf 87' lang='lat' dir='ltr'><strong>fore.</strong></span> 
     </span>
    </p>
   </div>
   <div class='ocr_carea' id='block_1_121' title="bbox 1997 5962 3582 6035">
    <p class='ocr_par' dir='ltr' id='par_1_121' title="bbox 1997 5962 3582 6035">
     <span class='ocr_line' id='line_1_121' title="bbox 1997 5962 3582 6035; baseline -0.003 -15"><span class='ocrx_word' id='word_1_982' title='bbox 1997 5965 2086 6021; x_wconf 85' lang='lat' dir='ltr'><strong>Sic</strong></span> <span class='ocrx_word' id='word_1_983' title='bbox 2118 5964 2268 6022; x_wconf 90' lang='lat' dir='ltr'><strong>vobis</strong></span> <span class='ocrx_word' id='word_1_984' title='bbox 2303 5979 2409 6020; x_wconf 91' lang='lat' dir='ltr'><strong>non</strong></span> <span class='ocrx_word' id='word_1_985' title='bbox 2457 5979 2593 6034; x_wconf 74' lang='lat' dir='ltr'><strong>opus</strong></span> <span class='ocrx_word' id='word_1_986' title='bbox 2619 5972 2765 6020; x_wconf 86' lang='lat' dir='ltr'><strong>esset</strong></span> <span class='ocrx_word' id='word_1_987' title='bbox 2787 5963 2965 6024; x_wconf 87' lang='lat' dir='ltr'><strong>verbis</strong></span> <span class='ocrx_word' id='word_1_988' title='bbox 2987 6003 3003 6019; x_wconf 90' lang='lat'><strong>.</strong></span> <span class='ocrx_word' id='word_1_989' title='bbox 3055 5979 3178 6020; x_wconf 87' lang='lat' dir='ltr'><strong>eum</strong></span> <span class='ocrx_word' id='word_1_990' title='bbox 3207 5978 3268 6021; x_wconf 75' lang='lat' dir='ltr'><strong>ea</strong></span> <span class='ocrx_word' id='word_1_991' title='bbox 3289 6005 3303 6028; x_wconf 94' lang='lat'><strong>,</strong></span> <span class='ocrx_word' id='word_1_992' title='bbox 3334 5980 3452 6035; x_wconf 74' lang='lat' dir='ltr'><strong>qua:</strong></span> <span class='ocrx_word' id='word_1_993' title='bbox 3477 5962 3582 6032; x_wconf 83' lang='lat' dir='ltr'><strong>j-m</strong></span> 
     </span>
    </p>
   </div>
  </div>
