4112 6428
425 488 538 547 119

427 606 575 662 dicta
593 607 727 658 sunt
752 640 767 664 ,
817 596 891 652 ita
923 578 1190 649 subiciant
1214 627 1232 651 .
1262 593 1323 638 ut
1344 590 1400 637 et
1430 580 1565 633 alios
1594 565 1861 628 moderari
1904 576 2028 633 pos-

682 656 897 765 quidetn
928 686 1037 742 illis
1064 677 1378 738 absentibus
1401 668 1645 743 quiedam
1678 662 1831 717 vobis
1882 656 2027 711 utili-

416 804 522 847 'tas
549 787 852 844 accederet.
883 778 1037 849 Quod
1059 789 1188 832 vero
1225 776 1487 842 perpetuo
1513 758 1729 817 monitis
1777 767 1911 822 opus
1939 750 2028 802 ha-

443 885 631 941 beatis.
658 880 708 935 id
737 885 888 935 certe
909 848 1043 929 nihil
1065 866 1212 925 aliud
1239 863 1456 927 indicat,
1496 869 1656 928 quam
1676 848 1817 922 quod
1859 858 2030 899 vt-sua

441 992 546 1031 non
573 982 718 1027 recte
745 984 805 1025 se
831 967 1083 1022 habeant.

514 1065 762 1121 Remedia
784 1070 961 1117 contra
985 1057 1105 1111 vitia
1127 1069 1190 1107 ex
1217 1046 1501 1118 Scripturis
1524 1036 1792 1097 sumenda.
1810 1064 1879 1075 -—-
1897 1029 2032 1098 Quid

445 1176 575 1231 ergo
604 1152 1076 1212 faciendum?.non
1105 1147 1248 1202 enim
1274 1135 1661 1209 objurgandum
1694 1138 1779 1186 est
1809 1137 2034 1181 tantum.

443 1254 681 1309 Obsecro
717 1258 770 1303 et
798 1262 897 1301 oro
919 1284 935 1308 ,
968 1257 1037 1298 ne
1065 1239 1117 1295 id
1149 1236 1322 1292 solum
1364 1226 1623 1294 spectetis
1646 1265 1662 1288 ,
1697 1230 1755 1276 ut
1784 1220 1838 1274 in
1864 1216 2035 1271 eccle-

446 1350 585 1403 siam
633 1341 902 1403 veniatis;
933 1336 1028 1393 sed
1083 1340 1139 1387 ut
1188 1329 1350 1384 etiam
1383 1324 1600 1377 domum
1633 1310 1864 1385 regressi
1891 1351 1909 1376 ,
1942 1321 2035 1361 ac-

418 1448 603 1511 cepto
623 1446 809 1493 contra
838 1432 966 1487 vitia
996 1429 1286 1498 pharmaco
1308 1460 1328 1485 ,
1358 1418 1403 1471 si
1434 1431 1539 1469 non
1565 1428 1595 1465 a
1622 1408 1779 1464 nobis
1804 1448 1819 1471 ,
1843 1402 2034 1457 saltem

1428 1508 1435 1511 .
1679 1500 1710 1511 ..
1797 1496 1832 1511 ..
1888 1489 2034 1511 ____,,

440 1551 477 1585 ιι
507 1489 802 1601 ἓετὶνιιιιυίε
844 1489 1195 1593 congruentia
1227 1508 1471 1567 habeatis
1510 1500 1769 1559 remedia.
1796 1489 2039 1558 Exempli

420 1650 429 1662 α
450 1635 612 1678 causa
682 1625 767 1674 est
785 1615 909 1686 quis
935 1581 1258 1667 ii'acundus?
1283 1598 1539 1657 Attendat
1565 1589 1879 1648 lectionibus
1892 1581 2042 1640 Scri-

444 1723 753 1784 ipturarum,
780 1672 835 1762 et
861 1702 1084 1759 omnino
1107 1695 1232 1768 quid
1260 1690 1493 1762 reperiet
1518 1685 1602 1740 vel
1634 1684 1685 1737 in
1714 1676 1935 1734 historia
1958 1672 2043 1728 vel

443 1809 508 1860 tiu
532 1801 754 1861 monitis
781 1818 793 1854 :
819 1799 873 1853 in
904 1792 1121 1852 monitis
1146 1831 1161 1854 ,
1193 1802 1314 1843 cum
1340 1784 1539 1838 dicitur
1570 1796 1584 1831 :
1615 1775 1930 1832 Momentum
1958 1772 2041 1838 fu-

444 1860 589 1952 iroris
610 1896 719 1966 ejus
738 1891 892 1946 ruina
915 1887 1042 1957 ipsis
1069 1880 1259 1951 (Eceli.
1290 1879 1340 1933 1.
1362 1874 1457 1947 28)
1481 1889 1495 1938 ;
1527 1881 1582 1926 et
1602 1911 1618 1935 ,
1651 1867 1740 1923 Vir
1766 1860 2046 1919 iracundus

452 2004 559 2042 non
586 1960 843 2038 modestus
871 1977 1055 2050 (Prov.
1089 1974 1176 2029 11.
1193 1968 1313 2040 23),
1345 1977 1399 2023 et
1419 1962 1613 2019 similia
1640 1978 1655 2025 ;
1679 1960 1870 2014 iterum
1893 1967 2044 2017 vero,

442 2079 556 2133 ul’ir
585 2078 846 2146 linguosus
872 2087 971 2125 non
998 2066 1242 2136 dirigetur
1279 2059 1448 2134 (Psal.
1485 2053 1607 2111 159.
1638 2051 1725 2121 12)
1757 2068 1773 2112 ;
1803 2060 2047 2103 rursum—

459 2187 562 2241 que
580 2169 847 2231 Christus,
874 2161 977 2229 Qui
997 2135 1234 2215 irascitur
1255 2151 1405 2225 fratri
1427 2164 1520 2203 suo
1535 2146 1643 2201 sine
1657 2157 1811 2197 causa
1831 2135 2047 2207 (Matth.

456 2230 516 2321 ii.
538 2261 658 2330 22);
687 2230 989 2324 iterumque
1017 2249 1277 2322 propheta
1301 2286 1316 2307 ,
1343 2236 1650 2296 Irascimini,
1684 2242 1731 2288 et
1755 2230 1909 2284 nolite
1938 2242 2052 2295 pec-

463 2372 585 2411 rare
598 2324 769 2426 ('Psal.
792 2350 847 2405 4.
872 2348 930 2419 5)
954 2362 970 2413 ;
997 2355 1072 2409 et,
1101 2337 1409 2395 Maledictus
1431 2338 1574 2404 furor
1589 2343 1781 2387 eorum,
1805 2324 1923 2393 quia
1944 2336 2057 2390 per—

460 2410 616 2503 tinax‘
653 2445 673 2519 (
704 2410 1006 2500 Gen.49'.‘7
1036 2434 1077 2508 ).
1115 2433 1171 2488 In
1204 2427 1441 2486 historiis
1471 2438 1601 2478 vero
1623 2462 1636 2485 ,
1671 2427 1728 2474 ut
1750 2430 1873 2471 cum
1904 2410 2056 2465 audis

463 2541 805 2597 Pharaonem
833 2535 910 2590 ira
936 2542 1131 2600 magna
1162 2528 1459 2584 incensum,
1489 2517 1723 2584 itemque
1751 2506 2052 2577 Assyrium,

466 2633 559 2704 qui
588 2631 686 2685 hac
707 2627 774 2682 de
792 2638 960 2680 causa
988 2619 1282 2692 perierunt.
1307 2612 1536 2666 Rursum
1564 2605 1652 2675 qui
1681 2613 1867 2656 amore
1894 2609 2057 2666 pecu-

466 2687 571 2778 nite
612 2729 800 2791 captus
847 2722 930 2770 est
960 2687 1006 2779 ,⁷
1049 2707 1273 2765 audiat:
1306 2701 1457 2758 Nihil
1493 2712 1648 2752 avaro
1686 2691 1910 2762 iniquius
1935 2704 1954 2743 .-
1978 2687 2059 2741 hic

470 2817 612 2871 enim
637 2779 695 2868 iet-
716 2810 941 2864 animant
961 2820 1112 2860 suam
1142 2798 1371 2854 venalem
1391 2790 1588 2849 exhibet
1620 2786 1806 2860 (Eccli.
1839 2782 1928 2839 10.
1959 2779 2014 2850 9)
2043 2794 2058 2841 ;

462 2904 761 2981 >eLCbristo
788 2901 1044 2956 dicente:
1078 2891 1202 2947 Non
1249 2887 1455 2960 potestis
1495 2881 1605 2936 Deo
1632 2879 1819 2935 servire
1861 2884 1906 2928 et
1954 2887 2064 2924 ma-

475 2975 697 3065 monte(
728 2991 914 3048 Matth.
961 2989 1015 3042 6.
1051 2983 1156 3055 24)
1180 2998 1196 3046 ;
1223 2976 1545 3047 etApostolo
1574 3015 1592 3041 ,
1633 2971 1805 3027 Radix
1842 2966 2066 3021 onmium

475 3055 726 3144 malorum
749 3094 821 3139 est
847 3078 1062 3134 avaritia
1084 3076 1160 3144 (1.
1180 3071 1314 3127 Tim.
1335 3067 1389 3123 6.
1412 3067 1522 3147 16);
1551 3073 1603 3119 et
1624 3060 1903 3132 propheta.
1924 3055 2068 3109 Divi-

478 3184 566 3237 tiae
585 3181 627 3236 si
649 3177 853 3247 afﬂuant
870 3214 884 3238 ,
908 3170 1063 3225 nolite
1084 3183 1170 3221 cor
1186 3157 1625 3236 apponere(Psal.
1648 3154 1738 3209 61.
1761 3151 1853 3222 10)
1880 3192 1895 3215 ,
1920 3148 2063 3202 mul-

483 3286 642 3343 taque
662 3240 764 3324 alia
790 3263 1005 3322 similia.
1022 3261 1104 3315 Ex
1137 3253 1395 3317 historiis,
1414 3249 1620 3305 habetis
1641 3244 1786 3301 Giezi
1810 3284 1824 3307 ,
1854 3240 2066 3303 ιυιιειιιι,

478 3364 752 3439 principes
785 3359 1079 3415 scribarum
1111 3395 1126 3416 ,
1156 3360 1210 3405 et
1256 3346 1397 3419 quod
1440 3343 1587 3398 Dona
1619 3346 1870 3395 exca'eant
1900 3332 2072 3388 oculos

480 3432 792 3531 sapientium
831 3449 1024 3526 (Exod.
1052 3448 1142 3502 25.
1166 3447 1219 3501 8.
1249 3442 1403 3497 Deut.
1425 3435 1632 3505 16.19).
1680 3432 1833 3487 Alius
1878 3436 1962 3483 est
1986 3440 2075 3480 su-

492 3519 733 3625 perbus?
758 3519 949 3603 Audiat
977 3539 1107 3597 illud
1130 3580 1144 3604 ,
1183 3537 1317 3591 Deus
1341 3531 1572 3603 superbis
1591 3525 1777 3582 resistit
1808 3520 1989 3595 (Prov.
2018 3519 2072 3574 5.

486 3612 712 3715 6:1);et,
744 3628 1066 3709 Principium
1087 3630 1337 3701 superbia:
1351 3635 1609 3697 peccaturo
1632 3618 1818 3693 (Ereti.
1848 3614 1931 3670 10.
1965 3612 2075 3680 14);

482 3705 571 3805 et,’
590 3705 767 3792 omnis
781 3705 1011 3788 sublimis
1026 3726 1177 3782 corde
1196 3724 1427 3789 impurus
1446 3714 1584 3787 apud
1605 3712 1879 3767 Dominum
1897 3705 2078 3794 (Prov.

777 3786 831 3880 in
846 3819 1082 3878 historiis
1108 3859 1124 3884 ,
1154 3786 1403 3886 respicite
1420 3786 1688 3863 diabolum
1704 3786 1943 3870 aliosque
1969 3811 2083 3851 om-

494 3936 611 3976 nes.
630 3917 685 3973 ιιι
702 3930 910 3972 summa
928 3911 1056 3987 (non
1080 3908 1222 3965 enim
1245 3914 1528 3974 possumus
1553 3897 1728 3952 omnia
1754 3887 2081 3960 recensere),

495 4011 689 4083 singuli
706 4022 926 4065 suorum
943 4002 1219 4058 vulnerum
1242 3997 1528 4070 pharmaca
1549 4006 1614 4046 ex
1637 3985 1929 4058 Scripturis
1949 3982 2086 4036 divi-

500 4107 581 4162 nis
597 4106 854 4175 deligant:
871 4110 926 4156 et
944 4099 987 4153 si
1005 4111 1110 4152 non
1127 4103 1297 4150 totum
1314 4074 1492 4151 simul,
1509 4095 1710 4157 partem
1729 4095 1891 4137 unam
1907 4075 2087 4144 hodie,

494 4170 949 4267 partem'crastina
968 4188 1132 4254 die,et
1152 4186 1229 4242 sic
1244 4182 1419 4239 omnia
1431 4179 1657 4236 abluite.
1682 4175 1750 4231 Et
1763 4173 1900 4230 circa
1921 4170 2091 4243 pteni-

503 4289 804 4353 tentiam,et
816 4284 958 4341 circa
978 4278 1369 4338 confessionem
1379 4272 1537 4338 ,circa
1553 4270 1973 4337 eleemosynam,
1990 4262 2094 4315 cir-

502 4399 565 4440 ca
581 4373 1208 4452 aequitatem,castitatem
1228 4377 1528 4435 cieteraque
1545 4353 1994 4423 omnia,exempla
2013 4366 2097 4407 re-

509 4475 705 4545 peries.
731 4469 858 4525 Haec
883 4467 1080 4539 quippe
1104 4461 1275 4518 omnia
1299 4458 1490 4525 scripta
1508 4462 1625 4508 sunt
1646 4450 1715 4505 ad
1736 4446 2098 4504 institutionem

519 4536 751 4621 nostram
785 4536 981 4632 (Ro-ni.
1010 4556 1100 4612 15.
1127 4555 1162 4611 4
1185 4553 1227 4625 ),
1258 4549 1451 4620 inquit.
1476 4547 1533 4601 Si
1566 4545 1746 4613 itaque
1773 4542 1824 4595 in
1854 4536 2098 4593 admoni-

512 4663 711 4715 tionem
739 4663 975 4710 nostram
1004 4651 1146 4705 circa
1186 4644 1365 4700 omnia
1395 4640 1612 4697 disserit
1639 4679 1654 4697 .
1679 4633 2017 4690 attendamus
2046 4638 2103 4683 ut

510 4767 614 4820 par
639 4758 740 4805 est.
772 4744 908 4814 Quid
940 4741 1138 4797 frustra
1187 4752 1285 4792 nos
1316 4735 1462 4805 ipsos
1490 4724 1838 4798 decipimus?
1870 4723 2056 4777 Timeo
2085 4762 2101 4786 ,

519 4858 584 4896 ue
607 4840 676 4895 de
705 4834 858 4892 nobis
886 4835 1092 4889 dicatur
1127 4847 1140 4883 :
1171 4827 1478 4899 Defecerunt
1522 4822 1576 4875 in
1604 4819 1827 4873 vanitate
1869 4815 1975 4867 dies
2006 4828 2104 4865 no-

520 4933 611 4985 stri
629 4974 643 4998 ,
665 4939 718 4984 et
765 4926 888 4982 anni
931 4923 1090 4979 nostri
1137 4936 1253 4975 cum
1282 4916 1596 4990 festinatione
1622 4911 1640 4982 (
1667 4907 1815 4964 Psal.
1852 4907 1941 4961 67.
1967 4904 2035 4958 55
2058 4903 2104 4973 ).

520 5024 653 5093 Quis
682 5036 777 5075 nos
799 5017 1025 5073 audiens
1050 5010 1308 5068 abscessit
1334 5024 1362 5061 a
1393 5004 1617 5061 theatris
1644 5002 1667 5056 ἲ
1694 4999 1813 5069 quis
1840 4997 1907 5050 ab
1928 4995 2103 5049 avari-

523 5121 598 5177 tia
628 5115 835 5171 destitit
860 5112 884 5166 ?
913 5110 1032 5181 quis
1059 5104 1349 5163 ferventior
1379 5099 1553 5154 factus
1580 5105 1665 5150 est
1703 5091 1770 5147 ad
1813 5090 2112 5157 eleemosy—

524 5210 694 5268 nam?
724 5207 926 5263 Vellem
956 5203 1096 5259 scire
1116 5241 1131 5263 ,
1164 5213 1269 5252 non
1298 5208 1450 5249 vana:
1475 5189 1662 5261 gloriae
1686 5199 1853 5243 causa
1882 5224 1897 5242 .
1929 5180 2023 5234 sed
2056 5187 2113 5231 ut

526 5301 756 5376 alacrior
780 5299 962 5351 fierem
996 5335 1011 5358 ,
1039 5290 1228 5346 videns
1253 5284 1525 5355 egregium
1572 5279 1817 5333 laborum
1861 5273 2113 5327 fructum.

534 5396 689 5451 Nunc
732 5402 911 5446 autem
948 5383 1219 5456 quomodo
1245 5378 1396 5450 operi
1423 5388 1638 5431 manum
1668 5366 1965 5424 admovebo
1994 5406 2008 5428 ,
2043 5373 2117 5414 litt

537 5487 795 5543 doctrinm
835 5474 1034 5535 imbres
1062 5474 1327 5530 demissos
1366 5467 1556 5521 videns
1578 5505 1592 5528 ,
1627 5470 1681 5516 et
1707 5467 1918 5529 segetes
1946 5456 1997 5507 in
2027 5469 2119 5506 t-a-

538 5581 657 5634 dem
685 5589 934 5632 mensura
969 5568 1122 5626 no‘bis
1143 5569 1444 5621 manentes.
1480 5570 1579 5612 nec
1600 5550 1832 5621 majores
1861 5562 1982 5600 es~e
2008 5544 2122 5598 fru:

542 5677 659 5722 ctus
682 5666 707 5720 ?
734 5666 954 5720 Demum
1005 5672 1145 5713 areae
1188 5663 1400 5721 tempus
1439 5648 1593 5703 adest
1625 5686 1641 5709 ,
1682 5654 1792 5713 quo
1841 5637 2125 5691 adhibetur

546 5757 921 5812 ventilabrum.
942 5752 1155 5807 Timeo.
1180 5762 1248 5802 ne
1271 5753 1442 5799 totum
1473 5740 1544 5795 sit
1570 5736 1769 5791 ftenuva
1803 5747 1818 5784 :
1849 5734 2030 5789 timeo,
2056 5740 2128 5779 ne

551 5863 740 5902 omnes
764 5849 816 5901 in
843 5844 1111 5901 caminum
1143 5836 1511 5907 conjiciantur.
1537 5825 1808 5885 Praeteriit
1831 5836 2014 5885 auitas,
2036 5832 2127 5871 ve.

555 5936 630 5991 nit
677 5932 888 6001 hiems;
919 5930 1167 5987 sedemus
1197 5929 1421 5998 juvenes
1454 5934 1509 5979 et
1544 5935 1704 5977 senes
1731 5913 1960 5989 propriis
1988 5907 2128 5980 capti

1153 471 1212 526 S.
1250 459 1530 523 JOANNIS
1566 440 2046 512 CllRYSOSTOMl
2082 437 2402 497 ARCHIEP.
2441 427 2974 490 CONSTANTINOP.

3625 413 3735 471 2&0

2143 553 2304 610 vitiis.
2337 551 2415 608 Ne
2444 550 2574 606 mihi
2600 546 2903 608 dicas.Nou
2925 550 3152 600 scortor.
3176 539 3309 609 Qua;
3335 536 3482 595 enim
3508 534 3727 594 utilitas.

2144 652 2186 701 si
2217 661 2321 701 non
2354 643 2608 699 scortaris
2635 639 2853 711 quidem
2882 678 2898 704 ,
2928 636 3020 691 sed
3047 649 3242 690 avarus
3270 632 3375 687 es?
3401 631 3598 686 Passer
3623 630 3724 685 etsi

2144 754 2249 792 non
2281 753 2345 792 es
2376 735 2520 790 omni
2556 744 2705 803 parte
2725 774 2741 798 ,
2776 731 2870 785 sed
2896 744 2925 782 a
2956 727 3091 798 pede
3118 737 3324 780 tantum
3356 730 3607 778 teneatur
3631 762 3649 786 ,
3675 732 3729 776 et

2143 832 2211 883 ita
2245 828 2380 899 perit
2401 868 2419 893 ,
2452 827 2503 880 in
2530 826 2719 895 laqueo
2748 823 2989 878 irretitus
3009 861 3025 884 ,
3061 834 3159 874 nec
3188 826 3411 887 prosunt
3448 815 3550 869 alte
3577 822 3735 880 capto

2142 920 2296 988 pede.
2342 919 2430 973 Sic
2467 927 2521 971 et
2561 925 2615 970 tn
2644 955 2660 981 ,
2695 928 2801 968 non
2832 923 3023 983 captus
3049 926 3109 965 es
3143 924 3237 979 per
3265 906 3680 962 fornicationem
3715 946 3734 972 ,

2143 1013 2236 1066 sed
2258 1021 2446 1081 captus
2465 1009 2689 1063 avaritia
2716 1027 2728 1062 :
2758 1014 2947 1075 captus
2966 1015 3112 1059 certe
3133 1017 3194 1058 es
3218 1019 3232 1068 ;
3258 1016 3430 1072 neque
3451 1000 3733 1070 quaeritur.

2144 1102 2418 1174 quomodo
2452 1110 2642 1170 captus
2677 1100 2788 1162 sis,
2817 1098 2912 1152 sed
2959 1095 3101 1167 quod
3133 1103 3321 1162 captus
3351 1093 3446 1147 sis.
3475 1090 3552 1146 Ne
3591 1090 3736 1144 dicat

2139 1196 2353 1266 juvenis
2383 1212 2398 1249 :
2429 1208 2533 1248 non
2582 1207 2701 1247 sum
2733 1204 2927 1245 avarus
2965 1206 2980 1253 ;
3022 1186 3116 1240 sed
3158 1184 3296 1240 forte
3335 1184 3635 1255 fornicaris.
3664 1183 3735 1236 Et

2146 1302 2264 1356 qua:
2308 1284 2555 1338 utilitas?
2584 1282 2698 1337 Non
2743 1287 2968 1350 possunt
2996 1278 3137 1331 enim
3175 1277 3348 1329 omnia
3380 1278 3503 1328 vitia
3538 1250 3591 1327 in
3624 1288 3730 1327 una

2145 1388 2301 1433 aetate
2319 1376 2540 1447 reperiri
2569 1418 2582 1438 ,
2622 1374 2717 1429 sed
2748 1374 2979 1428 discreta
3016 1370 3105 1424 illa
3142 1379 3264 1423 sunt
3284 1410 3297 1431 ,
3327 1367 3481 1437 idque.
3506 1384 3601 1433 per
3635 1366 3728 1419 Dci

2148 1471 2551 1540 benignitatem,
2581 1484 2650 1523 ne
2671 1469 2712 1522 si
2734 1465 2894 1521 simul
2917 1463 3196 1529 invadant,
3212 1461 3443 1530 superari
3462 1468 3731 1529 nequeant

2147 1574 2202 1620 et
2229 1563 2445 1634 gravius
2475 1562 2628 1617 nobis
2657 1569 2931 1615 certamen
2961 1556 3297 1611 exitibeatur.
3327 1552 3547 1620 Quanta:
3575 1552 3730 1620 igna-

2148 1660 2248 1714 vi:e
2274 1674 2379 1712 non
2420 1655 2594 1718 fuerit,
2629 1672 2697 1710 ne
2724 1660 2971 1722 separata
3009 1649 3226 1721 quidem
3271 1648 3397 1701 vitia
3431 1659 3586 1714 posse
3615 1645 3743 1696 vin-

2149 1765 2294 1812 cere,
2325 1748 2417 1803 sed
2449 1763 2545 1816 per
2568 1745 2806 1815 singulas
2833 1752 3022 1798 aetates
3052 1741 3189 1794 vinci
3213 1781 3227 1802 ,
3254 1749 3414 1808 atque
3442 1736 3612 1790 altum
3646 1749 3743 1788 sa—

2152 1856 2280 1913 pere
2309 1842 2360 1895 in
2389 1841 2454 1894 iis
2481 1882 2496 1904 ,
2530 1855 2648 1908 quae
2681 1852 2788 1891 non
2825 1851 2891 1891 ex
2934 1843 3118 1889 nostro
3147 1829 3360 1891 studio,
3393 1827 3485 1883 sed
3521 1842 3584 1883 ex
3620 1827 3737 1895 ipsa

2151 1942 2307 1990 :etate
2327 1933 2605 2001 sapiuntur
2624 1930 2648 1983 ?
2670 1928 2787 1984 Non
2815 1926 3007 1981 videtis
3026 1925 3262 1994 aurigas,
3286 1930 3482 1992 quanta
3511 1919 3735 1987 diligen-

2156 2027 2224 2081 tia
2246 2037 2300 2080 et
2325 2023 2709 2079 exercitatione
2736 2063 2750 2085 ,
2772 2023 2986 2091 quantis
3018 2016 3292 2073 laboribus
3319 2023 3540 2068 utuntur
3561 2053 3575 2075 ,
3606 2020 3736 2079 quot

2153 2118 2288 2173 cibis
2326 2117 2554 2185 aliisque
2593 2113 2844 2168 omnibus
2868 2152 2881 2172 .
2915 2122 2973 2164 ιιι
3004 2125 3072 2163 ne
3099 2107 3419 2176 dejiciantur
3445 2104 3513 2161 de
3540 2102 3737 2156 curru?

2156 2211 2290 2267 Vide
2315 2219 2511 2281 quanta
2540 2208 2611 2262 sit
2637 2222 2745 2260 ars.
2772 2204 2905 2259 Nam
2937 2205 3018 2257 vir
3055 2202 3306 2255 robustus
3337 2215 3403 2252 ne
3432 2213 3596 2251 unum
3623 2196 3742 2264 qui-

2157 2303 2278 2358 dem
2300 2317 2495 2372 equum
2523 2314 2666 2369 sa-pe
2696 2296 2963 2352 moderari
2993 2293 3197 2365 possit;
3224 2291 3349 2345 dum
3373 2290 3750 2372 adolescentu-

2160 2396 2244 2450 lus
2280 2403 2396 2448 arte
2427 2403 2584 2445 utens
2609 2433 2623 2453 ,
2667 2389 2801 2442 duos
2845 2355 3009 2439 facile
3049 2383 3364 2437 moderatur
3396 2390 3449 2433 et
3478 2355 3647 2434 ducit.
3683 2377 3751 2429 lit

2161 2486 2299 2555 apud
2330 2483 2488 2540 ludos
2515 2482 2703 2550 ingens
2727 2480 2813 2532 illa
2835 2488 2890 2532 et
2911 2473 3262 2531 formidabilis
3287 2471 3462 2526 bellua
3490 2469 3753 2538 elephan-

2164 2589 2248 2634 tus
2273 2592 2444 2648 puero
2470 2573 2772 2645 quindecim
2803 2584 3064 2625 annorum
3097 2580 3218 2621 cum
3253 2578 3441 2634 magna
3469 2561 3753 2614 alacritate

2162 2671 2359 2726 cedere
2384 2667 2600 2722 dicitur.
2624 2663 2732 2719 Cur
2758 2663 2873 2716 ha'c
2900 2676 2931 2735 a_
2956 2676 3040 2714 me
3060 2658 3199 2712 dicta
3231 2654 3393 2710 sunt?
3420 2653 3552 2721 Quia
3575 2652 3621 2707 si
3643 2654 3757 2704 etc-

2165 2762 2393 2834 phantas
2439 2768 2493 2814 ct
2540 2772 2709 2829 equos
2758 2756 2902 2810 feros
2949 2750 3129 2807 sutdio
3175 2757 3232 2803 et
3275 2755 3391 2800 arte
3434 2746 3752 2803 domamus;

2167 2854 2334 2909 multo
2361 2851 2530 2921 magis
2561 2847 2787 2903 allectus
2816 2855 3051 2905 nostros,
3072 2839 3163 2910 qui
3196 2840 3248 2893 in
3278 2837 3433 2891 nobis
3457 2843 3613 2899 sunt,
3639 2834 3760 2887 vin-

2168 2962 2372 3005 cemus.
2407 2945 2688 3002 Undenaui
2716 2939 3038 2996 resolvimur
3063 2951 3158 3002 per
3180 2943 3340 2986 totam
3364 2933 3525 2984 vitam
3547 2928 3570 2981 ?
3591 2926 3762 2981 Num-

2170 3055 2328 3110 quam
2351 3047 2519 3092 artem
2542 3035 2684 3090 illam
2706 3031 3011 3087 curavimus
3031 3046 3042 3080 :
3065 3039 3350 3093 numquam
3374 3022 3467 3075 otii
3491 3030 3755 3087 tempore,

2172 3147 2201 3184 a
2225 3130 2811 3188 certamine-vacantes,
2841 3121 2979 3191 apud
3007 3133 3106 3174 nos
3127 3116 3479 3173 disseruimus
3501 3111 3757 3182 quidnam

2174 3223 2306 3279 utile
2332 3223 2421 3276 sit.
2451 3220 2601 3276 Tunc
2627 3233 2724 3273 nos
2754 3218 2806 3271 in
2835 3231 2997 3271 curru
3026 3219 3231 3267 stantes
3258 3209 3379 3279 quis
3399 3206 3571 3260 videat
3591 3246 3605 3266 .
3635 3218 3758 3258 cum

2175 3325 2445 3372 certamen
2486 3314 2694 3369 instat:
2729 3309 2850 3365 ideo
2900 3304 3107 3362 ridiculi
3134 3316 3338 3361 sumus.
3384 3302 3574 3354 Annon
3617 3311 3762 3365 sa-pe

2178 3408 2285 3465 dixi
2319 3426 2333 3462 :
2367 3406 2732 3462 Exerceamur
2750 3416 2869 3457 cum
2892 3396 3206 3455 domesticis
3226 3401 3351 3448 ante
3373 3385 3761 3446 tentationetn!

2180 3502 2454 3558 Adversus
2482 3511 2677 3569 pueros
2703 3509 2847 3565 stepe
2872 3491 3017 3547 domi
3040 3500 3426 3558 exasperamur
3454 3502 3469 3539 :
3499 3482 3606 3536 illic
3632 3482 3760 3534 iram

2181 3594 2465 3657 sedemus,
2496 3598 2555 3645 ut
2584 3590 2674 3645 illa
2704 3587 2842 3658 apud
2867 3583 3070 3638 amicos
3096 3579 3352 3635 facilitate
3392 3576 3472 3630 usi
3504 3588 3767 3643 apparea~

2184 3686 2326 3742 mus.
2369 3685 2425 3740 In
2455 3682 2576 3737 aliis
2615 3693 2829 3752 quoque
2857 3675 3107 3731 omnibus
3137 3674 3181 3728 si
3212 3681 3591 3727 exerceretnur
3613 3705 3628 3727 ,
3662 3680 3767 3718 non

2189 3782 2372 3850 utique
2402 3778 2454 3832 in
2486 3772 2873 3831 certaminibus
2903 3765 3113 3824 ridiculi
3133 3779 3400 3821 essemus.
3423 3760 3574 3815 Nunc
3592 3766 3772 3810 autem

2189 3889 2337 3928 arma
2368 3869 2582 3940 quidem
2610 3874 2732 3921 sunt
2757 3905 2771 3927 ,
2804 3859 3063 3918 exercitia
3098 3866 3152 3912 et
3190 3853 3363 3910 studia
3399 3854 3448 3905 in
3481 3850 3684 3905 artibus
3713 3857 3769 3901 et

2190 3959 2610 4021 certaminibus;
2642 3954 2694 4010 in
2722 3953 2920 4007 virtute
2952 3948 3192 4003 minime.
3234 3943 3350 4000 Non
3378 3942 3597 3995 auderet
3623 3938 3771 4009 agri-

2192 4055 2307 4110 cola
2338 4051 2545 4106 vineam
2569 4045 2806 4118 aggredi,
2835 4043 2938 4098 nisi
2963 4041 3107 4110 prius
3129 4045 3275 4092 recte
3304 4037 3355 4089 in
3381 4025 3588 4089 cultura
3616 4045 3779 4085 exer-

2194 4146 2424 4207 citatus;
2454 4154 2626 4211 neque
2659 4137 2983 4207 gubernator
3023 4130 3089 4187 ad
3135 4124 3496 4201 gubernacula
3540 4122 3730 4177 sedere
3759 4161 3776 4182 .

2198 4255 2304 4294 non
2332 4245 2457 4291 ante
2484 4233 2648 4303 probe
2668 4228 2992 4286 exercitatus
3026 4243 3039 4278 :
3074 4241 3178 4278 non
3203 4235 3333 4276 vero
3375 4214 3635 4286 inexperti
3658 4228 3784 4267 cum

2200 4331 2407 4394 simus,
2450 4326 2652 4397 primas
2689 4332 2872 4377 tenere
2916 4317 3184 4371 volumus.
3233 4311 3516 4380 Oporteret
3560 4317 3736 4360 tacere
3765 4345 3782 4365 .

2202 4429 2478 4494 oporteret
2520 4434 2640 4473 cuin
2681 4414 2830 4469 nullo
2868 4408 3273 4466 communicare
3314 4402 3395 4456 vel
3440 4398 3654 4469 negotio
3703 4392 3799 4447 vri

2204 4531 2455 4575 sermone
2477 4556 2492 4581 ,
2517 4512 2691 4567 donec
2723 4518 3005 4578 possemus
3033 4501 3200 4557 feram
3228 4541 3243 4564 ,
3269 4512 3389 4568 quae
3417 4495 3466 4548 in
3502 4492 3655 4546 nobis
3683 4500 3787 4547 est.

2205 4617 2465 4672 cicnrare.
2510 4607 2706 4662 Annon
2756 4602 2865 4656 fera
2902 4597 3048 4653 omni
3096 4593 3327 4649 ferocior
3370 4587 3653 4642 adversum
3693 4596 3793 4634 nus

2208 4709 2448 4777 pugnant
2487 4707 2541 4753 et
2584 4695 2732 4750 furor
2775 4700 2831 4747 et
2872 4680 3351 4756 concupiscentia?
3398 4677 3475 4733 Ne
3521 4677 3572 4730 itt
3618 4675 3793 4729 forum

2213 4811 2406 4871 pet-gas
2437 4806 2557 4847 cum
2591 4787 2742 4841 hisce
2784 4782 2909 4838 feris
2930 4820 2945 4845 ,
2977 4779 3151 4833 donec
3180 4774 3283 4829 illis
3309 4771 3518 4827 frenum
3549 4778 3672 4836 apte
3698 4765 3801 4817 im-

2214 4886 2446 4944 miseris.
2470 4882 2643 4935 donec
2683 4876 2802 4929 illas
2841 4867 3186 4927 cicuraveris.
3219 4863 3333 4918 Non
3365 4861 3512 4915 vides
3542 4859 3673 4912 istos
3704 4853 3799 4905 lm-

2216 4982 2410 5040 mines,
2431 4972 2520 5043 qni
2542 4975 2850 5025 mansuetos
2871 4964 3053 5018 leones
3073 4973 3165 5028 per
3181 4956 3349 5009 forum
3372 4949 3798 5007 cirmnnducunt,

2217 5082 2475 5143 quantum
2501 5066 2777 5119 lucrentur
2803 5067 2859 5112 et
2885 5056 2937 5109 in
2967 5049 3317 5109 admiratione
3339 5047 3447 5100 sint
3472 5086 3486 5107 ,
3516 5042 3637 5111 quia
3670 5041 3802 5092 irra-

2222 5160 2459 5221 tionabili
2507 5157 2635 5212 fera:
2683 5162 2882 5207 tantam
2929 5139 3396 5200 mansuetudinem
3438 5130 3727 5189 indidere?
3757 5129 3804 5182 si

2224 5270 2350 5311 vero
2380 5256 2603 5320 repente
2644 5244 2871 5299 ferociat
2902 5238 2988 5293 leo
3018 5277 3033 5301 ,
3077 5246 3266 5287 omnes
3295 5228 3384 5298 qui
3428 5227 3479 5280 in
3527 5223 3646 5278 foro
3683 5231 3810 5275 sunt

2182 5402 2205 5429 Ν
2226 5348 2410 5416 abigit,
2444 5351 2499 5396 et
2528 5339 2717 5395 ductor
2746 5334 2862 5401 ejus
2891 5327 3226 5399 periclitatur
3256 5363 3270 5387 ,
3301 5319 3525 5387 aliisque
3552 5309 3805 5385 perniciei

2170 5411 2207 5466 ’λ
2227 5454 2384 5495 causa
2411 5448 2515 5489 est.
2548 5429 2616 5484 Et
2655 5436 2709 5480 ιιι
2737 5439 2866 5494 ergo
2893 5422 3104 5475 leonem
3138 5413 3284 5485 prius
3314 5411 3493 5465 cicura
3526 5448 3540 5468 ,
3577 5415 3812 5470 tuncque

2228 5525 2539 5588 circumduc
2564 5523 2713 5576 illum
2739 5535 2754 5583 ;
2785 5532 2890 5573 non
2922 5523 2981 5568 ut
3020 5508 3298 5582 pecuniam
3330 5502 3562 5570 accipias
3586 5540 3600 5563 ,
3633 5495 3729 5554 sed
3756 5504 3815 5547 ut

2231 5626 2437 5681 lucrum
2466 5614 2676 5672 releras
2703 5653 2715 5675 ,
2744 5610 2832 5665 cui
2863 5622 2958 5676 par
2986 5602 3192 5659 nullum
3223 5607 3328 5653 est.
3367 5593 3515 5650 Nihil
3547 5589 3687 5644 enim
3721 5602 3819 5656 pat-

2234 5727 2317 5774 est
2345 5704 2765 5770 mansuetudini,
2797 5715 2915 5772 qua:
2944 5705 3000 5751 et
3029 5687 3427 5764 possidentibus
3458 5693 3513 5739 et
3542 5679 3818 5737 utentibus

2238 5805 2528 5863 admodum
2554 5797 2701 5853 utilis
2731 5800 2834 5849 est.
2866 5790 3014 5844 lianc
3040 5783 3197 5852 igitur
3217 5788 3491 5834 sectemur
3517 5817 3531 5840 ,
3564 5783 3620 5827 ut
3650 5769 3820 5841 possi-

2247 5912 2366 5954 mus
2392 5900 2602 5949 vu'tutis
2634 5887 2769 5941 viam
2798 5887 3043 5936 accurate
3073 5871 3277 5929 emensi
3299 5911 3314 5938 ,
3341 5879 3539 5924 :eterna
3565 5858 3821 5931 consequi
