4112 6450
287 450 381 504 ειη

287 570 434 622 ἐλλου
459 566 771 636 τεκμήριόν
800 568 1032 638 ἐστιν,ἥ
1079 567 1172 620 τοῦ
1220 567 1286 620 τὰ
1321 567 1563 639 ὑμέτερα
1617 566 1692 636 μὴ
1748 563 1953 633 σφόδρα

286 653 578 709 διακεῖσθαι
608 653 887 722 ἀκριϐῶς.

352 744 414 795 Τί
437 738 529 796 οὖν
564 742 630 795 ἂν
658 743 909 810 γένοιτο;
940 745 997 796 οὐ
1028 744 1136 814 γὰρ
1164 743 1416 812 ἐγκαλεῖν
1442 742 1522 794 δεῖ
1545 742 1725 813 μόνον.
1769 740 1954 808 Παρα-

249 817 255 824 ’
305 831 438 884 καλῶ
460 831 552 884 καὶ
581 830 777 900 δέομαι
810 832 884 902 μὴ
907 832 1060 884 τοῦτο
1094 831 1253 900 μόνον
1281 830 1437 901 ὁρᾷν,
1473 831 1622 892 ὅπως
1645 832 1723 892 εἰς
1751 826 1953 894 ἐκκληο

308 921 410 972 σίαν
431 919 762 989 ἐμϐάλλητε,
799 919 913 971 ἁλλ’
946 921 1093 982 ὅπως
1120 921 1288 972 tua}.
1314 919 1573 981 λαϐόντες
1609 916 1793 969 οἴκαδε
1827 915 1963 967 ἁνα-

299 990 495 1076 χωρῆτε
548 1006 658 1058 τῶν
698 1006 917 1059 οἰκείων
956 1007 1244 1076 φάρμακον
1296 1005 1522 1068 παθῶν,
1577 1005 1680 1058 κᾶν
1733 1003 1806 1074 μὴ
1834 1000 1963 1072 παρ’

295 1094 460 1163 ἡμῶν,
495 1093 635 1146 ἀλλὰ
665 1092 818 1163 παρὰ
862 1093 970 1145 τῶν
1025 1093 1257 1164 Γραφῶν
1321 1093 1480 1163 ἔχητε
1530 1092 1601 1144 τὰ
1652 1090 1966 1160 κατάλληλα

294 1183 579 1252 φάρμακα.
608 1174 757 1243 Οίον,
784 1179 899 1232 ἔστι
929 1197 1012 1243 τις
1042 1180 1304 1250 θυμ,ικός;
1341 1179 1666 1251 Προσεχέτω
1693 1181 1814 1240 ταῖς
1857 1176 1967 1229 τῶν

293 1269 522 1340 Γραφῶν
554 1266 917 1336 ἀναγνώσεσι,
954 1268 1048 1320 καὶ
1075 1267 1292 1330 πάντως
1332 1269 1558 1336 εὑρήσει
1586 1266 1619 1335 ἦ
1670 1268 1728 1317 ἐν
1758 1263 1969 1334 ἱστορίᾳ

294 1358 324 1426 ἢ
352 1357 678 1427 παραινέσει
711 1371 724 1384 ·
750 1357 808 1406 ἐν
833 1356 1156 1425 παραινέσει
1180 1354 1302 1424 μὲν.
1330 1355 1457 1408 ὅταν
1487 1355 1736 1424 λέγηται,
1771 1351 1842 1405 Ἡ
1859 1353 1968 1418 ῥο-

295 1443 374 1510 πὴ
396 1443 505 1496 τοῦ
537 1440 729 1510 θυμοῦ
754 1441 940 1494 αὑτοῦ
967 1440 1196 1506 πτῶσις
1222 1438 1384 1504 αὐτῷ
1409 1457 1422 1472 ο
1477 1442 1591 1502 καὶ,
1643 1439 1822 1505 Ἀνὴρ
1865 1440 1969 1490 θυι

291 1531 494 1598 μώδης
511 1532 622 1583 οὐκ
642 1527 1109 1597 εὺσχήμωγ,καὶ
1166 1529 1266 1581 ὅσα
1314 1527 1538 1580 τοιαῦτα
1566 1545 1581 1558 α
1638 1526 1734 1578 κα)⁸
1786 1523 1969 1587 πάλιν,

310 1618 494 1687 ’Δν-ὴρ
522 1616 878 1684 γ.λωσσὼδης
923 1619 993 1670 οὺ
1024 1615 1577 1682 κατευθυνθήσεται
1599 1632 1610 1644 ·
1657 1615 1751 1666 καί
1775 1614 1803 1664 6
1839 1612 1972 1680 Χρι-

310 1705 436 1767 στδς
469 1703 649 1764 πάλιν,
681 1704 734 1756 '0
753 1702 1127 1774 ὀργιζόμενος
1153 1701 1233 1767 τῷ
1266 1698 1506 1771 ἀδελφῷ
1541 1701 1730 1755 αὑτοῦ
1786 1697 1919 1766 εικῆ
1955 1715 1968 1728 °

314 1793 411 1846 καὶ
430 1793 587 1845 πάλιν
611 1795 637 1845 ό
663 1794 961 1862 προφήτης,
986 1790 1332 1859 Ὀργίζεσθε,
1359 1790 1458 1846 καὶ
1477 1789 1560 1858 μὴ
1579 1787 1966 1857 ἁμαρτάνετεο

315 1881 424 1943 καὶ,
466 1880 909 1948 Ἐπικατάρατος
929 1882 962 1933 ό
988 1878 1172 1947 θυμὸς
1196 1877 1414 1941 αὐτῶν,
1451 1877 1543 1930 ὅτι
1572 1873 1858 1940 αὐθάδης.
1881 1875 1971 1926 Ἐν

310 1967 364 2023 δὲ
401 1967 679 2038 ἱστορίαις,
712 1962 821 2020 οἷον
861 1968 990 2020 ὅταν
1020 1966 1226 2036 ἀκούῃς
1259 1965 1350 2018 τὸν
1377 1965 1579 2035 Φαραὼ
1621 1964 1822 2034 πολλῆς
1873 1964 1973 2030 ἐμ-

305 2056 687 2124 πεπλησμένον
715 2056 908 2125 ὀργῆς,
939 2056 1035 2107 καὶ
1074 2054 1165 2106 τὸν
1197 2053 1513 2123 Ἀσσύριον,
1551 2057 1645 2106 καὶ
1676 2052 1764 2104 διὰ
1817 2049 1973 2103 τοῦτο

299 2143 724 2211 ἀπολλυμένους.
777 2142 945 2195 Πάλιν
974 2141 1090 2194 ἐστι
1150 2159 1234 2203 τις
1271 2140 1579 2212 ἡττώμενος
1629 2139 1968 2209 χρημάτων;

303 2231 665 2295 ἁκουέτω,ὄτι
695 2232 1068 2298 Φιλαργύρου
1109 2228 1293 2282 οὐδὲν
1327 2227 1700 2296 ἀνομώτερον
1727 2244 1739 2256 ·
1799 2221 1978 2290 οὗτος

301 2320 406 2391 γὰρ
435 2321 535 2372 καὶ
571 2320 689 2387 τὴν
716 2319 930 2390 ψυχὴν
960 2319 1148 2372 αὐτοῦ
1190 2331 1216 2357 ⁸
1250 2317 1594 2386 ἐκπρωκτον
1627 2315 1786 2368 ποιεῖ
1809 2332 1821 2344 ·
1883 2316 1976 2368 καὶ

299 2408 391 2461 τοῦ
423 2408 664 2478 Χριστοῦ
694 2407 961 2475 λέγοντος,
984 2409 1066 2459 Οὐ
1089 2406 1355 2460 δύνασθε
1391 2403 1511 2469 Θεῷ
1541 2404 1860 2458 δουλεύειν
1878 2401 1977 2456 καὶ

298 2489 550 2560 μαμωνᾷ
577 2508 591 2522 ο
628 2492 721 2544 καὶ
747 2490 840 2543 τοῦ
883 2489 1234 2551 Ἀποστόλου,
1267 2489 1397 2540 ’Ότι
1421 2487 1554 2556 ῥίζα
1585 2487 1827 2540 πάντων
1861 2484 1982 2537 τῶν

298 2573 508 2626 κακῶν
532 2574 704 2626 ἐστιν
723 2575 760 2641 ἠ
790 2573 1150 2643 φιλαργυρία
1169 2590 1182 2602 ·
1213 2572 1309 2625 καὶ
1330 2569 1425 2622 τοῦ
1462 2571 1760 2639 προφήτου,
1789 2567 1980 2621 Πλοῦ-

299 2673 404 2720 τος
467 2656 579 2708 ἐὰν
617 2656 748 2724 ρἐ,
800 2655 886 2723 μὴ
945 2655 1344 2724 προστίθεσθε
1377 2653 1654 2719 καρδίαν,
1683 2652 1776 2704 καὶ
1807 2649 1982 2702 πολλὰ.

300 2746 468 2815 ἕτερα
496 2743 740 2800 τοιαῦτα.
773 2746 880 2797 Καὶ
913 2745 1020 2796 ἀπὸ
1047 2742 1298 2814 ἱστοριῶν
1320 2742 1410 2794 τὸν
1432 2741 1612 2810 Γιεζῆ,
1646 2741 1737 2793 τὸν
1757 2738 1979 2800 Ἰούδαν,

301 2834 430 2893 τοὺς
470 2832 734 2900 ἄρχοντας
757 2831 866 2884 τῶν
901 2830 1304 2901 Γραμματέων,
1338 2829 1431 2881 καὶ
1478 2829 1558 2880 ὅτι
1610 2825 1773 2893 Δῶρα
1814 2827 1983 2878 ἐκτυ-

301 2917 454 2985 52.102
480 2918 828 2986 ὀφθαλμοὺς
860 2917 1090 2986 σοφῶν.
1129 2916 1321 2980 Ἀλλος
1388 2917 1538 2969 ἐστὶν
1597 2914 1981 2984 ὐ’περήφανος;

316 3007 612 3066 Ἀκουέτω,
656 3007 737 3058 ὅτι
777 3005 1216 3074 ’Υπερηςράνοις
1268 3003 1691 3058 ἀντιτάσσεται
1729 3005 1760 3054 ὀ
1797 3001 1938 3065 Θεός
1968 3017 1981 3030 ο

303 3093 419 3150 καὶ,
447 3089 630 3158 Ἀρχὴ
662 3091 1082 3159 ὑπερηφανίας
1110 3089 1366 3157 ἁμαρτία
1385 3105 1399 3119 ·
1430 3087 1546 3150 καὶ,
1593 3084 1720 3152 Πᾶς
1764 3088 1987 3153 ὑψηλο-

307 3177 556 3244 κάρδιος
584 3175 918 3244 ἀκάθαρτος
946 3177 1104 3245 παρὰ
1137 3177 1346 3244 Κυρίῳ.
1379 3175 1490 3228 Καὶ
1519 3177 1575 3226 ἐν
1600 3173 1862 3244 ἱστορίαις
1895 3170 1986 3224 τὸν

308 3265 577 3329 διάϐολον,
606 3268 695 3319 καὶ
731 3266 856 3328 τοὺς
890 3265 1080 3328 ἄλλους
1109 3265 1378 3326 ἅπαντας.
1431 3263 1538 3315 Καὶ
1582 3261 1717 3324 ὅλως
1762 3260 1844 3330 (οὐ
1878 3260 1987 3330 γάρ

309 3353 388 3407 Ξνι
413 3354 594 3408 πάντα
621 3354 962 3422 καταλέγειν)
994 3353 1225 3418 ’ἐκαττος
1260 3353 1368 3406 τῶν
1402 3351 1618 3406 οἰκείων
1663 3349 1989 3422 τραυμάτων

308 3445 378 3495 τὰ
407 3444 680 3514 φάρμακα
706 3445 812 3495 ἀπὸ
832 3443 940 3495 τῶν
967 3443 1126 3495 θείων
1163 3443 1201 3493 Γ
1207 3441 1395 3512 ραφῶν
1423 3441 1695 3509 ἐκλεγέτω
1717 3458 1729 3470 '
1764 3439 1865 3493 κᾶν
1915 3438 1989 3509 μὴ

312 3532 372 3584 ’τὸ
400 3533 546 3594 ὅλον,
577 3533 739 3601 μέρος
761 3530 890 3599 γοῦν
915 3532 1176 3600 τήμερον,
1203 3531 1292 3581 καὶ
1318 3529 1483 3599 μέρος
1510 3528 1722 3599 αὔριον,
1766 3523 1884 3580 εἶτα
1931 3527 1991 3580 τὸ

321 3618 435 3672 ὅλον
455 3618 812 3688 ἀπονίψασθε.
845 3619 955 3670 Καὶ
987 3618 1120 3688 περὶ
1160 3615 1448 3686 μετανοίας
1472 3616 1548 3675 δὲ,
1573 3616 1667 3668 καὶ
1697 3615 1825 3684 περὶ
1874 3615 1992 3678 ἐξο-

322 3706 687 3774 μολογήσεως,
746 3705 839 3757 καὶ
871 3705 998 3775 περὶ
1051 3704 1440 3772 ἐλεημοσύνης,
1495 3703 1593 3754 καὶ
1646 3701 1775 3772 περὶ
1824 3703 1995 3752 ἐπιει-

315 3798 493 3861 κείας,
556 3797 650 3848 καὶ
680 3795 807 3866 περὶ
871 3793 1245 3864 σωφροσύνης,
1296 3794 1390 3845 καὶ
1440 3793 1568 3864 περὶ
1627 3792 1844 3845 πάντων
1901 3790 1992 3842 εὐ-

317 3888 478 3956 ρήσει
509 3883 678 3936 πολλὰ
708 3883 1145 3954 παραδείγματα.
1211 3881 1402 3935 Ταῦτα
1435 3881 1542 3949 γὰρ
1567 3878 1764 3932 πάντα
1819 3877 1994 3948 éypd-

313 3991 398 4042 φη
423 3972 578 4038 πρὸς
595 3973 919 4024 νουθεσίαν
947 3968 1138 4038 ἡμῶν,
1170 3968 1356 4038 φησίν.
1407 3969 1470 4020 Εἰ
1499 3968 1680 4020 τοίνυν
1709 3967 1844 4036 πρὸς
1875 3983 1997 4018 νου-

316 4059 508 4111 θεσίαν
534 4057 692 4127 ἡμῶν
717 4056 846 4128 περὶ
890 4057 1107 4109 πάντων
1142 4055 1472 4122 διαλέγεται,
1513 4053 1872 4124 προσέχωμεν
1923 4055 1997 4117 ὡς

313 4145 398 4197 δεῖ
430 4144 748 4214 προσέχειν.
788 4143 854 4196 Τί
910 4143 1088 4212 μάτην
1139 4143 1364 4204 ἑαυτοὺς
1407 4141 1745 4211 ἀπατῶμεν;
1795 4140 1998 4194 Φοϐοῦ-

320 4249 422 4300 μαι
461 4230 512 4294 ι’,
549 4229 623 4301 μὴ
657 4230 752 4283 καί
789 4228 916 4301 περὶ
941 4229 1097 4300 ἡμῶν
1123 4227 1260 4300 εἴπῃ,
1285 4245 1393 4292 τις,
1425 4228 1511 4280 ὅτι
1581 4227 1898 4291 Ἐξέλιπον
1931 4228 2000 4280 ἐν

313 4319 668 4388 ματαιότητι
695 4319 754 4370 αἱ
776 4317 987 4386 ἡμέραι
1026 4314 1214 4385 ἡμῶν,
1262 4314 1360 4368 καὶ
1395 4314 1468 4368 τὰ
1497 4315 1600 4381 ἐτη
1635 4313 1809 4381 ’ἡμῶν
1849 4315 2000 4383 μετὰ

319 4403 628 4470 σπουδῆς.
651 4403 747 4465 Τίς
775 4401 988 4455 ἀκούων
1023 4401 1182 4471 ήμῶν
1212 4402 1428 4470 ἀπέστη
1450 4400 1728 4469 θεάτρων;
1757 4400 1840 4462 τίς
1867 4399 2003 4452 ἀπέ-

322 4510 428 4560 στη
443 4490 778 4554 πλεονεξίας
797 4491 878 4552 τίς
903 4489 1309 4560 προθυμότερος
1345 4489 1535 4557 γέγονε
1554 4488 1680 4557 περὶ
1700 4487 1825 4557 ἑλεη
1835 4487 2003 4557 μοσύ-

323 4597 423 4648 νην
452 4595 468 4642 ;
508 4577 839 4646 Ἐϐουλόμην
860 4576 1073 4645 μαθεῖν,
1107 4576 1228 4646 οὐχὶ
1279 4573 1584 4639 κενοδοξίας
1612 4574 1822 4638 ἕνεκεν,
1886 4573 2003 4626 ἀλλ’

325 4668 474 4720 ῶττε
496 4666 749 4733 γενέσθαι
782 4664 1209 4736 προθυμότερος,
1239 4662 1490 4733 λαμπρὸν
1514 4663 1641 4714 δντα
1671 4662 1762 4714 τὸν
1796 4662 2005 4731 καρπὸν

328 4756 440 4808 τῶν
467 4755 644 4807 πόνων
673 4752 836 4824 ὁρῶν.
876 4752 990 4824 Νῦν
1015 4753 1071 4804 δὲ
1095 4751 1212 4815 πῶς
1235 4751 1444 4821 ἅψομαι
1468 4752 1567 4820 τῆς
1597 4751 1882 4819 ἐργασίας,
1901 4766 2004 4817 ,το-

340 4844 558 4905 σούτους
585 4842 682 4911 μὲν
704 4841 894 4905 ὑετοὺς
920 4840 1061 4913 ὁρῶν
1086 4842 1566 4911 καταφερομένους
1608 4840 1708 4910 τῆς
1753 4838 2008 4891 διδασκα-

339 4930 476 4991 λίας,
510 4928 582 4982 τὰ
597 4928 653 4981 δὲ
687 4928 814 4999 λήῖα
843 4929 975 4997 ἡμῖν
1009 4928 1103 4980 ἐπὶ
1135 4927 1228 4979 τοῦ
1278 4925 1442 4979 αὐτοῦ
1497 4926 1696 4996 μέτρου
1758 4926 2006 4996 μένοντα,

337 5018 430 5069 καὶ
461 5017 615 5069 οὐδὲν
653 5015 987 5086 ὑψηλότερον
1017 5015 1086 5067 τὰ
1108 5016 1428 5086 γεννήματα
1459 5013 1760 5083 γενόμενα;
1809 5013 2011 5067 Λοιπὸν

331 5107 361 5156 ὁ
387 5102 489 5172 τῆς
507 5102 621 5154 ἆλω
655 5103 846 5173 καιρὸς
874 5102 1194 5172 ἐφέστηκεν,
1229 5105 1256 5154 ὁ
1284 5101 1345 5153 τὸ
1371 5099 1537 5154 πτύον
1561 5099 1720 5169 ἔχων.
1762 5098 2007 5165 Δέδοικα,

338 5192 413 5261 μὴ
470 5190 531 5242 τὸ
583 5192 688 5242 πᾶν
726 5184 982 5262 χόρτος
1016 5207 1030 5220 ο
1061 5189 1296 5252 δέδοικα,
1335 5187 1411 5259 μὴ
1459 5187 1596 5257 πρὸς
1635 5189 1734 5258 τὴν
1780 5188 2012 5258 κάμινον

335 5277 731 5348 ἀπενεχθῶμεν
772 5279 1029 5340 ἅπαντες.
1071 5276 1322 5348 Παρῆλθε
1364 5276 1542 5347 Θέρος,
1589 5271 1720 5347 ἦλθε
1758 5276 1961 5346 χειμών
1993 5291 2008 5305 ⁸

336 5367 624 5435 καθήμεθα
652 5365 746 5418 καὶ
769 5365 878 5418 νέοι
906 5365 997 5418 καὶ
1027 5364 1282 5436 γέροντες
1303 5367 1413 5427 τοῖς
1431 5363 1650 5425 οἰκείοις
1664 5365 2013 5434 ἁλισκόμενοι

341 5452 716 5527 [252]πάθεσι.
740 5453 830 5524 Μή
850 5469 942 5523 μοι
974 5451 1155 5524 εἴπῃς,
1189 5453 1360 5506 ὅτιού
1389 5451 1658 5522 πορνεύω.
1675 5453 1739 5505 Τί
1762 5453 1870 5524 γὰρ
1888 5453 2015 5520 ὕφες

339 5544 451 5608 λος,
508 5543 576 5595 ἂν
638 5542 711 5610 μή
773 5539 1046 5613 πορνεύῃς
1099 5540 1219 5611 μὲν,
1274 5540 1682 5610 φιλοχρήματος
1722 5540 1778 5593 δὲ
1813 5537 1916 5612 ﬁs;
1954 5543 2014 5595 Ὀ

339 5627 603 5699 στρουθὸς
629 5627 734 5680 κᾶν
767 5625 843 5696 μὴ
868 5625 1146 5688 ἐκπαντὸς
1179 5625 1402 5696 μέρους,
1435 5625 1554 5677 ἀλλ’
1581 5624 1688 5678 ἀπὸ
1721 5624 1815 5678 τοῦ
1856 5626 2014 5690 ποδὸς

335 5715 644 5785 κατέχηται
681 5713 862 5784 μόνον,
887 5713 982 5766 καὶ
1006 5710 1180 5775 οὕτως
1203 5711 1473 5773 ἀπόλωλε,
1509 5711 1601 5765 καὶ
1633 5713 1690 5764 ἐν
1723 5715 1788 5783 τῇ
1830 5711 2014 5780 παγίδι

336 5802 566 5870 ἕστηκε,
603 5803 699 5854 καὶ
728 5802 836 5853 τῶν
859 5799 1072 5872 πτερῶν
1101 5799 1290 5868 ὄφελος
1316 5800 1492 5866 οὐδὲν,
1517 5799 1612 5852 τοῦ
1643 5799 1804 5863 ποδὸς
1847 5818 2013 5853 κατε-

338 5892 596 5962 χομένου.
629 5889 896 5943 Οὐτωκαὶ
934 5890 1020 5954 σὺ,
1069 5888 1169 5959 οὐχ
1208 5890 1380 5953 ἑάλως
1432 5889 1520 5942 διὰ
1567 5889 1854 5959 πορνείας,
1898 5888 2015 5943 ἀλλ’

404 6044 435 6072 ⁸
491 6043 573 6090 Sic
618 6048 735 6090 tres.
790 6055 933 6104 mss,
983 6040 1152 6089 Mnutf.
1184 6040 1634 6104 ﬁmum-“male.
1665 6040 1799 6090 Enlr.
1867 6039 2014 6087 ιοΦο-

342 6105 525 6160 ενι-μαι
568 6104 711 6151 doest
750 6105 798 6151 in
839 6102 1124 6162 quibusdam
1158 6115 1273 6151 mss.

1409 449 1472 503 ιΝ
1513 448 1692 504 ACTA
1724 441 2258 501 APOSTOLORUM.
2305 445 2534 502 ΙΙΟΜΙΙ...
2579 447 2768 500 XXIX.

3630 457 3744 511 2⁸26

2061 563 2235 626 ἑάλως
2264 564 2352 616 διὰ
2370 565 2739 635 φιλαργυρίας
2761 581 2774 595 ·
2811 564 2983 628 ἑάλως
3021 567 3202 634 μέντοι
3227 583 3240 596 ’
3270 567 3328 620 τὸ
3365 569 3420 622 δὲ
3463 571 3736 646 ζητούμε-

2060 668 2168 714 νον,
2203 653 2261 704 οὐ
2286 652 2401 716 πῶς
2429 653 2622 713 ἑάλως,
2647 653 2762 706 ἀλλ’
2785 653 2866 705 ὅτι
2897 653 3085 716 ἑάλως.
3116 653 3424 724 Μὴλεγέτω
3445 661 3472 710 6
3493 661 3633 726 νέος,
3656 663 3737 714 ὅτι

2069 740 2183 791 Οὐκ
2214 740 2331 807 εἰμὶ
2366 735 2774 810 φιλοχρήματος
2801 756 2816 770 ⁶
2874 739 2988 793 ἀλλ’
3025 742 3154 803 ἴσως
3195 743 3495 813 πορνεύεις.
3531 749 3640 801 Καὶ
3686 747 3739 800 τί

2062 827 2122 878 τὸ
2148 827 2338 895 ὄφελος
2370 828 2531 880 πάλιν
2557 845 2571 892 ;
2605 829 2725 881 οὐδέ
2749 829 2860 900 γὰρ
2879 829 3103 882 δυνατὸν
3125 831 3304 884 πάντα
3325 833 3396 886 τὰ
3424 835 3572 905 πάθη
3597 837 3740 889 κατά

2069 914 2198 984 μίαν
2218 919 2351 986 ἡμῖν
2382 917 2597 987 ἡλικίαν
2623 917 2933 986 ἐπιστῆναι,
2970 915 3103 968 ἀλλά
3138 916 3440 989 διώρισται,
3468 924 3560 974 καὶ
3584 923 3740 976 τοῦτο

2065 1003 2152 1056 διὰ
2175 1003 2274 1072 τὴν
2302 1003 2395 1056 τοῦ
2429 1002 2565 1055 Θεοῦ
2593 1002 3024 1074 φιλανθρωπίαν,
3044 1004 3182 1057 ὥστε
3212 1006 3286 1075 μὴ
3304 1005 3515 1078 ἀθρόως
3566 1011 3743 1063 ἐπιτε-

2069 1093 2229 1147 θέντα
2284 1095 2558 1164 ἀχείρωτα
2601 1094 2879 1162 γενέσθαι,
2927 1095 3023 1146 καὶ
3079 1095 3464 1168 χαλεπωτέραν
3483 1101 3613 1169 ἡμῖν
3644 1101 3750 1170 τὴν

2068 1183 2205 1254 πρὸς
2223 1183 2361 1235 αὐτά
2387 1183 2564 1253 πάλην
2591 1183 2949 1252 καταστῆναι.
2969 1183 3150 1254 Πόσης
3171 1184 3268 1236 οὐκ
3293 1184 3359 1237 ἂν
3382 1186 3743 1254 εἴη-νωθείας,

2074 1271 2209 1340 μηδὲ
2237 1271 2582 1343 διῃρημένων
2607 1270 2870 1324 δύνασθαι
2919 1273 3144 1342 κρατεῖν
3187 1271 3299 1325 τῶν
3356 1274 3570 1336 παθῶν,
3605 1276 3748 1328 ἀλλά

2069 1359 2190 1412 καθ’
2225 1359 2453 1412 ἕκαστον
2479 1359 2743 1427 ἡττᾶσθαι
2765 1360 2974 1429 καιρὸν,
2994 1361 3087 1413 καί
3119 1360 3264 1429 μέγα
3288 1366 3504 1430 φρονεῖν
3518 1364 3610 1415 ἐπὶ
3631 1364 3750 1416 τού-

2069 1463 2183 1510 τοις
2203 1451 2313 1512 τοῖς
2334 1450 2435 1501 οὐκ
2455 1451 2519 1500 ἐκ
2550 1449 2648 1517 τῆς
2670 1449 2839 1517 ἡμετέ
2850 1465 2946 1518 ρας
2965 1447 3221 1518 σπουδῆς,
3243 1448 3358 1502 ἀλλ’
3381 1449 3439 1515 ἐξ
3467 1451 3637 1521 αὐτῆς
3649 1454 3750 1521 τῆς

2071 1531 2286 1600 ἡλικίας
2312 1531 2752 1602 κοιμιζομένοις;
2801 1533 2913 1602 Οὐχ
2941 1533 3106 1603 ὁρᾶτε
3135 1533 3263 1595 τούς
3292 1535 3562 1604 ἡνιόχους,
3603 1535 3746 1604 πόσῃ

2073 1614 2329 1688 ἀκριϐείᾳ
2345 1619 2440 1670 καὶ
2459 1617 2738 1687 γυμνασίᾳ
2753 1618 2848 1669 καί⁸
2878 1617 3062 1680 πόνοις
3077 1617 3395 1688 κέχρηνται,
3424 1620 3518 1672 καὶ
3536 1619 3750 1682 σιτίοις,

2073 1706 2166 1758 καὶ
2187 1708 2298 1768 τοῖς
2323 1706 2502 1768 ἄλλοις
2527 1705 2752 1771 ἅπασιν,
2785 1707 2928 1761 ὥστε
2954 1707 3030 1776 μὴ
3044 1707 3490 1778 καταϐληθέντας
3519 1708 3627 1761 ἀπὸ
3641 1709 3752 1761 τῶν

2073 1793 2335 1862 ἁρμάτων
2370 1792 2631 1862 σύρεσθαι
2658 1811 2673 1859 ;
2713 1793 2863 1862 ’Ἦρα
2895 1795 3020 1846 ὅσον
3051 1795 3170 1847 ἐστὶ
3199 1795 3386 1866 τέχνη.
3438 1795 3604 1866 ’Δνὴρ
3650 1795 3750 1865 μὲν

2073 1881 2182 1952 γὰρ
2205 1881 2447 1951 ἀνδρεῖος
2473 1881 2573 1933 οὐκ
2614 1880 2680 1934 ἂν
2708 1882 2826 1943 ἐνὸς
2868 1881 3036 1934 ῖππου
3077 1881 3338 1945 πολλάκις
3375 1883 3716 1953 περιγένοιτο
3735 1902 3753 1915 ο

2080 1968 2434 2040 μειρακίσκος
2460 1968 2516 2021 δὲ
2545 1971 2612 2039 τῇ
2655 1968 2822 2038 τέχνῃ
2877 1968 3139 2032 πολλάκις
3183 1969 3310 2032 τοὺς
3355 1969 3448 2022 δύο
3491 1970 3753 2035 ἀναδεξά-

2080 2074 2258 2126 μενος,
2287 2057 2408 2124 άγει
2437 2055 2674 2118 εὐκόλως
2695 2057 2790 2108 καὶ
2811 2056 2986 2126 φέρει.
3013 2058 3124 2109 Καὶ
3144 2057 3202 2108 ἐν
3229 2056 3412 2120 Ἰνδοῖς
3442 2057 3499 2110 δὲ
3524 2057 3583 2110 τὸ
3613 2059 3758 2127 μέγα

2078 2145 2264 2215 θηρίον
2296 2145 2387 2197 καὶ
2417 2143 2645 2215 φοϐερὸν
2673 2144 2784 2196 τῶν
2824 2143 3131 2212 ἐλεφάντων
3175 2143 3390 2211 λέγεται
3441 2145 3535 2197 καὶ
3595 2145 3759 2198 δεκατ

2078 2229 2366 2278 πενταέτει
2398 2226 2549 2279 παιδὶ
2579 2227 2822 2295 γεγονότι
2850 2227 2986 2297 μετά
3011 2226 3212 2297 πολλῆς
3241 2226 3412 2280 εἴκειν
3430 2230 3530 2296 τῆς
3549 2225 3757 2298 προθυ-

2083 2315 2230 2383 μίας.
2261 2315 2326 2367 Τί
2353 2314 2416 2385 δὴ
2440 2314 2616 2368 ταῦτά
2657 2331 2745 2384 μοι
2775 2313 3031 2386 εἴρηται;
3071 2314 3192 2366 Ὅτι
3227 2315 3275 2366 εἰ
3321 2313 3619 2384 ἐλέφαντας
3666 2315 3772 2367 καὶ.

2078 2403 2278 2464 ἵππους
2302 2403 2524 2472 ἀγρίους
2578 2402 2819 2472 ἄγχομεν
2874 2401 3286 2466 σπουδάζοντες,
3336 2402 3514 2472 πολλῷ
3559 2400 3761 2471 μᾶλλον

2078 2489 2147 2543 τὰ
2179 2489 2325 2560 πάθη
2366 2490 2432 2543 τά
2460 2491 2517 2542 ἐν
2553 2491 2708 2560 ἡμῖν.
2767 2488 2938 2542 Πόθεν
2981 2487 3289 2557 ἑκλυόμεθα
3329 2488 3620 2550 διαπαντὸς
3665 2487 3761 2540 τοῦ

2082 2581 2196 2650 βίου
2225 2580 2534 2646 ;οὐδέποτε
2563 2578 2662 2649 τὴν
2692 2579 2888 2649 τέχνην
2938 2579 3350 2648 ἑμελετὴσαμεν
3388 2576 3594 2647 ταύτην
3615 2594 3628 2606 ·
3673 2578 3763 2629 οὐ·

2079 2669 2268 2722 δέποτε
2293 2671 2352 2720 ἑν
2382 2667 2559 2738 καιρῷ
2593 2667 2789 2736 σχολῆς
2818 2667 2920 2719 οὐκ
2941 2667 3092 2728 ὄντος
3116 2665 3211 2717 τοῦ
3246 2666 3456 2732 ἀγῶνος
3487 2665 3763 2734 διελέχθη-

2085 2776 2184 2826 μεν
2214 2757 2348 2827 πρὸς
2371 2756 2595 2819 ἑαυτούς
2622 2773 2675 2808 τι
2696 2755 2806 2808 τῶν
2836 2754 3143 2826 χρησίμων.
3171 2753 3304 2806 Τότε
3336 2755 3484 2823 ἡμᾶς
3526 2753 3620 2806 ἐπὶ
3666 2753 3764 2806 τοῦ

2083 2845 2330 2916 ἅρματος
2364 2843 2604 2907 ἑστῶτας
2638 2854 2662 2882 θ
2697 2842 2798 2896 ίδοι
2830 2861 2912 2906 τις
2938 2843 3023 2904 ἂν,
3055 2843 3146 2894 ὅτε
3195 2844 3223 2895 ὁ
3265 2840 3415 2908 ἀγὼν
3447 2840 3772 2910 παραγένητ

2085 2951 2194 2986 ται.
2219 2934 2318 2987 Διά
2349 2949 2429 2985 τοι
2444 2932 2605 2986 τοῦτο
2629 2931 3026 3000 καταγέλαστοί
3059 2933 3250 3000 ἐσμεν.
3275 2931 3388 2983 Οὐκ
3417 2925 3570 2982 εἷπον
3629 2930 3764 2981 πολι-

2085 3022 2263 3085 λάκις,
2293 3019 2703 3091 γυμναζώμεθα
2721 3019 2856 3090 πρὸς
2885 3020 3010 3081 τοὺς
3038 3019 3278 3081 οἰκείους
3306 3018 3414 3088 πρὸ
3447 3017 3540 3070 τοῦ
3573 3034 3766 3087 πειρασ-

2089 3109 2261 3178 σμοῦ;
2294 3098 2439 3179 Πρὸς
2462 3109 2588 3170 τοὺς
2613 3107 2806 3169 παῖδας
2829 3107 2920 3159 ἐπὶ
2947 3105 3048 3174 τῆς
3077 3105 3255 3168 οἰκίας
3301 3105 3561 3167 πολλάκις
3595 3120 3767 3173 παρο-

2088 3197 2355 3267 ξυνόμεθα
2373 3215 2386 3227 ·
2422 3197 2742 3266 κατέχωμεν
2763 3197 2879 3248 ἐκεῖ
2905 3195 2996 3247 τὸν
3017 3194 3206 3264 θυμὸν,
3232 3195 3320 3246 ἵνα
3351 3193 3589 3256 εὐκόλως
3607 3192 3768 3260 αὐτῷ.

2088 3285 2180 3338 ἐπὶ
2233 3285 2340 3336 τῶν
2398 3285 2565 3351 φίλων
2607 3282 2938 3355 κεχρημένοι
2985 3281 3328 3353 φαινώμεθα..
3366 3282 3474 3335 Καὶ
3514 3283 3605 3334 ἐπὶ
3657 3279 3780 3333 τῶν

2089 3374 2264 3430 ἄλλων
2290 3372 2549 3428 ἁπάντων
2574 3375 2622 3426 εἰ
2646 3371 3093 3441 ἐγυμναζόμεθα,
3116 3372 3216 3424 οὐκ
3243 3371 3308 3424 ἂν
3336 3372 3401 3422 ὲν
3422 3372 3535 3432 τοῖς
3561 3369 3776 3436 ἀγῶσιν

2087 3461 2238 3535 ἦμεν
2278 3462 2696 3530 καταγέλαστοι.
2745 3461 2860 3512 Νῦν
2914 3461 2973 3513 δὲ
3009 3460 3150 3512 ὅπλα
3193 3459 3296 3529 μὲν
3315 3458 3430 3511 τῶν
3457 3457 3630 3512 ἄλλων
3669 3456 3766 3508 καὶ

2091 3547 2368 3616 γυμνάσια
2394 3546 2489 3598 καὶ
2529 3545 2748 3614 μελέται
2775 3545 2904 3608 εἰσὶ,
2930 3545 3025 3596 καὶ
3065 3542 3272 3612 τεχνῶν
3324 3542 3420 3594 καὶ
3462 3538 3775 3608 παλαισμάκ

2091 3652 2201 3687 των
2230 3649 2244 3663 ⁸
2277 3633 2479 3704 ἀρετῆς
2509 3632 2567 3684 δὲ
2595 3630 2854 3700 οὐδαμοῦ.
2889 3631 3003 3682 Οὐκ
3023 3629 3089 3683 ἂν
3120 3629 3445 3698 τολμήσειεν
3476 3628 3504 3678 6
3526 3625 3770 3696 γεωργὸς

2093 3722 2339 3793 ἀμπέλου
2376 3720 2638 3789 ἅψασθαι,
2684 3720 2758 3790 μὴ
2807 3720 3072 3788 πρότερον
3115 3715 3294 3778 καλῶς
3327 3714 3663 3783 γυμνασθεὶς
3703 3715 3770 3767 τὰ

2094 3807 2378 3877 γεωργικά
2409 3823 2420 3834 ·
2453 3806 2624 3858 οὐδὲὸ
2656 3805 2995 3874 κυϐερνήτης
3022 3805 3113 3856 ἐπὶ
3149 3801 3259 3854 τῶν
3281 3801 3482 3853 οἰάκων
3527 3798 3767 3857 καθίσαι,

2099 3897 2174 3967 μὴ
2199 3895 2461 3966 πρότερον
2490 3893 2976 3964 ἐγγυμνασάμενος
3014 3889 3198 3953 καλῶς
3227 3905 3240 3918 °
3274 3891 3437 3959 ἡμεῖς
3465 3887 3522 3941 δέ
3571 3885 3774 3957 ἀμελέ-

2095 4002 2248 4054 τητοι
2284 3982 2462 4057 πάντῃ
2494 3981 2875 4052 τυγχάνοντες,
2902 3978 2972 4032 τὰ
2995 3981 3238 4050 πρωτεῖα
3272 3977 3418 4047 ἔχειν
3450 3974 3771 4046 βουλόμεθα.

2110 4072 2306 4142 Ἐχρῆν
2334 4073 2512 4142 σιγᾷν,
2537 4071 2703 4140 ἐχρῆν
2734 4068 2921 4138 μηδενὶ
2949 4068 3226 4120 κοινωνεῖν
3251 4063 3593 4134 πραγμάτων
3641 4059 3775 4129 μηδὲ

2100 4160 2381 4232 ῥημάτιον,
2412 4158 2517 4219 ἕως
2547 4156 2612 4210 ἂν
2645 4155 2990 4225 ἠδυνήθημεν
3019 4153 3079 4205 τὸ
3101 4151 3285 4222 θηρίον
3313 4149 3602 4220 ἡμερῶσαι
3634 4146 3694 4199 τὺ
3717 4149 3779 4200 ἐν

2099 4250 2256 4318 ἡμῖν..
2323 4246 2396 4298 ’Ἡ
2443 4243 2564 4314 οὐχὶ
2617 4242 2805 4313 θηρίου
2852 4241 3058 4302 παντὸς.
3085 4234 3461 4308 χαλεπώτερον
3516 4237 3782 4302 ἐπιστραιι

2100 4335 2316 4389 τεύεται
2347 4334 2479 4402 ἡμῖν
2505 4332 2597 4384 καὶ
2621 4329 2792 4400 θυμὸς
2820 4330 2915 4382 καὶ
2941 4326 3207 4396 ἐπιθυμία
3231 4341 3245 4388 ;
3287 4323 3378 4394 Μὴ
3420 4321 3664 4393 ἐμϐάλῃς
3698 4323 3778 4383 εἰς

2102 4421 2308 4492 ἀγορὰν
2343 4420 2482 4490 μετά
2506 4419 2713 4470 τούτων
2733 4415 2840 4468 τῶν
2868 4415 3091 4485 θηρίων,
3119 4414 3222 4476 ἕως
3243 4411 3307 4465 ἂν
3334 4412 3516 4473 αὐτοῖς
3548 4407 3782 4481 περιθῇς

2103 4510 2283 4571 καλῶς
2311 4508 2402 4561 τὸν
2436 4506 2674 4577 χαλινὸν,
2708 4505 2813 4568 ἓως
2851 4503 2916 4556 ἂν
2939 4503 3080 4555 αὐτὰ
3106 4500 3489 4570 τιθασσεύσῃς,
3523 4498 3616 4550 καὶ
3662 4513 3778 4566 χει-

2109 4600 2275 4670 ροήθη
2310 4597 2749 4666 κατασκευάσῃς.
2775 4597 2887 4664 Οὐχ
2914 4595 3048 4664 ὁρᾷς
3077 4591 3299 4654 τούτους
3326 4591 3453 4653 τοὺς
3491 4587 3781 4657 περιάγον-

2105 4707 2202 4750 τας
2228 4689 2352 4750 τοὺς
2377 4683 2774 4756 ἡμέρουςιῖὅὸ]
2799 4682 3135 4744 λέονταςέπὶ
3163 4681 3262 4750 τῆς
3291 4679 3518 4748 ἀγορᾶς,
3545 4676 3662 4739 πῶς
3689 4675 3782 4728 καὶ

2107 4776 2448 4847 κερδαίνουσι
2494 4773 2589 4826 καὶ
2635 4771 3032 4841 θαυμάζονται,
3074 4769 3155 4821 ὅτι
3189 4771 3246 4819 ἐν
3275 4766 3353 4836 τῷ
3383 4764 3562 4833 ἀλόγῳ
3611 4763 3782 4832 θηρίῳ

2108 4860 2363 4928 τοιαύτην
2392 4858 2711 4929 ἡμερότητα
2743 4854 3144 4924 κατώρθωσαν;
3177 4851 3240 4905 ἂν
3273 4851 3329 4904 δὲ
3354 4849 3784 4920 ἐξαίφνηςὰγρι-

2108 4954 2221 5025 ωθῇ
2273 4955 2499 5014 ἐκεῖνος,
2551 4949 2755 5010 πάντας
2806 4947 2956 4999 σοϐεῖ
3000 4947 3126 5006 τοὺς
3158 4944 3250 4996 ἐπὶ
3279 4943 3376 5011 τῆς
3426 4941 3652 5010 ἀγορᾶς,
3689 4938 3783 4989 καὶ

2110 5023 2454 5097 ἐκινδύνευσε
2480 5037 2666 5092 λοιπὸν
2683 5039 2711 5090 6
2737 5035 3017 5106 περιάγων
3045 5031 3206 5085 αὐτὸν
3229 5030 3326 5086 ἄνθ
3337 5046 3535 5100 ρωπος,
3560 5027 3654 5080 xu}.
3684 5023 3785 5090 τῆς

2111 5132 2220 5186 τῶν
2248 5131 2422 5185 ἄλλων
2459 5127 2733 5188 ἀπωλείας
2759 5125 2982 5192 γέγονεν
3023 5124 3218 5184 αἴτιος.
3253 5119 3362 5173 Καὶ
3393 5119 3457 5169 σὺ
3489 5114 3668 5167 τοίνυν
3693 5111 3783 5162 τὸν

2112 5219 2303 5272 λέοντα
2336 5217 2596 5287 πρότερον
2628 5213 2938 5285 ἡμέρωσον,
2965 5212 3060 5264 καὶ
3082 5209 3206 5261 τότε
3238 5207 3489 5277 περίαγε,
3521 5202 3618 5268 οὐχ
3643 5199 3783 5250 ὥστε

2115 5307 2376 5379 ἀργύριον
2415 5304 2624 5368 λαϐεῖν,
2655 5301 2771 5355 ἀλλ’
2803 5299 2944 5352 ὥστε
2973 5297 3232 5369 κερδάναι
3266 5293 3476 5363 κέρδος,
3518 5283 3578 5340 οὗ
3620 5285 3784 5356 μηδέν

2114 5378 2263 5448 ἐστιν
2291 5393 2425 5446 ίσον.
2461 5392 2632 5444 Οὐδὲν
2655 5389 2764 5460 γὰρ
2786 5388 2898 5442 ἴσον
2927 5384 3246 5446 ἐπιεικείας,
3269 5381 3304 5453 ἢ
3337 5379 3430 5432 καί⁴
3454 5378 3567 5438 τοῖς
3587 5389 3782 5442 κεκτη-

2066 5521 2074 5529 -
2120 5485 2323 5556 μένοις,
2347 5481 2443 5534 καὶ
2473 5480 2587 5540 τοῖς
2611 5459 2916 5549 χρωμένοις
2947 5473 3152 5542 σφόδρα
3179 5465 3589 5556 ἐστὶχρησίμη..

2115 5547 2217 5644 την
2245 5567 2336 5624 οὖν
2365 5547 2668 5636 διώκωμεν,
2702 5565 2789 5616 ἵνα
2819 5559 3138 5632 δυνηθῶμεν
3164 5559 3262 5625 τῆς
3288 5553 3496 5644 ἀρετ-ῆς
3669 5547 3791 5644 όδδν

2120 5637 2260 5731 μετὰ
2292 5655 2578 5728 ἀκριϐείας
2602 5650 2973 5712 διανύσαντες,
3000 5647 3110 5699 τῶν
3141 5642 3375 5696 αἰωνίων
3408 5637 3632 5707 ἀγαθῶν
3670 5637 3791 5690 ἐπι,-

2114 5723 2322 5818 ⁸τυχεῖν,
2348 5723 2534 5814 χάριτι
2550 5740 2645 5793 καὶ
2668 5733 3048 5807 φιλανθρωπίᾳ
3066 5730 3160 5784 τοῦ
3192 5729 3398 5799 Κυρίου
3422 5725 3578 5798 ἡμῶν
3613 5723 3787 5794 Ἰησοῦ

2116 5812 2381 5906 Χριστοῦ,
2411 5828 2531 5901 μεθ’
2559 5819 2620 5879 οὗ
2651 5823 2730 5894 τῷ
2751 5822 2924 5888 Πατρὶ
2945 5820 3060 5890 ἅμα
3079 5817 3158 5887 τῷ
3177 5815 3319 5887 ἁγίῳ
3341 5813 3617 5906 [ίνεύματι
3643 5812 3781 5906 δόξα,

2117 5897 2337 5994 κράτος,
2363 5919 2516 5989 τιμὴ,
2548 5916 2642 5968 νῦν
2668 5913 2759 5966 καὶ
2779 5913 2887 5976 ἀεὶ,
2913 5912 3006 5964 καὶ
3036 5910 3113 5971 εἰς
3143 5906 3268 5969 τοὺς
3299 5904 3497 5967 αἰῶνας
3531 5901 3637 5955 τῶν
3663 5897 3809 5954 ald).-

2118 6031 2243 6066 νων.
2290 6011 2347 6062 Ἀ
2358 6009 2482 6078 μήν.

2185 6101 2207 6130 ⁸³
2243 6098 2489 6150 Ἕστὼτας
2535 6092 2580 6142 in
2625 6106 2722 6142 um)
2759 6090 2920 6138 deest.
