4112 6428
381 468 481 523 121

383 589 554 645 lanna,
579 579 754 651 gratis
784 589 840 635 et
866 579 1190 652 benignitate
1217 578 1427 633 Domini
1454 581 1622 633 nostri
1655 577 1784 634 Jesu
1814 579 1978 633 Chri-

386 675 480 738 sti,
509 675 730 744 quicum
759 671 905 727 Patri
935 686 1144 742 unaque
1175 670 1396 741 Spiritui
1425 679 1612 725 sancto
1636 671 1826 741 gloria,
1861 671 1978 725 im-

1371 465 1435 521 iN
1473 465 1654 520 ACTA
1694 464 2219 522 APOSTOLORUM.
2262 463 2493 522 HOMIL.
2536 466 2708 523 XXX.

3583 479 3694 534 ΗΖ

2089 583 2318 649 perium,
2353 580 2546 646 honor,
2587 597 2732 636 nunc
2761 589 2815 637 et
2843 597 3092 656 semper,
3121 595 3176 643 et
3213 590 3274 643 tu
3290 589 3686 650 seculnam-

2090 673 2284 726 lnrum.
2319 675 2512 726 Amen.

2124 817 3674 848 ___..____________________

1743 894 2086 958 HOMILIA
2135 897 2320 960 XXX
2335 945 2349 959 .

380 1047 512 1102 CAP.
539 1045 630 1101 l3.
661 1059 716 1097 ν.
757 1043 848 1098 42.
891 1039 1203 1096 lt‘xeuntibus
1242 1051 1414 1094 autem
1451 1039 1555 1094 illis
1579 1081 1594 1106 ,
1641 1041 1886 1111 rogabant
1917 1049 1970 1092 ut

453 1137 683 1207 sequenti
709 1136 915 1191 sabbato
933 1136 1254 1196 loquerentur
1279 1135 1374 1187 sibi
1400 1133 1548 1188 verba
1580 1135 1708 1187 lucc.

456 1233 514 1286 i.
540 1227 788 1284 Vidistin‘
817 1227 964 1282 Pauli
1013 1226 1393 1296 prudentiam?
1429 1225 1544 1280 Non
1596 1237 1721 1280 tunc
1762 1234 1972 1279 tantum

385 1323 441 1378 in
471 1320 828 1376 admiratione
855 1319 971 1385 fuit,
1002 1318 1096 1374 sed
1136 1319 1296 1373 etiam
1326 1319 1520 1373 iterum
1547 1317 1798 1372 audiendi
1830 1317 1975 1372 desi-

381 1414 598 1480 derium
629 1411 850 1466 immisit
877 1411 1002 1476 illis,
1035 1425 1156 1464 cum
1184 1410 1389 1464 semina
1419 1408 1664 1478 qumdam
1697 1408 1975 1477 injecisset

385 1524 453 1563 ac
476 1507 711 1562 nondum
729 1505 1047 1560 absolvisset
1071 1546 1085 1570 ,
1122 1518 1296 1573 neque
1325 1503 1503 1569 verbis
1523 1502 1682 1555 linem
1715 1502 1926 1555 fecisset
1954 1541 1971 1564 ,

392 1612 457 1655 ut
474 1601 596 1654 illos
619 1599 710 1654 sibi
734 1597 1046 1652 conciliaret
1073 1611 1136 1650 ac
1165 1596 1458 1650 benevolos
1487 1593 1766 1656 redderet,
1799 1608 1974 1663 neque

399 1693 580 1746 omnia
617 1691 762 1744 simul
793 1688 1086 1760 ingerendo
1131 1702 1385 1742 nauseam
1435 1695 1668 1755 pareret.
1705 1684 1920 1738 Dixerat
1956 1702 1968 1737 :

402 1787 638 1840 Retttissio
659 1795 973 1853 peccatorum
1005 1800 1092 1852 per
1119 1783 1254 1834 hunc
1278 1782 1416 1834 vobis
1443 1779 1774 1832 annuntiatur
1797 1795 1812 1840 ;
1841 1793 1972 1847 qun-

393 1878 553 1931 nmdo
595 1887 804 1939 autem,
837 1890 942 1929 non
973 1874 1285 1928 declaravit.
1327 1873 1454 1926 Post
1486 1871 1602 1924 haec
1649 1871 1841 1924 iterum
1887 1869 1969 1924 sui

387 1970 555 2039 ipsius
593 1969 916 2022 mentionem
949 1966 1076 2021 facit
1117 1968 1369 2036 primum.
1420 1964 1607 2018 Viden’
1635 1973 1831 2034 quanta
1859 1963 1972 2015 ala-

381 2064 550 2115 critas
569 2060 595 2113 ?
638 2061 989 2129 Sequebantur
1019 2059 1140 2113 illos
1161 2100 1174 2120 ,
1209 2057 1398 2127 inquit.
1433 2055 1540 2111 Cur
1571 2057 1692 2110 illos
1723 2070 1828 2109 non
1856 2063 1969 2108 sta-

382 2154 477 2207 tim
510 2153 837 2222 baptizavit?
862 2152 978 2206 Non
1012 2161 1126 2205 erat
1155 2159 1365 2218 tempus
1405 2167 1418 2201 :
1453 2147 1780 2218 persuadere
1809 2163 1970 2217 opor-

379 2245 565 2310 tebat,
599 2257 657 2298 ut
693 2244 830 2298 ﬁrmi
863 2251 1166 2297 manerent.
1195 2243 1284 2294 45.
1325 2240 1550 2309 Cumque
1596 2240 1805 2293 dimissa
1844 2247 1969 2293 esset

376 2352 640 2407 synagoga
661 2377 675 2402 ,
732 2335 927 2405 sequuti
966 2343 1082 2388 sunt
1119 2333 1265 2386 multi
1297 2331 1597 2385 Iudaeorum
1628 2341 1672 2385 et
1697 2331 1968 2385 colentium

373 2429 688 2481 advenarum
734 2425 960 2481 Paulum
991 2437 1034 2481 et
1064 2426 1503 2496 Barnabant:qui
1547 2426 1807 2489 loquentes
1845 2439 1966 2477 sua-

375 2522 564 2576 debant
603 2523 671 2575 eis
701 2563 716 2587 ,
752 2531 805 2574 ut
832 2530 1090 2575 manerent
1133 2520 1186 2572 in
1233 2519 1398 2590 gratia
1440 2516 1555 2571 Dei.
1584 2518 1673 2571 Η.
1719 2516 1966 2585 Sequenti

375 2630 493 2667 vero
527 2612 736 2667 sabbato
764 2629 891 2683 pene
932 2613 1166 2666 universa
1189 2611 1366 2663 civitas
1390 2609 1619 2662 convenit
1646 2607 1827 2660 audire
1855 2623 1974 2660 ver-

375 2710 494 2758 bum
511 2703 628 2759 Dei.
660 2705 750 2760 45.
793 2702 1027 2757 Videntes
1047 2713 1214 2756 autem
1239 2701 1410 2754 turbas
1435 2698 1628 2765 Judaei,
1648 2699 1828 2767 repleti
1848 2704 1965 2751 sunt

373 2796 488 2848 zelo
512 2836 526 2858 ,
565 2805 609 2848 et
639 2793 1049 2849 contradicebant
1076 2793 1140 2845 iis
1173 2831 1190 2854 ,
1226 2807 1340 2862 qua:
1364 2809 1394 2844 a
1428 2789 1595 2843 Paulo
1621 2788 1918 2842 dicebantur
1943 2827 1960 2852 ,

372 2886 776 2940 contradicentes
798 2897 844 2940 et
873 2885 1301 2956 blaspltentantes.
1338 2883 1469 2938 Vide
1513 2882 1802 2951 nequitiam
1836 2896 1960 2950 per-

370 2997 612 3045 cussam,
640 2980 766 3034 dum
797 2979 931 3034 alios
959 2978 1210 3049 percutit.
1241 2977 1352 3030 lloc
1379 2977 1523 3045 ipsos
1547 2975 1810 3028 clariores
1839 2973 1961 3028 red-

369 3073 580 3139 debat,
625 3071 765 3142 quod
815 3071 888 3125 illi
937 3068 1389 3124 contradicerent.
1423 3067 1604 3121 Primo
1645 3066 1825 3136 itaque
1864 3079 1961 3120 sna

370 3175 568 3236 sponte
597 3165 878 3233 rogabant.
907 3160 1321 3218 Contradicentes
1349 3200 1365 3225 ,
1395 3158 1568 3229 inquit
1597 3199 1612 3222 ,
1641 3168 1690 3212 et
1714 3156 1958 3226 blasphe-

369 3268 584 3312 mantes.
627 3257 672 3313 Ο
707 3257 1092 3327 petulantiam!
1127 3263 1344 3324 propter
1367 3269 1487 3324 qua:
1509 3252 1632 3306 illos
1659 3252 1960 3320 approbare

367 3350 701 3421 oportebat,
757 3358 973 3419 pr0pter
1023 3364 1083 3402 ea
1139 3347 1210 3401 illi
1265 3345 1774 3401 contradicunt.46.
1815 3344 1959 3399 Tunc

366 3454 657 3499 constanter
691 3442 886 3496 Paulus
923 3451 969 3495 et
1009 3439 1274 3495 Barnabas
1301 3440 1572 3493 dixerunt:
1609 3436 1760 3490 Vobis
1809 3453 1960 3505 opor-

367 3536 504 3590 tebat
545 3536 764 3604 primunt
815 3533 954 3603 loqui
1014 3532 1216 3585 verbum
1275 3529 1410 3592 Dei;
1447 3529 1535 3582 sed
1589 3529 1832 3600 quoniam
1877 3543 1958 3581 re-

367 3626 563 3698 pellitis
588 3627 720 3680 illud
755 3667 770 3689 ,
801 3634 846 3678 et
896 3625 1130 3697 indignos
1173 3639 1260 3676 vos
1290 3623 1536 3689 judicatis
1585 3630 1774 3674 azterna
1815 3623 1956 3683 vita,

365 3737 482 3775 ecce
511 3719 850 3773 convertimur
873 3719 940 3770 ad
969 3727 1158 3787 gentes.
1189 3714 1394 3778 Viden’,
1422 3712 1693 3781 quomodo
1719 3727 1813 3780 per
1837 3727 1959 3766 con-

368 3813 666 3866 tentionem
724 3809 892 3878 magis
941 3807 1300 3862 extenderunt
1369 3803 1802 3875 praedicationem
1833 3843 1848 3865 ,
1901 3813 1958 3858 et

371 3902 543 3973 magis
570 3902 647 3956 illi
671 3916 730 3955 se
756 3899 1097 3954 contulerunt
1118 3899 1182 3951 ad
1200 3906 1409 3967 gentes.
1436 3903 1717 3965 postquam
1744 3896 1957 3950 ratione

371 3992 582 4047 reddita
612 3990 751 4062 apud
782 4003 1112 4059 congeneres
1163 4002 1292 4041 suos
1341 4001 1463 4040 sese
1491 3986 1649 4054 culpa
1689 3985 1956 4038 immunes

362 4081 832 4152 comprobarunt?
862 4079 970 4133 Nec
995 4078 1150 4144 dixit,
1185 4076 1390 4146 Indigni
1415 4075 1549 4130 estis
1581 4091 1596 4140 ;
1629 4074 1726 4130 sed
1746 4114 1762 4139 ,
1794 4073 1950 4128 Indi.

363 4191 497 4247 gnos
525 4191 610 4229 vos
626 4173 896 4244 judicatis,
928 4179 989 4224 ut
1015 4185 1122 4225 non
1147 4183 1410 4223 onerosus
1430 4181 1610 4222 sermo
1633 4175 1797 4221 esset.
1821 4165 1956 4220 Ecce

363 4268 702 4322 convertimur
722 4269 788 4318 ad
813 4274 1001 4335 gentes.
1026 4263 1117 4318 47.
1148 4261 1238 4316 Sic
1268 4261 1401 4314 enim
1428 4260 1663 4330 pracepit
1690 4258 1832 4311 nobis
1851 4257 1954 4311 Do-

363 4360 537 4412 minus
562 4374 579 4412 :
605 4357 766 4411 Posui
811 4369 858 4409 te
886 4357 940 4408 in
979 4355 1141 4409 lucem
1179 4354 1401 4424 gentium
1431 4392 1445 4417 ,
1477 4362 1532 4404 ut
1561 4354 1630 4404 sis
1657 4352 1710 4404 in
1738 4350 1954 4404 salutem

361 4466 528 4521 usque
551 4452 619 4503 ad
645 4459 923 4503 extremum
955 4457 1100 4500 teme
1130 4443 1284 4516 (lsai.
1304 4443 1394 4498 49.
1426 4445 1506 4513 6).
1551 4441 1621 4498 Ut
1647 4443 1795 4498 enim
1824 4459 1955 4511 gen-

365 4553 450 4597 tes
479 4542 594 4596 inec
619 4541 898 4596 audientes
921 4553 1028 4594 non
1060 4537 1528 4598 contristarentur,
1563 4536 1715 4605 quasi
1736 4551 1807 4590 ex
1831 4535 1952 4588 illn-

363 4651 486 4690 rum
532 4635 710 4690 studio
750 4634 888 4688 bona
921 4633 1050 4702 ipste
1094 4647 1201 4686 non
1247 4638 1666 4699 assequerentur
1693 4671 1708 4693 ,
1737 4628 1955 4684 adducit

367 4727 732 4798 prophetiam,
766 4725 955 4781 dicens
985 4744 996 4778 :
1031 4725 1157 4778 Dedi
1183 4734 1230 4776 te
1255 4725 1306 4778 in
1334 4723 1497 4777 lucem
1524 4723 1768 4793 gentium,
1801 4733 1857 4775 ut
1884 4723 1955 4776 sis

361 4825 416 4875 in
443 4825 660 4876 salutem
709 4836 865 4890 usque
893 4819 961 4873 ad
1009 4827 1291 4872 extremum
1336 4827 1502 4870 terrte.
1547 4815 1638 4870 48.
1678 4815 1954 4869 Audientes

362 4928 532 4971 autent
558 4926 747 4989 gentes.
780 4915 890 4970 Hoc
919 4914 1038 4969 illos
1077 4914 1366 4967 alacriores
1393 4910 1686 4975 reddebat,
1719 4910 1860 4980 quod
1888 4911 1954 4963 iis

363 5010 439 5064 illi
470 5007 1004 5076 fruerentur,quibus
1032 5007 1121 5059 alii
1151 5005 1251 5059 frui
1281 5003 1550 5059 debebant
1575 5021 1590 5069 ;
1617 5001 1834 5058 Judazos
1859 5018 1952 5054 au-

364 5112 474 5155 tem
504 5099 605 5155 hoc
631 5099 800 5169 magis
831 5097 1134 5153 mordebat.
1180 5095 1457 5148 Audientes
1483 5103 1652 5147 autem
1678 5134 1694 5158 ,
1725 5092 1897 5162 inquit
1929 5132 1948 5158 ,

361 5202 533 5262 gentes
575 5193 763 5262 gavisae
798 5199 936 5258 sunt,
976 5198 1024 5243 et
1052 5188 1407 5260 glorificabant
1448 5184 1648 5238 verbum
1692 5182 1951 5238 Domini:

369 5283 433 5336 Et
480 5285 803 5338 crediderunt
857 5289 1102 5352 quotquot
1146 5288 1290 5333 erant
1331 5277 1665 5348 praeordinati
1702 5275 1756 5328 in
1799 5277 1959 5328 vitam

358 5385 646 5438 cateruam;
677 5374 782 5430 hoc
835 5382 938 5440 est,
979 5371 1228 5443 ιιι-ειεῆηίςὲ
1279 5385 1311 5424 a
1344 5369 1474 5423 Deo.
1523 5367 1656 5421 Vide
1681 5366 1952 5435 quomodo

361 5467 604 5523 ostendit
621 5466 867 5520 utilitatis
882 5464 1241 5520 celeritatem.
1270 5461 1360 5516 49.
1389 5458 1831 5514 Disseminabatur
1855 5475 1954 5511 au-

362 5570 465 5614 tem
493 5558 698 5613 verbum
724 5557 936 5613 Domini
981 5572 1072 5625 per
1119 5555 1402 5609 universam
1445 5551 1739 5622 regionem;
1763 5549 1815 5604 id
1842 5559 1948 5614 est,

358 5651 753 5721 divulgabatur.
788 5651 866 5702 Ae
891 5648 936 5701 si
965 5648 1188 5712 diceret,
1217 5645 1332 5700 Non
1359 5643 1595 5699 contenti
1625 5642 1762 5707 seio,
1791 5655 1952 5711 opera

357 5745 522 5800 etiam
572 5742 912 5797 addiderunt.
971 5739 1102 5794 Vide
1139 5736 1411 5809 quomodo
1469 5735 1608 5805 pulsi
1637 5742 1695 5788 et
1721 5733 1840 5788 zelo
1862 5732 1944 5787 in-

357 5835 530 5902 censi,
545 5835 650 5889 alia
679 5846 872 5902 magna
898 5829 1145 5886 efﬁciunt
1169 5842 1187 5883 ε
1211 5843 1332 5884 sese
1347 5841 1578 5896 namque
1599 5833 1949 5897 apparatum,

364 5938 418 5985 ut
469 5927 692 5985 liberius
723 5931 942 5996 agerent
972 5963 988 5991 ,
1017 5931 1070 5977 ct
1095 5922 1160 5976 ad
1187 5932 1374 5992 gentes
1409 5918 1653 5976 venirent
1681 5935 1694 5985 ;
1728 5925 1786 5972 et
1827 5916 1948 5972 audi

2085 1042 2379 1108 quomodo.
2425 1042 2726 1101 Constanter
2758 1059 2963 1119 agentes
2995 1049 3194 1109 Paulus
3218 1067 3266 1110 et
3294 1055 3565 1113 Barnabas
3596 1061 3680 1113 di-

2082 1145 2264 1186 xerunt
2291 1151 2310 1189 .'
2346 1134 2496 1191 Vobis
2517 1139 2778 1207 oportebat
2803 1142 3021 1209 primunt
3040 1144 3180 1215 loqui
3206 1150 3409 1203 verbtmt
3433 1151 3531 1208 Dei
3551 1169 3572 1216 ς
3598 1155 3686 1207 sed

2083 1225 2203 1291 quia
2255 1228 2501 1295 repellitis
2544 1230 2710 1297 illud,
2743 1248 2858 1286 ecce
2900 1238 3344 1294 convertimur-ad
3357 1254 3548 1313 gentes.
3572 1245 3683 1300 Sed

2086 1314 2206 1370 vide
2236 1316 2288 1370 in
2315 1317 2417 1372 hac
2443 1319 2634 1375 lldut-ia
2656 1333 2927 1378 servatum
2952 1327 3192 1396 modum;
3222 1331 3412 1402 etjure
3440 1335 3679 1403 quidem.

2083 1403 2214 1460 Nam
2233 1407 2277 1462 si
2296 1408 2490 1466 Petrus
2505 1425 2629 1467 sese
2649 1413 2999 1482 defendebat,
3023 1421 3198 1475 multo
3218 1425 3389 1495 magis
3419 1424 3473 1481 hi
3497 1427 3686 1484 defen-

2081 1500 2236 1555 sione
2264 1517 2402 1572 opus
2434 1504 2706 1560 habebant
2730 1550 2745 1573 ,
2800 1511 3016 1566 nemine
3044 1512 3200 1583 ipsos.
3219 1515 3398 1573 isthuc
3425 1533 3676 1577 vocante.

2081 1591 2212 1645 Cum
2239 1593 2378 1649 dixit
2405 1605 2608 1662 autem,
2657 1597 2912 1668 Primum,
2943 1606 3180 1660 ostendit
3211 1607 3320 1662 illis
3346 1611 3509 1665 etiam
3539 1629 3677 1682 prac-

2079 1685 2244 1738 dicari
2275 1689 2584 1755 Oportunisse
2615 1707 2630 1756 ;
2659 1700 2714 1746 et
2757 1707 2879 1747 cum
2925 1694 3060 1750 dixit
3089 1738 3104 1762 ,
3138 1696 3544 1767 Necessarium‘,
3587 1719 3680 1758 ar-

2078 1778 2192 1844 guit
2213 1779 2316 1833 illis
2338 1781 2502 1836 etiam
2525 1786 2892 1840 necessarium
2907 1786 3104 1845 fuisse.
3129 1791 3238 1846 Sed
3256 1795 3494 1863 quoniam
3514 1798 3671 1866 repel-

2078 1870 2221 1934 ljtis;
2251 1889 2354 1927 non
2381 1873 2539 1942 dixit,
2572 1876 2664 1932 Vae
2691 1879 2844 1934 vobis
2872 1922 2886 1945 ,
2917 1897 3091 1952 neque
3115 1923 3130 1950 ,
3159 1885 3464 1944 Puniemiui
3489 1907 3504 1955 ;
3531 1891 3626 1946 sed
3653 1934 3672 1956 ,

2075 1960 2429 2018 Convertimur
2475 1966 2544 2019 ad
2583 1978 2792 2038 gentes-
2836 1970 3025 2027 Viden’
3053 1985 3251 2044 quanta
3303 1979 3687 2038 moderatione

2078 2052 2234 2121 plena
2268 2055 2337 2109 sit
2365 2055 2558 2111 ﬁducia
2592 2059 2679 2113 illa
2704 2061 2846 2116 T50.
2879 2060 3053 2119 Judau'
3094 2076 3264 2121 autem
3291 2071 3681 2128 concitaverunt

2079 2149 2319 2202 antlieres
2339 2150 2603 2220 religiosas
2625 2163 2674 2206 et
2691 2153 2948 2222 honestas,
2975 2168 3022 2212 et
3051 2161 3242 2229 primos
3271 2163 3507 2233 civitatis,
3534 2176 3580 2221 et
3596 2184 3682 2222 ea:-

2073 2239 2346 2294 citaverunt
2373 2246 2807 2314 persequutionem
2845 2249 2899 2302 in
2948 2247 3174 2304 Paulum
3198 2262 3244 2306 et
3267 2252 3559 2310 Barnabam
3576 2298 3594 2326 ,
3612 2269 3664 2314 et

2073 2332 2444 2399 ejecerunt'eos
2471 2335 2536 2388 de
2558 2337 2742 2404 ﬁnibus
2761 2339 2890 2394 suis.
2920 2340 3107 2397 Viden’
3133 2355 3390 2414 quantum
3421 2348 3668 2418 profece-

2065 2425 2180 2476 -rint
2223 2426 2313 2494 qui
2362 2426 2790 2485 adversabantur
2839 2433 3207 2502 prasdicationi
3245 2454 3258 2492 :
3302 2438 3355 2492 in
3405 2451 3664 2511 quantam

2073 2513 2458 2582 impudentiam
2489 2519 2610 2575 illas
2639 2521 3012 2580 adduxerim?
3056 2526 3147 2583 5i.
3180 2528 3248 2582 At
3285 2530 3364 2584 illi
3395 2571 3412 2598 ,
3453 2527 3683 2588 excusso.

2071 2607 2275 2672 pulvere
2301 2609 2485 2678 pedum
2515 2611 2568 2664 in
2594 2629 2678 2668 eos
2701 2653 2718 2678 ,
2748 2627 2990 2670 venerunt
3019 2615 3276 2674 Iconium.
3304 2621 3400 2676 llic
3425 2625 3666 2680 terribile

2070 2695 2200 2750 illud
2245 2697 2492 2754 fecerunt
2520 2703 2664 2771 quod
2694 2703 2934 2772 jusserat
2961 2706 3211 2764 Christus
3240 2709 3432 2766 dicens
3463 2730 3476 2766 :
3512 2713 3581 2767 Et
3624 2718 3668 2770 si

2065 2789 2178 2859 quis
2207 2806 2294 2844 vos
2320 2807 2422 2846 non
2451 2797 2715 2864 receperit,
2745 2797 2932 2866 egressi
2952 2800 3170 2853 excutite
3190 2802 3456 2870 pulverem.
3473 2806 3662 2873 pedum

2066 2890 2346 2935 vestrorum
2375 2882 2592 2952 (Matth.
2629 2886 2715 2940 i0.
2742 2887 2831 2942 14.
2866 2886 3036 2943 Marc.
3065 2890 3120 2945 6.
3154 2892 3264 2962 il).
3289 2892 3368 2947 illi
3401 2910 3531 2950 vero
3555 2911 3686 2952 non.

2069 2980 2270 3028 temere
2293 2975 2394 3030 hoc
2422 2974 2667 3032 iecerunt
2685 3018 2702 3043 ,
2734 2979 2828 3033 sed
2856 2989 3139 3051 postquam
3171 2983 3332 3054 eiecti
3358 2995 3484 3042 sunt
3505 2987 3574 3043 ab
3603 2989 3668 3043 il-

2066 3064 2154 3118 lis.
2187 3065 2451 3122 Caeterum
2482 3083 2657 3140 neque
2687 3070 2789 3126 hoc
2818 3071 3096 3144 discipulis
3125 3077 3328 3143 nocuit,
3370 3077 3465 3134 sed
3491 3082 3666 3151 magis

2068 3167 2482 3223 perseverarunt
2510 3163 2562 3214 in
2601 3161 2788 3216 verbo.
2820 3162 2944 3218 Ideo
2973 3163 3075 3220 hoc
3113 3165 3395 3224 declarans
3423 3169 3609 3238 adjicit
3642 3190 3654 3226 :

2067 3246 2159 3302 52.
2185 3247 2440 3321 Discipuli
2459 3261 2632 3306 autem
2653 3254 2979 3324 replebantur
2997 3257 3186 3328 gaudio
3215 3298 3230 3323 ,
3251 3270 3300 3314 et
3324 3259 3529 3332 Spiritu
3548 3279 3662 3317 san-

2064 3352 2166 3396 cto.
2207 3343 2446 3414 Magistri
2478 3361 2711 3417 namque
2731 3363 2971 3403 aerumna
3002 3350 3248 3422 discipuli
3277 3353 3525 3410 tiduciam
3553 3370 3666 3412 non

2065 3433 2219 3499 tollit,
2233 3434 2327 3489 sed
2353 3435 2674 3491 alacriorem
2704 3437 2853 3494 illum
2881 3441 3077 3498 reddit.
3132 3443 3301 3514 (Cap.
3326 3445 3432 3516 id.)
3460 3447 3513 3501 1.
3542 3445 3656 3501 Fa-

2063 3535 2198 3579 ctum
2219 3537 2291 3580 est
2309 3539 2479 3582 autent
2503 3527 2691 3597 Iconit',
2721 3542 2775 3583 ut
2800 3532 2956 3586 simul
2980 3534 3317 3589 introirentin
3340 3555 3670 3610 synagoganta

2062 3617 2367 3672 Judteorum
2391 3660 2406 3683 ,
2435 3629 2480 3672 et
2507 3621 2832 3692 loquerentur
2857 3666 2871 3686 ,
2901 3625 2974 3678 ita
2995 3635 3049 3679 ut
3073 3628 3330 3682 crederent
3355 3629 3674 3688 Judteorunt‘

2062 3721 2108 3766 et
2137 3711 2430 3766 Graecorum
2454 3715 2661 3786 copiosa
2687 3717 2983 3772 multitudo.
3007 3718 3241 3774 Rursum
3271 3722 3324 3776 in
3351 3737 3658 3795 synagogas

2062 3805 2354 3860 introeunt.
2382 3806 2515 3864 Vide
2535 3810 2809 3878 quomodo
2826 3825 2938 3864 non
2970 3811 3268 3868 timidiores
3297 3813 3473 3870 eil‘ecti
3501 3815 3672 3885 sint,.

2062 3912 2184 3951 cum
2211 3897 2513 3966 dixissent,
2543 3899 2986 3955 Convertimur-ad
3023 3913 3213 3975 gentes.
3257 3905 3334 3959 Ex
3365 3907 3658 3963 abundanti

2063 4000 2247 4045 tamen
2282 3991 2389 4046 illis
2417 3993 2823 4050 excusationem
2855 3996 3069 4051 tollunt.
3120 3995 3212 4051 Ita
3257 4008 3312 4052 ut
3353 4000 3655 4068 crederent,

2063 4084 2258 4152 inquit,
2286 4083 2588 4140 Judworunt
2613 4096 2660 4142 et
2685 4085 2982 4143 Graecorum
3000 4090 3213 4160 copiosa
3229 4092 3522 4148 multitudo.
3555 4095 3656 4150 Vc-

2060 4177 2288 4231 risitnile
2326 4190 2408 4232 est
2437 4180 2578 4232 enim
2611 4179 2734 4234 illos
2777 4180 2940 4236 etiam
2993 4180 3198 4238 Graecis
3223 4184 3568 4254 praedicasse.
3594 4187 3650 4242 2.

2058 4267 2164 4334 Qui
2206 4285 2321 4323 vero
2361 4271 2608 4325 increduli
2647 4272 2852 4342 fuerunt
2887 4273 3061 4328 Judaei
3097 4277 3469 4331 suscitaverunt
3503 4289 3551 4333 et
3588 4283 3681 4335 ad"

2054 4358 2372 4413 iracundiam
2397 4363 2776 4417 concitaverunt
2801 4365 3000 4418 animas
3024 4367 3252 4436 gentium
3265 4367 3507 4423 adversus
3537 4373 3650 4441 [ναι-

2055 4460 2174 4505 tres.
2201 4452 2372 4508 Simul
2399 4467 2530 4524 ergo
2571 4455 2733 4509 etiam
2762 4464 2952 4523 gentes
2978 4457 3312 4522 excitarunt,
3343 4459 3499 4529 quasi
3532 4475 3640 4515 non

2056 4544 2188 4598 satis
2219 4554 2405 4600 essent
2451 4547 2573 4617 ipsi.
2607 4547 2717 4603 Cur
2763 4548 2923 4619 igitur
2970 4549 3167 4606 istbinc
3211 4566 3318 4607 non
3356 4553 3656 4610 exierunt?

2055 4637 2188 4704 Quia
2212 4653 2318 4692 non
2347 4639 2709 4709 pellebantur,
2739 4641 2834 4697 sed
2859 4649 3066 4697 tantum
3099 4643 3570 4714 impugnabantur.
3595 4648 3649 4704 5.

2055 4729 2222 4784 Multo
2247 4732 2402 4801 igitur
2433 4741 2660 4801 tempore
2686 4732 2934 4788 demorati
2959 4745 3077 4789 sunt
3112 4777 3127 4802 ,
3157 4737 3468 4806 ﬁducialiter
3487 4756 3652 4812 agen-

2056 4831 2128 4876 tes
2161 4823 2214 4875 in
2255 4821 2478 4877 Domino
2502 4863 2518 4889 ,
2562 4823 2902 4878 testimonium
2938 4825 3230 4895 perbibente
3275 4830 3426 4884 verbo
3469 4833 3652 4902 gratia

2053 4915 2216 4984 ipsius
2247 4954 2262 4978 ,
2303 4915 2457 4969 dante
2482 4915 2630 4986 signa
2653 4926 2701 4970 et
2730 4917 2964 4989 prodigia
3000 4920 3113 4988 ﬁeri
3131 4937 3225 4990 per
3251 4938 3434 4977 manus
3453 4941 3650 4981 eorum.

2057 5004 2169 5060 lloc
2190 5005 2437 5060 fiduciam
2457 5006 2690 5062 addebat
2714 5024 2730 5074 ;
2752 5009 2862 5062 imo
2882 5008 3137 5065 ﬁduciam
3164 5012 3398 5069 addebat
3413 5016 3670 5085 ipsorum.

2055 5095 2322 5151 alacritas.
2356 5095 2483 5151 ideo
2513 5113 2748 5167 namque
2770 5115 2945 5154 rarius
2974 5102 3128 5172 signa
3152 5101 3428 5160 faciebant
3453 5108 3646 5176 {quod

2055 5195 2234 5242 autem
2265 5186 2542 5243 auditores
2565 5189 2854 5245 crederent
2875 5231 2905 5257 ,c
2925 5191 3067 5247 inter
3090 5193 3242 5264 signa
3266 5197 3645 5266 reputandum.

2055 5280 2270 5349 Aliquid
2305 5280 2470 5351 igitur
2507 5283 2836 5351 operabatur
2860 5284 3075 5341 dicendi
3107 5286 3350 5342 libertas.
3375 5289 3431 5344 4.
3466 5287 3646 5344 Divisa

2054 5381 2125 5425 est
2153 5381 2325 5425 autem
2353 5373 2628 5428 multitudo
2665 5375 2890 5430 civitatis
2924 5391 2945 5430 :
2970 5378 3180 5446 quidam
3208 5389 3354 5434 erant
3387 5396 3505 5434 cum
3536 5380 3642 5435 Ju-

2053 5464 2177 5518 dteis
2198 5504 2216 5529 ,
2241 5464 2450 5532 quidam
2475 5480 2592 5518 cum
2616 5466 2881 5535 apostolis.
2908 5466 3031 5523 Non
3057 5483 3248 5539 parum
3275 5469 3641 5526 addit-adac-

2054 5554 2386 5610 cusationem
2428 5554 2576 5625 quod
2605 5556 2938 5613 scindantur.
2971 5558 3083 5614 lloc
3111 5568 3232 5614 erat
3255 5559 3401 5630 quod
3425 5561 3640 5618 dicebat

2054 5645 2299 5701 Chrisms
2322 5663 2336 5700 :
2365 5645 2484 5701 Non
2507 5649 2619 5701 veni
2641 5665 2816 5716 pacem
2837 5651 3053 5712 mittere,
3072 5650 3162 5704 sed
3182 5650 3412 5721 gladium
3426 5652 3643 5727 (Matth.

2058 5736 2143 5792 i0.
2169 5736 2284 5808 54).
2306 5737 2361 5792 5.
2381 5736 2509 5792 Cum
2528 5745 2697 5793 autem
2728 5740 2898 5809 factus
2917 5751 3046 5795 esset
3067 5741 3286 5810 impetus
3311 5745 3575 5816 gentilium
3597 5759 3644 5800 et

2053 5829 2356 5884 indecorum
2378 5844 2496 5884 cunt
2520 5829 2834 5899 principibus
2871 5831 2978 5887 suis
3007 5872 3023 5897 ,
3055 5843 3110 5888 ut
3134 5837 3452 5893 contumeliis
3473 5838 3646 5908 cnice.

2054 5933 2167 5980 rent
2189 5930 2236 5978 et
2265 5921 2552 5992 lapidarent
2570 5936 2675 5989 eos,
2699 5919 2753 5978 6.
2777 5919 3120 5995 lntelligentes
3139 5929 3476 6002 confugerunt
3491 5929 3558 5984 ad
3573 5930 3647 5984 ci-
