4112 6440
434 459 537 512 ρος

432 575 618 628 vitates
631 588 745 643 qua:
755 549 1640 643 circumerantLycaoniteLystram
1660 581 1707 625 et
1728 568 1925 622 Derben
1951 610 1966 633 ,
1984 580 2032 624 et

435 662 720 716 uniuersam
760 667 812 716 in
856 664 1070 716 circuitu
1107 664 1362 733 regionem
1394 704 1410 731 ,
1439 671 1488 716 et
1522 663 1592 716 ibi
1633 661 2033 731 euangelizantes

432 770 550 809 παπ
558 766 594 810 ι.

500 849 556 904 2.
592 846 829 903 Rursum
867 847 1019 918 quasi
1057 848 1181 902 data
1237 862 1401 917 opera
1436 845 1729 902 extendere
1778 845 2025 900 volentes

432 939 871 1009 prtedicationem
899 983 913 1005 ,
949 952 1227 1011 poSIquam
1255 948 1601 1011 augmentum
1631 938 1879 1008 accepit,
1928 939 2030 991 ite-

405 1025 549 1090 rum
574 1033 697 1088 illos
720 1034 938 1104 pellunt.
974 1034 1105 1089 Vide
1128 1034 1327 1104 ubique
1356 1031 1804 1103 persequutiones
1832 1045 2027 1100 magna

429 1128 645 1198 operari
687 1129 826 1184 bona
849 1169 865 1191 ,
900 1138 954 1183 et
1006 1136 1393 1198 persequentes
1444 1126 1586 1180 vinci
1615 1168 1630 1190 ,
1666 1125 1851 1195 pulsos
1892 1140 2023 1178 vero

427 1217 737 1286 splendidos
765 1218 924 1274 elﬁci.
956 1216 1086 1272 Nam
1126 1227 1183 1272 ttt
1205 1218 1351 1272 venit
1381 1219 1629 1289 Lystram
1651 1255 1667 1278 ,
1706 1216 2024 1270 miraculum

429 1324 676 1380 maguum
716 1309 980 1379 patravit,
1019 1318 1204 1364 erecto
1236 1308 1428 1364 claudo
1455 1349 1473 1373 ,
1522 1317 1579 1363 et
1620 1322 1813 1377 magna
1846 1321 2021 1361 voce:

426 1401 700 1473 quomodo
727 1412 930 1470 autem,
959 1403 1105 1457 andi.
1137 1401 1205 1456 Et
1234 1402 1440 1475 quidam
1464 1402 1539 1456 vir
1561 1400 1761 1472 Lystris
1789 1400 2026 1467 inﬁrmus

426 1494 635 1563 pedibus
655 1495 878 1559 sedebat,
905 1495 1118 1551 claudus
1142 1511 1205 1551 ea:
1229 1506 1372 1550 utero
1399 1496 1577 1549 matris
1603 1510 1729 1558 suae,
1761 1494 1854 1564 qui
1873 1508 2026 1546 num-

424 1602 576 1655 quam
598 1586 967 1642 ambulaverat.
996 1586 1048 1642 8.
1093 1586 1195 1641 Hic
1214 1588 1409 1641 audivit
1440 1586 1668 1641 Paulum
1711 1587 2016 1655 loquentem.

427 1678 527 1744 Qui
548 1678 771 1733 intuitus
794 1694 931 1744 eum,
959 1686 1007 1733 et
1033 1678 1207 1732 videns
1228 1679 1346 1749 quia
1374 1678 1527 1746 ﬁdem
1551 1678 1755 1732 haberet
1777 1686 1833 1730 ut
1851 1676 2023 1731 saluus

423 1771 566 1838 ﬁeret
585 1811 601 1839 ,
647 1770 703 1826 9.
735 1771 866 1827 dixit
910 1787 1099 1842 magna
1145 1787 1264 1825 uoce
1287 1787 1307 1825 :
1337 1771 1508 1843 Surge
1547 1786 1702 1840 super
1726 1770 1879 1841 pedes
1909 1779 2022 1823 tuos

425 1872 605 1918 rectus.
650 1864 716 1919 Et
755 1864 971 1921 easilivit
994 1906 1009 1929 ,
1041 1875 1088 1919 et
1130 1864 1440 1920 ambulabat.
1471 1862 1580 1920 Cur
1619 1879 1810 1935 magna
1844 1862 2022 1918 voce?

425 1959 488 2015 Ut
522 1958 693 2012 turlne
722 1958 1028 2017 crederent.
1077 1958 1213 2014 Vide
1256 1967 1436 2015 autem
1464 1975 1478 2013 :
1511 1958 1800 2029 diligenter
1841 1967 2021 2012 atten-

422 2050 581 2104 debat
608 2048 769 2104 dictis
796 2049 944 2103 Pauli
974 2065 989 2114 ;
1028 2049 1129 2104 hoc
1152 2049 1295 2103 enim
1323 2049 1424 2104 sibi
1457 2049 1574 2104 vult
1607 2048 1759 2114 illud,
1791 2049 2016 2103 Audiuit.

425 2140 609 2197 Viden’
655 2141 1089 2212 philosophiam?
1136 2141 1277 2197 Nihil
1316 2157 1382 2197 ex
1426 2141 1819 2198 claudicatione
1859 2142 2020 2197 besus

423 2234 475 2288 in
499 2233 753 2290 audiendi
774 2234 972 2288 studio.
995 2232 1096 2299 Qui
1116 2234 1330 2289 intuitus
1350 2250 1482 2299 eum,
1512 2234 1685 2289 videns
1708 2234 1845 2304 quod
1865 2234 2021 2301 [idem

420 2323 625 2380 haberet
651 2335 705 2379 ut
727 2326 896 2380 salvus
920 2325 1082 2395 ﬁeret.
1107 2323 1225 2380 Jam
1252 2324 1682 2394 prteelectionem
1710 2328 1761 2380 in
1793 2324 2020 2381 familia-

426 2416 636 2471 ritatem
669 2426 1072 2486 assumpserat:
1109 2416 1210 2471 etsi
1232 2416 1283 2469 in
1307 2415 1426 2471 aliis
1451 2417 1776 2472 contrarium
1821 2415 2016 2471 factum

418 2508 511 2563 sit.
538 2507 673 2564 Cum
708 2509 851 2564 enim
896 2508 1043 2578 prius
1082 2522 1308 2577 corpora
1353 2516 1710 2573 curaverant,
1740 2517 1868 2564 tunc
1902 2508 2019 2562 ani-

420 2615 536 2655 mas
557 2600 820 2655 curabant
845 2617 858 2654 :
887 2601 974 2655 hic.
1001 2615 1132 2655 vero
1160 2615 1265 2655 non
1294 2601 1373 2655 sic
1395 2609 1613 2656 curatus
1644 2610 1747 2656 est.
1793 2599 2019 2655 Videtur

421 2692 553 2747 mihi
580 2692 777 2749 Paulus
803 2691 872 2747 ad
896 2692 1132 2746 animam
1162 2692 1487 2762 respexisse.
1520 2691 1586 2746 Et
1615 2691 1832 2747 exsilivit
1864 2735 1882 2760 ,
1928 2694 2014 2747 in-

416 2787 562 2858 quit,
596 2795 645 2841 et
684 2786 998 2840 ambulabat.
1045 2772 1303 2841 Perfecta:
1350 2786 1598 2841 sanitatis
1645 2787 1855 2856 signum
1899 2797 2016 2841 erat

414 2880 559 2950 quod
589 2878 905 2937 ambularet.
937 2878 1027 2934 10.
1059 2877 1245 2933 Turbae
1274 2887 1446 2933 autem
1474 2895 1591 2933 cum
1615 2879 1853 2934 vidissent
1877 2880 2014 2949 quod

417 2974 607 3042 fecerat
636 2968 841 3024 Paulus
858 3010 876 3036 ,
910 2970 1199 3024 levaverunt
1222 2984 1395 3023 uocem
1421 2985 1590 3035 suam,
1618 2968 1907 3040 Lycaonice
1934 2970 2014 3024 di-

413 3072 619 3116 centes:
645 3060 734 3114 Dii
778 3060 970 3114 similes
1010 3061 1134 3132 facti
1178 3060 1468 3115 hominibus
1491 3101 1506 3123 ,
1538 3062 1902 3116 descenderunt
1945 3063 2015 3116 ad

417 3169 530 3207 nos.
562 3153 652 3206 11.
692 3152 758 3205 Et
782 3152 1027 3206 vocabant
1064 3150 1360 3206 Bai-nabant
1383 3150 1563 3204 Jovem
1583 3191 1598 3213 ,
1629 3151 1857 3206 Paulum
1895 3169 2013 3207 vero

418 3244 731 3301 Mercurium
757 3259 777 3299 :
800 3245 1040 3315 quoniam
1063 3245 1174 3315 ipse
1199 3254 1306 3298 erat
1332 3244 1441 3299 dum
1459 3243 1612 3299 uerbi.
1644 3244 1734 3300 12.
1757 3246 2013 3301 Sacerdos

414 3353 613 3408 quoque
634 3336 798 3402 Jovis,
828 3336 916 3399 qui
941 3345 1049 3390 erat
1074 3345 1191 3390 ante
1216 3336 1469 3389 civitatem
1508 3335 1734 3402 illorum,
1767 3347 1941 3390 tauros
1967 3349 2012 3391 et

415 3447 629 3487 coronas
654 3441 771 3484 ante
796 3431 995 3503 .januas
1037 3429 1258 3498 offerens
1280 3471 1295 3496 ,
1327 3447 1443 3484 cum
1474 3432 1678 3501 populis
1710 3433 1905 3487 colebat
1930 3451 2014 3487 sa-

416 3524 683 3594 criﬁcare.
731 3522 837 3578 Sed
885 3522 990 3578 hoc
1039 3523 1274 3577 nonduin
1322 3532 1440 3577 erat
1485 3523 1872 3579 manifestum:
1916 3540 2011 3580 sua

416 3619 560 3672 enim
590 3631 720 3670 voce
744 3615 1101 3685 loquebantur
1126 3615 1370 3671 dicentes
1394 3633 1408 3670 :
1440 3614 1529 3669 Dii
1553 3617 1743 3672 similes
1771 3620 1894 3690 facti
1919 3619 2011 3672 Ito-

416 3707 655 3772 minibus,
680 3707 1050 3762 descenderunt
1069 3708 1137 3759 ad
1161 3723 1287 3772 nos;
1314 3706 1436 3763 ideo
1459 3708 1589 3762 nihil
1613 3709 1719 3764 illis
1739 3710 2007 3764 dicebant.

416 3800 548 3855 Cum
573 3809 753 3854 autem
779 3813 1011 3854 coronas
1032 3798 1312 3862 viderunt,
1347 3809 1473 3853 tunc
1502 3801 1704 3870 egressi
1735 3802 2011 3857 sciderunt

418 3892 736 3947 vestimenta
765 3904 882 3944 sua.
912 3892 1001 3947 15.
1036 3891 1188 3958 Quod
1217 3892 1302 3944 ubi
1339 3893 1610 3946 audierunt
1636 3895 1853 3965 apostoli
1874 3893 2010 3947 Bar-

418 3981 576 4038 nabas
605 3991 654 4037 et
687 3981 910 4048 Paulus,
939 3982 1207 4038 conscissis
1229 3983 1449 4037 vestibus
1473 3984 1601 4049 suis,
1630 3982 1923 4038 exsilierunt
1957 3986 2012 4040 in

417 4077 637 4138 turbant,
661 4074 940 4129 clamantes
966 4073 1055 4129 14.
1086 4085 1135 4129 et
1161 4074 1382 4129 dicentes
1407 4089 1428 4130 :
1462 4073 1593 4143 Viri,
1621 4076 1746 4146 quid
1767 4076 1863 4131 Itoc
1877 4077 2009 4149 faci-

417 4166 484 4220 tis
505 4166 530 4220 ?
551 4175 598 4221 et
644 4181 737 4220 nos
763 4166 996 4221 similiter
1023 4174 1079 4219 ut
1117 4181 1205 4220 vos
1242 4165 1506 4236 possibiles
1548 4183 1724 4222 sumus
1762 4168 2010 4224 homines.

421 4258 553 4316 Vide
580 4259 700 4315 illos
727 4259 926 4331 ubique
949 4275 980 4315 a
1006 4259 1194 4331 gloriae
1215 4260 1394 4315 studio
1416 4260 1646 4317 mundos
1673 4280 1688 4317 :
1714 4278 1818 4318 non
1851 4263 2012 4320 modo

417 4367 523 4409 non
566 4352 979 4417 desiderantes,
1028 4351 1125 4408 sed
1164 4353 1400 4407 oblatam
1444 4352 1780 4424 depellentes
1808 4374 1823 4410 :
1856 4366 1914 4410 ut
1957 4366 2014 4412 et

418 4444 609 4500 Petrus
651 4444 902 4499 dicebat:
930 4445 1068 4510 Quid
1111 4461 1204 4498 nos
1251 4444 1561 4511 intuemini,
1605 4448 1752 4516 quasi
1801 4451 2011 4518 prapria

417 4538 599 4590 uirtute
617 4537 694 4591 uel
718 4535 901 4606 pietate
922 4537 1189 4605 fecerimus
1209 4537 1343 4589 [tunc
1359 4536 1618 4592 ambulare
1636 4537 1771 4610 (Act.
1796 4541 1851 4594 5.
1877 4540 1965 4611 12)
1987 4545 2010 4595 ?

419 4631 483 4687 lli
520 4645 736 4699 quoque
781 4630 1012 4699 idipsum
1041 4628 1245 4683 dicunt.
1271 4629 1469 4699 Joseph
1498 4631 1659 4686 etiam
1689 4633 1902 4688 dicebat
1941 4635 2010 4692 de

418 4722 644 4778 somniis
672 4739 685 4775 :
721 4719 907 4777 Nonne
941 4737 975 4775 a
1009 4721 1121 4776 Deo
1146 4722 1491 4793 manifestatio
1528 4741 1703 4779 eorum
1732 4724 1883 4797 (Gen.
1916 4727 2006 4782 40.

416 4815 474 4885 8)
495 4815 519 4869 ἲ
543 4824 597 4869 et
622 4813 846 4886 perinde
876 4813 1061 4869 Daniel
1088 4833 1102 4868 :
1138 4813 1204 4867 Et
1234 4813 1359 4867 mihi
1387 4830 1489 4868 non
1509 4815 1565 4873 in
1586 4818 1837 4881 sapientia
1856 4860 1873 4880 ,
1897 4835 2010 4885 quq,-

416 4909 471 4965 in
517 4923 598 4960 me
623 4918 725 4973 est,
754 4905 1029 4961 revelatum
1053 4917 1128 4960 est
1155 4906 1319 4977 (Dan.
1350 4907 1406 4961 2.
1437 4908 1549 4979 50).
1587 4909 1654 4964 Ει
1684 4911 1879 4966 Paulus
1909 4913 2010 4968 hoc

417 5000 614 5071 ubique
642 4999 772 5055 dicit
797 5040 810 5064 ,
858 5009 918 5054 ut
954 5005 1058 5054 hoc
1092 5001 1214 5056 loco
1246 5019 1260 5054 :
1294 4998 1364 5054 Et
1402 5001 1473 5055 ad
1500 5004 1612 5056 tunc
1639 5005 1752 5073 quis
1775 5006 1954 5074 sufﬁcit
1982 5007 2009 5060 .’

414 5101 471 5148 et
497 5106 709 5148 rursum
739 5109 753 5146 :
783 5090 905 5145 Non
929 5091 1064 5161 quod
1088 5092 1388 5162 sufﬁcientes
1428 5094 1587 5148 simus
1626 5112 1660 5148 a
1695 5097 1838 5150 nobis
1881 5098 2008 5166 ipsis

413 5184 658 5254 cogitare,
689 5183 837 5253 quasi
868 5199 933 5237 ea:
955 5184 1100 5238 nobis
1121 5199 1141 5247 ;
1169 5185 1258 5238 sed
1282 5184 1580 5254 suﬁicientia
1605 5199 1785 5242 nostra
1811 5205 1874 5242 ea:
1897 5188 2007 5244 Deo

412 5287 483 5330 est
516 5275 595 5344 (2.
626 5274 746 5330 Cor.
773 5275 829 5329 2.
861 5278 951 5331 ib“.
981 5286 1027 5330 et
1051 5277 1110 5331 5.
1140 5277 1218 5346 5).
1249 5277 1356 5330 Sed
1380 5277 1655 5348 superiora
1680 5291 2003 5348 repetamus.

413 5369 528 5424 Non
556 5373 675 5424 sine
695 5385 857 5425 causa
882 5371 1054 5425 turbae
1083 5369 1214 5439 ipsis
1238 5371 1551 5435 haeserunt;
1579 5373 1672 5425 sed
1695 5374 2006 5441 quomodo?

417 5461 696 5532 llogabant
722 5504 739 5527 ,
772 5472 831 5517 ut
881 5462 1012 5531 ipsis
1056 5461 1247 5517 eadem
1289 5464 1486 5517 iterum
1534 5463 1919 5531 loquerentur,
1951 5477 2007 5521 et

411 5556 666 5622 operibus
689 5556 929 5610 studium
953 5555 1323 5610 declarabant.
1358 5553 1493 5609 Vide
1510 5555 1706 5624 ubique
1734 5567 1998 5627 rogantes,

414 5661 514 5701 nec
542 5648 855 5717 simpliciter
879 5650 1202 5719 recipientes
1221 5691 1237 5713 ,
1270 5650 1353 5704 vel
1376 5648 1678 5703 adulantes.
1708 5649 1831 5704 Ideo
1860 5650 2006 5704 dice-

415 5736 542 5790 bat:
573 5739 673 5805 Qui
692 5741 1031 5812 colloquentes
1051 5757 1166 5794 cum
1191 5741 1284 5807 eis,
1310 5739 1683 5810 persuadebant
1710 5741 1782 5794 eis
1803 5757 2003 5810 perma-

415 5844 531 5882 nere
558 5830 613 5883 in
661 5832 828 5901 gratia
866 5830 984 5885 Dei.
1027 5832 1136 5887 Cur
1163 5849 1269 5887 non
1317 5844 1473 5889 antea
1519 5833 2004 5889 contradicebant?

414 5921 542 5985 Quia
586 5922 799 5978 interim
839 5925 1136 5981 munitores
1174 5925 1547 5997 quiescebant.
1585 5928 1774 5983 Viden’
1803 5928 2001 5999 ubique

1178 460 1233 516 S.
1279 460 1552 517 JOANNIS
1591 455 2066 516 CHRYSOSTOMI
2107 453 2422 511 ARCHIEP.
2464 456 2997 517 CONSTANTINOP.

3636 474 3736 531 224

2141 565 2259 622 illos
2284 582 2350 621 ex
2380 568 2627 637 passione
2656 572 2862 626 moveri
2889 574 2913 625 ?
2940 573 3052 629 Nec.
3079 573 3240 630 modo
3266 581 3726 649 contradicebant,

2138 656 2234 712 sed
2281 659 2442 713 etiam
2489 658 2935 728 blasphemahant
2978 683 2992 720 :
3037 667 3238 722 malitia
3276 670 3426 725 enim
3474 689 3734 746 nusquam

2135 750 2358 819 gradum
2390 752 2554 807 sistit.
2600 754 2704 809 Sed
2733 755 2856 811 vide
2891 757 3106 813 dicendi
3149 760 3454 818 libertatem
3484 783 3497 819 :
3547 766 3695 823 Vobis
3719 814 3738 836 ,

2137 842 2305 912 inquit
2327 885 2341 908 ,
2374 844 2636 913 oportebat
2662 848 2880 915 primum
2920 849 3057 918 loqui
3083 851 3284 907 verbum
3308 870 3329 920 ,'
3356 858 3477 925 quia
3506 874 3624 914 vero
3644 879 3733 915 re-

2138 935 2328 1003 pellitis
2353 935 2505 992 illud.
2540 937 2681 992 Nihil
2707 941 3095 995 contumeliose
3125 942 3347 999 dictum.
3375 947 3528 1013 Quod
3568 952 3735 1006 etiam

2135 1029 2187 1082 in
2219 1029 2493 1098 prophetis
2525 1030 2681 1084 [iebat
2713 1050 2726 1085 :
2761 1030 2844 1086 Ne
2885 1034 3200 1103 loquamini,
3251 1039 3460 1108 inquit,
3509 1042 3732 1115 loquela.

2136 1119 2269 1186 Quia
2296 1138 2413 1175 vero
2439 1121 2698 1192 repulistis
2725 1125 2878 1191 illud,
2912 1125 3102 1195 inquit,
3135 1144 3241 1184 non
3270 1145 3368 1186 nos
3402 1150 3417 1188 :
3446 1152 3553 1189 non
3582 1139 3729 1193 enim

2132 1215 2186 1268 in
2232 1229 2330 1268 nos
2378 1217 2702 1272 contumelia
2741 1228 2918 1273 vestra
2948 1223 3195 1276 vertitur.
3238 1223 3314 1279 Ne
3341 1229 3458 1296 quis
3482 1230 3629 1285 enim
3659 1249 3728 1287 ex

2131 1307 2329 1376 pietate
2361 1317 2509 1377 putet
2547 1310 2672 1364 illud
2701 1326 2852 1375 esse,
2887 1310 3137 1385 Indignas
3166 1331 3252 1369 vos
3272 1318 3551 1387 judicatis,‘
3596 1322 3724 1378 ideo

2133 1400 2281 1470 prius
2309 1401 2438 1455 dixit
2466 1443 2482 1467 ,
2513 1401 2780 1472 Repellitis
2806 1404 2939 1458 illud
2961 1423 2979 1469 ;
3007 1416 3063 1461 et
3091 1416 3217 1462 tunc
3242 1409 3420 1477 addit,
3452 1412 3717 1492 Convgrti-

2129 1507 2243 1543 mur
2270 1492 2339 1544 ad
2361 1502 2551 1562 gentes.
2599 1494 2757 1549 Multa
2798 1497 3014 1564 plenum
3053 1501 3457 1557 mansuetudine
3480 1504 3710 1562 dictum.

2127 1581 2242 1638 Non
2265 1582 2419 1646 dixit,
2457 1585 2888 1657 Derelinqnimus
2915 1604 3009 1644 vos
3029 1633 3045 1654 ,
3086 1592 3380 1648 ostendens
3398 1635 3415 1659 ,
3443 1610 3602 1663 posse
3625 1600 3720 1654 ad-

2128 1671 2233 1728 huc
2257 1674 2378 1729 illos
2406 1677 2646 1732 converti
2677 1694 2692 1742 ;
2721 1686 2778 1733 et
2803 1678 2904 1735 hoc
2934 1696 3040 1734 non
3070 1692 3288 1751 prepter
3323 1696 3562 1739 vestram
3593 1703 3723 1742 con-

2129 1766 2399 1821 tumeliam
2426 1768 2620 1823 tactum
2658 1777 2779 1824 est:
2810 1770 2881 1824 ita
2909 1776 3053 1825 enim
3078 1783 3404 1842 prmeeptum
3432 1784 3519 1831 est
3544 1778 3719 1833 nobis.

2125 1856 2415 1928 Oportebat
2461 1860 2679 1926 quidem
2721 1870 2912 1932 gentes
2935 1863 3162 1928 audire;
3193 1880 3384 1919 verum
3416 1865 3519 1921 hoc
3556 1884 3662 1924 non
3686 1885 3718 1924 a

2127 1953 2278 2008 nobis
2304 1993 2319 2017 .
2367 1953 2461 2009 sed
2491 1969 2519 2008 a
2560 1955 2713 2011 vobis
2759 1956 2954 2010 factum
2983 1967 3107 2023 est,
3136 1959 3279 2028 quod
3323 1976 3353 2013 a
3402 1960 3555 2015 nobis
3599 1962 3711 2018 ﬁeri

2124 2046 2424 2114 oportebat.
2453 2046 2543 2101 Sic
2565 2047 2723 2114 enim,
2751 2047 2922 2117 inquit
2941 2089 2954 2111 ,
2983 2050 3223 2118 praecepit
3250 2052 3394 2105 nobis
3425 2051 3662 2107 Dominus
3690 2070 3710 2109 :

2123 2134 2287 2189 Posui
2312 2147 2360 2190 te
2387 2137 2438 2190 in
2466 2137 2629 2191 lucem
2656 2138 2881 2208 gentium
2903 2179 2918 2203 ,
2948 2150 3003 2193 ut
3033 2141 3103 2193 sis
3129 2141 3182 2194 in
3211 2142 3429 2195 salutent
3454 2160 3472 2206 ;
3502 2144 3552 2197 id
3590 2153 3675 2199 est
3694 2185 3710 2208 ,

2124 2231 2178 2284 in
2204 2232 2566 2300 cognitionem
2597 2247 2716 2300 quae
2746 2232 2818 2286 sit
2857 2231 2923 2287 ad
2954 2234 3180 2287 salutem
3205 2275 3220 2297 ,
3264 2250 3372 2288 non
3399 2235 3714 2304 simpliciter

2122 2324 2381 2393 gentium,
2414 2321 2510 2378 sed
2536 2323 2774 2377 omnium
2806 2324 3065 2393 gentium.
3096 2324 3210 2380 Hoc
3236 2326 3378 2379 enim
3409 2327 3678 2396 signiﬁcat
3701 2369 3716 2391 ,

2120 2430 2244 2471 cum
2272 2414 2405 2470 dixit
2428 2432 2443 2468 :
2476 2416 2730 2486 Quotquot
2760 2424 2905 2469 erant
2940 2417 3272 2496 praeordinati
3299 2418 3353 2471 in
3382 2419 3539 2472 uitam
3564 2429 3718 2474 teter-

2121 2525 2261 2561 nam.
2311 2508 2379 2562 Et
2425 2509 2528 2562 hoc
2574 2509 2825 2565 indicium
2859 2519 2942 2563 est
2971 2510 3095 2565 illos
3124 2511 3422 2565 secundum
3470 2512 3722 2565 volunta-

2123 2609 2228 2655 tem
2260 2599 2351 2655 Dei
2379 2601 2602 2654 assumi.
2625 2599 2976 2655 Prteordinati
2998 2601 3144 2664 dicit,
3176 2613 3233 2655 ut
3257 2601 3508 2657 ostendat
3534 2602 3583 2655 id
3608 2619 3717 2657 non

2120 2708 2216 2761 per
2245 2693 2618 2747 necessitatem
2650 2692 2786 2746 ﬁeri.
2820 2691 2960 2758 Quos
3005 2693 3139 2746 enim
3168 2692 3452 2761 praecinit,
3503 2693 3712 2763 inquit,

2119 2796 2166 2839 et
2197 2783 2567 2853 prwdestinauit
2609 2783 2789 2854 (Rom.
2834 2782 2890 2839 8.
2920 2782 3038 2853 29).
3085 2783 3200 2836 Non
3242 2783 3353 2852 jam
3402 2784 3454 2838 in
3498 2784 3717 2840 civitate

2118 2875 2346 2945 dispersi
2374 2884 2545 2941 erant,
2575 2875 2669 2930 sed
2696 2875 2862 2931 etiam
2890 2876 2941 2929 in
2969 2875 3210 2945 regione.
3242 2876 3539 2931 Audientes
3566 2877 3713 2931 enim

2116 2969 2346 3039 gentiles
2372 3011 2384 3027 .
2413 2977 2471 3023 et
2503 2968 2605 3038 ipsi
2647 2967 2804 3037 paulo
2835 2977 2957 3036 post
2990 2978 3356 3024 accesserunt.
3385 2969 3560 3024 Judazi
3595 2986 3715 3026 vero

2117 3064 2435 3116 concitarunt
2464 3060 2699 3116 mulieres
2734 3061 3022 3131 religiosas,
3055 3072 3101 3116 et
3123 3063 3556 3134 persequutionem
3574 3063 3714 3117 exci-

2117 3165 2301 3211 tavere.
2344 3155 2627 3226 Perpende
2668 3169 2764 3210 eos
2807 3171 2987 3210 rerum
3030 3170 3061 3210 a
3091 3155 3410 3210 mulieribus
3438 3166 3710 3226 gestarum

2116 3256 2366 3301 auctores
2395 3262 2536 3301 esse.
2572 3245 2635 3298 Et
2660 3247 2913 3316 ejecerunt
2941 3262 3028 3300 eos
3055 3263 3088 3299 a
3113 3246 3298 3315 ﬁnibus
3326 3247 3432 3301 suis
3455 3261 3476 3311 ,'
3506 3262 3612 3301 non
3641 3250 3712 3301 ab

2115 3341 2247 3395 urbe
2278 3349 2483 3394 tantum
2509 3380 2526 3406 ,
2554 3339 2648 3395 sed
2679 3350 2732 3394 et
2758 3355 2786 3391 a
2818 3339 3035 3409 regione
3067 3347 3196 3393 tota.
3236 3339 3435 3394 Deinde
3464 3338 3567 3394 hoc
3597 3349 3711 3394 ter-

2119 3431 2325 3486 ribilius
2349 3441 2433 3485 est
2458 3449 2471 3485 :
2503 3430 2754 3501 Discipuli
2783 3441 2950 3483 autem
2976 3471 2989 3491 ,
3022 3431 3212 3500 inquit,
3238 3432 3419 3500 repleti
3440 3441 3558 3485 sunt
3584 3448 3714 3502 gau-

2115 3523 2201 3576 dio
2244 3532 2291 3576 et
2326 3521 2530 3593 Spiritu
2579 3531 2775 3577 sancto.
2820 3521 3167 3576 Pcllebantur
3210 3520 3458 3576 doctores
3486 3564 3503 3585 ,
3544 3531 3600 3577 et
3631 3523 3710 3577 illi

2115 3615 2440 3685 gaudebant.
2480 3614 2726 3669 Vidistin'
2754 3625 2996 3668 naturam
3024 3612 3290 3682 Evangelii
3329 3613 3580 3668 virtutem
3612 3613 3710 3669 ha-

2115 3710 2331 3766 bentem
2357 3709 2578 3763 multam
2601 3707 2625 3761 ?
2647 3708 2727 3761 Ad
2751 3708 3072 3761 iracundiam
3091 3717 3489 3772 concitaverunt,
3518 3708 3706 3776 inquit,

2114 3806 2312 3857 animas
2352 3802 2578 3872 gentium
2620 3800 2864 3855 adversus
2903 3802 3136 3872 fratres;
3167 3799 3220 3853 id
3264 3808 3369 3863 est,
3398 3800 3707 3857 calumnjati

2114 3903 2242 3948 sunt
2285 3894 2582 3962 apostolos,
2612 3891 2680 3947 de
2724 3892 2960 3947 millibus
2989 3906 3085 3947 eos
3110 3899 3433 3946 accusarunt
3459 3932 3474 3956 ,
3505 3900 3561 3945 et
3590 3892 3710 3946 illos

2115 3986 2389 4056 simplices
2415 3985 2647 4056 maligne
2673 3984 2992 4040 aﬂ‘ecerunt.

2186 4078 2241 4134 3.
2283 4077 2352 4133 Et
2371 4077 2493 4132 vide
2517 4115 2534 4139 .
2562 4075 2838 4149 quomodo
2868 4075 3067 4146 ubique
3111 4084 3281 4131 totum
3328 4074 3442 4131 Deo
3488 4073 3706 4131 referat.

2115 4167 2284 4224 Multo
2332 4179 2592 4239 tempore,
2638 4167 2854 4237 inquit,
2900 4167 3147 4221 demorati
3192 4176 3308 4221 sunt
3329 4207 3346 4230 ,
3404 4165 3709 4237 ﬁducialiter

2114 4272 2320 4335 agentes
2343 4263 2395 4315 in
2421 4260 2664 4326 Domino,
2692 4260 3034 4314 testimonium
3057 4258 3347 4330 perhibente
3365 4258 3513 4312 uerbo
3531 4260 3713 4330 gratia

2113 4356 2314 4427 ipsius.
2362 4354 2442 4409 Ne
2480 4354 2608 4425 quid
2657 4353 2747 4408 hic
2792 4352 3135 4408 imminutum
3187 4362 3363 4421 putes.
3394 4350 3530 4407 Cum
3562 4352 3706 4408 enim

2113 4449 2377 4513 dicerent,
2405 4447 2504 4516 Qui
2534 4447 2874 4502 testimonium
2898 4445 3037 4500 dedit
3067 4444 3158 4500 sub
3200 4442 3390 4500 Pontio
3425 4444 3599 4499 Pilato
3624 4446 3704 4514 (1.

2118 4541 2250 4597 Tim.
2277 4542 2331 4597 6.
2361 4543 2473 4611 15),
2505 4549 2629 4595 tunc
2656 4540 2844 4596 ﬁducia
2872 4538 3291 4603 ostendebatur;
3326 4537 3412 4593 hic
3434 4548 3612 4593 autem
3638 4539 3709 4594 de

2116 4633 2311 4704 populo
2336 4633 2593 4703 loquitur.
2625 4630 2741 4686 Non
2776 4639 3158 4699 exspectarunt
3196 4629 3358 4698 igitur
3383 4669 3400 4694 ,
3443 4628 3535 4684 sed
3562 4628 3708 4683 vide-

2116 4735 2242 4781 runt
2272 4726 2551 4794 impetum.
2585 4723 2649 4778 Et
2679 4727 3015 4795 confugerunt
3044 4723 3112 4775 ad
3136 4723 3361 4776 civitates
3386 4721 3665 4793 Lycaonia:
3683 4762 3699 4787 ,

2113 4817 2349 4889 Lystram
2377 4828 2423 4871 et
2450 4815 2725 4877 Derben,et
2767 4815 3053 4869 universam
3088 4814 3142 4868 in
3173 4815 3391 4868 circuitu
3428 4814 3703 4883 regionem.

2118 4911 2213 4968 Ubi
2237 4910 2459 4965 minime
2488 4909 2726 4964 furorem
2743 4923 2900 4962 suum
2922 4922 3179 4963 exercere
3207 4905 3404 4961 licebat
3432 4906 3536 4960 illis
3563 4924 3577 4961 :
3607 4906 3707 4961 ita-

2112 5020 2218 5076 que
2257 5006 2310 5058 in
2351 5003 2598 5074 regiones
2645 5001 2981 5072 pergebant,
3023 5014 3125 5055 nee
3153 5008 3356 5052 tantum
3398 4999 3707 5053 inurbihus

2112 5097 2483 5153 versabantur.
2512 5094 2647 5148 Vide
2675 5106 2887 5163 quoque
2905 5094 3146 5162 gentium
3177 5090 3575 5160 simplicitatem
3603 5132 3618 5153 ,
3648 5100 3708 5144 et

2111 5190 2419 5245 Judasorum
2447 5186 2759 5255 nequitiam.
2800 5184 3067 5252 Operibus
3091 5182 3439 5238 declarabant
3476 5181 3705 5252 gentiles

2110 5297 2172 5337 se
2191 5281 2383 5350 dignos
2423 5294 2546 5336 esse
2575 5279 2666 5347 qui
2704 5277 2956 5332 audirent
2982 5294 2997 5331 :
3028 5277 3211 5346 sicque
3241 5274 3360 5329 illos
3381 5274 3452 5329 ob
3475 5274 3589 5330 sola
3630 5273 3704 5328 si—

2111 5389 2211 5444 gna
2240 5371 2595 5426 ltonorabant.
2628 5370 2731 5425 Alii
2763 5379 2821 5422 ut
2859 5368 2988 5424 deos
3014 5368 3287 5433 colebant,
3317 5368 3409 5421 alii
3441 5379 3498 5421 ut
3526 5372 3705 5437 peruis-

2109 5468 2286 5521 eiosos
2314 5463 2623 5533 pellebant:
2649 5470 2704 5516 et
2744 5460 2835 5515 alii
2861 5459 3077 5529 quidem
3109 5475 3215 5514 non
3244 5458 3403 5515 modo
3443 5459 3703 5530 praedica-

2110 5559 2241 5612 tioni
2272 5571 2379 5612 non
2408 5555 2766 5617 obsistebant.
2797 5554 2894 5608 sed
2920 5553 3081 5608 etiam
3103 5553 3354 5608 dicebant
3375 5594 3391 5619 ,
3418 5552 3506 5605 Dii
3532 5552 3701 5606 Itami-

2108 5649 2257 5703 nibus
2297 5648 2487 5703 similes
2513 5648 2637 5719 ['acti
2659 5689 2674 5714 ,
2704 5646 3067 5705 descenderunt
3093 5645 3163 5699 ad
3202 5662 3295 5698 nos
3322 5660 3342 5709 ;
3368 5644 3539 5700 Judaei
3569 5660 3700 5699 vero

2107 5738 2628 5794 swndalizabantur.
2686 5735 2756 5790 Et
2804 5736 3048 5790 uocabunt
3085 5778 3100 5801 ,
3149 5736 3365 5806 inquit,
3408 5734 3699 5789 Bannabam

2105 5830 2305 5897 Jovem,
2336 5829 2561 5884 Paulum
2578 5845 2694 5883 vero
2718 5827 3049 5883 Mercurium.
3073 5826 3277 5898 Opinor
3296 5828 3458 5883 etiam
3479 5836 3697 5896 aspectu

2109 5923 2469 5982 venerabilem
2498 5922 2664 5979 fuisse
2692 5922 3010 5977 Barnabatn.
3042 5921 3157 5978 Non
3189 5937 3351 5992 parva
3385 5923 3501 5978 hinc
3521 5928 3693 5977 tenta-
