4112 6438
284 427 386 482 2’23

296 544 573 610 Λύστραν
639 546 746 597 καὶ
799 547 1043 615 Δέρϐην,
1096 550 1191 604 καί
1237 547 1350 617 τὴν
1400 550 1754 618 περίχωρον,
1806 550 1982 605 κάκεῖ

305 629 453 702 ἦσαν
484 632 1037 701 εὐαγγελιζόμενοι.

382 717 633 787 β’.Πάλιν
670 717 873 791 ῶσπερ
897 723 1142 791 ἐπίτηδες
1170 724 1406 775 ἐκτεῖναι
1437 723 1745 792 βουλόμενοι
1782 722 1843 775 τὸ
1874 724 1976 792 κή-

325 822 507 875 ρυγμα,
540 805 693 872 μετά
744 807 810 860 τὸ
858 809 1181 880 αὐξηθῆναι,
1225 811 1388 864 πάλιν
1419 811 1617 873 αὐτοὺς
1667 810 1972 878 ἐξάγουσιν.

317 893 445 962 Ὅρα
484 895 772 964 πανταχοῦ
822 898 952 961 τοὺς
996 898 1267 968 διωγμοὺς
1307 899 1518 969 μεγάλα
1574 899 1971 969 ἐργαζομένους

307 981 499 1047 ἀγαθὰ,
530 983 630 1035 καὶ
659 984 791 1047 τοὺς
843 986 942 1054 μὲν
979 985 1275 1050 διώκοντας
1329 987 1693 1057 ἡττωμένους,
1742 989 1871 1051 τοὺς
1916 986 1971 1039 δὲ

296 1068 669 1139 διωκομένους
711 1070 999 1142 λαμπροὺς
1035 1075 1456 1142 ἀποφαίνοντας.
1507 1074 1708 1129 Ἐλθὼν
1758 1076 1869 1145 γὰρ
1914 1076 1971 1126 ἐν

293 1155 589 1229 Λύστροις.
622 1162 863 1213 ποιεῖται
889 1161 1074 1231 θαῦμα
1114 1163 1277 1232 μέγα,
1324 1163 1416 1215 τὸν
1440 1162 1608 1233 χωλὸν
1638 1164 1967 1232 ἀναστήσας,

295 1245 392 1296 καὶ
415 1245 629 1315 μεγάλῃ
654 1249 719 1316 τῇ
751 1250 900 1318 φωνῇ
922 1263 936 1277 ⁸
968 1250 1063 1301 καὶ¹
1094 1249 1230 1310 πῶς,
1274 1249 1458 1303 ἄκουε.
1493 1252 1600 1304 Καί
1632 1268 1743 1316 τις,
1781 1251 1964 1319 φησὶν,

295 1331 454 1399 ἀνὴρ
503 1334 578 1385 έν
623 1335 917 1401 Λύστροις
958 1336 1256 1402 ἀδύνατος
1298 1337 1424 1403 τοῖς
1462 1338 1648 1390 ποσίν
1688 1338 1964 1403 ἐκάθητο,

292 1420 497 1485 χωλὸς
522 1420 594 1473 ἐκ
618 1421 847 1485 κοιλίας
873 1424 1101 1491 μητρὸς
1139 1424 1324 1478 αὑτοῦ
1358 1425 1666 1493 ὑπάρχων,
1702 1424 1770 1489 ὃς
1796 1424 1967 1478 οὐδέ-

289 1521 447 1559 ποτε
518 1509 993 1574 περιπεπατήκει.
1036 1506 1224 1576 Οὗτος
1281 1510 1512 1580 ἤκουσε
1569 1513 1677 1565 τοῦ
1722 1513 1965 1565 Παύλου

295 1591 669 1658 λαλοῦντος.
694 1596 784 1659 Ὃς
807 1597 1092 1663 ἀτενίσας
1115 1597 1294 1663 αὐτῷ,
1322 1598 1419 1652 καί
1449 1598 1592 1653 ἰδὼν
1634 1599 1725 1653 ὅτι
1754 1600 1965 1652 πίστιν

302 1678 438 1744 ἔχει
459 1678 569 1731 τοῦ
589 1679 853 1748 σωθῆναι,
883 1683 1012 1736 εἷπε
1036 1684 1270 1754 μεγάλῃ
1310 1684 1386 1753 τῇ
1413 1684 1584 1755 φωνῇ
1605 1705 1620 1718 ⁸
1651 1687 1961 1755 Ἀνάστηθι

304 1765 409 1817 ἐπὶ
436 1766 573 1831 τοὺς
605 1766 784 1834 πόδας
832 1786 949 1824 σου
998 1773 1191 1840 ὀρθός.
1246 1773 1355 1827 Kal
1389 1773 1578 1841 ἥλατο
1619 1774 1719 1827 καί
1769 1791 1959 1843 περιε-

304 1851 497 1905 πάτει,
528 1855 622 1906 Διὰ
648 1856 699 1908 τί
729 1858 942 1931 μεγάλῃ
970 1862 1035 1931 τῇ
1070 1864 1255 1931 φωνῇς
1295 1862 1458 1914 Ὥστε
1492 1863 1621 1926 τοὺς
1651 1862 1841 1933 δχλους
1872 1881 1961 1917 πι-

297 1940 537 1995 στεῦσαι,
579 1943 717 2014 Ὅρα
755 1946 829 2011 δέ,
864 1951 1151 2019 προσεῖχεν
1197 1950 1439 2020 ἀκριϐῶς
1490 1954 1602 2014 τοῖς
1643 1951 1956 2023 λεγομένοις

288 2026 397 2078 ὑπὸ
424 2028 520 2081 τοῦ
559 2031 799 2085 Παύλου⁸
849 2034 1006 2087 τοῦτο
1035 2036 1143 2106 γάρ
1192 2038 1309 2090 ἐστι
1345 2038 1408 2091 τὸ
1444 2040 1766 2093 Ἤκουσεν.
1802 2034 1958 2103 Εῐδες

287 2114 644 2183 φιλοσοφίαν;
675 2119 843 2173 Οὐδὲν
889 2121 992 2173 ὑπὸ
1020 2123 1118 2191 τῆς
1150 2124 1380 2194 χωλείας
1419 2126 1555 2196 πρὸς
1586 2126 1686 2197 τὴν
1721 2126 1956 2197 σπουδὴν

284 2198 385 2266 τῆς
416 2201 734 2271 ἀρκοάσεως
773 2208 1109 2280 παρεϐλάϐη.
1157 2214 1261 2277 “Oc
1290 2213 1579 2279 ἀτενίσας
1618 2212 1778 2279 αὐτῷ
1802 2256 1818 2279 ,
1852 2216 1949 2269 καί

285 2287 429 2340 ἰδὼν
454 2291 544 2344 ὅτι
572 2294 784 2346 πίστιν
811 2296 931 2363 ἔχει
960 2296 1066 2349 τοῦ
1099 2298 1385 2367 σωθῆναι.
1415 2301 1554 2370 Ἤδη
1586 2301 1829 2371 ᾠκείωτο
1854 2302 1952 2373 τὴν

279 2377 610 2445 προαίρεσιν
639 2396 653 2409 ⁸
684 2382 860 2436 καίτοι
904 2384 998 2436 ἐπὶ
1031 2384 1139 2438 τῶν
1180 2385 1355 2439 ἀλλων
1382 2387 1690 2441 τούναντίον
1722 2388 1949 2455 ἐγίνετο.

276 2464 557 2535 Πρότερον
595 2468 705 2540 γὰρ
753 2469 969 2540 ἰώμενοι
1004 2486 1027 2513 ³
1063 2474 1134 2526 τὰ
1181 2475 1409 2544 σώματα
1432 2515 1448 2539 ,
1488 2477 1609 2529 τότε
1641 2476 1739 2540 τὰς
1772 2477 1951 2547 ψυχὰς

275 2551 683 2621 ἐθεραπεύοντο
706 2574 720 2586 ⁸
754 2552 906 2618 οὗτος
949 2559 1003 2612 δέ
1030 2562 1126 2630 οὐχ
1155 2561 1345 2624 οὕτως.
1392 2564 1543 2633 Ἐμοὶ¹
1571 2564 1719 2617 δοκεῖ
1744 2566 1821 2627 εἱς
1850 2565 1950 2635 τὴν

271 2639 460 2709 ψυχὴν
490 2642 619 2696 ἰδεῖν
647 2645 746 2717 τὴν
771 2647 936 2700 αὐτοῦ
962 2646 1053 2701 τὸν
1087 2650 1321 2705 Παῦλον.
1352 2652 1461 2705 Kal
1500 2652 1694 2719 ἥλατο
1719 2695 1733 2714 ,
1791 2652 1946 2720 φησὶ,

276 2728 376 2779 καί
410 2733 773 2798 περιεπάτει.
824 2735 1138 2805 Τεκμήριον
1176 2738 1273 2804 τῆς
1322 2739 1511 2807 ὑγείας
1552 2740 1651 2808 τῆς
1687 2738 1947 2811 ἀκριϐοῦς

272 2815 339 2867 τὸ
374 2816 656 2873 ἅλλεσθαι.
683 2825 748 2874 Ol
771 2821 840 2874 δὲ
869 2823 1059 2891 ὄχλοι,
1093 2826 1320 2892 ἰδόντες
1344 2827 1375 2879 ὃ
1404 2828 1656 2893 ἐποίησε
1684 2827 1944 2892 Παῦλος,

269 2902 511 2971 ἐπῆραν
538 2906 739 2959 αὐτῶν
769 2908 883 2977 τὴν
914 2910 1144 2979 φωνην,
1166 2915 1521 2966 λυκαονιστί
1555 2913 1857 2982 λέγοντες·
1877 2916 1945 2968 Ol

270 2992 422 3053 θεοί,
445 2993 826 3061 ὁμοιωθέντες
847 2996 1198 3065 ἀνθρώποις,
1222 2999 1564 3067 κατέϐησαν
1584 3005 1735 3068 πρὸς
1764 3001 1940 3071 ἡμᾶς.

283 3076 589 3132 Ἐκάλουν
609 3081 675 3133 δέ
697 3082 805 3136 τὸν
820 3083 938 3152 μὲν
964 3084 1279 3157 Βαρνάϐαν
1305 3089 1430 3149 Δία,
1467 3091 1572 3141 τὸν
1591 3089 1660 3141 δὲ
1698 3090 1943 3144 Παῦλον

280 3165 531 3234 Ἑρμῆν,
562 3168 769 3237 ἐπειδὴ
800 3173 981 3236 αὐτὸς
999 3169 1078 3242 ἦν
1102 3176 1134 3226 ὁ
1152 3173 1484 3244 ἡγούμενος
1512 3175 1617 3228 τοῦ
1654 3178 1943 3246 λόγου.”0

264 3268 331 3306 τε
349 3254 545 3320 ἱερεὺς
568 3257 677 3310 τοῦ
694 3259 827 3323 Διὸς
847 3300 860 3323 ,
880 3260 987 3321 τοῦ
1010 3260 1183 3327 ὄντος
1199 3262 1311 3330 πρὸ
1330 3262 1442 3330 τῆς
1464 3264 1695 3330 πόλεως
1717 3264 1937 3330 αὐτῶν,

263 3342 530 3408 ταύρους
579 3344 677 3396 καί
720 3347 1025 3415 στέμματα
1055 3348 1153 3401 ἐπί
1196 3348 1338 3415 τοὺς
1361 3349 1646 3417 πυλῶνας
1666 3352 1934 3422 ἐνέγκας,

261 3428 387 3481 σὺν
439 3428 565 3495 τοῖς
621 3430 828 3500 ὄχλοις
872 3433 1050 3503 ἤθελε
1087 3437 1272 3491 θύειν.
1326 3437 1464 3489 Ἀλλ’
1516 3439 1614 3491 οὐκ
1662 3435 1729 3510 ἦν
1779 3441 1939 3494 τοῦτο

266 3514 482 3567 οὐδέπω
517 3516 672 3586 δῆλον
693 3535 709 3550 ⁸
746 3522 812 3589 τῇ
845 3520 953 3592 γὰρ
978 3523 1155 3593 οἰκείᾳ
1202 3528 1351 3595 φωνῇ
1393 3524 1541 3599 [256]
1589 3527 1934 3595 ἐφθέγγοντο,

258 3602 538 3670 λέγοντες,
572 3605 651 3657 δτι
687 3610 752 3658 Ol
783 3608 925 3671 θεοί,
954 3613 1335 3679 ὁμοιωθέντες
1366 3614 1720 3680 ἀνθρώποις,
1765 3613 1935 3668 κατέ-

258 3691 461 3757 ϐησαν
499 3693 650 3759 πρὸς
686 3693 843 3763 ἡμᾶς
885 3714 900 3728 ⁸
945 3697 1032 3752 διὰ
1072 3698 1231 3752 τοῦτο
1279 3700 1432 3752 οὐδὲν
1486 3701 1669 3764 αὐτοῖς
1724 3702 1930 3770 ἐλεγον.

269 3777 493 3851 Ἐπειδὴ
523 3779 578 3831 δὲ
602 3777 740 3834 εἶδον
766 3785 833 3835 τὰ
862 3784 1170 3854 στέμματα,
1202 3787 1323 3839 τότε
1355 3787 1681 3852 ἐξελθόντες,
1709 3790 1932 3862 διέρρη-

255 4130 531 4199 ’Δνδρες,
593 4134 651 4187 τί
694 4135 872 4189 τοῦτο
897 4136 1157 4203 «omits;
1203 4141 1301 4193 καὶ
1338 4139 1514 4210 ἡμεῖς
1549 4144 1930 4211 ὁμοιοπαθεῖς

248 4217 444 4287 ἐσμεν
478 4220 625 4290 ὑμῖν
652 4223 969 4292 ἅνθρωποι.
1009 4227 1151 4298 Ὅρα
1191 4228 1393 4291 αὐτοὺς
1439 4229 1715 4301 πανταχοῦ
1769 4230 1927 4303 δόξης

249 4308 553 4375 καθαροὺς,
585 4310 647 4362 οὐ
681 4311 842 4379 μόνον
859 4313 959 4366 οὐκ
985 4314 1326 4384 ἐφιεμένους,
1350 4315 1487 4371 ἀλλά
1519 4318 1617 4371 καὶ
1641 4319 1925 4392 διδομένην

246 4395 708 4466 διακρουομένους
736 4415 751 4428 ⁸
792 4399 983 4472 ῶσπερ
1034 4403 1128 4455 καὶ
1183 4403 1390 4475 Πέτρος
1442 4405 1598 4475 ἔλεγε
1629 4422 1645 4439 ⁸
1689 4409 1751 4463 Τί
1780 4409 1925 4478 ἡμῖν

246 4482 564 4545 ἀτενίζετε,
605 4486 687 4550 ὠς
735 4486 852 4554 ἰδίᾳ
889 4488 1137 4559 δυνάμει
1172 4489 1211 4558 ἢ
1249 4493 1526 4561 εὐσεϐείᾳ
1562 4497 1922 4563 πεποιηκόσι

244 4567 358 4621 τοῦ
396 4568 747 4635 περιπατεῖν
773 4572 993 4635 αὐτόν;
1031 4575 1139 4626 Καὶ
1174 4567 1323 4628 οὗτοι
1352 4576 1413 4628 τὸ
1448 4577 1583 4630 αὐτό
1616 4595 1772 4647 φασι.
1812 4580 1920 4632 Καὶ

259 4655 460 4725 Ἰωσὴφ
483 4656 538 4709 δὲ
555 4656 741 4725 ἔλεγεν
770 4659 862 4712 ἐπὶ
887 4660 996 4714 τῶν
1020 4662 1287 4717 ἐνυπνίων
1310 4679 1324 4693 ⁸
1353 4665 1499 4732 Οὐχί
1520 4664 1618 4719 διὰ
1637 4667 1745 4720 τοῦ
1769 4667 1918 4722 Θεοῦ

250 4744 287 4809 ἠ
313 4742 688 4813 διασάφησις
706 4745 942 4811 αὐτῶν;
979 4751 1075 4802 καὶ
1105 4752 1134 4803 ὁ
1155 4751 1352 4822 Δανιὴλ
1380 4754 1579 4822 ὁμοίως
1600 4771 1615 4784 ⁸
1639 4754 1752 4809 Kal
1786 4756 1917 4824 ἐμοὶ

248 4829 317 4882 δὲ
335 4833 450 4885 οὐκ
484 4834 556 4885 ἐν
589 4834 777 4903 σοφίᾳ
802 4834 877 4904 τῇ
905 4838 1060 4906 οὔσῃ
1087 4838 1157 4891 έν
1191 4838 1319 4908 ἐμοὶ
1349 4842 1768 4912 ἀπεκαλύφθη.
1805 4844 1917 4898 Καὶ

248 4918 462 4984 Παῦλος
490 4924 766 4994 πανταχοῦ
799 4923 956 4978 τοῦτό
986 4942 1140 4995 φησι,
1171 4926 1248 4991 ὡς
1276 4929 1405 4982 ὅταν
1430 4928 1566 5001 λέγῃ
1585 4947 1599 4960 ⁸
1634 4932 1744 4986 Kal
1768 4932 1917 5001 πρὸς

240 5009 434 5063 ταῦτα
458 5011 551 5074 τίς
580 5011 785 5076 ἱκανός
808 5027 827 5074 ;
855 5014 960 5066 Καὶ
987 5012 1147 5067 πάλιν
1167 5056 1180 5079 ,
1222 5018 1345 5085 Οὐχ
1372 5017 1462 5070 ὅτι
1486 5020 1684 5072 ίκανοί
1726 5021 1916 5090 ἐσμεν

236 5096 347 5161 ἀρ’
366 5095 600 5150 ἑαυτῶν
635 5099 1017 5166 λογίσασθαι,
1049 5101 1130 5167 ὡς
1158 5102 1228 5165 ἐξ
1262 5102 1514 5171 ἑαυτῶν,
1547 5106 1688 5159 ἀλλ’
1723 5108 1759 5174 ἠ
1789 5110 1913 5161 ἱκα-

238 5184 427 5251 νότης
462 5182 632 5253 ἡμῶν
655 5184 722 5238 ἐκ
752 5186 857 5239 τοῦ
895 5187 1064 5243 Θεοῦ.
1103 5188 1241 5241 Ἀλλ’
1278 5190 1477 5261 ῐδωμεν
1504 5193 1712 5246 ἀνωθεν
1736 5195 1804 5248 τὰ
1832 5197 1910 5248 εξ-

242 5289 312 5341 ρη
321 5273 479 5341 μένα.
512 5273 625 5342 Οὐχ
650 5273 838 5336 ἀπλῶς
860 5277 1042 5340 αὐτοῖς
1068 5278 1373 5350 προσετέθη
1383 5298 1480 5333 σαν
1501 5283 1551 5334 οἱ
1575 5282 1723 5352 ὄχλοι
1743 5299 1755 5313 ⁸
1774 5285 1912 5339 ἀλλά

244 5361 397 5424 πῶς;
451 5360 667 5425 Ἢξίουν
704 5361 1004 5433 λαληθῆναι
1042 5367 1227 5429 αὐτοῖς
1261 5366 1331 5419 τὰ
1387 5367 1526 5422 αὐτά
1576 5371 1737 5425 πάλιν
1762 5412 1777 5434 ,
1818 5375 1911 5428 καὶ

239 5448 327 5502 διὰ
356 5448 465 5501 τῶν
487 5450 665 5520 ἔργων
692 5450 1035 5516 ἐπεδείξαντο
1058 5453 1160 5525 τὴν
1186 5454 1443 5525 σπουδήν.
1469 5457 1611 5530 Ὅρα
1634 5462 1906 5530 πανταχοῦ

239 5536 727 5605 παρακαλοῦντας,
753 5539 853 5591 οὐκ
883 5539 1312 5611 ἀποδεχομένους
1347 5544 1533 5608 ἁπλῶς
1552 5585 1566 5607 ,
1596 5546 1715 5599 οὐδὲ
1746 5548 1907 5602 κολα-

236 5622 529 5688 κεύοντας.“
560 5625 658 5678 Διὰ
700 5625 858 5679 τοῦτο
893 5626 1081 5695 ἔλεγεν
1100 5643 1115 5658 ⁸
1146 5628 1377 5697 Οῑτινες
1415 5635 1908 5703 προσλαλοῦντες

235 5711 465 5778 αὐτοῖς,
521 5713 765 5767 ἔπειθον
810 5714 1175 5784 προσμένειν
1228 5716 1306 5785 τῇ
1358 5718 1551 5787 χάριτι
1596 5722 1702 5775 τοῦ
1734 5724 1904 5782 Θεοῦ.

236 5800 331 5853 Διά
352 5802 409 5853 τί
442 5801 550 5873 πρὸ
582 5800 772 5854 τούτου
806 5801 881 5872 μὴ
908 5803 1227 5873 ἀντέλεγον;
1263 5805 1384 5858 Ὅτι
1415 5807 1553 5871 τέως
1595 5811 1645 5861 οί
1680 5810 1906 5865 ἀναπεί·
1984 5842 2007 5873 ς

233 5887 418 5952 θοντες
443 5888 742 5959 ἡσύχαζον.
776 5890 941 5961 Ὁρᾷς
971 5892 1051 5943 ὅτι
1082 5893 1356 5964 πανταχοῦ
1396 5893 1558 5948 πάθει
1588 5898 1899 5961 ἐκινοῦντος

234 5976 346 6031 Καὶ
369 5979 470 6028 οὐκ
494 5976 785 6045 ἀντέλεγον
818 5979 997 6047 μόνον,
1041 5980 1176 6034 ἀλλά
1210 5983 1303 6035 καὶ⁵
1341 5982 1728 6055 ἐϐλασφήμουν
1762 6005 1776 6018 ⁸
1810 5991 1903 6042 καὶ

277 6076 606 6128 ’Τοῦ-ιαντίον
651 6082 830 6141 γέγονε.
884 6082 1117 6146 Πρότερον
1168 6086 1385 6147 ἰώμενος,
1437 6089 1507 6137 sic
1556 6089 1727 6142 Morel.

1332 436 1395 488 ΙΝ
1436 434 1613 487 ACTA
1660 434 2180 488 AI‘OSTOLOHURI
2226 434 2456 491 IIOMIL.
2496 436 2663 491 XXX.

3648 446 3755 490 "."15

2083 551 2256 621 γὰρὴ
2298 552 2466 605 κακία
2508 550 2747 621 οὐδαμοῦ
2790 551 3024 603 ἵσταται.
3079 549 3216 600 Ἀλλ’
3260 552 3365 620 ὅρα
3420 553 3754 623 παρρησίαν.

2094 636 2255 704 Ὑμῖν
2274 633 2372 707 ἦν,
2396 639 2580 706 φησὶν,
2621 636 2951 706 ἀναγκαῖον
2985 636 3223 703 πρῶτον
3266 637 3610 705 λαληθῆναι
3651 640 3759 691 τὸν

2086 723 2310 791 λόγον⁸
2331 724 2460 778 ἐπεὶ
2505 725 2573 778 δέ
2610 726 2942 778 ἀπωθεῖσθε
2977 726 3181 779 αὐτόν.
3224 726 3390 778 Οὐδὲν
3418 726 3753 795 ὑϐριστικόν.

2092 811 2157 863 Ὀ
2194 812 2257 882 δὴ
2301 814 2396 866 καὶ
2432 814 2530 883 ἐπὶ
2580 813 2687 867 τῶν
2740 812 3036 883 προφητῶν
3082 812 3319 866 ἐποίουν.
3370 813 3471 880 Μὴ
3514 814 3758 868 λαλεῖτε

2084 897 2246 966 ἡμῖν,
2280 900 2435 970 φησὶ,
2463 899 2667 966 λαλιᾷ.
2709 900 2869 954 Ἐπεί
2910 899 2978 952 δὲ
3015 900 3348 955 ἀπωθεῖσθε
3385 901 3574 953 αὑτὸν
3595 941 3609 965 ,
3648 918 3754 970 φη-

2083 984 2189 1048 σὶν,
2222 987 2319 1056 οὐχ
2354 988 2502 1057 ἡμᾶς
2530 1002 2544 1016 ⁸
2579 988 2640 1039 οὺ
2668 988 2778 1058 γὰρ
2810 989 2891 1050 είς
2915 988 3065 1057 ἡμᾶς
3095 989 3128 1058 ή
3161 987 3319 1057 ὕϐρις
3353 988 3387 1058 ἡ
3420 991 3552 1059 παρ’
3574 988 3748 1057 ὑμῶν.

2084 1070 2202 1124 Ἵνα
2231 1073 2340 1139 γὰρ
2373 1074 2447 1144 μή
2479 1091 2563 1130 τις
2592 1074 2879 1137 εὐλαϐείας
2907 1070 3045 1128 εἶναι
3069 1075 3266 1148 νομίσῃ
3290 1075 3368 1137 τὸ,
3400 1078 3520 1129 Οὐκ
3540 1076 3752 1141 ἀξίους

2080 1158 2312 1223 κρίνετε
2344 1160 2617 1226 ἑαυτοὺς,
2648 1160 2736 1214 διά
2766 1161 2921 1214 τοῦτο
2949 1161 3164 1229 πρῶτον
3191 1157 3345 1213 εἶπεν
3366 1178 3378 1190 ⁸
3405 1162 3751 1217 Ἀπωθεῖσθε

2054 1232 2301 1299 αὐτόν·
2331 1249 2425 1300 καὶ
2449 1248 2592 1314 τότε,
2635 1250 3013 1317 Στρεεοόμεθα
3065 1252 3153 1313 είς
3200 1250 3274 1301 τὰ
3322 1249 3491 1315 έθνη.
3543 1250 3750 1321 Πολλῆς

2077 1331 2383 1397 ἐπιεικείας
2408 1337 2570 1405 γέμει
2598 1335 2662 1389 τὸ
2689 1337 2861 1406 ῥῆμα.
2890 1337 3004 1388 υὺκ
3025 1332 3199 1401 εἶπεν,
3245 1336 3750 1408 Ἑγκαταλιμπάνο-

2079 1434 2180 1489 μεν
2212 1422 2379 1489 ὑμᾶς,
2411 1421 2645 1486 δεικνὺς,
2668 1425 2746 1476 ὅτι
2767 1423 2990 1476 δυνατδν
3018 1423 3114 1476 καὶ
3135 1422 3368 1476 ἐνταῦθα
3391 1424 3552 1477 πάλιν
3582 1442 3748 1496 στρα-

2075 1507 2243 1577 φῆναι
2257 1525 2271 1538 ⁸
2289 1510 2384 1562 καὶ
2409 1509 2567 1563 τοῦτο
2580 1511 2681 1563 οὐκ
2699 1510 2807 1564 ἀπὸ
2826 1510 2926 1581 τῆς
2946 1511 3218 1582 ὑμετέρας
3251 1511 3459 1582 ὕϐρεως
3486 1512 3711 1581 γέγονεν
3729 1529 3743 1542 ⁸

2072 1594 2216 1648 οὕτω
2245 1595 2353 1666 γὰρ
2385 1598 2696 1652 ἐντέταλται
2739 1600 2891 1667 ἡμῖν.
2931 1598 3081 1651 Ἔδει
3134 1598 3234 1669 μέν
3275 1595 3370 1653 οῦν
3411 1599 3641 1653 ἀκοῦσαι
3675 1602 3747 1654 τὰ

2071 1682 2197 1753 έθνη
2225 1699 2242 1714 ⁸
2262 1685 2402 1754 πλὴν
2427 1687 2588 1738 τοῦτο
2626 1686 2687 1738 οὐ
2729 1686 2860 1755 παρ’
2890 1687 3081 1756 ἡμῶν,
3118 1686 3249 1757 παρ’
3280 1687 3434 1757 ὑμῶν
3465 1686 3521 1741 δὲ
3558 1688 3745 1755 γέγονε

2069 1767 2132 1822 τὸ
2160 1769 2267 1840 πρὸ
2294 1770 2448 1839 ὑμῶν
2471 1772 2687 1840 ὀφεῖλον
2714 1773 2762 1827 δ.
2790 1773 2956 1826 Οὕτω
2995 1773 3106 1843 τὰρ
3146 1772 3495 1829 ἐντέταλται
3530 1773 3675 1843 ἡμῖν
3711 1776 3745 1828 ὁ

2067 1858 2284 1925 Κύριος
2308 1875 2324 1890 ⁸
2363 1859 2601 1915 Τέθεικά
2629 1874 2704 1914 σε
2725 1862 2817 1925 είς
2840 1859 2968 1929 φῶς
2988 1860 3203 1926 ἐθνῶν,
3230 1861 3339 1915 τοῦ
3361 1858 3516 1916 εἶναι
3546 1878 3622 1917 σε
3655 1863 3745 1927 είς

2066 1946 2371 2012 σωτηρίαν
2396 1965 2409 1978 ⁸
2427 1948 2729 2012 τουτέστιν,
2758 1950 2838 2011 είς
2865 1948 3065 2016 γνῶσιν
3089 1949 3189 2018 τήν
3219 1950 3312 2001 ἐπὶ
3340 1949 3586 2020 σωτηρίᾳ
3607 1965 3621 1979 ⁸
3642 1950 3740 2003 καὶ

2065 2030 2164 2102 οὐχ
2200 2032 2386 2095 ἁπλῶς
2412 2033 2582 2087 ἐθνῶν
2607 2073 2623 2096 ,
2653 2034 2787 2089 ἀλλά
2816 2034 3056 2091 πάντων.
3112 2033 3284 2088 Τοῦτο
3322 2035 3432 2105 γὰρ
3477 2033 3628 2105 δηλοῖ
3664 2033 3742 2105 τῷ

2064 2120 2257 2184 εἰπεῖν,
2292 2121 2467 2175 Ὅσοι
2491 2118 2656 2192 ἦσαν
2682 2121 3026 2191 τεταγμένοι
3048 2124 3137 2189 είς
3157 2122 3311 2191 ζωὴν
3330 2122 3592 2177 αίώνιον.
3631 2122 3742 2176 Καὶ

2062 2206 2223 2260 τοῦτο
2242 2211 2541 2278 τεκμήριον
2567 2208 2661 2262 τοῦ
2684 2210 2827 2262 κατά
2856 2209 2990 2262 Θεοῦ
3022 2209 3250 2280 γνώμην
3278 2209 3475 2273 αὐτοὺς
3501 2209 3742 2280 προσλα-

2063 2291 2271 2346 ϐέσθαι.
2324 2296 2672 2364 Τεταγμένοι
2715 2296 2805 2361 δὲ,
2848 2291 3024 2361 εἶπεν,
3057 2298 3142 2350 ἵνα
3170 2297 3322 2370 δείξῃ
3337 2308 3384 2361 ο,
3420 2296 3495 2361 ὡς
3523 2299 3585 2350 οὺ
3616 2297 3740 2350 κατ’

2060 2379 2325 2448 ἀνάγκην.
2367 2380 2486 2447 Οὓς
2530 2385 2641 2451 γὰρ
2686 2382 2980 2451 προέγνω,
3032 2385 3204 2454 φησὶ,
3243 2385 3345 2438 καί
3383 2384 3737 2453 προώρισεν.

2061 2466 2175 2518 Οὐκ
2209 2466 2288 2518 ἔτι
2315 2468 2374 2518 ἐν
2404 2470 2466 2538 τῇ
2501 2468 2653 2522 πόλει
2686 2469 3083 2542 διεσπάρησαν,
3108 2471 3243 2524 ἀλλὰ
3269 2472 3363 2524 καὶ
3385 2473 3442 2523 ἐν
3468 2474 3535 2541 τῇ
3560 2470 3735 2543 χώρᾳ.

2072 2553 2426 2618 Ἀκούσαντες
2445 2556 2552 2626 γὰρ
2573 2558 2622 2609 οἱ
2644 2557 2702 2622 ἐξ
2736 2557 2930 2620 ἐθνῶν,
2954 2558 3050 2613 καὶ
3073 2559 3228 2612 αὐτοὶ
3254 2560 3369 2628 μετ’
3384 2557 3563 2625 ὀλίγον
3583 2557 3734 2630 [⁸2⁸57]

2058 2639 2387 2710 προσῄεσαν.
2412 2645 2476 2695 Ol
2491 2642 2559 2695 δέ
2575 2642 2852 2697 Ἰουδαῖοι
2872 2643 3263 2711 παρώτρυναν
3280 2643 3382 2708 τὰς
3405 2645 3735 2712 σεϐομένας

2056 2728 2367 2795 γυναῖκας,
2398 2730 2497 2782 καί
2521 2730 2846 2799 ἐπήγειραν
2861 2730 3313 2801 διωγμόν.’ορα,
3340 2730 3561 2783 καὶτῶν
3584 2734 3735 2802 παρὰ

2055 2812 2164 2866 τῶν
2198 2817 2475 2883 γυναικῶν
2504 2818 2805 2887 γινομένων
2843 2819 2996 2871 αὐτοὶ
3029 2818 3215 2871 λοιπὸν
3246 2819 3408 2871 αίτιοι
3442 2816 3735 2871 καθίστανο

2054 2918 2166 2955 ται.
2196 2904 2306 2956 Καὶ
2334 2905 2627 2969 ἐξέϐαλον
2654 2906 2897 2973 αὐτοὺς,
2922 2909 3109 2978 φησὶν,
3141 2906 3260 2962 ἀπὸ
3288 2904 3410 2960 τῶν
3432 2907 3607 2975 ὁρίων
3626 2909 3732 2962 an}-

2053 2988 2204 3042 τῶν·
2226 2992 2345 3062 οὐχὶ
2375 2996 2474 3062 τῆς
2504 2992 2712 3057 πόλεως
2740 2994 2928 3064 μόνης,
2965 2994 3103 3047 ἀλλά
3133 2995 3237 3064 τῆς
3269 2993 3455 3065 χώρας
3486 2993 3727 3063 ἀπάσης.

2053 3071 2189 3129 Εἶτα
2215 3078 2275 3130 τὸ
2306 3079 2683 3153 φοϐερώτερον
2712 3097 2725 3111 ⁸
2762 3086 2825 3135 Ol
2853 3080 2923 3135 δέ
2940 3082 3205 3151 μαθηταί
3223 3124 3239 3149 ,
3287 3083 3453 3151 φησὶν
3478 3123 3493 3145 ,
3539 3083 3727 3149 ἐπλη-

2043 3164 2268 3231 ροῦντο
2312 3166 2504 3236 χαρᾶς
2549 3169 2648 3222 καί
2704 3172 3055 3239 Πνεύματος
3089 3170 3283 3241 ἀγίου.
3331 3169 3644 3223 Ἐδιώκοντο
3677 3171 3727 3223 οί

2049 3251 2389 3319 διδάσκαλοι,
2420 3257 2515 3309 καὶ
2546 3257 2701 3311 αὐτοὶ
2732 3257 2969 3328 ἔχαιρον.
2994 3254 3152 3322 Εἶδες
3195 3257 3358 3327 φύσιν
3390 3257 3725 3326 Εὑαγγελίου

2048 3336 2279 3408 δύναμιν
2319 3340 2536 3411 ἔχοντος
2573 3342 2806 3415 πολλήν;
2854 3342 3228 3408 Ἐκὰκωσαν,
3272 3344 3428 3414 φησὶ,
3463 3344 3570 3409 τὰς
3606 3346 3727 3411 ψυ-

2047 3425 2159 3493 χὰς
2182 3426 2302 3480 τῶν
2327 3428 2519 3482 ἐθνῶν
2534 3431 2685 3484 κατὰ
2711 3428 2835 3483 τῶν
2854 3429 3156 3500 ἀδελφῶν.
3179 3430 3459 3492 Τουτέστι,
3482 3429 3725 3483 διέϐαλον

2047 3512 2176 3575 τοὺς
2192 3514 2545 3580 ἀποστόλους,
2573 3518 2744 3586 μυρία
2770 3517 2950 3570 αὐτῶν
2979 3518 3387 3589 κατηγόρησαν,
3414 3516 3723 3579 ἀπλάστους

2044 3596 2207 3660 ὄντας
2230 3600 2558 3671 κακούργως
2586 3602 2870 3672 διέθηκαν.

2114 3690 2182 3749 γ’.
2210 3686 2319 3738 Καὶ
2344 3687 2465 3757 ὅρα,
2499 3689 2615 3752 πῶς
2637 3689 2907 3759 πανταχοῦ
2936 3687 3013 3760 τῷ
3042 3688 3159 3760 Θεῷ
3186 3689 3473 3762 ἀνατίθησι
3501 3690 3561 3742 τὺ
3588 3692 3718 3745 πᾶν.

2055 3767 2293 3823 Ἱκανὸν
2321 3774 2565 3839 χρόνον,
2595 3776 2747 3844 φησὶ,
2784 3775 3098 3844 διέτριψαν
3117 3817 3133 3840 ,
3177 3773 3719 3844 παρρησιαζόμενοι

2040 3856 2137 3908 ἐπὶ
2167 3856 2247 3922 τῷ
2269 3860 2482 3926 Κυρίῳ,
2513 3860 2592 3926 τῷ
2613 3862 3018 3930 μαρτυροῦντι
3048 3860 3129 3928 τῷ
3159 3862 3319 3932 λόγῳ
3340 3860 3453 3930 τῆς
3475 3860 3719 3929 χάριτος

2038 3944 2246 3999 αὐτοῦ.
2298 3947 2389 4019 Μὴ
2430 3948 2589 4001 τοῦτο
2618 3949 2968 4012 ἐλαττώσεως
2999 3944 3140 4003 εἶναι
3172 3950 3420 4021 νομίσῃς.
3445 3950 3574 4002 Ὅτε
3608 3942 3716 4018 γὰρ

1912 4075 1927 4089 .
2010 4030 2248 4105 εέλεγον,
2275 4034 2386 4089 Τοῦ
2400 4035 2924 4105 μαρτυρήσαντος,
2958 4038 3146 4109 φησὶν,
3174 4037 3275 4092 έπί
3312 4038 3571 4092 Ποντίου
3611 4040 3714 4091 Πι-

2036 4124 2261 4189 λάτον,
2304 4129 2426 4182 τότε
2470 4131 2504 4202 ή
2548 4130 2835 4201 παρρησία
2872 4130 3150 4184 ἐδείκνυτο
3177 4147 3192 4162 ⁸
3232 4128 3468 4183 ἐνταῦθα
3499 4129 3556 4182 δὲ
3584 4131 3714 4198 περὶ

2034 4214 2130 4268 τοῦ
2161 4215 2288 4269 λαοῦ
2319 4234 2504 4289 φησιν.
2554 4220 2629 4273 οὐ
2667 4220 3024 4290 περιέμειναν
3058 4219 3262 4280 τοίνυν,
3297 4218 3413 4272 ἀλλ’
3441 4214 3581 4272 εἶδον
3612 4216 3712 4288 τὴν

2033 4304 2231 4373 ὁρμήν.
2247 4305 2358 4359 Kal
2387 4306 2725 4376 κατέφυγον
2742 4309 2830 4373 είς
2845 4307 2951 4372 τὰς
2977 4305 3187 4371 πόλεις
3212 4303 3323 4373 τῆς
3346 4305 3708 4370 Λυκαονίας,

2033 4392 2317 4458 Λύστραν
2345 4393 2444 4446 καὶ
2481 4394 2729 4461 Δέρϐην,
2761 4394 2861 4447 καί
2889 4392 3006 4461 τὴν
3036 4394 3389 4462 περίχωρον.
3425 4389 3594 4444 Ἔνθα
3621 4391 3711 4444 οὑ-

2031 4476 2202 4548 δαμοῦ
2232 4480 2323 4531 τὸν
2367 4480 2539 4551 θυμὸν
2579 4480 2760 4534 αὐτῶν
2806 4482 3050 4534 ἐκκαίειν
3077 4476 3147 4551 ἦν
3173 4496 3186 4508 ⁸
3211 4479 3353 4533 ὥστε
3381 4480 3476 4533 καὶ
3500 4480 3558 4532 ἐν
3589 4481 3709 4542 ταῖς

2031 4565 2236 4637 χώραις
2264 4566 2531 4638 ἀπῄεσαν,
2568 4568 2667 4621 οὐκ
2692 4570 2750 4621 ἐν
2776 4568 2967 4621 πόλεσι
2996 4569 3174 4640 μόνον.
3198 4568 3340 4637 Ὅρα
3366 4568 3461 4620 καὶ
3484 4566 3593 4619 τῶν
3619 4565 3709 4619 ἐθ-

2030 4653 2137 4705 νῶν
2165 4653 2263 4725 τὴν
2307 4654 2565 4722 ἀφέλειαν
2585 4698 2603 4727 ,_
2641 4656 2735 4709 καὶ
2775 4654 2881 4709 τῶν
2915 4655 3182 4711 Ἰουδαίων
3213 4653 3312 4725 τὴν
3347 4653 3703 4723 κακουργίαν.

2029 4739 2104 4792 Δι’
2141 4740 2319 4811 ἐργων
2355 4743 2767 4809 ἐπεδείκνυντο,
2800 4744 2883 4795 ὅτι
2912 4742 3053 4809 ἄξιοι
3076 4737 3216 4813 ἦσαν
3248 4741 3467 4794 ἀκούειν
3494 4757 3506 4770 ⁸
3530 4740 3706 4803 οὕτως

2028 4828 2232 4898 ἐτίμων
2288 4830 2486 4894 αὐτοὺς
2540 4831 2647 4885 ἀπὸ
2697 4831 2942 4903 σημείων
2992 4830 3178 4902 μόνον.
3226 4830 3288 4882 Ol
3321 4829 3418 4899 μὲν
3443 4827 3519 4891 ῶς
3548 4826 3705 4889 θεοὺς

2026 4918 2252 4988 ἐτίμων,
2281 4920 2332 4972 οί
2359 4919 2415 4972 δὲ
2441 4920 2516 4983 ὼς
2541 4919 2826 4990 λυμεῶνας
2850 4919 3071 4973 ἐδίωκον
3101 4936 3115 4951 ⁸
3143 4919 3237 4974 καὶ
3264 4920 3312 4971 οί
3337 4919 3433 4989 μὲν
3459 4916 3519 4970 οὐ
3545 4920 3702 4987 μόνον

2023 5006 2084 5057 οὐ
2102 5007 2475 5077 προσέκοπτον
2496 5007 2573 5077 τῷ
2588 5006 2925 5077 κηρύγματι,
2943 5006 3082 5061 ἀλλά
3102 5007 3198 5061 καὶ
3224 5007 3409 5074 ἔλεγον
3425 5022 3438 5034 ⁸
3463 5007 3528 5059 Ol
3549 5005 3696 5067 θεοί,

2023 5095 2357 5162 ἀνθρώποις
2420 5096 2837 5166 ὁμοιωθέντες,
2896 5095 3243 5163 κατέϐησαν
3306 5094 3455 5163 πρὸς
3517 5091 3695 5161 ἡμᾶς.

2035 5184 2276 5238 Ἰουδαῖοι
2306 5184 2365 5237 δέ
2396 5184 2862 5249 ἐσκανδαλίζοντο.
2907 5183 3202 5239 Ἑκάλουν
3254 5200 3340 5247 τε,
3388 5181 3543 5251 φησὶ,
3588 5180 3698 5232 τὸν

2014 5269 2133 5339 μέν
2169 5270 2484 5338 Βαρνάϐαν
2520 5272 2625 5324 Δία
2648 5313 2664 5339 ,
2706 5272 2815 5325 τὸν
2858 5270 2927 5325 δὲ
2972 5270 3225 5326 Παῦλον
3265 5266 3500 5337 Ἑρμῆν.
3541 5265 3696 5335 Ἐμοὶ

2019 5358 2168 5413 δοκεῖ
2188 5360 2283 5411 καὶ
2303 5358 2411 5411 ἀπὸ
2449 5358 2546 5427 τῆς
2578 5358 2755 5428 ὅψεως
2782 5358 3121 5441 ἀξιοπρεπὴς
3154 5354 3297 5410 εἶναι
3326 5357 3353 5407 ὁ
3385 5352 3689 5441 Βαρνάϐας.

2020 5450 2096 5502 Οὐ
2124 5447 2321 5518 μικρὸς
2356 5448 2449 5501 καὶ
2482 5443 2635 5511 οὗτος
2668 5448 2975 5518 πειρασμὸς
2998 5440 3057 5511 ἐξ
3083 5445 3350 5529 ἀμετρίας
3384 5442 3523 5529 ἐφύη
3563 5440 3694 5494 πολ-

2017 5534 2143 5607 λῆς·
2173 5535 2310 5588 ἀλλά
2341 5536 2435 5588 καὶ
2464 5534 2714 5588 ἐντεῦθεν
2742 5535 2849 5587 τῶν
2880 5528 3191 5588 ἀποστόλων
3224 5534 3257 5602 ἡ
3291 5530 3459 5602 ἀρετὴ
3476 5528 3690 5583 δείκνυ-

2015 5641 2124 5678 ται.
2158 5625 2267 5677 Kal
2287 5625 2389 5693 ὅρα
2416 5623 2533 5686 πῶς
2569 5622 2844 5693 πανταχοῦ
2874 5622 3052 5676 πάντα
3088 5620 3404 5674 ἀνατιθέασι
3436 5618 3513 5689 τῷ
3546 5617 3687 5690 Θεῷ.

2016 5709 2253 5773 Τούτους
2294 5710 2386 5763 καὶ
2432 5710 2592 5779 ἡμεῖς
2632 5708 2966 5779 ζηλώσωμεν
2996 5724 3012 5739 ⁸
3046 5708 3213 5778 μηδὲν
3255 5706 3523 5776 ἡμέτερον
3551 5700 3690 5760 εἶναι

2000 5797 2363 5886 ινομίζωμεν,
2397 5797 2530 5849 ὅπου
2570 5813 2636 5866 γε
2668 5798 2762 5850 καὶ
2795 5795 2935 5866 αὑτὴ
2972 5796 3007 5865 ἡ
3044 5795 3227 5858 πίστις
3260 5795 3358 5865 οὺχ
3396 5794 3683 5865 ἡμέτερον.

2078 5974 2107 6013 ιο
2133 5975 2600 6042 Ιιιιρτρτεειεςὶεεε
2624 5977 2899 6042 ιιὶ-ιιειιιιιᾲτδ
2919 5978 3031 6042 παρ’
3049 5977 3206 6042 ἡμῶν,
3233 5975 3493 6042 Dounagus_
3512 5970 3687 6042 legen-

2011 6038 2126 6101 ιῖυῐη
2166 6032 2320 6101 putuit,
2362 6039 2419 6087 τὸ
2463 6032 2554 6101 πρὸ
2594 6040 2775 6087 τούτων
2817 6040 2926 6101 ὑμῖν
2975 6032 3275 6101 ὄφειλόμειον
3338 6035 3420 6084 vel
3473 6032 3678 6095 ὀφεῖλον.

2014 6101 2035 6125 θ
2066 6099 2230 6160 Εἶπεν,
2270 6100 2346 6148 ἵνα
2384 6099 2511 6164 δείξῄ
2529 6103 2673 6152 deest.
2725 6105 2776 6151 in
2819 6099 3125 6163 quibusdam.
