4112 6432
421 399 524 455 22³ἱ

428 519 550 572 Ὀτι
586 518 643 572 δὲ
688 521 786 591 οὑχ
813 511 1080 594 ἡμέτερον
1104 565 1117 586 ,
1146 523 1285 577 ἀλλὰ
1316 525 1376 578 16
1404 525 1564 580 πλέον
1592 527 1686 580 τοῦ
1719 527 1853 581 Θεοῦ
1879 571 1893 590 ,
1928 531 2089 582 ἄκουε

424 608 636 662 Παύλου
679 609 931 677 λέγοντος
954 625 968 639 ⁸
1008 612 1118 665 Καὶ
1161 615 1339 668 τοῦτο
1366 617 1478 669 οὐκ
1506 617 1575 680 ἐξ
1601 616 1803 685 ἡμῶν,
1843 619 1990 672 Θεοῦ
2023 621 2090 673 τὸ

423 693 636 764 δῶρον.
683 697 774 769 Μὴ
811 698 991 751 τοίνυν
1032 700 1176 770 μέγα
1225 703 1536 773 φρονῶμεν,
1565 704 1700 775 μηδὲ
1733 705 2050 776 φυσιώμεθα
2073 747 2088 770 ,

423 783 721 855 ἄνθρωποι,
755 787 827 856 γῆ
860 789 954 841 καὶ
989 790 1180 852 σποδὸς
1205 790 1376 854 ὄντες,
1409 792 1613 855 καπνὸς
1639 794 1732 846 καὶ
1766 795 1911 848 σκιά.
1959 795 2093 848 Eia-:6

423 872 533 942 γάρ
561 889 670 943 μοι,
702 873 788 926 διὰ
815 875 868 926 τί
898 875 1040 944 μέγα
1067 880 1318 947 φρονεῖς;
1348 879 1742 951 Ἐλεημοσὺνην
1771 881 1977 944 ἔδωκας
1999 883 2093 934 καὶ

423 959 494 1010 τὰ
529 961 788 1030 χρήματα
814 963 1120 1027 ἐκένωσας;
1153 965 1263 1018 Καὶ
1291 965 1345 1017 τί
1370 965 1556 1031 τοῦτο;
1592 968 1979 1039 Ἐννόησον,-εἰ
2017 971 2092 1041 μὴ

425 1047 658 1118 ὴθέλησέ
688 1067 747 1102 σε
778 1051 999 1119 ποιῆσαι
1026 1052 1054 1103 6
1081 1051 1212 1114 Θεὸς
1243 1053 1494 1107 πλούσιον
1518 1069 1533 1084 ⁸
1556 1056 1808 1127 ἐννόησον
1836 1059 1962 1120 τοὺς
1991 1075 2092 1112 πε-

427 1136 689 1206 νομένους
710 1178 723 1197 ,
767 1138 965 1207 μᾶλλον
992 1138 1049 1190 66
1082 1140 1334 1210 ἐννόησον
1359 1141 1472 1194 ὅσοι
1497 1143 1591 1195 καὶ¹
1617 1143 1685 1196 τά
1713 1142 1938 1215 σώματα
1961 1145 2092 1197 ἐπέ-

420 1221 626 1282 δωκαν,
659 1226 750 1276 καὶ
781 1225 918 1294 μετά
946 1224 1006 1277 16
1036 1227 1311 1280 ἐπιδοῦναι
1355 1229 1526 1298 μυρία
1549 1270 1562 1288 .
1590 1231 1815 1292 ἑαυτοὺς
1845 1231 2092 1284 ὲταλάνι-

425 1326 545 1364 σαν.
577 1312 650 1364 Σὺ
681 1310 771 1364 διά
811 1313 1005 1367 σαυτὸν
1033 1313 1262 1378 ἔδωκας,
1291 1317 1320 1368 6
1348 1317 1582 1386 Χριστὸς
1603 1317 1690 1370 διὰ
1717 1318 1776 1371 σέ
1805 1337 1816 1348 ·
1854 1321 1917 1372 σὺ
1951 1320 2090 1372 ἀπέ-

423 1401 604 1466 δωκας
627 1403 688 1456 16
715 1403 1092 1474 ὀφειλόμενον,
1128 1407 1155 1457 6
1180 1406 1412 1477 Χριστὸς
1447 1408 1548 1460 οὑκ
1576 1406 1774 1476 ὤφειλέ
1821 1426 1922 1462 σοι.
1947 1410 2090 1479 Ὅρα

420 1490 515 1542 τοῦ
549 1491 835 1558 μέλλοντος
861 1492 920 1545 τὸ
946 1493 1160 1564 ἄδηλον,
1193 1495 1288 1546 καὶ
1312 1494 1385 1564 μὴ
1407 1495 1766 1566 ὑψηλοφρόνει
1784 1536 1799 1556 ,
1832 1497 1966 1550 ἀλλά
1995 1515 2091 1564 φο-

421 1577 518 1630 606
544 1595 558 1610 ο
587 1579 660 1650 μὴ
711 1579 1024 1650 ἐλαττώσῃς
1065 1580 1164 1650 τὴν
1215 1582 1416 1652 ἀρετὴν
1458 1585 1523 1652 τῇ
1564 1583 1870 1654 ἀλαζονείᾳ.
1899 1584 2086 1638 Βούλει

420 1664 589 1726 ὄντως
618 1665 760 1734 μέγα
799 1683 850 1718 τι
884 1667 1258 1736 ἐργάσασθαι;
1312 1668 1594 1738 Μηδέποτε
1630 1670 1976 1742 ὑποπτεύσῃς
2011 1671 2088 1734 ὼς

419 1751 550 1820 περὶ
582 1752 832 1821 μεγάλων
869 1753 979 1807 τῶν
1020 1753 1476 1823 κατορθωμάτων.
1513 1755 1668 1809 Ἀλλά
1694 1757 1961 1828 παρθένος
1994 1754 2083 1823 εἷ;

431 1838 591 1891 Ἀλλὰ
630 1833 877 1892 κάκεῖναι
919 1842 1178 1912 παρθένοι
1218 1837 1390 1912 ἦσαν,
1438 1842 1552 1895 ἀλλ’
1600 1845 1750 1898 οὐδὲν
1802 1844 2087 1900 ἀπώναντο

418 1925 518 1993 τῆς
553 1926 852 1997 παρθενίας
897 1927 986 1982 διά
1040 1927 1140 1999 τὴν
1189 1929 1447 1999 ὡμότητα
1507 1932 1602 1984 καὶ
1651 1933 1750 2002 τὴν
1797 1934 2087 2004 ἀπανθρω-

417 2010 568 2064 πίαν.

489 2098 656 2150 Οὑδέν
698 2103 1201 2174 ταπεινοφροσύνης
1247 2105 1398 2159 ἴσον·
1425 2107 1562 2177 αὕτη
1606 2109 1790 2178 μήτηρ
1832 2110 1924 2162 καὶ
1959 2109 2084 2178 ῥίζα

415 2187 512 2239 καὶ
527 2184 677 2259 [258]
699 2189 894 2258 τροφὸς
917 2191 1008 2242 καὶ
1025 2191 1279 2256 ὑπόθεσις
1301 2193 1396 2247 καὶ
1411 2195 1701 2265 σύνδεσμος
1711 2197 1819 2249 τῶν
1841 2197 2083 2265 ἀγαθῶν’

415 2274 621 2342 ταύτης
647 2275 772 2328 ἄνευ
804 2276 1083 2334 βδελυκτοὶ
1108 2282 1200 2334 καὶ
1228 2283 1412 2352 μιαροὶ
1442 2284 1537 2336 καὶ
1569 2285 1868 2354 ἀκάθαρτοι
1894 2288 2080 2356 ἐσμεν.

420 2362 604 2415 Ἔστω
633 2366 740 2434 γάρ
769 2384 872 2430 τις,
903 2369 950 2420 εί
979 2368 1180 2437 βούλει,
1215 2373 1440 2442 νεκροὺς
1469 2375 1725 2438 ἀνιστῶν,
1757 2376 1852 2428 καὶ
1876 2377 2085 2446 χωλοὺς

419 2453 668 2524 ἰώμενος,
712 2455 806 2507 καὶ
845 2454 1078 2526 λεπροὺς
1115 2457 1390 2531 καθαίρων
1433 2461 1570 2530 μετὰ
1607 2462 1863 2527 ἀπονοίας
1889 2481 1902 2494 ·
1930 2465 2083 2519 οὐδὲν

413 2540 604 2595 τούτου
639 2542 996 2614 μιαρώτερον,
1027 2545 1180 2598 οὐδὲν
1209 2547 1587 2618 ἀσεϐέστερον,
1611 2549 1760 2604 οὐδὲν
1785 2551 2079 2620 ἀναγέστε-

416 2646 528 2699 ρον.
561 2630 743 2700 Μηδὲν
768 2627 905 2684 εἶναι
928 2634 1159 2704 νομίσῃς
1185 2635 1405 2689 σαυτοῦ.
1448 2637 1619 2705 Λόγον
1645 2638 1789 2708 ἔχεις
1810 2639 1904 2692 καὶ
1934 2639 2081 2694 διδα-

415 2717 677 2787 σκαλικὴν
706 2719 899 2789 χάριν;
943 2721 1033 2791 Μὴ
1075 2721 1162 2774 διὰ
1202 2722 1362 2775 τοῦτο
1407 2725 1634 2799 νομίσῃς
1672 2727 1833 2780 πλέον
1869 2745 1922 2780 τι
1971 2730 2082 2784 τῶν

411 2807 588 2861 ἀλλων
623 2809 788 2878 ἔχειν.
813 2812 912 2864 Διὰ
941 2811 1100 2865 τοῦτο
1135 2813 1369 2884 μάλιστα
1394 2815 1781 2870 ταπεινοῦσθαι
1807 2817 2042 2887 ὀφείλεις
2061 2857 2078 2880 ,

410 2900 492 2953 δτι
535 2902 792 2955 πλειόνων
831 2901 1072 2973 ήξιώθης
1124 2905 1364 2974 δωρεῶν.
1387 2901 1458 2977 ᾯ
1505 2907 1616 2978 γάρ
1659 2908 1842 2961 πλεῖον
1880 2909 2083 2979 ἀφέθη,

411 2988 595 3041 πλεῖον
648 2990 944 3059 ἀγαπήσει.
993 2992 1203 3045 Οὐκοῦν
1258 2994 1353 3046 καὶ
1399 2995 1782 3049 ταπεινοῦσθαι
1829 2997 1955 3069 χρὴ,
1997 2999 2080 3053 ὅτι

410 3077 539 3137 Τοὺς
568 3076 758 3140 ἄλλους
785 3078 1101 3147 παρελθὼν,
1138 3083 1218 3142 εἰς
1247 3081 1304 3133 σὲ
1332 3083 1625 3136 ἐπένευσεν
1660 3087 1688 3138 ό
1718 3085 1868 3148 Θεός.
1908 3087 2078 3140 Φοϐοῦ

411 3161 499 3217 διὰ
517 3163 674 3217 τοῦτο
704 3182 719 3198 ο
743 3165 1002 3228 πολλάκις
1027 3167 1134 3238 γάρ
1161 3183 1240 3220 σοι
1270 3171 1364 3222 καὶ
1394 3171 1668 3236 ἀπωλείας
1689 3173 1847 3226 τοῦτο
1871 3175 2080 3243 γίνεται

411 3252 607 3314 αἴτιον,
646 3252 712 3304 ἂν
746 3252 820 3323 μὴ
853 3254 1050 3323 νήφῃς.

482 3340 548 3391 Τί
602 3340 744 3408 μέγα
797 3344 1046 3409 φρονεῖς;
1100 3342 1182 3395 δτι
1229 3343 1500 3409 διδάσκεις
1554 3347 1639 3402 διὰ
1688 3349 1894 3417 λόγων;
1940 3352 2079 3405 Ἀλλ’

410 3425 633 3480 εὔκολον
661 3427 817 3480 τοῦτο
842 3428 903 3481 τὸ
937 3431 1244 3498 φιλοσοφεῖν
1280 3434 1336 3485 ἐν
1372 3435 1577 3503 ῥήμασι
1599 3453 1611 3465 ·
1652 3437 1860 3501 δίδαξόν
1891 3457 1956 3508 με
1990 3440 2080 3494 διὰ

409 3515 505 3568 τοῦ
542 3515 656 3585 βίου
691 3517 785 3570 τοῦ
818 3518 911 3570 σοῦ
940 3535 952 3547 ·
981 3516 1121 3588 αὕτη
1167 3519 1199 3589 ή
1246 3520 1564 3575 διδασκαλία
1593 3525 1811 3595 ἀρίστη.
1861 3527 2076 3594 Λέγεις,

409 3603 492 3656 δτι
518 3603 596 3656 δεῖ
626 3604 957 3674 μετριάζειν,
989 3607 1084 3658 καὶ
1115 3607 1326 3677 μακρὸν
1354 3609 1493 3678 ὑπὲρ
1531 3609 1720 3664 τούτου
1759 3611 1915 3681 λόγον
1941 3616 2077 3668 ἀπο-

409 3691 628 3754 τείνεις,
659 3693 754 3746 καὶ
782 3693 1096 3764 ρητορεύεις
1122 3695 1260 3762 ῥέων
1287 3697 1580 3760 ἀκωλύτως
1604 3716 1618 3763 ;
1651 3700 1810 3753 Ἀλλά
1839 3702 1930 3755 σοῦ
1959 3703 2077 3772 βελο

407 3776 538 3829 τίων
573 3778 778 3844 ἐκεῖνος
803 3819 818 3842 ,
861 3779 1026 3848 φησὶν
1049 3820 1062 3840 ,
1096 3783 1124 3833 6
1170 3781 1235 3834 δι’
1261 3781 1438 3851 ἔργων
1467 3784 1624 3837 τοῦτο
1653 3787 1921 3843 παιδεύων
1954 3792 2074 3861 ἐμέ.

409 3866 484 3917 O6
515 3867 623 3937 γὰρ
655 3869 826 3932 οὕτως
854 3870 1042 3924 εἴωθεν
1076 3872 1378 3926 ἐντίθεσθαι
1404 3879 1470 3946 τῇ
1504 3876 1648 3948 ψυχῇ
1676 3879 1744 3933 τά
1778 3882 2077 3953 μαθήματα

413 3953 522 4005 ἀπὸ
549 3955 831 4024 ῥημάτων.
860 3958 934 4019 ὠς
968 3956 1077 4010 ἀπὸ
1108 3960 1448 4028 πραγμάτων
1477 3979 1490 3991 ·
1519 3965 1642 4016 ἐπεὶ
1663 3966 1757 4017 ἐάν
1799 3967 1874 4039 μὴ
1905 3969 1965 4021 τὸ
1987 3970 2078 4042 ἐρ-

409 4056 506 4107 γον
538 4041 684 4114 ἔχῃς,
718 4043 778 4096 06
814 4043 972 4113 μόνον
1001 4046 1100 4098 οὑκ
1133 4046 1422 4118 ὠφέλησας
1446 4049 1635 4116 εἰπὼν,
1666 4052 1801 4108 άλλά
1830 4057 1924 4108 καὶ
1955 4074 2076 4126 μει-

412 4125 580 4192 ζόνως
613 4129 870 4200 ἔϐλαψας.
918 4133 1132 4187 Βέλτιον
1166 4139 1342 4207 σιγᾷν.
1393 4139 1493 4192 Διά
1523 4141 1613 4206 τίς
1647 4139 1772 4195 ’Ότι
1819 4125 2076 4199 ἀδύνατόν

411 4233 502 4286 μοι
519 4218 578 4270 τὸ
597 4220 829 4290 πρᾶγμα
847 4221 1129 4293 καθιστᾷς.
1166 4224 1360 4277 Ἐννοῶ
1382 4226 1509 4297 γὰρ,
1535 4228 1616 4281 δτι
1641 4232 1690 4282 εἰ
1710 4231 1774 4282 σὺ
1793 4231 1821 4283 6
1842 4233 2075 4287 τοσαῦτα

405 4304 580 4371 λέγων
602 4308 660 4358 οὑ
681 4307 983 4376 κατορθοῖς,
1012 4310 1190 4380 πολλῷ
1209 4312 1407 4381 μᾶλλον
1427 4313 1538 4382 ἐγὼ
1557 4316 1882 4388 συγγνώμης
1903 4319 2070 4384 ἄξιος,

403 4391 578 4461 λέγων
625 4394 851 4465 μηδένα.
899 4396 998 4450 Διά
1047 4397 1204 4450 τοῦτό
1243 4417 1406 4469 φησιν
1449 4403 1478 4455 6
1522 4407 1845 4476 προφήτης·
1899 4407 1980 4474 Τῷ
2005 4410 2076 4463 δὲ

400 4479 730 4549 ἁμαρτωλῷ
775 4483 946 4537 εἶπεν
988 4488 1020 4538 ὁ
1050 4488 1194 4552 Θεός
1223 4506 1238 4520 ο
1263 4489 1391 4543 Ἵνα
1427 4493 1482 4542 τί
1511 4491 1590 4544 σὺ
1620 4493 1871 4564 ἐκδιηγῇ
1899 4497 1970 4551 τὰ
1996 4497 2075 4551 δι-

401 4566 706 4635 καιώματά
721 4588 878 4638 μου;
915 4572 1132 4637 Μείζων
1157 4575 1263 4647 γάρ
1293 4576 1430 4648 αὕτη
1455 4580 1486 4649 ἡ
1520 4579 1711 4651 βλάϐη,
1741 4584 1867 4636 ὅταν
1894 4585 2074 4650 καλῶς

399 4654 666 4708 διδάσκων
708 4674 791 4719 τις
825 4658 911 4711 διὰ
950 4662 1238 4731 ῥημάτων,
1275 4663 1361 4716 διὰ
1391 4665 1497 4718 τῶν
1527 4667 1701 4739 ἐργων
1736 4671 1946 4743 πολεμῇ
1999 4677 2068 4746 τῇ

397 4739 728 4814 διδασκαλίᾳ.
770 4746 940 4799 Τοῦτο
976 4747 1185 4801 πολλῶν
1222 4752 1393 4804 αἴτιον
1424 4755 1612 4822 γέγονε
1649 4757 1833 4812 κακῶν
1862 4761 1920 4812 ἐν
1952 4767 2072 4828 ταῖς

411 4830 780 4904 Ἐκκλησίαις.
815 4834 911 4887 Διά
939 4835 1094 4888 τοῦτο
1127 4838 1220 4891 καὶ
1254 4840 1529 4909 σύγγνωτε
1550 4886 1563 4905 ,
1602 4849 1906 4918 παρακαλῶ
1931 4891 1946 4915 ,
1974 4852 2068 4905 τοῦ

397 4913 559 4982 λόγου
587 4918 930 4986 χρονίζοντος
956 4923 1086 4990 ἡμῖν
1115 4927 1174 4978 ἐν
1201 4927 1374 4998 τούτῳ
1399 4929 1476 4998 τῷ
1510 4913 1695 4987 πάθειξ
1727 4935 1905 4990 Πολλά
1935 4913 2069 4990 ’πολ-

396 5003 480 5056 λοὶ
505 5007 834 5074 πράττουσιν
862 5011 1002 5083 ὑπὲρ
1028 5013 1121 5066 τοῦ
1147 5019 1227 5078 είς
1249 5018 1414 5087 μέσον
1445 5022 1667 5088 στάντες
1695 5027 1904 5098 μακρὸν
1933 5029 2069 5082 ἀπο-

393 5093 589 5145 τείνειν
613 5094 794 5162 λόγον·
819 5099 918 5151 κᾶν
951 5101 1047 5170 μὲν
1081 5106 1288 5174 κρότων
1312 5107 1517 5178 τύχωσι
1542 5110 1649 5164 τῶν
1673 5113 1782 5166 ἀπὸ
1811 5115 1904 5168 τοῦ
1928 5117 2067 5188 πλή-

395 5178 522 5242 θους
545 5221 560 5243 ,
589 5182 812 5250 γέγονεν
842 5187 1023 5252 αὐτοῖς
1050 5191 1207 5245 τοῦτο
1247 5193 1520 5262 βασιλείας
1558 5198 1671 5253 ἴσον
1694 5216 1709 5231 ⁸
1741 5201 1808 5254 ἂν
1835 5203 1890 5258 δὲ
1929 5205 2067 5274 μετά

395 5267 552 5337 σιγῆς
584 5267 676 5321 τὸν
716 5268 875 5338 λόγον
909 5279 1325 5342 καταπαύσωσι,
1361 5282 1584 5354 γεέννης
1616 5286 1678 5357 δή
1718 5305 1824 5342 που
1866 5267 2067 5360 μάλλον

390 5352 578 5444 0610:;
603 5356 961 5430 χαλεπωτέρα
997 5363 1230 5434 κατέστη
1261 5367 1362 5435 τῆς
1397 5352 1556 5438 σιγῆς
1578 5373 1610 5441 ή
1637 5352 1877 5444 ἀθυμίας
1895 5377 2066 5430 Τοῦτο

389 5440 488 5501 τὰς
517 5442 842 5516 Ἑκκλησίας
871 5449 1165 5520 ἀνέτρεψεν
1186 5491 1200 5515 ,
1229 5454 1310 5507 ὅτι
1338 5457 1429 5509 καὶ
1457 5440 1614 5526 ὑμεῖς
1638 5461 1696 5512 o6
1736 5440 1945 5532 ζητεῖτε
1973 5463 2061 5516 λό-

389 5542 486 5593 γον
514 5529 743 5586 ἀκοῦσαι
774 5540 1176 5592 κατανυκτικὸν
1201 5581 1216 5605 ,
1249 5543 1386 5597 ἀλλά
1409 5544 1606 5616 τέρψαι
1632 5547 1928 5619 δυνάμενον
1966 5552 2063 5605 καὶ

487 5615 644 5690 ψόφῳ
667 5623 759 5674 καὶ
789 5627 854 5693 τῇ
887 5625 1132 5680 συνθέσει
1157 5629 1266 5682 τῶν
1293 5615 1574 5703 ῥημάτων,
1606 5615 1854 5706 καθάπερ
1883 5638 2061 5710 μελῳ-

389 5699 494 5755 δῶν
518 5707 612 5759 καῖ
644 5709 975 5779 κιθαριστῶν
998 5699 1326 5782 ἀκούοντες*
1353 5699 1451 5774 καὶ
1475 5723 1638 5793 ἡμεῖς
1657 5699 1928 5794 ψυχρῶς-ιι
1963 5699 2058 5780 καὶ

387 5791 750 5866 ταλαιπώρως
783 5803 1063 5865 ποιοῦντες
1085 5845 1100 5863 ,
1133 5806 1215 5859 ὅτι
1251 5811 1370 5872 ταῖς
1411 5811 1708 5882 ὑμετέραις
1736 5813 2059 5886 ἐπιθυμίαις

388 5876 654 5948 ἑπόμεθα,
690 5882 806 5934 δέον
847 5889 1136 5943 ἐκκόπτειν
1167 5896 1384 5960 ταύτας.

451 6037 468 6060 ⁸
510 6039 682 6094 Morel.
730 6046 808 6091 καὶ
849 6049 973 6107 ἡμᾶς
1013 6051 1218 6112 ψυχρῶς.

1197 408 1254 462 S.
1287 409 1572 466 JOANNIS
1606 411 2096 469 CHRYSOSTOMI
2140 414 2457 476 ARCIIIEP.
2487 423 3038 484 CONSTANI’INOP.

2269 533 2332 587 δ’.
2363 537 2473 589 Καὶ
2503 539 2698 593 ταύτὸν
2730 542 2960 609 γίνεται,
2978 539 3089 598 οἷον
3116 546 3182 598 ἂν
3200 547 3253 599 εί
3279 563 3363 611 τις
3392 547 3578 622 πατὴρ
3607 552 3742 620 πέρα
3764 556 3870 612 τοῦ

2195 620 2404 685 δέοντος
2436 625 2718 694 μαλθακοῦ
2750 631 2994 694 παιδίου,
3027 633 3202 688 καίτοι
3245 635 3658 707 ἀρῤωστοῦντος
3677 682 3692 706 ,
3716 644 3860 699 πλα-

2198 708 2398 764 κοῦντα
2425 713 2594 784 ἐπιδῷ
2631 717 2724 770 καὶ
2764 717 2969 788 ψυχρὸν
2995 723 3088 774 καὶ
3111 721 3210 774 ὅσα
3234 724 3430 796 τέρπει
3453 726 3638 796 μόνον,
3667 730 3773 784 τῶν
3801 733 3866 786 δὲ

2195 798 2483 870 χρησίμων
2515 803 2784 874 μηδεμίαν
2816 807 3136 874 ἐπιμέλειαν
3168 814 3375 864 ποιοῖτο
3402 828 3416 843 ⁸
3445 809 3566 868 εἶτα
3598 817 3872 885 ἐγκαλού-

2197 900 2356 972 μενος
2383 888 2536 957 παρά
2563 890 2674 943 τῶν
2707 893 2909 962 ἰατρῶν
2934 935 2948 958 ,
2983 895 3302 964 ἀπολογοῖτο
3330 897 3505 968 λέγων
3525 918 3540 933 ·
3565 904 3631 957 Τί
3667 905 3863 972 πάθω;

2191 969 2291 1022 οὑκ
2329 973 2591 1044 ἀνέχομαι
2621 977 2804 1032 κλαῖον
2830 980 2891 1033 τὸ
2917 982 3126 1036 παιδίον
3156 985 3302 1040 ἰδεῖν.
3335 983 3522 1042 Ἀθλιε
3546 992 3641 1044 καὶ
3672 969 3867 1047 ταλαίλ-

2193 1073 2345 1128 πωρε
2386 1062 2479 1116 καὶ
2509 1064 2745 1134 προδότα
2771 1082 2786 1096 ·
2814 1068 2875 1120 06
2904 1068 3014 1139 γὰρ
3049 1070 3114 1122 ἂν
3142 1072 3353 1143 πατέρα
3383 1090 3474 1128 τον
3502 1078 3745 1132 τοιοῦτον
3788 1084 3870 1134 εῖ-

2192 1161 2351 1232 ποιμι
2370 1162 2384 1176 ·
2415 1150 2510 1201 καὶ
2538 1151 2692 1222 πόσῳ
2717 1153 2922 1222 βέλτιον
2952 1157 3009 1208 ἐν
3034 1158 3226 1229 βραχεῖ
3259 1161 3397 1232 λυπή
3410 1179 3596 1229 σαντα,
3626 1165 3866 1221 διαπαν-

2189 1230 2281 1324 τὸς
2303 1233 2480 1324 ὑγιείᾳ
2503 1239 2854 1324 παραδοῦναι,
2885 1243 2918 1313 ἢ
2947 1243 3044 1315 τὴν
3068 1230 3397 1318 πρόσκαιρον
3422 1250 3628 1322 ταύτην
3650 1255 3821 1324 χάριν
3841 1296 3864 1322 ,

2187 1315 2470 1400 διηνεκοῦς
2497 1323 2737 1394 ἀθυμίας
2766 1328 3024 1383 ὑπόθεσιν
3053 1315 3406 1403 ποιήσασθαι;
3449 1315 3621 1391 Τοῦτο

2192 1420 2292 1494 μεν
2326 1409 2624 1494 καλήμεῖς,
2654 1414 2828 1486 κάλλη
2855 1416 3052 1484 λέξεων
3090 1421 3568 1494 περιεργαζόμενοι
3595 1429 3691 1480 καὶ
3719 1409 3859 1482 συν-

2190 1487 2366 1583 θήκας
2391 1492 2540 1567 [259]
2566 1498 2661 1550 καὶ
2686 1502 2952 1571 ἁρμονίαν
2972 1506 3121 1569 ὅπως
3141 1487 3382 1579 ήσωμεν,
3403 1487 3498 1581 οὐχ
3529 1513 3672 1576 ὅπως
3698 1515 3853 1583 ὡφε-

2187 1578 2436 1671 λήσωμεν
2497 1585 2646 1651 ὅπως
2674 1588 3078 1662 θαυμασθῶμεν
3112 1595 3160 1661 b,
3187 1578 3284 1668 οὑχ
3322 1578 3800 1671 ὅττωςηδιδάξωμέν
3830 1619 3850 1634 ⁶

2187 1664 2335 1730 ὅπως
2352 1669 2661 1740 τέρψωμεν,
2680 1675 2777 1745 οὑχ
2799 1677 2947 1742 ὅπως
2968 1681 3356 1754 κατανύξωμεν
3370 1701 3383 1714 ·
3408 1686 3556 1750 ὅπως
3575 1687 3865 1757 κροτηθῶ-

2189 1769 2288 1821 μεν
2321 1757 2416 1809 καὶ
2445 1758 2670 1814 ἐπαίνου
2698 1764 2951 1832 τυχόντες
2983 1767 3330 1841 ἀπέλθωμεν,
3355 1773 3453 1843 οὑχ
3471 1773 3616 1839 ὅπως
3641 1775 3711 1828 τὰ
3743 1775 3858 1848 ήθη

2188 1843 2559 1917 ρυθμίσωμεν.

2257 1934 2593 1992 Πιστεύσατέ
2627 1957 2739 2010 μοι,
2770 1943 2872 1998 οὑκ
2895 1945 3070 2012 ἄλλως
3101 1947 3264 2017 λέγω,
3293 1950 3514 2006 ἐπειδὰν
3530 1951 3696 2021 λέγων
3713 1970 3854 2024 κρο-

2184 2021 2385 2092 τῶμαι,
2417 2027 2547 2096 παρ’
2575 2029 2736 2082 αὑτὸν
2765 2031 2865 2100 μὲν
2891 2033 2981 2086 τὸν
3006 2036 3196 2106 καιρὸν
3224 2036 3558 2109 ἀνθρώπινόν
3578 2057 3629 2093 τι
3645 2021 3852 2110 πάσχω

2185 2110 2260 2174 (τί
2294 2111 2402 2183 γὰρ
2431 2115 2531 2168 οὑκ
2565 2114 2629 2169 ἀν
2654 2134 2737 2178 τις
2763 2120 2906 2173 εἴποι
2933 2121 2994 2174 τὸ
3019 2123 3266 2194 ἀληθές);
3299 2126 3396 2178 καὶ
3426 2125 3714 2195 γάννυμαι,
3744 2127 3855 2179 καὶ

2184 2195 2467 2269 διαχέομαι
2492 2218 2506 2231 '
2552 2204 2775 2258 ἐπειδάν
2819 2206 2876 2259 66
2903 2208 3154 2264 ἀπελθὼν
3202 2211 3383 2265 οἴκαδε
3436 2213 3672 2284 ἐννοήσω
3719 2213 3860 2277 τοὺς

2185 2285 2558 2370 κροτήσαντας
2588 2290 2740 2344 οὑδέν
2769 2292 3149 2366 ὠφεληθέντας
3170 2335 3187 2362 ,
3216 2297 3330 2350 ἀλλ’
3351 2299 3405 2353 ετ
3441 2317 3494 2352 τι
3519 2302 3615 2354 καὶ
3641 2299 3865 2370 ὠφεληο

2186 2369 2347 2440 θῆναι
2381 2371 2509 2436 ἔδει,
2551 2375 2654 2429 ὑπὸ
2684 2377 2776 2430 τοῦ
2812 2380 3005 2450 κρότου
3037 2383 3132 2436 καὶ
3157 2383 3266 2436 τῶν
3297 2385 3538 2439 ἐπαίνων
3567 2369 3857 2439 ἀπολωλεζ-

2183 2458 2344 2522 κότας
2369 2499 2384 2524 ,
2421 2461 2692 2533 ὀδυνῶμαι
2721 2465 2816 2518 καὶ
2857 2467 3026 2522 στένω
3065 2470 3158 2523 καὶ
3185 2471 3441 2544 δακρύω,
3488 2473 3586 2526 καὶ
3611 2473 3688 2536 ὡς
3723 2474 3853 2542 είκῆ

2184 2545 2363 2598 πάντα
2383 2548 2641 2618 εἰρηκὼς,
2667 2550 2811 2605 οὕτω
2827 2553 3129 2626 διάκειμαι,
3153 2559 3246 2610 καὶ
3268 2558 3404 2629 πρὸς
3419 2557 3658 2630 ἐμαυτὸν
3679 2559 3853 2628 λέγω⁶

2182 2635 2247 2687 Τί
2281 2637 2372 2706 μοὶ
2401 2637 2461 2692 16
2486 2638 2678 2707 ὄφελος
2710 2642 2818 2696 τῶν
2845 2643 3104 2715 ἱδρώτων,
3134 2649 3242 2703 τῶν
3264 2651 3570 2705 ἀκουόντων
3596 2654 3698 2706 οὑκ
3730 2652 3859 2705 ἐθε-

2181 2721 2380 2776 λόντων
2405 2727 2745 2796 καρποῦσθαί
2771 2747 2825 2784 τι
2851 2733 3003 2805 παρά
3031 2735 3137 2788 τῶν
3167 2735 3339 2806 λόγων
3360 2737 3466 2791 τῶν
3493 2741 3622 2809 παρ’
3651 2739 3854 2810 ήμῶν;

2182 2812 2275 2864 καὶ⁷
2305 2813 2566 2878 πολλάκις
2605 2817 2864 2889 ἐνενόησα
2904 2820 3075 2876 θεῖναι
3105 2823 3270 2894 νόμον
3293 2825 3383 2879 τὸν
3410 2826 3689 2880 κωλύοντα
3715 2829 3856 2891 τοὺς

2180 2900 2407 2986 κρότους
2429 2943 2443 2967 ,
2477 2904 2570 2956 καὶ
2596 2904 2852 2959 πείθοντα
2880 2909 3018 2977 μετά
3057 2912 3214 2983 σιγῆς
3241 2913 3383 2984 ὑμᾶς
3410 2915 3713 2986 ἀκροᾶσθαι
3751 2917 3852 2970 καὶ

2178 2985 2281 3056 τῆς
2297 2991 2680 3062 προσηκούσης
2701 2993 2972 3059 εὐταξίας.
2991 2997 3150 3052 Ἀλλά
3175 2985 3495 3071 ἀνάσχεσθε,
3520 3002 3849 3073 παρακαλῶ.

2181 3075 2276 3126 καὶ
2298 3076 2556 3147 πείσθητέ
2590 3097 2682 3148 μοι
2709 3120 2723 3143 ,
2759 3083 2853 3135 καὶ
2883 3085 2932 3136 εί
2960 3083 3142 3153 δοκεῖ,
3171 3086 3362 3140 τοῦτον
3382 3088 3719 3160 κυρώσωμεν
3751 3090 3851 3143 τὸν

2179 3161 2342 3232 νόμον
2363 3164 2487 3234 ήδη,
2518 3166 2706 3235 μηδενὶ
2727 3168 2833 3222 τῶν
2856 3171 3162 3226 ἀκουόντων
3179 3173 3377 3239 ἐξεῖναι
3401 3179 3615 3247 κροτεῖν
3639 3177 3849 3247 μεταξὺ

2179 3247 2428 3317 λέγοντός
2449 3268 2594 3315 τινος
2613 3293 2628 3316 ,
2653 3253 2768 3307 ἀλλ’
2797 3258 2845 3309 εί
2876 3255 3115 3327 βούλοιτο
3150 3259 3470 3332 θαυμάζειν,
3515 3262 3848 3333 θαυμαζέτω

2182 3339 2339 3407 σιγῇ·
2359 3337 2530 3404 οὐδεὶς
2553 3342 2582 3392 6
2598 3340 2844 3406 κωλύων,
2868 3345 3018 3398 πᾶσα
3033 3345 3090 3399 66
3112 3347 3145 3417 ή
3171 3348 3374 3419 σπουδὴ
3390 3349 3486 3403 καὶ
3507 3352 3542 3420 ὴ
3567 3349 3852 3421 προθυμία

2179 3423 2309 3493 περὶ
2353 3423 2412 3477 16
2447 3424 2697 3495 δέχεσθαι
2731 3427 2798 3480 τά
2824 3429 3092 3500 λεγόμενα
3127 3433 3382 3502 γινέσθω.
3417 3435 3515 3488 Διά
3536 3435 3589 3488 τί
3612 3437 3848 3506 ἐκροτή-

2181 3526 2342 3577 σατε;
2392 3511 2529 3583 Περὶ
2571 3512 2762 3567 τούτου
2803 3515 2894 3570 τὸν
2932 3517 3098 3589 νόμον
3137 3521 3328 3592 τίθημι
3363 3538 3376 3552 ο
3423 3523 3580 3594 ὑμεῖς
3621 3523 3677 3576 δὲ
3723 3524 3851 3578 οὑδὲ

2177 3597 2404 3651 ἀκοῦσαι
2435 3600 2692 3670 ἀνέχεσθε
2717 3614 2764 3655 ο.
2797 3605 3014 3659 Πολλῶν
3043 3607 3201 3661 τοῦτο
3224 3608 3442 3677 ἀγαθῶν
3463 3611 3634 3663 αῐτιον
3665 3609 3843 3675 ἔσται,

2179 3685 2275 3739 καὶ
2299 3686 2674 3742 διδασκάλειον
2709 3690 3050 3762 φιλοσοφίας.
3081 3695 3192 3750 Καὶ
3218 3697 3269 3749 οἱ
3296 3695 3405 3750 τῶν
3434 3696 3540 3762 ἔξω
3564 3697 3848 3767 φιλόσοφοι

2177 3771 2503 3842 διελέγοντο,
2525 3777 2618 3830 καὶ
2634 3778 2808 3842 οὐδεὶς
2834 3780 3070 3851 οὐδαμοῦ
3097 3783 3291 3854 κρότος
3317 3785 3500 3848 αὐτοῖς
3523 3786 3706 3839 εἵπετο
3723 3787 3848 3839 ’καὶ

2177 3861 2226 3913 οἱ
2245 3861 2530 3917 ἀπόστολοι
2550 3865 2642 3935 ὲδη
2652 3867 2946 3938 μηγρρουν,
2967 3870 3061 3924 καὶ
3083 3872 3210 3925 σὺδα
3217 3872 3318 3942 μοῦ
3328 3871 3488 3926 τοῦτο
3499 3874 3844 3946 πρόσκειται,

2177 3949 2258 4002 ὅτι
2285 3951 2490 4020 μεταξὺ
2522 3951 2787 4020 λεγόντων
2819 3957 3047 4011 ἐκείνων
3084 3961 3198 4024 τοῖς
3240 3961 3453 4032 κρότοις
3479 3963 3762 4017 διέκοπτον
3793 3965 3846 4017 οἱ

2177 4037 2470 4103 ἀκούοντες
2502 4041 2594 4094 τὸν
2622 4042 2868 4111 λέγοντα.
2911 4046 3072 4114 Μέγα
3091 4049 3253 4102 τοῦτο
3270 4048 3459 4120 κέρδος
3482 4052 3637 4121 ήμῖν.
3683 4051 3846 4106 me;

2177 4126 2517 4198 κυρώσωμεν
2539 4131 2700 4184 τοῦτο
2717 4148 2732 4161 ο
2763 4132 2883 4203 μεθ’
2913 4135 3146 4205 ήσυχίας
3173 4137 3376 4201 πάντες
3396 4138 3710 4210 ἀκούωμεν,
3747 4142 3845 4194 καὶ

2177 4212 2426 4284 λέγωμεν
2452 4216 2689 4272 ἅπαντα.
2735 4220 2799 4272 Et
2831 4221 2929 4291 μὲν
2952 4223 3062 4292 γὰρ
3093 4225 3232 4295 μετὰ
3256 4226 3384 4289 τοὺς
3409 4226 3637 4298 κρότους
3657 4227 3846 4299 ἀπῄει-

2180 4319 2281 4372 μεν
2328 4303 2542 4373 έχοντες
2590 4306 2732 4379 ἆπερ
2764 4309 3111 4381 ἠκούσαμεν,
3145 4313 3379 4384 μάλιστα
3415 4314 3513 4384 μὲν
3539 4315 3663 4369 οὑδέ
3699 4313 3841 4370 οὓτω

2175 4391 2443 4462 χρήσιμος
2472 4395 2500 4446 ό
2532 4393 2748 4460 ἔπαινος
2781 4397 2917 4464 (ἀλλ’
2952 4399 3052 4452 οὑκ
3076 4399 3143 4453 ἂν
3171 4401 3684 4475 ήκριόολογησάμην
3715 4418 3730 4432 ο
3764 4405 3840 4476 μὴ

2179 4477 2248 4548 μέ
2285 4495 2370 4543 τις
2409 4481 2701 4551 ἀγροικίας
2739 4485 3020 4557 γραφέτω)
3047 4504 3060 4518 ·
3079 4489 3266 4560 ἐπειδὴ
3295 4488 3353 4542 δὲ
3383 4491 3549 4561 μηδὲν
3572 4491 3632 4544 16
3654 4490 3836 4555 πλέον,

2176 4565 2313 4620 ἀλλά
2345 4569 2438 4622 καὶ
2473 4569 2645 4641 βλάϐη
2667 4612 2684 4636 ,
2729 4572 2980 4645 λύσωμεν
3023 4575 3086 4629 16
3133 4576 3359 4648 κώλυμα
3381 4619 3398 4646 ,
3446 4579 3725 4651 ἀνέλωμεν
3771 4581 3839 4634 τά

2177 4656 2562 4727 σκιρτήματα,
2601 4660 2927 4730 ὲκκόψωμεν
2966 4662 3038 4717 τὰ
3082 4665 3377 4736 πηδήματα
3413 4667 3511 4738 τῆς
3537 4668 3736 4739 ψυχῆς.
3781 4669 3838 4722 ὐ

2172 4743 2406 4813 Χριστὸς
2441 4746 2856 4818 ἐδημηγόρησεν
2882 4750 2975 4802 ἐπὶ
2999 4749 3089 4804 τοῦ
3120 4752 3278 4823 ὅρους
3297 4767 3312 4781 ·
3343 4753 3456 4806 ἀλλ’
3482 4755 3656 4818 οὐδεὶς
3682 4756 3838 4809 οὐδὲν

2171 4825 2350 4897 εἶπεν,
2378 4834 2482 4896 ἓως
2512 4835 2601 4886 ὅτε
2625 4836 2719 4887 τὸν
2751 4835 2908 4904 λόγον
2947 4837 3212 4892 ἐτέλεσεν.
3255 4840 3372 4894 υὺκ
3393 4842 3680 4913 ἀποστερῶ
3712 4845 3838 4907 τοὺς

2173 4916 2531 4989 βουλομένους
2561 4923 2891 4991 κροτεῖσθαι,
2913 4924 3047 4978 ἀλλά
3065 4925 3264 4994 μᾶλλον
3281 4927 3654 4998 θαυμάζεσθαι
3677 4929 3834 4984 ποιῶ.

2173 5007 2360 5078 Πολλῷ
2389 5007 2596 5078 βέλτιον
2624 5011 2764 5081 μετά
2791 5013 2952 5084 σιγῆς
2971 5014 3312 5080 ἀκούσαντα,
3348 5017 3437 5070 διὰ
3474 5018 3574 5088 τῆς
3615 5020 3835 5088 μνήμης

2169 5092 2230 5144 ἐν
2269 5095 2433 5147 παντὶ
2463 5095 2542 5165 τῷ
2574 5097 2750 5168 χρόνῳ
2780 5102 3015 5169 κροτεῖν,
3045 5102 3138 5154 καὶ
3168 5105 3226 5154 ἐν
3249 5101 3397 5174 οἰκία
3425 5105 3517 5158 καί⁵
3550 5105 3608 5158 ἐν
3639 5105 3834 5174 ἀγορᾷ,

2169 5177 2202 5249 ἢ
2250 5180 2429 5234 πάντα
2472 5183 2814 5237 ἀπολέσαντα
2855 5186 3198 5256 ἀπέρχεσθαι
3248 5189 3434 5243 οἴκαδε
3484 5191 3640 5244 κενὸν
3662 5233 3678 5256 ,
3737 5192 3836 5247 οὐκ

2168 5265 2362 5335 ἔχοντα
2387 5266 2498 5319 τῶν
2529 5271 2741 5339 κρότων
2767 5272 2868 5342 τὴν
2907 5273 3181 5330 ὑπόθεσιν.
3207 5276 3333 5340 Πῶς
3361 5277 3469 5349 γὰρ
3503 5277 3566 5332 06
3603 5277 3836 5346 καταγέ-

2166 5353 2363 5418 λαστος
2390 5357 2420 5408 6
2446 5355 2755 5427 ἀκροατής;
2788 5359 2904 5422 πῶς
2929 5360 2989 5412 οὑ
3014 5361 3180 5428 κόλαξ
3209 5364 3306 5417 καὶ
3343 5365 3508 5436 εῐρων
3525 5365 3555 5404 ἀ
3576 5365 3828 5437 νομισθήο

2167 5457 2320 5496 σεται
2345 5443 2566 5513 μᾶλλον,
2586 5446 2668 5498 ὅτι
2702 5447 2798 5516 μὲν
2826 5448 3007 5512 καλῶς
3033 5447 3188 5504 εἶπεν
3211 5454 3240 5505 6
3262 5453 3578 5519 διδάσκαλος
3608 5456 3836 5525 ἀποφαιο

2164 5530 2388 5600 νόμενος
2408 5571 2424 5597 ,
2454 5531 2588 5585 τίδὲ
2612 5528 2768 5586 εἶπεν
2799 5535 2899 5588 οὐκ
2923 5535 3064 5606 έχων
3091 5539 3258 5604 δεῖξαι
3287 5558 3302 5606 ;
3333 5541 3507 5595 Τοῦτο
3544 5543 3830 5608 κολακείας

2163 5618 2330 5671 ἐστίν.
2348 5618 2407 5670 Ὀ
2450 5619 2551 5690 μὲν
2588 5619 2697 5693 γάρ
2743 5622 3056 5694 κιθαρῳδῶν
3099 5627 3338 5692 ἀκούσας
3376 5630 3470 5683 καὶ
3517 5631 3830 5702 τραγῳδῶν,

2161 5707 2388 5770 εἰκότως
2413 5706 2484 5760 ἂν
2508 5708 2666 5762 τοῦτο
2688 5710 2872 5774 πάθοι,
2905 5714 3001 5766 ἆτε
3026 5715 3128 5768 οὐκ
3147 5715 3306 5778 εἰδὼς
3329 5718 3531 5787 ὁμοίως
3558 5720 3655 5790 τὴν
3677 5720 3832 5790 ῥῆσιν

2159 5796 2514 5850 εἰπεῖνοένθα
2539 5799 2598 5852 δὲ
2644 5799 2704 5851 06
2758 5799 2951 5869 μέλους
2997 5804 3256 5871 ἐπίδειξίς
3293 5808 3442 5860 ἐστιν
3479 5809 3602 5862 οὐδὲ
3627 5813 3830 5880 φωνῆς,

2221 5948 2249 5978 a
2292 5938 2389 6018 Alii
2415 5941 2878 6018 Evttoiebqpéwoyzv!
2899 5945 2986 6006 οὐχ
3020 5947 3148 6018 ﬁmo;
3181 5947 3828 6018 dws‘lﬁawyevyxgﬂohtgg,

2157 6001 2286 6068 ᾇπως
2325 6001 2684 6068 θαυμασθῶμεν.
2752 6001 3160 6063 ‘Alills"1i0vr,m,
3205 6001 3286 6055 κάἱ
3325 6001 3458 6068 ὑμεῖς
3497 6009 3703 6060 ἀκοῦσαι
3743 6001 3828 6062 ούῖ

2157 6061 2422 6124 ἀνέχεσθεζ
2460 6061 2483 6101 ἀ
2517 6064 2610 6114 Alli
2645 6067 2894 6128 ἀκροατὴς,
2925 6069 3000 6114 καὶ
3030 6061 3188 6128 κόλαξ,
3221 6072 3300 6117 καὶ
3338 6061 3491 6131 εἴρων.
