4112 6438
358 455 468 509 ἳῖὅ

361 573 439 622 tio
464 581 534 620 cx
565 564 925 620 immoderato
953 563 1127 618 studio
1156 563 1348 631 prodiit
1376 579 1392 628 ;
1420 579 1603 616 verum
1634 563 1793 617 etiam
1825 564 1948 617 hinc

364 657 734 728 apostolorum
763 655 928 708 virtus
951 653 1261 707 ostenditur.
1294 652 1362 706 Et
1390 652 1513 708 vide
1541 653 1814 722 quomodo
1835 669 1949 706 om-

375 749 452 802 nia
477 747 683 816 ubique
715 747 824 799 Deo
854 745 1102 798 referant.
1134 743 1242 798 llos
1271 752 1325 797 et
1356 758 1452 796 nos
1479 745 1748 797 imitemur
1774 761 1787 796 :
1818 743 1950 798 nihil

377 848 612 893 nostrum
644 853 766 892 esse
811 847 1073 906 putenms,
1105 837 1534 905 quandoquidem
1576 853 1642 890 ne
1688 837 1800 907 ipsa
1829 837 1949 906 qui-

368 931 486 984 dem
520 930 654 982 fides
677 938 860 982 nostra
881 938 980 982 est.
1005 927 1155 995 Quod
1184 937 1362 982 autem
1393 937 1574 982 nostra
1604 945 1708 982 non
1733 930 1826 993 sit,
1855 929 1948 982 sed

366 1023 539 1093 magis
564 1021 675 1084 Dei,
707 1021 831 1073 audi
854 1020 1072 1074 Paulum
1099 1019 1360 1073 dicentem
1393 1037 1408 1074 :
1437 1019 1504 1073 Et
1529 1021 1623 1074 hoc
1650 1037 1747 1073 non
1773 1037 1835 1073 ea:
1859 1036 1952 1072 no-

364 1114 460 1174 bis,
490 1111 588 1166 Dei
614 1114 804 1165 donum
832 1109 1044 1181 (Ephes.
1076 1111 1130 1163 2.
1165 1111 1242 1178 8).
1271 1110 1349 1166 Ne
1377 1112 1554 1182 itaque
1582 1115 1748 1167 altutu
1775 1113 1948 1181 sapia-

365 1223 487 1260 tnus
512 1221 610 1260 nec
633 1205 898 1270 inﬂentur,
927 1218 1046 1257 eum
1077 1204 1322 1258 homines
1345 1205 1532 1266 simus,
1555 1215 1692 1260 terra
1713 1215 1766 1260 et
1790 1204 1946 1271 cinis,

367 1298 548 1351 fumus
577 1306 636 1352 et
684 1296 893 1350 umbra.
933 1295 1024 1349 Dic
1050 1297 1190 1348 enim
1225 1296 1351 1350 mihi
1379 1338 1392 1354 .
1431 1313 1528 1350 cur
1564 1298 1732 1352 altum
1761 1297 1948 1365 sapis?

366 1388 783 1458 Eleemosynam
814 1383 1005 1441 dedisti
1031 1398 1085 1442 et
1127 1389 1376 1456 pecunias
1407 1387 1682 1443 effudisti?
1721 1388 1786 1442 Et
1823 1389 1947 1458 quid

368 1480 476 1533 hoc
497 1481 521 1532 ‘2
545 1480 725 1548 Cogita
759 1478 802 1531 si
834 1477 1094 1531 noluisset
1122 1487 1174 1533 te
1201 1479 1340 1532 Deus
1367 1478 1585 1532 divitem
1618 1478 1791 1533 facere
1821 1497 1832 1531 :
1860 1494 1952 1532 co-

369 1571 488 1640 gita
519 1586 612 1624 eos
647 1571 728 1638 qui
755 1568 932 1639 inOpia
957 1578 1276 1638 premuntur
1302 1587 1316 1634 ;
1353 1571 1458 1623 imo
1484 1571 1653 1640 cogita
1681 1580 1809 1640 quot
1835 1571 1949 1638 ipsa

379 1678 608 1731 corpora
639 1662 1036 1730 impenderunt,
1065 1672 1117 1717 et
1143 1674 1426 1732 postquam
1457 1665 1734 1719 innumera
1763 1680 1950 1734 eroga-

384 1765 588 1814 verant,
612 1755 807 1821 seipsos
834 1755 1058 1807 miseros
1079 1754 1347 1808 dixerunt.
1371 1753 1449 1808 Tu
1479 1765 1697 1823 prepter
1723 1755 1949 1824 teipsum

378 1847 588 1909 dedisti,
617 1847 858 1900 Christus
887 1858 1102 1915 propter
1133 1861 1183 1900 te
1213 1864 1226 1899 :
1264 1859 1315 1899 tu
1345 1847 1485 1914 quod
1515 1847 1746 1902 debebas
1773 1849 1952 1902 reddi-

371 1940 495 1993 disti
520 1981 534 2002 ,
568 1939 814 1994 Christus
855 1939 987 1992 nihil
1032 1939 1125 1992 tibi
1152 1939 1398 1995 debebat.
1437 1938 1567 1994 Vide
1587 1954 1745 2008 quam
1777 1942 1953 1994 incer-

370 2044 484 2084 tutn
515 2032 585 2084 sit
625 2031 895 2096 futurum,
929 2041 1073 2087 etne
1109 2031 1275 2085 altum
1313 2032 1487 2098 sapias
1509 2071 1524 2094 ,
1554 2031 1646 2085 sed
1683 2030 1810 2086 time
1839 2050 1854 2086 :
1883 2049 1951 2087 tte

368 2125 619 2177 virtutem
666 2139 728 2176 ex
778 2124 1076 2192 arrogantia
1125 2123 1354 2176 minuas.
1399 2121 1489 2175 Vis
1532 2137 1656 2177 vere
1699 2136 1948 2193 magnum

369 2213 638 2282 quidpiam
686 2214 904 2267 facere?
930 2213 1007 2269 Ne
1055 2229 1303 2283 umquam
1347 2227 1644 2282 prtesumas
1681 2224 1950 2284 tamquam

370 2309 439 2362 de
467 2308 672 2375 magnis
691 2309 960 2378 operibus.
992 2311 1060 2362 At
1084 2310 1232 2376 virgo
1255 2307 1360 2362 es?
1389 2305 1582 2362 Verum
1613 2309 1714 2362 illa:
1739 2324 1952 2378 quoque

367 2402 604 2470 virgines
632 2412 806 2467 erant,
838 2411 892 2456 et
923 2413 1138 2470 propter
1165 2401 1538 2456 crudelitatem
1567 2412 1622 2457 et
1649 2403 1948 2458 inhumani-

369 2501 534 2545 tatt-m
565 2491 695 2545 nihil
725 2491 918 2560 profuit
963 2493 1092 2561 ipsis
1124 2491 1417 2560 virginitas.

444 2583 724 2638 Humilitas
738 2582 1347 2638 commendatur.—Nihil
1369 2582 1650 2637 humilitati
1681 2601 1774 2654 par
1799 2601 1811 2636 :
1839 2584 1951 2640 hmc

369 2687 542 2731 mater
567 2687 679 2744 est,
713 2677 862 2732 radix
884 2719 897 2743 ,
931 2677 1106 2732 nutrix
1129 2716 1144 2742 ,
1178 2676 1563 2740 fulcimentum,
1599 2687 1652 2732 et
1681 2679 1946 2732 vinculum

371 2775 637 2827 bonorum
666 2786 680 2825 :
714 2771 830 2826 sine
857 2771 943 2826 illa
974 2770 1352 2836 abominandi,
1398 2771 1712 2825 exsecraudi
1753 2781 1807 2824 et
1848 2772 1948 2824 im-

371 2863 492 2933 puri
517 2877 722 2916 sumus.
753 2862 879 2916 Esto
898 2863 1040 2916 enitn
1068 2863 1185 2932 quis
1205 2903 1218 2926 ,
1247 2863 1292 2916 si
1326 2862 1531 2930 placet,
1580 2863 1669 2932 qui
1713 2873 1951 2917 mortuos

370 2955 628 3020 suscitet,
661 2953 880 3008 claudos
907 2954 1104 3024 erigat,
1149 2955 1392 3022 leprosos
1440 2960 1658 3008 mundet
1696 2969 1818 3008 cum
1862 2969 1950 3008 ar-

370 3047 614 3116 rogantia
643 3061 656 3098 :
690 3045 820 3099 nihil
853 3045 952 3100 hoc
981 3047 1240 3115 impurius
1263 3086 1278 3110 ,
1312 3045 1444 3099 nihil
1486 3048 1653 3116 magis
1692 3046 1911 3114 impium
1933 3088 1949 3113 ,

372 3137 509 3192 nihil
537 3139 834 3193 scelestius.
863 3137 1004 3192 Nihil
1036 3139 1108 3192 tui
1138 3139 1303 3206 ipsius
1327 3153 1447 3193 esse
1472 3147 1676 3207 reputa.
1707 3138 1953 3194 Faculta-

374 3243 482 3285 tem
532 3231 678 3286 verbi
727 3243 782 3286 et
826 3231 1084 3286 doctrina:
1125 3231 1347 3299 gratiam
1400 3231 1605 3285 habes?
1645 3231 1723 3286 Ne
1752 3231 1871 3285 ideo
1903 3242 1952 3284 te

375 3333 532 3392 putes
563 3323 678 3391 plus
705 3339 862 3393 quam
890 3323 1024 3376 alios
1051 3321 1268 3376 habere.
1301 3321 1424 3376 Ideo
1452 3323 1682 3377 maxime
1710 3334 1762 3376 te
1791 3322 1954 3376 humi-

368 3418 488 3471 liari
517 3425 762 3484 oportet,
793 3417 914 3483 quia
959 3415 1198 3484 pluribus
1240 3415 1486 3484 dignatus
1530 3432 1591 3469 es
1631 3415 1806 3468 donis.
1855 3414 1952 3468 (lui

369 3511 516 3564 enim
570 3508 686 3576 plus
729 3506 1042 3573 dimittitur,
1097 3507 1212 3574 plus
1261 3506 1442 3576 diliget
1493 3505 1658 3577 (Luc.
1705 3507 1756 3560 7.
1810 3505 1949 3576 47).

369 3599 559 3668 Itaque
584 3598 849 3652 huntiliari
880 3608 930 3652 te
954 3608 1202 3667 Oportet,
1236 3599 1356 3667 quia
1387 3598 1505 3654 aliis
1536 3599 1907 3668 praetermissis
1933 3641 1950 3666 ,

369 3691 467 3744 tibi
515 3693 700 3744 annuit
748 3691 907 3744 Deus.
959 3691 1068 3744 llac
1113 3689 1182 3744 de
1233 3705 1393 3744 causa
1427 3690 1553 3745 time
1586 3707 1599 3742 :
1631 3705 1777 3763 saepe
1805 3691 1948 3747 enim

369 3783 474 3837 hoc
501 3781 592 3836 tibi
619 3783 869 3850 perniciei
900 3796 1059 3836 causa
1088 3793 1204 3848 est,
1232 3783 1333 3835 nisi
1360 3783 1683 3852 vigilaveris.

445 3871 611 3942 Opere
634 3873 793 3943 magis
818 3890 972 3939 quam
996 3873 1138 3927 verba
1164 3874 1450 3927 insinuatur
1476 3873 1952 3943 disciplnam—Cur

365 3967 535 4020 altum
568 3967 747 4035 sapis?
772 3969 894 4034 quia
928 3967 1103 4021 verbis
1125 3965 1324 4022 doces?
1359 3964 1463 4021 Sed
1497 3965 1649 4020 facile
1675 3967 1949 4036 estphilo-

366 4057 584 4126 sophari
614 4057 794 4112 verbis
822 4075 835 4113 :
866 4058 1000 4111 doce
1029 4074 1114 4112 tne
1154 4074 1251 4126 per
1283 4058 1442 4112 vitam
1495 4068 1636 4113 tuam
1668 4074 1682 4111 :
1714 4059 1831 4114 haec
1868 4069 1952 4114 est

367 4148 571 4217 optima
595 4147 859 4203 doctrina.
893 4148 1071 4213 Dicis,
1102 4148 1362 4204 modestia
1401 4164 1536 4217 opus
1565 4164 1686 4204 esse
1711 4191 1726 4214 ,
1757 4160 1811 4204 et
1854 4151 1952 4205 hac

363 4240 438 4296 de
463 4254 522 4296 re
547 4241 760 4310 longum
792 4243 926 4295 texis
968 4256 1310 4306 sermonem,
1357 4249 1517 4310 atque
1558 4243 1790 4296 oratoria
1833 4244 1950 4296 sine

363 4332 524 4387 obice
553 4333 712 4388 verba
742 4332 1064 4402 profundis?
1096 4335 1164 4388 At
1190 4333 1378 4388 melior
1422 4341 1472 4387 te
1516 4343 1598 4387 est
1640 4334 1727 4388 ille
1749 4374 1766 4399 ,
1808 4335 1950 4390 dicet

365 4423 664 4492 quispiam,
696 4424 784 4492 qui
815 4423 916 4477 hoc
941 4424 1196 4494 operibus
1226 4441 1312 4479 me
1345 4425 1519 4480 docet.
1553 4423 1669 4480 Non
1701 4427 1845 4480 enim
1878 4427 1946 4479 ita

366 4515 625 4568 insinuari
655 4517 829 4569 solent
855 4517 1048 4570 animis
1075 4517 1369 4586 disciplinae
1396 4517 1573 4571 verbis
1594 4557 1610 4581 ,
1659 4527 1717 4571 ut
1767 4519 1948 4586 Operi-

367 4610 472 4662 bus
504 4625 516 4660 :
550 4623 672 4662 nam
703 4609 804 4662 nisi
833 4625 994 4678 opera
1024 4608 1224 4664 habeas
1246 4649 1262 4676 ,
1295 4626 1399 4664 non
1432 4611 1590 4664 modo
1622 4625 1725 4666 non
1753 4612 1947 4680 prodes

367 4700 584 4764 verbis,
616 4700 710 4754 sed
737 4701 900 4754 etiam
941 4701 1108 4772 magis
1157 4717 1337 4757 noces.
1383 4701 1570 4756 Melius
1617 4712 1700 4758 est
1749 4713 1945 4758 tacere.

364 4793 578 4855 Quare?
607 4791 739 4857 Quia
766 4806 878 4844 rem
910 4792 1037 4845 mihi
1062 4792 1442 4860 impossibilem
1462 4793 1736 4862 proponis.
1759 4792 1948 4864 Cogito

364 4882 510 4935 enim
531 4921 546 4943 ,
574 4882 618 4935 si
647 4891 702 4934 tu
727 4883 814 4950 qtti
847 4892 990 4936 tanta
1015 4883 1270 4951 loqueris,
1301 4899 1407 4937 non
1437 4883 1604 4946 facis;
1639 4885 1807 4938 multo
1836 4901 1948 4938 ma-

364 4975 447 5042 gis
478 4988 562 5026 me
585 4975 736 5026 venia
766 4974 982 5044 dignum
1009 4989 1128 5028 esse
1149 5014 1163 5035 ,
1195 4975 1283 5044 qui
1327 4975 1459 5028 nihil
1502 4974 1644 5030 dico.
1698 4976 1822 5030 Ideo
1873 4978 1950 5030 ait

365 5065 627 5134 propheta
661 5083 674 5117 ;
709 5063 971 5120 Peccalori
1041 5076 1210 5118 autent
1257 5067 1386 5120 dixit
1434 5065 1575 5119 Deus
1597 5107 1614 5133 ,
1678 5067 1849 5133 Quare
1895 5076 1948 5120 tu

365 5174 574 5212 cumras
613 5159 844 5230 justitias
896 5175 1032 5212 meas
1079 5158 1270 5228 (Psal.
1315 5159 1404 5215 49.
1439 5160 1540 5229 16)
1563 5161 1585 5216 Ῡ
1610 5160 1778 5229 Majus
1804 5161 1946 5215 enim

367 5250 474 5306 hoc
497 5261 877 5307 uocumentum
908 5263 1009 5320 est,
1042 5267 1162 5307 cum
1193 5253 1312 5323 quis
1339 5263 1487 5308 recte
1514 5254 1718 5309 docens
1745 5255 1944 5321 verbis,

364 5344 663 5398 doctrinam
691 5343 846 5399 factis
876 5346 1166 5416 impugnat.
1200 5347 1310 5401 Hoc
1337 5347 1624 5401 multorum
1654 5348 1705 5400 in
1758 5348 1947 5401 Eccle-

364 5436 463 5490 siis
484 5434 583 5490 fuit
609 5450 768 5490 causa
799 5436 1080 5492 malorum.
1117 5439 1404 5506 PrOpterea
1437 5437 1712 5506 ignoscite,
1738 5454 1944 5506 quutsu,

363 5529 505 5598 quod
528 5545 706 5584 sermo
737 5530 836 5584 hac
862 5531 913 5583 in
947 5547 1004 5585 re
1027 5532 1233 5601 longius
1263 5528 1529 5584 excurrat.
1581 5531 1728 5584 Multi
1782 5531 1947 5584 multa

365 5622 602 5686 faciunt,
637 5630 694 5674 ut
721 5622 771 5674 in
800 5621 976 5678 medio
1004 5632 1205 5677 stantes
1243 5622 1459 5692 longum
1512 5622 1786 5691 proferant
1833 5634 1949 5673 ser-

361 5729 582 5768 monem
618 5731 632 5767 :
662 5721 717 5767 et
757 5713 802 5766 si
853 5715 1098 5782 plausum
1150 5714 1503 5767 multitudinis
1548 5721 1904 5781 assequuntur
1928 5752 1944 5777 ,

358 5805 586 5872 perinde
614 5805 846 5874 gaudent
873 5821 935 5860 ac
963 5807 1005 5858 si
1037 5822 1256 5876 regnum
1297 5805 1687 5866 obtinuissent;
1733 5804 1780 5858 si
1819 5818 1945 5857 vero

358 5911 483 5953 cum
513 5895 730 5951 silentio
771 5895 979 5952 dicendi
1027 5898 1183 5952 tinem
1235 5895 1468 5964 faciant,
1515 5894 1759 5966 gehenna
1809 5892 1943 5962 ipsis

1297 448 1361 505 IN
1404 449 1584 504 ACTA
1621 449 2142 508 APOS'I'OLORUM.
2183 451 2408 508 llOMlL.
2461 451 2627 506 XXX.

3530 464 3637 518 εἰς

2063 565 2275 631 gravius
2299 572 2353 616 et
2376 563 2655 618 onerosius
2681 573 2762 618 est
2799 567 2900 622 tale
2949 570 3240 624 silentium.
3290 571 3401 628 Hoc
3452 574 3640 631 Eccle-

2058 654 2168 706 sias
2201 654 2502 721 subvertit,
2533 657 2673 725 quod
2714 674 2807 712 vos
2847 676 2950 713 non
2995 665 3246 731 quaeratis
3284 666 3443 720 verba
3486 683 3640 724 com-

2061 747 2364 814 punctionis
2384 790 2399 814 ,
2432 750 2522 802 sed
2551 766 2670 818 qua:
2699 751 2967 806 oblectent
2994 765 3046 808 et
3072 771 3206 810 sono
3251 767 3304 812 et
3353 762 3639 818 verborth

2057 841 2465 907 Cotnposilione,
2498 859 2560 895 ac
2582 845 2624 895 si
2656 855 2906 898 cantores
2930 857 2983 901 et
3007 848 3329 906 citharoedos
3343 855 3599 910 audiretis
3621 872 3636 923 ;

2056 939 2110 982 et
2142 946 2237 984 nos
2269 932 2452 999 frigide
2480 950 2543 988 ac
2577 935 2771 989 misere
2811 948 3023 994 vestros
3063 941 3282 996 ati'ectus
3329 960 3636 1017 sequamur,

2055 1037 2189 1090 quos
2218 1024 2535 1078 exscindere
2563 1037 2856 1094 Oporterct.

2124 1113 2550 1184 4.1dipsumque
2589 1118 2843 1182 facimus,
2890 1135 2954 1175 ac
3003 1121 3049 1175 si
3098 1132 3247 1190 pater
3283 1126 3441 1181 nimis
3491 1130 3638 1184 molli

2059 1219 2258 1271 puero,
2291 1207 2388 1259 etsi
2425 1208 2744 1274 infirmanti,
2775 1211 3019 1282 frigidam
3051 1213 3383 1284 placentam,
3426 1230 3480 1274 et
3519 1239 3638 1292 qua:

2056 1295 2228 1348 solum
2259 1297 2530 1352 oblectant
2563 1302 2829 1371 porrigat;
2871 1303 3079 1358 utilium
3129 1321 3258 1362 vero
3295 1312 3495 1365 nullam
3543 1329 3638 1366 cu-

2060 1400 2173 1438 ram
2205 1385 2396 1442 habeat
2428 1406 2442 1440 :
2473 1389 2666 1444 deinde
2691 1407 2721 1444 a
2751 1393 2971 1447 medicis
3001 1395 3308 1466 objurgatus
3330 1439 3348 1466 ,
3377 1401 3444 1454 ad
3471 1417 3636 1456 excu-

2055 1476 2316 1530 sationem
2349 1478 2524 1545 dicat,
2552 1480 2686 1546 Qttid
2718 1480 2945 1536 faciam?
2972 1484 3188 1540 flentem
3233 1505 3452 1557 puerqu
3498 1491 3638 1548 ferre

2057 1581 2284 1635 nequeo.
2314 1567 2494 1632 Miser,
2519 1570 2703 1625 infelix
2725 1581 2778 1626 et
2807 1574 3048 1642 proditor
3079 1594 3092 1629 :
3129 1595 3299 1647 neque
3324 1581 3466 1636 enim
3495 1583 3636 1637 hunc

2059 1667 2259 1726 patrem
2299 1660 2567 1716 dixerim:
2603 1680 2761 1731 quam
2811 1666 3004 1722 melius
3053 1679 3229 1736 esset,
3282 1672 3429 1727 illum
3474 1689 3637 1744 parvi»

2060 1759 2300 1820 tempore
2321 1762 2352 1807 ti
2369 1754 2528 1809 istitia
2555 1756 2801 1811 affectum
2822 1760 3069 1827 perfectae
3094 1764 3304 1817 sanitati
3329 1768 3634 1836 restituere,

2057 1857 2213 1910 quam
2248 1852 2646 1912 temporaneam
2677 1850 2900 1917 gratiam
2934 1855 3170 1920 perpetui
3219 1859 3465 1910 maeroris
3512 1874 3637 1912 cau-

2055 1948 2169 1988 sam
2217 1936 2428 1992 faccre!
2479 1939 2587 1993 lloc
2633 1950 2686 1994 et
2733 1959 2830 1996 nos
2883 1944 3139 2012 facimus,
3184 1947 3310 2002 dum
3338 1951 3634 2020 elegantem

2056 2030 2351 2083 orationem
2408 2033 2671 2088 curiosius
2727 2035 3016 2103 qtnerimus
3072 2049 3125 2092 et
3194 2043 3635 2111 compositionem

2060 2120 2497 2191 harmoniamque
2522 2164 2536 2186 ,
2572 2134 2628 2178 ut
2659 2125 2990 2194 placeamus,
3023 2146 3126 2183 non
3155 2141 3212 2186 ut
3242 2135 3545 2201 prosimus;
3577 2147 3636 2190 ut

2056 2211 2393 2266 admirationi
2423 2214 2746 2281 habeamur,
2781 2233 2884 2273 non
2914 2227 2970 2272 ut
3014 2221 3340 2291 doceamus;
3393 2237 3448 2280 ut
3487 2229 3640 2283 oble-

2056 2310 2284 2369 ctcmus,
2305 2320 2408 2360 non
2439 2314 2495 2359 ut
2519 2322 2971 2378 compungamus;
2999 2320 3054 2364 ut
3080 2328 3200 2365 cum
3227 2316 3412 2384 plausu
3437 2327 3489 2372 et
3515 2319 3636 2374 lau-

2055 2393 2214 2447 dibus
2239 2395 2580 2450 discedamus
2599 2439 2613 2464 ,
2650 2416 2756 2452 non
2783 2411 2840 2454 ut
2867 2417 3044 2456 mores
3075 2420 3481 2476 componamus.

2133 2482 2353 2540 Plausus
2365 2491 2616 2557 quomodo
2643 2491 2919 2561 excipiebat
2945 2492 3639 2564 Chrysostomus.-Crcdite

2057 2574 2185 2628 tnihi
2209 2592 2315 2630 non
2337 2579 2433 2631 abs
2455 2595 2511 2632 re
2538 2579 2770 2644 dicenti,
2795 2598 2914 2635 cum
2942 2586 3237 2652 praedicans
3265 2589 3506 2644 laudibus
3540 2607 3635 2645 ex-

2054 2669 2224 2738 cipior
2247 2711 2262 2736 ,
2294 2670 2386 2724 illo
2422 2671 2636 2739 quidem
2666 2682 2904 2742 tempore
2945 2675 3232 2730 humamun
3272 2679 3397 2748 quid
3436 2690 3525 2749 pat
3546 2699 3631 2747 or,

2057 2761 2194 2833 (cur
2221 2763 2362 2816 enim
2389 2778 2512 2817 vera
2559 2781 2662 2818 non
2704 2765 3016 2836 dixerim?)
3045 2768 3199 2822 Ιειειιιι·
3240 2781 3294 2825 et
3338 2773 3585 2828 etfundor
3615 2793 3629 2828 :

2057 2852 2144 2905 ubi
2176 2865 2308 2908 vero
2333 2854 2549 2908 domum
2581 2871 2846 2923 reversus,
2874 2860 3052 2927 cogito
3080 2859 3392 2928 plaudentes
3431 2865 3636 2922 nullum

2056 2959 2336 3015 excepisse
2365 2946 2628 3010 fructum;
2664 2949 2758 3001 sed
2787 2949 2830 3002 si
2857 2951 2980 3017 quid
3010 2952 3245 3006 utilitatis
3274 2954 3637 3026 accipiendum

2059 3044 2208 3100 crat,
2241 3036 2369 3090 illud
2396 3052 2460 3090 ex
2490 3039 2677 3106 plausu
2705 3049 2757 3093 et
2788 3036 3032 3094 laudibus
3061 3044 3286 3111 periisse
3305 3086 3318 3110 ,
3347 3047 3639 3105 discrucior

2058 3135 2114 3180 et
2144 3127 2463 3197 ingemisco,
2494 3131 2780 3201 laet-ytnor,
2808 3147 2871 3186 ac
2895 3135 2939 3187 si
2966 3137 3142 3189 omnia
3171 3139 3361 3191 frustra
3386 3139 3633 3209 dixerim,

2058 3217 2128 3272 ita
2159 3218 2380 3274 affectus
2399 3260 2414 3284 ,
2445 3221 2683 3291 mihique
2705 3222 2804 3292 ipsi
2833 3223 2954 3278 dico
2983 3241 2995 3276 :
3031 3229 3159 3292 Qua:
3187 3229 3313 3282 tnihi
3357 3244 3446 3284 ex
3473 3232 3638 3287 sudo-

2058 3311 2202 3363 ribus
2229 3311 2464 3379 utilitas,
2515 3328 2635 3367 cum
2679 3315 2948 3370 auditores
2986 3317 3116 3371 nihil
3158 3334 3228 3373 ex
3277 3319 3457 3378 Vt'l'bis
3506 3325 3640 3379 meis

2060 3404 2300 3458 utilitatis
2317 3407 2592 3476 percipere
2617 3408 2915 3463 voluerint?
2944 3427 3192 3482 sa-pcque
3217 3415 3441 3483 Cogitavi
3469 3418 3638 3489 legem

2060 3496 2298 3564 proferre
2325 3498 2542 3566 plausus
2572 3499 2940 3566 prohibentem
2963 3544 2977 3566 ,
3013 3514 3066 3556 et
3093 3507 3417 3571 persuadere
3445 3511 3596 3564 Vobis
3619 3551 3637 3579 ,

2063 3597 2118 3640 ut
2147 3604 2267 3641 cum
2299 3589 2512 3642 silentio
2559 3591 2788 3646 audiatis
2837 3602 2894 3646 et
2937 3609 3057 3646 cum
3101 3596 3309 3650 drcettli
3355 3603 3636 3657 modestia.

2057 3679 2164 3733 Sed
2202 3680 2466 3735 sustinete
2490 3721 2506 3747 ,
2537 3698 2752 3751 quaeso,
2785 3692 2838 3738 et
2861 3684 3064 3739 credite
3090 3684 3254 3750 mihi;
3297 3703 3389 3753 ac,
3430 3692 3474 3744 si
3519 3691 3638 3760 pla-

2055 3783 2140 3827 cet
2159 3813 2174 3838 ,
2209 3771 2346 3827 hanc
2375 3772 2652 3828 firmemus
2681 3775 2850 3844 legem
2883 3793 2896 3830 :
2925 3790 2994 3830 ne
3020 3775 3106 3832 cui
3130 3778 3432 3834 auditormn
3477 3781 3638 3836 liceat

2056 3865 2361 3936 loquentem
2408 3866 2680 3935 plausibus
2725 3867 3102 3937 interpellare;
3151 3868 3257 3924 sed.
3291 3871 3336 3925 si
3384 3870 3638 3929 admirari

2054 3959 2306 4021 voluerit,
2339 3959 2506 4014 silens
2531 3960 2826 4015 admiretur
2858 3977 2872 4015 :
2904 3977 3063 4016 nemo
3093 3963 3433 4032 prohibebit;
3465 3967 3640 4022 omnis

2054 4063 2180 4103 cura
2205 4089 2221 4115 ,
2250 4065 2411 4104 omne
2435 4050 2670 4105 studium
2697 4053 2802 4116 sit,
2830 4061 2888 4107 ut
2912 4053 3050 4107 dicta
3075 4054 3428 4124 excipiantur.
3460 4055 3638 4124 Quare

2054 4143 2435 4212 applausistis?
2461 4143 2572 4199 Hac
2614 4145 2681 4199 de
2726 4161 2786 4200 re
2828 4144 3000 4217 legem
3029 4161 3169 4215 pono
3205 4164 3218 4201 :
3249 4163 3344 4202 vos
3393 4163 3521 4204 vero
3571 4165 3638 4205 ne

2055 4235 2240 4289 audire
2269 4236 2484 4304 quidem
2525 4236 2823 4290 sustinetis.
2855 4236 2909 4290 ld
2938 4236 3226 4291 multorum
3267 4253 3428 4294 causa
3465 4240 3638 4296 bono-

2053 4343 2173 4382 rum
2199 4326 2302 4380 erit
2323 4367 2338 4392 ,
2368 4327 2823 4398 philosophiaeque
2848 4328 3150 4396 disciplina.
3204 4329 3419 4384 Externi
3464 4331 3638 4400 philo-

2053 4418 2207 4487 sOphi
2246 4418 2616 4484 disserebant,
2665 4421 2877 4474 nemine
2917 4435 3167 4488 umquam
3218 4423 3540 4491 plaudente;
3582 4435 3640 4479 et

2053 4511 2278 4579 apostoli
2309 4511 2785 4576 concionabantur,
2817 4527 2991 4583 neque
3014 4514 3220 4582 uspiam
3249 4513 3461 4584 legitur,
3493 4517 3638 4586 ipsos

2056 4605 2339 4674 loquentes
2367 4606 2435 4659 ab
2463 4605 2804 4660 auditoribus
2829 4605 2994 4660 fuisse
3023 4605 3210 4674 plausu
3249 4609 3634 4677 interpellatos.

2052 4697 2294 4767 Magnum
2322 4697 2421 4750 hoc
2447 4697 2602 4750 nobis
2620 4697 2825 4750 lucrum
2845 4699 2966 4750 erit.
2987 4697 3092 4752 Sed
3112 4697 3449 4752 stabiliamus
3467 4699 3595 4754 illud
3616 4717 3633 4754 :

2052 4805 2172 4844 cum
2203 4789 2417 4842 silentio
2445 4802 2634 4843 omnes
2677 4787 2988 4853 audiamus,
3038 4787 3324 4857 omniaque
3367 4789 3633 4846 dicamus.

2053 4881 2274 4935 Etiamsi
2304 4891 2424 4950 post
2451 4882 2696 4949 plausum
2722 4880 3123 4936 discederemus
3141 4921 3156 4945 ,
3188 4897 3308 4951 qua:
3335 4879 3636 4936 audixitnus

2053 4973 2344 5028 retinentes
2372 5015 2388 5039 ,
2426 4988 2598 5042 neque
2629 4974 2708 5028 sic
2734 4975 2894 5028 etiam
2927 4974 3071 5027 utilis
3097 4972 3217 5030 laus
3241 4985 3384 5031 esset
3413 4975 3635 5047 (verum

2053 5079 2158 5117 non
2213 5065 2435 5118 ulterius
2483 5063 2834 5133 disquirerem
2871 5083 2884 5118 :
2918 5081 2986 5120 ne
3031 5066 3152 5135 quis
3190 5081 3280 5123 me
3326 5068 3635 5122 rusticitatis

2051 5157 2297 5226 accuset)
2339 5174 2352 5210 :
2399 5157 2520 5226 quia
2575 5171 2704 5210 vero
2751 5157 2880 5211 nihil
2921 5155 3050 5214 hinc
3089 5158 3257 5224 lucri,
3312 5160 3418 5212 imo
3462 5162 3637 5228 potius

2051 5249 2345 5314 damnum,
2396 5247 2672 5302 solvamus
2703 5248 3142 5316 impedimentum
3167 5289 3185 5314 ,
3227 5251 3422 5305 anima:
3466 5251 3639 5307 saltus

2053 5341 2174 5395 ilios
2218 5339 2468 5395 tollamus
2512 5339 3014 5410 exscindamusque.
3056 5339 3300 5394 Christus
3344 5341 3396 5394 in
3453 5351 3635 5396 monte

2051 5430 2398 5486 concionatus
2423 5439 2531 5496 est;
2561 5441 2614 5484 et
2645 5446 2804 5485 nemo
2833 5429 3105 5500 quidpiam
3145 5429 3314 5492 dixit.
3353 5417 3528 5484 donec
3574 5435 3637 5483 li-

2052 5540 2176 5578 nem
2202 5522 2413 5578 dicendi
2436 5521 2584 5576 fecit.
2614 5521 2754 5576 Nihil
2783 5520 2967 5575 damni
3009 5519 3146 5575 facio
3181 5520 3277 5584 iis,
3318 5521 3408 5591 qui
3455 5521 3636 5590 plaudi

2051 5616 2399 5681 desiderant;
2443 5615 2551 5670 imo
2596 5613 2648 5667 id
2690 5612 2908 5678 efﬁcio,
2959 5619 3019 5665 ut
3063 5610 3232 5680 magis
3279 5610 3634 5667 admirentur.

2051 5708 2215 5764 Multo
2245 5707 2434 5762 melius
2458 5715 2541 5760 est
2569 5721 2691 5758 cum
2720 5703 2938 5758 silentio
2981 5701 3287 5759 audientem
3306 5742 3324 5770 ,
3363 5703 3416 5758 in
3457 5714 3640 5759 mente

2051 5811 2106 5855 et
2132 5798 2388 5855 memoria
2414 5795 2560 5852 omni
2593 5805 2838 5863 tempore
2867 5791 3153 5863 plaudere,
3183 5792 3367 5863 domi,
3405 5793 3459 5849 in
3481 5793 3636 5861 foro;

2057 5907 2215 5962 quam
2239 5891 2456 5949 amissis
2480 5887 2728 5944 omnibus
2753 5886 2974 5944 domum
2999 5885 3174 5943 redire
3212 5901 3433 5945 vacuum
3455 5928 3472 5956 ,
3518 5886 3633 5940 nul-
