4112 6438
470 416 572 469 2‘27

474 531 577 583 lam
606 526 885 582 habentem
919 522 1194 590 plausuum
1219 532 1458 572 causam.
1486 514 1768 584 Quomodo
1790 514 2055 568 enimnon

472 619 730 673 ridiculus
749 616 849 671 erit
877 613 1090 667 auditor
1106 611 1129 664 ?
1160 609 1429 681 quomodo
1459 624 1565 662 non
1592 607 1838 662 adulator
1865 616 1918 660 ct
1948 607 2059 660 irri-

471 726 562 765 sor
589 708 858 775 putabitur
877 746 891 770 ,
922 706 1011 776 qui
1037 712 1182 758 recte
1210 703 1484 773 loquutqu
1511 715 1633 754 esse
1660 698 1933 754 doctorem
1965 698 2056 752 de-

470 805 666 865 clarat,
699 816 797 853 nec
825 799 951 869 qttid
983 796 1177 852 dixerit
1205 793 1447 865 proferre
1474 792 1687 862 potest?
1724 790 1837 844 Hoc
1868 789 2053 842 adula-

471 896 629 949 tionis
650 905 751 949 est.
776 893 907 947 Nam
935 892 1005 951 ei.
1037 889 1127 959 qui
1155 887 1478 943 citltarmdos
1503 894 1557 940 et
1586 883 1856 951 tragmdos
1886 881 2053 947 audit,

470 989 522 1043 id
540 990 671 1066 ‘jure
701 985 931 1048 accidit,
964 995 1146 1053 utpote
1176 982 1265 1052 qui
1296 982 1500 1035 nesciat
1530 978 1722 1032 similia
1765 977 2006 1047 proferre
2039 992 2053 1027 :

472 1083 557 1137 ubi
588 1090 765 1134 autem
794 1094 893 1133 nec
918 1088 1106 1132 cautus
1136 1091 1234 1129 nec
1263 1071 1553 1127 modulatio
1580 1069 1763 1134 adest,
1794 1066 1891 1122 sed
1934 1081 2058 1120 scn-

471 1175 651 1229 tentia:
680 1174 852 1226 solum
884 1179 937 1222 et
965 1165 1317 1238 philosophiae
1351 1163 1523 1217 virtus
1548 1203 1562 1226 ,
1602 1176 1723 1231 quze
1761 1160 1929 1213 cuivis
1971 1157 2055 1211 di-

468 1282 592 1321 cere
620 1274 674 1318 et
721 1264 1005 1316 enuntiare
1051 1260 1202 1313 facile
1245 1266 1369 1322 est;
1410 1253 1678 1326 quomodo
1721 1267 1825 1304 non
1869 1249 2057 1320 dignus

467 1355 839 1427 objurgatione
866 1364 949 1407 est
974 1393 990 1418 ,
1017 1351 1106 1422 qui
1136 1366 1203 1403 ne
1228 1362 1444 1403 causam
1489 1344 1706 1413 quidem
1746 1340 1926 1395 dicere
1957 1356 2055 1405 po-

469 1459 610 1514 test,
640 1463 737 1501 cur
759 1447 1171 1501 concionaotem
1217 1436 1562 1494 laudaverit?
1606 1433 1748 1488 Nihil
1792 1432 1860 1485 ita
1902 1430 2057 1485 decet

467 1539 782 1601 ecclesiam,
827 1546 885 1590 ut
934 1534 1204 1589 silentium
1254 1541 1307 1584 et
1354 1528 1636 1583 modestia.
1668 1525 1952 1580 Tumultus
1981 1522 2048 1576 ad

469 1631 672 1686 theatra
704 1628 967 1697 pertinet,
999 1626 1065 1680 ad
1092 1624 1315 1686 balnea,
1341 1620 1406 1675 ad
1438 1632 1660 1690 pompas
1681 1660 1694 1680 ,
1737 1616 1804 1670 ad
1838 1615 2009 1670 forum
2036 1629 2051 1666 :

468 1722 556 1776 ubi
581 1737 709 1776 vero
738 1720 917 1773 talium
947 1717 1256 1787 dogmatum
1283 1711 1522 1767 doctrina
1551 1719 1634 1765 est
1653 1750 1666 1773 ,
1694 1708 1761 1761 ibi
1795 1705 2052 1776 tranquil-

468 1813 623 1878 litas,
679 1811 868 1880 quies,
915 1806 1292 1879 philosophia,
1339 1813 1394 1858 et
1436 1810 1620 1871 portus
1668 1812 1889 1869 magnus
1935 1811 2056 1850 esse

466 1906 644 1961 debet.
675 1904 831 1963 Haec.
866 1917 963 1973 oro
986 1909 1042 1953 et
1068 1900 1325 1961 obsecro,
1376 1909 1566 1949 onmes
1606 1891 1808 1947 sciatis.
1853 1887 2056 1943 Omnes

463 1999 663 2051 circum
697 1994 885 2049 modos
914 1991 1158 2061 exploro,
1185 1988 1341 2059 queis
1369 1995 1555 2055 potero
1581 1983 1776 2037 vestris
1804 1978 2056 2049 prodesse

464 2089 768 2143 animabus.
808 2084 923 2140 Non
954 2084 1177 2153 exiguus
1206 2080 1297 2134 ille
1323 2078 1450 2134 mihi
1480 2075 1672 2130 modus
1699 2073 1937 2137 videtur,
1963 2069 2053 2139 qui

464 2198 569 2236 non
602 2179 754 2234 vobis
787 2188 988 2230 tantum
1010 2216 1026 2242 ,
1057 2173 1151 2229 sed
1177 2171 1339 2228 etiam
1372 2168 1500 2224 mihi
1531 2166 1786 2237 proderit.
1828 2163 1944 2217 Non
1977 2161 2053 2215 si-

464 2285 556 2330 net
581 2290 678 2327 nos
706 2270 974 2341 prosterni
999 2310 1015 2334 ,
1048 2281 1224 2335 neque
1248 2260 1438 2318 laudes
1467 2271 1522 2316 et
1559 2258 1788 2330 gloriam
1830 2270 2011 2309 amare
2033 2294 2048 2318 ,

467 2382 639 2436 neque
668 2361 992 2419 oblectantia
1025 2359 1202 2428 loqui,
1238 2354 1331 2411 sed
1360 2353 1508 2408 utilia
1543 2368 1557 2404 :
1593 2364 1766 2419 neque
1811 2347 1864 2402 in
1903 2361 2052 2401 com-

466 2460 731 2529 pesitione
754 2467 809 2510 et
832 2452 1090 2524 elegantia
1121 2449 1416 2511 dictorum,
1460 2443 1553 2498 sed
1606 2442 1657 2495 iu
1705 2442 1752 2493 vi
1799 2453 2049 2494 sensoum

463 2551 608 2604 omni
643 2549 899 2616 temporis
929 2550 1198 2597 momento
1226 2541 1444 2593 versari.
1475 2534 1761 2606 Ingredere
1788 2533 1842 2585 in
1876 2534 2049 2599 picto-

460 2659 1274 2683 ____________._____

1279 2654 1614 2668 σ--ε-ι

1142 405 1199 462 S.
1239 403 1516 460 JOANMS
1553 400 2026 456 CIIRYSUSTOMI
2069 398 2384 453 AliClllEl‘.
2425 399 2958 455 CONSTANTKNOP.

3648 405 3755 464 2‘28

2167 514 2241 565 ris
2271 512 2542 566 officinam
2569 553 2586 578 ,
2614 522 2669 567 et
2700 513 2807 567 illic
2839 515 3062 569 mullum
3100 513 3409 571 oltscnabis
3454 517 3746 577 Silentium.

2165 606 2229 659 Et
2260 604 2344 657 hic
2374 607 2534 659 etiam
2562 616 2680 660 esto
2710 622 2723 657 :
2758 622 2878 660 nam
2911 606 2999 660 hic
3023 621 3235 677 (tuoque
3275 608 3450 677 regias
3482 612 3746 680 pingimus

2164 697 2423 766 imagines
2446 739 2462 763 ,
2492 706 2546 751 et
2576 698 2774 752 nullam
2805 700 2993 763 privati
3030 698 3259 752 hominis
3283 741 3299 761 ,
3331 701 3400 753 ob
3426 702 3625 755 coloris
3647 705 3750 756 vir-

2163 796 2349 842 tutem.
2381 788 2518 855 Quid
2548 789 2649 845 hoc
2673 790 2794 843 est?
2825 806 3037 844 rursum
3083 790 3362 860 plauditis?
3415 789 3534 846 Non
3586 792 3763 849 facitis

2162 897 2247 937 res
2278 881 2484 936 videtur
2507 925 2524 951 ,
2558 883 2765 954 hocque
2792 900 2897 938 non
2926 899 2991 939 ex
3020 894 3205 938 natura
3233 925 3248 951 ,
3282 884 3379 939 sed
3415 901 3485 940 ex
3521 901 3759 942 consue-

2164 972 2345 1027 tudine
2367 1015 2382 1039 ,
2413 973 2649 1029 nondum
2679 974 2969 1029 emendare
2997 974 3270 1030 didicisse.
3297 974 3465 1031 Stilus
3489 992 3618 1049 ergo
3657 995 3759 1034 no—

2162 1062 2245 1116 bis
2272 1072 2355 1118 est
2378 1064 2587 1133 lingua,
2613 1063 2808 1120 artifex
2839 1064 3069 1137 Spiritus
3098 1078 3334 1123 sanctus.
3364 1067 3459 1123 Dic
3487 1070 3618 1124 mihi
3654 1089 3668 1126 :
3697 1073 3755 1125 in

2163 1157 2431 1228 mysteriis
2461 1173 2528 1212 an
2570 1159 2830 1214 tumultus
2853 1202 2868 1224 ,
2897 1175 2963 1213 an
2992 1161 3226 1215 turbatio
3249 1161 3364 1215 est?
3402 1162 3533 1216 Cum
3577 1164 3758 1235 bapti-

2161 1263 2348 1301 zamur
2369 1291 2383 1314 ,
2424 1264 2546 1302 cum
2573 1248 2675 1302 alia
2702 1249 2880 1303 omnia
2914 1249 3171 1312 facimus.
3206 1266 3383 1306 annon
3416 1254 3567 1323 quies
3592 1264 3651 1310 et
3675 1257 3754 1310 si-

2160 1337 2384 1397 lentium
2410 1340 2589 1393 omnia
2616 1340 2859 1396 detinent
2882 1343 2894 1372 '
2921 1342 2944 1395 ?
2971 1341 3099 1397 Haec
3125 1344 3178 1397 in
3234 1344 3361 1399 calo
3403 1345 3750 1415 pulchritudo

2160 1428 2401 1501 dispersa
2424 1443 2528 1486 est.
2558 1431 2685 1486 Ideo
2705 1432 2845 1501 apud
2873 1433 3106 1503 gentiles
3130 1434 3272 1488 male
3295 1434 3533 1490 audimus
3548 1476 3565 1501 ,
3588 1440 3741 1507 quasi

2159 1519 2228 1573 ad
2253 1524 2667 1577 ostentationem
2697 1534 2752 1578 et
2776 1524 3033 1579 ambitum
3063 1526 3243 1579 omnia
3272 1523 3544 1582 faciamus.
3563 1527 3669 1583 Sed
3693 1531 3742 1582 si

2160 1612 2263 1669 hoc
2279 1615 2613 1682 cohibeatur,
2641 1620 2799 1671 etiam
2825 1618 3118 1686 primarum
3142 1618 3347 1674 aedium
3368 1634 3519 1673 amor
3546 1622 3748 1675 exsdn-

2158 1717 2369 1777 guetur.
2401 1708 2646 1776 Sufficit,
2684 1711 2729 1764 si
2778 1710 2898 1780 quis
2934 1710 3119 1766 laudes
3159 1720 3335 1776 amat,
3367 1712 3411 1765 si
3453 1722 3577 1782 post
3614 1726 3752 1766 con:-

2159 1801 2368 1857 cioneut
2392 1801 2511 1857 illas
2533 1814 2883 1874 assequatur,
2916 1819 3039 1860 cum
3079 1804 3287 1859 fruetus
3325 1807 3556 1877 colliget.
3597 1806 3752 1877 Rogo

2161 1890 2303 1946 hanc
2336 1894 2611 1947 lirmemus
2644 1894 2851 1965 legem;
2879 1906 2937 1949 ut
2958 1911 3079 1951 cum
3105 1897 3283 1951 omnia
3314 1897 3601 1953 secundum
3650 1899 3743 1953 Dei

2159 1983 2414 2055 placitum
2439 1984 2763 2052 fecerimus,
2797 1987 2913 2058 ejus
2940 1988 3221 2043 clementia
3249 1988 3541 2059 dignemur.
3574 1992 3747 2060 gratia

2159 2086 2215 2131 et
2239 2078 2677 2135 miserationibus
2698 2078 2969 2151 Unigeoiti
2998 2080 3115 2148 ejus
3134 2120 3152 2148 ,
3180 2080 3395 2136 Domini
3427 2083 3592 2137 nostri
3611 2082 3741 2139 Iesu

2158 2167 2392 2236 Christi,
2420 2172 2636 2242 quicum
2663 2171 2806 2227 Patri
2834 2182 2889 2227 et
2914 2173 3138 2243 Spiritui
3172 2184 3360 2229 sancto
3397 2174 3600 2246 gloria,
3646 2176 3745 2229 im-

2159 2265 2365 2332 perium
2390 2306 2405 2332 ,
2439 2264 2642 2332 honor,
2671 2281 2812 2322 nunc
2838 2278 2892 2322 et
2916 2282 3130 2338 semper
3150 2309 3167 2336 ,
3198 2269 3336 2324 etin
3357 2269 3555 2325 smnia
3581 2284 3763 2326 Sason-

2160 2357 2355 2412 lorum.
2386 2361 2579 2414 Amen.

2223 2541 2242 2572 ι
2275 2539 2377 2589 Alii
2400 2540 2602 2600 habent,
2619 2553 2773 2591 nonne
2787 2540 2943 2604 quiete
2962 2546 3009 2591 et
3031 2538 3219 2591 silentio
3240 2538 3399 2590 onmia
3419 2538 3764 2591 haustuum!

1753 2712 2101 2776 HOMILIA
2142 2711 2387 2772 XXXI.

454 2883 582 2939 Car.
607 2882 696 2937 1i.
724 2895 778 2933 v.
813 2878 899 2933 1‘5.
934 2874 1030 2928 His
1058 2872 1245 2925 auditis
1274 2866 1491 2937 apostoli
1519 2860 1779 2917 Barnabas
1814 2869 1861 2912 et
1910 2857 2050 2910 Pou-

529 2969 907 3038 lus,couscissis
935 2965 1149 3020 vestibus
1176 2963 1281 3015 suis
1305 2957 1602 3013 exsilierunt
1628 2955 1683 3006 in
1704 2954 1924 3014 turbam,
1942 2948 2049 3002 cla-

529 3076 723 3120 mantes
752 3063 840 3117 14.
869 3069 913 3113 et
941 3059 1158 3111 dicentes
1186 3069 1204 3107 :
1240 3042 1350 3106 Viri
1370 3091 1385 3114 ,
1413 3049 1537 3120 quid
1565 3048 1671 3101 quc
1693 3043 1903 3115 facitis?
1934 3040 2048 3100 Nos

526 3160 713 3215 similes
737 3156 873 3208 vobis
906 3150 1164 3222 passibiles
1192 3160 1366 3199 sumus
1389 3141 1635 3202 homines,
1681 3134 2043 3189 onnuntiontes

525 3250 665 3306 vobis
691 3248 752 3300 ob
777 3245 855 3298 his
881 3241 1022 3297 vanis
1051 3237 1268 3293 converti
1288 3234 1355 3287 ad
1379 3232 1545 3285 Deum
1584 3230 1749 3281 vivum
1768 3266 1786 3292 ,
1813 3225 1900 3294 qui
1930 3223 2047 3294 fecit

528 3344 707 3397 cretum
730 3346 775 3393 et
803 3348 990 3390 terram
1021 3344 1064 3385 et
1090 3345 1247 3393 mare,
1280 3337 1324 3381 et
1352 3323 1523 3378 omnia
1545 3335 1656 3391 quin
1681 3308 1735 3371 in
1762 3318 1832 3370 eis
1854 3324 1991 3369 sunt.

533 3437 585 3489 1.
604 3433 734 3489 Vide
751 3427 1025 3499 apostolos
1053 3422 1230 3476 omnia
1254 3433 1377 3473 cum
1401 3413 1740 3470 vehementia
1763 3409 2042 3464 facientes.

458 3530 745 3587 Scideruut
767 3533 964 3586 vestes,
992 3519 1327 3579 exsilierunt,
1359 3513 1692 3570 clamarunt;
1722 3519 1841 3575 qua:
1863 3500 2043 3557 omnia

456 3643 523 3682 ex
552 3623 832 3679 affectione
876 3615 1039 3670 animi
1082 3609 1370 3672 faetebant,
1414 3610 1759 3662 aversantes,
1786 3606 1843 3651 et
1871 3597 2044 3649 luctus

456 3718 606 3789 signa
649 3713 860 3768 dantes.
908 3707 1106 3762 Luctus
1151 3703 1347 3773 quippe
1388 3710 1515 3751 vere
1555 3701 1692 3757 erat,
1724 3692 1894 3744 luctus
1936 3700 2042 3739 non

456 3780 821 3867 consolabilis,
847 3801 892 3855 si
922 3798 1136 3869 quidem
1159 3792 1454 3847 voluissent
1480 3802 1577 3857 pro
1605 3784 1707 3838 diis
1744 3780 1958 3843 haberi,
1990 3787 2045 3830 et

456 3865 816 3955 idololatriam-
849 3865 1300 3954 indiicere,quam
1337 3879 1568 3934 solutum
1593 3879 1870 3929 venerant.
1908 3865 2042 3922 Illud

456 4005 618 4063 porro
644 3996 760 4043 erat
787 3981 983 4039 diaboli
1011 3976 1515 4049 machinamentum.
1564 3970 1633 4021 At
1657 3963 1731 4019 illi
1760 3978 1865 4016 non
1892 3959 2044 4030 quie-

454 4055 630 4148 scunt,
660 4078 754 4136 sed
783 4074 950 4147 quid?
996 4070 1109 4126 Nos
1138 4067 1329 4124 similes
1377 4060 1515 4117 vobis
1559 4055 1820 4129 possibiles
1868 4067 2043 4107 sumus

456 4147 716 4240 nonanis,
747 4168 1009 4240 inquiunt.
1043 4161 1236 4220 Statim
1256 4158 1325 4213 ab
1356 4155 1508 4211 initio
1530 4150 1729 4207 malum
1758 4147 2042 4202 subverte-

456 4279 580 4328 runt
609 4286 622 4322 :
658 4237 762 4322 non
790 4237 1042 4318 dixerunt
1067 4253 1401 4324 simpliciter,
1436 4245 1719 4307 Homines;
1743 4239 1860 4306 sed,
1894 4237 2043 4292 Sicut

455 4383 561 4420 vos.
597 4359 817 4421 Deinde,
842 4370 910 4410 ne
939 4352 1249 4406 viderentur
1289 4345 1418 4399 deos
1449 4337 1714 4401 venerari,
1745 4332 1869 4388 audi
1913 4328 2039 4400 quid

454 4455 708 4526 adjiciant
736 4468 752 4505 :
782 4445 1152 4502 Annuntiantes
1190 4438 1327 4492 vobis
1354 4435 1417 4488 ab
1442 4434 1521 4487 his
1542 4429 1684 4484 vanis
1729 4422 1948 4479 converti
1972 4420 2042 4476 ad

459 4553 621 4605 Deum
647 4547 835 4605 vivum,
862 4541 947 4608 qui
970 4539 1086 4609 fecit
1111 4534 1291 4589 calum
1314 4540 1360 4584 et
1390 4539 1575 4582 terram
1602 4533 1650 4577 et
1676 4537 1834 4582 more,
1858 4527 1905 4572 et
1933 4532 2041 4571 om-

456 4647 543 4699 nia
571 4656 683 4713 qua:
704 4640 760 4693 in
783 4637 852 4691 eis
882 4643 997 4688 sunt
1022 4630 1194 4702 (Psal.
1228 4626 1351 4681 H5.
1375 4623 1452 4692 6).
1480 4620 1715 4676 Observa
1742 4614 1864 4668 illos
1886 4624 2041 4713 num-

455 4754 614 4809 quam
664 4746 963 4790 memorare
1008 4725 1293 4797 prophetas
1318 4761 1333 4782 ,
1375 4730 1549 4786 neque
1591 4712 1792 4777 dicere,
1843 4720 1946 4777 qua
1973 4703 2041 4758 de

456 4848 617 4889 causa
659 4843 780 4884 cum
803 4828 867 4880 sit
895 4823 1131 4877 ninnium
1177 4816 1422 4879 Creator,
1452 4820 1638 4882 gentes
1686 4805 1903 4875 reliquit
1929 4800 2040 4855 suis

457 4926 555 4981 frui
587 4920 829 4993 legibus?
860 4920 945 4974 15.
970 4916 1068 4982 Qui
1095 4914 1147 4966 in
1162 4908 1426 4982 prieteritis
1454 4897 1856 4977 generationibus
1885 4894 2039 4949 dimi-

453 5020 518 5072 sit
549 4988 719 5070 attines
758 5020 925 5085 gentes
948 5009 1019 5060 ire
1049 5006 1154 5059 vias
1193 5019 1333 5057 suos.
1360 4997 1512 5067 Quod
1557 4991 1843 5054 dimiserit,
1874 4988 2036 5050 dicit;

454 5127 550 5166 cur
589 5119 767 5163 autem
806 5100 1086 5163 dimiserit,
1120 5110 1225 5151 non
1264 5092 1445 5154 addit;
1490 5087 1702 5143 interim
1730 5084 1785 5138 in
1807 5097 1871 5137 eo
1896 5079 2045 5163 quod;

457 5201 677 5273 urgebat
724 5194 988 5255 subsistit,
1024 5189 1224 5246 Christi
1271 5199 1465 5240 nomen
1506 5191 1768 5249 nusquam
1811 5184 2036 5243 ponens.

456 5267 549 5353 16:
567 5293 633 5348 Et
658 5295 860 5363 quidem
890 5304 991 5341 non
1015 5286 1125 5339 sine
1152 5279 1436 5335 testimonio
1461 5278 1784 5344 semetipsum
1809 5267 2037 5337 reliquit,

454 5361 767 5458 benefaciens
797 5382 860 5435 de
879 5380 1031 5442 coelo,
1066 5375 1207 5430 nobis
1237 5371 1366 5425 dans
1387 5367 1579 5439 pluvias
1605 5374 1649 5418 et
1677 5373 1903 5429 tempora
1923 5361 2041 5430 fru-

453 5452 654 5551 ctifera,
678 5474 894 5546 impleas
918 5471 1028 5525 cibo
1056 5478 1101 5522 et
1129 5465 1305 5521 latitia
1325 5459 1482 5516 corda
1518 5465 1713 5511 nostra.
1740 5452 1893 5517 Vide,
1932 5463 2040 5503 non

456 5542 568 5625 vult
605 5542 1001 5624 accusationem
1052 5572 1240 5615 eorum
1285 5566 1497 5623 augere,
1537 5547 1631 5603 sed
1670 5544 1845 5616 potius
1883 5542 2042 5596 docet

456 5663 601 5727 illos,
625 5669 683 5715 ut
711 5657 889 5713 omnia
929 5653 999 5709 ad
1041 5653 1210 5707 Deum
1247 5645 1503 5703 referant.
1547 5638 1856 5695 Didicerant
1894 5631 2039 5689 enim

458 5771 564 5810 non
589 5754 662 5808 ita
689 5749 1008 5807 studendum
1036 5761 1155 5802 esse
1178 5740 1376 5815 aliquid
1396 5739 1504 5794 Deo
1523 5735 1743 5806 dignum
1760 5730 1961 5792 dicere,
1982 5735 2043 5781 ut

456 5844 789 5900 auditoribus
814 5841 944 5895 utile
970 5838 1094 5909 quid
1124 5835 1384 5906 proferre.
1414 5829 1550 5885 Vide
1573 5822 1844 5898 quomodo
1866 5822 2040 5874 laten-

461 5946 544 5993 ter
581 5932 977 5992 accusationcm
1021 5932 1243 6000 ingerat.
1290 5923 1525 5993 Etenim,
1553 5922 1599 5977 si
1645 5921 1747 5975 hoc
1789 5913 2036 5981 faciebat,

2158 2856 2445 2927 Oportebat
2486 2854 2646 2924 plecti
2682 2869 2797 2919 eos,
2844 2854 2933 2924 qui
2961 2862 3040 2907 tot
3080 2853 3237 2908 bonis
3277 2854 3535 2919 fruentes,
3569 2852 3748 2919 ipsum

2154 2962 2261 3001 non
2303 2957 2358 3000 ut
2402 2946 2722 3000 nutritorem
2762 2945 3168 3017 agnoscebant:
3205 2962 3387 2999 verum
3439 2960 3542 2999 non
3571 2944 3749 3015 palam

2155 3039 2305 3103 dicit,
2354 3039 2446 3093 sed
2470 3038 2794 3102 subindicat,
2831 3036 2911 3091 De
2942 3041 3067 3092 coelo
3105 3038 3268 3104 nobis,
3302 3039 3568 3108 inquiens,
3613 3039 3751 3091 dans

2154 3131 2376 3201 pluvios.
2407 3130 2497 3187 Sic
2520 3141 2574 3186 et
2598 3131 2761 3185 David
2782 3131 2994 3187 dicebat
3024 3149 3038 3185 :
3072 3132 3117 3184 .4
3143 3135 3312 3202 [ructu
3354 3132 3614 3201 [i-unienti,
3641 3132 3761 3184 vini

2151 3236 2199 3278 et
2229 3224 2328 3278 olei
2372 3225 2456 3279 sui
2497 3224 2823 3294 multiplicati
2863 3233 2979 3278 sunt
3007 3223 3181 3295 (Psal.
3209 3223 3262 3278 4.
3294 3222 3376 3295 8);
3413 3232 3468 3276 et
3508 3238 3651 3293 smpe
3675 3222 3748 3277 de

2151 3318 2422 3371 creatione
2467 3316 2757 3382 disserens,
2808 3318 2908 3370 hoc
2937 3317 2988 3370 in
3031 3315 3264 3370 medium
3308 3315 3544 3370 adducit.
3586 3313 3745 3369 lere-

2152 3408 2288 3461 mias
2317 3418 2492 3462 autem
2526 3408 2698 3477 primo
2726 3408 3086 3472 creationem,
3117 3406 3312 3461 deinde
3349 3405 3736 3475 providentiam

2152 3500 2445 3570 plutiarum
2470 3499 2600 3554 dicit
2630 3498 2763 3569 (Jer.
2796 3501 2851 3554 5.
2873 3499 2989 3570 24).
3023 3500 3206 3567 Itaque
3235 3496 3356 3551 inde
3383 3497 3602 3551 edoctus
3627 3496 3739 3549 ait:

2149 3594 2381 3664 Impleus
2405 3594 2513 3648 cibo
2543 3604 2589 3648 et
2619 3595 2815 3649 laetitia.
2862 3592 2996 3648 Cum
3041 3591 3363 3646 liberalitate
3402 3589 3741 3652 alimentum,

2150 3702 2250 3742 nec
2273 3688 2431 3741 modo
2457 3687 2523 3742 ad
2547 3687 2903 3757 frugalitatem
2931 3695 2986 3740 et
3007 3699 3184 3739 usum.
3218 3684 3304 3737 17.
3340 3680 3403 3735 Et
3426 3682 3533 3734 haec
3561 3681 3739 3734 dicen-

2149 3789 2241 3843 tes,
2273 3781 2356 3834 υἱέε
2400 3780 2701 3833 sedoverunt
2748 3778 2942 3843 turbas,
2987 3792 3049 3831 ne
3088 3776 3185 3829 sibi
3227 3773 3569 3828 immolarent.
3592 3772 3660 3827 Et
3685 3774 3737 3826 in

2150 3870 2253 3926 hoc
2294 3872 2524 3925 maxime
2568 3870 2906 3925 admirationi
2949 3866 3189 3923 fuerunt.
3242 3865 3426 3922 Viden’
3471 3880 3567 3921 eos
3608 3865 3740 3918 satis

2149 3963 2420 4026 habuisse,
2443 3961 2586 4032 quod
2625 3961 2887 4016 insaniam
2934 3959 3081 4014 illam
3127 3959 3488 4014 avertissent?
3518 3959 3601 4014 18.
3633 3956 3738 4012 Su-

2146 4065 2478 4130 pervenerunt
2518 4065 2685 4110 autent
2726 4056 2790 4108 ob
2828 4053 3098 4108 Antiochia
3136 4063 3182 4108 et
3227 4052 3253 4105 1
3262 4056 3408 4107 conio
3451 4051 3623 4107 διιόωὶ
3646 4068 3668 4107 :
3690 4062 3743 4106 et

2148 4149 2403 4218 persuasis
2434 4149 2612 4214 turbis,
2661 4148 3045 4218 lopidontesque
3082 4144 3331 4211 Paulum,
3361 4154 3625 4199 traxerunt
3646 4161 3741 4199 ea-

2146 4250 2228 4295 tra
2267 4241 2548 4304 civitatem,
2586 4240 2928 4295 existimantes
2967 4253 3084 4292 eum
3130 4249 3384 4290 mortuum
3420 4252 3545 4291 esse.
3596 4234 3736 4292 Vere

2144 4330 2343 4386 diaboli
2397 4330 2487 4385 lilii
2533 4345 2549 4386 :
2598 4347 2703 4385 non
2758 4330 2813 4384 in
2859 4328 3169 4385 civitatibus
3233 4327 3395 4382 modo
3438 4327 3553 4383 suis
3582 4366 3599 4392 ,
3637 4327 3735 4383 sed

2145 4433 2296 4479 extra
2335 4408 2455 4476 illas
2497 4422 2599 4477 hoc
2642 4422 2927 4487 faciebant,
2967 4429 3024 4475 et
3064 4429 3209 4476 tanto
3254 4418 3433 4473 studio
3475 4420 3737 4473 curabant

2147 4515 2576 4586 praedicationem
2600 4517 2667 4569 de
2684 4514 2860 4569 medio
2886 4513 3307 4582 tollere,quanto
3333 4511 3561 4580 apostoli
3590 4510 3736 4564 illam

2145 4610 2360 4664 firmare
2389 4608 2738 4663 conabantur.
2770 4605 2836 4660 Et
2863 4606 3139 4678 persuasis,
3168 4604 3359 4674 inquit,
3386 4603 3568 4670 turbis,
3593 4603 3732 4672 lapi-

2144 4706 2319 4756 datum
2342 4700 2565 4754 Pautum
2611 4707 2872 4752 traxerunt
2899 4707 3043 4751 eastra
3067 4697 3337 4751 civitatem.
3366 4694 3464 4749 Hic
3484 4694 3736 4764 impletur

2144 4794 2269 4849 illud
2306 4811 2317 4846 :
2349 4793 2545 4862 Sufﬁcit
2570 4791 2658 4845 tibi
2683 4791 2849 4861 gratia
2868 4804 3016 4850 meo;
3043 4805 3162 4841 nam
3187 4789 3344 4840 virtus
3370 4802 3483 4839 meo
3507 4787 3561 4838 in
3583 4783 3734 4854 inﬁr-

2145 4890 2316 4942 mitate
2341 4884 2691 4958 perﬁcitur-(2.
2712 4882 2830 4937 Cor.
2860 4881 2947 4937 12.
2973 4881 3053 4952 9).
3070 4881 3237 4951 Majus
3264 4880 3365 4934 hoc
3390 4889 3537 4942 erat,
3569 4892 3730 4948 quam

2144 4983 2393 5037 claudum
2417 4980 2641 5049 erigere.
2674 4976 2913 5032 Gentiles
2934 4974 3148 5047 quidem
3174 4984 3230 5027 ttt
3255 4974 3388 5027 deos
3429 4970 3731 5034 habebant;

2147 5075 2198 5129 hi
2226 5091 2352 5128 vero
2375 5072 2752 5142 persuadentes
2784 5068 2983 5132 turbis,
3011 5076 3295 5121 traxerunt
3321 5064 3503 5127 illum;
3556 5076 3732 5131 neque

2144 5168 2288 5223 enim
2333 5163 2630 5220 verisimile
2698 5172 2782 5217 est
2824 5174 3014 5214 omnes
3040 5160 3092 5214 in
3139 5172 3326 5212 eorum
3374 5154 3731 5211 admiratione

2147 5261 2329 5315 fuisse.
2379 5257 2447 5312 Et
2472 5256 2610 5321 vide,
2648 5257 2702 5308 in
2729 5253 2915 5309 eadem
2937 5252 3047 5321 ipsa
3075 5251 3310 5312 civitate,
3341 5248 3395 5302 in
3424 5261 3527 5318 qua
3570 5245 3651 5299 sic
3675 5244 3728 5297 in

2145 5353 2497 5408 admiratione
2521 5349 2755 5414 fuerunt,
2781 5346 2962 5417 gravia
2990 5345 3281 5415 patiuntur.
3306 5342 3375 5396 Et
3398 5341 3498 5395 hoc
3517 5353 3731 5411 quoque

2147 5446 2448 5501 videntibus
2495 5442 2760 5512 proderat.
2809 5437 2962 5507 Quod
3002 5446 3182 5493 autem
3222 5436 3321 5489 hac
3348 5434 3416 5488 de
3437 5447 3595 5489 causa
3622 5429 3729 5500 pati

2149 5538 2546 5610 permitteretur
2566 5575 2582 5599 ,
2614 5532 2738 5587 audi
2780 5532 2926 5585 illum
2955 5528 3059 5583 hoc
3104 5529 3277 5597 ipsum
3316 5523 3680 5579 declarantem
3709 5537 3727 5574 :

2150 5628 2235 5685 Ne
2269 5630 2381 5699 quis
2421 5643 2501 5680 me
2537 5625 2784 5679 existimet
2802 5637 2957 5690 supra
2995 5620 3070 5688 id,
3100 5618 3236 5690 quod
3272 5617 3404 5670 videt
3430 5616 3483 5668 in
3502 5629 3603 5680 me,
3642 5620 3731 5666 aut

2144 5721 2342 5793 aliquid
2361 5721 2501 5776 audit
2523 5734 2586 5773 ea:
2608 5734 2688 5771 me
2710 5717 2784 5789 (Ξ.
2808 5712 2927 5772 Cor.
2959 5714 3048 5768 1‘2.
3078 5715 3158 5777 6).

2223 5817 2376 5871 Pauli
2414 5816 2599 5886 fervor.
2626 5841 2698 5852 —
2728 5810 2815 5866 19.
2839 5804 3277 5865 Circumdantibus
3317 5812 3486 5855 autem
3510 5813 3623 5852 eum
3651 5795 3731 5848 di-

2149 5908 2376 5981 scipulis,
2408 5923 2615 5978 surgens
2637 5900 2839 5961 intravit
2869 5901 3137 5957 civitatem.
3155 5894 3345 5952 Vidcu'
3368 5888 3732 5949 alacritatem?
