4112 6438
229 380 337 438 227

231 493 291 548 ἀ)
301 490 371 544 λά
398 487 690 558 νοημάτων
715 483 808 539 καὶ
827 483 1142 554 φιλοσοφίας
1155 483 1398 555 δύναμις,
1422 485 1516 538 καὶ
1543 484 1709 538 παντὶ
1729 483 1909 555 ῥᾴδιον

233 585 412 638 εἰπεῖν
438 581 535 632 καὶ
564 575 918 643 ἀπαγγεῖλαι,
950 573 1066 638 πῶς
1085 574 1183 627 οὐκ
1210 573 1356 639 άξιος
1390 572 1538 646 [240]
1575 573 1910 643 κατηγορίας

240 675 269 727 6
315 670 390 741 μὴ
438 664 694 734 δυνηθεὶς
726 663 905 717 είπεῖν
941 662 1040 732 τὴν
1086 661 1265 714 αἰτίαν
1289 701 1304 722 ,
1357 661 1425 714 δι’
1456 663 1525 731 ἣν
1554 661 1783 732 ἐπῄνεσε
1820 660 1909 713 τὸν

246 758 490 825 λέγοντας
535 751 705 806 Οὐδὲν
738 750 882 803 οῦτω
914 749 1122 820 πρέπον
1153 747 1419 818 ἐκκλησίᾳ
1446 748 1521 811 ὡς
1544 748 1688 819 σιγὴ,
1717 748 1791 811 ὡς
1816 749 1910 801 εὑ-

257 845 416 909 ταξία.
438 840 706 909 Θεάτροις
733 837 1035 909 ἐπιτήδειος
1059 838 1087 890 ὁ
1114 835 1338 905 θόρυϐος
1369 837 1464 889 καὶ¹
1494 835 1796 906 βαλανείοις
1814 836 1912 890 καὶ

253 931 484 1000 πομπαῖς
521 927 621 979 καὶ
645 926 876 996 ἀγοραῖς
900 941 913 954 ·
941 922 1069 976 ἔνθα
1100 922 1155 975 δὲ
1187 923 1315 994 περὶ
1346 922 1599 976 τοιούτων
1626 923 1910 993 δογμάτων

244 1021 274 1086 ὴ
309 1012 632 1069 διδασκαλία
654 1056 668 1075 ,
710 1010 918 1081 γαλήνη
955 1008 1048 1063 καὶ
1086 1009 1283 1080 ἡσυχία
1322 1010 1416 1062 καὶ
1465 1010 1781 1079 φιλοσοφία,
1818 1012 1911 1063 καὶ

240 1102 404 1165 πολὺς
426 1103 456 1155 ό
480 1101 652 1171 λιμὴν
682 1093 823 1152 εἶναι
848 1097 1071 1167 ὀφείλει.
1096 1097 1282 1151 Ταῦτα
1308 1097 1499 1169 δέομαι
1523 1100 1616 1152 καὶ
1645 1098 1911 1152 ἀντιϐολῶ

240 1190 447 1251 πάντας
471 1187 696 1241 εἰδέναι.
729 1185 984 1256 Περίειμι
1029 1183 1136 1256 γὰρ
1169 1186 1262 1238 καὶ
1305 1185 1465 1248 αὐτὸς
1506 1186 1742 1257 τρόπους
1775 1203 1911 1239 παν..

238 1276 415 1340 τοίους
440 1272 740 1344 ἐπιζητῶν,
763 1273 832 1325 δι’
863 1264 939 1326 ὧν
968 1271 1243 1341 ὠφελῆσαι
1269 1272 1565 1343 δυνήσομαι
1587 1272 1687 1335 τὰς
1717 1272 1912 1343 ὑμετέ-

246 1381 343 1435 ρας
373 1363 575 1433 ψυχάς.
606 1360 681 1414 Οὐ
712 1359 906 1431 μικρὸς
938 1360 1032 1414 καὶ
1061 1352 1215 1422 οὗτος
1244 1361 1274 1413 ό
1296 1360 1496 1429 τρόπος
1526 1355 1665 1413 εἷναί
1704 1377 1795 1429 μοι
1824 1360 1911 1414 δο-

243 1452 331 1504 κεῖ
352 1466 366 1480 ·
395 1450 500 1519 οὐχ
527 1449 671 1518 ὑμᾶς
705 1445 979 1517 ὠφελήσει
1023 1446 1217 1515 μόνους
1239 1488 1252 1508 ,
1300 1445 1436 1500 ἀλλὰ
1467 1447 1560 1499 καὶ
1590 1448 1755 1516 ἡμᾶς.
1798 1448 1914 1502 Οὐκ

242 1539 451 1608 ἀφήσει
485 1533 999 1605 ὲκτραχηλίζεσθαι,
1026 1532 1148 1586 οὐδὲ
1177 1534 1417 1587 ἐπαίνων
1438 1531 1528 1587 καί
1557 1533 1716 1604 δόξης
1743 1536 1874 1606 ἐρᾷν
1891 1575 1910 1599 ,

243 1623 377 1678 οὐδὲ
407 1622 483 1676 τά
509 1622 763 1694 τέρποντα
793 1620 993 1691 λέγειν,
1020 1619 1155 1675 ἀλλά
1179 1619 1249 1674 τά
1273 1620 1609 1690 ὠφελοῦντα·
1636 1623 1756 1676 οὐδὲ
1785 1625 1914 1695 περὶ

255 1708 541 1780 συνθήκας
563 1709 648 1762 καὶ
669 1707 834 1778 κάλλη
862 1706 1082 1773 λέξεων,
1111 1707 1247 1761 ἀλλά
1276 1708 1406 1778 περὶ
1431 1708 1717 1779 νοημάτων
1750 1708 1911 1763 δύνα-

262 1812 359 1865 μιν
401 1796 577 1849 πᾶσαν
617 1795 945 1866 άπασχολεῖν
981 1793 1078 1848 τοῦ
1115 1793 1311 1866 καιροῦ
1340 1794 1438 1866 τὴν
1476 1796 1668 1866 ῥοπήν.
1695 1796 1915 1850 Είσελθε

257 1883 343 1945 είς
370 1882 721 1952 ζωγραφεῖον,
746 1882 843 1935 καὶ
866 1881 987 1952 ὄψει
1008 1880 1212 1952 πολλὴν
1234 1883 1351 1935 ἐκεῖ
1377 1883 1475 1950 τὴν
1500 1883 1679 1953 σιγήν.
1707 1884 1917 1939 Οὐκοῦν

254 1970 346 2024 καὶ
399 1968 668 2023 ἐνταῦθα·
692 1969 787 2023 καὶ
833 1967 943 2039 γὰρ
983 1969 1079 2023 καὶ
1119 1967 1354 2023 ἐνταῦθα
1393 1968 1607 2032 εἰκόνας
1633 1971 1916 2041 γράφομεν

246 2055 537 2126 βασιλικὰς
560 2095 576 2120 ,
606 2055 701 2109 καὶ
728 2054 982 2124 οὐδεμίαν
1019 2055 1299 2127 ίδιωτικὴν
1322 2095 1337 2120 ,
1366 2056 1453 2110 διὰ
1479 2055 1586 2109 τῶν
1610 2061 1916 2128 χρωμάτων

246 2143 350 2214 τῆς
378 2144 600 2215 ἀρετῆς.
635 2143 703 2197 Τί
733 2143 922 2209 τοῦτο;
955 2143 1118 2198 πάλιν
1150 2142 1426 2215 κροτεῖτε;
1453 2145 1566 2198 Οὐκ
1600 2143 1820 2199 εῦκολον
1858 2147 1918 2199 τὸ

1170 368 1236 423 IN
1279 367 1464 423 ACTA
1502 366 2049 426 APOSTOLOBUM.
2080 365 2316 420 HOMIL.
2360 366 2550 418 XXXI.

3570 367 3693 420 228·

2020 481 2256 551 πρᾶγμα
2301 477 2481 544 δοκεῖ,
2538 477 2635 532 καὶ
2661 476 2817 531 τοῦτο
2845 478 2908 531 οὐ
2941 478 3121 549 φύσει,
3148 478 3286 535 ἀλλά
3317 481 3396 553 τῷ
3424 485 3683 556 συνηθείᾳ

2012 568 2180 639 πολλῇ
2246 568 2414 639 μήπω
2473 566 2775 638 κατορθοῦν
2833 567 2965 621 αὐτὸ
3018 568 3420 639 μεμαθηκέναι.
3474 573 3682 644 Γραφὶς

2011 657 2188 710 τοίνυν
2223 656 2374 708 ἐστὶν
2412 657 2545 725 ἡμῖν
2585 655 2823 723 γλῶττα,
2862 657 3110 724 τεχνίτης
3144 655 3201 709 δὲ
3245 657 3305 711 τὸ
3355 661 3578 730 Πνεῦμα
3622 662 3684 713 τὸ

2013 743 2190 811 ἅγιον.
2246 741 2382 795 Εἰπέ
2408 759 2536 811 μοι,
2567 743 2625 793 ἐν
2650 743 2761 805 τοῖς
2793 745 3114 814 μυστηρίοις
3138 783 3153 807 ,
3207 748 3279 816 μή
3308 763 3394 809 τις
3420 746 3680 817 θόρυ6ο;;

2015 832 2088 902 μή
2144 847 2228 893 τις
2276 829 2529 901 ταραχῆς
2565 829 2733 882 ’Ὀταν
2791 828 3201 901 βαπτιζώμεθα,
3253 835 3381 888 ὅταν
3427 833 3497 887 τὰ
3548 834 3682 889 ἄλλα

2011 919 2188 971 πάντα
2241 916 2504 986 ποιῶμεν,
2558 917 2654 987 οὐχ
2703 917 2904 988 ἡσυχία
2954 919 3050 971 καὶ
3099 919 3226 991 σιγὴ
3272 922 3339 974 τὰ
3379 923 3555 976 πάντα
3585 940 3683 975 κάς

2010 1006 2155 1075 τέχει
2184 1016 2246 1067 ις
2280 1003 2452 1058 Τοῦτο
2499 1005 2557 1058 ὲν
2604 1005 2683 1076 τῷ
2715 1006 2931 1078 οὐρανῷ
2962 1008 3339 1081 κατέσπαρται
3372 1011 3432 1063 τὸ
3466 1011 3683 1073 κάλλος.

2012 1093 2112 1146 Διά
2157 1090 2318 1145 τοῦτο
2361 1091 2768 1164 διαὸεόλήμεθα
2816 1095 2910 1147 καὶ
2964 1097 3094 1165 παρ’
3126 1097 3404 1166 Ἕλλησιν,
3439 1098 3517 1162 ὼς
3550 1098 3688 1168 πρὸς

2012 1176 2274 1242 ἐπίδειξιν
2308 1178 2486 1232 πάντα
2532 1180 2812 1243 ποιοῦντες
2847 1181 2940 1234 καὶ
2988 1182 3124 1251 πρὸς
3167 1183 3502 1254 φιλοτιμίαν.
3548 1184 3686 1237 Ἀλλ’

2012 1265 2107 1318 ἐὰν
2133 1266 2291 1319 τοῦτο
2320 1266 2570 1338 κωλυθῇ,
2597 1267 2692 1321 καὶ
2720 1266 2830 1320 τῶν
2877 1270 3177 1341 προεδριῶν
3210 1273 3237 1324 ό
3266 1271 3405 1342 ἔρως
3454 1272 3690 1339 σόεσθή-

2014 1369 2189 1408 σεται.
2226 1355 2413 1427 ’Λρκεῖ
2436 1397 2450 1421 ,
2485 1356 2537 1408 εί
2559 1373 2642 1419 τις
2663 1356 2899 1409 ἐπαίνων
2924 1360 3025 1428 ἐρᾷ
3047 1401 3061 1424 ,
3100 1359 3162 1412 τὸ
3191 1359 3331 1428 μετά
3354 1360 3452 1430 τὴν
3485 1360 3691 1429 ἀκρόα-

2014 1456 2099 1493 σιν
2140 1442 2344 1495 τούτων
2391 1443 2725 1513 τυγχάνειν,
2783 1445 2912 1497 ὅταν
2954 1446 3081 1508 τούς
3130 1447 3374 1517 καρποὺς
3431 1446 3687 1518 συλλέγῃ.

2013 1526 2123 1579 Ναὶ
2169 1529 2470 1600 παρακαλῶ
2497 1570 2512 1594 ,
2585 1529 2926 1602 κυρώσωμεν
2967 1532 3153 1586 τοῦτον
3197 1534 3290 1586 τὸν
3332 1533 3495 1603 νόμον
3522 1575 3538 1601 ,
3597 1533 3688 1585 ἵνα

2014 1614 2194 1668 πάντα
2228 1616 2372 1668 κατά
2407 1617 2467 1669 τὸ
2500 1616 2578 1687 τῷ
2627 1616 2747 1687 Θεῷ
2774 1618 2967 1672 δοκοῦν
3000 1621 3370 1690 πράττοντες,
3418 1620 3520 1689 τῆς
3557 1620 3688 1691 παρ’

2021 1701 2185 1755 αὐτοῦ
2226 1703 2639 1773 φιλανθρωπίας
2668 1704 2990 1776 ἁξιωθῶμεν
3008 1745 3022 1769 ,
3056 1708 3237 1778 χάριτι
3266 1708 3361 1761 καὶ
3383 1709 3692 1778 οίκτιρμοῖς

2020 1789 2115 1844 τοῦ
2139 1791 2477 1857 Μονογενοῦς
2505 1792 2693 1854 αὐτοῦ,
2724 1794 2926 1864 Κυρίου
2954 1795 3011 1848 δὲ
3040 1799 3073 1867 ὴ
3084 1796 3199 1866 μῶν
3229 1794 3401 1866 Ἰησοῦ
3430 1794 3688 1866 Χριστοῦ.

2027 1878 2146 1949 μεθ’
2176 1872 2237 1931 οὗ
2261 1879 2340 1949 τῷ
2361 1879 2540 1949 Πατρὶ
2566 1880 2682 1949 ἆμα
2704 1880 2780 1949 τῷ
2813 1881 2953 1952 ἁγίῳ
2985 1883 3263 1955 Πνεύματι
3296 1884 3442 1948 δόξα,
3468 1883 3690 1953 κράτος,

2016 1966 2153 2037 τιμὴ
2174 2007 2188 2028 ,
2237 1966 2333 2020 νῦν
2371 1967 2465 2020 καὶ
2495 1967 2584 2021 ἀεὶ
2611 2009 2627 2033 ,
2659 1970 2753 2022 καὶ
2786 1972 2863 2032 είς
2908 1971 3033 2034 τοὺς
3071 1972 3272 2036 αἰῶνας
3319 1971 3426 2025 τῶν
3457 1971 3689 2024 αἰώνων.

2031 2053 2226 2124 Ἀμήν.
3432 2051 3443 2057 ’

2084 2237 2110 2265 ⁸
2143 2235 2243 2285 Alii
2286 2244 2395 2301 σιγῇ
2429 2239 2490 2286 τὰ
2526 2237 2683 2287 πάντα
2713 2241 3030 2303 κεκόσμηται.

3256 2363 3576 2376 ———___—_

1560 2424 1579 2431 “
1694 2437 1844 2509 [241]
1881 2438 2126 2491 OMIAIA
2154 2437 2275 2494 AA'.

252 2529 653 2595 Ἀκούσαντες
674 2526 744 2581 δὲ
768 2528 827 2582 οί
856 2526 1186 2582 ἀπόστολοι
1204 2527 1514 2596 Βαρνάϐας
1538 2528 1637 2582 καί
1658 2530 1918 2595 Παῦλος,

318 2617 755 2686 διαρρήξαντες
827 2613 903 2669 τὰ
965 2615 1165 2684 ἱμάτια
1222 2614 1423 2670 αὐτῶν
1447 2655 1462 2678 ,
1532 2616 1923 2684 ἐξεπήδησαν

318 2707 409 2771 είς
443 2703 555 2757 τὸν
592 2702 802 2770 ὄχλον,
830 2698 1135 2771 κράζοντες
1168 2703 1266 2755 καὶ
1318 2701 1622 2771 λέγοντες,
1655 2703 1920 2773 Ἀνδρος,

318 2790 380 2846 τί
452 2790 643 2845 ταῦτα
724 2790 985 2852 ποιεῖτες
1083 2790 1256 2859 ἡμεῖς
1327 2789 1702 2859 ὁμοιοπαθεῖς
1782 2791 1925 2860 ὑμῖν

319 2879 513 2947 ἐσμεν
579 2876 877 2944 ἅνθρωποι
904 2916 923 2941 ,
992 2876 1498 2947 εὐαγγελιζόμενοι
1574 2878 1731 2948 ὑμᾶς
1804 2878 1923 2933 ἀπὸ

320 2963 553 3017 τούτων
601 2956 720 3014 τῶν
756 2960 1021 3029 ματαίων
1059 2959 1443 3030 ἐπιστρέφειν
1483 2961 1583 3015 ἐπὶ
1628 2962 1735 3015 τὸν
1777 2960 1927 3014 Θεὸν

322 3048 434 3103 τὸν
468 3046 691 3114 ζῶντα,
759 3046 827 3113 ὃς
868 3047 1119 3114 ἐποίησε
1166 3047 1279 3102 τὸν
1333 3048 1596 3118 οὐρανὸν
1655 3049 1753 3102 καὶ
1810 3048 1926 3114 τὴν

327 3135 454 3207 γῆν
528 3133 631 3189 καί
703 3132 818 3203 τὴν
872 3134 1193 3190 θάλασσαν
1215 3174 1232 3199 ,
1293 3136 1391 3190 καί
1459 3135 1656 3190 πάντα
1716 3137 1790 3189 τὰ
1857 3135 1926 3188 ἐν

321 3221 550 3288 αὐτοῖς.

322 3307 396 3363 α’.
444 3308 587 3380 Ὅρα
638 3307 816 3362 πάντα
848 3305 985 3377 μετά
1029 3305 1387 3377 σφοδρότητος
1425 3306 1555 3366 τούς
1595 3305 1926 3370 ἀποστόλους

247 3395 568 3460 ⁴ποιοῦντας.
617 3394 917 3467 Διέρρηξαν
944 3393 1013 3447 τά
1061 3393 1276 3466 ἱμάτια,
1304 3393 1602 3465 ὲπήδησαν,
1655 3393 1924 3465 ἔκραξαν,

249 3485 436 3539 πάντα
462 3482 572 3538 ἀπὸ
597 3480 888 3546 διαθέσεως
936 3479 1138 3554 ψυχῆς,
1172 3480 1640 3552 ἀποστρεφόμενοι
1669 3480 1738 3533 τά
1774 3481 1918 3549 γενό-

254 3586 420 3641 μενα,
469 3569 565 3624 καὶ
615 3568 844 3633 πένθους
874 3571 1077 3640 σημεῖα
1125 3567 1419 3631 ποιοῦντες.
1455 3566 1654 3631 Πένθος
1689 3566 1800 3639 γάρ
1835 3563 1924 3639 ἦν,

247 3657 427 3721 ὅντως
463 3655 661 3720 πένθος
708 3655 1160 3728 ἀπαραμύθητον,
1189 3655 1245 3710 εί
1268 3671 1331 3724 γε
1361 3654 1585 3724 ἔμελλον
1628 3654 1741 3708 θεοὶ
1774 3656 1925 3725 νομί-

250 3746 468 3812 ζεσθαι,
513 3744 606 3798 καὶ
636 3743 1075 3815 είδωλολατρείαν
1127 3742 1389 3813 είσάγειν,
1428 3744 1495 3815 ἣν
1515 3737 1677 3813 ἦλθον
1706 3741 1929 3795 καταλύ-

253 3850 465 3898 σοντες.
535 3832 648 3887 Kal
704 3832 863 3886 τοῦτο
918 3831 1012 3885 τοῦ
1060 3832 1310 3886 διαϐόλου
1360 3826 1427 3902 ἦν
1480 3829 1928 3900 κατασκεύασμα.

251 3924 321 3976 Οἱ
346 3922 406 3976 δὲ
434 3922 535 3992 οὐχ
567 3919 955 3992 ἡσυχάζουσιν,
984 3911 1120 3975 ἀλλά
1164 3921 1250 3986 τί;
1301 3920 1412 3974 Kal
1445 3919 1619 3987 ἡμεῖς
1649 3922 1933 3988 ὁμοιοπα-

250 4010 384 4077 θεῖς
409 4008 551 4079 ὑμῖν
578 4008 785 4078 ἐσμεν,
827 4010 1012 4079 φασὶν,
1040 4008 1355 4077 ἄνθρωποι.
1402 4007 1618 4070 Εὐθέως
1656 4008 1721 4059 ὲκ
1750 4022 1933 4078 προοι-

254 4097 404 4170 μίων
426 4096 731 4167 ἀνέτρεψαν
762 4097 825 4150 τὸ
860 4098 1047 4152 κακόν.
1102 4096 1215 4150 Οὐκ
1259 4092 1412 4149 εἶπον
1438 4094 1641 4159 ἁπλῶς,
1673 4096 1931 4163 Ἀνθρωο

252 4202 384 4248 ποι,
419 4182 578 4251 ἀλλά,
627 4183 764 4239 Καθ’
788 4183 964 4254 ὑμᾶς.
995 4179 1128 4237 Εἶτα
1159 4184 1244 4237 ἵνα
1276 4183 1351 4256 μὴ
1380 4182 1573 4249 δόξωσι
1603 4184 1769 4253 τιμᾷν
1806 4184 1933 4247 τοὺς

256 4271 422 4336 θεοὺς
446 4312 463 4336 ,
519 4273 752 4326 ἄκουσον
821 4270 875 4324 τί
938 4271 1235 4340 ἐπάγουσιν
1277 4282 1304 4311 ⁸
1333 4286 1348 4301 ’
1410 4268 1933 4339 Εὐαγγελιζόμενοι

256 4358 422 4429 ὑμᾶς
485 4360 605 4413 ἀπὸ
651 4360 881 4413 τούτων
933 4358 1052 4413 τῶν
1087 4359 1356 4429 ματαίων
1407 4357 1791 4426 ἐπιστρέφειν
1835 4355 1934 4409 ἐπὶ

257 4448 375 4501 τὸν
413 4446 563 4501 Θεὸν
598 4448 708 4501 τὸν
743 4443 950 4512 ζῶντα,
984 4446 1053 4512 ὃς
1088 4447 1340 4513 ἐποίησε
1388 4450 1494 4499 τὸν
1523 4446 1787 4504 οὐρανὸν
1834 4444 1933 4497 καὶ

259 4535 382 4603 τὴν
408 4534 527 4604 τῆν
546 4535 645 4588 καὶ
666 4534 781 4602 τὴν
800 4533 1143 4597 θάλασσαν,
1168 4534 1267 4587 καὶ
1296 4531 1497 4588 πάντα
1521 4532 1594 4586 τὰ
1620 4533 1689 4585 ἐν
1708 4532 1930 4598 αὐτοῖς.

263 4625 413 4692 Ὅρα
466 4623 701 4691 οὐδαμοῦ
733 4621 841 4675 τῶν
894 4621 1190 4692 προφητῶν
1240 4621 1677 4691 μνημονεύοντας
1717 4621 1930 4683 αὐτοὺς,

259 4712 390 4765 οὐδὲ
422 4711 698 4780 λέγοντας,
720 4712 866 4774 τίνος
893 4710 1102 4774 ἕνεκεν,
1138 4710 1355 4764 πάντων
1380 4707 1710 4779 δημιουργὸς
1737 4706 1835 4769 ὢν,
1867 4706 1936 4760 τὰ

264 4800 396 4870 ἔθνη
438 4802 652 4872 ἀφῆκεν
708 4800 1013 4870 αὐτόνομα;
1069 4802 1165 4866 Ὃς
1210 4799 1281 4852 ἐν
1319 4797 1449 4864 ταῖς
1478 4794 1936 4867 παρῳχημέναις

264 4886 502 4957 γενεαῖς
524 4889 696 4942 είασε
725 4887 924 4941 πάντα
959 4887 1032 4942 τὰ
1057 4888 1201 4955 ἔθνη
1230 4887 1590 4955 πορεύεσθαι
1616 4885 1747 4951 ταῖς
1774 4883 1937 4949 ὁδοῖς

263 4975 487 5030 αὐτῶν.
506 4975 628 5029 Ὀτι
661 4975 759 5045 μὲν
781 4976 932 5030 ετασε
958 4975 1129 5044 λέγει,
1159 4975 1249 5029 διὰ
1276 4974 1329 5030 τί
1364 4974 1421 5027 δὲ
1455 4973 1658 5038 εἴασεν,
1693 4974 1793 5026 οὐκ
1822 4972 1933 5025 έτιο

264 5061 407 5124 τέως
430 5061 564 5131 πρὸς
593 5062 653 5115 τὸ
684 5065 1007 5131 κατεπεῖγον
1040 5062 1277 5128 ἵσταται,
1305 5059 1540 5130 οὐδαμοῦ
1569 5058 1664 5113 τοῦ
1692 5057 1936 5130 Χριστοῦ

263 5148 331 5200 τὸ
363 5146 531 5217 ὄνομα
559 5146 747 5212 τιθείς.
785 5148 989 5203 Καίτοι
1046 5165 1113 5218 γε
1160 5150 1271 5202 οὐκ
1329 5146 1673 5216 ἀμάρτυρον
1724 5143 1944 5199 ἑαυτὸν

265 5232 530 5303 ἀφῆκεν,
570 5233 945 5304 ἀγαθοποιῶν
992 5236 1338 5304 οὐρανόθεν,
1385 5232 1532 5302 ’ἡμῖν
1589 5233 1804 5298 ὑετοὺς
1854 5230 1943 5286 δι·-

268 5320 419 5387 δοὺς
444 5322 548 5391 ¹καί.
591 5322 834 5392 καιροὺς
863 5324 1282 5393 καρποφόρους
1307 5361 1323 5385 ,
1367 5319 1683 5390 ἐμπιπλῶν
1721 5317 1946 5388 τροφῆς

274 5407 375 5461 καὶ
395 5411 779 5478 εὐφροσύνης
797 5410 903 5475 τὰς
932 5410 1177 5480 καρδίας
1203 5406 1391 5478 ἡμῶν.
1424 5409 1586 5480 Ὅρα,
1606 5408 1666 5460 οὐ
1692 5407 1947 5478 βούλεται

272 5495 374 5567 τὴν
414 5497 748 5568 κατηγορίαν
776 5497 954 5550 αὐτῶν
989 5497 1245 5566 αὐξῆσαι,
1284 5495 1421 5549 ἀλλὰ
1467 5494 1668 5566 μᾶλλον
1713 5496 1806 5547 ἐπὶ
1852 5494 1943 5546 τὸν

272 5583 407 5636 Θεὸν
443 5582 506 5636 τὸ
536 5586 643 5637 πᾶν
691 5584 846 5653 ἄγειν
888 5585 1085 5649 αὐτοὺς
1115 5582 1379 5639 παιδεύει.
1422 5582 1664 5653 Ἔμαθον
1701 5581 1831 5652 γὰρ,
1862 5582 1943 5634 ὅτι

269 5670 371 5743 οὐχ
402 5670 548 5726 οὕτω
581 5672 903 5737 σπουδάζειν
937 5672 1020 5727 δεῖ
1050 5672 1199 5740 ἄξιόν
1232 5688 1284 5725 τι
1317 5672 1492 5725 εἰπεῖν
1520 5671 1649 5743 περὶ
1680 5669 1839 5737 Θεοῦ,
1868 5668 1945 5735 ὼς

272 5759 335 5814 τὸ
357 5762 471 5824 τοῖς
492 5760 783 5815 ἀκούουσιν
813 5761 1107 5831 ὠφέλιμον.
1141 5761 1284 5832 Ὅρα
1316 5758 1433 5823 πῶς
1452 5757 1820 5822 λανθανόντως
1845 5759 1945 5827 τὴν

274 5847 610 5919 κατηγορίαν
627 5848 829 5921 τίθησι.
862 5851 972 5904 Kal
1013 5848 1119 5919 μὴν
1148 5849 1194 5902 εί
1224 5847 1383 5901 τοῦτο
1415 5846 1608 5915 ἐποίει,
1650 5846 1758 5900 ἔδει
1785 5845 1948 5901 κολα-

332 5936 362 5967 ⁴
382 5933 445 5986 Τί
465 5937 720 6003 ἐπάγουσιν
743 5940 887 5989 deest
920 5939 967 5987 in
1006 5951 1119 5986 uno.

2025 2530 2216 2600 σθῆναι
2235 2530 2431 2594 αὐτοὺς
2461 2530 2728 2584 τοσούτων
2753 2528 3124 2590 ἀπολαύοντας
3145 2528 3387 2598 ἀγαθῶν,
3423 2532 3518 2582 καὶ
3561 2530 3693 2601 μηδὲ

2021 2616 2098 2680 ὡς
2125 2617 2329 2688 τροφέα
2364 2618 2735 2688 γνωρίσαντας
2755 2633 2770 2647 ⁸
2821 2615 2934 2668 ἀλλ’
2967 2616 3029 2667 οὐ
3062 2614 3210 2683 λέγει
3258 2616 3526 2686 φανερῶς,
3582 2616 3695 2669 ἀλλ’

2022 2704 2337 2767 αἰνίττεται,
2366 2706 2707 2772 Οὐρανόθεν
2752 2702 2914 2772 ἡμῖν,
2968 2700 3162 2768 λέγων,
3210 2702 3421 2769 ὑετοὺς
3466 2702 3692 2769 διδούς.

2024 2791 2181 2845 Οὕτω
2212 2793 2306 2845 καὶ
2336 2792 2365 2843 ό
2396 2791 2561 2845 Δαυῖδ
2609 2790 2825 2858 ἔλεγεν·
2900 2789 3045 2843 Ἀπὸ
3091 2789 3323 2856 καρποῦ
3371 2790 3545 2842 σίτου
3597 2790 3695 2844 καί

2023 2882 2193 2934 οἴνου
2230 2881 2327 2934 καί
2349 2881 2556 2934 ἐλαίου
2590 2878 2789 2933 αὐτῶν
2815 2878 3289 2943 ἑπληθύνθησαν
3312 2893 3325 2907 ·
3373 2878 3465 2929 καὶ
3502 2878 3699 2932 πολλα-

2024 2967 2120 3039 χοῦ
2144 2969 2272 3038 περὶ
2303 2966 2663 3038 δημιουργίας
2701 2966 3103 3035 διαλεγόμενος,
3131 2963 3305 3017 ταῦτα
3350 2964 3562 3035 τίθησιν
3617 2969 3699 3030 είς

2027 3059 2213 3126 μέσον.
2252 3057 2363 3109 Kal
2399 3057 2428 3108 ό
2461 3054 2729 3125 Ἱερεμίας
2776 3054 2832 3107 δὲ
2891 3053 2987 3124 τὴν
3040 3052 3400 3122 δημιουργίαν
3453 3052 3698 3123 πρώτην,

2025 3141 2144 3197 εἶτα
2200 3144 2298 3215 τὴν
2352 3142 2611 3214 πρόνοιαν
2666 3143 2765 3212 τὴν
2820 3141 2908 3194 διὰ
2945 3140 3053 3195 τῶν
3100 3139 3269 3192 ὑετῶν
3320 3156 3519 3209 φησιν’
3561 3141 3701 3193 ὥστε

2026 3231 2231 3285 ἐκεῖθεν
2258 3230 2689 3299 πεπαιδευμένος
2735 3227 3079 3296 διαλέγεται·
3137 3225 3501 3293 Ἐμπιπλῶν,
3544 3228 3698 3296 φησὶ,

2024 3318 2250 3388 τροφῆς
2279 3318 2378 3372 καὶ
2430 3318 2839 3386 εὐφροσύνης.
2883 3316 3039 3370 Μετά
3083 3314 3455 3385 φιλοτιμίαςή
3501 3314 3699 3386 τροφὴ,

2025 3407 2086 3459 οὐ
2122 3407 2279 3477 μόνον
2306 3406 2441 3476 πρὸς
2471 3405 2824 3475 αὐτάρκειαν,
2861 3404 2983 3456 οὐδὲ
3037 3402 3172 3472 πρὸς
3200 3400 3299 3472 τὴν
3350 3401 3559 3471 χρείαν.
3594 3401 3703 3455 Καὶ

2025 3495 2214 3549 ταῦτα
2269 3493 2569 3564 λέγοντες,
2616 3494 2792 3561 μόλις
2836 3490 3229 3544 κατέπαυσαν
3279 3489 3423 3553 τοὺς
3478 3489 3703 3557 ὄχλους

2027 3582 2133 3636 τοῦ
2161 3581 2248 3650 μὴ
2296 3583 2464 3635 θύειν
2512 3578 2737 3644 αὐτοῖς.
2786 3578 2896 3630 Kal
2943 3576 3117 3646 τούτῳ
3170 3575 3408 3645 μάλιστα
3458 3572 3706 3646 ἐθαυμά-

1998 3664 2256 3737 ⁸σθησαν.
2299 3669 2461 3739 Ὁρᾷς
2504 3669 2586 3720 ὅτι
2623 3666 2756 3738 πρὸς
2776 3664 2934 3717 τοῦτο
2964 3663 3202 3726 ἵσταντο,
3233 3661 3373 3715 ὥστε
3402 3662 3705 3732 ἀνατρέψαι

2028 3755 2126 3826 τὴν
2162 3754 2356 3825 μανίαν
2411 3753 2661 3823 ὲκείνηνς
2719 3749 3015 3819 Ἐπῆλθον
3060 3748 3128 3802 δὲ
3188 3748 3303 3802 ἀπὸ
3344 3749 3705 3816 Ἀντιοχείας

2030 3842 2127 3896 καί
2168 3842 2414 3896 Ἰκονίου
2450 3839 2734 3900 Ἰουδαῖοι,
2788 3838 2887 3892 καί
2922 3837 3243 3901 πείσαντες
3280 3835 3424 3900 τοὺς
3457 3835 3701 3903 ὄχλους,

2030 3928 2127 3981 καὶ
2152 3927 2512 3992 λιθάσαντες
2543 3925 2651 3979 τὸν
2679 3924 2942 3987 Παῦλον,
2965 3923 3193 3991 ἔσυραν
3226 3906 3341 3985 ἔξω
3384 3918 3494 3987 τῆς
3526 3922 3704 3973 πόλε-

2030 4034 2130 4081 ως,
2187 4015 2547 4084 νομίσαντες
2591 4015 2778 4067 αὑτὸν
2834 4011 3136 4065 τεθνάναι.
3201 4013 3405 4072 Ὄντως
3455 4007 3701 4062 διαϐόλου

2031 4102 2228 4156 τέκναο
2274 4102 2373 4155 οὐκ
2416 4102 2474 4153 ὲν
2523 4103 2645 4161 ταῖς
2698 4098 2919 4152 πόλεσιν
2966 4097 3144 4151 αὐτῶν
3205 4097 3383 4168 μόνον,
3423 4096 3556 4148 ἀλλά
3609 4097 3705 4148 καὶ

2032 4189 2136 4255 ἔξω
2182 4190 2385 4244 τούτων
2414 4187 2587 4242 ταῦτα
2614 4186 2913 4251 ποιοῦντες,
2964 4186 3057 4239 καὶ
3087 4185 3356 4253 τοσαύτην
3387 4183 3704 4253 ποιούμενοι

2033 4278 2267 4349 σπουδὴν
2295 4276 2539 4330 καθελεῖν
2562 4276 2624 4329 τὸ
2649 4277 2930 4347 κήρυγμα,
2955 4275 3087 4341 ὅσην
3113 4274 3162 4325 οί
3192 4272 3477 4325 ἀπόστολοι
3511 4271 3705 4340 στῆσαι

2033 4366 2398 4436 ἐπειγόμενοι.
2453 4364 2559 4419 Καὶ
2595 4363 2936 4426 πείσαντες,
2971 4361 3122 4431 φησὶ.
3162 4359 3304 4425 τοὺς
3341 4360 3580 4427 ὄχλους,
3608 4356 3708 4411 καί

2032 4451 2393 4516 λιθάσαντες
2442 4450 2551 4503 τὸν
2598 4449 2863 4513 Παῦλον,
2897 4449 3129 4513 ἔσυραν
3156 4447 3270 4509 ἐξω
3312 4445 3422 4513 τῆς
3453 4446 3705 4511 πόλεως.

2047 4539 2311 4595 Ἐνταῦθα
2338 4539 2637 4610 πληροῦται
2667 4537 2749 4600 τὸ,
2799 4535 2992 4605 Ἀρκεῖ
3027 4550 3126 4588 σοι
3177 4535 3216 4601 ἡ
3262 4533 3433 4603 χάρις
3463 4548 3612 4603 μου·
3669 4534 3706 4601 ἠ

2032 4629 2144 4699 γὰρ
2188 4627 2442 4696 δύναμίς
2478 4643 2598 4695 μου
2649 4627 2719 4679 ὲν
2762 4624 3045 4691 ἀσθενείᾳ
3100 4622 3450 4676 τελειοῦται.
3510 4620 3710 4684 Μεῖζον

2034 4715 2191 4769 τοῦτο
2225 4715 2319 4767 τοῦ
2361 4717 2454 4767 τὸν
2510 4713 2681 4782 χωλὸν
2720 4715 2949 4782 ἐγεῖραι.
3006 4712 3068 4764 Ol
3132 4710 3230 4778 μὲν
3279 4705 3371 4764 οὖν
3408 4709 3609 4761 ἐθνικοὶ
3636 4708 3712 4773 ὠς

2037 4802 2191 4865 θεοὺς
2224 4801 2492 4872 ἐνόμιζον,
2515 4792 2659 4853 οὗτοι
2689 4800 2747 4853 δὲ
2792 4798 2981 4867 ἔσυρον
3012 4798 3302 4861 πείσαντες
3340 4798 3466 4859 τοὺς
3487 4796 3677 4866 ὄχλους
3696 4812 3710 4825 ·

2036 4890 2157 4944 οὐδὲ
2185 4889 2294 4958 γὰρ
2327 4890 2535 4950 πάντας
2573 4888 2717 4949 είκὺς
2740 4882 2809 4956 ἦν
2844 4885 3145 4956 θαυμάζειν
3178 4883 3395 4947 αὐτούς.
3447 4884 3557 4936 Καὶ
3586 4884 3711 4953 ὅρα.

2036 4980 2095 5032 έν
2140 4978 2275 5048 αὐτῇ
2308 4978 2372 5047 τῇ
2401 4975 2573 5036 πόλει,
2609 4976 2666 5026 ὲν
2772 4972 2944 5036 οὕτως
3001 4971 3443 5042 ἐθαυμάσθησαν,
3484 4972 3541 5025 ἐν
3575 4972 3710 5039 αὐτῇ

2033 5066 2102 5118 τὰ
2135 5064 2282 5118 δεινά
2311 5066 2599 5132 πάσχουσι.
2637 5062 2746 5114 Kal
2769 5060 2926 5113 τοῦτο
2972 5059 3029 5111 δὲ
3059 5060 3185 5122 τοὺς
3219 5058 3459 5130 ὁρῶντας
3487 5057 3710 5126 ὠφέλει.

2039 5152 2162 5204 Ὅτι
2207 5150 2266 5202 δὲ
2322 5149 2416 5202 καὶ
2465 5148 2553 5200 διὰ
2610 5147 2768 5202 τοῦτο
2821 5148 3177 5217 συνεχωρεῖτο
3244 5145 3493 5214 πάσχειν,
3548 5143 3711 5197 ἄκουε

2035 5237 2195 5291 τοῦτο
2220 5237 2352 5289 αὐτὸ
2378 5235 2664 5306 δηλοῦντος
2699 5235 2793 5288 καὶ
2818 5234 3099 5301 λέγοντοςο
3134 5235 3267 5287 Ἵνα
3303 5231 3389 5300 μὴ
3415 5233 3501 5296 εἱς
3534 5229 3559 5269 ι’
3608 5230 3715 5298 ἐμὲ

2038 5322 2359 5395 λογίσηται
2410 5339 2503 5387 τις
2546 5320 2697 5389 ὑπὲρ
2751 5320 2783 5374 ὃ
2832 5318 3051 5384 βλέπει
3093 5335 3190 5388 με,
3222 5318 3262 5386 ἢ
3316 5317 3518 5371 ἀκούει
3546 5331 3602 5366 τι
3643 5316 3713 5378 ἐξ

2041 5413 2213 5467 ὲιιοῦ.

2068 5432 2569 5555 μὲῖλιλωσάντων
2596 5494 2665 5548 δὲ
2714 5492 2833 5548 τῶν
2872 5491 3153 5562 μαθητῶν
3198 5490 3403 5553 αὐτὸν,
3447 5487 3717 5554 ἀναστὰς

2038 5587 2326 5655 εἰσῆλθεν
2354 5587 2443 5651 είς
2469 5584 2586 5652 τὴν
2615 5583 2815 5636 πόλιν.
2849 5579 3000 5653 [Ξίῖ]
3036 5580 3196 5650 Ὁρᾷς
3224 5576 3564 5648 προθυμίαν;
3585 5577 3718 5647 ὁρᾷς

2039 5676 2207 5730 πόθον
2245 5675 2436 5740 ζέοντα
2466 5671 2562 5725 καὶ
2615 5668 3042 5739 πεπυρωμένονς
3090 5668 3184 5730 Εἰς
3208 5665 3379 5735 αὐτὴν
3425 5663 3587 5719 πάλιν
3618 5664 3719 5734 τὴν

2044 5763 2196 5819 πόλιν
2226 5760 2492 5833 εἰσῆλθεν,
2524 5757 2664 5810 ὥστε
2691 5755 2989 5826 δειχθῆναι,
3015 5755 3099 5807 ὅτι
3133 5754 3186 5808 εί
3227 5770 3329 5808 που
3361 5754 3456 5809 καὶ
3505 5752 3716 5822 ὐπεχώ·

2110 5930 2139 5970 δ
2168 5928 2265 5980 Alii
2300 5929 2419 5989 ὠφέ)
2430 5944 2488 5977 ει.
2513 5927 2592 5975 Μὴ
2616 5926 2691 5972 ἵνα
2715 5924 2792 5978 εἰς.
