4112 6470
330 406 441 464 229

334 539 441 594 ρει,
470 520 559 576 διά
578 519 641 574 τὸ
668 519 761 574 τὸν
793 518 952 588 λόγον
989 515 1274 589 βούλεσθαι
1309 515 1551 584 σπεῖραι,
1584 510 1682 568 καὶ
1705 510 1795 566 διὰ
1821 509 1886 564 τὸ
1929 507 2006 582 μὴ

330 609 443 663 δεῖν
476 607 719 662 ἐκκαίειν
741 606 923 661 αὐτῶν
945 606 1037 659 τὸν
1066 604 1257 675 θυμόν.
1280 602 1469 655 Ταῦτα
1491 600 1601 655 τῶν
1635 599 1877 671 σημείων
1908 602 2005 669 οὐχ

329 695 493 773 ἦττον
545 698 638 751 καὶ
672 696 1091 768 λαμπροτέρους
1148 691 1341 755 ἐποίει,
1380 691 1476 745 καὶ
1531 689 1730 761 μᾶλλον
1792 688 2006 758 χαίρειν

335 783 765 858 παρεσκεύαζεν.
836 780 1091 853 Οὐδαμοῦ
1142 779 1200 833 δὲ
1255 780 1441 847 λέγει,
1508 778 1597 831 ὅτι
1658 773 2007 844 ὑπέστρεψαν

333 874 636 945 χαίροντες,
662 873 746 925 ὅτι
779 872 982 941 σημεῖα
1016 868 1301 936 ἐποίησαν,
1335 865 1448 920 ἀλλ’
1470 866 1553 919 ὅτι
1591 860 2008 935 κατηξιώθησαν

335 963 474 1032 ὑπὲρ
503 959 600 1014 τοῦ
633 960 898 1029 ὀνόματος
931 956 1094 1011 αὑτοῦ
1134 953 1526 1026 ἀτιμασθῆναι.
1569 953 1679 1006 Καὶ
1707 951 1864 1004 τοῦτο
1900 949 2010 1019 7&9

336 1049 489 1119 παρά
508 1046 603 1100 τοῦ
632 1045 868 1117 Χριστοῦ
904 1043 1259 1114 ἐδιδάχθησαν
1283 1041 1563 1110 λέγοντος·
1622 1037 1718 1106 Μὴ
1753 1037 2008 1107 χαίρετε,

335 1134 429 1188 ὅτι
478 1136 552 1189 τὰ
585 1133 862 1202 δαιμόνια
892 1130 1036 1200 ὑμῖν
1077 1129 1509 1185 ὑποτάσσεται.
1551 1128 1620 1181 Ἦ
1675 1128 1784 1197 γὰρ
1841 1125 2012 1187 ὅντως

334 1221 483 1294 χιιρά
532 1222 627 1276 καὶ
677 1219 975 1290 εἰλικρινὴς
1040 1217 1179 1288 αῦτη
1225 1219 1376 1278 ἐστὶ,
1435 1216 1497 1269 τὸ
1562 1216 1792 1286 πάσχειν
1827 1229 1879 1266 τι
1924 1212 2013 1265 διὰ

336 1309 592 1381 Χριστόν.
638 1304 772 1362 Εἶτα
803 1307 903 1371 τάς
929 1306 1114 1370 πόλεις
1143 1305 1325 1368 πάσας
1362 1303 1626 1375 ἐπῄεσαν,
1655 1304 1713 1357 ἐν
1736 1298 1825 1366 αἷς
1868 1302 2013 1353 ἐκιν-

336 1398 616 1451 δύνευσαν.
651 1396 761 1450 Καὶ
789 1393 865 1464 τῇ
889 1395 1176 1461 ἐπαύριον
1198 1392 1422 1462 ἐξῆλθε
1458 1392 1581 1445 σὺν
1611 1390 1692 1457 τῷ
1733 1386 2012 1457 Βαρνάϐᾳ

337 1487 425 1552 εις
472 1483 719 1553 Δέρϐην,
775 1481 1310 1553 εὐαγγελισάμενοί
1362 1497 1427 1534 τε
1483 1479 1598 1548 τὴν
1640 1478 1820 1532 πόλιν
1857 1476 2008 1529 ἑκεί-

337 1588 491 1640 νην,
560 1570 663 1625 καί
735 1571 1226 1640 μαθητεύσαντες
1280 1568 1567 1632 ἱκανοὺς,
1622 1565 2014 1632 ὑπέστρεψαν

338 1656 429 1720 εις
499 1653 784 1721 Λύστραν
826 1651 927 1706 καί
987 1653 1241 1706 Ἰκόνιον
1299 1651 1398 1704 καὶ
1449 1650 1831 1719 Ἀντιόχειαν,
1883 1650 2012 1701 ἐπι-

340 1741 720 1811 στηρίζοντες
776 1739 885 1807 τὰς
952 1740 1156 1808 ψυχὰς
1190 1738 1311 1792 τῶν
1372 1735 1683 1807 μαθητῶν,
1740 1751 2015 1805 παρακα-

339 1830 595 1895 λοῦντες
629 1827 909 1898 ἐμμένειν
945 1825 1020 1895 τῇ
1073 1827 1297 1888 πίστει,
1344 1826 1441 1880 καὶ
1496 1826 1584 1879 ὅτι
1636 1824 1733 1879 διὰ
1768 1824 2016 1879 πολλῶν

342 1916 611 1983 θλίψεων
634 1913 731 1969 δεῖ
760 1912 917 1984 ἡμᾶς
940 1913 1240 1968 εἰσελθεῖν
1274 1915 1361 1979 εις
1402 1913 1517 1981 τὴν
1542 1912 1872 1978 ,βασιλείαν
1905 1908 2014 1963 τοῦ

348 2001 520 2054 Θεοῦ.

415 2089 481 2159 β’.
512 2089 682 2143 Τοῦτο
719 2088 902 2158 ελεγον
922 2126 938 2151 ,
962 2087 1122 2142 τοῦτο
1163 2087 1451 2141 ἐδείκνυον.
1484 2084 2013 2154 Ἐπιστηρίζοντες,

344 2176 500 2246 φησί,
530 2176 636 2242 τὰς
660 2175 865 2246 ψυχὰς
887 2174 1006 2230 τῶν
1049 2173 1354 2245 μαθητῶν.
1406 2174 1571 2227 Ὥστε
1634 2172 2016 2244 ἐστηριγμένοι

342 2260 516 2336 ἦσαν·
560 2264 761 2334 μᾶλλον
798 2263 855 2317 δέ
892 2263 1292 2334 προσετίθεντο.
1331 2259 1637 2330 Προῦλεγον
1682 2258 1885 2321 τοίνυν,
1931 2256 2017 2309 ἵνα

347 2352 425 2423 μὴ
458 2350 936 2405 σκανδαλισθῶσιν.
969 2350 1181 2421 Ὥσπερ
1219 2348 1469 2419 ἐπίτηδες
1500 2347 1560 2400 δέ
1595 2347 1658 2399 τὸ
1693 2344 1826 2399 αὐτὸ
1868 2344 2018 2413 γίνε-

343 2457 457 2502 ται,
492 2440 553 2494 ού
607 2439 697 2493 διὰ
741 2439 851 2492 τῶν
908 2438 1223 2492 ἀποστόλων
1255 2437 1434 2508 μόνον,
1474 2434 1609 2489 ἀλλά
1639 2435 1737 2488 καὶ
1774 2434 1862 2488 διὰ
1909 2432 2018 2486 τῶν

347 2527 640 2598 μαθητῶνο
691 2526 778 2579 ἶνα
823 2525 1068 2596 μάθωσιν
1098 2525 1164 2577 ἐκ
1205 2523 1506 2595 προοιμίων
1548 2521 1752 2585 εὐθέως
1796 2520 1893 2574 καὶ
1923 2518 2017 2572 τοῦ

345 2613 704 2685 κηρύγματος
731 2612 831 2684 τὴν
859 2611 1110 2682 δύναμιν,
1147 2612 1243 2665 καὶ
1286 2611 1370 2664 ὅτι
1411 2612 1506 2664 καὶ
1552 2609 1749 2672 αὐτοὺς
1786 2608 1869 2661 δεῖ
1906 2623 2018 2660 τοι-

345 2702 485 2755 αῦτα
533 2701 796 2771 πάσχειν,
847 2699 942 2752 καὶ
1014 2699 1099 2752 ἵνα
1145 2698 1408 2767 γενναίως
1458 2696 1647 2760 στῶσι,
1722 2695 1796 2767 μὴ
1858 2694 2019 2765 μόνον

344 2788 481 2860 πρὸς
521 2788 589 2840 τὰ
630 2788 831 2857 σημεῖα
873 2786 1189 2857 κεχηνότες,
1231 2785 1366 2839 ἀλλά
1414 2783 1594 2855 πολλῷ
1644 2781 1845 2854 μᾶλλον
1881 2781 2020 2853 πρὸς

343 2878 469 2940 τοὺς
490 2875 847 2947 πειρασμούς.
878 2875 979 2928 Διά
1004 2874 1161 2929 τοῦτο
1182 2875 1277 2929 καὶ
1304 2873 1466 2938 αὐτὸς
1490 2873 1664 2941 ἔλεγεν
1702 2871 1813 2926 Τὸν
1829 2870 2019 2925 αὐτὸν

342 2960 548 3036 ἀγῶνα
580 2963 846 3032 ἔχοντες,
884 2957 1015 3016 οἷον
1033 2962 1221 3016 εἰδετε
1271 2961 1342 3014 έν
1378 2961 1509 3030 ἐμοὶ
1549 2959 1648 3014 καί
1695 2959 2019 3027 ἠκούσατε.

343 3051 586 3122 Διωγμοὶ
620 3049 894 3120 διωγμοὺς
934 3049 1266 3120 διεδέχοντο’
1316 3046 1595 3118 πανταχοῦ
1638 3046 1885 3116 πόλεμοι,
1917 3048 2023 3117 μά-

345 3156 461 3209 χαι,
500 3138 810 3192 λιθοϐολίαι.
859 3137 994 3191 Ποία
1034 3136 1361 3208 προτροπῆς
1398 3135 1516 3199 πῶς
1554 3133 1769 3188 ἔπειθον
1796 3135 1855 3188 ἐν
1897 3150 2024 3205 προ-

344 3225 544 3295 οιμίοις
598 3224 807 3294 θλίψεις
837 3223 1117 3293 λέγοντεςς
1156 3218 1292 3277 Εἶτα
1342 3223 1437 3276 καί⁵
1494 3220 1628 3293 άλλη
1679 3220 2019 3293 παραμυθία.

345 3308 890 3380 Χειροτονήσαντες
945 3308 1014 3362 δὲ
1081 3308 1287 3374 αὐτοῖς
1372 3306 1816 3376 πρεσϐυτέρους
1884 3307 2024 3360 κατ’

360 3397 748 3464 Ἐκκλησίαν,
797 3395 1276 3466 προσευξάμενοι
1309 3396 1467 3466 μετα
1508 3391 1825 3460 νηστειῶν,
1874 3406 2024 3462 παρ-

345 3484 552 3539 έθεντο
595 3484 821 3550 αὐτοὺς
850 3481 932 3550 τῷ
974 3484 1189 3552 Κυρίῳ,
1235 3485 1321 3549 εἰς
1375 3482 1449 3536 ὃν
1494 3483 2020 3537 πεπιστεύκεισαν.

348 3569 505 3637 Εἶδες
568 3571 884 3644 θερμότητα
945 3570 1194 3636 Παύλου;
1266 3568 1788 3640 Προσευξάμενοι,
1858 3568 2022 3641 φησὶ,

342 3660 495 3732 μετὰ
569 3658 868 3727 νηστειῶν
954 3657 1279 3728 παρέθεντο
1350 3657 1576 3725 αὐτοὺς
1650 3656 1732 3723 τῷ
1809 3657 2019 3726 Κυρίῳ.

350 3746 515 3819 Ὅρα,
554 3746 696 3818 μετά
723 3745 988 3817 νηστειῶν
1025 3745 1083 3798 αἱ
1121 3745 1466 3817 χειροτονίαι.
1495 3744 1666 3798 Πάλιν
1688 3745 1929 3816 νηστεία,
1962 3746 2025 3799 τὸ

348 3835 647 3906 καθάρσιον
684 3832 795 3886 τῶν
834 3832 1117 3903 ἡμετέρων
1143 3831 1353 3902 ψυχῶν.
1386 3830 1499 3887 Καὶ
1536 3832 1875 3898 διελθόντες
1907 3831 2027 3899 τὴν

347 3920 652 3985 Πισιδίαν,
685 3916 879 3990 ἦλθον
918 3921 1008 3985 εὶς
1044 3918 1411 3988 Παμφυλίαν
1431 3934 1447 3949 ·
1508 3918 1608 3973 καὶ
1640 3918 2026 3987 λαλήσαντες

347 4007 421 4061 ἐν
457 4005 652 4076 Πέργῃ
695 4008 804 4060 τὸν
847 4008 1057 4075 λόγον,
1103 4004 1498 4075 κατήντησαν
1538 4007 1626 4072 είς
1666 4004 2024 4063 Ἀττάλειαν.

352 4093 472 4148 Ἵνα
514 4094 625 4164 7&9
675 4093 750 4165 μὴ
796 4090 1083 4165 καταπέσῃ
1128 4090 1197 4144 τὰ
1270 4092 1597 4163 φρονήματα
1654 4092 1803 4146 τῶνα
1851 4093 2022 4164 μαθηο

350 4181 482 4245 τῶν,
512 4181 594 4234 ὅτι
632 4181 680 4233 οἱ
719 4178 1071 4250 νομιζόμενοι
1099 4178 1215 4232 θεοῖ
1237 4177 1466 4233 τοιαῦτα
1488 4174 1812 4251 πάσχουσιν,
1847 4180 2028 4251 εἰσῆλ-

352 4268 444 4322 θον
495 4268 633 4341 πρὸς
670 4267 890 4335 αὐτοὺς,
950 4266 1043 4320 καὶ
1074 4266 1446 4337 διελέχθησαν.
1497 4268 1607 4321 Καὶ
1627 4267 1764 4339 ὄραο
1812 4267 2026 4338 πρῶτον

350 4356 432 4420 εἰς
478 4356 687 4430 Δέρϐην
734 4356 1035 4427 ἐξέρχεται,
1086 4354 1263 4418 διδοὺς
1307 4355 1491 4419 αὐτοῖς
1541 4354 1875 4410 ἀναπνεῦσαι
1930 4356 2026 4410 τοῦ

355 4442 551 4514 θυμοῦ,
598 4441 695 4496 καὶ
744 4442 868 4496 τότε
925 4441 1090 4495 πάλιν
1117 4443 1199 4505 εἰς
1250 4441 1506 4513 Λύστραν
1548 4444 1643 4496 καὶ
1669 4443 1887 4497 Ἰκόνιον
1931 4443 2028 4497 καὶ

352 4529 709 4601 ’Δντιόχειαν,
744 4529 1102 4601 θυμουμένοις
1124 4531 1223 4601 μὲν
1243 4532 1428 4596 αὐτοῖς
1447 4530 1632 4599 είκων,
1655 4532 2029 4603 πεπαυμένοις

353 4617 411 4670 δέ
435 4618 830 4689 ἐπιτιθέμενος.
858 4616 1008 4691 [245]
1052 4618 1331 4690 ’ορᾷς,ὅτι
1360 4618 1420 4672 ού
1444 4619 1619 4673 πάντα
1653 4606 1863 4692 χάριτι,
1891 4620 2029 4675 ἀλλὰ

356 4706 453 4758 καὶ
478 4705 655 4777 οἰκείᾳ
693 4705 894 4777 σπουδῇ
926 4704 1156 4777 διῴκουν
1179 4709 1232 4773 ‘;
1292 4706 1578 4761 Κάκεῖθεν
1629 4708 2030 4763 ἀπέπλευσαν

355 4795 443 4859 εἰς
470 4792 847 4863 Ἀντιόχειαν,
876 4793 1018 4848 ὅθεν
1036 4789 1200 4864 ἦσαν
1237 4793 1707 4864 παραδεδομένοι
1731 4794 1806 4864 τῇ
1834 4795 2029 4865 χάριτι

353 4878 461 4934 τοῦ
499 4879 647 4934 Θεοῦ
687 4881 774 4947 εἰς
805 4879 871 4933 τὸ
911 4880 1108 4949 gmw,
1138 4880 1170 4934 δ
1203 4881 1586 4950 ἐπλήρωσαν.
1637 4883 1735 4938 Διά
1772 4884 1827 4938 τί
1866 4884 2030 4938 πάλιν

356 4965 607 5037 ἔρχονται
643 4968 722 5029 εἰς
749 4966 1111 5038 Ἀντιόχειανς
1146 4968 1265 5022 Ἵνα
1291 4969 1667 5039 ἀπαγγείλωσι
1705 4971 1772 5026 τὰ
1798 4974 1915 5027 ἐκεῖ
1935 4989 2037 5032 γε-
2068 5016 2087 5035 π

354 5052 578 5124 νόμενα.
611 5053 821 5118 ιἌλλως
850 5053 907 5107 δέ
944 5054 1038 5107 καὶ
1080 5057 1445 5128 οἰκονομεῖται
1496 5057 1639 5128 μέγα
1683 5061 1917 5132 πρᾶγμα
1945 5062 2007 5116 ἐν

355 5138 577 5196 τεῦθεν⁶
631 5138 739 5193 ἔδει
784 5139 893 5212 7&9
936 5140 1122 5195 λοιπὸν
1152 5143 1294 5214 μετά
1348 5145 1662 5217 παρρησίας
1703 5149 1817 5211 τοῖς
1853 5146 2031 5202 ἔθνεσι

356 5232 669 5307 κηρύττειν.
715 5232 1008 5304 Ἔρχονται
1051 5229 1143 5288 οὖν
1191 5234 1367 5291 ταῦτα
1425 5237 1859 5306 ἀπαγγέλλοντες
1877 5278 1893 5303 ,
1942 5239 2029 5292 ἵνα

356 5321 554 5383 εἰδέναι
585 5321 774 5392 ἔχωσι.
817 5322 929 5375 Καὶ
974 5324 1339 5395 οἰκονομεῖται
1393 5324 1516 5378 τότε
1582 5325 1863 5385 κατελθεῖν
1901 5330 2030 5392 τοὺς

356 5409 667 5474 κωλύοντας
707 5412 820 5473 τοῖς
855 5409 1065 5465 ἔθνεσιν
1093 5411 1322 5482 ὁμιλεῖν,
1370 5412 1459 5467 ἵνα
1491 5413 1681 5468 λοιπὸν
1725 5414 1834 5468 ἀπὸ
1860 5416 2029 5487 Ἱερο-

357 5497 606 5569 σολύμων
636 5498 835 5570 πολλὴν
868 5497 1121 5563 λαϐόντες
1151 5499 1356 5563 άδειαν,
1389 5500 1527 5571 μετά
1558 5501 1875 5572 παρρησίας
1902 5503 2031 5555 ἀπί-

356 5602 510 5639 ωσιν.
537 5586 610 5638 Ἦ
639 5587 733 5640 καὶ
776 5586 973 5651 ἄλλως,
1008 5587 1280 5642 δείκνυσιν
1309 5588 1487 5641 αὐτῶν
1518 5587 1581 5642 τὸ
1624 5584 1759 5659 ἦθος
1790 5589 1892 5643 οὐκ
1928 5588 2030 5643 αὓ-

359 5669 538 5733 θαδες.
568 5672 860 5743 Ἐρχονται
890 5674 1002 5746 γάρ
1037 5676 1138 5746 τήν
1167 5693 1228 5729 τε
1268 5676 1581 5747 παρρησίαν
1610 5676 2030 5747 ἐνδεικνύμενοι,

358 5757 442 5812 ὅτι
476 5758 576 5812 καὶ
611 5760 780 5829 χωρὶς
825 5763 1049 5817 ἐκείνων
1079 5768 1194 5829 τοῖς
1219 5764 1430 5820 ἔθνεσιν
1475 5764 1772 5838 ἐκήρυξαν,
1806 5770 1902 5821 καὶ
1932 5767 2031 5838 τὴν

423 5987 929 6065 ’Δίῖιιιιεέά-νεήματα
950 5994 1061 6041 τῶν.
1108 5997 1251 6065 :Sic
1261 5996 1357 6048 duo
1377 5996 1517 6047 codd.
1543 5999 1748 6060 optime.
1772 5996 2029 6063 Commel.,

358 6049 514 6102 Savu.
536 6055 591 6099 et
614 6047 784 6098 lonu‘.
806 6047 1068 6102 'amow.
1086 6122 1089 6127 Ι
1107 6056 1226 6106 Enn-
1238 6095 1251 6108 .

1125 398 1188 455 S.
1226 395 1515 455 JOANNIS
1556 389 2052 451 CHRYSOSTOMI
2094 388 2418 448 ARCIHEP.
2454 387 3006 447 CONSTANTINOP.

3677 390 3803 449 ΞΜ

2114 507 2382 581 ὑπακοὴν,
2423 509 2506 564 ὅτι
2547 508 2729 566 αὐτοῖς
2764 507 3161 577 ἀναφέρουσιν·
3205 505 3264 559 οὐ
3291 505 3401 575 7&9
3440 505 3520 571 ὡς
3553 510 3789 566 τοσαῦτα

2110 595 2517 667 κατορθωκότες
2560 594 2959 665 ἀπενοήθησαν.
3000 592 3183 647 ’Ὅθεν
3237 588 3403 662 ἦσαν
3447 594 3777 662 παραδεδο-

2103 680 2306 750 μένοι,
2341 682 2496 752 φησὶ,
2537 680 2612 751 τῇ
2643 682 2838 750 χάριτι
2868 680 2973 734 τοῦ
3004 678 3171 733 Θεοῦ.
3205 679 3316 732 Καὶ
3338 679 3444 751 μὴν
3467 680 3532 734 τὸ
3566 682 3780 753 Πνεῦμα

2111 765 2296 823 εἰπενο
2336 770 2470 823 ἀλλά
2500 770 2567 823 τὰ
2600 769 2694 823 τοῦ
2755 769 3072 840 Πνεύματος
3125 763 3265 820 οἶδεν
3310 768 3443 821 ὄντα
3486 769 3582 823 τοῦ
3628 770 3779 823 Υἰοῦ*

2113 856 2210 926 μία
2238 857 2347 928 7&9
2372 858 2609 922 ἐξουσία,
2633 856 2821 927 ῶσπερ
2872 857 2906 927 ἡ
2961 855 3119 926 φύσις
3158 854 3254 907 καὶ
3306 853 3442 907 Υίοῦ
3485 856 3580 910 καὶ
3621 855 3799 909 Πνεύ-

2115 960 2277 1014 ματος
2301 943 2417 1014 μία.
2450 945 2922 1013 Παραγενόμενοι
2949 942 3018 996 δὲ
3055 943 3152 995 καί
3191 944 3649 1012 συναγαγόντες
3678 944 3798 1011 τὴν

2125 1031 2508 1099 Ἐκκλησίαν,
2542 1033 2918 1101 ἀπήγγειλαν
2951 1030 3070 1082 ὅσα
3085 1030 3380 1097 ἐποίησεν
3416 1033 3450 1083 ό
3487 1032 3632 1097 Θεὸς
3662 1032 3800 1100 μετ’

2111 1117 2326 1178 αὐτῶν,
2374 1122 2473 1172 καὶ
2514 1120 2604 1173 ὅτι
2647 1119 2893 1189 ἤνοιξεν
2931 1122 2964 1173 ὁ
3017 1118 3160 1183 Θεὸς
3202 1117 3329 1183 τοῖς
3360 1118 3565 1173 ἔθνεσι
3601 1122 3801 1188 θύραν

2113 1209 2389 1275 πίστεως.
2418 1208 2713 1277 Διέτριὸον
2751 1207 2819 1262 δὲ
2865 1207 2996 1262 ἐκεῖ
3019 1208 3243 1276 χρόνον
3276 1208 3386 1261 οὐκ
3412 1208 3627 1280 ὀλίγον
3666 1209 3800 1265 σὺν

2111 1296 2238 1361 τοῖς
2271 1295 2585 1365 μαθηταῖς.
2626 1297 2899 1359 Εἰκότως·
2947 1296 3159 1366 μεγάλη
3210 1295 3316 1365 γὰρ
3349 1290 3484 1348 οῦσα
3526 1298 3557 1367 ή
3606 1297 3792 1359 πόλις,

2112 1382 2281 1436 ἐδεῖτο
2311 1384 2664 1439 διδασκάλων.
2689 1384 2917 1453 Ἷδωμεν
2945 1383 3130 1436 λοιπὸν
3157 1383 3357 1437 ἄνωθεν
3380 1383 3450 1437 τά
3481 1384 3788 1454 εἰρημένα.

2113 1470 2261 1541 Αύτῇ
2284 1472 2350 1541 τῇ
2376 1469 2497 1541 ὄψει
2516 1470 2544 1510 δ
2568 1469 2914 1539 κατέπληξαν
2941 1471 3138 1532 αὐτοὺς
3161 1468 3543 1542 διαρρήξαντες
3567 1469 3638 1522 τὰ
3657 1471 3788 1542 ἰμά-

2113 1573 2219 1611 τια.
2253 1555 2425 1610 Τοῦτο
2471 1559 2567 1613 καί¹
2610 1556 2814 1628 Ἰησοῦς
2846 1559 2874 1611 ό
2905 1558 2997 1611 τοῦ
3026 1556 3181 1629 Ναυὴ
3211 1556 3384 1610 ἐποίει
3426 1557 3518 1609 ἐπὶ
3548 1559 3617 1628 τῇ
3643 1558 3793 1632 ἥττῃ

2113 1642 2207 1696 τοῦ
2233 1643 2385 1698 λαοῦ.
2409 1643 2501 1715 Μὴ
2526 1644 2705 1699 τοίνυν
2727 1645 2953 1716 νομίσῃς
2990 1644 3209 1711 ἀνάξιον
3236 1643 3421 1697 αὐτῶν
3444 1639 3581 1696 εἶναι
3608 1644 3796 1708 τοῦτο,

2115 1732 2325 1802 καὶτῆς
2356 1731 2676 1797 εὐσταθείας
2709 1732 2919 1787 αὐτῶν·
2962 1732 3063 1786 οὐκ
3103 1731 3169 1786 ἂν
3200 1732 3311 1804 7&9
3349 1731 3527 1795 ἄλλως
3566 1731 3801 1805 ἐπέσχον

2114 1821 2214 1891 τὴν
2243 1819 2514 1892 τοσαύτην
2541 1821 2740 1891 ὁρμὴν,
2767 1820 2867 1873 οὐκ
2894 1818 2959 1873 ἂν
2987 1818 3167 1882 ἄλλως
3194 1819 3292 1891 τὴν
3322 1820 3501 1890 πυρὰν
3536 1818 3796 1874 ἔσϐεσαν.

2117 1907 2286 1962 Ὅταν
2310 1904 2402 1962 οὖν
2443 1925 2496 1961 τι
2545 1909 2637 1979 δέῃ
2680 1907 2789 1960 τῶν
2845 1907 3074 1961 δεόντων
3119 1906 3396 1976 γενέσθαι,
3451 1907 3583 1978 μηδὲ
3621 1909 3795 1979 ἡμεῖς

2117 1995 2534 2067 παραιτώμεθα.
2564 1997 2626 2050 Εἰ
2647 1995 2825 2050 τοίνυν
2853 1998 2947 2049 καὶ
2984 1995 3123 2067 μετὰ
3156 1996 3332 2049 ταῦτα
3365 1995 3508 2067 μόλις
3528 1994 3786 2063 ἔπεισαν,

2116 2083 2165 2135 εἰ
2200 2084 2276 2154 μὴ
2309 2082 2481 2146 οὕτως
2507 2085 2854 2155 εἰργάσαντο,
2879 2083 2931 2138 τί
2956 2084 3057 2137 οὐκ
3087 2083 3152 2137 ἂν
3183 2085 3443 2152 ἐγένετο;
3481 2084 3545 2138 Εἰ
3570 2083 3676 2156 7&9
3710 2084 3794 2155 μὴ

2117 2171 2288 2236 οὕτως
2336 2172 2617 2243 ἐποίησαν,
2667 2172 3031 2244 ἐνομίσθησαν
3082 2172 3148 2225 ἄν
3212 2190 3327 2236 πως
3378 2172 3798 2244 ὑψηλοφρονεῖν,

2117 2260 2214 2313 καὶ
2253 2260 2454 2331 μᾶλλον
2482 2259 2729 2329 ἐφίεσθαι
2760 2261 2859 2330 τῆς
2885 2262 3072 2330 τιμῆς.
3118 2261 3231 2313 Καὶ⁸
3254 2261 3357 2332 ὅρα
3387 2260 3479 2314 τὸν
3509 2261 3667 2329 λόγον
3696 2277 3805 2330 με·

2122 2347 2459 2418 μετρημένον
2502 2349 2560 2400 ἐν
2594 2350 2663 2418 τῇ
2710 2344 3020 2417 ἐπιπλήξει,
3073 2347 3168 2400 καὶ
3205 2346 3483 2418 θαύματος
3525 2346 3663 2418 ὁμοῦ
3705 2348 3809 2417 γέ-

2122 2451 2290 2504 μοντα
2315 2437 2409 2488 καὶ
2437 2434 2797 2505 ἐπιπλήξεως.
2836 2433 3008 2488 Τοῦτο
3032 2434 3270 2505 μάλιστα
3294 2436 3489 2496 αὐτοὺς
3531 2435 3803 2502 ἐκώλυσε,

2118 2522 2180 2575 τὸ
2195 2524 2388 2586 εἰπεῖν,
2414 2523 2522 2578 Καὶ
2557 2523 2729 2592 ἡμεῖς
2749 2522 3125 2588 ὁμοιοπαθεῖς
3158 2522 3350 2592 ἐσμεν
3386 2522 3530 2593 ὑμῖν
3578 2524 3810 2591 ἄνθρω-

2119 2625 2242 2676 ποι,
2260 2609 2769 2681 εὐαγγελιζόμενοι
2791 2609 2947 2680 ὑμᾶς
2971 2610 3092 2666 ἀπὸ
3126 2608 3247 2664 τῶν
3268 2611 3539 2680 ματαίων
3567 2613 3812 2665 τούτων

2119 2696 2502 2766 ἐπιστρέφειν
2534 2696 2634 2751 ἐπὶ
2667 2696 2776 2752 τόν
2815 2698 2983 2751 Θεόν.
3031 2697 3176 2750 Ὠσεὶ
3216 2697 3429 2766 ἔλεγον·
3482 2697 3614 2750 "Avo
3625 2714 3811 2768 ρωποι

2124 2783 2222 2854 μέν
2251 2786 2440 2854 ἐσμεν,
2472 2786 2624 2855 φησὶ,
2655 2787 2862 2839 τούτων
2888 2785 2948 2839 δέ
2977 2785 3229 2855 μείζους-ο
3260 2786 3433 2838 ταῦτα
3462 2784 3575 2856 7&9
3600 2786 3807 2855 νεκρά.

2124 2868 2264 2940 Ὀρα
2302 2872 2497 2934 αὐτοὺς
2533 2872 2634 2926 οὐκ
2680 2872 3086 2943 ἀνατρέποντας
3136 2872 3318 2943 μόνον,
3359 2871 3496 2925 άλλά
3531 2872 3628 2925 καὶ
3652 2872 3813 2925 acad.

2124 2974 2370 3023 σκοντας,
2411 2960 2505 3012 καὶ
2538 2959 2692 3013 οὐδὲν
2737 2960 2866 3031 περὶ
2919 2960 3166 3031 ἀοράτων
3222 2959 3648 3031 φθεγγομένους.
3690 2962 3810 3026 Ὃς

2121 3045 2394 3113 ἐποίησε,
2441 3048 2607 3117 φησὶ,
2640 3047 2749 3101 τὸν
2785 3049 3048 3116 οὐρανὸν
3082 3047 3185 3101 καὶ
3229 3047 3346 3114 τὴν
3378 3047 3496 3117 γῆν
3536 3048 3636 3101 καί
3678 3048 3812 3116 τὴν

2123 3134 2463 3198 θάλασσαν,
2487 3132 2586 3187 καί
2615 3134 2813 3188 πάντα
2838 3136 2910 3189 τὰ
2935 3137 3006 3189 ἐν
3033 3134 3260 3201 αὐτοῖς.
3280 3136 3581 3206 Μάρτυρας
3599 3135 3809 3200 αὐτοὺς

2123 3220 2270 3290 λέγει
2294 3221 2420 3285 τοὺς
2447 3223 2746 3287 ἐνιαυτούς.
2780 3223 2843 3277 Ὢ
2870 3226 2970 3291 τῆς
3004 3223 3200 3294 μανίας
3225 3225 3325 3293 τῆς
3348 3223 3680 3297 Ἰουδαῖκῆςί
3718 3229 3809 3289 εἰς

2122 3309 2293 3381 δῆμον
2348 3308 2491 3363 οὕτω
2536 3312 2846 3381 τιμήσαντα
2896 3313 3027 3376 τοὺς
3093 3311 3426 3376 ἀποστόλους
3492 3313 3809 3385 ἐτόλμησαν

2123 3398 2356 3470 ἐμϐῆναι
2394 3399 2489 3452 καί⁵
2515 3398 2734 3455 λιθάσαι
2774 3400 3006 3455 Παῦλον.
3046 3400 3192 3465 Ἒξω
3220 3400 3278 3454 δὲ
3300 3401 3408 3472 τῆς
3436 3401 3647 3466 πόλεως
3672 3401 3810 3456 ἐσυ-

2128 3501 2247 3556 ραν,
2310 3485 2454 3557 τάχα
2503 3485 2803 3552 δεδοικότες
2846 3490 3071 3544 ἐκεῖνον.
3130 3489 3243 3546 Καὶ
3293 3487 3806 3559 προσευξάμενοι,

2125 3573 2279 3645 φησὶ,
2314 3573 2460 3640 μετά
2484 3576 2801 3646 νηστειῶν,
2838 3577 3163 3648 παρέθεντο
3195 3578 3417 3645 αὐτοὺς
3445 3575 3532 3647 τῷ
3578 3579 3801 3647 Κυρίῳ.

2124 3661 2235 3715 Καὶ
2257 3660 2538 3732 νηστεύειν
2556 3665 2836 3721 ἐδίδασκον
2866 3667 2926 3719 ἐν
2945 3667 3059 3731 τοῖς
3087 3668 3437 3737 πειρασμοῖς.
3488 3667 3606 3720 Οὐκ
3637 3663 3805 3721 εἶπαν

2125 3749 2225 3804 ὅσα
2256 3752 2412 3807 αὐτοὶ
2433 3754 2718 3824 ἐποίησαν,
2750 3754 2868 3807 ἀλλ’
2905 3755 3007 3808 ὅσα
3032 3756 3061 3807 ὸ
3093 3753 3226 3817 Θεὸς
3255 3753 3371 3825 μετ’
3399 3754 3599 3810 αὐτῶν.
3644 3755 3807 3824 Ἐμοὶ

2125 3831 2341 3888 δοκοῦσι
2368 3837 2494 3899 τοὺς
2520 3837 2860 3907 πειρασμοὺς
2903 3835 3104 3905 λέγειν.
3138 3839 3258 3907 Οὐχ
3298 3837 3487 3901 ἁπλῶς
3519 3833 3684 3908 ἦλθον
3710 3842 3807 3890 ἐν·

2126 3919 2321 3986 ταῦθα,
2336 3921 2457 3975 οὐδὲ
2479 3922 2991 3992 διαναπαυσόμενοι,
3008 3920 3161 3995 [ιιι]
3177 3922 3292 3976 ἀλλ’
3306 3923 3666 3993 οἰκονομικῶς
3693 3924 3805 3976 ὑπὸ

2126 4007 2268 4062 τοῦθ
2298 4010 2616 4079 Πνεύματος
2647 4008 3021 4078 ὁδηγούμενοι,
3072 4009 3215 4062 ὥστε
3261 4011 3324 4063 τὸ
3377 4010 3639 4082 κήρυγμα
3688 4008 3804 4063 τῶν

2128 4096 2297 4152 ἐθνῶν
2324 4094 2710 4167 βεδαιωθῆναι.
2746 4097 2857 4149 Καὶ
2890 4094 2981 4148 διὰ
3026 4096 3100 4162 τί,
3135 4097 3326 4167 φησὶν,
3358 4098 3417 4149 ἐν
3450 4098 3662 4170 Κύπρῳ
3697 4098 3801 4150 οῦκ

2128 4187 2392 4258 ἐποίησαν
2416 4184 2817 4258 πρεσδυτέρους
2840 4182 2961 4239 οὐδὲ
2980 4186 3041 4247 ἐν
3071 4185 3358 4256 Σαμαρείᾳ
3375 4184 3401 4224 δ
3426 4199 3441 4250 ;
3470 4184 3594 4239 Ὀτι
3616 4186 3799 4256 ἐκείνη

2132 4273 2231 4345 μὲν
2261 4274 2428 4343 ἐγγὺς
2454 4269 2523 4345 ἦν
2549 4271 2659 4325 τῶν
2689 4272 3024 4339 ἀποστόλων,
3060 4272 3201 4343 αῦτη
3228 4272 3285 4325 δὲ
3311 4272 3412 4340 τῆς
3450 4273 3797 4343 Ἀντιοχείας,

2128 4362 2224 4417 καὶ
2253 4363 2282 4416 ό
2306 4361 2464 4431 λόγος
2490 4361 2713 4434 ἐκράτει
2733 4378 2745 4393 ·
2779 4360 3015 4416 ἐνταῦθα
3049 4361 3106 4413 δέ
3139 4361 3342 4432 πολλῆς
3377 4361 3588 4415 ἐδέοντο
3621 4378 3799 4434 παρα-

2133 4449 2352 4521 μυθίας,
2389 4451 2484 4504 καὶ
2532 4450 2766 4520 μάλιστα
2805 4451 2855 4505 οἱ
2909 4450 2970 4515 ἐξ
3016 4450 3220 4516 ἐθνῶν,
3277 4451 3584 4520 ὀφείλοντες
3629 4450 3797 4504 πολλά

2128 4536 2494 4593 διδάσκεσθαι.
2527 4532 2732 4593 Ἦλθον
2762 4537 3129 4603 διδάσκοντες,
3156 4538 3240 4591 ὅτι
3268 4537 3494 4602 εἰκότως
3527 4539 3795 4610 ἐχειροτο-

2129 4625 2372 4697 νήθησαν
2391 4625 2497 4680 ὑπὸ
2518 4624 2613 4679 τοῦ
2643 4626 2984 4697 Πνεύματος.
3022 4626 3134 4679 Καὶ
3174 4627 3278 4697 δρα
3306 4626 3369 4680 τὺ
3395 4625 3602 4697 θερμὸν
3648 4626 3797 4679 Παῦε

2128 4712 2244 4767 λου.
2281 4713 2357 4766 Ού
2391 4712 2717 4767 πυνθάνεται
2753 4715 2802 4767 εἰ
2825 4713 2908 4767 δεῖ
2933 4713 3164 4784 λαλῆσαι
3194 4713 3428 4778 ἔθνεσιν,
3455 4713 3572 4767 ἀλλ’
3599 4711 3798 4778 εὐθέως

2130 4801 2282 4855 λαλεῖ
2297 4818 2313 4833 υ
2373 4800 2465 4855 διὰ
2513 4788 2671 4855 τοῦτο
2732 4800 2939 4870 ἔλεγεν,
2985 4797 3069 4857 Οὐ
3115 4801 3575 4872 προσανεθέμην
3620 4801 3797 4871 σαρκί

2130 4889 2229 4942 καί
2253 4889 2471 4958 αἵματι.

2200 4981 2270 5043 γ’.
2305 4975 2467 5045 Μέγα
2493 4975 2662 5039 ὅντως
2692 4974 2896 5045 ἀγαθὸν
2917 4977 2952 5048 ἡ
2988 4976 3181 5047 θλῖψις,
3214 4978 3310 5032 καὶ
3346 4977 3593 5049 μεγάλης
3616 4975 3796 5048 ψυχῆς

2132 5066 2271 5128 ἐστι,
2303 5067 2399 5117 καὶ
2430 5064 2686 5133 γενναίας
2718 5064 3070 5137 κατόρθωμα.
3128 5062 3291 5120 Πόσοι
3331 5065 3470 5137 μετά
3497 5064 3656 5119 τοῦτο
3684 5065 3795 5117 ἐπί-

2132 5168 2384 5216 στευσαν,
2416 5153 2513 5207 καὶ
2537 5153 2713 5217 οὐδεὶς
2735 5154 2909 5215 οὕτως
2945 5153 3218 5224 ἐλαμψεν;
3274 5153 3436 5207 Οὕτω
3491 5152 3795 5225 προθυμίας

2129 5241 2263 5312 ἡμῖν
2287 5240 2369 5293 δεῖ
2394 5241 2696 5311 πανταχοῦ,
2730 5240 3033 5313 πυρώσεως
3063 5252 3088 5281 ο
3141 5241 3365 5313 πολλῆς,
3425 5240 3610 5313 ψυχῆς
3663 5240 3795 5311 πρὸς

2130 5329 2360 5384 θάνατον
2415 5332 2907 5401 παρατεταγμένης
2931 5345 2946 5361 ’
3004 5330 3182 5395 ἄλλως
3227 5329 3341 5402 7&9
3393 5331 3492 5384 οὐκ
3554 5329 3635 5383 ἔνι
3700 5328 3793 5399 τῆς

2132 5415 2412 5484 βασιλείας
2473 5418 2693 5487 τυχεῖν,
2752 5417 2828 5488 μὴ
2878 5417 3280 5490 σταυρωθέντα.
3341 5419 3435 5490 Μὴ
3499 5415 3793 5485 ἀπατῶμεν

2130 5502 2379 5568 ἑαυτούς.
2418 5504 2483 5558 Εἰ
2533 5504 2642 5575 7&9
2699 5506 2759 5558 ἐν
2816 5505 3037 5577 πολέμῳ
3067 5505 3305 5577 σωθῆναι
3331 5507 3392 5561 ού
3420 5505 3645 5560 δυνατὸν
3671 5521 3793 5575 τρυ-

2132 5591 2319 5660 φῶντα
2342 5591 2438 5646 καὶ
2470 5593 2942 5665 χρηματιζόμενον
2970 5596 3068 5648 καὶ
3096 5593 3477 5664 κατηλλεύοντα
3505 5595 3601 5648 καὶ
3632 5593 3791 5665 ῥᾳθυ-

2134 5679 2337 5750 μοῦντα
2358 5696 2373 5711 ο
2405 5680 2588 5752 πολλῷ
2610 5682 2809 5752 μᾶλλον
2861 5684 2920 5735 ἐν
2967 5683 3047 5754 τῷ
3094 5682 3317 5753 πολέμῳ
3364 5682 3564 5753 τούτῳ.
3601 5682 3672 5735 Ἦ
3701 5681 3794 5735 οὐκ

2130 5770 2308 5823 οἴεσθε
2345 5769 2584 5842 πόλεμον
2612 5766 2753 5825 εῖναι
2773 5771 2869 5826 νῦν
2905 5772 3127 5826 πάντων
3180 5770 3433 5843 πολέμων
3484 5770 3793 5843 χαλεπώτα-

2190 5871 2218 5912 δ
2240 5877 2340 5928 Alii
2363 5879 2584 5945 εἰρηκέναι
2613 5881 2777 5942 πρώτῃ
2802 5885 2860 5943 τῇ
2889 5881 3011 5945 ὄψει.
3080 5883 3103 5911 ο
3118 5880 3449 5945 Οἰκονομικῶς
3479 5881 3562 5929 ἅτε
3581 5878 3671 5945 ίςπὸ
3692 5874 3791 5945 τοῦ,

2130 5942 2202 5989 sic
2248 5936 2486 6008 ιιιιυεᾞ]1
2527 5943 2610 6008 δῖε
2647 5936 3003 6008 ᾐιιὶόεῐηίμωέε.
3034 5953 3190 6008 rege.
3214 6005 3225 6008 Α
3253 5936 3379 6008 Εᾲἰιὶ
3426 5940 3634 6008 νοω-ἐν
3692 5936 3792 6008 ’ᾼῇ

2130 6000 2328 6110 τιοχείᾳέ
2353 6002 2499 6053 male.
2571 6006 2594 6034 ⁸
2665 6000 2799 6053 L’nus
2850 6004 3053 6069 ἔλαμψε.
3103 6004 3374 6068 Προὼμὶας
3423 6004 3513 6068 7&9
3551 6001 3660 6065 ὑμῖν
3706 6000 3789 6061 διί,

2132 6078 2297 6130 πυρωσ
2324 6078 2404 6117 ως.
