4112 6426
289 372 402 427 2ἳῦ

290 487 473 541 vmen‘
497 487 824 543 desiderium
857 487 1067 544 fervens
1095 499 1150 544 et
1175 489 1502 545 accensum?
1546 490 1603 546 In
1641 488 1887 545 eamdem

286 593 480 633 rursus
530 578 750 634 intravit
803 581 1112 650 civitatem,
1159 593 1218 636 ut
1256 583 1631 638 ostenderetur
1672 583 1888 652 ipsum,

290 670 460 725 sicubi
504 672 752 739 recessit,
786 671 839 728 id
869 675 1078 739 fecisse,
1123 676 1264 745 quod
1293 677 1454 731 vellet
1494 676 1719 730 verbum
1747 674 1888 729 inse-

302 778 432 825 rere,
459 772 520 818 et
537 765 684 835 quod
714 782 819 820 non
841 778 1114 837 oporteret
1147 769 1383 825 furorem
1411 771 1624 825 illorum
1666 785 1889 824 succen-

308 856 438 910 dere.
470 856 602 912 llaec
639 873 746 913 non
787 859 965 914 minus
1003 877 1164 932 quam
1212 861 1363 933 signa
1405 863 1727 933 conspicuos
1770 863 1890 917 illos

301 947 627 1015 reddebant,
668 957 725 1004 et
764 951 936 1021 majus
981 953 1234 1023 gaudium
1270 956 1565 1024 pariebant.
1614 955 1886 1024 Nusquam

294 1054 425 1094 vero
460 1040 597 1096 dicit
622 1043 771 1112 ipsos
798 1059 1044 1101 reversos
1081 1063 1222 1116 esse,
1254 1049 1546 1120 gaudentes
1568 1050 1710 1120 quod
1739 1051 1888 1120 signa

293 1130 573 1202 fecissent,
601 1135 700 1191 sed
729 1138 871 1207 quod
915 1138 1063 1209 digni
1090 1140 1254 1196 habiti
1300 1142 1526 1197 fuissent
1551 1157 1649 1213 pro
1673 1144 1889 1198 nomine

292 1223 405 1294 ejus
443 1228 828 1284 contumeliam
875 1231 985 1300 pati
1017 1251 1030 1288 :
1061 1249 1181 1288 nam
1209 1245 1264 1290 et
1288 1234 1390 1290 hoc
1416 1250 1447 1290 a
1476 1234 1689 1291 Christo
1711 1235 1885 1292 edocti

295 1318 508 1374 fuerant
531 1319 748 1376 dicente
778 1340 790 1375 :
825 1322 1000 1378 Nolite
1023 1326 1279 1396 gaudere,
1311 1330 1433 1398 quia
1464 1327 1722 1382 diemonia
1751 1328 1888 1382 vobis

293 1409 630 1480 subjiciuntur
649 1412 800 1485 (Luc.
821 1415 909 1471 10.
941 1415 1055 1486 20).
1073 1417 1270 1473 Verum
1306 1421 1448 1475 enim
1471 1421 1738 1474 sincerum
1761 1435 1890 1490 gau-

293 1503 446 1556 dium
492 1502 596 1560 hoc
634 1515 744 1569 est,
791 1507 990 1578 aliquid
1031 1511 1138 1578 pati
1179 1525 1277 1580 pro
1310 1511 1546 1566 Christo.
1589 1513 1791 1568 Deinde
1834 1514 1886 1566 in

297 1597 554 1652 civitates
577 1599 690 1654 illas
721 1616 913 1656 omnes
955 1613 1238 1669 venerunt,
1281 1605 1334 1660 in
1367 1606 1562 1677 quibus
1603 1609 1886 1678 periclitati

305 1688 540 1744 inerant.
569 1687 635 1743 Et
658 1704 853 1758 postera
881 1693 963 1746 die
1009 1699 1264 1766 profectus
1305 1707 1379 1752 est
1413 1714 1528 1750 eum
1569 1697 1806 1753 Barnaba
1835 1701 1888 1754 in

309 1777 530 1838 Derben.
543 1781 628 1840 20.
643 1782 861 1855 Cumque
878 1789 1301 1859 euangelizassent
1312 1791 1501 1844 civitati
1515 1792 1612 1858 illi,
1629 1803 1676 1846 et
1689 1794 1889 1847 docuis-

305 1884 414 1926 sent
440 1876 637 1941 multos,
677 1880 859 1932 reuersi
884 1890 1004 1933 sunt
1033 1880 1272 1952 Lystram
1299 1893 1345 1936 et
1371 1881 1606 1938 Iconium
1627 1895 1674 1939 et
1705 1887 1886 1939 Antio-

299 1965 486 2033 chiam,
508 1965 600 2022 21.
626 1971 985 2038 couﬁrmantes
1023 1973 1220 2028 animas
1261 1975 1651 2045 discipulorum,
1697 1980 1884 2032 exhor-

297 2065 561 2129 tantesque
603 2070 656 2113 ut
702 2074 1047 2128 permanerent
1081 2065 1134 2118 in
1164 2066 1288 2134 fide,
1315 2077 1362 2119 et
1407 2067 1544 2136 quod
1571 2085 1660 2139 per
1698 2071 1886 2124 multas

298 2150 648 2207 tribulationes
674 2165 867 2224 oportet
893 2172 984 2212 nos
1011 2159 1201 2213 intrare
1217 2163 1271 2214 in
1296 2177 1505 2231 regnum
1529 2162 1644 2216 Dei.

365 2243 421 2297 2.
462 2244 575 2300 Hoc
601 2245 877 2314 dicebant,
912 2249 1014 2305 hoc
1045 2251 1435 2306 monstrabant.
1485 2253 1880 2324 Conﬁrmantes,

299 2337 488 2406 inquit,
513 2338 714 2392 animas
741 2339 1129 2409 discipulorum.
1178 2341 1362 2412 Itaque
1392 2345 1694 2402 confirmati
1722 2360 1844 2401 sunt
1866 2390 1880 2410 .

295 2426 403 2479 imo
428 2436 558 2481 sunt
582 2431 830 2500 appositi.
863 2431 1234 2487 Praedicabant
1261 2449 1420 2505 ergo,
1475 2450 1541 2490 ne
1574 2439 1626 2490 in
1653 2437 1883 2492 offendi-

293 2519 477 2573 culum
522 2521 793 2576 caderent.
847 2522 915 2577 Et
943 2525 1094 2593 quasi
1138 2524 1206 2580 de
1247 2526 1506 2580 industria
1537 2527 1641 2581 hoc
1670 2529 1747 2594 lit,
1777 2544 1882 2583 non

296 2619 505 2664 tantum
539 2627 635 2682 per
679 2615 974 2683 apostolos,
1011 2615 1103 2669 sed
1131 2619 1290 2670 etiam
1325 2633 1420 2686 per
1447 2617 1778 2687 discipulos;
1827 2628 1887 2674 ut

295 2700 509 2755 discant
535 2705 710 2756 statim
743 2705 810 2757 ab
843 2705 993 2758 initio
1021 2716 1075 2759 et
1098 2706 1492 2775 pra-dicationis
1512 2709 1642 2772 vim,
1666 2718 1721 2764 et
1741 2711 1885 2779 ipsos

295 2793 460 2847 etiam
487 2804 736 2863 oportere
765 2796 885 2850 talia
927 2799 1070 2868 pati;
1105 2807 1268 2868 utque
1317 2801 1524 2855 fortiter
1566 2811 1728 2867 stent,
1778 2817 1886 2857 non

296 2888 461 2940 modo
489 2888 554 2942 ad
583 2889 730 2960 signa
761 2889 1044 2956 inhiantes,
1076 2892 1170 2947 sed
1203 2894 1372 2948 multo
1398 2894 1568 2964 magis
1596 2895 1661 2949 ad
1703 2904 1879 2950 tenta-

297 2979 492 3033 tiones.
528 2979 650 3035 Ideo
675 2990 730 3036 et
758 2981 870 3051 ipse
898 2983 1149 3040 dicebat:
1178 2982 1323 3038 Idem
1343 2996 1595 3041 certamen
1621 2987 1881 3053 habentes,

297 3071 446 3139 quale
487 3082 536 3126 et
580 3073 774 3128 uidistis
811 3075 866 3128 in
900 3092 980 3129 me
1006 3087 1053 3130 et
1081 3077 1357 3133 exaudistis
1397 3078 1654 3152 (Philipp.
1687 3082 1738 3135 1.
1769 3080 1880 3151 50).

298 3161 746 3233 Persequutiones
785 3163 1092 3233 frequentes
1121 3178 1277 3223 erant
1306 3187 1318 3224 :
1354 3170 1552 3241 ubique
1584 3172 1755 3239 bella,
1789 3189 1886 3243 pu-

297 3270 439 3324 gnze,
476 3255 848 3325 lapidationcs.
878 3259 1065 3326 Qualis
1090 3260 1432 3316 adhortatio?
1463 3264 1732 3332 quomodo
1763 3281 1887 3335 per-

297 3345 615 3412 suadebant,
645 3348 773 3403 dum
804 3349 854 3403 in
888 3351 1154 3422 principio
1194 3352 1570 3409 tribulationes
1609 3355 1888 3412 dicerent?

300 3438 507 3493 Deinde
530 3448 584 3494 et
602 3441 702 3494 alia
730 3444 1027 3498 consolatio
1053 3461 1065 3498 :
1095 3444 1182 3500 22.
1211 3445 1412 3500 Etcum
1438 3447 1756 3503 ordinassent
1785 3450 1888 3505 illis

297 3548 392 3601 per
410 3533 638 3604 singulas
666 3531 920 3589 Ecclesias
946 3535 1280 3608 presbyteros,
1309 3547 1354 3591 et
1374 3548 1602 3592 orassent
1621 3557 1733 3592 cum
1752 3541 1888 3612 jeju-

296 3625 418 3688 niis,
441 3630 910 3681 commendaverunt
939 3645 1021 3682 eos
1042 3627 1282 3689 Domino.
1306 3630 1359 3682 in
1381 3646 1526 3696 quem
1545 3630 1886 3685 crediderunt.

296 3715 549 3770 Vidistin‘
579 3715 844 3773 fervorem
867 3719 1058 3773 Pauli?
1097 3717 1225 3775 Cum
1253 3728 1500 3784 orassent,
1531 3721 1700 3790 inquit
1725 3763 1740 3787 ,
1775 3739 1889 3775 cum

297 3809 528 3878 jejuniis.
561 3811 1035 3866 commendaret-unt
1063 3828 1146 3866 eos
1175 3812 1412 3868 Domino.
1457 3813 1611 3880 Vide,
1646 3829 1766 3869 cum
1801 3816 1887 3886 je-

298 3899 464 3968 juniis
502 3903 894 3960 ordinationes.
930 3904 1135 3960 Rursus
1175 3905 1460 3976 jejunium,
1501 3907 1744 3977 purgatio
1770 3909 1888 3962 ani-

299 4009 510 4048 marum
537 4005 862 4050 nostrarum.
888 3997 980 4052 25.
1004 3995 1438 4067 Transeuntesque
1463 3996 1732 4064 Pisidiam,
1757 4016 1893 4055 uene-

298 4096 421 4138 runt
444 4086 498 4139 in
521 4069 881 4157 Pamphyliam
903 4102 921 4151 ;
944 4087 1035 4142 24.
1057 4099 1104 4141 et
1129 4087 1380 4158 loquentes
1401 4090 1602 4143 verbum
1624 4090 1676 4143 in
1704 4089 1888 4162 Perge,

298 4179 672 4234 descenderunt
701 4181 755 4234 in
781 4181 1044 4234 Attalium.
1071 4181 1206 4236 Nam
1230 4197 1297 4236 ne
1317 4181 1697 4252 discipulorum
1729 4185 1889 4238 animi

298 4273 669 4339 conciderent,
701 4274 842 4344 quod
872 4275 970 4335 illi,
1003 4277 1093 4344 qui
1121 4275 1194 4329 dii
1222 4275 1509 4329 existimati
1541 4275 1772 4341 fuerant,
1815 4289 1894 4332 ta-

300 4366 375 4419 lia
420 4376 749 4434 paterentur,
803 4367 1026 4436 ingressi
1077 4375 1202 4420 sunt
1245 4367 1313 4420 ad
1353 4367 1496 4432 illos,
1541 4379 1600 4422 et
1633 4369 1890 4439 alloquuti

301 4470 435 4514 sunt
461 4474 576 4514 eos.
610 4461 674 4514 Et
707 4459 856 4522 vide;
883 4461 1031 4530 prius
1070 4459 1124 4514 in
1172 4459 1380 4514 Derben
1426 4461 1556 4522 exit,
1607 4461 1742 4516 dans
1790 4463 1895 4517 illis

303 4551 605 4619 respirandi
647 4552 823 4606 locum
851 4569 878 4604 ιι
912 4552 1094 4608 furore
1113 4593 1129 4618 ,
1163 4562 1219 4607 et
1249 4563 1375 4607 tunc
1405 4568 1590 4608 rursus
1620 4556 1767 4609 venit
1793 4555 1896 4627 Ly-

302 4653 496 4710 stmtn,
518 4643 751 4698 Iconium
768 4653 822 4699 et
840 4645 1173 4698 Antiochiam
1201 4664 1213 4699 :
1239 4644 1537 4699 furentibus
1554 4645 1655 4700 illis
1676 4647 1890 4715 cedens,

304 4735 524 4790 sedatos
548 4750 678 4791 vero
705 4737 912 4792 adiens.
945 4736 1108 4792 Vides
1151 4752 1245 4792 eos
1291 4753 1397 4790 non
1439 4739 1616 4792 omnia
1651 4755 1745 4809 per
1776 4756 1898 4810 gra-

307 4828 464 4891 tiam,
487 4829 582 4884 sed
609 4829 768 4883 etiam
793 4845 885 4899 per
909 4830 1182 4899 proprium
1212 4829 1447 4884 studium
1470 4830 1896 4887 administrasse.

304 4920 397 4974 25.
433 4918 498 4973 Et
525 4921 644 4974 inde
672 4922 1027 4992 navigaverunt
1061 4921 1402 4984 Antiochiam,
1450 4921 1584 4976 unde
1615 4933 1758 4975 erant
1787 4933 1896 4977 tra-

308 5013 406 5065 diti
430 5015 607 5083 gratite
631 5012 749 5079 Dei,
771 5015 824 5067 in
848 5030 977 5083 opus
997 5014 1132 5084 quod
1157 5014 1550 5083 compleverunt.
1581 5013 1688 5069 Cur
1712 5032 1901 5072 rursus

312 5104 650 5160 Antiochiam
681 5105 938 5161 veniunt?
961 5105 1034 5162 Ut
1056 5108 1375 5161 annuntient
1395 5123 1456 5162 ea
1484 5123 1602 5177 qua:
1629 5109 1737 5163 illic
1763 5109 1898 5163 facta

311 5206 459 5250 sunt.
493 5196 740 5267 Alioquin
771 5211 904 5252 vero
951 5197 1076 5252 hinc
1107 5212 1301 5267 magna
1332 5213 1417 5252 res
1443 5198 1850 5254 adminiSIratur
1881 5218 1896 5255 :

311 5290 596 5358 oportebat
623 5291 765 5344 enim
790 5291 898 5360 jam
927 5305 1046 5345 cum
1083 5292 1271 5345 fiducia
1310 5290 1598 5359 przrdicare
1630 5293 1898 5362 gentibus.

319 5382 553 5438 Veniunt
596 5399 725 5455 ergo
770 5385 884 5439 hare
926 5385 1247 5450 nuntiaturi,
1300 5393 1358 5438 ut
1397 5386 1537 5439 scire
1569 5387 1791 5455 possint.
1837 5387 1904 5441 Et

312 5477 642 5545 providetur,
675 5485 734 5531 nt
771 5488 899 5532 tunc
925 5479 1140 5533 veniant
1179 5479 1212 5532 ii
1241 5480 1331 5548 qui
1381 5479 1732 5548 prohibebant
1777 5495 1898 5535 eum

313 5569 564 5638 gentibus
580 5557 823 5632 versari;
857 5582 914 5624 ut
941 5571 1134 5626 deinde
1161 5587 1406 5642 magnam
1443 5588 1508 5627 ex
1550 5573 1901 5643 .lerosolymis

317 5661 567 5716 fiduciam
598 5661 799 5731 adepti,
833 5661 1060 5718 ﬁdenter
1084 5663 1312 5718 abirent.
1347 5662 1444 5716 Vel
1487 5665 1643 5719 aliter
1721 5673 1900 5718 osten-

316 5751 395 5806 dit
423 5767 610 5806 eorum
645 5767 822 5807 mores
863 5769 969 5806 non
1012 5753 1369 5823 arrogantiam
1415 5769 1625 5824 sapere.
1670 5753 1905 5808 Veniunt

313 5841 485 5911 enim,
516 5851 658 5900 utet
693 5843 938 5900 fiduciam
976 5859 1124 5898 suam
1171 5844 1479 5915 exhibeant,
1515 5846 1657 5917 quod
1699 5848 1902 5918 absque

1262 373 1328 428 ΙΝ
1369 371 1546 428 ACTA
1589 371 2113 430 APOSTOLORUM.
2157 374 2389 433 ηοιιιι..
2430 377 2624 438 XXXI.

3473 393 3580 450 230

1999 488 2102 544 illis
2126 493 2509 559 praedicassent
2537 499 2806 568 gentibus,
2849 512 2904 558 et
2933 505 3314 580 obedientiam,
3341 518 3483 586 quod
3515 524 3580 574 ad

1995 585 2115 639 illos
2144 603 2255 642 rem
2283 589 2519 647 referant
2551 612 2564 647 :
2597 610 2770 665 neque
2799 599 2963 664 enim,
2991 604 3132 672 quod
3157 606 3277 661 talia
3309 585 3581 680 fecissent,

1994 691 2309 749 arroganter
2337 694 2582 754 egerunt.
2619 687 2768 743 Unde
2791 701 2935 746 erant
2960 697 3154 760 traditi,
3185 701 3374 770 inquit,
3406 719 3586 774 gratias

1994 769 2111 827 Dei.
2146 774 2428 846 Etiamque
2457 780 2688 848 Spiritus
2730 784 2979 852 dixerat;
3023 791 3116 844 sed
3162 808 3221 847 ea
3241 769 3270 859 ,ί
3298 769 3427 866 quae
3460 813 3586 856 sunt

1995 864 2245 934 Spiritus,
2293 871 2493 925 sciebat
2521 888 2643 929 esse
2673 875 2791 930 Filii
2825 895 2840 931 :
2872 896 2971 932 una
3001 883 3144 936 enim
3179 864 3436 956 potestas,
3478 893 3582 946 sic-

1996 968 2054 1012 ut
2095 969 2286 1016 natura
2316 963 2436 1018 Filii
2476 974 2531 1020 et
2559 967 2794 1037 Spiritus
2834 985 2917 1026 eSL
2953 989 3078 1028 una.
3131 975 3220 1032 26.
3266 979 3390 1035 Cum
3416 994 3582 1039 autem

1991 1052 2241 1105 venissent
2268 1063 2314 1107 et
2338 1069 2724 1128 congregassent
2747 1060 3045 1129 Ecclesium,
3073 1069 3354 1124 retulerunt
3395 1086 3584 1144 quanta

1996 1143 2191 1211 fecisset
2209 1143 2346 1199 Deus
2365 1162 2478 1200 cum
2504 1149 2626 1211 illis,
2654 1161 2701 1204 et
2717 1154 2838 1222 quia
2859 1157 3136 1223 aperuisset
3155 1163 3385 1230 gentibus
3399 1143 3584 1222 ostium

1993 1235 2133 1302 ﬁdei.
2165 1235 2254 1290 27.
2303 1236 2614 1296 Commorati
2651 1255 2770 1298 sunt
2811 1258 2979 1302 autem
3006 1251 3114 1305 illic
3140 1271 3241 1307 non
3267 1275 3424 1326 parvo
3455 1271 3582 1315 tem-

1995 1343 2117 1396 pore
2140 1347 2255 1383 cum
2282 1331 2565 1402 discipulis.
2600 1336 2729 1393 Jure
2758 1341 2976 1410 quidem
3004 1362 3018 1399 :
3047 1361 3170 1401 cum
3207 1365 3393 1421 magna
3439 1356 3581 1410 enim

1992 1417 2180 1473 civitas
2205 1431 2369 1482 esset.
2399 1423 2710 1484 doctoribus
2730 1446 2863 1499 opus
2887 1433 3135 1490 habebat.
3161 1439 3278 1494 Jam
3298 1417 3581 1512 superiora

1993 1519 2318 1578 repetamus.
2353 1513 2474 1584 Ipso
2499 1522 2806 1587 spectaculo
2835 1534 3140 1584 terruerunt
3171 1532 3308 1596 illos,
3334 1538 3582 1592 scinden-

1994 1608 2074 1653 tes
2103 1603 2417 1660 vestimenta
2441 1623 2556 1665 sua.
2584 1611 2694 1666 Hoc
2718 1625 2769 1669 et
2787 1615 2940 1672 Jesus
2966 1619 3112 1677 Nare
3148 1624 3291 1690 fecit,
3320 1627 3369 1682 in
3404 1635 3585 1701 populi

1994 1692 2164 1748 clade.
2215 1695 2291 1751 Ne
2330 1713 2459 1769 ergo
2497 1711 2652 1770 putes
2682 1705 2780 1760 hoc
2810 1707 2916 1764 illis
2944 1722 2997 1767 et
3027 1713 3238 1770 illormn
3266 1692 3416 1774 statu.
3442 1692 3582 1778 indi-

1991 1799 2152 1854 gnum
2181 1803 2299 1844 esse
2332 1809 2346 1844 :
2374 1808 2545 1862 neque
2587 1797 2728 1852 enim
2773 1801 2930 1857 aliter
2974 1805 3338 1866 cohibuissem
3380 1823 3582 1871 tantum

1996 1878 2272 1948 impetum,
2323 1897 2427 1938 non
2467 1885 2623 1942 aliter
2655 1888 2959 1948 incendium
2991 1900 3396 1959 exstinxissent.
3447 1905 3579 1962 Cum

1993 1985 2121 2040 ergo
2146 1985 2279 2042 opus
2301 1973 2458 2030 fuerit
2481 1978 2694 2046 talibus,
2723 1999 2792 2037 ne
2819 2001 3132 2044 recusemus
3162 2008 3343 2063 agere.
3369 1997 3425 2052 Si
3454 2015 3584 2068 ergo

1991 2061 2070 2114 sic
2093 2073 2313 2131 agentes
2343 2067 2430 2121 vix
2460 2084 2745 2127 suaserunt
2773 2075 2900 2143 illis,
2946 2080 2989 2135 si
3031 2097 3139 2137 non
3174 2061 3274 2140 hoc
3299 2061 3578 2156 fecissent,

1989 2154 2115 2222 quid
2145 2172 2248 2209 non
2279 2157 2512 2212 futurum
2545 2165 2700 2217 erat?
2748 2165 2879 2221 Nam
2925 2171 2970 2224 si
3019 2171 3123 2228 hoc
3162 2191 3266 2230 non
3305 2154 3580 2246 fecissent,

1990 2255 2228 2313 putatum
2276 2248 2465 2306 fuisset
2511 2254 2629 2310 illos
2664 2257 2829 2312 altum
2861 2275 3054 2330 sapere
3088 2277 3142 2320 et
3171 2268 3431 2327 honorem
3461 2292 3577 2330 am-

1990 2338 2123 2394 bire.
2151 2341 2219 2396 Et
2243 2347 2515 2415 perpende
2536 2362 2842 2408 sermoiiem
2866 2355 2918 2408 in
2949 2358 3037 2412 tali
3069 2359 3433 2430 increpatione
3463 2384 3579 2422 mo-

1991 2429 2260 2500 deratum,
2284 2435 2644 2495 admiratione
2678 2443 2839 2498 simul
2869 2457 2924 2500 et
2944 2459 3164 2518 stupore
3194 2429 3431 2521 plenum.
3466 2460 3577 2515 lloe

1989 2524 2224 2579 maxime
2256 2525 2376 2580 illos
2407 2529 2665 2596 cohibuit,
2695 2537 2836 2603 quod
2860 2537 3104 2595 dicerent
3133 2559 3146 2598 :
3173 2543 3240 2596 Et
3267 2564 3359 2601 nos
3388 2551 3578 2604 similes

1989 2616 2126 2669 vobis
2151 2617 2377 2673 homines
2402 2623 2666 2691 passibiles
2693 2643 2890 2694 smnus,
2931 2636 3292 2692 annuntiantes
3334 2643 3471 2696 uobis
3514 2649 3577 2698 ab

1991 2706 2069 2759 his
2089 2710 2231 2762 vanis
2264 2713 2486 2766 conuerti
2511 2714 2578 2766 ad
2605 2714 2766 2770 Deum
2789 2736 2810 2784 ;
2835 2735 2900 2772 ac
2929 2723 2973 2775 si
3004 2723 3246 2781 dicerent
3277 2748 3289 2782 ε
3319 2730 3578 2790 Homines

1990 2799 2205 2868 quidem
2236 2818 2440 2871 sumus,
2474 2805 2558 2860 his
2577 2818 2753 2862 autem
2788 2813 3047 2881 majores;
3082 2816 3196 2873 hare
3215 2822 3414 2892 quippe
3441 2842 3578 2882 mor-

1992 2897 2081 2945 tua
2103 2902 2249 2947 sunt.
2288 2894 2416 2950 Vide
2443 2897 2564 2953 illos
2588 2916 2691 2954 non
2719 2902 3053 2961 confutantes
3085 2912 3264 2977 modo,
3288 2917 3381 2971 sed
3415 2921 3574 2975 etiam

1990 2980 2267 3052 docentes,
2315 2997 2370 3041 et
2415 2989 2545 3043 nihil
2594 2991 2662 3047 de
2711 2994 3066 3053 invisibilihns
3111 3003 3410 3074 loquentes.
3477 3012 3577 3080 Qui

1992 3077 2128 3144 fecit,
2171 3077 2359 3147 inquit.
2385 3081 2567 3136 calum
2593 3092 2636 3135 et
2663 3093 2848 3140 (errant
2869 3098 2916 3142 et
2942 3107 3096 3156 mare,
3131 3105 3178 3148 et
3197 3099 3367 3152 omnia
3394 3077 3514 3164 qua;
3524 3106 3578 3159 in

1992 3168 2064 3222 eis
2086 3179 2224 3223 sunt.
2250 3170 2436 3227 Testes
2463 3173 2609 3242 ipsos
2633 3177 2767 3231 dixit
2804 3193 2996 3236 annos.
3026 3182 3070 3239 Ο
3097 3185 3355 3244 insaniam
3393 3192 3579 3251 Iudai-

1992 3262 2145 3316 cam!
2178 3263 2306 3316 Ausi
2329 3274 2454 3318 sunt
2476 3265 2677 3336 ingredi
2701 3269 2765 3324 ad
2796 3273 3050 3342 pupulum
3079 3277 3157 3331 sic
3189 3285 3460 3350 apostolos
3481 3287 3580 3342 ho-

1994 3361 2297 3418 nomntem,
2347 3357 2460 3410 ausi
2505 3367 2631 3413 sunt
2675 3361 2928 3418 invadere
2974 3377 3028 3419 et
3072 3369 3307 3438 lapidare
3336 3375 3579 3432 Paulum.

1996 3441 2158 3496 Extra
2203 3445 2471 3501 civitatem
2523 3460 2702 3503 autem
2747 3461 3043 3518 traxerunt.
3099 3459 3281 3516 forsan
3334 3465 3584 3524 timentes

1995 3533 2166 3588 illum.
2189 3533 2254 3588 Et
2280 3549 2503 3599 orantes.
2529 3540 2720 3610 inquit,
2744 3559 2857 3598 cum
2870 3547 3087 3616 jejuniis
3111 3558 3587 3616 connuendaverunt

1993 3625 2109 3678 illos
2130 3621 2371 3681 Domino.
2408 3628 2474 3682 Et
2505 3630 3170 3705 docueruntjejunandum
3209 3660 3328 3700 esse
3365 3649 3418 3703 in
3464 3662 3582 3706 ten-

1996 3718 2303 3773 tationihus.
2351 3720 2468 3776 Non
2517 3723 2804 3793 dixerunt,
2831 3741 3027 3799 quanta
3059 3735 3156 3803 ipsi
3187 3738 3441 3805 fecerant,
3487 3746 3582 3798 sed

1995 3818 2188 3878 quanta
2225 3812 2363 3866 Deus
2394 3812 2609 3870 fecisset
2630 3832 2752 3872 cum
2787 3821 2918 3877 illis.
2947 3823 3210 3882 Videntur
3242 3833 3369 3886 mihi
3404 3845 3582 3890 tenta-

1997 3902 2169 3957 tioncs
2212 3905 2410 3960 dicere.
2453 3906 2568 3961 Non
2597 3909 2712 3964 sine
2735 3927 2918 3977 causa,
2966 3932 3066 3972 nec
3093 3921 3159 3974 ad
3201 3924 3580 3992 quiescendum

1997 3993 2173 4051 isthuc
2218 4009 2494 4064 venerant,
2542 4001 2636 4055 sed
2675 4002 2906 4072 Spiritus
2948 4011 3288 4077 providentia
3316 4017 3486 4086 ducti,
3531 4032 3589 4076 ut

1997 4085 2306 4155 przedicatio
2331 4090 2565 4156 gentium
2591 4092 2914 4151 firinaretnr.
2964 4100 3033 4154 Et
3074 4119 3190 4168 cur,
3222 4106 3450 4176 inquies,
3473 4085 3587 4168 nec

2000 4179 2051 4232 in
2078 4179 2273 4251 Cypro,
2302 4198 2400 4237 nec
2423 4188 2474 4236 in
2498 4185 2735 4241 Samaria
2769 4191 3111 4261 presbyteros
3144 4195 3424 4256 fecerunt?
3453 4203 3584 4272 Quia

2000 4270 2116 4326 lure
2158 4287 2324 4342 prepe
2371 4278 2643 4344 ap0stolos
2687 4290 2821 4346 erat,
2868 4282 3075 4353 Cyprus
3112 4301 3243 4343 vero
3272 4305 3438 4362 prope
3473 4270 3586 4348 Ᾰιι-

2001 4362 2271 4426 tiochiam,
2319 4373 2374 4418 et
2422 4368 2643 4421 verbum
2694 4369 3094 4441 invalescebat;
3149 4376 3235 4434 hic
3262 4396 3392 4436 vero
3422 4387 3585 4440 multa

1999 4456 2368 4511 consolatione
2397 4473 2531 4527 opus
2577 4460 2865 4524 habebant,
2911 4464 3148 4522 maxime
3193 4475 3444 4542 gentiles,
3497 4481 3588 4546 qui

2002 4548 2225 4601 multum
2252 4549 2430 4604 doceri
2471 4551 2758 4607 debebant.
2808 4554 3082 4612 Venerunt
3120 4561 3414 4629 doeenles,
3464 4572 3586 4639 quia

1999 4638 2117 4706 jure
2164 4640 2396 4695 ordinati
2445 4642 2654 4696 fuerant
2698 4660 2726 4699 a
2783 4645 3005 4716 Spiritu.
3054 4651 3120 4705 Et
3163 4655 3281 4710 vide
3320 4638 3588 4716 fervorem

2003 4729 2168 4783 Pauli.
2194 4729 2307 4784 Non
2338 4733 2651 4804 interrogat,
2675 4751 2742 4789 an
2765 4749 3008 4806 oporteat
3031 4741 3171 4812 loqui
3198 4749 3467 4817 gentibus,
3497 4754 3590 4808 sed

2003 4822 2183 4876 statim
2211 4824 2444 4891 loquitur
2475 4826 2634 4880 :ideo
2671 4827 2913 4896 dicebat,
2967 4831 3091 4888 Non
3117 4840 3342 4906 acquievi
3375 4845 3522 4897 eunti
3547 4855 3594 4900 et

2001 4916 2236 4984 sanguini
2263 4916 2404 4987 (Gal.
2438 4917 2484 4972 1.
2519 4918 2632 4990 ili).

2076 5007 2129 5060 '5.
2172 5007 2419 5078 Magnum
2450 5025 2577 5064 vere
2608 5011 2805 5068 bonum
2840 5017 3133 5086 tribulatio,
3181 5039 3244 5080 ac
3292 5043 3498 5099 magna:
3544 5042 3600 5088 et

2003 5113 2282 5166 generosae
2312 5103 2506 5158 animae
2533 5120 2686 5174 opus.
2737 5108 2876 5175 Quot
2925 5123 3108 5181 postea
3147 5119 3509 5190 crediderunt,
3543 5137 3598 5180 ct

2005 5192 2184 5246 uultus
2210 5203 2282 5247 ita
2313 5196 2497 5250 fulsit?
2527 5197 2599 5252 Ita
2632 5201 2787 5257 nobis
2818 5205 3012 5275 ubique
3031 5210 3306 5268 alacritate
3332 5230 3467 5284 opus
3490 5227 3594 5282 est,

2004 5286 2282 5356 multoque
2321 5289 2548 5356 fervore,
2599 5293 2776 5347 anima
2821 5295 2886 5350 ad
2929 5309 3154 5354 mortem
3203 5315 3382 5371 parata
3428 5323 3443 5361 :
3491 5308 3599 5364 alio

2009 5377 2154 5432 enim
2183 5379 2340 5432 uiodo
2371 5395 2478 5436 non
2510 5399 2795 5452 possumus
2826 5405 3046 5458 regnum
3075 5397 3350 5464 consequi,
3376 5399 3476 5450 nisi
3505 5412 3601 5468 per

2009 5485 2244 5527 crucem.
2274 5474 2350 5528 Nc
2375 5475 2704 5546 decipiamus
2733 5483 3108 5551 nosmetipsos.
3138 5485 3192 5539 Si
3211 5488 3353 5541 enim
3384 5489 3434 5542 in
3457 5489 3602 5546 bello

2009 5565 2216 5618 servari
2242 5567 2447 5636 nequit,
2481 5569 2568 5637 qui
2611 5571 2910 5636 deliciatur,
2942 5575 3181 5640 pecuniis
3222 5580 3420 5639 studet,
3469 5595 3598 5633 can-

2014 5667 2241 5724 ponatur
2280 5658 2608 5729 ignavosque
2644 5673 2731 5716 est
2764 5682 2776 5716 :
2809 5665 2977 5718 multo
3018 5666 3197 5721 minus
3224 5667 3275 5722 in
3307 5669 3410 5724 hoc
3432 5671 3596 5728 bello.

2009 5753 2201 5804 Annon
2233 5754 2428 5820 putatis
2457 5769 2578 5807 esse
2630 5770 2773 5809 nunc
2814 5757 3009 5810 bellmn
3055 5759 3297 5817 omnium
3344 5766 3596 5834 gravissi-

2010 5843 2199 5898 mum?
2226 5841 2346 5899 Non
2370 5853 2442 5898 est
2469 5843 2629 5912 nobis,
2665 5848 2866 5916 inquit,
2913 5865 3082 5921 pugna
3117 5855 3359 5910 adrersus
3399 5871 3599 5931 tangat-
