4112 6460
486 382 583 437 2⁸51
1132 380 1161 391 ’

481 511 597 550 nem
639 503 689 548 et
731 508 937 550 carum
981 490 1199 567 (Ephcz.
1238 491 1297 547 6.
1333 491 1446 563 12).
1478 491 1548 547 Et
1574 490 1979 559 prandentibus.
2015 497 2073 544 et

481 587 898 652 ambulantibus,
918 595 974 642 et
993 585 1295 641 lavantibus
1314 585 1469 642 adest
1489 585 1756 640 inimicus.
1779 586 1896 640 Non
1925 586 2074 640 novit

478 681 622 734 enim
664 688 878 748 tempus
931 677 1291 743 induciarum,
1336 677 1439 732 nisi
1487 677 1703 742 somni;
1751 676 1860 731 imo
1906 676 2069 731 etiam

479 782 606 828 tunc
630 787 775 841 saepe
805 773 1111 843 impugnat.
1140 781 1197 827 et
1227 772 1466 841 impuros
1510 770 1751 824 immittit
1792 769 2073 838 cogitatio-

483 880 598 926 nes,
632 876 793 936 atque
820 881 851 919 a
879 865 1107 921 somniis
1155 864 1465 919 lasciviores
1505 862 1690 919 efﬁcit.
1743 860 1853 916 Nos
1891 870 2070 915 autem

479 958 632 1027 quasi
668 970 828 1027 parva
866 971 953 1012 res
979 957 1068 1023 sit,
1100 970 1198 1024 pro
1223 972 1324 1025 qua
1354 956 1467 1022 ipse
1495 965 1715 1025 pugnat,
1758 969 1864 1008 non
1902 953 2068 1008 sobrii

478 1065 688 1115 sumus,
722 1063 897 1118 neque
921 1049 1212 1118 surgimus.
1254 1062 1431 1117 neque
1476 1047 1792 1116 respicimus
1833 1045 2071 1100 multitu-

478 1143 657 1199 dinem
687 1142 1119 1198 adversariarum
1144 1142 1299 1195 nobis
1328 1149 1686 1210 potestatum;
1729 1153 1834 1192 non
1864 1136 2068 1207 cogita-

481 1249 603 1289 mus
648 1234 749 1289 hoc
790 1236 961 1303 ipsum
1005 1234 1255 1288 maximae
1300 1233 1630 1288 infelicitatis
1658 1246 1818 1298 esse;
1852 1229 1947 1285 sed
1993 1237 2071 1282 tot

478 1326 718 1381 conclusi
766 1326 927 1381 bellis
950 1367 968 1393 ,
1000 1326 1148 1381 ac-si
1176 1343 1276 1396 pax
1315 1336 1460 1382 esset
1487 1326 1824 1382 deliciamur.
1856 1324 2069 1380 Credite

478 1418 629 1479 mihi,
670 1418 921 1489 graviora
949 1434 1092 1473 nunc
1114 1419 1332 1483 adsunt,
1368 1435 1528 1490 quam
1557 1434 1677 1489 qua:
1715 1417 1913 1473 Paulus
1942 1431 2065 1488 pas-

474 1526 568 1565 sus
591 1521 693 1565 est.
725 1509 876 1565 Tunc
903 1509 1054 1565 illum
1078 1509 1346 1579 lapidibus
1376 1511 1758 1579 impetierunt;
1788 1525 1929 1565 nunc
1947 1524 2066 1564 ver-

475 1602 555 1657 bis
600 1602 924 1672 impetimur,
973 1617 1095 1673 qua:
1146 1602 1414 1673 lapidibus
1456 1601 1704 1672 graviora
1734 1609 1879 1657 sunt.
1927 1599 2065 1669 Quid

470 1713 599 1767 ergo
629 1695 770 1751 factu
799 1694 977 1765 Opus?
1019 1694 1076 1750 Id
1100 1695 1245 1764 quod
1270 1695 1363 1751 ille
1386 1694 1512 1749 fecit
1545 1713 1559 1748 :
1594 1693 1891 1763 lapidantes
1920 1693 2064 1749 enim

470 1805 530 1843 se
576 1788 701 1846 odio
744 1803 848 1842 non
882 1787 1107 1853 habuit;
1140 1787 1234 1844 sed
1264 1797 1549 1858 postquam
1581 1788 1729 1842 illum
1766 1796 2061 1852 traxerant,

475 1895 753 1951 regressus
799 1889 883 1935 est
932 1881 984 1934 in
1023 1880 1316 1943 civitatem,
1359 1878 1738 1935 benefacturus
1767 1880 1852 1943 iis,
1887 1880 1976 1949 qui
2004 1894 2065 1935 se

471 1974 540 2024 ita
572 1973 839 2026 la-serant.
864 1972 918 2027 Si
954 1983 1009 2025 tu
1034 1987 1246 2041 quoque
1275 1972 1722 2026 contumeliosum
1762 1982 1816 2025 et
1844 1980 1898 2025 te
1924 1970 2065 2039 inju-

468 2077 552 2121 ste
591 2067 871 2122 laedentem
916 2068 1124 2132 tuleris,
1174 2067 1439 2136 lapidatus
1479 2082 1601 2122 esse
1625 2066 1729 2121 dici
1762 2076 1930 2135 potes.
1985 2064 2065 2120 Ne

469 2159 668 2213 dixeris
699 2177 713 2213 :
756 2158 1034 2214 Neminem
1066 2159 1201 2215 lmsi.
1242 2159 1412 2227 Quem
1441 2160 1584 2213 enim
1616 2159 1752 2213 laesit
1780 2158 1974 2212 Paulus
2006 2166 2065 2212 ut

470 2252 833 2321 Iapidaretur?
878 2252 1122 2322 Regnum
1166 2252 1541 2315 annuntiabat,
1575 2252 1641 2305 ab
1672 2266 1861 2306 errore
1902 2251 2063 2306 redu-

468 2345 644 2408 cebat,
678 2344 743 2399 ad
776 2345 942 2399 Detnn
972 2344 1277 2399 adducebat
1307 2363 1319 2397 :
1346 2343 1462 2398 hare
1488 2344 1645 2413 digna
1676 2353 1800 2397 sunt
1822 2343 2058 2408 coronis,

471 2437 914 2503 proclamatione,
945 2435 1242 2491 innumeris
1284 2435 1461 2497 bouis,
1509 2450 1614 2487 non
1660 2433 1962 2504 lapidibus;
2006 2443 2062 2488 et

467 2537 645 2583 tamen
693 2529 784 2583 ille
821 2528 1088 2582 contraria
1122 2541 1312 2596 passus
1352 2536 1455 2580 est.
1498 2526 1623 2579 H:ec
1650 2526 1847 2595 quippe
1875 2526 2059 2595 splen-

466 2619 590 2673 dida
621 2628 703 2673 est
732 2619 971 2675 victoria.
1026 2617 1091 2671 Et
1118 2628 1379 2672 traxerunt
1414 2634 1547 2682 eunt,
1590 2617 1779 2687 inquit.
1821 2616 1896 2671 Te
1925 2632 2060 2687 quo-

465 2728 570 2780 que
617 2726 759 2781 saepe
805 2710 1059 2774 trahunt;
1107 2710 1201 2764 sed
1234 2725 1299 2765 ne
1330 2710 1601 2775 irascaris,
1634 2710 1743 2763 imo
1775 2720 2058 2765 mansuete

466 2805 692 2872 [mrtlim
725 2804 967 2858 verbum.
1002 2803 1080 2859 Te
1106 2802 1431 2858 contumelia
1470 2801 1691 2858 affecit?
1718 2803 1859 2858 Tace
1887 2812 1939 2858 et
1964 2802 2060 2860 he-

465 2897 645 2961 nedic,
678 2897 722 2950 si
752 2906 929 2965 potes,
978 2906 1033 2949 et
1060 2895 1137 2950 sic
1161 2904 1217 2949 tu
1245 2909 1461 2964 quoque
1488 2893 1786 2963 prmdicasti
1810 2892 2055 2959 verbum,

463 2989 691 3043 docuisti
722 2988 1037 3042 modesdam
1064 2996 1120 3042 et
1157 2985 1644 3041 mansuetudinem.
1691 2983 1884 3039 Multos
1933 2984 2056 3038 novi

462 3090 570 3130 non
600 3083 705 3127 tam
738 3072 1064 3131 vulneribus.
1088 3087 1246 3140 quam
1277 3070 1561 3125 verborum
1592 3068 1762 3138 plagis
1787 3068 2011 3122 sauciari
2037 3086 2052 3123 :

465 3181 586 3219 nom
620 3163 746 3218 illud
769 3163 983 3232 quidem
1009 3163 1202 3218 vulnus
1230 3176 1426 3232 corpus
1446 3161 1694 3230 suscipit,
1722 3159 1827 3216 hoc
1852 3160 2051 3215 anima.

464 3255 568 3309 Sed
621 3271 688 3310 ne
734 3240 1033 3318 doleamus,
1088 3254 1195 3308 imo
1235 3253 1482 3312 dolentes
1513 3257 1892 3306 sustineamus.
1935 3251 2054 3307 Non

463 3346 659 3401 videtis
688 3345 915 3416 pugiles.
947 3359 1175 3414 quorum
1203 3345 1373 3414 capita
1409 3342 1704 3405 vulnerata,
1741 3342 1931 3398 dentes
1961 3357 2058 3398 ex-

463 3438 637 3502 cussi,
664 3447 882 3491 strenue
904 3435 1048 3491 ferre
1068 3434 1319 3491 dolores?
1362 3434 1462 3490 Hic
1505 3450 1636 3489 vero
1679 3449 1784 3489 non
1810 3445 2056 3504 opus,est

461 3528 692 3583 stridore
720 3538 780 3583 et
800 3542 1004 3582 morsu.
1034 3525 1341 3582 Recordare
1370 3526 1578 3580 Domini
1603 3526 1702 3591 tui,
1731 3534 1786 3582 et
1807 3525 2057 3596 pharma-

460 3638 583 3677 cum
609 3622 791 3676 statim
819 3620 939 3690 ejus
967 3620 1341 3676 recordatione
1384 3616 1717 3688 apposuisti;
1768 3617 2056 3675 recordare

460 3714 651 3769 Pauli:
683 3715 857 3785 cogita
904 3722 977 3774 te,
1020 3712 1110 3782 qui
1165 3725 1449 3781 percussus
1491 3723 1573 3772 es,
1625 3709 1859 3775 vicisse,
1899 3709 2053 3765 illum

462 3822 611 3872 vero,
633 3807 725 3876 qui
758 3804 1039 3875 percussit,
1071 3803 1270 3860 victum
1294 3816 1433 3865 esse,
1458 3811 1514 3857 et
1536 3802 1615 3857 sic
1641 3810 1809 3856 totum
1840 3812 2051 3861 curato.

466 3899 793 3955 Momentum
830 3909 913 3953 est
942 3914 955 3951 :
988 3912 1057 3952 ne
1076 3896 1325 3966 rapiaris,
1352 3906 1405 3950 et
1441 3904 1607 3950 totum
1639 3894 1908 3965 perfecisti
1943 3913 1957 3947 :
1984 3910 2054 3950 ne

465 3991 754 4057 movearis,
798 4000 852 4045 et
908 3998 1079 4044 totum
1137 3987 1465 4043 exstinxisti.
1520 3986 1708 4056 Magna
1756 3987 2053 4041 consolatio

460 4094 545 4140 est
612 4082 812 4154 aliquid
865 4090 918 4137 te
974 4096 1072 4152 pro
1123 4080 1341 4136 Christo
1396 4080 1502 4149 pati
1553 4096 1569 4133 :
1624 4094 1731 4133 non
1792 4079 2053 4148 praedicas

461 4191 762 4234 sermonem
820 4174 940 4231 fidei
967 4214 984 4240 ,
1055 4173 1149 4229 sed
1201 4172 1461 4242 praedicas
1515 4186 1821 4226 sermonem
1872 4169 2051 4239 philo-

465 4267 690 4338 sophiae.
750 4268 854 4331 At,
910 4265 1158 4335 inquies,
1200 4274 1401 4333 quanto
1449 4266 1616 4332 magis
1668 4262 1756 4316 ille
1805 4276 2052 4316 mansue-

464 4370 574 4416 tum
617 4359 838 4424 videbit,
892 4368 1040 4413 tanto
1078 4357 1249 4427 magis
1293 4356 1531 4412 instabit.
1574 4356 1861 4424 Propterea
1892 4355 2052 4425 igitur

459 4453 633 4515 doles,
659 4451 802 4521 quod
830 4452 918 4506 ille
943 4451 1038 4505 tibi
1066 4449 1370 4504 mercedem
1406 4448 1643 4513 augeat?
1686 4450 1755 4502 At
1799 4447 2054 4502 intracta-

461 4545 584 4600 bilis
610 4557 691 4599 est
715 4584 731 4611 ,
769 4542 1012 4612 inquies?
1054 4541 1182 4596 Hice
1207 4540 1664 4611 pusillanimitatis
1691 4550 1793 4592 ttue
1819 4553 2050 4594 excusa-

458 4645 534 4697 tio
560 4650 641 4695 est
674 4657 688 4694 :
716 4639 825 4693 alio
850 4638 1011 4692 modo
1049 4636 1402 4690 intractabilis
1426 4636 1549 4697 erit,
1578 4634 1622 4688 si
1669 4643 1722 4689 te
1751 4633 2045 4689 ulciscaris.

458 4733 514 4787 Si
550 4732 713 4787 sciret
749 4732 888 4786 Deus
909 4730 1033 4784 illos
1064 4727 1429 4783 intractabiles
1463 4727 1596 4790 fore,
1624 4726 1670 4781 si
1703 4741 1805 4779 non
1834 4733 1886 4779 te
1914 4726 2051 4780 ulei-

458 4826 649 4888 scaris,
684 4838 788 4877 non
821 4822 923 4877 hoc
949 4819 1316 4892 praecepisset.
1347 4818 1440 4871 sed
1471 4818 1720 4878 dixisset,
1768 4815 1844 4871 Te
1876 4818 2045 4886 ipsum

459 4918 718 4971 ulciscere
749 4934 760 4968 :
794 4930 979 4968 vermu
1009 4913 1156 4967 novit
1182 4911 1284 4966 hoc
1311 4911 1405 4966 tibi
1438 4910 1619 4965 utilius
1649 4909 1783 4963 fore.

538 5005 872 5062 Contumelia:
914 5003 1167 5075 quomodo
1213 5000 1642 5070 ferenda—Ne
1686 5017 1827 5071 pone
1874 5003 2044 5072 legem

455 5100 650 5155 divina:
680 5099 1003 5154 contrariam
1039 5114 1051 5148 :
1089 5096 1161 5150 illi
1191 5098 1522 5164 obtempera.
1556 5093 1668 5149 Non
1717 5109 1778 5149 es
1822 5102 1878 5147 tu
1926 5110 2045 5149 mc-

457 5192 559 5248 lior
587 5206 653 5246 eo
679 5190 768 5259 qui
797 5187 924 5245 fecit
951 5203 1069 5244 nos.
1101 5188 1258 5252 Dixit,
1288 5187 1391 5242 Fer
1418 5188 1770 5242 contumelias
1793 5229 1810 5253 ,
1840 5197 1891 5241 tt.
1924 5203 2045 5241 vero

454 5284 611 5349 dicis,
657 5282 1056 5337 Contumeliam
1110 5280 1379 5348 rependo,
1425 5294 1499 5337 ne,
1542 5279 1630 5333 fiat
1673 5280 2039 5335 intractabilis.

456 5373 539 5429 Tu
575 5388 704 5443 ergo
752 5371 871 5441 plus
901 5370 1069 5440 sapis,
1117 5386 1274 5441 quam
1317 5370 1439 5424 ille?
1468 5369 1592 5424 llaec
1631 5370 1792 5424 verba
1828 5385 1893 5425 ex
1924 5385 2042 5440 pas-

455 5467 623 5531 sione,
673 5464 989 5529 acerbitate,
1038 5473 1094 5518 et
1145 5461 1448 5532 arrogantia
1498 5458 1928 5529 proficiscuntur,
1979 5476 2043 5516 ac

453 5556 719 5609 contraria
751 5563 877 5609 sunt
903 5553 1007 5624 legi
1038 5553 1149 5608 Dei.
1203 5551 1422 5606 Etiamsi
1451 5550 1594 5605 enim
1623 5550 1900 5613 laederent.
1941 5567 2039 5605 an-

457 5660 562 5700 non
591 5645 1070 5713 obtemperandum
1098 5643 1254 5702 erat?
1281 5641 1415 5697 Cum
1445 5641 1715 5711 quidpiam
1740 5642 1882 5697 Deus
1906 5658 2041 5709 prte-

455 5737 601 5801 eipit,
626 5753 692 5791 ne
716 5749 979 5806 ponamus
1010 5751 1108 5789 nos
1129 5735 1302 5804 legem
1333 5734 1677 5789 contrariam.
1732 5730 2038 5806 Responsio,

454 5823 643 5897 inquit.
676 5827 927 5881 subntiua
956 5830 1133 5883 auertit
1153 5830 1281 5882 iram
1318 5825 1494 5898 (Prae.
1530 5828 1617 5882 l5.
1651 5826 1725 5897 l).
1769 5828 1881 5883 lloc
1908 5844 2038 5899 ergo

1258 376 1317 433 S.
1355 375 1634 432 JOANNIS
1670 371 2140 431 CBRYSOSTOMI
2179 373 2497 430 ARCHIEP.
2538 375 3071 436 CONSTANTINOP.

3677 396 3787 452 232

2183 489 2307 545 facit
2321 492 2607 558 submissa,
2631 508 2739 549 non
2757 499 3048 552 contraria.
3076 498 3133 555 Si
3152 499 3245 556 tibi
3274 502 3512 572 prodest,
3540 508 3618 565 iiii
3647 528 3770 569 mla-

2181 596 2285 651 que
2312 584 2531 653 prodest
2559 604 2572 639 :
2607 588 2651 640 si
2676 603 2802 643 vero
2829 590 2921 644 tibi
2946 604 3121 659 uocet,
3146 594 3235 663 qui
3256 611 3604 659 correcturus
3626 574 3768 667 illum

2179 687 2261 770 es,
2309 676 2478 730 multo
2519 678 2704 770 magis
2753 680 2825 734 illi
2878 683 3108 741 nocebit.
3155 685 3376 754 Redire,
3411 708 3537 748 cura
3562 699 3775 770 ιρίρωεηι

2182 762 2331 832 (Luc.
2364 768 2414 821 4.
2445 766 2562 838 23).
2595 769 2907 826 Maledixit?
2952 773 3030 828 Tu
3060 776 3215 831 lauda
3244 796 3256 831 :
3288 762 3780 849 Conviciatus-est?

2182 854 2261 909 Tu
2304 860 2562 914 encomiis
2599 862 2813 918 celebra
2845 881 2857 916 :
2888 864 3172 923 insidiatus
3203 872 3326 925 est?
3368 873 3519 933 Bene
3552 880 3637 937 fac
3678 896 3733 938 tu
3765 906 3783 943 :

2180 953 2446 1003 contraria
2475 953 2732 1020 repende,
2763 955 2807 1008 si
2837 955 3050 1011 tandem
3078 960 3307 1016 salutem
3344 966 3463 1033 ejus
3504 985 3688 1037 curas.
3716 994 3786 1034 ac

2185 1054 2252 1092 ne
2299 1041 2433 1095 velis
2460 1043 2655 1098 vulnus
2697 1054 2843 1098 tuum
2878 1047 3081 1102 ulcisci.
3116 1053 3204 1115 At,
3238 1054 3471 1122 inquies,
3506 1077 3656 1133 saepe
3685 1085 3780 1136 pa-

2181 1130 2416 1186 tientiam
2441 1150 2611 1188 meam
2630 1148 2901 1207 expertus,
2926 1139 3163 1196 deterior
3192 1147 3407 1202 evasit“!
3423 1151 3538 1209 lloc
3564 1130 3775 1223 non-te,

2178 1223 2274 1278 sed
2303 1225 2453 1278 illum
2486 1236 2715 1289 spectat.
2753 1229 2843 1284 Vis
2872 1231 3010 1287 scire
3040 1246 3234 1301 quanta
3278 1255 3459 1308 passus
3484 1247 3556 1300 sit
3584 1249 3732 1305 Deus
3751 1254 3777 1307 ?

2179 1316 2313 1367 Aras
2352 1315 2495 1370 illius
2544 1319 2952 1387 subverternnt,
3005 1328 3292 1394 prophetas
3329 1335 3682 1397 occiderunt:
3712 1355 3772 1399 et

2176 1405 2356 1459 omnia
2387 1409 2622 1476 pertulit.
2643 1413 2834 1467 Annon
2862 1425 3069 1482 poterat
3095 1419 3293 1475 fulmen
3320 1423 3633 1486 demittere?
3652 1433 3763 1490 Sed

2177 1505 2455 1588 postquam
2504 1501 2797 1572 prophetas
2841 1521 2977 1576 quos
3017 1510 3242 1566 miserat
3268 1516 3601 1588 occiderunt,
3633 1534 3763 1584 tunc

2176 1585 2368 1642 Filium
2419 1604 2575 1683 suum
2627 1595 2791 1648 misit.
2841 1594 3067 1664 Quando
3102 1602 3271 1672 magis
3312 1604 3472 1677 impie
3512 1585 3763 1683 agebant,

2180 1689 2305 1733 tunc
2352 1681 2524 1748 majus
2556 1683 2874 1742 beneficium
2916 1692 3161 1747 contulit.
3211 1694 3281 1750 Et
3311 1707 3365 1752 tu
3405 1702 3448 1756 si
3481 1681 3641 1772 quem
3671 1681 3769 1764 ex;-

2173 1782 2477 1840 asperatnm
2503 1774 2724 1844 videris,
2750 1788 2877 1837 tunc
2904 1783 3075 1855 magis
3099 1786 3231 1842 cede
3259 1806 3273 1842 :
3307 1791 3399 1846 ille
3425 1810 3658 1868 namque
3683 1801 3770 1856 fu-

2174 1882 2265 1920 ror
2284 1869 2482 1951 inajori
2510 1880 2632 1941 eget
2653 1876 3038 1932 consolatione.
3069 1879 3280 1947 Quanto
3306 1888 3603 1953 graviorem
3626 1909 3763 1949 con-

2175 1962 2446 2016 tumeliam
2490 1963 2688 2032 infert,
2741 1977 2890 2024 tauto
2931 1971 3120 2041 majori
3171 1982 3578 2038 mansuetudine
3620 2003 3755 2057 opus

2172 2063 2254 2106 est
2285 2071 2299 2109 :
2326 2071 2388 2109 ac
2419 2056 2557 2112 sicut
2593 2057 2755 2114 febris
2783 2063 2995 2131 quando
3025 2066 3193 2137 magis
3221 2069 3421 2133 instat.
3470 2086 3591 2132 tunc
3633 2082 3755 2150 plus

2171 2162 2305 2213 opus
2333 2146 2493 2204 habet
2519 2150 2746 2208 cedente
2770 2170 2783 2205 :
2816 2156 2893 2209 sic
2923 2165 2976 2210 et
3005 2156 3094 2211 ille
3125 2160 3213 2229 qui
3247 2161 3515 2221 irascitur.
3536 2146 3757 2237 Quando

2171 2237 2283 2294 fera
2311 2243 2477 2312 magis
2512 2255 2880 2313 eanperatur,
2916 2256 3041 2304 tunc
3070 2266 3259 2308 omnes
3302 2254 3535 2326 fugimus
3563 2277 3576 2312 :
3602 2261 3679 2318 sic
3706 2275 3763 2317 et

2169 2329 2305 2385 irato
2332 2332 2605 2389 cedamus.
2656 2336 2734 2391 Ne
2763 2347 2915 2406 putes
2957 2339 3059 2395 hoc
3102 2342 3359 2400 honorem
3409 2363 3571 2404 esse:
3608 2354 3757 2407 Alio-

2167 2425 2293 2494 quin
2325 2424 2488 2481 feram
2517 2428 2865 2493 honoramus,
2915 2444 2970 2487 et
2999 2433 3236 2490 furentes
3267 2440 3492 2506 proinde
3524 2442 3762 2500 honora-

2167 2531 2320 2582 mus,
2367 2534 2488 2574 cum
2517 2521 2891 2578 declinamus?
2934 2525 3149 2583 Minime
3185 2548 3198 2582 :
3229 2530 3518 2600 ignominia
3545 2537 3647 2591 hoc
3678 2551 3764 2592 est

2165 2617 2220 2660 et
2242 2611 2597 2676 contumelia;
2623 2613 2731 2666 imo
2761 2631 2866 2668 non
2892 2616 3179 2683 ignominia
3205 2631 3259 2675 et
3286 2629 3628 2689 contumelia,
3662 2631 3761 2685 scd

2166 2699 2531 2756 misericordia
2562 2713 2612 2757 et
2643 2704 2963 2775 benignitas.
2983 2708 3101 2764 Non
3129 2711 3280 2767 vides
3304 2727 3513 2782 nautas,
3538 2723 3760 2788 quando

2167 2792 2518 2847 vehementer
2543 2795 2633 2848 flat
2656 2810 2867 2862 ventus,
2901 2799 3185 2858 demittere
3214 2805 3351 2868 vela,
3387 2822 3453 2862 ne
3478 2813 3762 2881 demerga-

2164 2890 2249 2935 tur
2288 2885 2480 2937 navis?
2517 2886 2750 2954 equitem
2795 2903 2900 2942 non
2947 2891 3117 2957 vides,
3161 2908 3285 2949 cum
3319 2897 3516 2967 abripit
3540 2915 3712 2969 equus
3736 2943 3755 2969 ,

2161 2973 2439 3028 cedentem
2464 2991 2564 3030 nec
2594 2978 2933 3045 retinentem,
2965 2997 3031 3036 ne
3052 2995 3243 3051 Sponte
3268 2987 3409 3041 vires
3438 2989 3717 3046 absumat?

2230 3066 2284 3120 4.
2322 3067 2431 3120 Iloc
2453 3079 2511 3124 et
2536 3077 2589 3121 lu
2620 3068 2795 3124 facito.
2831 3069 3003 3126 Furor
3031 3073 3164 3143 ignis
3183 3085 3295 3142 est,
3324 3077 3534 3133 ﬂamina
3555 3082 3757 3138 aniens

2161 3158 2384 3210 materia
2413 3173 2620 3229 egens:
2654 3162 2852 3230 neigui
2909 3179 3085 3217 escam
3147 3170 3488 3238 suppeditas,
3541 3184 3596 3228 et
3641 3182 3755 3228 cito

2161 3249 2358 3301 malum
2403 3250 2722 3320 exstinguis.
2770 3254 2846 3306 lra
2897 3270 2999 3309 non
3049 3274 3144 3326 per
3172 3275 3232 3312 se
3273 3262 3372 3313 vim
3422 3262 3620 3329 habet,
3649 3267 3753 3321 nisi

2159 3338 2296 3393 alius
2346 3340 2513 3408 ipsam
2562 3343 2689 3397 alat.
2737 3343 2942 3399 Nullam
2990 3356 3047 3402 tu
3103 3355 3502 3407 excusationem
3562 3357 3749 3412 habes.

2161 3428 2255 3484 Ille
2303 3430 2484 3487 furore
2528 3431 2842 3501 detinetur,
2886 3453 2983 3493 nec
3029 3442 3132 3495 scit
3153 3443 3282 3511 quid
3330 3444 3497 3510 facit;
3552 3458 3605 3503 tu
3652 3455 3745 3520 qui

2160 3522 2305 3576 illum
2355 3524 2579 3579 intueris
2602 3568 2616 3590 ,
2648 3543 2769 3581 eum
2802 3530 2853 3582 in
2886 3531 3030 3598 paria
3070 3533 3312 3593 incidens
3336 3578 3350 3601 ,
3402 3554 3575 3608 neque
3622 3543 3751 3599 hinc

2158 3615 2456 3684 sapientior
2483 3619 2667 3674 evadis
2686 3663 2701 3687 ,
2730 3638 2888 3691 quam
2919 3626 3126 3680 veniam
3158 3632 3423 3686 mereris?
3450 3634 3503 3686 Si
3541 3637 3589 3689 iu
3618 3652 3753 3691 con-

2158 3708 2353 3763 vivium
2384 3710 2504 3779 quis
2530 3712 2755 3767 veniens
2776 3755 2791 3780 ,
2827 3714 2879 3768 in
2910 3719 3172 3772 vestibulo
3210 3725 3515 3791 quempiam
3546 3728 3753 3782 videret

2158 3800 2365 3856 ebrium
2388 3802 2638 3858 indecore
2653 3818 2921 3875 agentem,
2942 3808 3241 3881 deindeque
3258 3813 3439 3880 ipsein
3462 3818 3606 3885 paria
3625 3819 3755 3873 inci-

2159 3893 2346 3959 deret,
2397 3911 2579 3950 nonne
2627 3910 2743 3965 post
2786 3900 2931 3975 illum
2961 3902 3142 3956 ebrius
3188 3904 3359 3961 factus
3386 3909 3563 3964 minus
3593 3913 3749 3968 venia

2156 3984 2346 4055 dignus
2371 3996 2515 4040 esset
2536 3988 2558 4040 ?
2579 3987 2653 4042 lla
2674 4000 2730 4042 et
2759 3989 2842 4043 hic
2861 3991 3143 4047 dicendum
3177 4013 3193 4050 :
3228 4014 3295 4051 ne
3319 4011 3566 4067 putemus
3588 4020 3749 4073 posse

2157 4076 2222 4129 ad
2250 4076 2613 4134 defensionem
2641 4080 2742 4134 dici
2774 4099 2788 4133 :
2818 4082 2931 4137 Non
2962 4100 3062 4155 ego
3082 4089 3220 4157 coepi
3249 4105 3263 4141 :
3298 4093 3397 4147 hoc
3427 4109 3614 4150 Contra
3646 4114 3746 4153 nos

2156 4179 2278 4235 est,
2307 4171 2428 4239 quia
2460 4186 2630 4240 neque
2655 4173 2802 4227 illum
2833 4166 3074 4232 videntes
3095 4219 3111 4239 ,
3144 4187 3594 4251 tcinperantiores
3621 4188 3745 4245 facti

2157 4277 2341 4317 sunms
2370 4284 2382 4315 :
2416 4266 2868 4333 quemadmodum
2912 4270 2957 4324 si
2999 4272 3119 4341 quis
3144 4274 3286 4329 dicat
3314 4294 3327 4328 :
3361 4278 3475 4348 Ego
3504 4297 3609 4337 non
3638 4285 3744 4352 pri-

2158 4372 2278 4410 mus
2327 4358 2519 4412 occidi.
2580 4359 2702 4416 Ideo
2747 4377 2977 4433 namque
3025 4380 3181 4434 paena
3227 4368 3422 4440 dignus
3466 4389 3526 4429 es
3557 4415 3572 4437 ,
3616 4377 3741 4445 quia

2154 4450 2457 4518 υκοιηψιιιιιι
2489 4452 2705 4519 videns,
2742 4470 2844 4510 non
2869 4465 2920 4509 te
2949 4458 3259 4516 ciiltibuisti.

2227 4540 2473 4596 Iracundi
2493 4547 2845 4616 Μαῖρα-δί
2874 4550 3084 4607 videres
3110 4554 3319 4608 ebrium
3347 4573 3564 4614 vomere
3582 4602 3597 4624 ,
3628 4561 3741 4614 dis.

2157 4633 2331 4697 trahi,
2360 4635 2624 4704 dirumpi,
2654 4640 2823 4693 oculis
2865 4643 3029 4695 torvis
3065 4646 3334 4714 respicere
3354 4689 3370 4712 ,
3405 4650 3740 4706 immunditia

2156 4739 2394 4780 mensam
2447 4728 2694 4796 replere,
2744 4746 2932 4788 omnes
2979 4735 3128 4789 illum
3177 4736 3398 4809 fugere,
3442 4743 3741 4814 deindcque

2156 4816 2383 4883 inparia
2432 4818 2728 4886 incideres,
2782 4840 2960 4877 annon
3010 4829 3180 4897 magis
3228 4831 3522 4899 culpandus
3550 4837 3743 4891 esses?

2153 4905 2296 4961 Talis
2322 4917 2405 4961 est
2430 4910 2712 4965 iracundus
2742 4929 2754 4965 :
2790 4916 2961 4985 magis
2983 4932 3148 4974 venas
3178 4920 3362 4988 inflat,
3395 4941 3552 4993 quam
3579 4928 3622 4981 is
3649 4930 3739 4998 qui

2155 5001 2362 5054 vomit:
2394 5003 2579 5056 oculos
2622 5004 2949 5073 inflammat,
2980 5012 3184 5067 viscera
3229 5014 3488 5086 discerpit
3511 5061 3526 5082 .
3576 5025 3741 5079 vomit

2155 5093 2317 5147 verba
2343 5094 2432 5147 illo
2448 5097 2568 5150 cibo
2590 5099 2895 5166 impuriora,
2922 5103 3183 5174 indigesta
3205 5110 3379 5164 omnia
3403 5111 3635 5181 loquitur
3661 5119 3740 5170 ui-

2153 5184 2334 5254 hilque
2354 5187 2643 5256 perfectum
2670 5194 2689 5262 (
2712 5209 2814 5246 non
2845 5196 2987 5250 enim
3015 5200 3142 5253 sinit
3171 5201 3285 5272 ira)
3310 5220 3325 5266 ;
3363 5205 3455 5259 sed
3477 5207 3613 5262 sicut
3634 5208 3742 5264 i'l:e

2153 5293 2295 5346 Surpt:
2344 5280 2678 5336 mintoderati
2746 5284 2999 5342 humores
3061 5295 3397 5348 stomachum
3461 5299 3738 5355 turbantes

2151 5373 2327 5425 omnia
2381 5387 2686 5430 evacuant:
2737 5380 2804 5431 ita
2832 5388 2887 5434 et
2934 5381 3024 5437 hic
3067 5386 3217 5440 calor
3262 5389 3459 5444 nimius
3502 5392 3736 5448 animam

2151 5467 2639 5532 concutiens,non
2667 5469 2793 5522 sinit
2837 5481 3016 5543 tegere
3057 5493 3175 5546 qua:
3217 5480 3377 5534 silere
3424 5495 3735 5552 oporteret;

2150 5555 2243 5609 sed
2270 5556 2493 5611 dicenda
2524 5568 2579 5613 et
2606 5577 2710 5612 non
2741 5561 2967 5618 dicenda
2997 5565 3221 5621 effundit
3244 5611 3259 5631 ,
3293 5588 3395 5624 non
3423 5574 3734 5641 audientes,

2148 5646 2243 5701 sed
2288 5649 2633 5718 semetipsmn
2680 5652 2997 5724 deturpans.
3048 5660 3196 5713 Sicut
3242 5661 3401 5731 igitur
3458 5677 3737 5722 vomentes

2149 5735 2418 5808 fugimus,
2472 5741 2549 5794 sic
2593 5751 2649 5797 et
2699 5744 2864 5799 iratos
2907 5745 3193 5818 fugiamus.
3242 5752 3380 5819 Quid
3432 5754 3736 5813 faciemus?

2153 5826 2378 5886 Pulvere
2421 5836 2677 5889 vomitum
2709 5845 2983 5908 legamus,
3017 5843 3244 5898 tacendo
3289 5862 3452 5904 canes
3481 5866 3737 5908 vocemus
