4112 6432
391 439 501 497 253

393 569 448 612 ut
480 555 744 612 vomitum
771 555 952 611 edant.
981 552 1106 609 Scio
1133 566 1226 606 vos
1256 551 1370 605 tneo
1389 565 1510 605 cum
1536 564 1730 603 nausea
1758 548 1946 602 audire
1977 564 1986 597 ‘.

391 647 488 704 sed
522 657 651 702 tunc
680 647 763 700 sic
790 661 884 700 vos
925 644 1064 698 afﬁci
1094 643 1283 710 velim_
1320 657 1440 696 cum
1487 641 1573 694 illa
1618 641 1731 694 ﬁeri
1763 639 1985 703 videtis,

390 754 493 796 nec
519 737 587 792 de
609 753 668 791 re
696 737 786 790 illa
809 736 1081 790 oblectari.
1103 733 1433 788 Innnundior
1457 741 1540 786 est
1567 731 1988 786 contumeliosus

393 843 526 888 eane
551 834 859 882 revertente
880 826 946 880 ad
971 824 1223 879 vomitum
1256 838 1434 876 suum.
1464 821 1519 876 Si
1545 821 1687 876 enim
1709 829 1988 890 postquam

393 921 562 978 semel
593 920 878 985 evomuit,
929 925 1200 981 cessaret,
1251 932 1356 969 non
1402 922 1548 968 esset
1591 913 1708 966 cani
1753 909 1985 972 similis;

392 1017 435 1071 si
468 1031 598 1069 vero
631 1028 842 1067 rursum
875 1010 1060 1066 eadem
1093 1011 1208 1079 ipsa
1249 1017 1462 1062 evomat
1485 1022 1510 1070 ,'
1547 1006 1720 1074 palam
1751 1015 1835 1058 est
1863 1018 1986 1057 eum

390 1105 580 1160 eadem
612 1105 724 1173 ipsa
753 1101 1074 1158 comedisse.
1104 1099 1240 1167 Quid
1267 1099 1357 1152 illo
1383 1094 1837 1151 abominabilius?
1863 1092 1987 1163 quid

393 1198 660 1265 impurius
691 1195 784 1247 illo
809 1209 936 1256 ore,
965 1193 1054 1261 qui
1089 1192 1223 1244 tales
1250 1188 1455 1242 mandit
1483 1184 1675 1242 escas?
1703 1184 1864 1255 Atqui
1889 1183 1990 1237 hoc

391 1302 531 1357 opus
559 1295 643 1341 est
681 1298 919 1348 naturae,
951 1281 1078 1336 illud
1126 1281 1382 1345 minime;
1419 1280 1526 1332 imo
1554 1287 1609 1333 et
1643 1276 1746 1331 hoc
1774 1285 1827 1330 et
1859 1272 1988 1328 illud

389 1389 580 1433 contra
613 1386 856 1430 naturam
886 1384 985 1427 est.
1021 1371 1346 1439 Quomodo?
1373 1370 1487 1424 Non
1517 1367 1810 1424 secundmn
1843 1376 1992 1420 mtu-

391 1489 511 1526 ram
537 1480 620 1525 est
643 1469 762 1524 siue
789 1482 950 1522 causa
978 1465 1358 1520 contumeliam
1403 1462 1602 1517 inferre
1623 1501 1638 1525 ,
1679 1459 1775 1515 sed
1803 1467 1988 1512 contra

396 1573 645 1620 naturam
671 1579 684 1614 :
715 1562 874 1631 igitur
915 1559 1046 1613 nihil
1079 1567 1135 1612 ut
1166 1557 1326 1611 homo
1374 1554 1641 1625 loquitur,
1683 1551 1775 1606 sed
1803 1551 1904 1604 alia
1933 1559 1992 1603 ut

404 1656 522 1709 fera
545 1696 558 1718 ,
585 1653 680 1706 alia
707 1663 762 1706 ut
797 1651 1000 1705 furens.
1037 1645 1500 1715 Quemadmodum
1543 1658 1672 1712 ergo
1699 1654 1991 1710 corp..reus

411 1747 626 1800 morbus
665 1753 857 1814 praeter
897 1751 1142 1796 naturam
1168 1749 1284 1802 est,
1318 1741 1396 1793 sic
1422 1747 1476 1792 et
1522 1733 1608 1790 hic
1653 1721 1888 1788 morbus.
1923 1732 1992 1786 Et

409 1837 528 1906 quia
559 1845 747 1904 praeter
789 1841 1032 1888 naturam
1064 1841 1182 1897 est,
1233 1829 1281 1884 si
1323 1830 1374 1883 in
1417 1829 1506 1882 illo
1550 1836 1822 1888 moretur,
1856 1840 1988 1892 pau-

404 1927 550 1980 latim
595 1925 768 1994 perit;
819 1924 870 1976 in
903 1937 970 1977 eo
1015 1932 1194 1974 autem
1224 1919 1364 1989 quod
1395 1917 1688 1973 secundum
1741 1925 1986 1968 naturam

397 2027 486 2072 est
531 2029 788 2079 moratis,
840 2031 945 2068 non
1002 2012 1218 2083 peribit.
1275 2011 1487 2065 Mallem
1542 2008 1813 2064 convivari
1867 2023 1988 2062 cum

402 2109 621 2163 homine
669 2108 837 2161 lutum
885 2106 1118 2169 edente,
1172 2120 1330 2174 quam
1377 2119 1498 2158 cum
1547 2103 1666 2156 talia
1719 2102 1987 2171 loquente.

396 2204 594 2254 Annon
650 2198 844 2252 videtis
893 2212 1087 2266 porcos
1131 2206 1340 2250 stercus
1369 2195 1636 2249 edentes?
1668 2195 1756 2247 Sic
1785 2203 1839 2248 et
1880 2193 1986 2247 isti.

395 2293 534 2362 Quid
563 2293 705 2347 enim
737 2291 927 2346 foedius
972 2289 1150 2344 verbis
1172 2328 1187 2353 ,
1229 2304 1349 2358 qua:
1391 2288 1679 2357 loquuntur
1707 2295 1987 2340 contume-

398 2385 565 2437 iattsl?
615 2384 676 2437 lli
721 2391 915 2436 curant
961 2381 1094 2435 nihil
1136 2395 1325 2435 sanum
1367 2379 1547 2449 loqui,
1598 2378 1728 2432 nihil
1761 2392 1988 2448 purum,

397 2476 493 2531 sed
516 2476 560 2529 si
585 2475 710 2544 quid
743 2474 938 2528 findunt
967 2514 982 2536 ,
1010 2473 1054 2526 si
1082 2471 1207 2542 quid
1239 2481 1392 2540 turpe
1415 2511 1428 2535 ,
1460 2469 1512 2524 id
1540 2484 1700 2538 agere
1723 2478 1776 2523 et
1797 2468 1945 2522 effari
1973 2485 1985 2521 :

404 2571 656 2639 quodque
701 2569 914 2636 gravius
957 2575 1072 2631 est,
1100 2565 1226 2619 dum
1255 2579 1373 2619 sese
1402 2562 1687 2631 deturpant
1713 2602 1728 2626 ,
1760 2561 1894 2616 alios
1931 2575 1992 2614 se

397 2662 686 2730 deturparc
719 2670 922 2729 putant.
955 2657 1108 2725 Quod
1135 2656 1278 2712 enim
1325 2670 1445 2710 sese
1492 2654 1819 2721 deturpent,
1866 2653 1991 2707 imle

400 2753 585 2821 liquet.
619 2751 694 2805 Nc
721 2747 850 2804 tnihi
883 2750 1022 2804 enini
1055 2763 1150 2805 eos
1171 2789 1185 2813 ,
1216 2747 1306 2818 qui
1355 2744 1632 2800 mendacia
1661 2749 1948 2814 loquuntur
1968 2783 1984 2808 ,

398 2845 644 2913 alleges;
693 2841 788 2896 sed
839 2841 909 2894 sit
962 2839 1208 2910 quaedam
1256 2837 1482 2907 insignis
1529 2836 1820 2900 meretrix,
1876 2834 1990 2888 sive

397 2940 519 3006 quis
555 2939 688 2990 alius
712 2951 777 2989 ex
807 2949 968 2989 scena
986 2977 999 2998 ,
1031 2935 1142 3003 qui‘
1160 2949 1283 2989 cum
1309 2933 1416 2986 alio
1443 2947 1670 3002 pugnam
1692 2941 1939 2986 conserat
1973 2948 1986 2982 :

400 3032 525 3085 hinc
553 3031 641 3085 ille
673 3030 770 3099 ipsi
801 3031 896 3083 ista
930 3029 1210 3098 loquatur,
1245 3027 1331 3080 hic
1363 3040 1576 3080 rursum
1615 3024 1801 3080 eadem
1831 3038 1987 3092 repe-

398 3135 476 3178 tat
510 3143 521 3178 :
567 3133 683 3178 uter
713 3124 880 3192 magis
927 3121 1252 3176 contumelia
1283 3119 1558 3173 afﬁcitur?
1585 3118 1718 3172 Nam
1748 3117 1836 3171 ille
1865 3117 1988 3187 qui-

397 3216 523 3271 dem
553 3216 696 3285 quod
743 3232 906 3284 penes
937 3231 995 3268 se
1026 3213 1247 3276 habuit,
1278 3211 1482 3266 audivit
1512 3229 1526 3276 ;
1561 3211 1649 3265 hic
1678 3226 1804 3264 vero
1844 3208 1988 3279 quod

399 3324 507 3361 non
539 3307 772 3370 habuit;
805 3307 983 3375 itaque
1031 3305 1106 3358 illi
1154 3303 1288 3358 nihil
1335 3303 1564 3357 accessit
1605 3300 1985 3370 turpitudinis;

397 3400 521 3454 huic
549 3414 676 3453 vero
704 3399 1008 3468 plurimum.
1033 3395 1140 3450 Sed
1169 3396 1276 3449 sint
1299 3393 1542 3464 quaedam
1576 3392 1716 3446 edita
1744 3392 1761 3423 ⁸
1791 3405 1986 3459 Opera,

395 3508 514 3561 qua:
543 3490 694 3546 solus
739 3490 826 3543 ille
871 3487 1299 3544 contumeliosus
1347 3485 1592 3549 noverit;
1624 3482 1853 3549 deinde,
1898 3481 1987 3551 qui

395 3594 522 3638 ante
543 3591 811 3647 tacuerat,
833 3581 1211 3636 contumeliam
1238 3578 1425 3633 ellerat
1455 3593 1468 3630 :
1503 3576 1581 3632 sic
1601 3589 1814 3643 quoque
1845 3573 1984 3627 idem

395 3677 512 3745 ipse
543 3675 710 3744 magis
739 3673 1062 3728 contumelia
1103 3670 1325 3724 allectus
1355 3675 1456 3722 est.
1488 3664 1814 3731 Quomodo?
1847 3665 1987 3718 Prac-

395 3784 461 3823 co
506 3767 722 3821 malitia:
771 3765 974 3829 factus,
1028 3761 1364 3817 inﬁdelitatis
1413 3758 1610 3814 famam
1663 3758 1897 3828 accipit:
1931 3766 1988 3812 ct

460 3909 477 3938 ¹
511 3905 655 3956 Alius
675 3906 844 3964 habet,
862 3909 1066 3962 secreta,
1089 3914 1198 3963 pro,
1222 3897 1375 3950 edita.

1362 430 1429 487 IN
1469 429 1646 486 ACTA
1693 427 2219 487 APOSTULORUM.
2265 430 2496 487 llOMlL.
2543 432 2760 488 XXXII.

3583 444 3676 480 οη

3587 477 3686 501 nn)‘.

2097 561 2288 603 omnes
2327 548 2508 605 subito
2533 563 2596 604 se
2635 549 2940 603 incusantes
2987 550 3216 615 videbit,
3250 569 3312 608 ac
3345 555 3467 610 talia
3496 557 3687 628 ubique.

2098 639 2425 708 loquentes:
2458 640 2515 695 Si
2555 640 2736 703 enim,
2784 641 3025 710 inquicnt
3050 685 3064 710 ,
3117 643 3392 701 homicidii
3438 651 3690 704 conscius

2097 743 2248 805 erat,
2282 734 2462 788 omnia
2510 734 2792 789 enuntiare
2837 736 3119 803 oportebat
3150 754 3166 792 :
3195 753 3494 808 omnesque
3537 740 3687 796 illum

2096 825 2246 895 quasi
2278 842 2345 880 ne
2376 824 2536 879 homo
2573 825 2792 896 quidem
2819 827 2889 881 sit
2918 837 3235 881 aversantur
3254 869 3270 895 ,
3300 831 3425 884 odio
3451 829 3690 899 habent,

2095 916 2264 972 feram
2292 932 2414 973 esse
2442 918 2629 973 dicunt
2659 918 2950 973 immanem
2979 937 2994 986 ;
3028 919 3153 973 huic
3181 937 3310 975 vero
3338 923 3507 994 magis
3531 924 3690 993 igno-

2095 1019 2283 1076 scunt,
2311 1024 2470 1080 quam
2503 1011 2600 1064 illi.
2630 1010 2744 1065 Non
2771 1012 2912 1064 enim
2943 1011 3164 1080 perinde
3194 1027 3288 1067 eos
3309 1054 3322 1076 ,
3349 1014 3441 1084 qui
3469 1015 3688 1070 vulnera

2100 1100 2344 1168 habent,
2375 1101 2500 1156 odio
2531 1101 2790 1156 habemus
2811 1143 2826 1166 ,
2857 1113 3020 1171 atque
3053 1103 3204 1167 illos,
3233 1104 3324 1173 qui
3355 1119 3420 1158 ea
3448 1105 3693 1161 revelare

2095 1203 2312 1262 cogunt.
2347 1193 2420 1248 Ita
2449 1201 2501 1247 et
2527 1193 2612 1246 hic
2633 1193 2959 1248 contumelia
2985 1193 3165 1249 affecit
3189 1209 3298 1248 non
3325 1193 3476 1250 illum
3502 1197 3686 1260 modo,

2095 1285 2188 1339 sed
2211 1286 2370 1338 etiam
2398 1285 2633 1355 seipsum
2655 1295 2710 1340 et
2733 1287 3012 1341 audientes
3038 1302 3489 1360 communemque
3517 1289 3691 1346 homi-

2096 1393 2225 1432 num
2255 1387 2499 1432 naturam
2532 1396 2545 1431 :
2580 1378 2836 1447 perculsit
2866 1379 3194 1446 auditorem,
3221 1380 3354 1434 nihil
3384 1381 3510 1436 boni
3538 1381 3687 1437 fecit.

2097 1470 2222 1524 Ideo
2249 1471 2377 1524 dicit
2405 1471 2600 1525 Paulus
2634 1485 2649 1524 :
2684 1470 2745 1525 Si
2766 1472 2878 1541 quis
2903 1471 3063 1525 bonus
3091 1488 3255 1526 sermo
3285 1472 3355 1526 ad
3377 1474 3687 1542 aediﬁcatio-

2095 1578 2206 1616 nem
2229 1605 2242 1628 ,
2272 1573 2325 1616 ut
2347 1564 2428 1617 det
2449 1565 2665 1633 gratiam
2695 1565 3012 1621 audientibus
3038 1565 3266 1638 (Ep/tes.
3299 1569 3353 1623 4.
3378 1569 3450 1624 29
3471 1570 3508 1636 ).
3543 1569 3686 1622 Bona

2098 1654 2404 1724 loquentem
2457 1655 2748 1710 habeamus
2796 1657 3067 1727 linguam,
3103 1667 3160 1712 ut
3195 1659 3366 1713 simus
3409 1659 3689 1714 desidera-

2095 1747 2228 1800 biles
2267 1756 2322 1800 et
2360 1747 2636 1802 amabiles.
2683 1747 2878 1802 Verum
2917 1764 3152 1820 cousque
3179 1749 3396 1804 malitia:
3422 1766 3692 1821 pervene-

2097 1845 2221 1891 runt
2261 1837 2439 1891 omnia
2463 1879 2476 1904 ,
2505 1847 2562 1892 ut
2602 1838 2670 1892 de
2697 1839 2891 1908 quibus
2919 1840 3244 1894 erubescere
3281 1851 3589 1911 oporteret,
3623 1843 3690 1897 de

2095 1928 2160 1982 iis
2205 1928 2446 1998 plerique
2475 1929 2794 1998 glorientur.
2843 1929 2970 1983 ιιιυο
3016 1931 3332 2000 plerumque
3377 1914 3692 1988 minitantur

2095 2020 2359 2090 quidam:
2407 2020 2520 2074 Non
2551 2021 2776 2090 poteris
2831 2022 3066 2091 linguam
3115 2038 3288 2076 meam
3343 2023 3505 2078 ferre.
3566 2025 3692 2079 Ilaec

2096 2111 2339 2166 mulieris
2383 2112 2545 2165 verba
2594 2121 2716 2164 sunt
2743 2153 2756 2175 ,
2818 2113 3015 2166 vetula:
3068 2113 3231 2166 chri:e
3277 2124 3331 2166 et
3374 2114 3640 2167 indecorae
3670 2156 3686 2179 ,

2095 2217 2282 2256 eorum
2324 2201 2414 2271 qui
2445 2202 2616 2257 forum
2647 2204 3018 2273 frequentant,
3051 2203 3280 2256 lenonis.
3309 2201 3450 2257 Nihil
3481 2203 3692 2272 turpius

2098 2297 2181 2350 his
2223 2297 2431 2361 verbis,
2479 2295 2612 2350 nihil
2657 2296 2773 2350 viro
2813 2295 3114 2365 indignius,
3161 2293 3294 2348 nihil
3334 2295 3687 2359 muliebrius,

2095 2403 2257 2458 quam
2285 2388 2336 2441 in
2385 2388 2566 2456 lingua
2608 2387 2776 2441 robur
2826 2386 3063 2450 habere,
3117 2385 3170 2438 in
3218 2385 3477 2440 conviciis
3521 2386 3689 2439 altum

2095 2495 2286 2550 sapere
2309 2521 2325 2546 ,
2357 2488 2414 2533 ut
2442 2480 2478 2534 ii
2508 2481 2598 2549 qui
2640 2480 2691 2533 in
2741 2479 2955 2548 pompis
2999 2487 3198 2548 agunt,
3235 2486 3289 2532 ut
3321 2479 3504 2544 mimi,
3535 2493 3690 2548 para-

2095 2573 2224 2638 siti,
2256 2572 2581 2626 adulatores.
2616 2571 2768 2624 Porci
2814 2570 2985 2639 magis
3007 2611 3022 2636 ,
3057 2586 3215 2639 quam
3257 2569 3503 2624 homines
3529 2579 3688 2634 sunt,

2094 2665 2184 2734 qui
2233 2665 2304 2719 de
2355 2663 2550 2717 talibus
2597 2661 2914 2730 gloriantur.
2965 2661 3097 2714 Cum
3142 2669 3418 2730 oporteret
3462 2662 3688 2729 teipsum

2095 2755 2380 2819 defodere,
2415 2767 2536 2806 cum
2561 2759 2875 2820 oporteret,
2925 2750 2970 2804 si
2999 2751 3122 2820 quis
3147 2767 3208 2804 ea
3238 2751 3331 2803 tibi
3365 2750 3688 2805 testiﬁcare-

2096 2860 2211 2913 tur,
2230 2845 2595 2902 testimonium
2620 2843 2802 2913 fugere
2824 2843 2974 2912 quasi
3001 2843 3274 2896 inimicum
3297 2851 3352 2897 et
3376 2859 3480 2897 non
3499 2843 3685 2898 virile:

2097 2926 2156 2997 ui
2181 2955 2311 2996 vero
2349 2953 2524 3009 praeco
2567 2936 3010 2992 contumeliarum
3049 2950 3130 2990 es.
3165 2934 3272 2989 Sed
3316 2934 3448 2989 nihil
3491 2935 3688 2990 laedere

2096 3032 2297 3104 poteris
2345 3045 2508 3094 eum,
2560 3030 2649 3098 qui
2706 3028 2847 3082 male
2889 3027 3059 3082 audit.
3107 3026 3468 3092 Quamobrem
3520 3041 3686 3097 rogo,

2094 3126 2391 3195 cogitantes
2417 3130 2615 3192 quanta
2646 3122 2716 3174 sit
2763 3120 2998 3188 nequitia
3021 3159 3037 3182 ,
3084 3118 3151 3173 de
3177 3134 3279 3189 qua
3308 3129 3361 3174 et
3391 3119 3690 3189 gloriantur

2094 3215 2348 3287 quidam,
2383 3213 2764 3284 resipiscamus
2786 3253 2800 3276 ,
2826 3211 3179 3266 emendemus
3202 3225 3298 3266 eos
3328 3211 3416 3280 qui
3440 3212 3519 3265 sic
3548 3212 3692 3265 insa-

2094 3307 2250 3362 niunt
2267 3347 2284 3372 ,
2311 3305 2651 3362 eliminemus
2678 3317 2710 3357 e
2733 3302 2952 3356 civitate
2981 3301 3078 3355 hos
3103 3316 3393 3356 consessus
3412 3341 3428 3367 ,
3452 3301 3687 3371 linguam

2094 3413 2349 3454 ornemus
2378 3404 2614 3450 nostram
2637 3435 2650 3457 ,
2681 3403 2737 3449 et
2766 3393 2835 3446 ab
2858 3392 3005 3446 omni
3045 3391 3330 3446 maledicto
3355 3392 3644 3446 liberemus
3668 3431 3686 3458 ,

2095 3501 2152 3547 ut
2197 3490 2464 3561 possimus
2489 3503 2519 3541 a
2551 3486 2785 3557 peccatis
2818 3486 3052 3553 purgati,
3103 3499 3392 3551 supernam
3441 3487 3685 3538 benevo-

2095 3584 2312 3639 lentiam
2345 3579 2501 3634 nobis
2531 3577 2822 3631 conciliare
2843 3616 2858 3640 ,
2906 3585 2960 3629 et
2990 3575 3080 3628 Dei
3107 3574 3393 3628 clementia
3441 3574 3685 3644 dignari,

2092 3677 2263 3749 gratia
2293 3682 2348 3729 et
2377 3669 2812 3725 miserationibus
2846 3667 3112 3737 Unigeniti
3145 3666 3296 3735 ejus,
3337 3667 3554 3735 quicum
3582 3667 3685 3722 Pa-

2094 3773 2160 3826 tri
2213 3781 2268 3826 et
2318 3767 2540 3839 Spiritui
2607 3774 2794 3819 sancto
2845 3763 3052 3833 gloria,
3105 3761 3423 3830 imperium,
3475 3760 3686 3824 honor,

2094 3879 2235 3919 nunc
2266 3871 2319 3916 et
2346 3874 2594 3928 semper,
2627 3866 2683 3910 et
2709 3857 2760 3910 in
2787 3854 2983 3910 siccula
3013 3853 3358 3908 smculorum.
3392 3853 3584 3906 Amen.

397 3995 3670 4033 ______________________________.._——-————————-——

1649 4072 1998 4133 HOMILIA
2044 4065 2320 4131 XXXII.

391 4249 449 4290 ν.
487 4233 576 4287 27.
608 4229 797 4284 Morati
824 4235 1130 4282 mutantem
1156 4224 1222 4276 ibi
1249 4233 1443 4291 tempus
1462 4221 1573 4296 [non
1601 4217 1852 4271 modicum
1874 4232 1985 4268 cum

467 4323 750 4392 discipulis.
789 4320 917 4375 CAP.
955 4319 1038 4372 15.
1083 4317 1137 4370 1.
1189 4314 1256 4368 Et
1293 4311 1499 4380 quidam
1543 4307 1894 4364 descendentes
1925 4307 1988 4360 de

464 4417 678 4478 Iudaea,
708 4413 950 4468 docebant
981 4411 1163 4480 fratres
1199 4424 1215 4461 :
1247 4406 1381 4472 Quia
1425 4404 1522 4458 nisi
1551 4400 1987 4456 circumcidumini

465 4508 740 4562 secundum
767 4519 956 4558 morem
987 4501 1037 4555 Μ
1046 4499 1181 4570 oysis
1203 4539 1218 4562 ,
1257 4514 1356 4551 non
1385 4495 1590 4566 potestis
1619 4493 1829 4546 salvari.

468 4603 518 4654 l.
557 4598 685 4652 Vide
730 4597 925 4664 ubique
959 4593 1239 4647 transitum
1280 4591 1344 4642 ad
1382 4596 1570 4656 gentes
1601 4584 1908 4640 necessario
1955 4599 1985 4636 a

389 4691 595 4746 .indceis
637 4688 934 4743 inductum.
977 4684 1224 4738 Antehac
1250 4689 1533 4734 accusatus
1564 4678 1830 4732 rationem
1859 4675 1984 4729 red-

390 4783 599 4844 debat,
654 4788 710 4834 et
754 4777 1059 4833 excusantis
1105 4788 1255 4828 more
1303 4771 1482 4826 omnia
1535 4769 1883 4839 loquebatur:
1933 4767 1986 4821 id

389 4875 536 4944 quod
580 4886 886 4927 sermonem
927 4867 1094 4938 magis
1138 4873 1420 4934 acceptum
1453 4861 1748 4924 reddebat;
1790 4859 1986 4914 deinde

391 4968 596 5023 .ludzeis
637 4964 1047 5026 aversantibus,
1093 4959 1240 5014 venit
1287 4957 1354 5011 ad
1400 4967 1612 5026 gentes.
1647 4953 1746 5009 llic
1791 4955 1986 5008 iterum

389 5059 580 5114 videns
603 5057 763 5112 aliam
785 5053 1186 5111 altercationem
1209 5092 1223 5117 ,
1253 5050 1424 5119 legem
1449 5047 1650 5102 statuit.
1678 5045 1812 5111 Quia
1841 5044 1984 5098 enim

392 5164 579 5225 utpote
605 5168 636 5206 a
669 5152 778 5206 Deo
811 5149 992 5212 docti,
1027 5142 1491 5199 indiscriminatim
1523 5138 1773 5194 omnibus
1799 5138 1986 5205 loque-

390 5250 607 5314 bantur,
630 5246 734 5300 hoc
760 5242 974 5299 Judaeos
990 5239 1082 5310 qui
1109 5238 1334 5292 aderant
1363 5235 1426 5288 ad
1448 5233 1621 5288 zelum
1650 5230 1979 5302 provocavit.

389 5341 500 5396 Nec
529 5337 688 5393 modo
710 5333 1174 5390 circumcisionem
1196 5328 1498 5395 docebant,
1527 5325 1620 5379 sed
1660 5325 1822 5380 etiam
1867 5323 1985 5376 sine

388 5434 477 5490 illa
507 5434 736 5488 salutem
765 5429 952 5485 haberi
993 5443 1100 5482 non
1128 5441 1288 5497 posse
1309 5424 1580 5480 dicebant.
1609 5419 1705 5474 Cui
1742 5417 1818 5472 rei
1849 5431 1984 5469 con-

389 5526 551 5581 traria
579 5525 780 5581 docere
809 5521 1126 5591 oportebat,
1171 5531 1364 5587 nempe
1393 5515 1438 5569 si
1480 5509 1937 5569 circumcidamini
1966 5549 1980 5574 ,

386 5619 615 5673 salutem
665 5614 924 5684 consequi
985 5628 1090 5667 non
1139 5609 1383 5679 potestis.
1438 5605 1621 5660 Viden’
1675 5601 1983 5670 frequentes

386 5711 714 5765 tentationes
759 5708 904 5762 intus
949 5713 1006 5760 et
1052 5703 1202 5758 foris.
1238 5701 1405 5755 Recte
1435 5707 1614 5752 autem
1663 5692 1982 5764 providetur

383 5803 489 5857 hoc
516 5800 632 5856 ﬁeri
668 5799 832 5854 Paulo
860 5803 1126 5867 praesente
1145 5835 1162 5858 ,
1211 5801 1269 5846 ut
1298 5787 1642 5846 contradicat.
1701 5783 1816 5838 Non
1845 5781 1983 5836 dixit

382 5897 581 5956 Paulus
626 5911 638 5948 :
681 5891 820 5964 Quid
868 5889 1054 5947 enim?
1098 5900 1276 5940 annon
1319 5898 1436 5938 sum
1481 5880 1584 5934 ﬁde
1628 5878 1820 5948 dignus
1861 5884 1982 5939 post

2096 4220 2176 4266 tot
2218 4207 2415 4279 signa?
2455 4192 2551 4260 sed
2588 4212 2806 4274 propter
2833 4201 2955 4256 illos
2987 4213 3194 4254 morem
3220 4197 3405 4267 gessit.
3437 4197 3506 4252 Et
3542 4194 3685 4258 vide,

2094 4305 2308 4360 discunt
2333 4313 2523 4355 omnes
2552 4313 2636 4360 ea,
2669 4310 2789 4366 quas
2819 4295 2869 4348 in
2900 4303 3088 4363 gentes
3115 4290 3252 4345 facta
3281 4298 3456 4356 erant,
3488 4289 3688 4343 etiarn-

2094 4411 2198 4466 que
2228 4389 2584 4454 Samaritaui,
2631 4397 2684 4442 et
2723 4385 2980 4458 gaudent.
3019 4384 3076 4437 2.
3111 4382 3275 4436 Facta
3299 4398 3417 4453 ergo
3443 4381 3684 4434 seditione

2093 4497 2139 4542 et
2183 4483 2460 4557 quaestione
2482 4497 2601 4534 .non
2631 4479 2840 4532 minima
2881 4475 3052 4530 Paulo
3077 4484 3125 4529 et
3157 4473 3410 4529 Barnabas
3443 4473 3685 4525 adversus

2093 4578 2230 4643 illos,
2258 4583 2540 4628 statuerunt
2571 4580 2622 4623 ut
2651 4573 2976 4622 escenderent
3013 4563 3216 4618 Paulus
3249 4575 3295 4618 et
3326 4562 3616 4626 Barnabas,
3635 4571 3688 4616 et

2093 4668 2299 4737 quidam
2319 4653 2410 4718 alii
2431 4679 2494 4716 ea:
2518 4662 2620 4714 illis
2640 4661 2706 4712 ad
2722 4658 2982 4729 apostolos
3003 4664 3048 4709 et
3072 4656 3385 4725 presbyteros
3405 4653 3685 4708 inJerusa-

2095 4759 2191 4812 lem
2226 4773 2380 4825 super
2417 4757 2513 4808 hac
2541 4753 2835 4819 quwstione.
2864 4752 2917 4804 5.
2947 4747 3040 4802 Illi
3064 4764 3183 4818 ergo
3213 4744 3463 4816 prwmissi
3489 4745 3551 4799 ab
3581 4743 3689 4797 Ec-

2093 4850 2246 4903 clesia
2275 4843 2648 4918 pertransibunt
2682 4840 2974 4894 Pluenicem
3001 4847 3049 4892 et
3075 4836 3365 4892 Samariam
3378 4875 3407 4909 ,_
3422 4844 3690 4889 narrantes

2093 4941 2468 4995 conversionem
2497 4937 2722 5006 gentium
2747 4951 2766 4988 :
2800 4945 2845 4986 et
2877 4932 3130 5003 faciebant
3157 4930 3406 5001 gaudium
3442 4946 3691 5000 ntagnum

2093 5031 2325 5086 omnibus
2369 5026 2632 5100 fratribus.
2675 5026 2733 5080 4.
2764 5023 2888 5078 Cum
2919 5033 3087 5075 autem
3127 5021 3374 5074 uenissent
3418 5019 3689 5088 Jerosoly-

2093 5141 2228 5178 mam
2248 5165 2264 5192 ,
2292 5121 2512 5190 suscepti
2541 5129 2658 5172 sunt
2685 5116 2746 5169 ab
2767 5114 2996 5168 Ecclesia
3018 5123 3062 5167 et
3090 5113 3154 5166 ab
3180 5108 3428 5181 apostolis
3455 5121 3504 5163 et
3523 5109 3684 5164 senio-

2090 5223 2253 5284 ribus,
2280 5215 2638 5272 annuntiantes
2652 5220 2841 5282 quanta
2873 5207 3010 5262 Deus
3041 5207 3238 5278 fecisset
3265 5219 3380 5258 cum
3398 5201 3525 5255 illis.
3552 5199 3688 5253 Vide

2091 5328 2215 5369 cum
2257 5319 2454 5382 quanta
2498 5305 2801 5362 meonemia
2842 5317 2928 5356 res
2966 5309 3206 5370 geratur.
3254 5297 3310 5351 5.
3339 5293 3692 5348 Surrexernnt,

2090 5418 2261 5462 autem
2285 5404 2493 5476 quidam
2519 5402 2581 5454 ds
2607 5399 2785 5453 lueresi
2807 5394 3212 5455 Pharisaeorum,
3235 5387 3319 5459 qui
3339 5383 3684 5446 crediderant,

2091 5501 2312 5554 dicentes
2337 5513 2354 5551 :
2383 5496 2516 5563 Quia
2535 5500 2730 5562 oportet
2759 5486 3117 5543 circumcidere
3134 5497 3238 5544 eos,
3269 5477 3542 5549 precipere
3559 5490 3688 5544 quo-

2089 5608 2188 5664 que
2222 5604 2419 5643 servare
2465 5587 2624 5656 legem
2662 5579 2850 5648 Moysi.
2883 5577 2935 5632 6.
2967 5573 3419 5640 Convcneruntque
3465 5565 3684 5636 apostoli

2089 5661 2138 5735 et
2166 5679 2388 5734 seniores
2413 5673 2584 5729 videre
2626 5671 2690 5724 de
2733 5669 2883 5722 verbo
2913 5667 3027 5720 hoc.
3056 5665 3110 5718 7η
3141 5661 3268 5717 Cum
3288 5668 3457 5714 autem
3498 5671 3684 5724 magna

2089 5769 2389 5844 conquisitio
2438 5768 2613 5835 fieret,
2656 5776 2870 5830 surgens
2909 5757 3096 5812 Petrus
3131 5755 3260 5810 dixit
3299 5754 3367 5808 ad
3408 5767 3535 5807 eos:
3567 5748 3686 5806 Viti

2090 5869 2274 5938 fratres
2297 5905 2311 5931 ,
2343 5876 2429 5916 vos
2463 5857 2603 5913 scitis
2630 5853 2876 5926 quoniam
2899 5853 2964 5904 ab
2995 5845 3220 5919 antiquis
3249 5847 3426 5901 diebus
3460 5844 3593 5900 Dem
3626 5857 3680 5896 m
