4112 6474
370 466 474 522 $7.5

376 583 513 639 vobis
540 579 683 650 elegit
711 593 798 648 per
829 590 885 628 os
914 584 1081 625 meum
1106 564 1288 618 audire
1323 566 1496 650 gentes
1524 551 1729 607 verbum
1749 556 1965 650 strange:

376 675 454 739 lii,
501 681 549 727 et
586 647 808 724 credere.
849 663 983 718 Vide
1031 659 1249 714 Petrum
1290 651 1402 721 jam
1429 647 1558 739 olim
1587 647 1891 739 separatum
1915 647 1976 739 ha

382 732 618 833 ttegotio,
652 770 706 815 et
734 758 998 812 hactenus
1025 749 1406 821 judaizantem.
1451 737 1549 793 Vos
1588 732 1745 797 scitis,
1777 732 1973 833 inquit.

381 818 545 912 licito
585 818 811 907 aderant
839 863 902 901 ex
953 818 1053 908 iis,
1096 839 1185 911 qui
1236 837 1365 891 olim
1406 830 1795 886 accusaverant
1824 818 1975 912 illum

374 911 521 1005 circa
550 944 882 1005 Cornelium,
910 947 966 994 et
992 931 1220 1005 ingressi
1248 936 1372 984 sunt
1395 939 1518 980 cum
1546 920 1640 976 illo
1670 933 1685 969 :
1711 911 1982 1005 idcogillos

383 1003 601 1096 adducit
625 1046 809 1094 testes.
840 1003 915 1085 Ali
942 1003 1162 1098 antiquis
1202 1021 1376 1076 diebus
1400 1014 1546 1086 elegit
1573 1012 1627 1067 in
1657 1007 1790 1064 vobis
1807 1003 1980 1098 Deus.

384 1132 527 1201 Quid
555 1140 658 1192 εει,
680 1128 746 1183 In
776 1122 953 1179 vobis?
976 1097 1070 1173 Vel
1099 1118 1150 1171 in
1178 1110 1485 1171 Palmstina,
1515 1102 1711 1201 inquit,
1733 1097 1818 1201 vel
1848 1109 1985 1201 prin:

390 1186 827 1279 gentibusvobis.
864 1212 966 1267 Per
991 1227 1048 1266 os
1075 1223 1261 1263 meum.
1288 1201 1421 1259 Vide
1442 1193 1713 1268 quomodo
1737 1186 1991 1279 ostendat

613 1324 710 1380 per
757 1321 821 1361 se
866 1304 1148 1372 ioquutum
1172 1340 1186 1363 ,
1214 1306 1271 1352 et
1317 1292 1448 1348 nihil
1476 1290 1804 1380 humanum.
1836 1276 1989 1380 8.-

388 1371 629 1457 sordium
647 1399 878 1470 cognitor
909 1371 1049 1448 Deus
1078 1389 1375 1458 testiﬁcatus
1405 1392 1477 1437 est
1508 1381 1655 1451 ipsis.
1701 1375 1780 1470 Ad
1825 1371 1987 1470 spiri~

394 1493 586 1550 rituale
619 1466 985 1547 testimonium
1016 1481 1235 1538 adducit
1263 1478 1407 1532 illos.
1439 1472 1581 1527 Dans
1605 1470 1708 1524 illis
1739 1466 1993 1536 Spiritum

393 1594 643 1647 sanctum,
679 1581 809 1634 sicut
830 1588 877 1632 et
906 1577 1069 1630 nobis.
1107 1571 1237 1627 Vide
1267 1565 1537 1639 quomodo
1566 1561 1764 1630 ubique
1803 1566 1995 1627 gentes

394 1685 661 1744 CXthllal.
695 1672 750 1726 9.
806 1668 867 1723 Et
908 1668 1037 1722 nihil
1076 1661 1315 1718 discernit
1354 1660 1486 1712 inter
1512 1671 1602 1709 nos
1631 1662 1675 1707 et
1713 1650 1859 1714 illos,
1890 1647 1996 1744 fide

396 1740 675 1839 puri/icans
720 1764 875 1818 corda
917 1776 1112 1815 eorum.
1150 1760 1187 1810 Α
1234 1754 1337 1808 lide
1384 1750 1495 1807 sola
1520 1789 1537 1810 ,
1571 1745 1776 1839 inquit,
1805 1740 1993 1797 eadem

397 1837 718 1929 consequuti
742 1864 885 1911 sunt.
914 1854 976 1906 Et
996 1852 1109 1904 lucc
1137 1848 1240 1903 illis
1267 1845 1465 1898 monita
1490 1841 1714 1902 dantur;
1740 1837 1847 1890 imo
1868 1845 1999 1929 vero

398 1952 499 2006 hos
524 1925 719 2005 docere
758 1954 959 2017 potest,
988 1942 1091 1996 ﬁde
1120 1940 1232 1993 sola
1262 1951 1383 1991 esse
1412 1948 1569 2003 opus,
1602 1938 1657 1985 et
1684 1943 1789 1983 non
1820 1925 2001 1996 operi-

398 2042 497 2095 bus
525 2039 606 2093 vel
634 2036 1061 2093 circumcisione.
1091 2030 1278 2099 Neque
1319 2026 1464 2083 enim
1495 2024 1610 2078 lucc
1651 2020 1835 2076 dicunt
1878 2027 2002 2070 tan-

402 2143 517 2186 tum
539 2137 609 2185 ut
639 2128 877 2199 gentium
898 2138 1128 2180 causam
1156 2126 1352 2191 aga:.t;
1382 2115 1477 2171 sed
1506 2116 1667 2169 etiam
1701 2112 1819 2165 illos
1850 2106 2003 2163 insti-

406 2231 600 2286 tuunt,
634 2229 692 2274 ut
736 2215 1021 2272 discedant
1046 2230 1074 2267 a
1107 2214 1244 2282 lege.
1274 2208 1381 2265 Sed
1411 2200 1590 2261 tamen
1625 2202 1861 2257 nondum
1890 2199 2004 2253 haec

402 2312 609 2366 dicunt.
646 2309 733 2365 10.
768 2306 921 2361 Nunc
940 2320 1059 2375 ergo
1079 2320 1168 2357 cur
1197 2300 1398 2356 tentatis
1424 2298 1591 2353 Deum
1617 2297 1875 2367 imponere
1909 2293 2003 2361 ju-

408 2420 528 2473 gum
562 2418 716 2471 super
745 2398 969 2453 ceruices
1008 2392 1384 2464 discipulorum
1408 2432 1422 2455 ,
1468 2389 1605 2460 quod
1640 2402 1800 2457 neque
1840 2392 2007 2454 patres

404 2494 566 2548 nostri
594 2507 752 2562 neque
788 2505 879 2543 nos
900 2496 1103 2559 portare
1125 2482 1421 2553 potuimus?
1444 2481 1531 2534 il.
1554 2476 1660 2533 Sed
1683 2493 1770 2547 per
1788 2473 2008 2547 gratiam

408 2584 617 2639 Domini
656 2581 784 2636 Jesu
824 2579 1074 2633 credimus
1120 2574 1308 2629 saluari
1346 2570 1773 2643 quemadmodum
1815 2575 1861 2620 et
1908 2564 2006 2618 illi.

408 2675 547 2744 Quid
575 2684 659 2730 est
686 2672 817 2727 illud
840 2712 853 2735 ,
885 2668 1115 2723 Tentatis
1145 2665 1312 2719 Deum
1341 2662 1366 2715 ?
1396 2659 1504 2721 Cur
1533 2675 1639 2714 non
1666 2659 1906 2723 creditis,
1932 2656 2012 2710 in-

410 2765 690 2836 quit,Deo?
719 2779 816 2817 cur
840 2759 1058 2817 tenentis
1084 2771 1228 2819 eum,
1263 2753 1413 2824 quasi
1445 2767 1551 2805 non
1576 2751 1744 2821 pOSsit
1763 2750 1864 2803 lide
1891 2763 2009 2801 ser—

412 2859 571 2913 vare?
614 2858 796 2926 Itaque
839 2850 1173 2908 infidelitatis
1218 2858 1303 2903 est
1343 2847 1517 2916 legem
1551 2843 1771 2899 inferre.
1809 2839 2014 2896 Deinde

419 2949 658 3005 ostendit
707 2962 826 3002 eam
870 2944 978 3000 illis
1023 2958 1128 2995 non
1185 2939 1351 2994 fuisse
1395 2937 1579 2991 utilem
1624 2944 1729 2990 :ct
1764 2944 1932 2987 totum
1962 2932 2017 2985 in

415 3046 609 3112 legem,
640 3054 747 3093 non
778 3038 830 3091 in
866 3035 991 3089 illos
1022 3033 1198 3103 rejicit
1224 3072 1238 3096 ,
1273 3039 1432 3099 atque
1462 3029 1863 3083 accusationem
1890 3041 2015 3080 suc-

417 3134 567 3188 cidit.
598 3129 747 3195 Quod
774 3145 876 3182 non
903 3127 1164 3198 potuimus
1193 3138 1301 3186 nos,
1336 3121 1541 3190 inquit,
1569 3128 1615 3173 et
1656 3128 1832 3189 patres
1861 3119 2019 3171 nostri

422 3233 645 3294 portare.
668 3218 773 3275 Sed
793 3235 881 3288 per
905 3217 1123 3288 gratiam
1139 3212 1348 3267 Domini
1373 3210 1404 3264 J
1412 3228 1499 3265 esu
1528 3210 1781 3265 credimus
1808 3209 2018 3273 salvari,

422 3310 848 3383 quemadmodum
893 3318 941 3363 et
987 3306 1087 3361 illi.
1116 3307 1328 3373 Quanta
1356 3303 1550 3359 virtute
1576 3303 1731 3374 plena
1757 3310 1881 3356 sunt
1909 3304 2025 3356 haec

426 3404 628 3461 verba?
657 3404 787 3469 Quae
823 3400 1021 3456 l’aulus
1057 3398 1241 3453 multis
1288 3398 1339 3451 in
1386 3396 1625 3467 Epistola
1657 3395 1724 3449 ad
1754 3394 2028 3449 ltotnanos

426 3498 583 3563 dixit,
603 3495 791 3551 eadem
817 3504 872 3548 et
899 3493 985 3547 hic
1004 3491 1155 3546 dicit.
1186 3490 1245 3545 Si
1270 3489 1405 3545 enim
1430 3488 1718 3554 Abraham,
1748 3488 1938 3557 inquit,
1966 3502 2029 3541 ea:

431 3589 668 3658 operibus
681 3586 997 3657 justiﬁcatus
1022 3593 1129 3647 est,
1172 3582 1316 3635 habet
1339 3581 1558 3652 gloriam
1582 3620 1599 3647 ,
1639 3579 1728 3634 sed
1763 3596 1865 3632 non
1890 3577 2030 3649 apud

435 3678 600 3735 Deum
632 3677 807 3748 (llam.
832 3676 883 3729 4.
914 3672 992 3745 2).
1020 3672 1208 3729 Viden‘
1238 3675 1338 3727 hoc
1366 3672 1489 3727 illos
1516 3671 1685 3741 magis
1710 3666 1992 3725 instituere
2013 3710 2027 3735 ,

433 3785 593 3841 quam
626 3776 816 3839 gentes
842 3765 1175 3821 defendere?
1204 3764 1312 3819 Sed
1338 3764 1385 3819 si
1425 3762 1643 3835 quidem
1690 3762 1897 3833 absque
1925 3763 2031 3816 ulla

439 3862 725 3916 occasione
754 3859 871 3913 hanc
899 3858 1161 3924 dixisset,
1191 3858 1327 3911 forte
1370 3871 1477 3912 non
1520 3867 1804 3925 suspectus
1852 3865 2030 3921 esset;

439 3952 593 4006 initio
610 3962 788 4005 autem
810 3950 936 4003 hinc
961 3950 1199 4019 sumpto,
1230 3948 1424 4002 deinde
1455 3948 1572 4003 sine
1603 3958 1749 4002 metu
1775 3948 2032 4017 loquitur.

441 4043 511 4096 Et
534 4043 659 4096 vide
689 4040 958 4110 quomodo
987 4040 1186 4109 ubique
1211 4039 1413 4104 omnia,
1447 4054 1568 4109 qua:
1598 4038 1803 4093 inimici
1847 4054 2031 4091 move-

441 4145 591 4197 runt,
617 4134 721 4186 illis
747 4133 973 4202 prosint.
1001 4132 1112 4186 Nisi
1140 4131 1283 4186 enim
1311 4132 1383 4185 illi
1416 4131 1730 4197 movissent,
1760 4130 1879 4184 ha'c
1897 4129 2037 4183 dicta

445 4243 550 4282 non
578 4227 826 4291 fuissent,
853 4240 951 4279 nec
971 4226 1131 4280 etiam
1159 4239 1279 4295 qua
1298 4233 1615 4294 sequuntur.
1648 4222 1783 4278 Hinc
1803 4221 2038 4287 discunt,

444 4322 590 4391 quod
622 4320 833 4376 etiamsi
878 4330 1067 4389 gentes
1096 4318 1293 4374 adduci
1342 4318 1677 4385 noluissent,
1710 4332 1817 4372 non
1863 4326 2040 4372 tamen

446 4429 569 4469 esse
598 4414 715 4467 illas
745 4411 1141 4481 despiciendas.
1171 4410 1279 4466 Sed
1306 4424 1469 4493 supra
1496 4410 1637 4464 dicta
1676 4410 2040 4479 exploremus.

449 4502 516 4557 In
559 4504 730 4568 vobis,
778 4504 979 4573 inquit,
1016 4504 1197 4574 elegit,
1240 4516 1288 4557 st
1331 4503 1394 4557 ab
1434 4502 1652 4571 antiquis
1681 4502 1876 4556 diebus.
1932 4502 2047 4557 Hoc

451 4596 602 4660 dicit,
622 4595 913 4651 ostendens
938 4595 990 4650 id
1008 4596 1167 4662 olim,
1197 4611 1302 4650 non
1330 4610 1473 4651 nunc
1498 4596 1683 4652 fuisse.
1714 4596 1830 4651 Non
1858 4611 2045 4666 parum

452 4697 635 4740 autent
663 4694 766 4751 est,
802 4687 946 4757 quod
975 4688 1139 4741 etiam
1161 4685 1363 4743 Iudaeis
1391 4686 1738 4743 credentibus
1768 4689 1871 4743 hoc
1894 4704 2049 4742 aver-

455 4785 616 4831 tatur.
649 4778 863 4833 Duobus
907 4793 1035 4833 vero
1068 4778 1119 4833 id
1141 4821 1156 4846 ,
1189 4778 1331 4850 quod
1356 4779 1522 4846 dicit,
1555 4782 1904 4837 conlirmatur
1925 4821 1939 4848 ,
1997 4792 2052 4837 et

457 4878 699 4938 tempore
727 4880 777 4923 et
808 4870 943 4924 loco.
975 4871 1041 4925 Et
1068 4872 1211 4942 quod
1243 4870 1433 4944 Elegit,
1461 4872 1599 4928 bene
1630 4891 1644 4928 :
1678 4876 1816 4929 sicut
1841 4874 1894 4929 in
1923 4876 2051 4945 ipsis

458 4976 566 5015 non
593 4961 747 5027 dixit,
785 4961 1000 5030 Voluit,
1032 4961 1343 5035 sed,Elegit.
1376 4964 1660 5021 Undenam
1690 4966 1742 5021 id
1771 4967 1978 5037 liquet?
2007 4971 2048 5022 Α

457 5051 692 5123 Spiritu,
723 5053 918 5123 inquit.
950 5054 1153 5109 Deinde
1182 5055 1417 5111 ostendit
1449 5072 1556 5112 non
1585 5059 1772 5128 gratiae
1805 5068 2050 5128 tantum,

458 5146 556 5201 sed
586 5145 747 5200 etiam
787 5144 1005 5200 virtutis
1038 5147 1404 5203 testimonium
1456 5148 1558 5204 hoc
1584 5150 1689 5205 illis
1717 5166 1840 5208 esse
1864 5193 1880 5217 ,
1911 5153 2054 5222 quod

463 5239 601 5293 nihil
629 5239 805 5293 minus
832 5238 964 5309 ipsis
993 5240 1246 5309 praebeat.
1276 5241 1415 5296 Nihil
1442 5243 1609 5308 enim,
1635 5244 1825 5314 inquit,
1854 5246 2057 5301 discer-

462 5331 542 5385 nit
572 5334 712 5386 inter
757 5345 859 5385 nos
884 5339 940 5385 et
969 5331 1109 5386 illos.
1143 5331 1285 5403 Ergo
1324 5347 1420 5388 cor
1448 5335 1645 5404 ubique
1682 5338 2054 5406 quaerendum.

466 5425 531 5479 Et
560 5431 865 5495 opportune
887 5422 1024 5479 dixit
1056 5441 1070 5479 :
1103 5423 1347 5480 Gordium
1377 5428 1610 5497 cognitor
1650 5426 1790 5483 Deus
1812 5431 2056 5497 testiﬁca-

469 5526 551 5569 tus
574 5526 645 5570 est
666 5518 829 5587 ipsis;
868 5517 1007 5571 sicut
1032 5526 1086 5571 et
1113 5516 1223 5571 illic
1252 5531 1267 5571 :
1300 5516 1378 5571 Tu
1398 5556 1414 5583 ,
1446 5517 1687 5587 Domine,
1715 5521 1944 5586 cordiunt
1975 5539 2062 5577 co.

474 5609 645 5677 gnitor
668 5608 916 5675 omnium,
947 5609 1154 5663 ostende
1181 5608 1336 5681 (Act.
1363 5611 1416 5665 1.
1446 5609 1516 5667 ξι
1537 5612 1580 5681 ).
1622 5611 1758 5680 Quia
1785 5615 1927 5668 enim
1958 5616 2063 5671 hoc

471 5699 623 5762 vult,
668 5700 794 5754 vide
816 5699 947 5771 quid
976 5699 1171 5757 inferat
1205 5718 1221 5755 :
1253 5700 1404 5758 Nihil
1443 5702 1683 5757 discernit
1726 5705 1857 5760 inter
1896 5725 1987 5763 nos
2014 5719 2062 5764 et

466 5789 793 5857 ripsos.Cum
823 5791 1039 5849 illorum
1084 5794 1449 5853 testimonium
1479 5797 1723 5866 diceret,
1774 5809 1899 5859 tunc
1950 5820 2063 5859 ma-

1088 445 1145 500 S.
1185 435 1467 499 JOANNIS
1502 418 1980 488 CHRYSOSTOMI
2020 416 2338 472 AllCllllﬂP.
2378 409 2905 470 CONSTANTINOP.

3602 410 3727 467 236

2079 550 2242 605 gnum
2275 534 2402 590 illttd
2433 535 2629 592 effatus
2649 546 2732 591 est
2756 577 2771 599 ,
2803 536 2947 605 quod
2982 534 3178 590 Paulus
3201 536 3277 590 ait
3306 554 3319 591 :
3350 534 3567 605 Neque
3614 539 3724 590 cir-

2079 630 2322 684 cumcisio
2347 630 2470 699 quid
2493 629 2644 697 valet,
2675 646 2833 698 neque
2865 629 3169 700 prteputium
3208 630 3284 699 (ί.
3307 627 3437 685 Cor.
3474 631 3538 684 7.
3574 629 3720 700 19);

2082 729 2157 786 et,
2190 720 2258 774 Ut
2278 720 2405 775 duos
2424 720 2610 775 condat
2630 722 2684 774 in
2710 722 2979 790 semeptiso
3007 718 3226 790 (Ephes.
3250 720 3304 774 2.
3336 722 3457 789 15).
3492 721 3728 777 Horum

2083 813 2323 867 omnium
2349 812 2554 867 semina
2585 813 2638 867 in
2673 814 2934 867 concione
2966 813 3107 867 Petri
3154 813 3448 869 habentur.
3491 815 3572 869 Et
3606 830 3729 869 non

2085 903 2238 969 dixit,
2268 903 2410 959 Inter
2436 919 2530 959 eos
2554 904 2644 974 qui
2675 920 2740 958 ex
2772 906 3218 971 circumcisione;
3250 907 3539 972 sed,lnter
3570 925 3680 963 nos
3712 950 3733 977 ,

2089 995 2140 1049 id
2185 1004 2270 1049 est
2297 1037 2313 1061 ,
2358 995 2652 1065 apostolos.
2690 995 2891 1050 Deinde
2915 1037 2930 1061 ,
2978 1012 3045 1051 ne
3072 997 3331 1067 ‘videatur
3356 1002 3733 1055 contumelia

2090 1103 2211 1143 esse
2251 1087 2420 1153 illud,
2481 1087 2666 1154 Nihil,
2710 1089 2895 1156 adjicit
2945 1105 2959 1142 :
3016 1088 3149 1143 Fide
3197 1091 3489 1159 puri/team
3545 1094 3729 1147 corda

2092 1198 2287 1234 eorum.
2324 1180 2389 1235 Et
2422 1180 2545 1235 hinc
2573 1182 2709 1235 tollit
2739 1182 3121 1251 suspicionem.
3156 1182 3486 1253 Expurgavit
3520 1187 3725 1254 primo

2094 1287 2399 1327 sermonem
2420 1314 2434 1337 ,
2467 1283 2520 1327 et
2552 1282 2678 1328 tunc
2723 1274 2960 1328 ostendit
2989 1289 3091 1328 non
3122 1276 3319 1330 malam
3346 1277 3521 1346 legem
3551 1320 3567 1343 ,
3606 1279 3717 1335 sed

2096 1367 2216 1421 illos
2239 1367 2482 1421 infirmos
2510 1382 2650 1422 esse.

2166 1459 2221 1512 2.
2252 1459 2382 1513 Vide
2410 1459 2682 1529 quomodo
2705 1460 3020 1515 terribiliter
3045 1460 3276 1516 desinat.
3302 1461 3440 1516 Nihil
3472 1479 3541 1518 ex
3571 1479 3710 1534 pro-

2099 1551 2276 1621 phetis
2305 1553 2541 1621 loquitur
2564 1552 2715 1621 ipsis,
2746 1553 2841 1608 sed
2869 1568 2932 1607 ex
2961 1554 3318 1622 prasentibus
3348 1555 3540 1619 rebus,
3572 1572 3719 1624 qua-

2099 1662 2217 1701 rum
2243 1648 2340 1717 ipsi
2376 1638 2739 1702 testes-erant.
2759 1646 2891 1702 Jure
2920 1657 2974 1701 et
3006 1646 3081 1701 illi
3104 1656 3287 1717 postea
3315 1648 3721 1715 testificantur,

2101 1748 2156 1792 et
2199 1752 2505 1793 sermonem
2539 1738 2797 1792 roborant
2827 1754 2892 1793 ex
2926 1739 2989 1792 iis
3014 1781 3029 1804 ,
3075 1754 3195 1810 qua:
3233 1740 3342 1808 jam
3378 1738 3531 1795 facta
3564 1750 3725 1795 sunt.

2105 1829 2173 1883 Et
2218 1829 2338 1883 vide
2379 1845 2391 1882 :
2433 1830 2484 1883 in
2534 1830 2774 1884 Ecclesia
2820 1830 3081 1899 permittit
3124 1832 3297 1900 primo
3342 1833 3731 1902 qumstionem

2107 1920 2332 1985 moveri,
2365 1930 2420 1975 et
2451 1930 2577 1975 tunc
2604 1921 2860 1991 loquitur.
2891 1922 3025 1990 Quia
3056 1923 3214 1993 igitur
3240 1939 3349 1978 non
3382 1926 3736 1977 memoravit

2105 2013 2473 2078 Cil‘t‘lllnCiSOS,
2503 2013 2598 2068 sed
2625 2023 2813 2084 gentes
2839 2014 2965 2082 (hoc
2996 2016 3139 2069 enitn
3172 2016 3422 2084 paulatim
3459 2016 3734 2070 insinua-

2109 2116 2257 2171 tum,
2290 2106 2493 2161 firmius
2519 2106 2820 2173 evadebat;
2854 2106 2983 2161 illud
3016 2123 3145 2161 vero
3168 2108 3425 2162 tt-ntantis
3456 2118 3625 2175 erat,
3659 2124 3734 2163 an

2112 2201 2287 2270 possit
2316 2209 2435 2269 post
2462 2200 2632 2270 legem
2664 2200 2943 2271 servare);
2976 2200 3098 2255 vide
3129 2201 3253 2270 quid
3283 2201 3439 2255 faciat
3478 2220 3494 2256 :
3530 2212 3740 2256 ostcno

2110 2292 2189 2345 dit
2216 2291 2334 2345 illos
2357 2292 2407 2344 in
2437 2291 2678 2360 periculo
2704 2307 2845 2357 esse,
2876 2292 2921 2345 si
2950 2291 3168 2360 quidem
3201 2293 3270 2358 id,
3303 2298 3446 2363 quod
3487 2311 3606 2348 non
3646 2308 3739 2363 ιιο-

2113 2385 2211 2438 tuit
2236 2385 2317 2438 lex
2343 2423 2358 2450 ,
2394 2384 2565 2456 potuit
2597 2383 2768 2449 lides;
2800 2384 2888 2437 illa
2923 2398 3049 2437 vero
3079 2384 3341 2449 cadente,
3372 2400 3623 2441 necesse
3651 2395 3741 2440 est

2115 2475 2235 2529 illos
2268 2475 2318 2528 in
2344 2475 2633 2544 perniciem
2661 2474 2756 2529 ire.
2785 2473 2892 2529 Nec
2918 2474 3071 2539 dixit,
3100 2475 3360 2530 lnrreduli
3390 2478 3556 2543 estis,
3582 2476 3737 2546 quod

2116 2567 2393 2621 molestius
2442 2566 2664 2630 fuisset,
2705 2582 2826 2620 eum
2873 2567 3104 2621 maxime
3149 2582 3235 2621 res
3274 2570 3445 2623 evicta
3492 2570 3738 2624 fuisset.

2124 2659 2478 2730 Jerosolymis
2506 2659 2667 2728 igitur
2704 2674 2770 2713 ex
2800 2659 3049 2728 gentibus
3093 2660 3219 2713 nulli
3264 2671 3417 2715 erant
3450 2703 3467 2729 ,
3530 2664 3741 2718 Antio-

2116 2754 2252 2807 chia:
2300 2762 2481 2807 autem
2514 2750 2681 2807 fuisse
2725 2761 2957 2807 constat.
3006 2751 3129 2807 Ideo
3173 2755 3542 2825 commigrauit
3569 2797 3586 2821 ,
3634 2771 3742 2810 nec

2118 2845 2331 2899 modico
2362 2854 2605 2911 tempore
2632 2844 2791 2899 isthic
2817 2853 3055 2899 manent.
3090 2845 3514 2903 [insurrexerunt
3543 2860 3740 2903 autem

2121 2934 2335 3004 quidam
2364 2935 2433 2989 de
2460 2934 2769 3000 Pharismis,
2800 2934 2980 2990 adhuc
3002 2937 3315 2993 ambitionis
3342 2940 3539 2994 morbo
3575 2939 3739 2994 labo-

2124 3035 2328 3091 rantes,
2372 3033 2428 3080 ct
2453 3025 2694 3080 volentes
2724 3025 2825 3079 sibi
2856 3027 3062 3081 hmrere
3092 3042 3187 3083 eos
3213 3070 3228 3094 ,
3258 3028 3347 3098 qui
3376 3044 3440 3083 ex
3468 3030 3743 3098 gentibus

2125 3124 2299 3170 erant.
2332 3116 2489 3186 Atqui
2540 3125 2596 3171 et
2640 3116 2834 3171 Paulus
2876 3118 2930 3172 in
2963 3118 3079 3188 lege
3106 3118 3299 3175 doctus
3340 3128 3456 3174 erat
3481 3162 3497 3185 ,
3556 3136 3749 3189 neque

2127 3213 2307 3261 tamen
2338 3206 2417 3261 sic
2439 3215 2556 3261 erat
2581 3206 2810 3262 aﬂectus
2843 3225 2855 3260 :
2888 3219 3169 3278 p05tquam
3196 3218 3374 3263 autem
3401 3210 3533 3266 inde
3564 3226 3743 3266 vene-

2130 3308 2242 3360 rat,
2268 3297 2379 3366 jam
2409 3296 2602 3369 dogma
2633 3306 2936 3354 accuratius
2963 3310 3100 3355 erat.
3152 3300 3284 3355 Nam
3321 3301 3366 3355 si
3413 3302 3484 3369 ii,
3519 3304 3618 3372 qui
3653 3302 3749 3357 .le-

2132 3391 2421 3460 rosolymis
2451 3400 2597 3458 sunt,
2645 3392 2775 3446 nihil
2824 3393 3130 3462 lmjusmodi
3176 3395 3519 3464 prazcipiunt,
3567 3397 3749 3450 multo

2134 3479 2311 3536 minus
2333 3480 2407 3535 hi.
2442 3482 2629 3538 Viden‘
2663 3493 2922 3555 quotquot
2950 3486 3304 3557 principatum
3326 3503 3431 3541 non
3459 3488 3746 3553 ambiunt,

2136 3574 2188 3628 in
2221 3573 2326 3630 fide
2348 3575 2627 3644 gaudere?
2666 3576 2781 3631 Non
2810 3577 3109 3632 ambitiosa:
3142 3578 3300 3648 igitur
3342 3588 3499 3634 erant
3553 3596 3751 3634 narra-

2140 3670 2335 3737 tiones,
2364 3684 2540 3739 neque
2567 3668 2634 3724 ad
2663 3670 3100 3739 ostentationem,
3133 3672 3228 3727 sed
3258 3671 3325 3726 ad
3362 3670 3750 3727 defensionem

2141 3762 2543 3833 praedicationis
2608 3763 2857 3832 gentibus
2913 3762 3067 3818 facta:
3122 3782 3136 3817 :
3196 3765 3322 3819 ideo
3368 3764 3498 3818 nihil
3554 3765 3753 3820 dicunt

2141 3872 2328 3912 eorum
2356 3897 2371 3923 ,
2405 3870 2526 3926 quae
2553 3870 2677 3910 cum
2704 3855 2907 3911 Jndmis
2934 3856 3033 3911 sibi
3061 3868 3382 3913 evenerant.
3410 3858 3604 3929 Magna
3631 3866 3754 3913 erat

2142 3949 2436 4018 pertinacia
2468 3947 2883 4015 Pharisamrum,
2911 3949 3001 4018 qui
3033 3949 3193 4003 etiam
3228 3961 3340 4018 post
3373 3949 3535 4005 ﬁdem
3569 3952 3751 4020 lcgvm

2145 4042 2430 4095 tuebantur
2455 4079 2469 4101 ,
2497 4052 2596 4093 nec
2621 4040 3066 4109 obtemperabant
3101 4042 3377 4110 apostolis.
3414 4042 3520 4096 Sed
3576 4041 3702 4096 vide
3729 4079 3748 4103 ,

2145 4150 2305 4202 quam
2365 4140 2642 4187 mansuete
2701 4148 2801 4188 nec
2847 4149 2968 4189 cum
3026 4135 3345 4191 auctoritate
3390 4137 3689 4206 loquantur
3733 4148 3747 4185 :

2148 4226 2263 4281 lucc
2290 4227 2488 4296 quippe
2522 4225 2769 4281 amabilia
2797 4236 2959 4293 sunt,
2996 4229 3272 4299 magisque
3297 4230 3478 4284 animo
3506 4233 3753 4302 inligan-

2150 4329 2256 4375 tur.
2283 4318 2477 4374 Viden'
2498 4332 2762 4390 nusquam
2794 4334 2917 4375 esse
2962 4324 3250 4376 verborum
3277 4325 3749 4391 ostentationem,

2150 4414 2243 4467 sed
2270 4427 2365 4482 per
2389 4427 2477 4467 res
2508 4412 2650 4482 ipsas
2677 4414 2759 4484 agi
2788 4418 2843 4469 et
2874 4428 2969 4483 per
2989 4413 3247 4484 Spiritum
3276 4426 3516 4471 sanctum
3542 4418 3567 4471 ?
3593 4420 3751 4472 Atta-

2152 4522 2275 4562 men
2306 4520 2428 4561 cum
2461 4514 2540 4561 tot
2561 4506 2756 4562 indicia
2786 4505 3050 4561 haberent
3076 4550 3091 4570 ,
3134 4506 3310 4562 adhuc
3339 4520 3626 4564 mansuete
3674 4510 3756 4560 Io-

2152 4608 2410 4669 quuntur.
2448 4599 2513 4653 Et
2540 4598 2663 4654 vide
2684 4640 2699 4665 ,
2744 4613 2852 4654 non
2886 4599 3135 4664 veniunt,
3164 4601 3464 4654 accusaturi
3494 4614 3590 4655 eos
3610 4643 3627 4667 ,
3660 4597 3754 4668 qui

2158 4690 2460 4747 Antiochire
2509 4700 2702 4757 erant;
2748 4684 2850 4746 sed
2874 4690 3021 4745 illinc
3052 4691 3245 4746 iterum
3275 4692 3616 4747 occasionem
3659 4706 3753 4743 su—

2156 4796 2329 4840 munt.
2356 4784 2444 4841 Sic
2472 4783 2871 4839 meditabantur
2899 4782 3019 4838 aliis
3049 4798 3283 4853 praeesse
3305 4825 3319 4848 ,
3349 4783 3438 4853 qui
3491 4783 3755 4853 apostolis

2157 4877 2523 4934 nescientibus
2554 4876 2871 4946 reprehensi
2902 4889 3047 4930 sunt.
3089 4878 3342 4930 Attamen
3391 4876 3524 4929 nihil
3555 4876 3749 4932 horum

2160 4971 2233 5023 illi
2261 4970 2637 5040 protulerunt;
2669 4979 2725 5025 at
2753 4970 2843 5025 ubi
2876 4969 3190 5039 probarunt,
3222 4979 3347 5024 tunc
3379 4970 3754 5025 vehementius

2158 5066 2422 5122 scribunt.
2478 5064 2726 5135 Magnum
2781 5073 2930 5119 certe
2990 5062 3188 5133 ubique
3235 5062 3433 5117 bonum
3482 5064 3752 5134 mquitas:

2161 5158 2466 5227 aequitatem
2513 5156 2637 5211 dico
2658 5198 2673 5224 ,
2720 5170 2826 5211 non
2857 5154 3239 5225 frigiditatem;
3267 5156 3576 5223 aequitatem
3603 5195 3618 5221 ,
3648 5168 3753 5207 nun

2162 5249 2522 5304 adulationem
2560 5266 2572 5302 :
2605 5248 2720 5303 hzec
2763 5248 2908 5303 enim
2955 5247 3183 5301 multum
3226 5247 3368 5301 inter
3419 5262 3478 5302 se
3533 5247 3752 5301 distant.

2238 5340 2331 5395 Ira
2361 5340 2635 5414 frenanda.
2664 5370 2735 5381 —
2762 5338 2905 5394 Nihil
2937 5338 3159 5394 Paulum
3204 5338 3561 5409 exasperabat
3586 5379 3600 5403 ,
3624 5334 3753 5391 nihil

2167 5433 2410 5489 Petrum.
2440 5434 2576 5489 Cum
2609 5433 2777 5487 babes
2797 5432 3309 5497 demonstrationes,
3335 5447 3434 5487 cur
3464 5426 3757 5486 irasceris?

2167 5541 2233 5579 an
2279 5536 2336 5580 ut
2361 5525 2483 5580 illas
2513 5524 2784 5579 enerves?
2809 5524 2926 5579 Non
2950 5533 3129 5595 potest
3158 5538 3411 5594 umquam
3436 5523 3603 5578 iratus
3633 5534 3753 5591 per

2167 5618 2404 5672 suaderi.
2451 5617 2623 5671 Etiam
2654 5616 2766 5672 heri
2797 5615 2865 5671 de
2895 5617 2972 5670 ira
3018 5615 3406 5681 disseruimus;
3438 5614 3567 5668 nihil
3615 5615 3758 5667 vetat

2168 5712 2456 5782 quominus
2505 5710 2668 5765 etiam
2722 5708 2882 5763 hodie
2939 5726 2952 5762 :
3019 5704 3272 5778 frequens
3338 5703 3478 5761 forte
3531 5698 3757 5759 hortatio

2168 5805 2440 5879 quidpiam
2484 5803 2701 5860 efﬁciet.
2734 5801 2867 5859 Nam
2892 5802 3241 5875 pharmacum
3277 5800 3388 5855 vim
3420 5798 3622 5857 habens
3660 5803 3750 5844 ω’
