4112 6454
275 447 405 513 255

281 577 477 645 λόγου
504 569 746 625 τούτου.
806 567 1051 638 Πολλῆς
1082 567 1146 621 δὲ
1193 566 1580 636 συζητήσεως
1623 565 1975 638 γενομένης,

289 659 567 725 ἀναστὰς
591 657 814 726 Πέτρος
835 652 966 711 εἷπε
988 657 1138 725 πρὸς
1152 656 1376 723 αὐτούς
1393 667 1410 684 ⁸
1433 656 1677 724 Ἄνδρες
1697 652 1974 724 ἀδελφοί,

288 751 459 821 ὑμεῖς
487 748 841 812 ἐπίστασθε,
873 745 961 800 ὅτι
985 745 1069 815 ἀφ
1085 746 1099 766 ’
1125 743 1362 816 ἡμερῶν
1383 745 1648 815 ἀρχαίων
1673 747 1706 800 ὁ
1736 743 1881 810 Θεὸς
1907 743 1977 798 ἑν

301 835 431 908 ὑμῖν
477 834 804 901 ἐξελέξατο
844 832 942 889 διὰ
981 833 1089 889 τοῦ
1139 833 1436 903 στόματός
1458 851 1581 903 μου
1613 832 1875 889 ἀκοῦσαι
1907 831 1981 888 τὰ

295 924 438 994 ἔθνη
464 923 572 978 τὸν
591 924 782 992 λόγον
802 922 906 976 τοῦ
939 921 1314 992 εὐαγγελίου,
1346 921 1444 975 καὶ
1471 920 1816 976 πιστεῦσαι.
1839 921 1981 992 Ὅρα

288 1013 383 1068 τὸν
411 1011 621 1084 Πέτρον
669 1009 874 1067 ἀνωθεν
914 1010 1323 1082 κεχωρισμένον
1354 1009 1449 1064 τοῦ
1501 1010 1850 1082 πράγματος,
1886 1009 1980 1064 καί

295 1101 461 1172 μέχρι
496 1099 592 1154 τοῦ
641 1098 740 1154 νῦν
801 1098 1156 1164 ἰουδαΐζοντα.
1200 1097 1398 1167 Ὑμεῖς
1433 1097 1784 1163 ἐπίστασθε,
1821 1099 1975 1169 φησί.

291 1189 444 1261 [⁸249]
474 1189 738 1261 Παρῆσαν
763 1187 894 1251 ἴσως
923 1187 1018 1242 καὶ
1053 1187 1100 1241 οἱ
1128 1186 1522 1256 ἐγκαλέσαντες
1547 1186 1697 1258 αὐτῷ
1720 1186 1815 1240 ἐπὶ
1838 1188 1982 1258 Κορ-

291 1281 480 1352 νηλίου
521 1279 715 1343 πάλαι,
772 1278 865 1332 καὶ
916 1276 1251 1342 εἰσελθόντες
1295 1279 1412 1348 μετ’
1455 1275 1661 1330 αὐτοῦ·
1699 1276 1788 1331 διά
1822 1275 1981 1330 τοῦτο

292 1369 492 1432 αὐτοὺς
543 1366 783 1439 παράγει
831 1365 1136 1438 μάρτυρας.
1190 1365 1316 1435 Ἀφ’
1345 1361 1585 1434 ἡμερῶν
1607 1364 1875 1434 ἀρχαίων
1910 1364 1981 1419 ἐν

293 1459 436 1530 ὑμῖν
470 1462 504 1513 ὁ
534 1457 674 1525 Θεὸς
698 1456 1042 1523 ἐξελέξατο.
1080 1456 1145 1509 Τί
1175 1457 1344 1519 ἐστιν,
1385 1457 1489 1509 Ἐν
1517 1455 1693 1524 ὺμῖν;
1736 1456 1894 1508 Ἤτοι
1922 1457 1980 1508 ἐν

289 1547 630 1618 Παλαιστίνῃ
655 1587 670 1610 ,
709 1547 906 1616 φησὶν,
937 1543 971 1616 ἢ
1011 1543 1297 1616 παρόντων
1333 1543 1509 1614 ὑμῶν.
1543 1545 1646 1597 Διὰ
1695 1542 1801 1596 τοῦ
1839 1544 1979 1596 στύ-

284 1635 488 1705 ματός
510 1651 645 1703 μου.
675 1633 818 1702 Ὅρα
847 1631 965 1694 πῶς
986 1631 1226 1684 δείκνυσι
1248 1631 1338 1684 τὸν
1367 1629 1499 1683 Θεὸν
1526 1630 1592 1683 δι’
1620 1629 1783 1684 αὐτοῦ
1812 1629 1977 1698 φθεγ-

179 1763 187 1768 -
292 1723 551 1794 γόμενον,
583 1723 668 1774 καὶ
690 1720 842 1774 οὐδὲν
867 1719 1226 1791 ἀνθρώπινον.
1287 1719 1395 1773 Καὶ
1431 1722 1462 1772 ὀ
1493 1716 1976 1788 καρδιογνώστης

300 1811 452 1877 Θεὸς
476 1811 873 1879 ἐμαρτύρησεν
891 1808 1116 1875 αὐτοῖς.
1163 1809 1284 1861 Ἐπὶ
1313 1809 1412 1876 τὴν
1443 1806 1819 1878 πνευματικὴν
1846 1807 1977 1860 ἀνά-

298 1916 386 1968 γει
439 1899 735 1970 μαρτυρίαν
790 1896 1008 1960 αὐτούς.
1041 1895 1194 1962 Δοὺς
1239 1895 1446 1961 αὐτοῖς
1503 1895 1570 1947 τὸ
1627 1894 1870 1962 Πνεῦμα
1908 1895 1976 1946 τὸ

293 1984 484 2053 ἅγιον,
536 1985 730 2050 καθὼς
761 1984 859 2036 καὶ
901 1981 1066 2051 ἡμῖν.
1097 1981 1239 2051 Ὅρα
1289 1979 1403 2042 πῶς
1431 1992 1455 2019 ο
1495 1979 1776 2049 πανταχοῦ
1806 1977 1980 2043 ἐξισοῖ

288 2071 358 2125 τά
387 2070 537 2141 ἔθνη.
579 2071 688 2124 Καὶ
743 2069 925 2124 οὐδὲν
973 2067 1233 2136 διέκρινε
1279 2066 1506 2138 μεταξὺ
1541 2065 1713 2137 ἡμῶν
1757 2085 1819 2121 τε
1879 2067 1976 2120 καί

284 2157 509 2222 αὐτῶν,
559 2157 635 2226 τῇ
695 2159 895 2211 πίστει
945 2157 1280 2225 καθαρίσας
1316 2156 1419 2222 τὰς
1453 2155 1706 2224 καρδίας
1753 2154 1972 2211 αὐτῶν.

300 2249 432 2304 Ἀπὸ
478 2249 579 2318 τῆς
632 2247 866 2312 πίστεως
925 2248 1114 2320 μόνης,
1170 2247 1327 2317 φησὶ,
1365 2245 1474 2299 τῶν
1524 2243 1705 2300 αὐτῶν
1763 2245 1972 2317 ἔτυχον.

285 2337 573 2391 Κάκείνων
627 2335 800 2389 ταῦτα
833 2335 1192 2406 ἐντρεπτικά·
1229 2334 1430 2406 μᾶλλον
1468 2333 1525 2388 δέ
1559 2334 1652 2389 καὶ
1680 2333 1923 2399 ἐκείνους
1947 2335 1975 2374 b

282 2424 494 2490 διδάξαι
519 2423 766 2487 δύναται,
796 2423 878 2476 ὅτι
904 2422 1140 2487 πίστεως
1177 2422 1258 2476 δεῖ
1289 2423 1494 2493 μόνης,
1533 2422 1630 2476 καί⁵
1660 2422 1760 2476 οὐκ
1798 2421 1976 2494 ἔργων

175 2555 183 2560 .
281 2513 408 2567 οὐδέ
457 2512 782 2583 περιτομῆς.
839 2511 914 2564 Οὐ
964 2511 1073 2582 γάρ
1107 2509 1172 2582 δὴ
1207 2510 1345 2582 ὑπὲρ
1401 2510 1510 2564 τῶν
1560 2509 1729 2564 ἐθνῶν
1779 2510 1975 2565 ἀπολοο

282 2601 544 2672 γούμενοι
595 2600 768 2654 ταῦτα
806 2600 1028 2670 λέγουσι
1077 2600 1260 2670 μόνον,
1314 2598 1455 2652 ἀλλά
1500 2599 1790 2664 κάκείνους
1845 2616 1974 2652 παι-

280 2691 532 2754 δεύοντες
571 2689 875 2759 ἀποστῆναι
921 2689 1014 2744 τοῦ
1061 2689 1249 2758 νόμου.
1295 2687 1457 2742 Ἀλλά
1503 2687 1642 2752 τέως
1682 2685 1836 2740 οὔπω
1889 2686 1977 2740 λέ-

281 2797 444 2851 γουσι
473 2778 650 2832 τοῦτο.
679 2778 806 2832 Νῦν
837 2773 952 2832 οὖν
995 2777 1054 2831 τί
1100 2774 1403 2846 πειράζετε
1439 2776 1544 2831 τὸν
1575 2775 1727 2830 Θεὸν
1762 2773 1977 2828 ἐπιθεῖ-

279 2885 384 2922 ναι
418 2865 599 2936 ζυγὸν
636 2865 733 2919 ἐπὶ
771 2865 879 2919 τὸν
909 2864 1219 2934 τράχηλον
1262 2863 1382 2917 τῶν
1408 2862 1692 2933 μαθητῶν
1737 2861 1810 2916 ὃν
1839 2862 1977 2916 οὔτε

281 2960 334 3010 οἱ
376 2958 631 3023 πατέρες
669 2952 859 3024 ἡμῶν,
888 2953 1026 3008 οὔτε
1059 2952 1230 3022 ἡμεῖς
1255 2953 1599 3022 ἰσχύσαμεν
1623 2950 1976 3016 ,βαστάσας

293 3044 487 3100 Ἀλλὰ
514 3044 613 3098 διὰ
648 3042 754 3113 τῆς
787 3043 1027 3112 χάριτος
1053 3041 1160 3096 τοῦ
1190 3042 1412 3110 Κυρίου
1447 3039 1652 3108 Ἰησοῦ
1694 3040 1977 3093 πιστεύο·

276 3150 398 3204 μεν
449 3132 759 3202 σωθῆναι,
819 3133 949 3185 καθ’
985 3131 1057 3185 ὃν
1116 3131 1340 3196 τρόπον
1391 3128 1678 3186 κάκεῖνοι.
1724 3127 1789 3181 Τί
1836 3130 1975 3193 ἐστι,

281 3220 596 3290 Πειρὰζετε
630 3219 738 3273 τὸν
779 3218 965 3282 Θεόν;
1002 3218 1068 3271 Τί
1107 3217 1412 3282 ἀπιστεῖτε,
1446 3217 1600 3288 φησί,
1638 3215 1715 3286 τῷ
1744 3215 1894 3287 Θεῴ;
1923 3216 1976 3270 τί

282 3307 581 3381 πειράζετε
609 3307 770 3362 αὐτὸν
793 3307 869 3371 ὡς
895 3308 994 3359 οὐκ
1030 3305 1284 3377 ἰσχύοντα
1305 3304 1478 3357 σῶσαι
1499 3306 1564 3374 τῇ
1585 3303 1766 3356 πίστει
1788 3320 1803 3368 ;
1832 3305 1976 3374 Ἀρα

281 3397 546 3460 ἀπιστίας
599 3396 716 3449 ἐστὶ
747 3395 807 3449 τὸ
831 3394 919 3447 τὸν
943 3395 1108 3465 νόμον
1141 3393 1433 3464 εἰσφέρειν.
1469 3387 1602 3445 Εἶτα
1619 3392 1858 3445 δείκνυσι
1882 3393 1976 3445 καί

280 3487 486 3550 αὐτοὺς
519 3484 672 3538 οὐδὲν
716 3482 1156 3553 ὠφελουμένους,
1197 3480 1292 3534 καὶ
1316 3481 1377 3532 τὸ
1420 3480 1529 3534 πᾶν
1574 3478 1666 3532 ἐπὶ
1698 3478 1789 3532 τὸν
1813 3478 1976 3549 νόμον

281 3575 534 3647 στρέφει,
563 3573 665 3626 οὐκ
698 3573 783 3625 ἐπ’
818 3572 1036 3634 αὐτοὺς,
1073 3569 1168 3624 καὶ
1188 3569 1287 3639 τὴν
1315 3567 1650 3638 κατηγορίαν
1677 3567 1976 3636 ὑποτέμνε-

279 3681 396 3718 ται.
435 3667 546 3718 Ὃν
567 3664 677 3717 οὐκ
707 3661 1050 3730 ἰσχύσαμεν
1071 3657 1238 3728 ἡμεῖς
1270 3657 1370 3711 καί
1398 3659 1450 3710 οί
1495 3656 1752 3724 πατέρες
1781 3655 1974 3725 ἡμῶν,

279 3754 442 3823 φησι,
468 3751 812 3817 βαστάσαι·
861 3749 1023 3804 ἀλλὰ
1046 3748 1145 3803 διὰ
1174 3747 1283 3817 τῆς
1332 3747 1574 3816 χάριτος
1605 3745 1711 3800 τοῦ
1749 3747 1974 3812 Κυρίου

295 3840 509 3908 Ἰησοῦ
529 3839 894 3909 πιστεύομεν
909 3837 1175 3906 σωθῆναι
1194 3837 1322 3890 καθ’
1345 3833 1417 3889 ὃν
1440 3834 1664 3903 τρόπον
1685 3833 1970 3887 κάκεῖνοι.

281 3929 468 3999 Πόσης
516 3929 802 3998 δυνάμεως
843 3926 1003 3998 γέμει
1046 3922 1220 3978 ταῦτα
1277 3922 1348 3977 τὰ
1403 3923 1652 3994 ρήματαί
1717 3922 1900 3991 ’Ἀπερ
1946 3922 1975 3974 ὁ

280 4017 501 4081 Παῦλος
525 4016 613 4070 διά
652 4015 865 4069 πολλῶν
899 4015 956 4067 ἐν
999 4015 1064 4085 τῇ
1097 4013 1234 4084 πρὸς
1277 4011 1584 4081 Ῥωμαίους
1612 4006 1732 4063 εἷπε
1754 4052 1767 4075 ,
1799 4009 1974 4064 ταῦτα

279 4108 379 4160 καὶ
411 4101 588 4168 οὗτος.
607 4104 674 4157 El
691 4103 801 4174 γὰρ
843 4099 1112 4172 Ἀϐραὰμ,
1135 4099 1322 4173 φησὶν,
1342 4099 1411 4164 ἐξ
1427 4099 1617 4170 ἔργων
1637 4097 1970 4166 ἐδικαιώθη,

279 4197 410 4263 ἔχει
458 4195 761 4263 καύχημα,
816 4190 954 4247 ἀλλ’
1014 4192 1086 4245 οὺ
1140 4188 1292 4258 πρὸς
1320 4188 1428 4242 τὸν
1463 4188 1631 4242 Θεόν.
1671 4187 1853 4259 Ὁρᾷς,
1893 4187 1973 4240 ὅτι

279 4287 492 4342 τούτων
523 4283 721 4354 μᾶλλόν
747 4282 864 4334 ἐστι
897 4278 1058 4334 τοῦτο
1083 4276 1450 4340 παιδευτικὸν,
1481 4275 1515 4348 ἢ
1539 4274 1804 4344 ἀπολογία
1833 4274 1973 4347 ὑπὲρ

280 4375 396 4430 τῶν
422 4374 627 4441 ἐθνῶν;
686 4372 828 4426 Ἀλλ’
865 4371 914 4425 εἰ
945 4369 1043 4442 μὲν
1074 4369 1247 4442 χωρὶς
1282 4369 1611 4440 προφάσεως
1655 4366 1833 4420 ταῦτα
1861 4366 1974 4420 ἕλε·

281 4481 403 4536 γεν,
465 4463 597 4526 ἴσως
628 4459 878 4531 οὐδαμῶς
932 4457 1176 4522 ’ὐποπτος
1220 4452 1326 4528 ἦν·
1372 4455 1551 4527 ἀρχῆς
1592 4455 1648 4509 δέ
1677 4453 1973 4526 λαϐόμενος

283 4551 562 4614 ἐντεῦθεν,
592 4548 781 4604 λοιπον
814 4546 984 4611 ἀδεῶς
1029 4545 1348 4616 φθέγγεται.
1389 4543 1503 4598 Kal
1541 4543 1646 4615 ὅρα
1693 4541 1971 4612 πανταχοῦ

283 4643 353 4696 τὰ
378 4640 531 4712 παρά
558 4639 666 4692 τῶν
697 4636 905 4709 ἐχθρῶν
938 4635 1055 4708 μετ’
1088 4632 1271 4689 αὐτῶν
1312 4632 1594 4704 γινόμενα.
1637 4633 1702 4686 Εἰ
1749 4632 1824 4704 μὴ
1863 4630 1973 4703 γὰρ

285 4730 550 4799 ἐκίνησαν
581 4729 799 4793 ἐκεῖνοι,
825 4725 926 4778 οὐκ
946 4723 1010 4777 ἂν
1044 4723 1216 4776 ταῦτα
1244 4720 1460 4790 ἐλέχθη,
1501 4720 1609 4773 οὐδ’
1643 4720 1708 4789 ἂν
1740 4719 1808 4772 τὰ
1836 4719 1974 4789 μετά

284 4817 484 4872 ταῦτα.
529 4813 811 4869 Ἐντεῦθεν
852 4811 1251 4883 μανθάνουσιν,
1304 4811 1386 4862 ὅτι
1436 4810 1485 4861 εἰ
1519 4808 1612 4861 καί
1668 4809 1742 4880 μὴ
1801 4825 1972 4879 προσ-

287 4905 522 4973 άγεσθαι
553 4904 744 4974 ἧθελον
776 4901 843 4954 τά
869 4900 996 4972 ἐθνη
1017 4940 1030 4964 ,
1066 4900 1126 4952 οὐ
1161 4897 1242 4952 δεῖ
1270 4897 1471 4959 αὐτοὺς
1515 4898 1784 4968 παρορᾷν.
1834 4895 1972 4948 Ἀλλ’

289 4993 491 5060 ίδωμεν
540 4991 746 5046 ἀνωθεν
785 4989 853 5044 τὰ
887 4987 1174 5059 εἰρημένα.
1218 4987 1321 5040 Ἐν
1355 4984 1515 5054 ὑμῖν,
1557 4984 1742 5054 φησὶν,
1775 4981 1976 5051 ἐξελέ-

287 5080 457 5150 ξατο,
504 5079 600 5135 καὶ
634 5078 734 5147 ἀφ’
766 5074 1004 5146 ἡμερῶν
1027 5075 1313 5144 ἀρχαίων.
1356 5071 1530 5125 Τοῦτο
1573 5067 1716 5136 εἰπε,
1759 5069 1975 5132 δεικνὺς

287 5169 376 5230 ὅτι
407 5167 609 5231 πάλαι,
637 5168 697 5221 οῦ
736 5166 850 5221 νῦν.
885 5165 959 5220 Οὐ
991 5163 1184 5236 μικρὸν
1227 5162 1283 5216 δὲ
1323 5161 1384 5215 τὸ
1431 5161 1525 5215 καὶ
1571 5159 1844 5214 Ἰουδαίων
1886 5177 1977 5212 πιο-

291 5258 594 5314 σιτευόντων
614 5256 774 5315 τοῦτο
803 5253 1246 5326 ἀποστραφῆναι.
1274 5249 1378 5304 Δύο
1403 5249 1614 5314 τούτοις
1650 5248 1678 5302 ὃ
1711 5247 1860 5318 λέγει
1887 5265 1977 5300 πι-

292 5345 542 5413 στοῦται,
571 5344 648 5416 τῷ
675 5343 852 5416 καιρῷ
877 5343 972 5401 καὶ
995 5340 1073 5415 τῷ
1095 5341 1266 5412 τόπῳ.
1301 5339 1409 5394 Kal
1455 5338 1535 5400 τὺ,
1582 5335 1938 5402 Ἑξελέξατο
1959 5375 1975 5402 ,

293 5435 510 5498 καλῶς·
554 5433 743 5505 ὥσπερ
785 5433 871 5485 ἐπ’
916 5430 1096 5486 αὐτῶν
1122 5430 1222 5482 οὐκ
1274 5423 1451 5490 εἶπεν,
1491 5424 1807 5497 Ἰειθέλη-σεν,
1839 5423 1974 5487 ἀλλ’,

307 5520 682 5587 Ἓξελέξατο.
719 5520 892 5574 Πόθεν
924 5517 1084 5572 τοῦτο
1106 5515 1301 5586 δῆλον;
1350 5513 1485 5568 Ἀπὸ
1509 5511 1606 5566 τοῦ
1635 5511 1976 5583 Πνεύματος,

294 5611 484 5683 φησίν.
517 5605 650 5664 Εἶτα
682 5607 954 5664 δείκνυσιν
983 5605 1104 5676 οὐχὶ
1130 5604 1353 5675 χάριτος
1385 5602 1484 5657 ἀπ)
1497 5601 1594 5668 ῶς,
1622 5601 1737 5654 ἀλλ’
1774 5599 1979 5671 ἀρετῆς

298 5696 600 5772 μαρτύριον
642 5696 827 5759 αὐτοῖς
863 5693 1022 5748 τοῦτο
1067 5691 1352 5762 γινόμενον
1375 5733 1388 5755 ,
1434 5689 1530 5743 καί
1559 5688 1711 5744 οὐδὲν
1754 5687 1977 5742 ἔλαττον

296 5787 484 5850 αὐτοῖς
529 5782 835 5856 παρασχόν.
883 5781 1051 5834 Οὐδὲν
1101 5780 1232 5850 γὰρ,
1280 5779 1434 5848 φησι,
1480 5777 1715 5847 διέκρινε
1771 5773 1977 5846 μεταξὺ

300 5871 456 5943 ἡμῶν
482 5889 540 5925 τε
568 5872 664 5925 καὶ
693 5869 891 5923 αὐτῶν.
921 5869 1063 5940 ’Ἄρα
1095 5866 1322 5938 καρδίας
1359 5867 1440 5918 δεῖ
1465 5861 1744 5934 πανταχοῦ
1777 5862 1978 5932 ζητεῖν.

305 5959 408 6012 Kal
439 5961 712 6032 εὐκαίρως
753 5954 941 6011 εἶπεν·
986 5957 1048 6009 '0
1089 5953 1574 6023 καρδιογνώστης
1617 5950 1761 6015 Θεὸς
1801 5950 1981 6019 ἑμιιρο

285 6085 295 6094 ‘
359 6077 544 6140 f"00a
559 6076 668 6140 πῶς
685 6075 833 6123 deest
861 6074 912 6123 in
937 6071 1247 6136 quibusdam.
1315 6067 1343 6109 b
1376 6065 1470 6118 Alii
1496 6064 1645 6115 ταῦτα
1674 6065 1976 6113 παιδευτικόι.

296 6137 450 6193 ταῦτα
471 6137 550 6186 καὶ
575 6137 797 6194 ἐκείνους.

1319 452 1387 508 IN
1417 451 1597 510 ACTA
1633 450 2449 534 APOSTOLORUMJIOMIL.
2494 454 2724 509 XXXIL

3659 459 3769 516 256

2082 567 2350 636 τύρησεν
2378 569 2585 637 αὐτοῖς
2611 587 2623 600 ·
2655 571 2731 634 ὡς
2765 571 2859 625 καὶ
2885 574 3020 636 ἐκεῖ,
3045 573 3150 638 Σὺ,
3186 577 3383 643 Κύριε,
3416 577 3766 651 καρδιογνῶ-

2084 668 2202 710 στα
2229 657 2492 724 πάντων,
2521 659 2864 724 ἄτη-ἀδειξον.
2894 660 3016 715 Ὀτι
3050 661 3159 734 γὰρ
3187 663 3348 716 τοῦτο
3369 662 3766 740 βούλεται,.ὃρα

2094 745 2140 798 τί
2177 745 2330 820 [250]
2367 749 2595 819 ἐπάγει·
2627 749 2710 804 ὅτι
2734 750 2928 805 Οὐδὲν
2959 750 3220 820 διέκρινε
3247 756 3478 824 μεταξὺ
3506 759 3674 828 ήμῶν
3703 778 3773 815 τε.

2085 834 2185 890 καὶ
2212 836 2432 892 αὐτῶν.
2471 839 2601 892 Ὅτε
2645 833 2799 893 εἶπεν
2828 840 3010 893 αὐτῶν
3039 840 3138 909 τὴν
3178 844 3488 914 μαρτυρίαν
3506 885 3520 908 ,
3555 846 3675 899 τότε
3703 847 3766 902 τὸ

2086 922 2231 994 μέγα
2263 924 2422 979 τοῦτο
2443 927 2766 996 ἐφθέγξατο,
2793 929 2933 998 ὅπερ
2964 928 3174 993 Παῦλός
3199 947 3364 998 φησιν
3384 949 3396 963 ·
3432 934 3580 987 Οὔτε
3609 951 3765 1002 περι-

2081 1011 2232 1081 τομή
2285 1031 2339 1067 τι
2389 1015 2622 1085 ἰσχύει,
2667 1017 2806 1070 οὔτε
2841 1017 3250 1084 ἀκροϐυστία·
3308 1020 3424 1084 καὶ,
3453 1021 3576 1074 Ἵνα
3622 1023 3768 1090 τοὺς

2082 1099 2192 1155 δύο
2220 1103 2399 1173 κτίσῃ
2425 1104 2494 1158 ἐν
2523 1105 2738 1172 ἐαυτῷ.
2772 1106 2996 1161 Πάντων
3037 1107 3244 1162 τούτων
3274 1110 3343 1163 τά
3388 1111 3688 1182 σπέρματα.
3707 1115 3766 1167 ἐν

2081 1191 2147 1261 τῇ
2197 1189 2403 1261 Πέτρου
2442 1192 2757 1265 δημηγορίᾳ
2811 1198 3008 1249 κεῖται.
3059 1196 3169 1250 Καὶ
3214 1197 3315 1250 οὐκ
3337 1193 3482 1260 εἷπε,
3538 1199 3659 1252 Τῶν
3702 1202 3768 1255 ἐκ

2041 1309 2043 1312 ι
2081 1278 2421 1349 περιτομῆς,
2459 1278 2630 1342 ἀλλά,
2662 1281 2904 1344 Μεταξὺ
2938 1281 3128 1350 ημῶν,
3165 1285 3443 1350 τουτέστι,
3481 1288 3590 1342 τῶν
3633 1291 3770 1344 ἀπο-

2083 1365 2306 1419 στόλων.
2341 1363 2494 1431 Εἴτα,
2533 1367 2621 1421 ἵνα
2659 1367 2735 1438 μὴ
2769 1369 2896 1441 δόξῃ
2929 1368 3087 1442 ῦϐρις
3121 1366 3262 1425 εῖναι
3302 1372 3362 1427 τὸ
3406 1374 3634 1440 Οὐδὲν,
3665 1379 3770 1430 ἐπ-

2083 1453 2238 1521 άγει·
2301 1456 2509 1510 Πίστει
2546 1458 2882 1525 καθαρίσας
2944 1459 3053 1526 τὰς
3102 1461 3351 1530 καρδίας
3396 1463 3617 1519 αὐτῶν.
3657 1466 3769 1522 Kal

2081 1543 2296 1614 ἀναιρεί
2325 1544 2424 1616 τὴν
2468 1544 2723 1599 ὑπόνοιαν
2764 1545 2851 1599 διά
2886 1545 3101 1602 τούτου.
3145 1548 3476 1622 Ἐξεκάθαρε
3503 1553 3772 1624 πρότερον

2079 1629 2171 1682 τὸν
2215 1631 2392 1700 λόγον,
2426 1633 2522 1686 καὶ
2558 1633 2679 1687 τότε
2722 1634 2998 1689 δείκνυσιν
3024 1637 3144 1706 οὐχί
3179 1639 3415 1709 πονηρὸν
3445 1639 3536 1692 τὸν
3577 1640 3762 1711 νόμον,

2081 1717 2195 1770 ἀλλ’
2224 1721 2422 1783 αὐτοὺς
2454 1721 2725 1786 ἀσθενεῖς.

2154 1806 2217 1875 β’.
2254 1807 2401 1878 ’Ὅρα
2441 1808 2557 1872 πῶς
2599 1812 2680 1873 εἰς
2722 1813 2951 1883 φοϐερὸν
2985 1813 3303 1881 κατέληξεν.
3331 1813 3497 1868 Οὐδὲν
3527 1816 3634 1870 ἀπὸ
3658 1817 3763 1870 τῶν

2083 1895 2376 1964 προφητῶν
2431 1897 2614 1960 αὐτοῖς
2665 1898 2993 1966 διαλέγεται,
3043 1900 3158 1952 ἀλλ’
3189 1900 3296 1953 ἀπὸ
3331 1902 3438 1954 τῶν
3480 1901 3767 1971 παρόντων

2081 1984 2444 2052 πραγμάτων,
2470 1977 2546 2037 ὧν
2570 1986 2723 2038 αὐτοί
2752 1987 3032 2058 μάρτυρες
3054 1983 3213 2058 ἦσαν.
3242 1989 3482 2052 Εἰκότως
3499 1991 3592 2042 καὶ
3612 1991 3768 2044 αὐτοὶ

2079 2069 2265 2123 λοιπὸν
2341 2073 2813 2148 ἐπιμαρτυροῦσι,
2881 2075 2974 2127 καὶ
3032 2075 3124 2127 τὸν
3187 2075 3347 2143 λόγον
3415 2077 3766 2148 ἰσχυρότερον

2081 2159 2292 2211 ποιοῦσι
2318 2162 2429 2224 τοῖς
2470 2161 2569 2232 ἤδη
2597 2165 2931 2233 γενομένοις.
2970 2165 3078 2217 Kal
3105 2164 3229 2234 ὅρα,
3257 2166 3314 2216 ἐν
3362 2167 3429 2235 τῇ
3466 2165 3770 2238 Ἐκκλησία

2082 2249 2362 2318 συγχωρεῖ
2404 2248 2618 2320 πρῶτον
2671 2249 2902 2320 ζήτησιν
2953 2251 3246 2319 γενέσθαι,
3284 2251 3377 2305 καὶ
3423 2251 3543 2304 τότε
3592 2251 3764 2320 λέγει.

2093 2336 2247 2388 Ἐπεὶ
2288 2332 2383 2391 οῦν
2436 2338 2536 2390 οὐκ
2573 2333 2714 2404 εἶπε,
2771 2339 2891 2391 Τῶν
2947 2341 3010 2392 ἐκ
3061 2340 3388 2410 περιτομῆς,
3448 2341 3607 2407 ἀλλά,
3648 2340 3768 2394 Τῶν

2080 2421 2251 2476 ἐθνῶν
2305 2424 2501 2492 (τοῦτο
2535 2426 2644 2497 γὰρ
2707 2427 2850 2480 κατά
2909 2428 3104 2498 μικρὸν
3160 2429 3502 2496 ἐπαγόμενον
3558 2428 3768 2496 ἐγίνετο

2084 2513 2452 2584 ἰσχυρότερον,
2503 2516 2680 2568 ἐκεῖνο
2714 2517 2771 2569 δέ
2813 2511 2880 2587 ἦν
2913 2517 3285 2586 πειράζοντος,
3332 2519 3381 2569 εἰ
3422 2515 3646 2569 δύναται
3674 2517 3768 2570 καὶ

2083 2601 2222 2671 μετά
2247 2602 2411 2672 νόμον
2442 2603 2690 2672 σῶσαι),
2727 2603 2829 2672 ὅρα
2873 2603 2926 2655 τί
2959 2607 3138 2656 ποιεῖ·
3167 2604 3439 2656 δείκνυσιν
3471 2604 3667 2668 αὐτοὺς
3709 2606 3767 2658 ἐν

2079 2688 2332 2760 κινδύνῳ,
2385 2691 2528 2758 εἴγε
2562 2692 2700 2762 ὅπερ
2733 2691 2834 2744 οὐκ
2893 2691 3112 2761 ἴσχυσεν
3141 2693 3168 2743 ὁ
3218 2693 3418 2760 νόμος,
3472 2694 3691 2761 ἴσχυσεν
3730 2693 3767 2763 ἡ

2081 2775 2295 2839 πίστις·
2346 2778 2550 2846 ταύτης
2594 2777 2651 2830 δὲ
2706 2778 3114 2848 ἐκπιπτούσης,
3161 2779 3378 2848 ἀνάγκη
3431 2779 3673 2841 αὐτοῦςε
3708 2781 3770 2833 ἐν

2078 2862 2325 2934 ἀπωλείᾳ
2363 2859 2525 2917 εἶναι.
2554 2864 2665 2918 Καὶ
2719 2865 2818 2918 οὐκ
2867 2861 3055 2929 εἶπεν,
3109 2865 3453 2928 Ἀπιστεῖτε,
3507 2865 3648 2937 ὅπερ
3698 2861 3773 2937 ἦν·

2080 2950 2504 3024 φορτικώτερον,
2539 2953 2633 3008 καὶ
2664 2953 2840 3008 ταῦτα
2869 2953 3233 3024 ἐληλεγμένου
3268 2952 3361 3005 τοῦ
3417 2953 3768 3024 πράγματος.

2092 3039 2180 3094 Ἐν
2210 3041 2312 3110 μὲν
2365 3036 2461 3095 οὖν
2517 3044 2628 3106 τοῖς
2687 3041 3089 3113 Ἰεροσολύμοις
3147 3043 3247 3094 οὐκ
3296 3036 3437 3111 ἦσαν
3488 3040 3548 3105 ἐξ
3594 3040 3767 3097 ἐθνῶν

2077 3145 2241 3192 τινες,
2274 3130 2333 3182 ἐν
2358 3128 2415 3182 δέ
2459 3129 2760 3201 Ἀντιοχείᾳ
2790 3129 2935 3192 εἰκὺς
2959 3125 3123 3184 εἶναι.
3161 3129 3260 3183 Διά
3295 3129 3454 3182 τοῦτο
3476 3127 3571 3182 καὶ
3603 3127 3766 3199 ἀπέρε

2079 3235 2283 3288 χονται,
2316 3218 2409 3271 καὶ
2434 3217 2770 3289 διατρίϐουσι
2813 3217 3003 3288 χρόνον
3045 3217 3146 3271 οὐκ
3198 3217 3378 3285 ὀλίγον
3417 3218 3551 3268 ἐκεῖ.
3591 3216 3768 3281 Ἐξανρ

2080 3305 2318 3375 έστησαν
2374 3305 2431 3359 δέ
2485 3321 2632 3368 τινες
2667 3305 2778 3358 τῶν
2832 3306 3169 3376 Φαρισαίων,
3231 3305 3310 3358 ἐτι
3341 3303 3626 3368 νοσοῦντες
3666 3305 3765 3375 τὴν

2080 3393 2396 3464 φιλαρχίαν,
2442 3393 2538 3446 καὶ
2591 3392 2908 3463 βουλόμενοι
2947 3393 3083 3464 πρὸς
3117 3395 3315 3456 αὐτοὺς
3345 3392 3490 3464 ἔχειν
3539 3394 3666 3457 τούς
3705 3393 3766 3459 ἐξ

2079 3481 2270 3536 ἐθνῶν.
2331 3481 2525 3536 Καίτοι
2583 3483 2678 3536 καὶ
2713 3482 2926 3546 Παῦλος
2975 3482 3293 3552 νομομαθὴς
3347 3481 3436 3554 ἦν,
3493 3481 3609 3536 ἀλλ’
3663 3483 3764 3536 οὐκ

2077 3568 2284 3639 ἔπασχε
2316 3568 2503 3622 τοῦτο·
2556 3569 2746 3640 ἐπειδὴ
2789 3568 2846 3621 δὲ
2883 3565 3303 3642 ἐκεῖθενκῆλθε,
3346 3571 3440 3622 καὶ
3489 3569 3549 3622 τὸ
3587 3569 3770 3640 δόγμα

2077 3657 2470 3727 ἀκριϐέστερον
2502 3657 2740 3726 ἐγένετο.
2775 3657 2838 3709 Εἰ
2862 3657 2971 3727 γάρ
3020 3658 3068 3710 οί
3093 3659 3152 3710 ἐν
3192 3657 3585 3727 Ἰεροσολύμοις
3612 3657 3764 3724 ὄντες

2076 3745 2228 3798 οὐδὲν
2259 3744 2501 3799 τοιοῦτον
2528 3745 2900 3810 ἐπιτάττουσι,
2946 3743 3126 3816 πολλῷ
3166 3745 3364 3815 μᾶλλον
3394 3738 3558 3799 οὗτοι.
3599 3745 3764 3817 Ὁρᾷς

2075 3832 2191 3885 ὅσοι
2224 3831 2300 3903 μὴ
2355 3832 2703 3904 φιλαρχοῦσι,
2744 3834 3032 3905 χαίρουσιν
3071 3834 3129 3887 ἐν
3164 3835 3231 3904 τῇ
3271 3833 3485 3901 πίστει;
3518 3833 3592 3887 Οὐ
3621 3833 3766 3903 φιλο-

2075 3922 2267 3990 τιμίας
2303 3922 2482 3975 τοίνυν
2509 3926 2577 3976 τά
2616 3923 2936 3993 διηγήματα
2971 3921 3091 3975 οὐδέ
3137 3921 3447 3988 ἐπιδείξεως
3487 3917 3556 3992 ἦν
3578 3962 3594 3989 ,
3627 3921 3765 3975 ἀλλὰ

2077 4011 2376 4080 ἀπολογίας
2403 4009 2496 4065 τοῦ
2528 4013 2608 4076 εἰς
2647 4010 2716 4065 τά
2754 4011 2882 4080 έθνη
2922 4011 3280 4082 κηρύγματος
3302 4027 3316 4041 ·
3353 4010 3436 4063 διὸ
3482 4012 3578 4065 καὶ
3610 4009 3762 4065 οὐδὲν

2075 4098 2293 4168 λέγουσι
2315 4099 2424 4153 τῶν
2451 4101 2530 4163 εἰς
2553 4101 2682 4163 τοὺς
2725 4099 3014 4163 Ἰουδαίους
3037 4099 3486 4169 συμϐεϐηκότων.
3520 4098 3696 4169 Πολλὴ
3725 4100 3761 4170 ἡ

2075 4186 2380 4258 ἐπιτριϐὴι)
2420 4185 2530 4240 τῶν
2579 4186 2927 4258 Φαρισαίων,
2973 4185 3070 4240 καί
3128 4185 3266 4256 μετά
3312 4185 3411 4256 τὴν
3451 4184 3633 4238 πίστιν
3679 4184 3764 4238 ἐτι

2075 4272 2511 4345 νομοθετούντων
2534 4315 2550 4341 ,
2608 4275 2703 4328 καὶ
2752 4274 2812 4326 οὐ
2870 4273 3209 4344 πειθομένων
3256 4275 3369 4336 τοῖς
3419 4271 3768 4336 ἀποστόλοις..

2087 4362 2229 4417 Ἀλλ’
2265 4363 2368 4432 ὅρα
2399 4361 2676 4429 ἐκείνους,
2713 4360 2830 4426 πῶς
2865 4360 3127 4424 ἐπιεικῶς
3156 4360 3254 4414 καὶ
3293 4362 3355 4413 οὐ
3385 4360 3524 4431 μετὰ
3567 4359 3767 4414 αὐθεν-

2074 4451 2226 4514 τείας
2276 4449 2658 4518 διαλέγονται·
2703 4449 2776 4502 τὰ
2826 4449 2936 4519 γὰρ
2992 4446 3219 4501 τοιαῦτα
3263 4446 3610 4519 ἐπιθυμητὰ,
3667 4448 3768 4501 καὶ,

2078 4539 2296 4611 πέπηγε
2332 4537 2556 4609 μᾶλλον.
2613 4537 2779 4609 Ὁρᾷς
2819 4535 3058 4606 οὐδαμοῦ
3088 4535 3261 4604 λόγων
3298 4535 3597 4602 ἐπίδειξιν,
3625 4534 3760 4587 ἀλλά

2075 4627 2173 4699 τὴν
2208 4627 2296 4682 διὰ
2335 4625 2444 4680 τῶν
2483 4625 2848 4696 πραγμάτων,
2877 4623 2975 4695 τὴν
3001 4623 3089 4679 διά
3118 4621 3210 4676 τοῦ
3234 4622 3586 4692 Πνεύματος;
3620 4621 3758 4676 Ἀλλε

2075 4717 2225 4787 ὅμως
2259 4715 2349 4769 καί
2378 4712 2604 4767 τοιαῦτα
2643 4711 2858 4783 ἔχοντες
2888 4713 3183 4782 τεκμήρια,
3229 4710 3307 4763 ἐτι
3339 4709 3599 4774 ἐπιεικῶς
3645 4709 3762 4765 δια-

2076 4804 2342 4874 λέγονται.
2383 4801 2492 4855 Kal
2536 4801 2672 4872 ὅρα·
2707 4799 2808 4852 οὐκ
2856 4799 3189 4870 ἀπέρχονται
3218 4797 3598 4861 διαϐάλλοντες
3633 4797 3762 4860 τοὺς

2078 4893 2136 4945 ἐν
2177 4889 2497 4962 Ἀντιοχείᾳ,
2518 4887 2631 4942 ἀλλ’
2659 4888 2870 4942 ἐκεῖθεν
2891 4887 3052 4940 πάλιν
3080 4886 3453 4957 λαμϐάνουσιν
3480 4886 3756 4957 ἀφορμήνι

2079 4979 2266 5046 Οῦτως
2297 4979 2571 5052 ἐμελέτων
2598 4977 2658 5032 τὸ
2697 4978 2978 5049 φιλαρχεῖν
2997 5019 3009 5040 ,
3037 4977 3086 5030 οἳ
3127 4975 3223 5030 καί
3267 4975 3369 5029 οὐκ
3399 4977 3616 5030 εἰδότων
3649 4977 3758 5030 τῶν

2078 5070 2394 5125 ἀποστόλων
2417 5067 2802 5140 ἐμέμφθησαν.
2841 5066 2982 5120 Ἀλλ’
3012 5067 3162 5136 ὅμως
3192 5064 3344 5119 οὐδὲν
3369 5063 3573 5119 τούτων
3611 5058 3758 5117 οῦτοι

2079 5159 2430 5230 προήνεγκαν
2465 5173 2477 5186 ·
2535 5156 2651 5212 ἀλλ’
2695 5157 2784 5210 ὅτε
2837 5152 3166 5220 ἀπέδειξαν,
3211 5153 3334 5207 τότε
3405 5150 3757 5222 σφοδρότερον

2079 5246 2372 5318 γράφουσι.
2412 5242 2574 5312 Μέγα
2626 5243 2737 5316 γάρ
2795 5245 2827 5315 ἡ
2883 5242 3154 5296 ἐπιείκεια
3226 5238 3501 5310 πανταχοῦ
3560 5238 3781 5290 καλόνοε

2079 5333 2351 5388 ἐπιείκεια
2394 5331 2560 5403 λέγω,
2593 5333 2653 5386 οὐ
2686 5332 2998 5403 ψυχρότης·
3037 5330 3333 5394 ἐπιείκεια,
3374 5328 3434 5379 οὐ
3466 5325 3754 5379 κολακεία·

2080 5423 2215 5477 πολύ
2241 5421 2350 5495 γάρ
2378 5419 2550 5476 ταῦτα
2574 5419 2860 5493 διέστηκεν
2881 5420 2976 5473 ἀπ’
3002 5417 3270 5489 ἀλλήλων.

2151 5505 2318 5560 Οὐδέν
2348 5502 2502 5578 [251]
2537 5505 2806 5576 ἐτράχυνε
2840 5501 3074 5566 Παῦλον,
3112 5499 3265 5554 οὐδὲν
3312 5497 3541 5567 Πέτρον.
3582 5496 3752 5548 Ὅταν

2082 5595 2212 5667 ἔχῃς
2246 5593 2577 5660 ἀποδείξεις,
2611 5593 2665 5646 τί
2702 5590 2898 5663 ὀργίζῃ
2927 5607 2942 5657 ;
2977 5589 3012 5661 ἢ
3052 5589 3140 5642 ἴνα
3171 5586 3265 5640 καὶ
3284 5583 3490 5645 ταύτας
3519 5581 3759 5652 ἀκύρους

2085 5686 2349 5756 ποιήσῃςς
2395 5683 2512 5734 Οὐκ
2558 5681 2674 5735 ἐστι
2711 5683 2802 5734 τὸν
2851 5676 3206 5750 ὀργιζόμενον
3237 5671 3422 5725 πεῖσαί
3451 5687 3601 5723 ποτε.
3653 5671 3788 5726 Καὶ.

2084 5772 2209 5843 χθές
2240 5771 2369 5842 περὶ
2399 5769 2572 5840 ὀργῆς
2605 5766 2957 5838 διελέχθημεν
2981 5781 2994 5794 ·
3029 5762 3182 5816 οὐδὲν
3209 5761 3265 5815 δέ
3297 5757 3495 5814 κωλύει
3533 5761 3626 5811 καὶ
3664 5761 3761 5830 τή-

2088 5877 2293 5932 μείιν·
2347 5856 2517 5927 ἡγὰρ
2578 5856 2830 5926 συνέχεια
2882 5854 3011 5917 ἴσως
3045 5847 3343 5923 ἐργάσεταί
3377 5864 3452 5901 τι.
3495 5847 3604 5900 Καὶ
3653 5846 3762 5918 γάρ

2088 5948 2378 6017 φάρμακον
2428 5945 2490 5997 τὸ
2549 5941 2778 6014 δύναμιν
2806 5941 2928 6012 ἐχον
2977 5939 3241 6012 ἀφανίσαι
3293 5933 3534 6007 τραῦμα,
3581 5932 3646 5986 ἂν
3689 5934 3794 6005 μὴ.

3127 6057 3156 6101 ι’
3184 6057 3390 6120 Quidam
3413 6053 3563 6103 πολλῆ
3591 6051 3638 6100 δέ
3661 6051 3788 6103 ὲπμ-

2153 6061 2341 6143 ’Δι’ὀοιη
2367 6061 2704 6134 ἐκπιπτούσης,
2751 6063 2838 6128 ὅρα
2863 6061 3052 6120 αὐτούς.

2095 6135 2254 6183 τςιϋη.
