  <div class='ocr_page' id='page_1' title='image "/cluster/home/n/w/nwhite01/storage/ocr_20150623/60:no.9/coo.31924054869601/242.png"; bbox 0 0 4112 6440; ppageno 0'>
   <div class='ocr_carea' id='block_1_1' title="bbox 411 395 522 452">
    <p class='ocr_par' dir='ltr' id='par_1_1' title="bbox 411 395 522 452">
     <span class='ocr_line' id='line_1_1' title="bbox 411 395 522 452; baseline -0.027 0"><span class='ocrx_word' id='word_1_1' title='bbox 411 395 522 452; x_wconf 55' lang='grc' dir='ltr'><strong>θεῖ</strong></span> 
     </span>
    </p>
   </div>
   <div class='ocr_carea' id='block_1_2' title="bbox 407 502 1996 574">
    <p class='ocr_par' dir='ltr' id='par_1_2' title="bbox 407 502 1996 574">
     <span class='ocr_line' id='line_1_2' title="bbox 407 502 1996 574; baseline -0.001 -15"><span class='ocrx_word' id='word_1_2' title='bbox 407 504 566 559; x_wconf 88' lang='lat' dir='ltr'><strong>randi</strong></span> <span class='ocrx_word' id='word_1_3' title='bbox 599 502 823 568; x_wconf 81' lang='lat' dir='ltr'><strong>vulnus,</strong></span> <span class='ocrx_word' id='word_1_4' title='bbox 852 503 950 558; x_wconf 84' lang='lat' dir='ltr'><strong>nisi</strong></span> <span class='ocrx_word' id='word_1_5' title='bbox 985 503 1295 574; x_wconf 85' lang='lat' dir='ltr'><strong>frequenter</strong></span> <span class='ocrx_word' id='word_1_6' title='bbox 1322 513 1640 574; x_wconf 88' lang='lat' dir='ltr'><strong>apponatur,</strong></span> <span class='ocrx_word' id='word_1_7' title='bbox 1673 514 1839 558; x_wconf 87' lang='lat' dir='ltr'><strong>totmn</strong></span> <span class='ocrx_word' id='word_1_8' title='bbox 1872 521 1996 573; x_wconf 86' lang='lat' dir='ltr'><strong>per-</strong></span> 
     </span>
    </p>
   </div>
   <div class='ocr_carea' id='block_1_3' title="bbox 403 592 1998 665">
    <p class='ocr_par' dir='ltr' id='par_1_3' title="bbox 403 592 1998 665">
     <span class='ocr_line' id='line_1_3' title="bbox 403 592 1998 665; baseline 0.001 -18"><span class='ocrx_word' id='word_1_9' title='bbox 403 595 506 648; x_wconf 82' lang='lat' dir='ltr'><strong>dit.</strong></span> <span class='ocrx_word' id='word_1_10' title='bbox 559 592 638 648; x_wconf 87' lang='lat' dir='ltr'><strong>Ne</strong></span> <span class='ocrx_word' id='word_1_11' title='bbox 666 594 858 662; x_wconf 86' lang='lat' dir='ltr'><strong>putetis</strong></span> <span class='ocrx_word' id='word_1_12' title='bbox 890 609 984 650; x_wconf 90' lang='lat' dir='ltr'><strong>vos</strong></span> <span class='ocrx_word' id='word_1_13' title='bbox 1010 595 1356 650; x_wconf 87' lang='lat' dir='ltr'><strong>condemnari</strong></span> <span class='ocrx_word' id='word_1_14' title='bbox 1404 611 1469 650; x_wconf 82' lang='lat' dir='ltr'><strong>ex</strong></span> <span class='ocrx_word' id='word_1_15' title='bbox 1507 596 1771 665; x_wconf 82' lang='lat' dir='ltr'><strong>frequenti</strong></span> <span class='ocrx_word' id='word_1_16' title='bbox 1815 597 1998 664; x_wconf 74' lang='lat' dir='ltr'><strong>hujus-</strong></span> 
     </span>
    </p>
   </div>
   <div class='ocr_carea' id='block_1_4' title="bbox 405 685 1996 756">
    <p class='ocr_par' dir='ltr' id='par_1_4' title="bbox 405 685 1996 756">
     <span class='ocr_line' id='line_1_4' title="bbox 405 685 1996 756; baseline 0.001 -16"><span class='ocrx_word' id='word_1_17' title='bbox 405 685 556 741; x_wconf 88' lang='lat' dir='ltr'><strong>modi</strong></span> <span class='ocrx_word' id='word_1_18' title='bbox 603 687 848 744; x_wconf 89' lang='lat' dir='ltr'><strong>oratione</strong></span> <span class='ocrx_word' id='word_1_19' title='bbox 894 707 910 742; x_wconf 90' lang='lat'><strong><em>:</em></strong></span> <span class='ocrx_word' id='word_1_20' title='bbox 950 689 995 744; x_wconf 93' lang='lat' dir='ltr'><strong>si</strong></span> <span class='ocrx_word' id='word_1_21' title='bbox 1041 691 1183 744; x_wconf 91' lang='lat' dir='ltr'><strong>enim</strong></span> <span class='ocrx_word' id='word_1_22' title='bbox 1234 705 1330 745; x_wconf 82' lang='lat' dir='ltr'><strong>vos</strong></span> <span class='ocrx_word' id='word_1_23' title='bbox 1377 690 1828 756; x_wconf 83' lang='lat' dir='ltr'><strong>condemnarent,</strong></span> <span class='ocrx_word' id='word_1_24' title='bbox 1890 706 1996 742; x_wconf 79' lang='lat' dir='ltr'><strong>non</strong></span> 
     </span>
    </p>
   </div>
   <div class='ocr_carea' id='block_1_5' title="bbox 405 779 1997 852">
    <p class='ocr_par' dir='ltr' id='par_1_5' title="bbox 405 779 1997 852">
     <span class='ocr_line' id='line_1_5' title="bbox 405 779 1997 852; baseline 0.002 -20"><span class='ocrx_word' id='word_1_25' title='bbox 405 779 765 836; x_wconf 87' lang='lat' dir='ltr'><strong>concionarer</strong></span> <span class='ocrx_word' id='word_1_26' title='bbox 797 798 812 836; x_wconf 87' lang='lat'><strong>:</strong></span> <span class='ocrx_word' id='word_1_27' title='bbox 844 797 986 837; x_wconf 91' lang='lat' dir='ltr'><strong>nunc</strong></span> <span class='ocrx_word' id='word_1_28' title='bbox 1014 799 1140 837; x_wconf 87' lang='lat' dir='ltr'><strong>vero</strong></span> <span class='ocrx_word' id='word_1_29' title='bbox 1167 792 1447 852; x_wconf 87' lang='lat' dir='ltr'><strong>sperantes</strong></span> <span class='ocrx_word' id='word_1_30' title='bbox 1476 798 1571 837; x_wconf 92' lang='lat' dir='ltr'><strong>vos</strong></span> <span class='ocrx_word' id='word_1_31' title='bbox 1597 784 1826 837; x_wconf 86' lang='lat' dir='ltr'><strong>multum</strong></span> <span class='ocrx_word' id='word_1_32' title='bbox 1871 781 1997 836; x_wconf 87' lang='lat' dir='ltr'><strong>hinc</strong></span> 
     </span>
    </p>
   </div>
   <div class='ocr_carea' id='block_1_6' title="bbox 404 870 1998 946">
    <p class='ocr_par' dir='ltr' id='par_1_6' title="bbox 404 870 1998 946">
     <span class='ocr_line' id='line_1_6' title="bbox 404 870 1998 946; baseline 0.003 -23"><span class='ocrx_word' id='word_1_33' title='bbox 404 870 710 928; x_wconf 72' lang='lat' dir='ltr'><strong>lucraturos</strong></span> <span class='ocrx_word' id='word_1_34' title='bbox 737 889 894 941; x_wconf 87' lang='lat' dir='ltr'><strong>esse,</strong></span> <span class='ocrx_word' id='word_1_35' title='bbox 920 875 1034 930; x_wconf 65' lang='lat' dir='ltr'><strong>haec</strong></span> <span class='ocrx_word' id='word_1_36' title='bbox 1063 877 1353 944; x_wconf 86' lang='lat' dir='ltr'><strong>loquimur.</strong></span> <span class='ocrx_word' id='word_1_37' title='bbox 1389 875 1599 931; x_wconf 92' lang='lat' dir='ltr'><strong>Utinam</strong></span> <span class='ocrx_word' id='word_1_38' title='bbox 1633 883 1889 946; x_wconf 83' lang='lat' dir='ltr'><strong>perpetuo</strong></span> <span class='ocrx_word' id='word_1_39' title='bbox 1932 875 1998 928; x_wconf 91' lang='lat' dir='ltr'><strong>de</strong></span> 
     </span>
    </p>
   </div>
   <div class='ocr_carea' id='block_1_7' title="bbox 403 961 1991 1035">
    <p class='ocr_par' dir='ltr' id='par_1_7' title="bbox 403 961 1991 1035">
     <span class='ocr_line' id='line_1_7' title="bbox 403 961 1991 1035; baseline 0.002 -18"><span class='ocrx_word' id='word_1_40' title='bbox 403 961 597 1018; x_wconf 83' lang='lat' dir='ltr'><strong>iisdem</strong></span> <span class='ocrx_word' id='word_1_41' title='bbox 627 963 972 1035; x_wconf 80' lang='lat' dir='ltr'><strong>loqueremur</strong></span> <span class='ocrx_word' id='word_1_42' title='bbox 1001 981 1015 1019; x_wconf 88' lang='lat'><strong>:</strong></span> <span class='ocrx_word' id='word_1_43' title='bbox 1050 970 1254 1021; x_wconf 88' lang='lat' dir='ltr'><strong>utinam</strong></span> <span class='ocrx_word' id='word_1_44' title='bbox 1292 968 1433 1022; x_wconf 85' lang='lat' dir='ltr'><strong>nulla</strong></span> <span class='ocrx_word' id='word_1_45' title='bbox 1464 975 1610 1022; x_wconf 71' lang='lat' dir='ltr'><strong>eSset</strong></span> <span class='ocrx_word' id='word_1_46' title='bbox 1644 967 1748 1021; x_wconf 91' lang='lat' dir='ltr'><strong>alia</strong></span> <span class='ocrx_word' id='word_1_47' title='bbox 1775 967 1991 1021; x_wconf 86' lang='lat' dir='ltr'><strong>concio-</strong></span> 
     </span>
    </p>
   </div>
   <div class='ocr_carea' id='block_1_8' title="bbox 403 1055 1995 1128">
    <p class='ocr_par' dir='ltr' id='par_1_8' title="bbox 403 1055 1995 1128">
     <span class='ocr_line' id='line_1_8' title="bbox 403 1055 1995 1128; baseline 0.003 -20"><span class='ocrx_word' id='word_1_48' title='bbox 403 1055 568 1109; x_wconf 87' lang='lat' dir='ltr'><strong>nandi</strong></span> <span class='ocrx_word' id='word_1_49' title='bbox 596 1056 808 1112; x_wconf 80' lang='lat' dir='ltr'><strong>occasio</strong></span> <span class='ocrx_word' id='word_1_50' title='bbox 832 1057 917 1110; x_wconf 93' lang='lat' dir='ltr'><strong>vel</strong></span> <span class='ocrx_word' id='word_1_51' title='bbox 947 1072 1076 1112; x_wconf 90' lang='lat' dir='ltr'><strong>cura</strong></span> <span class='ocrx_word' id='word_1_52' title='bbox 1101 1099 1114 1122; x_wconf 95' lang='lat'><strong>,</strong></span> <span class='ocrx_word' id='word_1_53' title='bbox 1149 1073 1309 1128; x_wconf 90' lang='lat' dir='ltr'><strong>quam</strong></span> <span class='ocrx_word' id='word_1_54' title='bbox 1338 1059 1611 1128; x_wconf 87' lang='lat' dir='ltr'><strong>quomodo</strong></span> <span class='ocrx_word' id='word_1_55' title='bbox 1640 1059 1766 1112; x_wconf 87' lang='lat' dir='ltr'><strong>vitia</strong></span> <span class='ocrx_word' id='word_1_56' title='bbox 1811 1067 1995 1112; x_wconf 83' lang='lat' dir='ltr'><strong>nostra</strong></span> 
     </span>
    </p>
   </div>
   <div class='ocr_carea' id='block_1_9' title="bbox 401 1149 1993 1217">
    <p class='ocr_par' dir='ltr' id='par_1_9' title="bbox 401 1149 1993 1217">
     <span class='ocr_line' id='line_1_9' title="bbox 401 1149 1993 1217; baseline 0.003 -17"><span class='ocrx_word' id='word_1_57' title='bbox 401 1161 741 1217; x_wconf 75' lang='lat' dir='ltr'><strong>superemus.</strong></span> <span class='ocrx_word' id='word_1_58' title='bbox 787 1149 1069 1216; x_wconf 84' lang='lat' dir='ltr'><strong>Quomodo</strong></span> <span class='ocrx_word' id='word_1_59' title='bbox 1113 1152 1258 1206; x_wconf 88' lang='lat' dir='ltr'><strong>enim</strong></span> <span class='ocrx_word' id='word_1_60' title='bbox 1302 1167 1407 1207; x_wconf 89' lang='lat' dir='ltr'><strong>non</strong></span> <span class='ocrx_word' id='word_1_61' title='bbox 1454 1153 1749 1208; x_wconf 85' lang='lat' dir='ltr'><strong>absurdum</strong></span> <span class='ocrx_word' id='word_1_62' title='bbox 1796 1152 1993 1216; x_wconf 82' lang='lat' dir='ltr'><strong>fuerit,</strong></span> 
     </span>
    </p>
   </div>
   <div class='ocr_carea' id='block_1_10' title="bbox 400 1239 1996 1309">
    <p class='ocr_par' dir='ltr' id='par_1_10' title="bbox 400 1239 1996 1309">
     <span class='ocr_line' id='line_1_10' title="bbox 400 1239 1996 1309; baseline 0.002 -16"><span class='ocrx_word' id='word_1_63' title='bbox 400 1239 620 1308; x_wconf 77' lang='lat' dir='ltr'><strong>regibus</strong></span> <span class='ocrx_word' id='word_1_64' title='bbox 652 1241 703 1294; x_wconf 91' lang='lat' dir='ltr'><strong>in</strong></span> <span class='ocrx_word' id='word_1_65' title='bbox 735 1239 942 1296; x_wconf 84' lang='lat' dir='ltr'><strong>deliciis</strong></span> <span class='ocrx_word' id='word_1_66' title='bbox 976 1242 1304 1309; x_wconf 79' lang='lat' dir='ltr'><strong>viventibus,</strong></span> <span class='ocrx_word' id='word_1_67' title='bbox 1337 1252 1392 1299; x_wconf 88' lang='lat' dir='ltr'><strong>et</strong></span> <span class='ocrx_word' id='word_1_68' title='bbox 1423 1252 1570 1298; x_wconf 89' lang='lat' dir='ltr'><strong>tanto</strong></span> <span class='ocrx_word' id='word_1_69' title='bbox 1592 1243 1796 1298; x_wconf 86' lang='lat' dir='ltr'><strong>honore</strong></span> <span class='ocrx_word' id='word_1_70' title='bbox 1816 1286 1832 1306; x_wconf 86' lang='lat'><strong>,</strong></span> <span class='ocrx_word' id='word_1_71' title='bbox 1862 1242 1996 1297; x_wconf 82' lang='lat' dir='ltr'><strong>nihil</strong></span> 
     </span>
    </p>
   </div>
   <div class='ocr_carea' id='block_1_11' title="bbox 400 1328 1993 1405">
    <p class='ocr_par' dir='ltr' id='par_1_11' title="bbox 400 1328 1993 1405">
     <span class='ocr_line' id='line_1_11' title="bbox 400 1328 1993 1405; baseline 0.003 -23"><span class='ocrx_word' id='word_1_72' title='bbox 400 1328 546 1383; x_wconf 80' lang='lat' dir='ltr'><strong>aliud</strong></span> <span class='ocrx_word' id='word_1_73' title='bbox 595 1345 737 1385; x_wconf 78' lang='lat' dir='ltr'><strong>cura:</strong></span> <span class='ocrx_word' id='word_1_74' title='bbox 773 1345 892 1386; x_wconf 91' lang='lat' dir='ltr'><strong>esse</strong></span> <span class='ocrx_word' id='word_1_75' title='bbox 923 1333 1004 1386; x_wconf 92' lang='lat' dir='ltr'><strong>vel</strong></span> <span class='ocrx_word' id='word_1_76' title='bbox 1038 1334 1088 1387; x_wconf 83' lang='lat' dir='ltr'><strong>in</strong></span> <span class='ocrx_word' id='word_1_77' title='bbox 1123 1350 1303 1389; x_wconf 89' lang='lat' dir='ltr'><strong>mensa</strong></span> <span class='ocrx_word' id='word_1_78' title='bbox 1325 1375 1340 1400; x_wconf 93' lang='lat'><strong>,</strong></span> <span class='ocrx_word' id='word_1_79' title='bbox 1373 1335 1455 1390; x_wconf 86' lang='lat' dir='ltr'><strong>vel</strong></span> <span class='ocrx_word' id='word_1_80' title='bbox 1487 1335 1594 1389; x_wconf 83' lang='lat' dir='ltr'><strong>alio</strong></span> <span class='ocrx_word' id='word_1_81' title='bbox 1623 1335 1821 1405; x_wconf 89' lang='lat' dir='ltr'><strong>quovis</strong></span> <span class='ocrx_word' id='word_1_82' title='bbox 1857 1345 1993 1389; x_wconf 89' lang='lat' dir='ltr'><strong>tem-</strong></span> 
     </span>
    </p>
   </div>
   <div class='ocr_carea' id='block_1_12' title="bbox 399 1425 1995 1496">
    <p class='ocr_par' dir='ltr' id='par_1_12' title="bbox 399 1425 1995 1496">
     <span class='ocr_line' id='line_1_12' title="bbox 399 1425 1995 1496; baseline 0.005 -23"><span class='ocrx_word' id='word_1_83' title='bbox 399 1433 570 1488; x_wconf 85' lang='lat' dir='ltr'><strong>pore,</strong></span> <span class='ocrx_word' id='word_1_84' title='bbox 596 1437 756 1491; x_wconf 87' lang='lat' dir='ltr'><strong>quam</strong></span> <span class='ocrx_word' id='word_1_85' title='bbox 799 1425 1072 1493; x_wconf 87' lang='lat' dir='ltr'><strong>quomodo</strong></span> <span class='ocrx_word' id='word_1_86' title='bbox 1108 1426 1350 1481; x_wconf 81' lang='lat' dir='ltr'><strong>inimicos</strong></span> <span class='ocrx_word' id='word_1_87' title='bbox 1376 1428 1590 1482; x_wconf 78' lang='lat' dir='ltr'><strong>vincere</strong></span> <span class='ocrx_word' id='word_1_88' title='bbox 1621 1434 1898 1496; x_wconf 76' lang='lat' dir='ltr'><strong>oporteat,</strong></span> <span class='ocrx_word' id='word_1_89' title='bbox 1941 1437 1995 1481; x_wconf 92' lang='lat' dir='ltr'><strong>et</strong></span> 
     </span>
    </p>
   </div>
   <div class='ocr_carea' id='block_1_13' title="bbox 399 1509 1997 1589">
    <p class='ocr_par' dir='ltr' id='par_1_13' title="bbox 399 1509 1997 1589">
     <span class='ocr_line' id='line_1_13' title="bbox 399 1509 1997 1589; baseline 0.006 -25"><span class='ocrx_word' id='word_1_90' title='bbox 399 1526 464 1564; x_wconf 85' lang='lat' dir='ltr'><strong>ea</strong></span> <span class='ocrx_word' id='word_1_91' title='bbox 496 1509 563 1566; x_wconf 91' lang='lat' dir='ltr'><strong>de</strong></span> <span class='ocrx_word' id='word_1_92' title='bbox 587 1526 743 1568; x_wconf 89' lang='lat' dir='ltr'><strong>causa</strong></span> <span class='ocrx_word' id='word_1_93' title='bbox 774 1515 1010 1584; x_wconf 84' lang='lat' dir='ltr'><strong>quOIidie</strong></span> <span class='ocrx_word' id='word_1_94' title='bbox 1035 1528 1334 1573; x_wconf 89' lang='lat' dir='ltr'><strong>conventus</strong></span> <span class='ocrx_word' id='word_1_95' title='bbox 1362 1532 1524 1589; x_wconf 91' lang='lat' dir='ltr'><strong>agere</strong></span> <span class='ocrx_word' id='word_1_96' title='bbox 1545 1561 1558 1585; x_wconf 96' lang='lat'><strong>,</strong></span> <span class='ocrx_word' id='word_1_97' title='bbox 1591 1518 1756 1574; x_wconf 91' lang='lat' dir='ltr'><strong>duces</strong></span> <span class='ocrx_word' id='word_1_98' title='bbox 1793 1535 1854 1574; x_wconf 89' lang='lat' dir='ltr'><strong>ac</strong></span> <span class='ocrx_word' id='word_1_99' title='bbox 1894 1520 1997 1573; x_wconf 89' lang='lat' dir='ltr'><strong>mi-</strong></span> 
     </span>
    </p>
   </div>
   <div class='ocr_carea' id='block_1_14' title="bbox 402 1601 1993 1678">
    <p class='ocr_par' dir='ltr' id='par_1_14' title="bbox 402 1601 1993 1678">
     <span class='ocr_line' id='line_1_14' title="bbox 402 1601 1993 1678; baseline 0.006 -24"><span class='ocrx_word' id='word_1_100' title='bbox 402 1601 533 1656; x_wconf 80' lang='lat' dir='ltr'><strong>lites</strong></span> <span class='ocrx_word' id='word_1_101' title='bbox 558 1604 815 1675; x_wconf 85' lang='lat' dir='ltr'><strong>adlegere,</strong></span> <span class='ocrx_word' id='word_1_102' title='bbox 851 1606 1046 1662; x_wconf 88' lang='lat' dir='ltr'><strong>tributa</strong></span> <span class='ocrx_word' id='word_1_103' title='bbox 1087 1609 1339 1678; x_wconf 78' lang='lat' dir='ltr'><strong>exigere;</strong></span> <span class='ocrx_word' id='word_1_104' title='bbox 1381 1618 1435 1663; x_wconf 91' lang='lat' dir='ltr'><strong>et</strong></span> <span class='ocrx_word' id='word_1_105' title='bbox 1464 1610 1518 1664; x_wconf 92' lang='lat' dir='ltr'><strong>in</strong></span> <span class='ocrx_word' id='word_1_106' title='bbox 1546 1609 1794 1664; x_wconf 80' lang='lat' dir='ltr'><strong>civilibus</strong></span> <span class='ocrx_word' id='word_1_107' title='bbox 1834 1611 1993 1665; x_wconf 88' lang='lat' dir='ltr'><strong>rebus</strong></span> 
     </span>
    </p>
   </div>
   <div class='ocr_carea' id='block_1_15' title="bbox 416 1693 1993 1771">
    <p class='ocr_par' dir='ltr' id='par_1_15' title="bbox 416 1693 1993 1771">
     <span class='ocr_line' id='line_1_15' title="bbox 416 1693 1993 1771; baseline 0.006 -25"><span class='ocrx_word' id='word_1_108' title='bbox 416 1693 520 1747; x_wconf 84' lang='lat' dir='ltr'><strong>bas</strong></span> <span class='ocrx_word' id='word_1_109' title='bbox 549 1695 672 1751; x_wconf 90' lang='lat' dir='ltr'><strong>duas</strong></span> <span class='ocrx_word' id='word_1_110' title='bbox 700 1705 902 1752; x_wconf 88' lang='lat' dir='ltr'><strong>tantum</strong></span> <span class='ocrx_word' id='word_1_111' title='bbox 935 1715 1021 1754; x_wconf 84' lang='lat' dir='ltr'><strong>res</strong></span> <span class='ocrx_word' id='word_1_112' title='bbox 1051 1699 1386 1754; x_wconf 89' lang='lat' dir='ltr'><strong>necessarias</strong></span> <span class='ocrx_word' id='word_1_113' title='bbox 1414 1716 1534 1756; x_wconf 90' lang='lat' dir='ltr'><strong>esse</strong></span> <span class='ocrx_word' id='word_1_114' title='bbox 1557 1713 1746 1771; x_wconf 90' lang='lat' dir='ltr'><strong>putare</strong></span> <span class='ocrx_word' id='word_1_115' title='bbox 1771 1743 1784 1767; x_wconf 95' lang='lat'><strong>,</strong></span> <span class='ocrx_word' id='word_1_116' title='bbox 1813 1710 1870 1756; x_wconf 93' lang='lat' dir='ltr'><strong>ut</strong></span> <span class='ocrx_word' id='word_1_117' title='bbox 1893 1701 1993 1755; x_wconf 77' lang='lat' dir='ltr'><strong>ini-</strong></span> 
     </span>
    </p>
   </div>
   <div class='ocr_carea' id='block_1_16' title="bbox 414 1788 1992 1865">
    <p class='ocr_par' dir='ltr' id='par_1_16' title="bbox 414 1788 1992 1865">
     <span class='ocr_line' id='line_1_16' title="bbox 414 1788 1992 1865; baseline 0.008 -27"><span class='ocrx_word' id='word_1_118' title='bbox 414 1788 537 1842; x_wconf 88' lang='lat' dir='ltr'><strong>mici</strong></span> <span class='ocrx_word' id='word_1_119' title='bbox 585 1789 888 1858; x_wconf 85' lang='lat' dir='ltr'><strong>vincantur,</strong></span> <span class='ocrx_word' id='word_1_120' title='bbox 919 1800 975 1846; x_wconf 89' lang='lat' dir='ltr'><strong>et</strong></span> <span class='ocrx_word' id='word_1_121' title='bbox 1013 1795 1094 1847; x_wconf 79' lang='lat' dir='ltr'><strong>sui</strong></span> <span class='ocrx_word' id='word_1_122' title='bbox 1128 1793 1178 1847; x_wconf 90' lang='lat' dir='ltr'><strong>in</strong></span> <span class='ocrx_word' id='word_1_123' title='bbox 1209 1809 1337 1862; x_wconf 87' lang='lat' dir='ltr'><strong>pace</strong></span> <span class='ocrx_word' id='word_1_124' title='bbox 1365 1794 1558 1865; x_wconf 82' lang='lat' dir='ltr'><strong>degant</strong></span> <span class='ocrx_word' id='word_1_125' title='bbox 1585 1811 1598 1847; x_wconf 87' lang='lat'>:</span> <span class='ocrx_word' id='word_1_126' title='bbox 1629 1809 1727 1849; x_wconf 90' lang='lat' dir='ltr'><strong>nos</strong></span> <span class='ocrx_word' id='word_1_127' title='bbox 1756 1810 1884 1850; x_wconf 89' lang='lat' dir='ltr'><strong>vero</strong></span> <span class='ocrx_word' id='word_1_128' title='bbox 1923 1810 1992 1850; x_wconf 88' lang='lat' dir='ltr'><strong>ne</strong></span> 
     </span>
    </p>
   </div>
   <div class='ocr_carea' id='block_1_17' title="bbox 409 1883 1990 1958">
    <p class='ocr_par' dir='ltr' id='par_1_17' title="bbox 409 1883 1990 1958">
     <span class='ocr_line' id='line_1_17' title="bbox 409 1883 1990 1958; baseline 0.007 -25"><span class='ocrx_word' id='word_1_129' title='bbox 409 1896 506 1948; x_wconf 81' lang='lat' dir='ltr'><strong>per</strong></span> <span class='ocrx_word' id='word_1_130' title='bbox 541 1883 804 1938; x_wconf 85' lang='lat' dir='ltr'><strong>somnium</strong></span> <span class='ocrx_word' id='word_1_131' title='bbox 833 1886 1048 1956; x_wconf 79' lang='lat' dir='ltr'><strong>quidem</strong></span> <span class='ocrx_word' id='word_1_132' title='bbox 1076 1886 1143 1942; x_wconf 90' lang='lat' dir='ltr'><strong>de</strong></span> <span class='ocrx_word' id='word_1_133' title='bbox 1174 1887 1258 1941; x_wconf 87' lang='lat' dir='ltr'><strong>his</strong></span> <span class='ocrx_word' id='word_1_134' title='bbox 1289 1897 1518 1942; x_wconf 72' lang='lat' dir='ltr'><strong>tractare</strong></span> <span class='ocrx_word' id='word_1_135' title='bbox 1541 1930 1554 1947; x_wconf 93' lang='lat'><strong>.</strong></span> <span class='ocrx_word' id='word_1_136' title='bbox 1595 1888 1691 1944; x_wconf 90' lang='lat' dir='ltr'><strong>sed</strong></span> <span class='ocrx_word' id='word_1_137' title='bbox 1718 1889 1990 1958; x_wconf 89' lang='lat' dir='ltr'><strong>quomodo</strong></span> 
     </span>
    </p>
   </div>
   <div class='ocr_carea' id='block_1_18' title="bbox 402 1979 1990 2049">
    <p class='ocr_par' dir='ltr' id='par_1_18' title="bbox 402 1979 1990 2049">
     <span class='ocr_line' id='line_1_18' title="bbox 402 1979 1990 2049; baseline 0.006 -24"><span class='ocrx_word' id='word_1_138' title='bbox 402 1986 587 2043; x_wconf 86' lang='lat' dir='ltr'><strong>agrum</strong></span> <span class='ocrx_word' id='word_1_139' title='bbox 631 1990 907 2042; x_wconf 80' lang='lat' dir='ltr'><strong>eruamus,</strong></span> <span class='ocrx_word' id='word_1_140' title='bbox 953 1979 1225 2047; x_wconf 86' lang='lat' dir='ltr'><strong>quomodo</strong></span> <span class='ocrx_word' id='word_1_141' title='bbox 1266 1993 1482 2043; x_wconf 88' lang='lat' dir='ltr'><strong>servos,</strong></span> <span class='ocrx_word' id='word_1_142' title='bbox 1541 1979 1812 2049; x_wconf 88' lang='lat' dir='ltr'><strong>quomodo</strong></span> <span class='ocrx_word' id='word_1_143' title='bbox 1858 1994 1990 2049; x_wconf 79' lang='lat' dir='ltr'><strong>Opes</strong></span> 
     </span>
    </p>
   </div>
   <div class='ocr_carea' id='block_1_19' title="bbox 399 2070 1990 2139">
    <p class='ocr_par' dir='ltr' id='par_1_19' title="bbox 399 2070 1990 2139">
     <span class='ocr_line' id='line_1_19' title="bbox 399 2070 1990 2139; baseline 0.005 -21"><span class='ocrx_word' id='word_1_144' title='bbox 399 2080 693 2135; x_wconf 76' lang='lat' dir='ltr'><strong>augeamus</strong></span> <span class='ocrx_word' id='word_1_145' title='bbox 714 2111 729 2135; x_wconf 96' lang='lat'><strong>,</strong></span> <span class='ocrx_word' id='word_1_146' title='bbox 762 2070 1002 2139; x_wconf 83' lang='lat' dir='ltr'><strong>quotidie</strong></span> <span class='ocrx_word' id='word_1_147' title='bbox 1029 2071 1146 2125; x_wconf 91' lang='lat' dir='ltr'><strong>sine</strong></span> <span class='ocrx_word' id='word_1_148' title='bbox 1175 2086 1373 2126; x_wconf 90' lang='lat' dir='ltr'><strong>nausea</strong></span> <span class='ocrx_word' id='word_1_149' title='bbox 1403 2087 1688 2135; x_wconf 89' lang='lat' dir='ltr'><strong>curemus;</strong></span> <span class='ocrx_word' id='word_1_150' title='bbox 1729 2071 1796 2126; x_wconf 90' lang='lat' dir='ltr'><strong>de</strong></span> <span class='ocrx_word' id='word_1_151' title='bbox 1825 2072 1990 2126; x_wconf 87' lang='lat' dir='ltr'><strong>rebus</strong></span> 
     </span>
    </p>
   </div>
   <div class='ocr_carea' id='block_1_20' title="bbox 396 2161 1988 2234">
    <p class='ocr_par' dir='ltr' id='par_1_20' title="bbox 396 2161 1988 2234">
     <span class='ocr_line' id='line_1_20' title="bbox 396 2161 1988 2234; baseline 0.006 -26"><span class='ocrx_word' id='word_1_152' title='bbox 396 2167 576 2210; x_wconf 90' lang='lat' dir='ltr'><strong>autem</strong></span> <span class='ocrx_word' id='word_1_153' title='bbox 611 2161 806 2214; x_wconf 85' lang='lat' dir='ltr'><strong>nostris</strong></span> <span class='ocrx_word' id='word_1_154' title='bbox 835 2169 888 2215; x_wconf 88' lang='lat' dir='ltr'><strong>et</strong></span> <span class='ocrx_word' id='word_1_155' title='bbox 921 2176 1045 2215; x_wconf 83' lang='lat' dir='ltr'><strong>vere</strong></span> <span class='ocrx_word' id='word_1_156' title='bbox 1072 2162 1270 2216; x_wconf 91' lang='lat' dir='ltr'><strong>nostris</strong></span> <span class='ocrx_word' id='word_1_157' title='bbox 1298 2177 1397 2218; x_wconf 92' lang='lat' dir='ltr'><strong>nec</strong></span> <span class='ocrx_word' id='word_1_158' title='bbox 1423 2163 1598 2232; x_wconf 92' lang='lat' dir='ltr'><strong>loqui,</strong></span> <span class='ocrx_word' id='word_1_159' title='bbox 1633 2178 1807 2234; x_wconf 90' lang='lat' dir='ltr'><strong>neque</strong></span> <span class='ocrx_word' id='word_1_160' title='bbox 1855 2164 1988 2218; x_wconf 87' lang='lat' dir='ltr'><strong>alios</strong></span> 
     </span>
    </p>
   </div>
   <div class='ocr_carea' id='block_1_21' title="bbox 395 2247 1988 2324">
    <p class='ocr_par' dir='ltr' id='par_1_21' title="bbox 395 2247 1988 2324">
     <span class='ocr_line' id='line_1_21' title="bbox 395 2247 1988 2324; baseline 0.004 -22"><span class='ocrx_word' id='word_1_161' title='bbox 395 2247 638 2304; x_wconf 80' lang='lat' dir='ltr'><strong>dicentes</strong></span> <span class='ocrx_word' id='word_1_162' title='bbox 667 2252 852 2306; x_wconf 88' lang='lat' dir='ltr'><strong>audire</strong></span> <span class='ocrx_word' id='word_1_163' title='bbox 883 2253 1144 2308; x_wconf 75' lang='lat' dir='ltr'><strong>velimus?</strong></span> <span class='ocrx_word' id='word_1_164' title='bbox 1175 2254 1288 2322; x_wconf 88' lang='lat' dir='ltr'><strong>Qua</strong></span> <span class='ocrx_word' id='word_1_165' title='bbox 1320 2255 1385 2309; x_wconf 92' lang='lat' dir='ltr'><strong>de</strong></span> <span class='ocrx_word' id='word_1_166' title='bbox 1417 2271 1474 2310; x_wconf 87' lang='lat' dir='ltr'><strong>re</strong></span> <span class='ocrx_word' id='word_1_167' title='bbox 1498 2269 1627 2324; x_wconf 83' lang='lat' dir='ltr'><strong>ergo</strong></span> <span class='ocrx_word' id='word_1_168' title='bbox 1655 2255 1732 2309; x_wconf 83' lang='lat' dir='ltr'><strong>vis</strong></span> <span class='ocrx_word' id='word_1_169' title='bbox 1754 2255 1988 2310; x_wconf 86' lang='lat' dir='ltr'><strong>dissera-</strong></span> 
     </span>
    </p>
   </div>
   <div class='ocr_carea' id='block_1_22' title="bbox 397 2341 1988 2417">
    <p class='ocr_par' dir='ltr' id='par_1_22' title="bbox 397 2341 1988 2417">
     <span class='ocr_line' id='line_1_22' title="bbox 397 2341 1988 2417; baseline 0.004 -23"><span class='ocrx_word' id='word_1_170' title='bbox 397 2341 521 2394; x_wconf 86' lang='lat' dir='ltr'><strong>tur?</strong></span> <span class='ocrx_word' id='word_1_171' title='bbox 544 2357 611 2396; x_wconf 89' lang='lat' dir='ltr'><strong>an</strong></span> <span class='ocrx_word' id='word_1_172' title='bbox 640 2343 708 2396; x_wconf 87' lang='lat' dir='ltr'><strong>de</strong></span> <span class='ocrx_word' id='word_1_173' title='bbox 739 2344 996 2414; x_wconf 89' lang='lat' dir='ltr'><strong>prandio?</strong></span> <span class='ocrx_word' id='word_1_174' title='bbox 1027 2344 1130 2400; x_wconf 90' lang='lat' dir='ltr'><strong>Sed</strong></span> <span class='ocrx_word' id='word_1_175' title='bbox 1163 2346 1277 2400; x_wconf 78' lang='lat' dir='ltr'><strong>haec</strong></span> <span class='ocrx_word' id='word_1_176' title='bbox 1304 2345 1372 2400; x_wconf 90' lang='lat' dir='ltr'><strong>ad</strong></span> <span class='ocrx_word' id='word_1_177' title='bbox 1397 2361 1598 2416; x_wconf 85' lang='lat' dir='ltr'><strong>coquos</strong></span> <span class='ocrx_word' id='word_1_178' title='bbox 1636 2348 1787 2402; x_wconf 80' lang='lat' dir='ltr'><strong>verba</strong></span> <span class='ocrx_word' id='word_1_179' title='bbox 1824 2348 1988 2417; x_wconf 84' lang='lat' dir='ltr'><strong>perti-</strong></span> 
     </span>
    </p>
   </div>
   <div class='ocr_carea' id='block_1_23' title="bbox 395 2434 1985 2507">
    <p class='ocr_par' dir='ltr' id='par_1_23' title="bbox 395 2434 1985 2507">
     <span class='ocr_line' id='line_1_23' title="bbox 395 2434 1985 2507; baseline 0.005 -22"><span class='ocrx_word' id='word_1_180' title='bbox 395 2443 545 2486; x_wconf 89' lang='lat' dir='ltr'><strong>nent.</strong></span> <span class='ocrx_word' id='word_1_181' title='bbox 580 2435 662 2488; x_wconf 81' lang='lat' dir='ltr'><strong>Au</strong></span> <span class='ocrx_word' id='word_1_182' title='bbox 691 2434 758 2490; x_wconf 92' lang='lat' dir='ltr'><strong>de</strong></span> <span class='ocrx_word' id='word_1_183' title='bbox 785 2438 1060 2505; x_wconf 83' lang='lat' dir='ltr'><strong>pecuniis?</strong></span> <span class='ocrx_word' id='word_1_184' title='bbox 1088 2436 1192 2494; x_wconf 89' lang='lat' dir='ltr'><strong>Sed</strong></span> <span class='ocrx_word' id='word_1_185' title='bbox 1224 2436 1338 2492; x_wconf 62' lang='lat' dir='ltr'><strong>haec</strong></span> <span class='ocrx_word' id='word_1_186' title='bbox 1364 2440 1748 2507; x_wconf 83' lang='lat' dir='ltr'><strong>negotiantium</strong></span> <span class='ocrx_word' id='word_1_187' title='bbox 1785 2453 1908 2493; x_wconf 84' lang='lat' dir='ltr'><strong>sunt</strong></span> <span class='ocrx_word' id='word_1_188' title='bbox 1932 2450 1985 2494; x_wconf 92' lang='lat' dir='ltr'><strong>et</strong></span> 
     </span>
    </p>
   </div>
   <div class='ocr_carea' id='block_1_24' title="bbox 394 2529 1982 2586">
    <p class='ocr_par' dir='ltr' id='par_1_24' title="bbox 394 2529 1982 2586">
     <span class='ocr_line' id='line_1_24' title="bbox 394 2529 1982 2586; baseline 0.003 -7"><span class='ocrx_word' id='word_1_189' title='bbox 394 2536 774 2582; x_wconf 53' lang='lat' dir='ltr'><strong>mercatorum.</strong></span> <span class='ocrx_word' id='word_1_190' title='bbox 799 2531 880 2582; x_wconf 81' lang='lat' dir='ltr'><strong>An</strong></span> <span class='ocrx_word' id='word_1_191' title='bbox 903 2529 972 2584; x_wconf 93' lang='lat' dir='ltr'><strong>de</strong></span> <span class='ocrx_word' id='word_1_192' title='bbox 990 2529 1268 2586; x_wconf 63' lang='lat' dir='ltr'><strong>(adiﬁciis?</strong></span> <span class='ocrx_word' id='word_1_193' title='bbox 1291 2530 1397 2585; x_wconf 88' lang='lat' dir='ltr'><strong>Sed</strong></span> <span class='ocrx_word' id='word_1_194' title='bbox 1429 2530 1543 2584; x_wconf 67' lang='lat' dir='ltr'><strong>huic</strong></span> <span class='ocrx_word' id='word_1_195' title='bbox 1565 2530 1982 2585; x_wconf 82' lang='lat' dir='ltr'><strong>architectorum</strong></span> 
     </span>
    </p>
   </div>
   <div class='ocr_carea' id='block_1_25' title="bbox 394 2616 1985 2692">
    <p class='ocr_par' dir='ltr' id='par_1_25' title="bbox 394 2616 1985 2692">
     <span class='ocr_line' id='line_1_25' title="bbox 394 2616 1985 2692; baseline 0.005 -25"><span class='ocrx_word' id='word_1_196' title='bbox 394 2627 448 2668; x_wconf 91' lang='lat' dir='ltr'><strong>et</strong></span> <span class='ocrx_word' id='word_1_197' title='bbox 479 2616 790 2673; x_wconf 89' lang='lat' dir='ltr'><strong>latomorum</strong></span> <span class='ocrx_word' id='word_1_198' title='bbox 823 2629 967 2674; x_wconf 91' lang='lat' dir='ltr'><strong>sunt.</strong></span> <span class='ocrx_word' id='word_1_199' title='bbox 995 2623 1073 2674; x_wconf 82' lang='lat' dir='ltr'><strong>An</strong></span> <span class='ocrx_word' id='word_1_200' title='bbox 1098 2621 1164 2676; x_wconf 90' lang='lat' dir='ltr'><strong>de</strong></span> <span class='ocrx_word' id='word_1_201' title='bbox 1193 2621 1379 2678; x_wconf 85' lang='lat' dir='ltr'><strong>terra?</strong></span> <span class='ocrx_word' id='word_1_202' title='bbox 1407 2622 1510 2676; x_wconf 90' lang='lat' dir='ltr'><strong>Sed</strong></span> <span class='ocrx_word' id='word_1_203' title='bbox 1543 2621 1656 2676; x_wconf 55' lang='lat' dir='ltr'><strong>haec</strong></span> <span class='ocrx_word' id='word_1_204' title='bbox 1687 2623 1752 2676; x_wconf 93' lang='lat' dir='ltr'><strong>ad</strong></span> <span class='ocrx_word' id='word_1_205' title='bbox 1782 2623 1985 2692; x_wconf 83' lang='lat' dir='ltr'><strong>agrico-</strong></span> 
     </span>
    </p>
   </div>
   <div class='ocr_carea' id='block_1_26' title="bbox 391 2708 1984 2785">
    <p class='ocr_par' dir='ltr' id='par_1_26' title="bbox 391 2708 1984 2785">
     <span class='ocr_line' id='line_1_26' title="bbox 391 2708 1984 2785; baseline 0.003 -22"><span class='ocrx_word' id='word_1_206' title='bbox 391 2709 495 2763; x_wconf 83' lang='lat' dir='ltr'><strong>las.</strong></span> <span class='ocrx_word' id='word_1_207' title='bbox 519 2708 681 2765; x_wconf 88' lang='lat' dir='ltr'><strong>Nobis</strong></span> <span class='ocrx_word' id='word_1_208' title='bbox 704 2727 832 2768; x_wconf 88' lang='lat' dir='ltr'><strong>vero</strong></span> <span class='ocrx_word' id='word_1_209' title='bbox 853 2713 1056 2767; x_wconf 90' lang='lat' dir='ltr'><strong>nullum</strong></span> <span class='ocrx_word' id='word_1_210' title='bbox 1080 2714 1222 2768; x_wconf 87' lang='lat' dir='ltr'><strong>aliud</strong></span> <span class='ocrx_word' id='word_1_211' title='bbox 1245 2723 1329 2769; x_wconf 89' lang='lat' dir='ltr'><strong>est</strong></span> <span class='ocrx_word' id='word_1_212' title='bbox 1349 2729 1501 2784; x_wconf 90' lang='lat' dir='ltr'><strong>opus,</strong></span> <span class='ocrx_word' id='word_1_213' title='bbox 1533 2730 1690 2784; x_wconf 86' lang='lat' dir='ltr'><strong>quam</strong></span> <span class='ocrx_word' id='word_1_214' title='bbox 1714 2715 1984 2785; x_wconf 85' lang='lat' dir='ltr'><strong>quomodo</strong></span> 
     </span>
    </p>
   </div>
   <div class='ocr_carea' id='block_1_27' title="bbox 392 2800 1984 2876">
    <p class='ocr_par' dir='ltr' id='par_1_27' title="bbox 392 2800 1984 2876">
     <span class='ocr_line' id='line_1_27' title="bbox 392 2800 1984 2876; baseline 0.003 -21"><span class='ocrx_word' id='word_1_215' title='bbox 392 2800 608 2857; x_wconf 87' lang='lat' dir='ltr'><strong>divitias</strong></span> <span class='ocrx_word' id='word_1_216' title='bbox 637 2819 886 2872; x_wconf 78' lang='lat' dir='ltr'><strong>paremus</strong></span> <span class='ocrx_word' id='word_1_217' title='bbox 923 2807 1137 2860; x_wconf 67' lang='lat' dir='ltr'><strong>animas.</strong></span> <span class='ocrx_word' id='word_1_218' title='bbox 1192 2806 1270 2861; x_wconf 86' lang='lat' dir='ltr'><strong>Ne</strong></span> <span class='ocrx_word' id='word_1_219' title='bbox 1309 2822 1436 2876; x_wconf 87' lang='lat' dir='ltr'><strong>ergo</strong></span> <span class='ocrx_word' id='word_1_220' title='bbox 1479 2806 1782 2861; x_wconf 82' lang='lat' dir='ltr'><strong>fastidiosus</strong></span> <span class='ocrx_word' id='word_1_221' title='bbox 1828 2806 1984 2860; x_wconf 80' lang='lat' dir='ltr'><strong>vobis</strong></span> 
     </span>
    </p>
   </div>
   <div class='ocr_carea' id='block_1_28' title="bbox 392 2895 1979 2967">
    <p class='ocr_par' dir='ltr' id='par_1_28' title="bbox 392 2895 1979 2967">
     <span class='ocr_line' id='line_1_28' title="bbox 392 2895 1979 2967; baseline 0.002 -19"><span class='ocrx_word' id='word_1_222' title='bbox 392 2905 574 2948; x_wconf 81' lang='lat' dir='ltr'><strong>sermo</strong></span> <span class='ocrx_word' id='word_1_223' title='bbox 607 2895 694 2949; x_wconf 89' lang='lat' dir='ltr'><strong>sit.</strong></span> <span class='ocrx_word' id='word_1_224' title='bbox 724 2895 833 2950; x_wconf 84' lang='lat' dir='ltr'><strong>Cur</strong></span> <span class='ocrx_word' id='word_1_225' title='bbox 861 2897 1002 2952; x_wconf 87' lang='lat' dir='ltr'><strong>enim</strong></span> <span class='ocrx_word' id='word_1_226' title='bbox 1033 2898 1212 2952; x_wconf 90' lang='lat' dir='ltr'><strong>nullus</strong></span> <span class='ocrx_word' id='word_1_227' title='bbox 1251 2906 1468 2952; x_wconf 81' lang='lat' dir='ltr'><strong>accusat</strong></span> <span class='ocrx_word' id='word_1_228' title='bbox 1503 2898 1768 2951; x_wconf 90' lang='lat' dir='ltr'><strong>medicum</strong></span> <span class='ocrx_word' id='word_1_229' title='bbox 1795 2938 1807 2960; x_wconf 89' lang='lat'><strong>,</strong></span> <span class='ocrx_word' id='word_1_230' title='bbox 1837 2899 1979 2967; x_wconf 88' lang='lat' dir='ltr'><strong>quod</strong></span> 
     </span>
    </p>
   </div>
   <div class='ocr_carea' id='block_1_29' title="bbox 390 2988 1975 3063">
    <p class='ocr_par' dir='ltr' id='par_1_29' title="bbox 390 2988 1975 3063">
     <span class='ocr_line' id='line_1_29' title="bbox 390 2988 1975 3063; baseline 0.004 -24"><span class='ocrx_word' id='word_1_231' title='bbox 390 2998 607 3055; x_wconf 73' lang='lat' dir='ltr'><strong>semper</strong></span> <span class='ocrx_word' id='word_1_232' title='bbox 628 2988 695 3045; x_wconf 90' lang='lat' dir='ltr'><strong>de</strong></span> <span class='ocrx_word' id='word_1_233' title='bbox 723 2990 985 3045; x_wconf 90' lang='lat' dir='ltr'><strong>medicina</strong></span> <span class='ocrx_word' id='word_1_234' title='bbox 1013 2992 1262 3062; x_wconf 88' lang='lat' dir='ltr'><strong>loquatur</strong></span> <span class='ocrx_word' id='word_1_235' title='bbox 1281 3033 1293 3056; x_wconf 89' lang='lat'><strong>,</strong></span> <span class='ocrx_word' id='word_1_236' title='bbox 1320 3008 1494 3063; x_wconf 91' lang='lat' dir='ltr'><strong>neque</strong></span> <span class='ocrx_word' id='word_1_237' title='bbox 1525 2993 1662 3046; x_wconf 90' lang='lat' dir='ltr'><strong>alios</strong></span> <span class='ocrx_word' id='word_1_238' title='bbox 1703 2994 1938 3047; x_wconf 83' lang='lat' dir='ltr'><strong>artifices</strong></span> <span class='ocrx_word' id='word_1_239' title='bbox 1961 3036 1975 3058; x_wconf 90' lang='lat'><strong>,</strong></span> 
     </span>
    </p>
   </div>
   <div class='ocr_carea' id='block_1_30' title="bbox 389 3079 1978 3160">
    <p class='ocr_par' dir='ltr' id='par_1_30' title="bbox 389 3079 1978 3160">
     <span class='ocr_line' id='line_1_30' title="bbox 389 3079 1978 3160; baseline 0.005 -27"><span class='ocrx_word' id='word_1_240' title='bbox 389 3079 535 3148; x_wconf 91' lang='lat' dir='ltr'><strong>quod</strong></span> <span class='ocrx_word' id='word_1_241' title='bbox 570 3081 636 3136; x_wconf 92' lang='lat' dir='ltr'><strong>de</strong></span> <span class='ocrx_word' id='word_1_242' title='bbox 676 3091 791 3138; x_wconf 90' lang='lat' dir='ltr'><strong>arte</strong></span> <span class='ocrx_word' id='word_1_243' title='bbox 821 3099 915 3138; x_wconf 79' lang='lat' dir='ltr'><strong>sua</strong></span> <span class='ocrx_word' id='word_1_244' title='bbox 944 3085 1249 3160; x_wconf 88' lang='lat' dir='ltr'><strong>disserant?</strong></span> <span class='ocrx_word' id='word_1_245' title='bbox 1273 3087 1327 3142; x_wconf 89' lang='lat' dir='ltr'><strong>Si</strong></span> <span class='ocrx_word' id='word_1_246' title='bbox 1358 3103 1587 3157; x_wconf 86' lang='lat' dir='ltr'><strong>namque</strong></span> <span class='ocrx_word' id='word_1_247' title='bbox 1631 3087 1752 3141; x_wconf 86' lang='lat' dir='ltr'><strong>vitia</strong></span> <span class='ocrx_word' id='word_1_248' title='bbox 1799 3103 1869 3141; x_wconf 93' lang='lat' dir='ltr'><strong>no</strong></span> <span class='ocrx_word' id='word_1_249' title='bbox 1901 3095 1978 3141; x_wconf 91' lang='lat' dir='ltr'><strong>tra</strong></span> 
     </span>
    </p>
   </div>
   <div class='ocr_carea' id='block_1_31' title="bbox 390 3170 1982 3250">
    <p class='ocr_par' dir='ltr' id='par_1_31' title="bbox 390 3170 1982 3250">
     <span class='ocr_line' id='line_1_31' title="bbox 390 3170 1982 3250; baseline 0.006 -26"><span class='ocrx_word' id='word_1_250' title='bbox 390 3170 470 3226; x_wconf 85' lang='lat' dir='ltr'><strong>sic</strong></span> <span class='ocrx_word' id='word_1_251' title='bbox 510 3171 709 3229; x_wconf 89' lang='lat' dir='ltr'><strong>domita</strong></span> <span class='ocrx_word' id='word_1_252' title='bbox 738 3185 922 3231; x_wconf 84' lang='lat' dir='ltr'><strong>essent</strong></span> <span class='ocrx_word' id='word_1_253' title='bbox 942 3218 958 3243; x_wconf 84' lang='lat'><strong>,</strong></span> <span class='ocrx_word' id='word_1_254' title='bbox 995 3187 1052 3232; x_wconf 93' lang='lat' dir='ltr'><strong>ut</strong></span> <span class='ocrx_word' id='word_1_255' title='bbox 1083 3194 1190 3233; x_wconf 92' lang='lat' dir='ltr'><strong>non</strong></span> <span class='ocrx_word' id='word_1_256' title='bbox 1219 3179 1355 3232; x_wconf 83' lang='lat' dir='ltr'><strong>ultra</strong></span> <span class='ocrx_word' id='word_1_257' title='bbox 1385 3179 1602 3234; x_wconf 90' lang='lat' dir='ltr'><strong>monitis</strong></span> <span class='ocrx_word' id='word_1_258' title='bbox 1646 3195 1784 3250; x_wconf 89' lang='lat' dir='ltr'><strong>opus</strong></span> <span class='ocrx_word' id='word_1_259' title='bbox 1816 3179 1982 3235; x_wconf 82' lang='lat' dir='ltr'><strong>habe-</strong></span> 
     </span>
    </p>
   </div>
   <div class='ocr_carea' id='block_1_32' title="bbox 391 3265 1978 3341">
    <p class='ocr_par' dir='ltr' id='par_1_32' title="bbox 391 3265 1978 3341">
     <span class='ocr_line' id='line_1_32' title="bbox 391 3265 1978 3341; baseline 0.006 -26"><span class='ocrx_word' id='word_1_260' title='bbox 391 3273 545 3332; x_wconf 85' lang='lat' dir='ltr'><strong>rent,</strong></span> <span class='ocrx_word' id='word_1_261' title='bbox 570 3265 692 3334; x_wconf 88' lang='lat' dir='ltr'><strong>jure</strong></span> <span class='ocrx_word' id='word_1_262' title='bbox 720 3269 841 3336; x_wconf 88' lang='lat' dir='ltr'><strong>quis</strong></span> <span class='ocrx_word' id='word_1_263' title='bbox 864 3286 961 3324; x_wconf 89' lang='lat' dir='ltr'><strong>nos</strong></span> <span class='ocrx_word' id='word_1_264' title='bbox 988 3270 1281 3335; x_wconf 70' lang='lat' dir='ltr'><strong>incusaret,</strong></span> <span class='ocrx_word' id='word_1_265' title='bbox 1309 3271 1449 3341; x_wconf 59' lang='lat' dir='ltr'><strong>qu!</strong></span> <span class='ocrx_word' id='word_1_266' title='bbox 1475 3273 1539 3326; x_wconf 89' lang='lat' dir='ltr'><strong>ad</strong></span> <span class='ocrx_word' id='word_1_267' title='bbox 1567 3273 1978 3327; x_wconf 45' lang='lat' dir='ltr'><strong>ostentationem</strong></span> 
     </span>
    </p>
   </div>
   <div class='ocr_carea' id='block_1_33' title="bbox 391 3355 1979 3432">
    <p class='ocr_par' dir='ltr' id='par_1_33' title="bbox 391 3355 1979 3432">
     <span class='ocr_line' id='line_1_33' title="bbox 391 3355 1979 3432; baseline 0.008 -24"><span class='ocrx_word' id='word_1_268' title='bbox 391 3355 539 3423; x_wconf 91' lang='lat' dir='ltr'><strong>loqui</strong></span> <span class='ocrx_word' id='word_1_269' title='bbox 568 3358 864 3424; x_wconf 87' lang='lat' dir='ltr'><strong>vellemus;</strong></span> <span class='ocrx_word' id='word_1_270' title='bbox 914 3363 1020 3416; x_wconf 91' lang='lat' dir='ltr'><strong>imo</strong></span> <span class='ocrx_word' id='word_1_271' title='bbox 1052 3379 1224 3432; x_wconf 92' lang='lat' dir='ltr'><strong>neque</strong></span> <span class='ocrx_word' id='word_1_272' title='bbox 1253 3363 1353 3419; x_wconf 90' lang='lat' dir='ltr'><strong>sic.</strong></span> <span class='ocrx_word' id='word_1_273' title='bbox 1383 3363 1513 3418; x_wconf 90' lang='lat' dir='ltr'><strong>Nam</strong></span> <span class='ocrx_word' id='word_1_274' title='bbox 1553 3365 1762 3420; x_wconf 87' lang='lat' dir='ltr'><strong>etiamsi</strong></span> <span class='ocrx_word' id='word_1_275' title='bbox 1793 3380 1979 3421; x_wconf 86' lang='lat' dir='ltr'><strong>emen-</strong></span> 
     </span>
    </p>
   </div>
   <div class='ocr_carea' id='block_1_34' title="bbox 390 3448 1981 3526">
    <p class='ocr_par' dir='ltr' id='par_1_34' title="bbox 390 3448 1981 3526">
     <span class='ocr_line' id='line_1_34' title="bbox 390 3448 1981 3526; baseline 0.008 -25"><span class='ocrx_word' id='word_1_276' title='bbox 390 3448 513 3504; x_wconf 90' lang='lat' dir='ltr'><strong>data</strong></span> <span class='ocrx_word' id='word_1_277' title='bbox 541 3463 742 3519; x_wconf 77' lang='lat' dir='ltr'><strong>essent,</strong></span> <span class='ocrx_word' id='word_1_278' title='bbox 771 3455 851 3510; x_wconf 85' lang='lat' dir='ltr'><strong>sic</strong></span> <span class='ocrx_word' id='word_1_279' title='bbox 879 3471 1094 3526; x_wconf 85' lang='lat' dir='ltr'><strong>qucque</strong></span> <span class='ocrx_word' id='word_1_280' title='bbox 1122 3457 1446 3512; x_wconf 86' lang='lat' dir='ltr'><strong>monendum</strong></span> <span class='ocrx_word' id='word_1_281' title='bbox 1473 3469 1650 3523; x_wconf 86' lang='lat' dir='ltr'><strong>esset,</strong></span> <span class='ocrx_word' id='word_1_282' title='bbox 1675 3474 1742 3514; x_wconf 92' lang='lat' dir='ltr'><strong>ne</strong></span> <span class='ocrx_word' id='word_1_283' title='bbox 1775 3459 1981 3514; x_wconf 80' lang='lat' dir='ltr'><strong>recide-</strong></span> 
     </span>
    </p>
   </div>
   <div class='ocr_carea' id='block_1_35' title="bbox 389 3544 1977 3618">
    <p class='ocr_par' dir='ltr' id='par_1_35' title="bbox 389 3544 1977 3618">
     <span class='ocr_line' id='line_1_35' title="bbox 389 3544 1977 3618; baseline 0.007 -25"><span class='ocrx_word' id='word_1_284' title='bbox 389 3554 590 3598; x_wconf 86' lang='lat' dir='ltr'><strong>remus.</strong></span> <span class='ocrx_word' id='word_1_285' title='bbox 623 3544 834 3600; x_wconf 85' lang='lat' dir='ltr'><strong>Etenim</strong></span> <span class='ocrx_word' id='word_1_286' title='bbox 863 3548 1053 3602; x_wconf 87' lang='lat' dir='ltr'><strong>medici</strong></span> <span class='ocrx_word' id='word_1_287' title='bbox 1087 3563 1190 3602; x_wconf 85' lang='lat' dir='ltr'><strong>noo</strong></span> <span class='ocrx_word' id='word_1_288' title='bbox 1218 3564 1390 3618; x_wconf 63' lang='lat' dir='ltr'><strong>aegros</strong></span> <span class='ocrx_word' id='word_1_289' title='bbox 1421 3557 1661 3611; x_wconf 86' lang='lat' dir='ltr'><strong>tantum,</strong></span> <span class='ocrx_word' id='word_1_290' title='bbox 1691 3549 1786 3604; x_wconf 91' lang='lat' dir='ltr'><strong>sed</strong></span> <span class='ocrx_word' id='word_1_291' title='bbox 1816 3551 1977 3604; x_wconf 89' lang='lat' dir='ltr'><strong>etiam</strong></span> 
     </span>
    </p>
   </div>
   <div class='ocr_carea' id='block_1_36' title="bbox 389 3633 1978 3711">
    <p class='ocr_par' dir='ltr' id='par_1_36' title="bbox 389 3633 1978 3711">
     <span class='ocr_line' id='line_1_36' title="bbox 389 3633 1978 3711; baseline 0.006 -25"><span class='ocrx_word' id='word_1_292' title='bbox 389 3633 527 3690; x_wconf 82' lang='lat' dir='ltr'><strong>bene</strong></span> <span class='ocrx_word' id='word_1_293' title='bbox 546 3636 783 3694; x_wconf 88' lang='lat' dir='ltr'><strong>valentes</strong></span> <span class='ocrx_word' id='word_1_294' title='bbox 812 3641 1177 3709; x_wconf 81' lang='lat' dir='ltr'><strong>alloquuntur.</strong></span> <span class='ocrx_word' id='word_1_295' title='bbox 1205 3641 1478 3711; x_wconf 66' lang='lat' dir='ltr'><strong>librosque</strong></span> <span class='ocrx_word' id='word_1_296' title='bbox 1507 3641 1707 3696; x_wconf 86' lang='lat' dir='ltr'><strong>habent</strong></span> <span class='ocrx_word' id='word_1_297' title='bbox 1729 3657 1894 3710; x_wconf 88' lang='lat' dir='ltr'><strong>super</strong></span> <span class='ocrx_word' id='word_1_298' title='bbox 1915 3657 1978 3697; x_wconf 89' lang='lat' dir='ltr'><strong>ea</strong></span> 
     </span>
    </p>
   </div>
   <div class='ocr_carea' id='block_1_37' title="bbox 387 3732 1978 3795">
    <p class='ocr_par' dir='ltr' id='par_1_37' title="bbox 387 3732 1978 3795">
     <span class='ocr_line' id='line_1_37' title="bbox 387 3732 1978 3795; baseline 0.003 -14"><span class='ocrx_word' id='word_1_299' title='bbox 387 3743 485 3792; x_wconf 88' lang='lat' dir='ltr'><strong>re,</strong></span> <span class='ocrx_word' id='word_1_300' title='bbox 533 3741 591 3783; x_wconf 89' lang='lat' dir='ltr'><strong>ut</strong></span> <span class='ocrx_word' id='word_1_301' title='bbox 627 3740 680 3785; x_wconf 91' lang='lat' dir='ltr'><strong>et</strong></span> <span class='ocrx_word' id='word_1_302' title='bbox 731 3732 946 3788; x_wconf 83' lang='lat' dir='ltr'><strong>morbos</strong></span> <span class='ocrx_word' id='word_1_303' title='bbox 992 3743 1212 3795; x_wconf 89' lang='lat' dir='ltr'><strong>curent.</strong></span> <span class='ocrx_word' id='word_1_304' title='bbox 1256 3743 1311 3789; x_wconf 90' lang='lat' dir='ltr'><strong>et</strong></span> <span class='ocrx_word' id='word_1_305' title='bbox 1353 3733 1710 3789; x_wconf 81' lang='lat' dir='ltr'><strong>valetudinem</strong></span> <span class='ocrx_word' id='word_1_306' title='bbox 1741 3743 1978 3788; x_wconf 87' lang='lat' dir='ltr'><strong>servent.</strong></span> 
     </span>
    </p>
   </div>
   <div class='ocr_carea' id='block_1_38' title="bbox 388 3817 1982 3896">
    <p class='ocr_par' dir='ltr' id='par_1_38' title="bbox 388 3817 1982 3896">
     <span class='ocr_line' id='line_1_38' title="bbox 388 3817 1982 3896; baseline 0.006 -24"><span class='ocrx_word' id='word_1_307' title='bbox 388 3817 571 3888; x_wconf 75' lang='lat' dir='ltr'><strong>Itaque</strong></span> <span class='ocrx_word' id='word_1_308' title='bbox 597 3823 694 3878; x_wconf 83' lang='lat' dir='ltr'><strong>etsi</strong></span> <span class='ocrx_word' id='word_1_309' title='bbox 735 3824 850 3878; x_wconf 88' lang='lat' dir='ltr'><strong>sani</strong></span> <span class='ocrx_word' id='word_1_310' title='bbox 891 3840 1168 3890; x_wconf 85' lang='lat' dir='ltr'><strong>essemus,</strong></span> <span class='ocrx_word' id='word_1_311' title='bbox 1203 3841 1375 3896; x_wconf 91' lang='lat' dir='ltr'><strong>neque</strong></span> <span class='ocrx_word' id='word_1_312' title='bbox 1406 3827 1484 3880; x_wconf 90' lang='lat' dir='ltr'><strong>sic</strong></span> <span class='ocrx_word' id='word_1_313' title='bbox 1523 3827 1786 3881; x_wconf 76' lang='lat' dir='ltr'><strong>absistere</strong></span> <span class='ocrx_word' id='word_1_314' title='bbox 1821 3840 1982 3894; x_wconf 62' lang='grc' dir='ltr'><strong>ονομ-</strong></span> 
     </span>
    </p>
   </div>
   <div class='ocr_carea' id='block_1_39' title="bbox 391 3915 1978 3980">
    <p class='ocr_par' dir='ltr' id='par_1_39' title="bbox 391 3915 1978 3980">
     <span class='ocr_line' id='line_1_39' title="bbox 391 3915 1978 3980; baseline 0.003 -12"><span class='ocrx_word' id='word_1_315' title='bbox 391 3922 526 3968; x_wconf 89' lang='lat' dir='ltr'><strong>teret</strong></span> <span class='ocrx_word' id='word_1_316' title='bbox 545 3954 562 3980; x_wconf 95' lang='lat'><strong>,</strong></span> <span class='ocrx_word' id='word_1_317' title='bbox 595 3915 689 3969; x_wconf 86' lang='lat' dir='ltr'><strong>sed</strong></span> <span class='ocrx_word' id='word_1_318' title='bbox 720 3916 898 3970; x_wconf 88' lang='lat' dir='ltr'><strong>omnia</strong></span> <span class='ocrx_word' id='word_1_319' title='bbox 928 3918 1104 3972; x_wconf 88' lang='lat' dir='ltr'><strong>facere</strong></span> <span class='ocrx_word' id='word_1_320' title='bbox 1136 3927 1193 3970; x_wconf 92' lang='lat' dir='ltr'><strong>ut</strong></span> <span class='ocrx_word' id='word_1_321' title='bbox 1221 3918 1582 3973; x_wconf 88' lang='lat' dir='ltr'><strong>valetudinem</strong></span> <span class='ocrx_word' id='word_1_322' title='bbox 1612 3933 1978 3973; x_wconf 83' lang='lat' dir='ltr'><strong>servaremus.</strong></span> 
     </span>
    </p>
   </div>
   <div class='ocr_carea' id='block_1_40' title="bbox 460 4005 1981 4078">
    <p class='ocr_par' dir='ltr' id='par_1_40' title="bbox 460 4005 1981 4078">
     <span class='ocr_line' id='line_1_40' title="bbox 460 4005 1981 4078; baseline 0.003 -20"><span class='ocrx_word' id='word_1_323' title='bbox 460 4005 516 4058; x_wconf 81' lang='lat'><strong>5.</strong></span> <span class='ocrx_word' id='word_1_324' title='bbox 537 4005 842 4076; x_wconf 81' lang='lat' dir='ltr'><strong>Arrogantia</strong></span> <span class='ocrx_word' id='word_1_325' title='bbox 857 4010 1108 4078; x_wconf 83' lang='lat' dir='ltr'><strong>quomodo</strong></span> <span class='ocrx_word' id='word_1_326' title='bbox 1123 4009 1351 4062; x_wconf 86' lang='lat' dir='ltr'><strong>curanda</strong></span> <span class='ocrx_word' id='word_1_327' title='bbox 1375 4011 1461 4074; x_wconf 84' lang='lat' dir='ltr'><strong>sit,</strong></span> <span class='ocrx_word' id='word_1_328' title='bbox 1478 4018 1524 4062; x_wconf 87' lang='lat' dir='ltr'><strong>et</strong></span> <span class='ocrx_word' id='word_1_329' title='bbox 1542 4010 1676 4063; x_wconf 83' lang='lat' dir='ltr'><strong>unde</strong></span> <span class='ocrx_word' id='word_1_330' title='bbox 1690 4009 1981 4063; x_wconf 80' lang='lat' dir='ltr'><strong>oriatur.—</strong></span> 
     </span>
    </p>
   </div>
   <div class='ocr_carea' id='block_1_41' title="bbox 385 4096 1982 4170">
    <p class='ocr_par' dir='ltr' id='par_1_41' title="bbox 385 4096 1982 4170">
     <span class='ocr_line' id='line_1_41' title="bbox 385 4096 1982 4170; baseline 0.003 -20"><span class='ocrx_word' id='word_1_331' title='bbox 385 4096 526 4150; x_wconf 91' lang='lat' dir='ltr'><strong>Cnm</strong></span> <span class='ocrx_word' id='word_1_332' title='bbox 551 4107 727 4153; x_wconf 63' lang='lat' dir='ltr'><strong>autem</strong></span> <span class='ocrx_word' id='word_1_333' title='bbox 757 4110 1076 4170; x_wconf 65' lang='lat' dir='ltr'><strong>argrotemus</strong></span> <span class='ocrx_word' id='word_1_334' title='bbox 1097 4143 1110 4164; x_wconf 86' lang='lat'><strong>,</strong></span> <span class='ocrx_word' id='word_1_335' title='bbox 1142 4101 1336 4169; x_wconf 80' lang='lat' dir='ltr'><strong>duplex</strong></span> <span class='ocrx_word' id='word_1_336' title='bbox 1364 4109 1448 4154; x_wconf 84' lang='lat' dir='ltr'><strong>est</strong></span> <span class='ocrx_word' id='word_1_337' title='bbox 1474 4101 1760 4155; x_wconf 88' lang='lat' dir='ltr'><strong>verborum</strong></span> <span class='ocrx_word' id='word_1_338' title='bbox 1791 4117 1982 4158; x_wconf 88' lang='lat' dir='ltr'><strong>neces-</strong></span> 
     </span>
    </p>
   </div>
   <div class='ocr_carea' id='block_1_42' title="bbox 387 4191 1975 4259">
    <p class='ocr_par' dir='ltr' id='par_1_42' title="bbox 387 4191 1975 4259">
     <span class='ocr_line' id='line_1_42' title="bbox 387 4191 1975 4259; baseline 0.003 -15"><span class='ocrx_word' id='word_1_339' title='bbox 387 4191 554 4259; x_wconf 86' lang='lat' dir='ltr'><strong>sitas,</strong></span> <span class='ocrx_word' id='word_1_340' title='bbox 589 4200 698 4248; x_wconf 89' lang='lat' dir='ltr'><strong>tttm</strong></span> <span class='ocrx_word' id='word_1_341' title='bbox 729 4203 783 4248; x_wconf 90' lang='lat' dir='ltr'><strong>ut</strong></span> <span class='ocrx_word' id='word_1_342' title='bbox 808 4209 836 4248; x_wconf 90' lang='lat' dir='ltr'><strong>a</strong></span> <span class='ocrx_word' id='word_1_343' title='bbox 867 4195 1056 4249; x_wconf 90' lang='lat' dir='ltr'><strong>morbo</strong></span> <span class='ocrx_word' id='word_1_344' title='bbox 1085 4195 1398 4259; x_wconf 84' lang='lat' dir='ltr'><strong>liberemur,</strong></span> <span class='ocrx_word' id='word_1_345' title='bbox 1428 4205 1537 4248; x_wconf 92' lang='lat' dir='ltr'><strong>tum</strong></span> <span class='ocrx_word' id='word_1_346' title='bbox 1563 4204 1618 4248; x_wconf 95' lang='lat' dir='ltr'><strong>ut</strong></span> <span class='ocrx_word' id='word_1_347' title='bbox 1647 4195 1880 4259; x_wconf 89' lang='lat' dir='ltr'><strong>liberati,</strong></span> <span class='ocrx_word' id='word_1_348' title='bbox 1908 4212 1975 4249; x_wconf 92' lang='lat' dir='ltr'><strong>ne</strong></span> 
     </span>
    </p>
   </div>
   <div class='ocr_carea' id='block_1_43' title="bbox 387 4287 1981 4358">
    <p class='ocr_par' dir='ltr' id='par_1_43' title="bbox 387 4287 1981 4358">
     <span class='ocr_line' id='line_1_43' title="bbox 387 4287 1981 4358; baseline 0.001 -18"><span class='ocrx_word' id='word_1_349' title='bbox 387 4300 602 4340; x_wconf 87' lang='lat' dir='ltr'><strong>rursum</strong></span> <span class='ocrx_word' id='word_1_350' title='bbox 653 4287 965 4342; x_wconf 82' lang='lat' dir='ltr'><strong>incidamus.</strong></span> <span class='ocrx_word' id='word_1_351' title='bbox 1014 4288 1157 4358; x_wconf 86' lang='lat' dir='ltr'><strong>Ergo</strong></span> <span class='ocrx_word' id='word_1_352' title='bbox 1207 4287 1428 4342; x_wconf 87' lang='lat' dir='ltr'><strong>curandi</strong></span> <span class='ocrx_word' id='word_1_353' title='bbox 1481 4288 1792 4342; x_wconf 87' lang='lat' dir='ltr'><strong>methodum</strong></span> <span class='ocrx_word' id='word_1_354' title='bbox 1839 4304 1981 4343; x_wconf 90' lang='lat' dir='ltr'><strong>nunc</strong></span> 
     </span>
    </p>
   </div>
   <div class='ocr_carea' id='block_1_44' title="bbox 387 4379 1978 4451">
    <p class='ocr_par' dir='ltr' id='par_1_44' title="bbox 387 4379 1978 4451">
     <span class='ocr_line' id='line_1_44' title="bbox 387 4379 1978 4451; baseline 0.003 -21"><span class='ocrx_word' id='word_1_355' title='bbox 387 4385 704 4445; x_wconf 82' lang='lat' dir='ltr'><strong>tractamus,</strong></span> <span class='ocrx_word' id='word_1_356' title='bbox 737 4393 836 4434; x_wconf 92' lang='lat' dir='ltr'><strong>nec</strong></span> <span class='ocrx_word' id='word_1_357' title='bbox 855 4379 922 4435; x_wconf 91' lang='lat' dir='ltr'><strong>de</strong></span> <span class='ocrx_word' id='word_1_358' title='bbox 943 4381 1171 4434; x_wconf 86' lang='lat' dir='ltr'><strong>sanitate</strong></span> <span class='ocrx_word' id='word_1_359' title='bbox 1196 4380 1391 4449; x_wconf 90' lang='lat' dir='ltr'><strong>agitur.</strong></span> <span class='ocrx_word' id='word_1_360' title='bbox 1416 4380 1697 4446; x_wconf 80' lang='lat' dir='ltr'><strong>Quomodo</strong></span> <span class='ocrx_word' id='word_1_361' title='bbox 1718 4381 1839 4451; x_wconf 92' lang='lat' dir='ltr'><strong>quis</strong></span> <span class='ocrx_word' id='word_1_362' title='bbox 1867 4396 1978 4434; x_wconf 93' lang='lat' dir='ltr'><strong>ma-</strong></span> 
     </span>
    </p>
   </div>
   <div class='ocr_carea' id='block_1_45' title="bbox 387 4469 1977 4542">
    <p class='ocr_par' dir='ltr' id='par_1_45' title="bbox 387 4469 1977 4542">
     <span class='ocr_line' id='line_1_45' title="bbox 387 4469 1977 4542; baseline 0.003 -20"><span class='ocrx_word' id='word_1_363' title='bbox 387 4469 507 4522; x_wconf 89' lang='lat' dir='ltr'><strong>lum</strong></span> <span class='ocrx_word' id='word_1_364' title='bbox 549 4469 653 4525; x_wconf 90' lang='lat' dir='ltr'><strong>hoc</strong></span> <span class='ocrx_word' id='word_1_365' title='bbox 697 4471 880 4525; x_wconf 85' lang='lat' dir='ltr'><strong>vitium</strong></span> <span class='ocrx_word' id='word_1_366' title='bbox 928 4472 1247 4526; x_wconf 84' lang='lat' dir='ltr'><strong>exseindat?</strong></span> <span class='ocrx_word' id='word_1_367' title='bbox 1289 4471 1560 4542; x_wconf 89' lang='lat' dir='ltr'><strong>quomodo</strong></span> <span class='ocrx_word' id='word_1_368' title='bbox 1602 4473 1977 4528; x_wconf 89' lang='lat' dir='ltr'><strong>vehementem</strong></span> 
     </span>
    </p>
   </div>
   <div class='ocr_carea' id='block_1_46' title="bbox 385 4559 1977 4629">
    <p class='ocr_par' dir='ltr' id='par_1_46' title="bbox 385 4559 1977 4629">
     <span class='ocr_line' id='line_1_46' title="bbox 385 4559 1977 4629; baseline 0.004 -16"><span class='ocrx_word' id='word_1_369' title='bbox 385 4559 541 4614; x_wconf 81' lang='lat' dir='ltr'><strong>sedet</strong></span> <span class='ocrx_word' id='word_1_370' title='bbox 580 4560 818 4616; x_wconf 88' lang='lat' dir='ltr'><strong>febrem?</strong></span> <span class='ocrx_word' id='word_1_371' title='bbox 859 4562 1147 4618; x_wconf 84' lang='lat' dir='ltr'><strong>Videamus</strong></span> <span class='ocrx_word' id='word_1_372' title='bbox 1181 4563 1326 4619; x_wconf 91' lang='lat' dir='ltr'><strong>unde</strong></span> <span class='ocrx_word' id='word_1_373' title='bbox 1366 4574 1482 4618; x_wconf 88' lang='lat' dir='ltr'><strong>orta</strong></span> <span class='ocrx_word' id='word_1_374' title='bbox 1529 4565 1632 4629; x_wconf 90' lang='lat' dir='ltr'><strong>sit,</strong></span> <span class='ocrx_word' id='word_1_375' title='bbox 1665 4573 1720 4620; x_wconf 87' lang='lat' dir='ltr'><strong>et</strong></span> <span class='ocrx_word' id='word_1_376' title='bbox 1761 4580 1977 4620; x_wconf 92' lang='lat' dir='ltr'><strong>causam</strong></span> 
     </span>
    </p>
   </div>
   <div class='ocr_carea' id='block_1_47' title="bbox 386 4650 1979 4726">
    <p class='ocr_par' dir='ltr' id='par_1_47' title="bbox 386 4650 1979 4726">
     <span class='ocr_line' id='line_1_47' title="bbox 386 4650 1979 4726; baseline 0.006 -23"><span class='ocrx_word' id='word_1_377' title='bbox 386 4650 661 4706; x_wconf 84' lang='lat' dir='ltr'><strong>tollamus.</strong></span> <span class='ocrx_word' id='word_1_378' title='bbox 695 4651 845 4710; x_wconf 88' lang='lat' dir='ltr'><strong>Unde</strong></span> <span class='ocrx_word' id='word_1_379' title='bbox 869 4655 996 4709; x_wconf 85' lang='lat' dir='ltr'><strong>oriri</strong></span> <span class='ocrx_word' id='word_1_380' title='bbox 1025 4655 1204 4709; x_wconf 87' lang='lat' dir='ltr'><strong>solet?</strong></span> <span class='ocrx_word' id='word_1_381' title='bbox 1237 4656 1314 4709; x_wconf 81' lang='lat' dir='ltr'><strong>Ex</strong></span> <span class='ocrx_word' id='word_1_382' title='bbox 1345 4656 1648 4726; x_wconf 79' lang='lat' dir='ltr'><strong>arrogantia</strong></span> <span class='ocrx_word' id='word_1_383' title='bbox 1679 4665 1733 4710; x_wconf 92' lang='lat' dir='ltr'><strong>et</strong></span> <span class='ocrx_word' id='word_1_384' title='bbox 1771 4665 1979 4713; x_wconf 92' lang='lat' dir='ltr'><strong>tumore</strong></span> 
     </span>
    </p>
   </div>
   <div class='ocr_carea' id='block_1_48' title="bbox 387 4743 1982 4818">
    <p class='ocr_par' dir='ltr' id='par_1_48' title="bbox 387 4743 1982 4818">
     <span class='ocr_line' id='line_1_48' title="bbox 387 4743 1982 4818; baseline 0.004 -21"><span class='ocrx_word' id='word_1_385' title='bbox 387 4743 578 4797; x_wconf 73' lang='lat' dir='ltr'><strong>multo.</strong></span> <span class='ocrx_word' id='word_1_386' title='bbox 618 4744 766 4798; x_wconf 87' lang='lat' dir='ltr'><strong>lianc</strong></span> <span class='ocrx_word' id='word_1_387' title='bbox 794 4760 924 4814; x_wconf 83' lang='lat' dir='ltr'><strong>ergo</strong></span> <span class='ocrx_word' id='word_1_388' title='bbox 959 4761 1176 4800; x_wconf 86' lang='lat' dir='ltr'><strong>causam</strong></span> <span class='ocrx_word' id='word_1_389' title='bbox 1219 4747 1501 4811; x_wconf 85' lang='lat' dir='ltr'><strong>tollamus,</strong></span> <span class='ocrx_word' id='word_1_390' title='bbox 1537 4749 1864 4818; x_wconf 84' lang='lat' dir='ltr'><strong>morbosque</strong></span> <span class='ocrx_word' id='word_1_391' title='bbox 1890 4765 1982 4803; x_wconf 87' lang='lat' dir='ltr'><strong>su-</strong></span> 
     </span>
    </p>
   </div>
   <div class='ocr_carea' id='block_1_49' title="bbox 388 4835 1977 4908">
    <p class='ocr_par' dir='ltr' id='par_1_49' title="bbox 388 4835 1977 4908">
     <span class='ocr_line' id='line_1_49' title="bbox 388 4835 1977 4908; baseline 0.006 -21"><span class='ocrx_word' id='word_1_392' title='bbox 388 4835 562 4890; x_wconf 84' lang='lat' dir='ltr'><strong>blatus</strong></span> <span class='ocrx_word' id='word_1_393' title='bbox 592 4837 714 4890; x_wconf 92' lang='lat' dir='ltr'><strong>crit.</strong></span> <span class='ocrx_word' id='word_1_394' title='bbox 743 4836 878 4904; x_wconf 88' lang='lat' dir='ltr'><strong>Quid</strong></span> <span class='ocrx_word' id='word_1_395' title='bbox 905 4847 988 4893; x_wconf 88' lang='lat' dir='ltr'><strong>est</strong></span> <span class='ocrx_word' id='word_1_396' title='bbox 1007 4840 1346 4908; x_wconf 72' lang='lat' dir='ltr'><strong>arrogantia?</strong></span> <span class='ocrx_word' id='word_1_397' title='bbox 1378 4840 1518 4895; x_wconf 89' lang='lat' dir='ltr'><strong>unde</strong></span> <span class='ocrx_word' id='word_1_398' title='bbox 1549 4841 1818 4896; x_wconf 91' lang='lat' dir='ltr'><strong>nascitur?</strong></span> <span class='ocrx_word' id='word_1_399' title='bbox 1840 4842 1977 4897; x_wconf 84' lang='lat' dir='ltr'><strong>forte</strong></span> 
     </span>
    </p>
   </div>
   <div class='ocr_carea' id='block_1_50' title="bbox 386 4928 1982 5004">
    <p class='ocr_par' dir='ltr' id='par_1_50' title="bbox 386 4928 1982 5004">
     <span class='ocr_line' id='line_1_50' title="bbox 386 4928 1982 5004; baseline 0.003 -23"><span class='ocrx_word' id='word_1_400' title='bbox 386 4942 619 4996; x_wconf 88' lang='lat' dir='ltr'><strong>namque</strong></span> <span class='ocrx_word' id='word_1_401' title='bbox 638 4928 750 4996; x_wconf 81' lang='lat' dir='ltr'><strong>jam</strong></span> <span class='ocrx_word' id='word_1_402' title='bbox 779 4930 922 4984; x_wconf 88' lang='lat' dir='ltr'><strong>aliud</strong></span> <span class='ocrx_word' id='word_1_403' title='bbox 949 4931 1268 5000; x_wconf 83' lang='lat' dir='ltr'><strong>principium</strong></span> <span class='ocrx_word' id='word_1_404' title='bbox 1292 4932 1440 4985; x_wconf 84' lang='lat' dir='ltr'><strong>adire</strong></span> <span class='ocrx_word' id='word_1_405' title='bbox 1469 4932 1852 5002; x_wconf 85' lang='lat' dir='ltr'><strong>periclitamur.</strong></span> <span class='ocrx_word' id='word_1_406' title='bbox 1883 4933 1982 5004; x_wconf 90' lang='lat' dir='ltr'><strong>lgi-</strong></span> 
     </span>
    </p>
   </div>
   <div class='ocr_carea' id='block_1_51' title="bbox 387 5023 1981 5095">
    <p class='ocr_par' dir='ltr' id='par_1_51' title="bbox 387 5023 1981 5095">
     <span class='ocr_line' id='line_1_51' title="bbox 387 5023 1981 5095; baseline 0.003 -21"><span class='ocrx_word' id='word_1_407' title='bbox 387 5029 477 5076; x_wconf 85' lang='lat' dir='ltr'><strong>tur</strong></span> <span class='ocrx_word' id='word_1_408' title='bbox 500 5035 659 5090; x_wconf 82' lang='lat' dir='ltr'><strong>quam</strong></span> <span class='ocrx_word' id='word_1_409' title='bbox 686 5035 865 5076; x_wconf 84' lang='lat' dir='ltr'><strong>sermo</strong></span> <span class='ocrx_word' id='word_1_410' title='bbox 893 5023 1144 5077; x_wconf 88' lang='lat' dir='ltr'><strong>indicabit</strong></span> <span class='ocrx_word' id='word_1_411' title='bbox 1177 5023 1314 5076; x_wconf 86' lang='lat' dir='ltr'><strong>viam</strong></span> <span class='ocrx_word' id='word_1_412' title='bbox 1343 5065 1361 5088; x_wconf 78' lang='lat'><strong>,</strong></span> <span class='ocrx_word' id='word_1_413' title='bbox 1391 5024 1533 5077; x_wconf 92' lang='lat' dir='ltr'><strong>illam</strong></span> <span class='ocrx_word' id='word_1_414' title='bbox 1566 5039 1876 5095; x_wconf 86' lang='lat' dir='ltr'><strong>sequemur,</strong></span> <span class='ocrx_word' id='word_1_415' title='bbox 1922 5034 1981 5078; x_wconf 94' lang='lat' dir='ltr'><strong>ut</strong></span> 
     </span>
    </p>
   </div>
   <div class='ocr_carea' id='block_1_52' title="bbox 385 5112 1980 5188">
    <p class='ocr_par' dir='ltr' id='par_1_52' title="bbox 385 5112 1980 5188">
     <span class='ocr_line' id='line_1_52' title="bbox 385 5112 1980 5188; baseline -0.001 -19"><span class='ocrx_word' id='word_1_416' title='bbox 385 5112 588 5169; x_wconf 84' lang='lat' dir='ltr'><strong>malum</strong></span> <span class='ocrx_word' id='word_1_417' title='bbox 619 5113 875 5170; x_wconf 72' lang='lat' dir='ltr'><strong>rachitus</strong></span> <span class='ocrx_word' id='word_1_418' title='bbox 913 5116 1224 5170; x_wconf 90' lang='lat' dir='ltr'><strong>evellamus.</strong></span> <span class='ocrx_word' id='word_1_419' title='bbox 1266 5115 1420 5172; x_wconf 90' lang='lat' dir='ltr'><strong>Unde</strong></span> <span class='ocrx_word' id='word_1_420' title='bbox 1450 5132 1580 5188; x_wconf 88' lang='lat' dir='ltr'><strong>ergo</strong></span> <span class='ocrx_word' id='word_1_421' title='bbox 1619 5118 1792 5174; x_wconf 87' lang='lat' dir='ltr'><strong>oritur</strong></span> <span class='ocrx_word' id='word_1_422' title='bbox 1827 5134 1980 5172; x_wconf 84' lang='lat' dir='ltr'><strong>arro-</strong></span> 
     </span>
    </p>
   </div>
   <div class='ocr_carea' id='block_1_53' title="bbox 384 5203 1981 5277">
    <p class='ocr_par' dir='ltr' id='par_1_53' title="bbox 384 5203 1981 5277">
     <span class='ocr_line' id='line_1_53' title="bbox 384 5203 1981 5277; baseline 0.004 -19"><span class='ocrx_word' id='word_1_423' title='bbox 384 5203 600 5277; x_wconf 80' lang='lat' dir='ltr'><strong>gantia?</strong></span> <span class='ocrx_word' id='word_1_424' title='bbox 631 5205 708 5260; x_wconf 81' lang='lat' dir='ltr'><strong>Ex</strong></span> <span class='ocrx_word' id='word_1_425' title='bbox 739 5219 808 5262; x_wconf 92' lang='lat' dir='ltr'><strong>co</strong></span> <span class='ocrx_word' id='word_1_426' title='bbox 827 5248 840 5270; x_wconf 92' lang='lat'><strong>,</strong></span> <span class='ocrx_word' id='word_1_427' title='bbox 867 5208 1010 5276; x_wconf 84' lang='lat' dir='ltr'><strong>quod</strong></span> <span class='ocrx_word' id='word_1_428' title='bbox 1034 5217 1218 5262; x_wconf 90' lang='lat' dir='ltr'><strong>nostra</strong></span> <span class='ocrx_word' id='word_1_429' title='bbox 1243 5223 1350 5261; x_wconf 92' lang='lat' dir='ltr'><strong>non</strong></span> <span class='ocrx_word' id='word_1_430' title='bbox 1380 5209 1723 5277; x_wconf 80' lang='lat' dir='ltr'><strong>exploremus</strong></span> <span class='ocrx_word' id='word_1_431' title='bbox 1747 5225 1761 5273; x_wconf 91' lang='lat'><strong>;</strong></span> <span class='ocrx_word' id='word_1_432' title='bbox 1792 5209 1885 5264; x_wconf 89' lang='lat' dir='ltr'><strong>sed</strong></span> <span class='ocrx_word' id='word_1_433' title='bbox 1913 5209 1981 5264; x_wconf 88' lang='lat' dir='ltr'><strong>de</strong></span> 
     </span>
    </p>
   </div>
   <div class='ocr_carea' id='block_1_54' title="bbox 385 5299 1982 5368">
    <p class='ocr_par' dir='ltr' id='par_1_54' title="bbox 385 5299 1982 5368">
     <span class='ocr_line' id='line_1_54' title="bbox 385 5299 1982 5368; baseline 0.001 -14"><span class='ocrx_word' id='word_1_434' title='bbox 385 5307 577 5354; x_wconf 81' lang='lat' dir='ltr'><strong>natura</strong></span> <span class='ocrx_word' id='word_1_435' title='bbox 608 5299 823 5368; x_wconf 87' lang='lat' dir='ltr'><strong>quidem</strong></span> <span class='ocrx_word' id='word_1_436' title='bbox 854 5307 1010 5353; x_wconf 77' lang='lat' dir='ltr'><strong>terra:</strong></span> <span class='ocrx_word' id='word_1_437' title='bbox 1030 5341 1048 5366; x_wconf 91' lang='lat'><strong>,</strong></span> <span class='ocrx_word' id='word_1_438' title='bbox 1093 5299 1194 5354; x_wconf 90' lang='lat' dir='ltr'><strong>etsi</strong></span> <span class='ocrx_word' id='word_1_439' title='bbox 1225 5299 1476 5368; x_wconf 64' lang='lat' dir='ltr'><strong>agricolae</strong></span> <span class='ocrx_word' id='word_1_440' title='bbox 1507 5315 1612 5354; x_wconf 91' lang='lat' dir='ltr'><strong>non</strong></span> <span class='ocrx_word' id='word_1_441' title='bbox 1643 5301 1845 5366; x_wconf 90' lang='lat' dir='ltr'><strong>simus,</strong></span> <span class='ocrx_word' id='word_1_442' title='bbox 1887 5317 1982 5356; x_wconf 89' lang='lat' dir='ltr'><strong>cu-</strong></span> 
     </span>
    </p>
   </div>
   <div class='ocr_carea' id='block_1_55' title="bbox 386 5391 1980 5461">
    <p class='ocr_par' dir='ltr' id='par_1_55' title="bbox 386 5391 1980 5461">
     <span class='ocr_line' id='line_1_55' title="bbox 386 5391 1980 5461; baseline -0.001 -14"><span class='ocrx_word' id='word_1_443' title='bbox 386 5391 531 5448; x_wconf 87' lang='lat' dir='ltr'><strong>riose</strong></span> <span class='ocrx_word' id='word_1_444' title='bbox 558 5392 921 5461; x_wconf 87' lang='lat' dir='ltr'><strong>inquiramus,</strong></span> <span class='ocrx_word' id='word_1_445' title='bbox 947 5401 1002 5447; x_wconf 89' lang='lat' dir='ltr'><strong>et</strong></span> <span class='ocrx_word' id='word_1_446' title='bbox 1029 5391 1098 5446; x_wconf 90' lang='lat' dir='ltr'><strong>de</strong></span> <span class='ocrx_word' id='word_1_447' title='bbox 1126 5401 1312 5445; x_wconf 88' lang='lat' dir='ltr'><strong>natura</strong></span> <span class='ocrx_word' id='word_1_448' title='bbox 1343 5392 1664 5460; x_wconf 87' lang='lat' dir='ltr'><strong>plantarum,</strong></span> <span class='ocrx_word' id='word_1_449' title='bbox 1693 5393 1761 5448; x_wconf 93' lang='lat' dir='ltr'><strong>de</strong></span> <span class='ocrx_word' id='word_1_450' title='bbox 1792 5405 1980 5446; x_wconf 87' lang='lat' dir='ltr'><strong>natura</strong></span> 
     </span>
    </p>
   </div>
   <div class='ocr_carea' id='block_1_56' title="bbox 384 5483 1975 5550">
    <p class='ocr_par' dir='ltr' id='par_1_56' title="bbox 384 5483 1975 5550">
     <span class='ocr_line' id='line_1_56' title="bbox 384 5483 1975 5550; baseline 0.002 -14"><span class='ocrx_word' id='word_1_451' title='bbox 384 5486 501 5536; x_wconf 83' lang='lat' dir='ltr'><strong>auri</strong></span> <span class='ocrx_word' id='word_1_452' title='bbox 528 5523 543 5544; x_wconf 84' lang='lat'><strong>,</strong></span> <span class='ocrx_word' id='word_1_453' title='bbox 573 5483 674 5538; x_wconf 84' lang='lat' dir='ltr'><strong>etsi</strong></span> <span class='ocrx_word' id='word_1_454' title='bbox 718 5492 1050 5538; x_wconf 77' lang='lat' dir='ltr'><strong>mercatores</strong></span> <span class='ocrx_word' id='word_1_455' title='bbox 1081 5497 1186 5536; x_wconf 92' lang='lat' dir='ltr'><strong>non</strong></span> <span class='ocrx_word' id='word_1_456' title='bbox 1225 5484 1395 5538; x_wconf 90' lang='lat' dir='ltr'><strong>simus</strong></span> <span class='ocrx_word' id='word_1_457' title='bbox 1419 5525 1432 5546; x_wconf 88' lang='lat'><strong>,</strong></span> <span class='ocrx_word' id='word_1_458' title='bbox 1482 5485 1550 5540; x_wconf 89' lang='lat' dir='ltr'><strong>de</strong></span> <span class='ocrx_word' id='word_1_459' title='bbox 1598 5485 1934 5540; x_wconf 87' lang='lat' dir='ltr'><strong>vestimentis</strong></span> <span class='ocrx_word' id='word_1_460' title='bbox 1960 5525 1975 5550; x_wconf 94' lang='lat'><strong>,</strong></span> 
     </span>
    </p>
   </div>
   <div class='ocr_carea' id='block_1_57' title="bbox 382 5573 1981 5644">
    <p class='ocr_par' dir='ltr' id='par_1_57' title="bbox 382 5573 1981 5644">
     <span class='ocr_line' id='line_1_57' title="bbox 382 5573 1981 5644; baseline 0.003 -17"><span class='ocrx_word' id='word_1_461' title='bbox 382 5574 562 5643; x_wconf 88' lang='lat' dir='ltr'><strong>deque</strong></span> <span class='ocrx_word' id='word_1_462' title='bbox 602 5575 888 5638; x_wconf 88' lang='lat' dir='ltr'><strong>omnibus;</strong></span> <span class='ocrx_word' id='word_1_463' title='bbox 919 5573 989 5629; x_wconf 90' lang='lat' dir='ltr'><strong>de</strong></span> <span class='ocrx_word' id='word_1_464' title='bbox 1019 5574 1174 5628; x_wconf 89' lang='lat' dir='ltr'><strong>nobis</strong></span> <span class='ocrx_word' id='word_1_465' title='bbox 1203 5584 1382 5630; x_wconf 88' lang='lat' dir='ltr'><strong>autem</strong></span> <span class='ocrx_word' id='word_1_466' title='bbox 1404 5616 1420 5641; x_wconf 96' lang='lat'><strong>,</strong></span> <span class='ocrx_word' id='word_1_467' title='bbox 1449 5575 1622 5644; x_wconf 88' lang='lat' dir='ltr'><strong>deque</strong></span> <span class='ocrx_word' id='word_1_468' title='bbox 1652 5585 1838 5630; x_wconf 86' lang='lat' dir='ltr'><strong>natura</strong></span> <span class='ocrx_word' id='word_1_469' title='bbox 1883 5591 1981 5631; x_wconf 51' lang='lat' dir='ltr'><strong>no.</strong></span> 
     </span>
    </p>
   </div>
   <div class='ocr_carea' id='block_1_58' title="bbox 383 5665 1977 5740">
    <p class='ocr_par' dir='ltr' id='par_1_58' title="bbox 383 5665 1977 5740">
     <span class='ocr_line' id='line_1_58' title="bbox 383 5665 1977 5740; baseline 0.001 -18"><span class='ocrx_word' id='word_1_470' title='bbox 383 5676 522 5737; x_wconf 67' lang='lat' dir='ltr'><strong>atra,</strong></span> <span class='ocrx_word' id='word_1_471' title='bbox 552 5681 619 5724; x_wconf 89' lang='lat' dir='ltr'><strong>ne</strong></span> <span class='ocrx_word' id='word_1_472' title='bbox 646 5666 925 5725; x_wconf 89' lang='lat' dir='ltr'><strong>minimum</strong></span> <span class='ocrx_word' id='word_1_473' title='bbox 952 5665 1166 5736; x_wconf 90' lang='lat' dir='ltr'><strong>quidem</strong></span> <span class='ocrx_word' id='word_1_474' title='bbox 1196 5681 1468 5724; x_wconf 86' lang='lat' dir='ltr'><strong>curamus.</strong></span> <span class='ocrx_word' id='word_1_475' title='bbox 1496 5665 1563 5723; x_wconf 82' lang='lat' dir='ltr'><strong>Et</strong></span> <span class='ocrx_word' id='word_1_476' title='bbox 1589 5669 1728 5738; x_wconf 88' lang='lat' dir='ltr'><strong>quis,</strong></span> <span class='ocrx_word' id='word_1_477' title='bbox 1750 5667 1977 5740; x_wconf 85' lang='lat' dir='ltr'><strong>inquies,</strong></span> 
     </span>
    </p>
   </div>
   <div class='ocr_carea' id='block_1_59' title="bbox 1353 390 2748 449">
    <p class='ocr_par' dir='ltr' id='par_1_59' title="bbox 1353 390 2748 449">
     <span class='ocr_line' id='line_1_59' title="bbox 1353 390 2748 449; baseline 0.001 -2"><span class='ocrx_word' id='word_1_478' title='bbox 1353 393 1418 448; x_wconf 67' lang='grc' dir='ltr'><strong>ΙΝ</strong></span> <span class='ocrx_word' id='word_1_479' title='bbox 1462 391 1637 448; x_wconf 75' lang='lat' dir='ltr'><strong>ACTA</strong></span> <span class='ocrx_word' id='word_1_480' title='bbox 1682 390 2210 448; x_wconf 67' lang='lat' dir='ltr'><strong>APOSTOLOREM.</strong></span> <span class='ocrx_word' id='word_1_481' title='bbox 2259 391 2485 448; x_wconf 72' lang='lat' dir='ltr'><strong>liOitilL.</strong></span> <span class='ocrx_word' id='word_1_482' title='bbox 2532 394 2748 449; x_wconf 55' lang='lat' dir='ltr'><strong>XXX&quot;;</strong></span> 
     </span>
    </p>
   </div>
   <div class='ocr_carea' id='block_1_60' title="bbox 3599 404 3712 463">
    <p class='ocr_par' dir='ltr' id='par_1_60' title="bbox 3599 404 3712 463">
     <span class='ocr_line' id='line_1_60' title="bbox 3599 404 3712 463; baseline 0 -3"><span class='ocrx_word' id='word_1_483' title='bbox 3599 404 3712 463; x_wconf 69' lang='lat'><strong>933</strong></span> 
     </span>
    </p>
   </div>
   <div class='ocr_carea' id='block_1_61' title="bbox 2109 505 3702 586">
    <p class='ocr_par' dir='ltr' id='par_1_61' title="bbox 2109 505 3702 586">
     <span class='ocr_line' id='line_1_61' title="bbox 2109 505 3702 586; baseline 0.01 -29"><span class='ocrx_word' id='word_1_484' title='bbox 2109 505 2318 574; x_wconf 77' lang='lat' dir='ltr'><strong>ignorat</strong></span> <span class='ocrx_word' id='word_1_485' title='bbox 2346 515 2590 563; x_wconf 89' lang='lat' dir='ltr'><strong>naturam</strong></span> <span class='ocrx_word' id='word_1_486' title='bbox 2632 509 2830 564; x_wconf 86' lang='lat' dir='ltr'><strong>suam?</strong></span> <span class='ocrx_word' id='word_1_487' title='bbox 2866 510 3053 578; x_wconf 84' lang='lat' dir='ltr'><strong>Multi,</strong></span> <span class='ocrx_word' id='word_1_488' title='bbox 3103 520 3156 568; x_wconf 87' lang='lat' dir='ltr'><strong>et</strong></span> <span class='ocrx_word' id='word_1_489' title='bbox 3185 514 3357 583; x_wconf 86' lang='lat' dir='ltr'><strong>forte,</strong></span> <span class='ocrx_word' id='word_1_490' title='bbox 3398 518 3582 586; x_wconf 83' lang='lat' dir='ltr'><strong>paucis</strong></span> <span class='ocrx_word' id='word_1_491' title='bbox 3601 534 3702 573; x_wconf 79' lang='lat' dir='ltr'><strong>ex-</strong></span> 
     </span>
    </p>
   </div>
   <div class='ocr_carea' id='block_1_62' title="bbox 2108 599 3696 679">
    <p class='ocr_par' dir='ltr' id='par_1_62' title="bbox 2108 599 3696 679">
     <span class='ocr_line' id='line_1_62' title="bbox 2108 599 3696 679; baseline 0.011 -32"><span class='ocrx_word' id='word_1_492' title='bbox 2108 599 2276 666; x_wconf 85' lang='lat' dir='ltr'><strong>ceptis</strong></span> <span class='ocrx_word' id='word_1_493' title='bbox 2301 639 2316 662; x_wconf 88' lang='lat'><strong>,</strong></span> <span class='ocrx_word' id='word_1_494' title='bbox 2346 613 2534 654; x_wconf 91' lang='lat' dir='ltr'><strong>omnes</strong></span> <span class='ocrx_word' id='word_1_495' title='bbox 2564 619 2576 653; x_wconf 93' lang='lat'><strong>:</strong></span> <span class='ocrx_word' id='word_1_496' title='bbox 2609 609 2691 666; x_wconf 89' lang='lat' dir='ltr'><strong>et,</strong></span> <span class='ocrx_word' id='word_1_497' title='bbox 2725 603 2767 656; x_wconf 93' lang='lat' dir='ltr'><strong>si</strong></span> <span class='ocrx_word' id='word_1_498' title='bbox 2797 603 3004 670; x_wconf 88' lang='lat' dir='ltr'><strong>placet,</strong></span> <span class='ocrx_word' id='word_1_499' title='bbox 3038 605 3162 660; x_wconf 88' lang='lat' dir='ltr'><strong>hinc</strong></span> <span class='ocrx_word' id='word_1_500' title='bbox 3188 608 3378 662; x_wconf 89' lang='lat' dir='ltr'><strong>ducam</strong></span> <span class='ocrx_word' id='word_1_501' title='bbox 3409 625 3696 679; x_wconf 84' lang='lat' dir='ltr'><strong>argumen-</strong></span> 
     </span>
    </p>
   </div>
   <div class='ocr_carea' id='block_1_63' title="bbox 2108 692 3690 770">
    <p class='ocr_par' dir='ltr' id='par_1_63' title="bbox 2108 692 3690 770">
     <span class='ocr_line' id='line_1_63' title="bbox 2108 692 3690 770; baseline 0.008 -27"><span class='ocrx_word' id='word_1_502' title='bbox 2108 698 2239 744; x_wconf 89' lang='lat' dir='ltr'><strong>tum.</strong></span> <span class='ocrx_word' id='word_1_503' title='bbox 2283 692 2375 746; x_wconf 90' lang='lat' dir='ltr'><strong>Dic</strong></span> <span class='ocrx_word' id='word_1_504' title='bbox 2401 693 2542 748; x_wconf 93' lang='lat' dir='ltr'><strong>enim</strong></span> <span class='ocrx_word' id='word_1_505' title='bbox 2571 695 2721 758; x_wconf 85' lang='lat' dir='ltr'><strong>mihi.</strong></span> <span class='ocrx_word' id='word_1_506' title='bbox 2751 695 2878 766; x_wconf 88' lang='lat' dir='ltr'><strong>quid</strong></span> <span class='ocrx_word' id='word_1_507' title='bbox 2909 707 2992 751; x_wconf 91' lang='lat' dir='ltr'><strong>est</strong></span> <span class='ocrx_word' id='word_1_508' title='bbox 3021 697 3224 754; x_wconf 85' lang='lat' dir='ltr'><strong>homo?</strong></span> <span class='ocrx_word' id='word_1_509' title='bbox 3270 700 3327 754; x_wconf 91' lang='lat' dir='ltr'><strong>Si</strong></span> <span class='ocrx_word' id='word_1_510' title='bbox 3366 701 3488 770; x_wconf 87' lang='lat' dir='ltr'><strong>quis</strong></span> <span class='ocrx_word' id='word_1_511' title='bbox 3519 703 3690 758; x_wconf 69' lang='lat' dir='ltr'><strong>inter-</strong></span> 
     </span>
    </p>
   </div>
   <div class='ocr_carea' id='block_1_64' title="bbox 2109 782 3702 864">
    <p class='ocr_par' dir='ltr' id='par_1_64' title="bbox 2109 782 3702 864">
     <span class='ocr_line' id='line_1_64' title="bbox 2109 782 3702 864; baseline 0.008 -30"><span class='ocrx_word' id='word_1_512' title='bbox 2109 792 2280 851; x_wconf 90' lang='lat' dir='ltr'><strong>roget,</strong></span> <span class='ocrx_word' id='word_1_513' title='bbox 2310 782 2423 853; x_wconf 86' lang='lat' dir='ltr'><strong>Qua</strong></span> <span class='ocrx_word' id='word_1_514' title='bbox 2457 784 2510 838; x_wconf 90' lang='lat' dir='ltr'><strong>in</strong></span> <span class='ocrx_word' id='word_1_515' title='bbox 2537 800 2596 840; x_wconf 90' lang='lat' dir='ltr'><strong>re</strong></span> <span class='ocrx_word' id='word_1_516' title='bbox 2621 785 2800 841; x_wconf 79' lang='lat' dir='ltr'><strong>dill&#39;ert</strong></span> <span class='ocrx_word' id='word_1_517' title='bbox 2829 803 2857 840; x_wconf 90' lang='lat' dir='ltr'><strong>a</strong></span> <span class='ocrx_word' id='word_1_518' title='bbox 2889 788 3104 842; x_wconf 86' lang='lat' dir='ltr'><strong>brutis?</strong></span> <span class='ocrx_word' id='word_1_519' title='bbox 3131 791 3401 860; x_wconf 89' lang='lat' dir='ltr'><strong>quomodo</strong></span> <span class='ocrx_word' id='word_1_520' title='bbox 3439 803 3702 864; x_wconf 79' lang='lat' dir='ltr'><strong>cognatus</strong></span> 
     </span>
    </p>
   </div>
   <div class='ocr_carea' id='block_1_65' title="bbox 2107 876 3697 957">
    <p class='ocr_par' dir='ltr' id='par_1_65' title="bbox 2107 876 3697 957">
     <span class='ocr_line' id='line_1_65' title="bbox 2107 876 3697 957; baseline 0.006 -29"><span class='ocrx_word' id='word_1_521' title='bbox 2107 884 2187 928; x_wconf 89' lang='lat' dir='ltr'><strong>est</strong></span> <span class='ocrx_word' id='word_1_522' title='bbox 2216 876 2558 933; x_wconf 65' lang='lat' dir='ltr'><strong>ctelestibus?</strong></span> <span class='ocrx_word' id='word_1_523' title='bbox 2601 880 2726 949; x_wconf 89' lang='lat' dir='ltr'><strong>quid</strong></span> <span class='ocrx_word' id='word_1_524' title='bbox 2776 891 2949 950; x_wconf 85' lang='lat' dir='ltr'><strong>potest</strong></span> <span class='ocrx_word' id='word_1_525' title='bbox 2975 899 3040 936; x_wconf 78' lang='lat' dir='ltr'><strong>ex</strong></span> <span class='ocrx_word' id='word_1_526' title='bbox 3071 885 3286 939; x_wconf 87' lang='lat' dir='ltr'><strong>homine</strong></span> <span class='ocrx_word' id='word_1_527' title='bbox 3316 887 3427 940; x_wconf 86' lang='lat' dir='ltr'><strong>fieri</strong></span> <span class='ocrx_word' id='word_1_528' title='bbox 3451 888 3474 941; x_wconf 84' lang='lat'><strong>?</strong></span> <span class='ocrx_word' id='word_1_529' title='bbox 3501 905 3567 941; x_wconf 89' lang='lat' dir='ltr'><strong>an</strong></span> <span class='ocrx_word' id='word_1_530' title='bbox 3600 905 3697 957; x_wconf 81' lang='lat' dir='ltr'><strong>pn—</strong></span> 
     </span>
    </p>
   </div>
   <div class='ocr_carea' id='block_1_66' title="bbox 2106 967 3694 1048">
    <p class='ocr_par' dir='ltr' id='par_1_66' title="bbox 2106 967 3694 1048">
     <span class='ocr_line' id='line_1_66' title="bbox 2106 967 3694 1048; baseline 0.012 -30"><span class='ocrx_word' id='word_1_531' title='bbox 2106 967 2234 1020; x_wconf 85' lang='lat' dir='ltr'><strong>teris</strong></span> <span class='ocrx_word' id='word_1_532' title='bbox 2259 977 2414 1024; x_wconf 83' lang='lat' dir='ltr'><strong>recte</strong></span> <span class='ocrx_word' id='word_1_533' title='bbox 2430 973 2796 1040; x_wconf 81' lang='lat' dir='ltr'><strong>respondere?</strong></span> <span class='ocrx_word' id='word_1_534' title='bbox 2824 974 2936 1028; x_wconf 88' lang='lat' dir='ltr'><strong>Non</strong></span> <span class='ocrx_word' id='word_1_535' title='bbox 2958 976 3175 1046; x_wconf 85' lang='lat' dir='ltr'><strong>quidem</strong></span> <span class='ocrx_word' id='word_1_536' title='bbox 3205 988 3351 1048; x_wconf 81' lang='lat' dir='ltr'><strong>puto.</strong></span> <span class='ocrx_word' id='word_1_537' title='bbox 3377 980 3525 1036; x_wconf 88' lang='lat' dir='ltr'><strong>Sicut</strong></span> <span class='ocrx_word' id='word_1_538' title='bbox 3549 984 3694 1037; x_wconf 76' lang='lat' dir='ltr'><strong>cnim</strong></span> 
     </span>
    </p>
   </div>
   <div class='ocr_carea' id='block_1_67' title="bbox 2106 1055 3694 1143">
    <p class='ocr_par' dir='ltr' id='par_1_67' title="bbox 2106 1055 3694 1143">
     <span class='ocr_line' id='line_1_67' title="bbox 2106 1055 3694 1143; baseline 0.01 -33"><span class='ocrx_word' id='word_1_539' title='bbox 2106 1055 2157 1110; x_wconf 92' lang='lat' dir='ltr'><strong>in</strong></span> <span class='ocrx_word' id='word_1_540' title='bbox 2189 1062 2410 1115; x_wconf 80' lang='lat' dir='ltr'><strong>materia</strong></span> <span class='ocrx_word' id='word_1_541' title='bbox 2438 1063 2689 1132; x_wconf 88' lang='lat' dir='ltr'><strong>quadam,</strong></span> <span class='ocrx_word' id='word_1_542' title='bbox 2718 1066 2795 1119; x_wconf 90' lang='lat' dir='ltr'><strong>sic</strong></span> <span class='ocrx_word' id='word_1_543' title='bbox 2819 1076 2874 1121; x_wconf 89' lang='lat' dir='ltr'><strong>et</strong></span> <span class='ocrx_word' id='word_1_544' title='bbox 2901 1068 2952 1120; x_wconf 89' lang='lat' dir='ltr'><strong>in</strong></span> <span class='ocrx_word' id='word_1_545' title='bbox 2981 1068 3198 1124; x_wconf 90' lang='lat' dir='ltr'><strong>homine</strong></span> <span class='ocrx_word' id='word_1_546' title='bbox 3229 1073 3449 1127; x_wconf 87' lang='lat' dir='ltr'><strong>materia</strong></span> <span class='ocrx_word' id='word_1_547' title='bbox 3479 1073 3694 1143; x_wconf 87' lang='lat' dir='ltr'><strong>quidem</strong></span> 
     </span>
    </p>
   </div>
   <div class='ocr_carea' id='block_1_68' title="bbox 2105 1148 3696 1230">
    <p class='ocr_par' dir='ltr' id='par_1_68' title="bbox 2105 1148 3696 1230">
     <span class='ocr_line' id='line_1_68' title="bbox 2105 1148 3696 1230; baseline 0.011 -28"><span class='ocrx_word' id='word_1_548' title='bbox 2105 1160 2182 1202; x_wconf 73' lang='lat' dir='ltr'><strong>es:</strong></span> <span class='ocrx_word' id='word_1_549' title='bbox 2217 1148 2417 1218; x_wconf 89' lang='lat' dir='ltr'><strong>homo;</strong></span> <span class='ocrx_word' id='word_1_550' title='bbox 2465 1162 2641 1222; x_wconf 81' lang='lat' dir='ltr'><strong>potest</strong></span> <span class='ocrx_word' id='word_1_551' title='bbox 2679 1166 2856 1212; x_wconf 89' lang='lat' dir='ltr'><strong>autem</strong></span> <span class='ocrx_word' id='word_1_552' title='bbox 2902 1157 3014 1212; x_wconf 83' lang='lat' dir='ltr'><strong>ﬁeri</strong></span> <span class='ocrx_word' id='word_1_553' title='bbox 3062 1168 3123 1214; x_wconf 84' lang='lat' dir='ltr'><strong>et</strong></span> <span class='ocrx_word' id='word_1_554' title='bbox 3149 1161 3372 1230; x_wconf 88' lang='lat' dir='ltr'><strong>angelus</strong></span> <span class='ocrx_word' id='word_1_555' title='bbox 3415 1173 3470 1218; x_wconf 90' lang='lat' dir='ltr'><strong>et</strong></span> <span class='ocrx_word' id='word_1_556' title='bbox 3504 1165 3696 1220; x_wconf 87' lang='lat' dir='ltr'><strong>bestia.</strong></span> 
     </span>
    </p>
   </div>
   <div class='ocr_carea' id='block_1_69' title="bbox 2104 1240 3696 1330">
    <p class='ocr_par' dir='ltr' id='par_1_69' title="bbox 2104 1240 3696 1330">
     <span class='ocr_line' id='line_1_69' title="bbox 2104 1240 3696 1330; baseline 0.014 -39"><span class='ocrx_word' id='word_1_557' title='bbox 2104 1240 2296 1295; x_wconf 86' lang='lat' dir='ltr'><strong>Annon</strong></span> <span class='ocrx_word' id='word_1_558' title='bbox 2340 1244 2606 1299; x_wconf 89' lang='lat' dir='ltr'><strong>videbitur</strong></span> <span class='ocrx_word' id='word_1_559' title='bbox 2647 1257 2937 1304; x_wconf 79' lang='lat' dir='ltr'><strong>extraneas</strong></span> <span class='ocrx_word' id='word_1_560' title='bbox 2965 1249 3050 1304; x_wconf 92' lang='lat' dir='ltr'><strong>hic</strong></span> <span class='ocrx_word' id='word_1_561' title='bbox 3089 1254 3314 1306; x_wconf 81' lang='lat' dir='ltr'><strong>sermo?</strong></span> <span class='ocrx_word' id='word_1_562' title='bbox 3355 1255 3523 1325; x_wconf 79' lang='lat' dir='ltr'><strong>Atqui</strong></span> <span class='ocrx_word' id='word_1_563' title='bbox 3550 1273 3696 1330; x_wconf 70' lang='lat' dir='ltr'><strong>smpe</strong></span> 
     </span>
    </p>
   </div>
   <div class='ocr_carea' id='block_1_70' title="bbox 2103 1331 3698 1413">
    <p class='ocr_par' dir='ltr' id='par_1_70' title="bbox 2103 1331 3698 1413">
     <span class='ocr_line' id='line_1_70' title="bbox 2103 1331 3698 1413; baseline 0.014 -29"><span class='ocrx_word' id='word_1_564' title='bbox 2103 1331 2250 1386; x_wconf 93' lang='lat' dir='ltr'><strong>illum</strong></span> <span class='ocrx_word' id='word_1_565' title='bbox 2289 1333 2340 1387; x_wconf 92' lang='lat' dir='ltr'><strong>iu</strong></span> <span class='ocrx_word' id='word_1_566' title='bbox 2367 1335 2661 1406; x_wconf 85' lang='lat' dir='ltr'><strong>Scripturis</strong></span> <span class='ocrx_word' id='word_1_567' title='bbox 2691 1340 2935 1395; x_wconf 80' lang='lat' dir='ltr'><strong>audistis.</strong></span> <span class='ocrx_word' id='word_1_568' title='bbox 2981 1343 3053 1396; x_wconf 89' lang='lat' dir='ltr'><strong>De</strong></span> <span class='ocrx_word' id='word_1_569' title='bbox 3081 1345 3396 1413; x_wconf 85' lang='lat' dir='ltr'><strong>quibusdam</strong></span> <span class='ocrx_word' id='word_1_570' title='bbox 3427 1350 3568 1404; x_wconf 89' lang='lat' dir='ltr'><strong>enim</strong></span> <span class='ocrx_word' id='word_1_571' title='bbox 3600 1351 3698 1405; x_wconf 83' lang='lat' dir='ltr'><strong>ho-</strong></span> 
     </span>
    </p>
   </div>
   <div class='ocr_carea' id='block_1_71' title="bbox 2103 1426 3696 1506">
    <p class='ocr_par' dir='ltr' id='par_1_71' title="bbox 2103 1426 3696 1506">
     <span class='ocr_line' id='line_1_71' title="bbox 2103 1426 3696 1506; baseline 0.013 -30"><span class='ocrx_word' id='word_1_572' title='bbox 2103 1426 2334 1480; x_wconf 87' lang='lat' dir='ltr'><strong>minibus</strong></span> <span class='ocrx_word' id='word_1_573' title='bbox 2363 1427 2641 1484; x_wconf 74' lang='lat' dir='ltr'><strong>dicebatur</strong></span> <span class='ocrx_word' id='word_1_574' title='bbox 2670 1448 2682 1483; x_wconf 93' lang='lat'>:</span> <span class='ocrx_word' id='word_1_575' title='bbox 2715 1432 2938 1502; x_wconf 73' lang='lat' dir='ltr'><strong>Angelus</strong></span> <span class='ocrx_word' id='word_1_576' title='bbox 2986 1433 3190 1488; x_wconf 85' lang='lat' dir='ltr'><strong>Domini</strong></span> <span class='ocrx_word' id='word_1_577' title='bbox 3231 1448 3343 1492; x_wconf 86' lang='lat' dir='ltr'><strong>est:</strong></span> <span class='ocrx_word' id='word_1_578' title='bbox 3373 1449 3421 1493; x_wconf 79' lang='lat' dir='ltr'><strong>et</strong></span> <span class='ocrx_word' id='word_1_579' title='bbox 3459 1456 3526 1506; x_wconf 75' lang='lat' dir='ltr'><strong>ex</strong></span> <span class='ocrx_word' id='word_1_580' title='bbox 3549 1442 3696 1498; x_wconf 84' lang='lat' dir='ltr'><strong>labiis</strong></span> 
     </span>
    </p>
   </div>
   <div class='ocr_carea' id='block_1_72' title="bbox 2099 1516 3687 1597">
    <p class='ocr_par' dir='ltr' id='par_1_72' title="bbox 2099 1516 3687 1597">
     <span class='ocr_line' id='line_1_72' title="bbox 2099 1516 3687 1597; baseline 0.013 -31"><span class='ocrx_word' id='word_1_581' title='bbox 2099 1516 2210 1584; x_wconf 86' lang='lat' dir='ltr'><strong>ejus</strong></span> <span class='ocrx_word' id='word_1_582' title='bbox 2254 1529 2477 1586; x_wconf 79' lang='lat' dir='ltr'><strong>quwrent</strong></span> <span class='ocrx_word' id='word_1_583' title='bbox 2512 1520 2768 1592; x_wconf 77' lang='lat' dir='ltr'><strong>judicium</strong></span> <span class='ocrx_word' id='word_1_584' title='bbox 2809 1522 2826 1594; x_wconf 94' lang='lat'>(</span> <span class='ocrx_word' id='word_1_585' title='bbox 2855 1522 3084 1578; x_wconf 81' lang='lat' dir='ltr'><strong>Malaclt.</strong></span> <span class='ocrx_word' id='word_1_586' title='bbox 3111 1525 3165 1578; x_wconf 73' lang='grc'>2.</span> <span class='ocrx_word' id='word_1_587' title='bbox 3197 1528 3226 1580; x_wconf 87' lang='lat'><strong>7</strong></span> <span class='ocrx_word' id='word_1_588' title='bbox 3248 1528 3300 1591; x_wconf 86' lang='lat'><strong>);</strong></span> <span class='ocrx_word' id='word_1_589' title='bbox 3349 1539 3403 1584; x_wconf 91' lang='lat' dir='ltr'><strong>et</strong></span> <span class='ocrx_word' id='word_1_590' title='bbox 3432 1547 3645 1587; x_wconf 86' lang='lat' dir='ltr'><strong>rursum</strong></span> <span class='ocrx_word' id='word_1_591' title='bbox 3674 1576 3687 1597; x_wconf 86' lang='lat'><strong>,</strong></span> 
     </span>
    </p>
   </div>
   <div class='ocr_carea' id='block_1_73' title="bbox 2100 1604 3688 1693">
    <p class='ocr_par' dir='ltr' id='par_1_73' title="bbox 2100 1604 3688 1693">
     <span class='ocr_line' id='line_1_73' title="bbox 2100 1604 3688 1693; baseline 0.014 -36"><span class='ocrx_word' id='word_1_592' title='bbox 2100 1604 2304 1661; x_wconf 79' lang='lat' dir='ltr'><strong>Mittunt</strong></span> <span class='ocrx_word' id='word_1_593' title='bbox 2333 1611 2570 1680; x_wconf 80' lang='lat' dir='ltr'><strong>angelum</strong></span> <span class='ocrx_word' id='word_1_594' title='bbox 2616 1629 2780 1667; x_wconf 83' lang='lat' dir='ltr'><strong>meum</strong></span> <span class='ocrx_word' id='word_1_595' title='bbox 2818 1627 2934 1668; x_wconf 80' lang='lat' dir='ltr'><strong>ante</strong></span> <span class='ocrx_word' id='word_1_596' title='bbox 2975 1619 3160 1687; x_wconf 78' lang='lat' dir='ltr'><strong>facient</strong></span> <span class='ocrx_word' id='word_1_597' title='bbox 3204 1630 3341 1673; x_wconf 86' lang='lat' dir='ltr'><strong>tuam</strong></span> <span class='ocrx_word' id='word_1_598' title='bbox 3365 1622 3384 1693; x_wconf 89' lang='lat'>(</span> <span class='ocrx_word' id='word_1_599' title='bbox 3409 1621 3495 1676; x_wconf 82' lang='lat' dir='ltr'><strong>Id.</strong></span> <span class='ocrx_word' id='word_1_600' title='bbox 3526 1626 3577 1679; x_wconf 78' lang='grc'>5.</span> <span class='ocrx_word' id='word_1_601' title='bbox 3614 1628 3688 1691; x_wconf 84' lang='lat' dir='ltr'><strong>l):</strong></span> 
     </span>
    </p>
   </div>
   <div class='ocr_carea' id='block_1_74' title="bbox 2097 1697 3691 1783">
    <p class='ocr_par' dir='ltr' id='par_1_74' title="bbox 2097 1697 3691 1783">
     <span class='ocr_line' id='line_1_74' title="bbox 2097 1697 3691 1783; baseline 0.011 -32"><span class='ocrx_word' id='word_1_602' title='bbox 2097 1697 2165 1752; x_wconf 89' lang='lat' dir='ltr'><strong>de</strong></span> <span class='ocrx_word' id='word_1_603' title='bbox 2192 1699 2510 1768; x_wconf 90' lang='lat' dir='ltr'><strong>quibusdam</strong></span> <span class='ocrx_word' id='word_1_604' title='bbox 2537 1718 2666 1758; x_wconf 86' lang='lat' dir='ltr'><strong>vero</strong></span> <span class='ocrx_word' id='word_1_605' title='bbox 2690 1745 2704 1769; x_wconf 92' lang='lat'><strong>,</strong></span> <span class='ocrx_word' id='word_1_606' title='bbox 2753 1704 3026 1775; x_wconf 80' lang='lat' dir='ltr'><strong>Serpentes</strong></span> <span class='ocrx_word' id='word_1_607' title='bbox 3051 1735 3090 1771; x_wconf 55' lang='grc' dir='ltr'><strong>,ι</strong></span> <span class='ocrx_word' id='word_1_608' title='bbox 3123 1711 3378 1780; x_wconf 83' lang='lat' dir='ltr'><strong>genimina</strong></span> <span class='ocrx_word' id='word_1_609' title='bbox 3407 1715 3691 1783; x_wconf 82' lang='lat' dir='ltr'><strong>viperarum</strong></span> 
     </span>
    </p>
   </div>
   <div class='ocr_carea' id='block_1_75' title="bbox 2099 1787 3688 1875">
    <p class='ocr_par' dir='ltr' id='par_1_75' title="bbox 2099 1787 3688 1875">
     <span class='ocr_line' id='line_1_75' title="bbox 2099 1787 3688 1875; baseline 0.013 -35"><span class='ocrx_word' id='word_1_610' title='bbox 2099 1787 2119 1860; x_wconf 90' lang='lat'><strong>(</strong></span> <span class='ocrx_word' id='word_1_611' title='bbox 2145 1788 2332 1844; x_wconf 74' lang='lat' dir='ltr'><strong>Matt-lt.</strong></span> <span class='ocrx_word' id='word_1_612' title='bbox 2369 1791 2451 1845; x_wconf 73' lang='grc'><strong>12.</strong></span> <span class='ocrx_word' id='word_1_613' title='bbox 2482 1793 2553 1847; x_wconf 69' lang='grc'><strong>54</strong></span> <span class='ocrx_word' id='word_1_614' title='bbox 2578 1795 2616 1861; x_wconf 94' lang='grc'>).</span> <span class='ocrx_word' id='word_1_615' title='bbox 2662 1796 2883 1850; x_wconf 87' lang='lat' dir='ltr'><strong>Demum</strong></span> <span class='ocrx_word' id='word_1_616' title='bbox 2911 1801 3205 1854; x_wconf 84' lang='lat' dir='ltr'><strong>secundum</strong></span> <span class='ocrx_word' id='word_1_617' title='bbox 3247 1802 3507 1875; x_wconf 84' lang='lat' dir='ltr'><strong>cujusque</strong></span> <span class='ocrx_word' id='word_1_618' title='bbox 3537 1823 3688 1863; x_wconf 83' lang='lat' dir='ltr'><strong>usum</strong></span> 
     </span>
    </p>
   </div>
   <div class='ocr_carea' id='block_1_76' title="bbox 2099 1884 3694 1968">
    <p class='ocr_par' dir='ltr' id='par_1_76' title="bbox 2099 1884 3694 1968">
     <span class='ocr_line' id='line_1_76' title="bbox 2099 1884 3694 1968; baseline 0.012 -34"><span class='ocrx_word' id='word_1_619' title='bbox 2099 1892 2272 1950; x_wconf 85' lang='lat' dir='ltr'><strong>potest</strong></span> <span class='ocrx_word' id='word_1_620' title='bbox 2300 1884 2411 1939; x_wconf 85' lang='lat' dir='ltr'><strong>fieri</strong></span> <span class='ocrx_word' id='word_1_621' title='bbox 2439 1893 2492 1939; x_wconf 88' lang='lat' dir='ltr'><strong>et</strong></span> <span class='ocrx_word' id='word_1_622' title='bbox 2521 1887 2740 1956; x_wconf 84' lang='lat' dir='ltr'><strong>angelus</strong></span> <span class='ocrx_word' id='word_1_623' title='bbox 2765 1897 2818 1942; x_wconf 90' lang='lat' dir='ltr'><strong>et</strong></span> <span class='ocrx_word' id='word_1_624' title='bbox 2849 1889 3071 1944; x_wconf 82' lang='grc' dir='ltr'><strong>1ιοιηο¹.</strong></span> <span class='ocrx_word' id='word_1_625' title='bbox 3102 1893 3238 1958; x_wconf 83' lang='lat' dir='ltr'><strong>Quid</strong></span> <span class='ocrx_word' id='word_1_626' title='bbox 3267 1895 3408 1958; x_wconf 88' lang='lat' dir='ltr'><strong>dico.</strong></span> <span class='ocrx_word' id='word_1_627' title='bbox 3437 1901 3694 1968; x_wconf 75' lang='lat' dir='ltr'><strong>angelus?</strong></span> 
     </span>
    </p>
   </div>
   <div class='ocr_carea' id='block_1_77' title="bbox 2097 1975 3693 2057">
    <p class='ocr_par' dir='ltr' id='par_1_77' title="bbox 2097 1975 3693 2057">
     <span class='ocr_line' id='line_1_77' title="bbox 2097 1975 3693 2057; baseline 0.011 -30"><span class='ocrx_word' id='word_1_628' title='bbox 2097 1975 2268 2030; x_wconf 77' lang='lat' dir='ltr'><strong>Etiam</strong></span> <span class='ocrx_word' id='word_1_629' title='bbox 2316 1977 2404 2030; x_wconf 80' lang='lat' dir='ltr'><strong>Dei</strong></span> <span class='ocrx_word' id='word_1_630' title='bbox 2439 1979 2594 2033; x_wconf 84' lang='lat' dir='ltr'><strong>filius.</strong></span> <span class='ocrx_word' id='word_1_631' title='bbox 2643 1979 2799 2044; x_wconf 87' lang='lat' dir='ltr'><strong>Nam,</strong></span> <span class='ocrx_word' id='word_1_632' title='bbox 2831 1982 2905 2034; x_wconf 87' lang='lat' dir='ltr'><strong>ait</strong></span> <span class='ocrx_word' id='word_1_633' title='bbox 2938 1999 2950 2034; x_wconf 93' lang='lat'>:</span> <span class='ocrx_word' id='word_1_634' title='bbox 2993 1981 3107 2053; x_wconf 83' lang='lat' dir='ltr'><strong>Ego</strong></span> <span class='ocrx_word' id='word_1_635' title='bbox 3148 1985 3258 2038; x_wconf 71' lang='lat' dir='ltr'><strong>dixi</strong></span> <span class='ocrx_word' id='word_1_636' title='bbox 3283 2028 3298 2051; x_wconf 90' lang='lat'><strong>,</strong></span> <span class='ocrx_word' id='word_1_637' title='bbox 3346 1985 3436 2040; x_wconf 86' lang='lat' dir='ltr'><strong>Dii</strong></span> <span class='ocrx_word' id='word_1_638' title='bbox 3462 1992 3600 2057; x_wconf 69' lang='lat' dir='ltr'><strong>estis,</strong></span> <span class='ocrx_word' id='word_1_639' title='bbox 3645 2003 3693 2044; x_wconf 85' lang='lat' dir='ltr'><strong>et</strong></span> 
     </span>
    </p>
   </div>
   <div class='ocr_carea' id='block_1_78' title="bbox 2095 2065 3687 2148">
    <p class='ocr_par' dir='ltr' id='par_1_78' title="bbox 2095 2065 3687 2148">
     <span class='ocr_line' id='line_1_78' title="bbox 2095 2065 3687 2148; baseline 0.01 -31"><span class='ocrx_word' id='word_1_640' title='bbox 2095 2065 2191 2133; x_wconf 82' lang='lat' dir='ltr'><strong>ﬁlii</strong></span> <span class='ocrx_word' id='word_1_641' title='bbox 2221 2065 2420 2120; x_wconf 73' lang='grc' dir='ltr'><strong>Επειεὶ</strong></span> <span class='ocrx_word' id='word_1_642' title='bbox 2443 2083 2614 2123; x_wconf 81' lang='lat' dir='ltr'><strong>omnes</strong></span> <span class='ocrx_word' id='word_1_643' title='bbox 2645 2069 2819 2138; x_wconf 84' lang='lat' dir='ltr'><strong>(Psal.</strong></span> <span class='ocrx_word' id='word_1_644' title='bbox 2847 2072 2935 2126; x_wconf 89' lang='lat'><strong>8|.</strong></span> <span class='ocrx_word' id='word_1_645' title='bbox 2965 2071 3043 2140; x_wconf 85' lang='lat'><strong>6).</strong></span> <span class='ocrx_word' id='word_1_646' title='bbox 3074 2074 3336 2146; x_wconf 88' lang='lat' dir='ltr'><strong>Quodque</strong></span> <span class='ocrx_word' id='word_1_647' title='bbox 3363 2079 3537 2148; x_wconf 82' lang='lat' dir='ltr'><strong>majus</strong></span> <span class='ocrx_word' id='word_1_648' title='bbox 3567 2091 3648 2134; x_wconf 89' lang='lat' dir='ltr'><strong>est</strong></span> <span class='ocrx_word' id='word_1_649' title='bbox 3674 2124 3687 2144; x_wconf 91' lang='lat'><strong>,</strong></span> 
     </span>
    </p>
   </div>
   <div class='ocr_carea' id='block_1_79' title="bbox 2096 2161 3689 2238">
    <p class='ocr_par' dir='ltr' id='par_1_79' title="bbox 2096 2161 3689 2238">
     <span class='ocr_line' id='line_1_79' title="bbox 2096 2161 3689 2238; baseline 0.01 -27"><span class='ocrx_word' id='word_1_650' title='bbox 2096 2167 2411 2225; x_wconf 81' lang='lat' dir='ltr'><strong>potestatem</strong></span> <span class='ocrx_word' id='word_1_651' title='bbox 2444 2161 2668 2230; x_wconf 88' lang='lat' dir='ltr'><strong>accepit,</strong></span> <span class='ocrx_word' id='word_1_652' title='bbox 2697 2171 2752 2216; x_wconf 92' lang='lat' dir='ltr'><strong>ut</strong></span> <span class='ocrx_word' id='word_1_653' title='bbox 2780 2162 2868 2215; x_wconf 82' lang='lat' dir='ltr'><strong>fiat</strong></span> <span class='ocrx_word' id='word_1_654' title='bbox 2896 2171 2950 2218; x_wconf 93' lang='lat' dir='ltr'><strong>et</strong></span> <span class='ocrx_word' id='word_1_655' title='bbox 2981 2165 3142 2219; x_wconf 77' lang='lat' dir='ltr'><strong>homo</strong></span> <span class='ocrx_word' id='word_1_656' title='bbox 3169 2175 3224 2220; x_wconf 85' lang='lat' dir='ltr'><strong>et</strong></span> <span class='ocrx_word' id='word_1_657' title='bbox 3249 2170 3471 2238; x_wconf 89' lang='lat' dir='ltr'><strong>angelus</strong></span> <span class='ocrx_word' id='word_1_658' title='bbox 3510 2181 3564 2224; x_wconf 90' lang='lat' dir='ltr'><strong>et</strong></span> <span class='ocrx_word' id='word_1_659' title='bbox 3597 2171 3689 2226; x_wconf 80' lang='lat' dir='ltr'><strong>Dei</strong></span> 
     </span>
    </p>
   </div>
   <div class='ocr_carea' id='block_1_80' title="bbox 2095 2247 3689 2321">
    <p class='ocr_par' dir='ltr' id='par_1_80' title="bbox 2095 2247 3689 2321">
     <span class='ocr_line' id='line_1_80' title="bbox 2095 2247 3689 2321; baseline 0.01 -21"><span class='ocrx_word' id='word_1_660' title='bbox 2095 2247 2257 2302; x_wconf 87' lang='lat' dir='ltr'><strong>filius.</strong></span> <span class='ocrx_word' id='word_1_661' title='bbox 2297 2250 2390 2303; x_wconf 69' lang='lat' dir='ltr'><strong>list</strong></span> <span class='ocrx_word' id='word_1_662' title='bbox 2421 2251 2580 2305; x_wconf 91' lang='lat' dir='ltr'><strong>homo</strong></span> <span class='ocrx_word' id='word_1_663' title='bbox 2611 2263 2665 2306; x_wconf 89' lang='lat' dir='ltr'><strong>et</strong></span> <span class='ocrx_word' id='word_1_664' title='bbox 2694 2254 2867 2321; x_wconf 82' lang='lat' dir='ltr'><strong>angeli</strong></span> <span class='ocrx_word' id='word_1_665' title='bbox 2898 2265 3129 2309; x_wconf 83' lang='lat' dir='ltr'><strong>creator.</strong></span> <span class='ocrx_word' id='word_1_666' title='bbox 3176 2256 3427 2314; x_wconf 84' lang='lat' dir='ltr'><strong>Fortasse</strong></span> <span class='ocrx_word' id='word_1_667' title='bbox 3459 2277 3554 2315; x_wconf 85' lang='lat' dir='ltr'><strong>vos</strong></span> <span class='ocrx_word' id='word_1_668' title='bbox 3586 2262 3689 2316; x_wconf 85' lang='lat' dir='ltr'><strong>huc</strong></span> 
     </span>
    </p>
   </div>
   <div class='ocr_carea' id='block_1_81' title="bbox 2093 2337 3682 2408">
    <p class='ocr_par' dir='ltr' id='par_1_81' title="bbox 2093 2337 3682 2408">
     <span class='ocr_line' id='line_1_81' title="bbox 2093 2337 3682 2408; baseline 0.01 -16"><span class='ocrx_word' id='word_1_669' title='bbox 2093 2337 2291 2393; x_wconf 89' lang='lat' dir='ltr'><strong>dictum</strong></span> <span class='ocrx_word' id='word_1_670' title='bbox 2323 2344 2696 2406; x_wconf 85' lang='lat' dir='ltr'><strong>perturbavit?</strong></span> <span class='ocrx_word' id='word_1_671' title='bbox 2728 2344 2834 2399; x_wconf 86' lang='lat' dir='ltr'><strong>Sed</strong></span> <span class='ocrx_word' id='word_1_672' title='bbox 2865 2347 3044 2401; x_wconf 88' lang='lat' dir='ltr'><strong>audite</strong></span> <span class='ocrx_word' id='word_1_673' title='bbox 3071 2346 3343 2404; x_wconf 86' lang='lat' dir='ltr'><strong>Christum</strong></span> <span class='ocrx_word' id='word_1_674' title='bbox 3370 2352 3642 2407; x_wconf 71' lang='lat' dir='ltr'><strong>dicentem</strong></span> <span class='ocrx_word' id='word_1_675' title='bbox 3672 2376 3682 2408; x_wconf 95' lang='lat'><em>:</em></span> 
     </span>
    </p>
   </div>
   <div class='ocr_carea' id='block_1_82' title="bbox 2092 2427 3684 2512">
    <p class='ocr_par' dir='ltr' id='par_1_82' title="bbox 2092 2427 3684 2512">
     <span class='ocr_line' id='line_1_82' title="bbox 2092 2427 3684 2512; baseline 0.009 -31"><span class='ocrx_word' id='word_1_676' title='bbox 2092 2427 2159 2482; x_wconf 84' lang='lat' dir='ltr'><strong>In</strong></span> <span class='ocrx_word' id='word_1_677' title='bbox 2183 2431 2543 2487; x_wconf 71' lang='lat' dir='ltr'><strong>resurrectione</strong></span> <span class='ocrx_word' id='word_1_678' title='bbox 2570 2451 2728 2502; x_wconf 83' lang='lat' dir='ltr'><strong>neque</strong></span> <span class='ocrx_word' id='word_1_679' title='bbox 2765 2435 2950 2491; x_wconf 83' lang='lat' dir='ltr'><strong>nubent</strong></span> <span class='ocrx_word' id='word_1_680' title='bbox 2990 2454 3150 2508; x_wconf 79' lang='lat' dir='ltr'><strong>neque</strong></span> <span class='ocrx_word' id='word_1_681' title='bbox 3174 2442 3356 2512; x_wconf 81' lang='lat' dir='ltr'><strong>nuptui</strong></span> <span class='ocrx_word' id='word_1_682' title='bbox 3381 2443 3684 2507; x_wconf 75' lang='lat' dir='ltr'><strong>tradentur,</strong></span> 
     </span>
    </p>
   </div>
   <div class='ocr_carea' id='block_1_83' title="bbox 2090 2521 3684 2601">
    <p class='ocr_par' dir='ltr' id='par_1_83' title="bbox 2090 2521 3684 2601">
     <span class='ocr_line' id='line_1_83' title="bbox 2090 2521 3684 2601; baseline 0.008 -27"><span class='ocrx_word' id='word_1_683' title='bbox 2090 2521 2180 2574; x_wconf 78' lang='lat' dir='ltr'><strong>sed</strong></span> <span class='ocrx_word' id='word_1_684' title='bbox 2207 2532 2322 2575; x_wconf 78' lang='lat' dir='ltr'><strong>sum</strong></span> <span class='ocrx_word' id='word_1_685' title='bbox 2348 2525 2475 2575; x_wconf 84' lang='lat' dir='ltr'><strong>sicut</strong></span> <span class='ocrx_word' id='word_1_686' title='bbox 2504 2526 2671 2594; x_wconf 76' lang='lat' dir='ltr'><strong>angeli</strong></span> <span class='ocrx_word' id='word_1_687' title='bbox 2702 2535 2717 2592; x_wconf 85' lang='lat'><strong>(</strong></span> <span class='ocrx_word' id='word_1_688' title='bbox 2745 2525 2871 2580; x_wconf 87' lang='lat' dir='ltr'><strong>Luc.</strong></span> <span class='ocrx_word' id='word_1_689' title='bbox 2916 2529 3006 2582; x_wconf 77' lang='lat'><strong>‘20.</strong></span> <span class='ocrx_word' id='word_1_690' title='bbox 3061 2530 3148 2584; x_wconf 74' lang='grc'>35.</span> <span class='ocrx_word' id='word_1_691' title='bbox 3182 2531 3252 2584; x_wconf 80' lang='grc'><strong>56</strong></span> <span class='ocrx_word' id='word_1_692' title='bbox 3275 2531 3332 2601; x_wconf 92' lang='grc'><strong>);</strong></span> <span class='ocrx_word' id='word_1_693' title='bbox 3367 2542 3420 2588; x_wconf 90' lang='lat' dir='ltr'><strong>et</strong></span> <span class='ocrx_word' id='word_1_694' title='bbox 3450 2551 3684 2600; x_wconf 58' lang='lat' dir='ltr'><strong>rllrrlﬂll,</strong></span> 
     </span>
    </p>
   </div>
   <div class='ocr_carea' id='block_1_84' title="bbox 2095 2615 3686 2695">
    <p class='ocr_par' dir='ltr' id='par_1_84' title="bbox 2095 2615 3686 2695">
     <span class='ocr_line' id='line_1_84' title="bbox 2095 2615 3686 2695; baseline 0.008 -29"><span class='ocrx_word' id='word_1_695' title='bbox 2095 2615 2194 2680; x_wconf 85' lang='lat' dir='ltr'><strong>Qui</strong></span> <span class='ocrx_word' id='word_1_696' title='bbox 2218 2626 2376 2684; x_wconf 78' lang='lat' dir='ltr'><strong>potest</strong></span> <span class='ocrx_word' id='word_1_697' title='bbox 2401 2633 2602 2686; x_wconf 84' lang='lat' dir='ltr'><strong>capere,</strong></span> <span class='ocrx_word' id='word_1_698' title='bbox 2631 2621 2799 2688; x_wconf 81' lang='lat' dir='ltr'><strong>capiat</strong></span> <span class='ocrx_word' id='word_1_699' title='bbox 2829 2620 3045 2687; x_wconf 70' lang='lat' dir='ltr'><strong>(Matt/1.</strong></span> <span class='ocrx_word' id='word_1_700' title='bbox 3079 2623 3168 2694; x_wconf 69' lang='lat' dir='ltr'><strong>I9.</strong></span> <span class='ocrx_word' id='word_1_701' title='bbox 3198 2624 3324 2695; x_wconf 69' lang='grc'><strong>12).</strong></span> <span class='ocrx_word' id='word_1_702' title='bbox 3370 2625 3424 2678; x_wconf 89' lang='lat' dir='ltr'><strong>In</strong></span> <span class='ocrx_word' id='word_1_703' title='bbox 3479 2645 3686 2680; x_wconf 85' lang='lat' dir='ltr'><strong>summa</strong></span> 
     </span>
    </p>
   </div>
   <div class='ocr_carea' id='block_1_85' title="bbox 2092 2705 3684 2783">
    <p class='ocr_par' dir='ltr' id='par_1_85' title="bbox 2092 2705 3684 2783">
     <span class='ocr_line' id='line_1_85' title="bbox 2092 2705 3684 2783; baseline 0.01 -27"><span class='ocrx_word' id='word_1_704' title='bbox 2092 2705 2258 2759; x_wconf 83' lang='lat' dir='ltr'><strong>virtus</strong></span> <span class='ocrx_word' id='word_1_705' title='bbox 2293 2708 2516 2776; x_wconf 85' lang='lat' dir='ltr'><strong>angelos</strong></span> <span class='ocrx_word' id='word_1_706' title='bbox 2556 2707 2682 2762; x_wconf 88' lang='lat' dir='ltr'><strong>facit</strong></span> <span class='ocrx_word' id='word_1_707' title='bbox 2713 2731 2725 2765; x_wconf 92' lang='lat'><strong>:</strong></span> <span class='ocrx_word' id='word_1_708' title='bbox 2758 2711 2924 2764; x_wconf 85' lang='lat' dir='ltr'><strong>virtus</strong></span> <span class='ocrx_word' id='word_1_709' title='bbox 2967 2714 3017 2764; x_wconf 91' lang='lat' dir='ltr'><strong>in</strong></span> <span class='ocrx_word' id='word_1_710' title='bbox 3053 2724 3232 2767; x_wconf 86' lang='lat' dir='ltr'><strong>nostra</strong></span> <span class='ocrx_word' id='word_1_711' title='bbox 3268 2724 3533 2783; x_wconf 85' lang='lat' dir='ltr'><strong>potestate</strong></span> <span class='ocrx_word' id='word_1_712' title='bbox 3562 2730 3642 2772; x_wconf 86' lang='lat' dir='ltr'><strong>est</strong></span> <span class='ocrx_word' id='word_1_713' title='bbox 3671 2737 3684 2772; x_wconf 93' lang='lat'><strong>:</strong></span> 
     </span>
    </p>
   </div>
   <div class='ocr_carea' id='block_1_86' title="bbox 2090 2798 3692 2870">
    <p class='ocr_par' dir='ltr' id='par_1_86' title="bbox 2090 2798 3692 2870">
     <span class='ocr_line' id='line_1_86' title="bbox 2090 2798 3692 2870; baseline 0.009 -21"><span class='ocrx_word' id='word_1_714' title='bbox 2090 2812 2219 2866; x_wconf 87' lang='lat' dir='ltr'><strong>ergo</strong></span> <span class='ocrx_word' id='word_1_715' title='bbox 2242 2798 2460 2867; x_wconf 82' lang='lat' dir='ltr'><strong>angelos</strong></span> <span class='ocrx_word' id='word_1_716' title='bbox 2484 2814 2769 2868; x_wconf 88' lang='lat' dir='ltr'><strong>possumus</strong></span> <span class='ocrx_word' id='word_1_717' title='bbox 2792 2816 2999 2868; x_wconf 82' lang='lat' dir='ltr'><strong>creare,</strong></span> <span class='ocrx_word' id='word_1_718' title='bbox 3032 2805 3132 2858; x_wconf 91' lang='lat' dir='ltr'><strong>etsi</strong></span> <span class='ocrx_word' id='word_1_719' title='bbox 3165 2819 3268 2858; x_wconf 93' lang='lat' dir='ltr'><strong>non</strong></span> <span class='ocrx_word' id='word_1_720' title='bbox 3299 2816 3508 2870; x_wconf 84' lang='lat' dir='ltr'><strong>natura,</strong></span> <span class='ocrx_word' id='word_1_721' title='bbox 3537 2821 3692 2864; x_wconf 84' lang='lat' dir='ltr'><strong>certe</strong></span> 
     </span>
    </p>
   </div>
   <div class='ocr_carea' id='block_1_87' title="bbox 2093 2893 3685 2970">
    <p class='ocr_par' dir='ltr' id='par_1_87' title="bbox 2093 2893 3685 2970">
     <span class='ocr_line' id='line_1_87' title="bbox 2093 2893 3685 2970; baseline 0.008 -26"><span class='ocrx_word' id='word_1_722' title='bbox 2093 2893 2382 2960; x_wconf 86' lang='lat' dir='ltr'><strong>proposito.</strong></span> <span class='ocrx_word' id='word_1_723' title='bbox 2431 2893 2636 2948; x_wconf 87' lang='lat' dir='ltr'><strong>Virtute</strong></span> <span class='ocrx_word' id='word_1_724' title='bbox 2665 2909 2892 2964; x_wconf 84' lang='lat' dir='ltr'><strong>namque</strong></span> <span class='ocrx_word' id='word_1_725' title='bbox 2918 2896 3143 2952; x_wconf 80' lang='lat' dir='ltr'><strong>absente</strong></span> <span class='ocrx_word' id='word_1_726' title='bbox 3171 2940 3184 2963; x_wconf 90' lang='lat'><strong>,</strong></span> <span class='ocrx_word' id='word_1_727' title='bbox 3219 2899 3351 2954; x_wconf 91' lang='lat' dir='ltr'><strong>nihil</strong></span> <span class='ocrx_word' id='word_1_728' title='bbox 3398 2901 3685 2970; x_wconf 74' lang='lat' dir='ltr'><strong>proderit,</strong></span> 
     </span>
    </p>
   </div>
   <div class='ocr_carea' id='block_1_88' title="bbox 2088 2984 3692 3063">
    <p class='ocr_par' dir='ltr' id='par_1_88' title="bbox 2088 2984 3692 3063">
     <span class='ocr_line' id='line_1_88' title="bbox 2088 2984 3692 3063; baseline 0.007 -26"><span class='ocrx_word' id='word_1_729' title='bbox 2088 2984 2132 3037; x_wconf 89' lang='lat' dir='ltr'><strong>si</strong></span> <span class='ocrx_word' id='word_1_730' title='bbox 2170 2987 2258 3054; x_wconf 92' lang='lat' dir='ltr'><strong>qui</strong></span> <span class='ocrx_word' id='word_1_731' title='bbox 2288 2986 2448 3040; x_wconf 88' lang='lat' dir='ltr'><strong>eliam</strong></span> <span class='ocrx_word' id='word_1_732' title='bbox 2481 2987 2703 3057; x_wconf 86' lang='lat' dir='ltr'><strong>angelus</strong></span> <span class='ocrx_word' id='word_1_733' title='bbox 2749 2998 2934 3042; x_wconf 87' lang='lat' dir='ltr'><strong>natura</strong></span> <span class='ocrx_word' id='word_1_734' title='bbox 2965 2988 3126 3044; x_wconf 90' lang='lat' dir='ltr'><strong>fuerit</strong></span> <span class='ocrx_word' id='word_1_735' title='bbox 3154 3007 3169 3057; x_wconf 89' lang='lat'><strong>;</strong></span> <span class='ocrx_word' id='word_1_736' title='bbox 3217 2991 3267 3046; x_wconf 90' lang='lat' dir='ltr'><strong>id</strong></span> <span class='ocrx_word' id='word_1_737' title='bbox 3298 2993 3439 3063; x_wconf 90' lang='lat' dir='ltr'><strong>quod</strong></span> <span class='ocrx_word' id='word_1_738' title='bbox 3476 3010 3541 3050; x_wconf 82' lang='lat' dir='ltr'><strong>ex</strong></span> <span class='ocrx_word' id='word_1_739' title='bbox 3573 2995 3692 3050; x_wconf 81' lang='lat' dir='ltr'><strong>dia-</strong></span> 
     </span>
    </p>
   </div>
   <div class='ocr_carea' id='block_1_89' title="bbox 2087 3075 3679 3150">
    <p class='ocr_par' dir='ltr' id='par_1_89' title="bbox 2087 3075 3679 3150">
     <span class='ocr_line' id='line_1_89' title="bbox 2087 3075 3679 3150; baseline 0.007 -20"><span class='ocrx_word' id='word_1_740' title='bbox 2087 3075 2213 3130; x_wconf 87' lang='lat' dir='ltr'><strong>bolo</strong></span> <span class='ocrx_word' id='word_1_741' title='bbox 2261 3076 2464 3146; x_wconf 88' lang='lat' dir='ltr'><strong>liquet,</strong></span> <span class='ocrx_word' id='word_1_742' title='bbox 2511 3079 2600 3148; x_wconf 93' lang='lat' dir='ltr'><strong>qui</strong></span> <span class='ocrx_word' id='word_1_743' title='bbox 2645 3087 2770 3134; x_wconf 85' lang='lat' dir='ltr'><strong>ante</strong></span> <span class='ocrx_word' id='word_1_744' title='bbox 2811 3081 3036 3150; x_wconf 89' lang='lat' dir='ltr'><strong>angelus</strong></span> <span class='ocrx_word' id='word_1_745' title='bbox 3081 3081 3225 3136; x_wconf 91' lang='lat' dir='ltr'><strong>fuit:</strong></span> <span class='ocrx_word' id='word_1_746' title='bbox 3263 3085 3458 3140; x_wconf 90' lang='lat' dir='ltr'><strong>virtute</strong></span> <span class='ocrx_word' id='word_1_747' title='bbox 3501 3099 3679 3141; x_wconf 89' lang='lat' dir='ltr'><strong>autem</strong></span> 
     </span>
    </p>
   </div>
   <div class='ocr_carea' id='block_1_90' title="bbox 2089 3169 3693 3241">
    <p class='ocr_par' dir='ltr' id='par_1_90' title="bbox 2089 3169 3693 3241">
     <span class='ocr_line' id='line_1_90' title="bbox 2089 3169 3693 3241; baseline 0.007 -20"><span class='ocrx_word' id='word_1_748' title='bbox 2089 3181 2355 3236; x_wconf 65' lang='lat' dir='ltr'><strong>prtescnte</strong></span> <span class='ocrx_word' id='word_1_749' title='bbox 2375 3210 2389 3235; x_wconf 93' lang='lat'><strong>,</strong></span> <span class='ocrx_word' id='word_1_750' title='bbox 2433 3169 2565 3224; x_wconf 89' lang='lat' dir='ltr'><strong>nihil</strong></span> <span class='ocrx_word' id='word_1_751' title='bbox 2591 3171 2773 3226; x_wconf 87' lang='lat' dir='ltr'><strong>damni</strong></span> <span class='ocrx_word' id='word_1_752' title='bbox 2801 3182 2887 3227; x_wconf 84' lang='lat' dir='ltr'><strong>est</strong></span> <span class='ocrx_word' id='word_1_753' title='bbox 2913 3173 3335 3230; x_wconf 83' lang='lat' dir='ltr'><strong>hominem-esse</strong></span> <span class='ocrx_word' id='word_1_754' title='bbox 3365 3188 3553 3232; x_wconf 87' lang='lat' dir='ltr'><strong>natura</strong></span> <span class='ocrx_word' id='word_1_755' title='bbox 3573 3221 3586 3241; x_wconf 87' lang='lat'><strong>,</strong></span> <span class='ocrx_word' id='word_1_756' title='bbox 3627 3191 3693 3233; x_wconf 84' lang='lat' dir='ltr'><strong>ut</strong></span> 
     </span>
    </p>
   </div>
   <div class='ocr_carea' id='block_1_91' title="bbox 2086 3261 3681 3342">
    <p class='ocr_par' dir='ltr' id='par_1_91' title="bbox 2086 3261 3681 3342">
     <span class='ocr_line' id='line_1_91' title="bbox 2086 3261 3681 3342; baseline 0.006 -26"><span class='ocrx_word' id='word_1_757' title='bbox 2086 3277 2154 3316; x_wconf 79' lang='lat' dir='ltr'><strong>ex</strong></span> <span class='ocrx_word' id='word_1_758' title='bbox 2197 3261 2405 3318; x_wconf 84' lang='lat' dir='ltr'><strong>Joanne</strong></span> <span class='ocrx_word' id='word_1_759' title='bbox 2431 3265 2519 3333; x_wconf 90' lang='lat' dir='ltr'><strong>qui</strong></span> <span class='ocrx_word' id='word_1_760' title='bbox 2553 3264 2715 3319; x_wconf 90' lang='lat' dir='ltr'><strong>homo</strong></span> <span class='ocrx_word' id='word_1_761' title='bbox 2750 3276 2902 3331; x_wconf 84' lang='lat' dir='ltr'><strong>erat,</strong></span> <span class='ocrx_word' id='word_1_762' title='bbox 2949 3278 3004 3322; x_wconf 89' lang='lat' dir='ltr'><strong>et</strong></span> <span class='ocrx_word' id='word_1_763' title='bbox 3033 3284 3098 3322; x_wconf 78' lang='lat' dir='ltr'><strong>ex</strong></span> <span class='ocrx_word' id='word_1_764' title='bbox 3146 3270 3257 3324; x_wconf 89' lang='lat' dir='ltr'><strong>Elia</strong></span> <span class='ocrx_word' id='word_1_765' title='bbox 3300 3270 3464 3341; x_wconf 89' lang='lat' dir='ltr'><strong>liquet</strong></span> <span class='ocrx_word' id='word_1_766' title='bbox 3498 3273 3586 3342; x_wconf 92' lang='lat' dir='ltr'><strong>qui</strong></span> <span class='ocrx_word' id='word_1_767' title='bbox 3631 3275 3681 3327; x_wconf 91' lang='lat' dir='ltr'><strong>in</strong></span> 
     </span>
    </p>
   </div>
   <div class='ocr_carea' id='block_1_92' title="bbox 2086 3353 3678 3429">
    <p class='ocr_par' dir='ltr' id='par_1_92' title="bbox 2086 3353 3678 3429">
     <span class='ocr_line' id='line_1_92' title="bbox 2086 3353 3678 3429; baseline 0.006 -22"><span class='ocrx_word' id='word_1_768' title='bbox 2086 3353 2278 3407; x_wconf 82' lang='lat' dir='ltr'><strong>caelum</strong></span> <span class='ocrx_word' id='word_1_769' title='bbox 2305 3355 2579 3423; x_wconf 87' lang='lat' dir='ltr'><strong>ascendit,</strong></span> <span class='ocrx_word' id='word_1_770' title='bbox 2609 3371 2672 3411; x_wconf 78' lang='lat' dir='ltr'><strong>ex</strong></span> <span class='ocrx_word' id='word_1_771' title='bbox 2705 3358 3061 3428; x_wconf 87' lang='lat' dir='ltr'><strong>omnibusque</strong></span> <span class='ocrx_word' id='word_1_772' title='bbox 3088 3360 3178 3429; x_wconf 93' lang='lat' dir='ltr'><strong>qui</strong></span> <span class='ocrx_word' id='word_1_773' title='bbox 3209 3376 3276 3414; x_wconf 92' lang='lat' dir='ltr'><strong>eo</strong></span> <span class='ocrx_word' id='word_1_774' title='bbox 3304 3361 3505 3416; x_wconf 89' lang='lat' dir='ltr'><strong>abituri</strong></span> <span class='ocrx_word' id='word_1_775' title='bbox 3537 3377 3678 3416; x_wconf 89' lang='lat' dir='ltr'><strong>sunt.</strong></span> 
     </span>
    </p>
   </div>
   <div class='ocr_carea' id='block_1_93' title="bbox 2089 3445 3682 3518">
    <p class='ocr_par' dir='ltr' id='par_1_93' title="bbox 2089 3445 3682 3518">
     <span class='ocr_line' id='line_1_93' title="bbox 2089 3445 3682 3518; baseline 0.006 -19"><span class='ocrx_word' id='word_1_776' title='bbox 2089 3445 2152 3499; x_wconf 86' lang='lat' dir='ltr'><strong>Hi</strong></span> <span class='ocrx_word' id='word_1_777' title='bbox 2181 3461 2407 3517; x_wconf 88' lang='lat' dir='ltr'><strong>namque</strong></span> <span class='ocrx_word' id='word_1_778' title='bbox 2431 3447 2557 3501; x_wconf 88' lang='lat' dir='ltr'><strong>licet</strong></span> <span class='ocrx_word' id='word_1_779' title='bbox 2583 3449 2872 3517; x_wconf 83' lang='lat' dir='ltr'><strong>corporei,</strong></span> <span class='ocrx_word' id='word_1_780' title='bbox 2907 3465 3014 3504; x_wconf 85' lang='lat' dir='ltr'><strong>non</strong></span> <span class='ocrx_word' id='word_1_781' title='bbox 3044 3449 3400 3518; x_wconf 88' lang='lat' dir='ltr'><strong>prohibentur</strong></span> <span class='ocrx_word' id='word_1_782' title='bbox 3443 3453 3682 3508; x_wconf 82' lang='lat' dir='ltr'><strong>habitare</strong></span> 
     </span>
    </p>
   </div>
   <div class='ocr_carea' id='block_1_94' title="bbox 2087 3537 3691 3612">
    <p class='ocr_par' dir='ltr' id='par_1_94' title="bbox 2087 3537 3691 3612">
     <span class='ocr_line' id='line_1_94' title="bbox 2087 3537 3691 3612; baseline 0.005 -21"><span class='ocrx_word' id='word_1_783' title='bbox 2087 3537 2317 3602; x_wconf 73' lang='lat' dir='ltr'><strong>cadum;</strong></span> <span class='ocrx_word' id='word_1_784' title='bbox 2357 3538 2430 3592; x_wconf 92' lang='lat' dir='ltr'><strong>illi</strong></span> <span class='ocrx_word' id='word_1_785' title='bbox 2464 3553 2591 3593; x_wconf 89' lang='lat' dir='ltr'><strong>vero</strong></span> <span class='ocrx_word' id='word_1_786' title='bbox 2617 3540 2917 3610; x_wconf 83' lang='lat' dir='ltr'><strong>incorporei</strong></span> <span class='ocrx_word' id='word_1_787' title='bbox 2944 3540 3107 3606; x_wconf 86' lang='lat' dir='ltr'><strong>licet,</strong></span> <span class='ocrx_word' id='word_1_788' title='bbox 3152 3557 3256 3597; x_wconf 92' lang='lat' dir='ltr'><strong>non</strong></span> <span class='ocrx_word' id='word_1_789' title='bbox 3302 3550 3592 3612; x_wconf 90' lang='lat' dir='ltr'><strong>potuerunt</strong></span> <span class='ocrx_word' id='word_1_790' title='bbox 3629 3546 3691 3599; x_wconf 72' lang='lat' dir='ltr'><strong>in</strong></span> 
     </span>
    </p>
   </div>
   <div class='ocr_carea' id='block_1_95' title="bbox 2085 3629 3681 3708">
    <p class='ocr_par' dir='ltr' id='par_1_95' title="bbox 2085 3629 3681 3708">
     <span class='ocr_line' id='line_1_95' title="bbox 2085 3629 3681 3708; baseline 0.007 -26"><span class='ocrx_word' id='word_1_791' title='bbox 2085 3629 2218 3684; x_wconf 73' lang='lat' dir='ltr'><strong>czelo</strong></span> <span class='ocrx_word' id='word_1_792' title='bbox 2265 3645 2502 3686; x_wconf 89' lang='lat' dir='ltr'><strong>manere.</strong></span> <span class='ocrx_word' id='word_1_793' title='bbox 2544 3631 2714 3686; x_wconf 87' lang='lat' dir='ltr'><strong>Nemo</strong></span> <span class='ocrx_word' id='word_1_794' title='bbox 2761 3633 2918 3701; x_wconf 80' lang='lat' dir='ltr'><strong>igitur</strong></span> <span class='ocrx_word' id='word_1_795' title='bbox 2966 3643 3193 3705; x_wconf 84' lang='lat' dir='ltr'><strong>angatur</strong></span> <span class='ocrx_word' id='word_1_796' title='bbox 3239 3636 3322 3689; x_wconf 85' lang='lat' dir='ltr'><strong>vel</strong></span> <span class='ocrx_word' id='word_1_797' title='bbox 3376 3638 3681 3708; x_wconf 86' lang='lat' dir='ltr'><strong>indignetur</strong></span> 
     </span>
    </p>
   </div>
   <div class='ocr_carea' id='block_1_96' title="bbox 2087 3710 3681 3801">
    <p class='ocr_par' dir='ltr' id='par_1_96' title="bbox 2087 3710 3681 3801">
     <span class='ocr_line' id='line_1_96' title="bbox 2087 3710 3681 3801; baseline 0.004 -24"><span class='ocrx_word' id='word_1_798' title='bbox 2087 3734 2270 3778; x_wconf 89' lang='lat' dir='ltr'><strong>contra</strong></span> <span class='ocrx_word' id='word_1_799' title='bbox 2301 3735 2544 3780; x_wconf 87' lang='lat' dir='ltr'><strong>naturam</strong></span> <span class='ocrx_word' id='word_1_800' title='bbox 2577 3729 2730 3796; x_wconf 89' lang='lat' dir='ltr'><strong>quasi</strong></span> <span class='ocrx_word' id='word_1_801' title='bbox 2761 3710 2828 3782; x_wconf 77' lang='lat' dir='ltr'><strong>ab</strong></span> <span class='ocrx_word' id='word_1_802' title='bbox 2856 3729 2942 3783; x_wconf 85' lang='lat' dir='ltr'><strong>illa</strong></span> <span class='ocrx_word' id='word_1_803' title='bbox 2973 3730 3326 3801; x_wconf 81' lang='lat' dir='ltr'><strong>impediatur,</strong></span> <span class='ocrx_word' id='word_1_804' title='bbox 3357 3732 3454 3786; x_wconf 89' lang='lat' dir='ltr'><strong>sed</strong></span> <span class='ocrx_word' id='word_1_805' title='bbox 3494 3741 3681 3786; x_wconf 87' lang='lat' dir='ltr'><strong>contra</strong></span> 
     </span>
    </p>
   </div>
   <div class='ocr_carea' id='block_1_97' title="bbox 2088 3818 3676 3886">
    <p class='ocr_par' dir='ltr' id='par_1_97' title="bbox 2088 3818 3676 3886">
     <span class='ocr_line' id='line_1_97' title="bbox 2088 3818 3676 3886; baseline 0.005 -16"><span class='ocrx_word' id='word_1_806' title='bbox 2088 3818 2422 3886; x_wconf 85' lang='lat' dir='ltr'><strong>propositum</strong></span> <span class='ocrx_word' id='word_1_807' title='bbox 2451 3819 2759 3875; x_wconf 87' lang='lat' dir='ltr'><strong>voluntatis.</strong></span> <span class='ocrx_word' id='word_1_808' title='bbox 2801 3821 2912 3876; x_wconf 90' lang='lat' dir='ltr'><strong>Leo</strong></span> <span class='ocrx_word' id='word_1_809' title='bbox 2952 3822 3198 3877; x_wconf 86' lang='lat' dir='ltr'><strong>diabolus</strong></span> <span class='ocrx_word' id='word_1_810' title='bbox 3242 3822 3466 3879; x_wconf 79' lang='lat' dir='ltr'><strong>affectus</strong></span> <span class='ocrx_word' id='word_1_811' title='bbox 3492 3833 3574 3878; x_wconf 89' lang='lat' dir='ltr'><strong>est</strong></span> <span class='ocrx_word' id='word_1_812' title='bbox 3609 3839 3676 3878; x_wconf 82' lang='lat' dir='ltr'><strong>ex</strong></span> 
     </span>
    </p>
   </div>
   <div class='ocr_carea' id='block_1_98' title="bbox 2088 3913 3674 3986">
    <p class='ocr_par' dir='ltr' id='par_1_98' title="bbox 2088 3913 3674 3986">
     <span class='ocr_line' id='line_1_98' title="bbox 2088 3913 3674 3986; baseline 0.004 -22"><span class='ocrx_word' id='word_1_813' title='bbox 2088 3913 2403 3982; x_wconf 87' lang='lat' dir='ltr'><strong>incorporeo</strong></span> <span class='ocrx_word' id='word_1_814' title='bbox 2435 3931 2448 3968; x_wconf 90' lang='lat'><strong>:</strong></span> <span class='ocrx_word' id='word_1_815' title='bbox 2484 3914 2622 3970; x_wconf 85' lang='lat' dir='ltr'><strong>Ecce</strong></span> <span class='ocrx_word' id='word_1_816' title='bbox 2645 3956 2659 3979; x_wconf 91' lang='lat'><strong>,</strong></span> <span class='ocrx_word' id='word_1_817' title='bbox 2695 3916 2898 3986; x_wconf 90' lang='lat' dir='ltr'><strong>inquit,</strong></span> <span class='ocrx_word' id='word_1_818' title='bbox 2933 3917 3270 3972; x_wconf 76' lang='lat' dir='ltr'><strong>Adversarius</strong></span> <span class='ocrx_word' id='word_1_819' title='bbox 3301 3927 3470 3972; x_wconf 84' lang='lat' dir='ltr'><strong>noster</strong></span> <span class='ocrx_word' id='word_1_820' title='bbox 3495 3917 3674 3970; x_wconf 78' lang='lat' dir='ltr'><strong>diabo-</strong></span> 
     </span>
    </p>
   </div>
   <div class='ocr_carea' id='block_1_99' title="bbox 2087 4007 3675 4080">
    <p class='ocr_par' dir='ltr' id='par_1_99' title="bbox 2087 4007 3675 4080">
     <span class='ocr_line' id='line_1_99' title="bbox 2087 4007 3675 4080; baseline 0.002 -22"><span class='ocrx_word' id='word_1_821' title='bbox 2087 4007 2168 4058; x_wconf 88' lang='lat' dir='ltr'><strong>lus</strong></span> <span class='ocrx_word' id='word_1_822' title='bbox 2196 4016 2450 4077; x_wconf 82' lang='lat' dir='ltr'><strong>tamquam</strong></span> <span class='ocrx_word' id='word_1_823' title='bbox 2475 4007 2552 4061; x_wconf 88' lang='lat' dir='ltr'><strong>leo</strong></span> <span class='ocrx_word' id='word_1_824' title='bbox 2582 4009 2786 4079; x_wconf 83' lang='lat' dir='ltr'><strong>rugiens</strong></span> <span class='ocrx_word' id='word_1_825' title='bbox 2812 4009 3010 4075; x_wconf 86' lang='lat' dir='ltr'><strong>circuit,</strong></span> <span class='ocrx_word' id='word_1_826' title='bbox 3041 4026 3272 4079; x_wconf 58' lang='lat' dir='ltr'><strong>quaerens</strong></span> <span class='ocrx_word' id='word_1_827' title='bbox 3298 4026 3444 4080; x_wconf 86' lang='lat' dir='ltr'><strong>quem</strong></span> <span class='ocrx_word' id='word_1_828' title='bbox 3473 4011 3675 4064; x_wconf 78' lang='lat' dir='ltr'><strong>devoret</strong></span> 
     </span>
    </p>
   </div>
   <div class='ocr_carea' id='block_1_100' title="bbox 2089 4098 3690 4173">
    <p class='ocr_par' dir='ltr' id='par_1_100' title="bbox 2089 4098 3690 4173">
     <span class='ocr_line' id='line_1_100' title="bbox 2089 4098 3690 4173; baseline 0.002 -20"><span class='ocrx_word' id='word_1_829' title='bbox 2089 4099 2163 4169; x_wconf 90' lang='lat' dir='ltr'><strong>(l.</strong></span> <span class='ocrx_word' id='word_1_830' title='bbox 2193 4098 2312 4153; x_wconf 81' lang='lat' dir='ltr'><strong>Pet.</strong></span> <span class='ocrx_word' id='word_1_831' title='bbox 2341 4101 2394 4154; x_wconf 83' lang='lat'><strong>5.</strong></span> <span class='ocrx_word' id='word_1_832' title='bbox 2428 4099 2507 4171; x_wconf 88' lang='lat'><strong>8);</strong></span> <span class='ocrx_word' id='word_1_833' title='bbox 2553 4115 2654 4156; x_wconf 91' lang='lat' dir='ltr'><strong>nos</strong></span> <span class='ocrx_word' id='word_1_834' title='bbox 2689 4102 2862 4171; x_wconf 87' lang='lat' dir='ltr'><strong>angeli</strong></span> <span class='ocrx_word' id='word_1_835' title='bbox 2892 4117 2922 4156; x_wconf 93' lang='lat' dir='ltr'><strong>a</strong></span> <span class='ocrx_word' id='word_1_836' title='bbox 2959 4102 3298 4173; x_wconf 88' lang='lat' dir='ltr'><strong>corporibus.</strong></span> <span class='ocrx_word' id='word_1_837' title='bbox 3348 4102 3418 4158; x_wconf 90' lang='lat' dir='ltr'><strong>Ut</strong></span> <span class='ocrx_word' id='word_1_838' title='bbox 3451 4103 3594 4157; x_wconf 86' lang='lat' dir='ltr'><strong>enim</strong></span> <span class='ocrx_word' id='word_1_839' title='bbox 3635 4105 3690 4156; x_wconf 82' lang='lat' dir='ltr'><strong>si</strong></span> 
     </span>
    </p>
   </div>
   <div class='ocr_carea' id='block_1_101' title="bbox 2088 4193 3676 4262">
    <p class='ocr_par' dir='ltr' id='par_1_101' title="bbox 2088 4193 3676 4262">
     <span class='ocr_line' id='line_1_101' title="bbox 2088 4193 3676 4262; baseline 0.001 -16"><span class='ocrx_word' id='word_1_840' title='bbox 2088 4193 2207 4262; x_wconf 79' lang='lat' dir='ltr'><strong>quis</strong></span> <span class='ocrx_word' id='word_1_841' title='bbox 2235 4193 2464 4262; x_wconf 80' lang='lat' dir='ltr'><strong>pretiosa</strong></span> <span class='ocrx_word' id='word_1_842' title='bbox 2493 4194 2710 4248; x_wconf 91' lang='lat' dir='ltr'><strong>inventa</strong></span> <span class='ocrx_word' id='word_1_843' title='bbox 2752 4195 2973 4249; x_wconf 87' lang='lat' dir='ltr'><strong>materia</strong></span> <span class='ocrx_word' id='word_1_844' title='bbox 2996 4235 3012 4260; x_wconf 95' lang='lat'><strong>,</strong></span> <span class='ocrx_word' id='word_1_845' title='bbox 3060 4210 3183 4250; x_wconf 90' lang='lat' dir='ltr'><strong>eum</strong></span> <span class='ocrx_word' id='word_1_846' title='bbox 3214 4211 3318 4249; x_wconf 90' lang='lat' dir='ltr'><strong>non</strong></span> <span class='ocrx_word' id='word_1_847' title='bbox 3347 4195 3416 4249; x_wconf 87' lang='lat' dir='ltr'><strong>sit</strong></span> <span class='ocrx_word' id='word_1_848' title='bbox 3445 4195 3634 4249; x_wconf 83' lang='lat' dir='ltr'><strong>artifex</strong></span> <span class='ocrx_word' id='word_1_849' title='bbox 3660 4235 3676 4259; x_wconf 78' lang='lat'><strong>,</strong></span> 
     </span>
    </p>
   </div>
   <div class='ocr_carea' id='block_1_102' title="bbox 2088 4283 3672 4355">
    <p class='ocr_par' dir='ltr' id='par_1_102' title="bbox 2088 4283 3672 4355">
     <span class='ocr_line' id='line_1_102' title="bbox 2088 4283 3672 4355; baseline 0 -17"><span class='ocrx_word' id='word_1_850' title='bbox 2088 4294 2142 4338; x_wconf 86' lang='lat' dir='ltr'><strong>et</strong></span> <span class='ocrx_word' id='word_1_851' title='bbox 2169 4284 2311 4337; x_wconf 87' lang='lat' dir='ltr'><strong>illam</strong></span> <span class='ocrx_word' id='word_1_852' title='bbox 2337 4283 2598 4353; x_wconf 87' lang='lat' dir='ltr'><strong>despiciat</strong></span> <span class='ocrx_word' id='word_1_853' title='bbox 2618 4300 2812 4355; x_wconf 89' lang='lat' dir='ltr'><strong>magno</strong></span> <span class='ocrx_word' id='word_1_854' title='bbox 2828 4284 3060 4340; x_wconf 84' lang='lat' dir='ltr'><strong>afficitur</strong></span> <span class='ocrx_word' id='word_1_855' title='bbox 3081 4286 3300 4352; x_wconf 90' lang='lat' dir='ltr'><strong>damno,</strong></span> <span class='ocrx_word' id='word_1_856' title='bbox 3329 4285 3442 4339; x_wconf 88' lang='lat' dir='ltr'><strong>sive</strong></span> <span class='ocrx_word' id='word_1_857' title='bbox 3467 4301 3672 4355; x_wconf 89' lang='lat' dir='ltr'><strong>marga-</strong></span> 
     </span>
    </p>
   </div>
   <div class='ocr_carea' id='block_1_103' title="bbox 2088 4375 3679 4446">
    <p class='ocr_par' dir='ltr' id='par_1_103' title="bbox 2088 4375 3679 4446">
     <span class='ocr_line' id='line_1_103' title="bbox 2088 4375 3679 4446; baseline 0.001 -18"><span class='ocrx_word' id='word_1_858' title='bbox 2088 4375 2218 4429; x_wconf 87' lang='lat' dir='ltr'><strong>ritas</strong></span> <span class='ocrx_word' id='word_1_859' title='bbox 2237 4415 2252 4440; x_wconf 91' lang='lat'><strong>,</strong></span> <span class='ocrx_word' id='word_1_860' title='bbox 2298 4376 2411 4430; x_wconf 85' lang='lat' dir='ltr'><strong>sive</strong></span> <span class='ocrx_word' id='word_1_861' title='bbox 2441 4376 2667 4430; x_wconf 90' lang='lat' dir='ltr'><strong>uniones</strong></span> <span class='ocrx_word' id='word_1_862' title='bbox 2686 4417 2702 4442; x_wconf 92' lang='lat'><strong>,</strong></span> <span class='ocrx_word' id='word_1_863' title='bbox 2751 4377 2865 4431; x_wconf 87' lang='lat' dir='ltr'><strong>sive</strong></span> <span class='ocrx_word' id='word_1_864' title='bbox 2889 4377 3018 4446; x_wconf 91' lang='lat' dir='ltr'><strong>quid</strong></span> <span class='ocrx_word' id='word_1_865' title='bbox 3046 4377 3222 4431; x_wconf 88' lang='lat' dir='ltr'><strong>simile</strong></span> <span class='ocrx_word' id='word_1_866' title='bbox 3263 4379 3526 4445; x_wconf 81' lang='lat' dir='ltr'><strong>repererit</strong></span> <span class='ocrx_word' id='word_1_867' title='bbox 3557 4394 3569 4429; x_wconf 93' lang='lat'>:</span> <span class='ocrx_word' id='word_1_868' title='bbox 3599 4379 3679 4430; x_wconf 89' lang='lat' dir='ltr'><strong>sic</strong></span> 
     </span>
    </p>
   </div>
   <div class='ocr_carea' id='block_1_104' title="bbox 2089 4469 3675 4538">
    <p class='ocr_par' dir='ltr' id='par_1_104' title="bbox 2089 4469 3675 4538">
     <span class='ocr_line' id='line_1_104' title="bbox 2089 4469 3675 4538; baseline 0 -16"><span class='ocrx_word' id='word_1_869' title='bbox 2089 4477 2143 4522; x_wconf 93' lang='lat' dir='ltr'><strong>et</strong></span> <span class='ocrx_word' id='word_1_870' title='bbox 2186 4481 2284 4522; x_wconf 92' lang='lat' dir='ltr'><strong>nos</strong></span> <span class='ocrx_word' id='word_1_871' title='bbox 2327 4469 2370 4522; x_wconf 92' lang='lat' dir='ltr'><strong>si</strong></span> <span class='ocrx_word' id='word_1_872' title='bbox 2416 4469 2720 4538; x_wconf 86' lang='lat' dir='ltr'><strong>ignoremus</strong></span> <span class='ocrx_word' id='word_1_873' title='bbox 2763 4478 3004 4523; x_wconf 87' lang='lat' dir='ltr'><strong>naturam</strong></span> <span class='ocrx_word' id='word_1_874' title='bbox 3055 4479 3338 4535; x_wconf 84' lang='lat' dir='ltr'><strong>nostram,</strong></span> <span class='ocrx_word' id='word_1_875' title='bbox 3386 4469 3675 4523; x_wconf 87' lang='lat' dir='ltr'><strong>admodum</strong></span> 
     </span>
    </p>
   </div>
   <div class='ocr_carea' id='block_1_105' title="bbox 2090 4559 3676 4633">
    <p class='ocr_par' dir='ltr' id='par_1_105' title="bbox 2090 4559 3676 4633">
     <span class='ocr_line' id='line_1_105' title="bbox 2090 4559 3676 4633; baseline 0.003 -21"><span class='ocrx_word' id='word_1_876' title='bbox 2090 4559 2233 4612; x_wconf 90' lang='lat' dir='ltr'><strong>illam</strong></span> <span class='ocrx_word' id='word_1_877' title='bbox 2264 4559 2624 4629; x_wconf 85' lang='lat' dir='ltr'><strong>deSpiciemus</strong></span> <span class='ocrx_word' id='word_1_878' title='bbox 2648 4579 2662 4623; x_wconf 88' lang='lat'><strong>;</strong></span> <span class='ocrx_word' id='word_1_879' title='bbox 2696 4560 2741 4615; x_wconf 91' lang='lat' dir='ltr'><strong>si</strong></span> <span class='ocrx_word' id='word_1_880' title='bbox 2774 4575 2902 4615; x_wconf 90' lang='lat' dir='ltr'><strong>vero</strong></span> <span class='ocrx_word' id='word_1_881' title='bbox 2931 4576 3219 4616; x_wconf 80' lang='lat' dir='ltr'><strong>noscamus</strong></span> <span class='ocrx_word' id='word_1_882' title='bbox 3248 4560 3266 4632; x_wconf 95' lang='lat'>(</span> <span class='ocrx_word' id='word_1_883' title='bbox 3294 4560 3446 4626; x_wconf 70' lang='lat' dir='ltr'><strong>Psal.</strong></span> <span class='ocrx_word' id='word_1_884' title='bbox 3469 4562 3524 4616; x_wconf 92' lang='lat'><strong>8.</strong></span> <span class='ocrx_word' id='word_1_885' title='bbox 3553 4562 3586 4616; x_wconf 89' lang='lat'><strong><em>6</em></strong></span> <span class='ocrx_word' id='word_1_886' title='bbox 3611 4562 3632 4633; x_wconf 85' lang='lat'><strong>)</strong></span> <span class='ocrx_word' id='word_1_887' title='bbox 3663 4603 3676 4624; x_wconf 85' lang='lat'><strong>.</strong></span> 
     </span>
    </p>
   </div>
   <div class='ocr_carea' id='block_1_106' title="bbox 2089 4650 3683 4722">
    <p class='ocr_par' dir='ltr' id='par_1_106' title="bbox 2089 4650 3683 4722">
     <span class='ocr_line' id='line_1_106' title="bbox 2089 4650 3683 4722; baseline 0.001 -18"><span class='ocrx_word' id='word_1_888' title='bbox 2089 4652 2311 4705; x_wconf 91' lang='lat' dir='ltr'><strong>multum</strong></span> <span class='ocrx_word' id='word_1_889' title='bbox 2342 4650 2712 4706; x_wconf 88' lang='lat' dir='ltr'><strong>adhibebimus</strong></span> <span class='ocrx_word' id='word_1_890' title='bbox 2737 4653 2992 4718; x_wconf 92' lang='lat' dir='ltr'><strong>studium,</strong></span> <span class='ocrx_word' id='word_1_891' title='bbox 3021 4661 3340 4722; x_wconf 83' lang='lat' dir='ltr'><strong>etmaguum</strong></span> <span class='ocrx_word' id='word_1_892' title='bbox 3365 4654 3570 4706; x_wconf 89' lang='lat' dir='ltr'><strong>lucrum</strong></span> <span class='ocrx_word' id='word_1_893' title='bbox 3597 4668 3683 4706; x_wconf 87' lang='lat' dir='ltr'><strong>re-</strong></span> 
     </span>
    </p>
   </div>
   <div class='ocr_carea' id='block_1_107' title="bbox 2090 4744 3698 4814">
    <p class='ocr_par' dir='ltr' id='par_1_107' title="bbox 2090 4744 3698 4814">
     <span class='ocr_line' id='line_1_107' title="bbox 2090 4744 3698 4814; baseline 0 -16"><span class='ocrx_word' id='word_1_894' title='bbox 2090 4744 2438 4814; x_wconf 87' lang='lat' dir='ltr'><strong>portabimus.</strong></span> <span class='ocrx_word' id='word_1_895' title='bbox 2469 4745 2542 4798; x_wconf 70' lang='lat' dir='ltr'><strong>lix</strong></span> <span class='ocrx_word' id='word_1_896' title='bbox 2572 4744 2670 4798; x_wconf 85' lang='lat' dir='ltr'><strong>hac</strong></span> <span class='ocrx_word' id='word_1_897' title='bbox 2697 4745 2842 4800; x_wconf 92' lang='lat' dir='ltr'><strong>enim</strong></span> <span class='ocrx_word' id='word_1_898' title='bbox 2874 4744 3075 4813; x_wconf 88' lang='lat' dir='ltr'><strong>regium</strong></span> <span class='ocrx_word' id='word_1_899' title='bbox 3103 4744 3163 4797; x_wconf 84' lang='lat' dir='ltr'><strong>ﬁt</strong></span> <span class='ocrx_word' id='word_1_900' title='bbox 3190 4744 3590 4808; x_wconf 85' lang='lat' dir='ltr'><strong>indumentum,</strong></span> <span class='ocrx_word' id='word_1_901' title='bbox 3615 4760 3698 4798; x_wconf 74' lang='lat' dir='ltr'><strong>ex.</strong></span> 
     </span>
    </p>
   </div>
   <div class='ocr_carea' id='block_1_108' title="bbox 2091 4835 3682 4907">
    <p class='ocr_par' dir='ltr' id='par_1_108' title="bbox 2091 4835 3682 4907">
     <span class='ocr_line' id='line_1_108' title="bbox 2091 4835 3682 4907; baseline -0.001 -18"><span class='ocrx_word' id='word_1_902' title='bbox 2091 4836 2191 4890; x_wconf 88' lang='lat' dir='ltr'><strong>hac</strong></span> <span class='ocrx_word' id='word_1_903' title='bbox 2215 4835 2404 4891; x_wconf 89' lang='lat' dir='ltr'><strong>domus</strong></span> <span class='ocrx_word' id='word_1_904' title='bbox 2423 4836 2590 4906; x_wconf 88' lang='lat' dir='ltr'><strong>regia,</strong></span> <span class='ocrx_word' id='word_1_905' title='bbox 2614 4851 2678 4890; x_wconf 82' lang='lat' dir='ltr'><strong>ex</strong></span> <span class='ocrx_word' id='word_1_906' title='bbox 2712 4838 2810 4890; x_wconf 89' lang='lat' dir='ltr'><strong>hac</strong></span> <span class='ocrx_word' id='word_1_907' title='bbox 2836 4835 2982 4907; x_wconf 86' lang='lat' dir='ltr'><strong>regia</strong></span> <span class='ocrx_word' id='word_1_908' title='bbox 3009 4835 3282 4890; x_wconf 83' lang='lat' dir='ltr'><strong>membra:</strong></span> <span class='ocrx_word' id='word_1_909' title='bbox 3311 4835 3490 4890; x_wconf 88' lang='lat' dir='ltr'><strong>omnia</strong></span> <span class='ocrx_word' id='word_1_910' title='bbox 3515 4837 3682 4904; x_wconf 87' lang='lat' dir='ltr'><strong>regia.</strong></span> 
     </span>
    </p>
   </div>
   <div class='ocr_carea' id='block_1_109' title="bbox 2089 4929 3699 4986">
    <p class='ocr_par' dir='ltr' id='par_1_109' title="bbox 2089 4929 3699 4986">
     <span class='ocr_line' id='line_1_109' title="bbox 2089 4929 3699 4986; baseline 0.001 -3"><span class='ocrx_word' id='word_1_911' title='bbox 2089 4929 2166 4984; x_wconf 83' lang='lat' dir='ltr'><strong>Ne</strong></span> <span class='ocrx_word' id='word_1_912' title='bbox 2193 4938 2379 4984; x_wconf 90' lang='lat' dir='ltr'><strong>natura</strong></span> <span class='ocrx_word' id='word_1_913' title='bbox 2407 4939 2587 4985; x_wconf 88' lang='lat' dir='ltr'><strong>nostra</strong></span> <span class='ocrx_word' id='word_1_914' title='bbox 2611 4929 2895 4984; x_wconf 87' lang='lat' dir='ltr'><strong>abutamur</strong></span> <span class='ocrx_word' id='word_1_915' title='bbox 2921 4929 2974 4984; x_wconf 89' lang='lat' dir='ltr'><strong>in</strong></span> <span class='ocrx_word' id='word_1_916' title='bbox 3005 4930 3260 4984; x_wconf 91' lang='lat' dir='ltr'><strong>damnum</strong></span> <span class='ocrx_word' id='word_1_917' title='bbox 3284 4939 3548 4986; x_wconf 82' lang='lat' dir='ltr'><strong>nostrum.</strong></span> <span class='ocrx_word' id='word_1_918' title='bbox 3576 4931 3699 4984; x_wconf 70' lang='lat' dir='ltr'><strong>Nos</strong></span> 
     </span>
    </p>
   </div>
   <div class='ocr_carea' id='block_1_110' title="bbox 2090 5021 3700 5094">
    <p class='ocr_par' dir='ltr' id='par_1_110' title="bbox 2090 5021 3700 5094">
     <span class='ocr_line' id='line_1_110' title="bbox 2090 5021 3700 5094; baseline -0.001 -16"><span class='ocrx_word' id='word_1_919' title='bbox 2090 5039 2277 5093; x_wconf 89' lang='lat' dir='ltr'><strong>parum</strong></span> <span class='ocrx_word' id='word_1_920' title='bbox 2309 5023 2548 5078; x_wconf 90' lang='lat' dir='ltr'><strong>minores</strong></span> <span class='ocrx_word' id='word_1_921' title='bbox 2572 5023 2779 5094; x_wconf 86' lang='lat' dir='ltr'><strong>angelis</strong></span> <span class='ocrx_word' id='word_1_922' title='bbox 2799 5021 2960 5088; x_wconf 86' lang='lat' dir='ltr'><strong>fecit,</strong></span> <span class='ocrx_word' id='word_1_923' title='bbox 2990 5037 3057 5077; x_wconf 81' lang='lat' dir='ltr'><strong>ex</strong></span> <span class='ocrx_word' id='word_1_924' title='bbox 3083 5030 3276 5088; x_wconf 86' lang='lat' dir='ltr'><strong>morte,</strong></span> <span class='ocrx_word' id='word_1_925' title='bbox 3307 5023 3556 5092; x_wconf 86' lang='lat' dir='ltr'><strong>inquam;</strong></span> <span class='ocrx_word' id='word_1_926' title='bbox 3587 5024 3700 5077; x_wconf 38' lang='lat' dir='ltr'><strong>sed.</strong></span> 
     </span>
    </p>
   </div>
   <div class='ocr_carea' id='block_1_111' title="bbox 2088 5113 3683 5187">
    <p class='ocr_par' dir='ltr' id='par_1_111' title="bbox 2088 5113 3683 5187">
     <span class='ocr_line' id='line_1_111' title="bbox 2088 5113 3683 5187; baseline 0.001 -19"><span class='ocrx_word' id='word_1_927' title='bbox 2088 5131 2276 5187; x_wconf 86' lang='lat' dir='ltr'><strong>parum</strong></span> <span class='ocrx_word' id='word_1_928' title='bbox 2323 5115 2450 5171; x_wconf 92' lang='lat' dir='ltr'><strong>illud</strong></span> <span class='ocrx_word' id='word_1_929' title='bbox 2491 5115 2600 5186; x_wconf 87' lang='lat' dir='ltr'><strong>jam</strong></span> <span class='ocrx_word' id='word_1_930' title='bbox 2651 5115 2974 5184; x_wconf 89' lang='lat' dir='ltr'><strong>recepimus.</strong></span> <span class='ocrx_word' id='word_1_931' title='bbox 3034 5113 3178 5169; x_wconf 82' lang='lat' dir='ltr'><strong>Nihil</strong></span> <span class='ocrx_word' id='word_1_932' title='bbox 3228 5115 3388 5185; x_wconf 92' lang='lat' dir='ltr'><strong>igitur</strong></span> <span class='ocrx_word' id='word_1_933' title='bbox 3431 5115 3683 5184; x_wconf 82' lang='lat' dir='ltr'><strong>prohibet</strong></span> 
     </span>
    </p>
   </div>
   <div class='ocr_carea' id='block_1_112' title="bbox 2089 5207 3682 5278">
    <p class='ocr_par' dir='ltr' id='par_1_112' title="bbox 2089 5207 3682 5278">
     <span class='ocr_line' id='line_1_112' title="bbox 2089 5207 3682 5278; baseline -0.001 -18"><span class='ocrx_word' id='word_1_934' title='bbox 2089 5208 2378 5277; x_wconf 89' lang='lat' dir='ltr'><strong>quominus</strong></span> <span class='ocrx_word' id='word_1_935' title='bbox 2405 5209 2587 5263; x_wconf 85' lang='lat' dir='ltr'><strong>statim</strong></span> <span class='ocrx_word' id='word_1_936' title='bbox 2617 5209 2793 5278; x_wconf 90' lang='lat' dir='ltr'><strong>angeli</strong></span> <span class='ocrx_word' id='word_1_937' title='bbox 2829 5209 2999 5263; x_wconf 86' lang='lat' dir='ltr'><strong>simus</strong></span> <span class='ocrx_word' id='word_1_938' title='bbox 3023 5249 3037 5273; x_wconf 94' lang='lat'><strong>,</strong></span> <span class='ocrx_word' id='word_1_939' title='bbox 3068 5207 3113 5262; x_wconf 88' lang='lat' dir='ltr'><strong>si</strong></span> <span class='ocrx_word' id='word_1_940' title='bbox 3144 5207 3396 5262; x_wconf 80' lang='lat' dir='ltr'><strong>velimus.</strong></span> <span class='ocrx_word' id='word_1_941' title='bbox 3441 5207 3682 5262; x_wconf 76' lang='lat' dir='ltr'><strong>Velimus</strong></span> 
     </span>
    </p>
   </div>
   <div class='ocr_carea' id='block_1_113' title="bbox 2089 5299 3680 5371">
    <p class='ocr_par' dir='ltr' id='par_1_113' title="bbox 2089 5299 3680 5371">
     <span class='ocr_line' id='line_1_113' title="bbox 2089 5299 3680 5371; baseline -0.001 -16"><span class='ocrx_word' id='word_1_942' title='bbox 2089 5317 2252 5371; x_wconf 89' lang='lat' dir='ltr'><strong>ergo,</strong></span> <span class='ocrx_word' id='word_1_943' title='bbox 2299 5301 2564 5364; x_wconf 87' lang='lat' dir='ltr'><strong>velimus,</strong></span> <span class='ocrx_word' id='word_1_944' title='bbox 2615 5312 2669 5356; x_wconf 88' lang='lat' dir='ltr'><strong>et</strong></span> <span class='ocrx_word' id='word_1_945' title='bbox 2715 5317 2813 5356; x_wconf 88' lang='lat' dir='ltr'><strong>nos</strong></span> <span class='ocrx_word' id='word_1_946' title='bbox 2864 5302 3010 5371; x_wconf 89' lang='lat' dir='ltr'><strong>ipsos</strong></span> <span class='ocrx_word' id='word_1_947' title='bbox 3047 5301 3409 5356; x_wconf 83' lang='lat' dir='ltr'><strong>exercitantcs</strong></span> <span class='ocrx_word' id='word_1_948' title='bbox 3452 5299 3680 5367; x_wconf 84' lang='lat' dir='ltr'><strong>gloriam</strong></span> 
     </span>
    </p>
   </div>
   <div class='ocr_carea' id='block_1_114' title="bbox 2091 5376 3682 5462">
    <p class='ocr_par' dir='ltr' id='par_1_114' title="bbox 2091 5376 3682 5462">
     <span class='ocr_line' id='line_1_114' title="bbox 2091 5376 3682 5462; baseline -0.001 -14"><span class='ocrx_word' id='word_1_949' title='bbox 2091 5393 2386 5449; x_wconf 85' lang='lat' dir='ltr'><strong>referamus</strong></span> <span class='ocrx_word' id='word_1_950' title='bbox 2423 5393 2564 5449; x_wconf 84' lang='lat' dir='ltr'><strong>Patri</strong></span> <span class='ocrx_word' id='word_1_951' title='bbox 2596 5403 2650 5448; x_wconf 91' lang='lat' dir='ltr'><strong>ct</strong></span> <span class='ocrx_word' id='word_1_952' title='bbox 2675 5394 2813 5449; x_wconf 84' lang='lat' dir='ltr'><strong>Filio</strong></span> <span class='ocrx_word' id='word_1_953' title='bbox 2856 5376 3161 5462; x_wconf 49' lang='lat' dir='ltr'><strong>etSpiritui</strong></span> <span class='ocrx_word' id='word_1_954' title='bbox 3201 5403 3424 5456; x_wconf 83' lang='lat' dir='ltr'><strong>sancto,</strong></span> <span class='ocrx_word' id='word_1_955' title='bbox 3458 5408 3599 5445; x_wconf 83' lang='lat' dir='ltr'><strong>nunc</strong></span> <span class='ocrx_word' id='word_1_956' title='bbox 3626 5402 3682 5447; x_wconf 83' lang='lat' dir='ltr'><strong>et</strong></span> 
     </span>
    </p>
   </div>
   <div class='ocr_carea' id='block_1_115' title="bbox 2090 5485 3310 5558">
    <p class='ocr_par' dir='ltr' id='par_1_115' title="bbox 2090 5485 3310 5558">
     <span class='ocr_line' id='line_1_115' title="bbox 2090 5485 3310 5558; baseline -0.002 -18"><span class='ocrx_word' id='word_1_957' title='bbox 2090 5501 2324 5558; x_wconf 84' lang='lat' dir='ltr'><strong>semper,</strong></span> <span class='ocrx_word' id='word_1_958' title='bbox 2353 5496 2408 5544; x_wconf 92' lang='lat' dir='ltr'><strong>et</strong></span> <span class='ocrx_word' id='word_1_959' title='bbox 2436 5488 2487 5542; x_wconf 92' lang='lat' dir='ltr'><strong>in</strong></span> <span class='ocrx_word' id='word_1_960' title='bbox 2518 5488 2712 5542; x_wconf 66' lang='lat' dir='ltr'><strong>satcula</strong></span> <span class='ocrx_word' id='word_1_961' title='bbox 2741 5485 3080 5542; x_wconf 64' lang='lat' dir='ltr'><strong>seculorum.</strong></span> <span class='ocrx_word' id='word_1_962' title='bbox 3114 5486 3310 5539; x_wconf 76' lang='lat' dir='ltr'><strong>Amen.</strong></span> 
     </span>
    </p>
   </div>
   <div class='ocr_carea' id='block_1_116' title="bbox 2157 5615 3691 5681">
    <p class='ocr_par' dir='ltr' id='par_1_116' title="bbox 2157 5615 3691 5681">
     <span class='ocr_line' id='line_1_116' title="bbox 2157 5615 3691 5681; baseline -0.002 -11"><span class='ocrx_word' id='word_1_963' title='bbox 2157 5630 2171 5653; x_wconf 80' lang='grc' dir='ltr'><strong><em>ι</em></strong></span> <span class='ocrx_word' id='word_1_964' title='bbox 2209 5623 2372 5673; x_wconf 80' lang='lat' dir='ltr'><strong>Morel.</strong></span> <span class='ocrx_word' id='word_1_965' title='bbox 2397 5621 2538 5681; x_wconf 76' lang='lat' dir='ltr'><strong>legit,</strong></span> <span class='ocrx_word' id='word_1_966' title='bbox 2564 5625 2610 5670; x_wconf 84' lang='lat' dir='ltr'><strong>et</strong></span> <span class='ocrx_word' id='word_1_967' title='bbox 2631 5628 2758 5669; x_wconf 77' lang='lat' dir='ltr'><strong>Deus</strong></span> <span class='ocrx_word' id='word_1_968' title='bbox 2781 5617 3004 5681; x_wconf 71' lang='lat' dir='ltr'><strong>ethomo,</strong></span> <span class='ocrx_word' id='word_1_969' title='bbox 3028 5615 3158 5668; x_wconf 83' lang='lat' dir='ltr'><strong>male</strong></span> <span class='ocrx_word' id='word_1_970' title='bbox 3183 5630 3198 5668; x_wconf 86' lang='lat'><strong><em>:</em></strong></span> <span class='ocrx_word' id='word_1_971' title='bbox 3225 5629 3356 5675; x_wconf 85' lang='lat' dir='ltr'><strong>nam,</strong></span> <span class='ocrx_word' id='word_1_972' title='bbox 3381 5622 3436 5668; x_wconf 89' lang='lat' dir='ltr'><strong>ut</strong></span> <span class='ocrx_word' id='word_1_973' title='bbox 3459 5628 3691 5669; x_wconf 60' lang='lat' dir='ltr'><strong>ensem.</strong></span> 
     </span>
    </p>
   </div>
   <div class='ocr_carea' id='block_1_117' title="bbox 2092 5678 2917 5747">
    <p class='ocr_par' dir='ltr' id='par_1_117' title="bbox 2092 5678 2917 5747">
     <span class='ocr_line' id='line_1_117' title="bbox 2092 5678 2917 5747; baseline -0.004 -17"><span class='ocrx_word' id='word_1_974' title='bbox 2092 5681 2268 5747; x_wconf 79' lang='lat' dir='ltr'><strong>liquet,</strong></span> <span class='ocrx_word' id='word_1_975' title='bbox 2291 5678 2556 5746; x_wconf 82' lang='lat' dir='ltr'><strong>legendum</strong></span> <span class='ocrx_word' id='word_1_976' title='bbox 2582 5688 2680 5741; x_wconf 83' lang='lat' dir='ltr'><strong>est,</strong></span> <span class='ocrx_word' id='word_1_977' title='bbox 2704 5678 2917 5744; x_wconf 79' lang='lat' dir='ltr'><strong>angelus.</strong></span> 
     </span>
    </p>
   </div>
  </div>
