4112 6432
498 361 607 426 959

1502 476 1774 489 ___.__.__

1198 353 1257 413 5.
1298 350 1575 412 JOANNIS
1613 347 2079 407 CIIRYSOSTOMI
2119 345 2440 401 AllClllEP.
2480 344 3013 407 CONSTANTINOP.

1794 472 2098 483 .____—_——

3699 357 3800 419 Ξιο

1789 535 2133 597 HOMILIA
2183 534 2483 597 XXXIII.

483 694 614 749 Car.
658 693 745 750 15.
786 708 839 744 v.
884 691 972 745 15.
1030 687 1096 743 Et
1138 698 1405 758 postquam
1455 689 1757 744 tacuerunt,
1814 677 2081 747 respondit

550 785 797 847 Iacobus,
820 783 994 836 dicens
1018 798 1035 836 :
1069 780 1174 834 Viri
1195 783 1399 852 fratres,
1423 778 1597 830 audite
1618 792 1713 827 me.
1737 774 1824 827 Η.
1866 771 2075 827 Simeon

553 877 777 930 narravit
802 876 1055 947 quomodo
1084 875 1302 943 primum
1331 872 1468 925 Dens
1494 869 1708 923 visitavit
1733 908 1749 932 ,
1776 876 1829 919 ut
1855 874 2076 918 sumeret

551 987 616 1024 ex
634 970 864 1041 gentibus
891 969 1135 1039 papulum
1158 967 1210 1019 in
1236 966 1439 1019 nomine
1458 980 1569 1017 suo.
1602 963 1690 1015 15.
1719 960 1783 1013 Et
1810 960 1927 1011 huic
1949 974 2072 1011 ron-

553 1073 741 1115 sonant
767 1076 1020 1115 sermones
1049 1058 1432 1126 prophetarum.

551 1155 605 1205 l.
649 1153 742 1205 llic
768 1152 1052 1220 episcopus
1078 1157 1195 1203 erat
1223 1148 1273 1201 in
1300 1145 1748 1217 Jerosolymitana
1789 1142 2028 1196 Ecclesia
2057 1156 2069 1192 :

476 1242 705 1312 ideoque
754 1250 1058 1310 postremus
1105 1239 1341 1308 loquitur
1370 1255 1383 1291 :
1416 1248 1467 1292 et
1510 1236 1764 1304 impletur
1804 1232 1932 1287 illud
1963 1250 1974 1282 :
2005 1229 2071 1283 In

476 1349 563 1386 ore
585 1332 802 1386 duorum
823 1330 901 1386 vel
921 1331 1077 1383 trium
1099 1329 1297 1384 testium
1319 1330 1468 1382 stabit
1492 1344 1640 1381 omne
1660 1326 1863 1389 verbum
1889 1322 2067 1392 (Deut.

480 1423 564 1477 Π.
593 1422 676 1493 ὃ).
704 1420 836 1477 Vide
858 1433 1036 1476 autent
1061 1430 1116 1475 ct
1143 1418 1299 1489 hujus
1322 1418 1678 1489 prudentiam,
1710 1416 1801 1487 qui
1827 1432 1890 1469 ex
1921 1414 2071 1468 nuvis

474 1528 527 1570 et
553 1531 621 1571 ex
648 1516 915 1570 veteribus
943 1512 1217 1584 prophetis
1239 1513 1562 1567 sententiam
1588 1526 1738 1564 suam
1765 1507 2067 1562 confirmat.

474 1608 590 1661 Non
617 1608 763 1661 enim
792 1615 998 1674 poterat
1026 1604 1244 1675 aliquod
1272 1618 1410 1673 Opus
1432 1602 1722 1657 ostendere
1750 1609 1806 1654 ut
1838 1600 2027 1654 Petrus
2048 1639 2064 1664 ,

474 1710 532 1754 ut
560 1700 773 1754 Paulus.
805 1698 874 1753 Et
898 1699 1035 1753 bene
1064 1698 1337 1767 provisum
1366 1705 1450 1751 est
1475 1738 1488 1759 ,
1518 1704 1575 1749 ut
1601 1694 1669 1749 ab
1700 1693 1804 1747 illis
1832 1692 1946 1746 hinc
1969 1691 2066 1745 lie-

475 1802 597 1845 rent
619 1832 634 1856 ,
678 1791 769 1860 qui
802 1805 909 1845 non
940 1789 1227 1844 liabitaturi
1256 1796 1412 1842 erant
1436 1785 1826 1857 Jerosolymis;
1854 1794 1909 1837 et
1940 1782 2023 1835 hic
2047 1821 2063 1845 ,

470 1883 561 1952 qui
601 1882 1081 1952 Jerosolymitanos
1121 1879 1389 1943 docebat,
1425 1892 1524 1932 nec
1549 1877 1819 1931 obnoxius
1850 1875 1954 1927 illis
1981 1888 2068 1927 cs-

468 1982 557 2025 set
581 2013 597 2035 ,
639 1988 740 2029 nee
766 1973 980 2028 illorum
1010 1973 1289 2027 sententia:
1316 1969 1618 2041 Oppositus.
1648 1967 1719 2021 Et
1749 1966 1873 2037 quid
1900 1966 2066 2020 dicit?

484 2064 589 2118 Viri
616 2067 822 2137 fratres,
854 2067 1029 2121 assidite
1054 2082 1151 2119 me.
1185 2064 1410 2135 ngeon
1440 2064 1686 2116 narravit.
1727 2059 1952 2126 Quidam
1980 2058 2066 2111 di-

475 2166 604 2212 cunt
643 2159 784 2212 hunc
812 2158 959 2213 illum
988 2173 1109 2213 esse
1132 2199 1144 2217 ,
1190 2158 1279 2227 qui
1322 2172 1353 2210 a
1393 2156 1534 2210 Luca
1564 2163 1932 2215 memoratur,
1975 2152 2062 2204 alii

377 2272 383 2277 ·
468 2250 634 2305 alium
659 2251 1055 2320 cognominem.
1097 2250 1221 2305 Sive
1251 2249 1366 2313 hic,
1400 2248 1512 2301 sive
1541 2246 1631 2301 ille
1659 2247 1759 2307 sit,
1793 2262 1896 2298 non
1926 2244 2064 2298 ulte~

468 2342 582 2397 rius
605 2341 1008 2411 inquirendum,
1039 2340 1133 2396 sed
1161 2357 1223 2396 ea
1251 2357 1369 2411 qua!
1396 2340 1526 2394 dicit
1554 2348 1610 2392 ut
1636 2338 1941 2393 necessaria
1968 2352 2063 2390 ex-

468 2433 711 2503 cipienda
750 2442 909 2493 sunt.
950 2433 1058 2486 Viri
1096 2438 1302 2503 fratres,
1349 2432 1539 2502 inquit.
1582 2431 1769 2500 Magna
1814 2430 1911 2482 viri
1942 2444 2058 2482 mo-

466 2522 676 2586 destia,
722 2532 776 2578 et
803 2523 1092 2593 perfectior
1130 2534 1209 2577 est
1260 2523 1375 2577 lure
1420 2524 1610 2577 concio
1637 2562 1651 2587 ,
1696 2536 1813 2590 qua!
1858 2519 2064 2573 scilicet

470 2613 631 2667 ﬁnem
660 2613 822 2668 rebus
845 2616 1103 2683 imponat.
1139 2615 1405 2681 Quomodo
1436 2616 1655 2683 primum
1686 2612 1823 2666 Deus
1844 2612 2062 2665 visitarit

464 2716 521 2758 ut
541 2715 758 2759 sumeret
784 2723 847 2760 ea:
874 2707 1104 2775 gentibus
1136 2706 1383 2776 papulum
1414 2707 1615 2759 nomine
1642 2706 1800 2759 illius.
1846 2704 1911 2756 Et
1940 2704 2061 2757 Imic

462 2808 741 2851 consonant
765 2814 1017 2851 sermones
1047 2798 1431 2867 prapltetarum.
1476 2797 1609 2864 Quia
1640 2796 1731 2850 ille
1757 2812 1786 2848 a
1817 2804 2061 2863 tempore

466 2898 623 2944 uetus
648 2899 785 2956 erat,
816 2906 916 2944 nec
944 2889 1048 2943 lide
1074 2889 1269 2959 dignus
1295 2888 1612 2952 habebatur,
1644 2887 1785 2956 quod
1811 2888 2061 2956 antiquus

467 2999 571 3037 non
584 2995 750 3050 esset,
767 2994 1002 3039 veterem
1020 2998 1233 3053 quoque
1258 2983 1591 3053 prephetiam
1609 2981 1831 3045 inducit,
1852 2981 2056 3033 dicens:

467 3075 614 3130 Sicut
641 3077 885 3146 scriptum
912 3086 984 3128 est
1012 3090 1031 3130 :
1063 3074 1150 3129 l6.
1181 3073 1368 3129 Postea
1397 3084 1637 3138 revertar,
1667 3083 1716 3127 et
1741 3072 2061 3140 reredi/icabo

465 3169 845 3221 tabernaculum
876 3167 1043 3221 David
1067 3168 1202 3237 quod
1228 3166 1439 3233 decidit,
1470 3179 1518 3221 et
1540 3168 1730 3237 erigant
1760 3165 1892 3219 illud
1920 3180 1939 3219 :
1965 3166 2056 3220 I7.

465 3269 519 3312 ut
548 3260 806 3329 requirant
828 3260 996 3313 caueri
1015 3260 1276 3313 hominum
1302 3259 1577 3312 Dominum
1599 3266 1644 3311 et
1671 3274 1843 3311 omnes
1863 3266 2054 3327 gentes,

464 3369 615 3422 super
643 3369 767 3423 quas
796 3354 1080 3407 invocatum
1106 3362 1180 3407 est
1206 3368 1385 3407 nomen
1414 3368 1599 3417 meum,
1631 3352 1756 3404 dicit
1780 3350 2055 3417 Dominus,

467 3444 553 3511 qui
602 3443 727 3514 facit
754 3444 861 3498 lucc
901 3444 1076 3497 omnia
1116 3444 1136 3515 (
1156 3444 1311 3497 Amos
1339 3443 1391 3497 9.
1438 3445 1494 3497 Il
1525 3443 1565 3514 ).
1603 3442 1739 3509 Quid
1773 3442 1948 3512 ergo?
1990 3457 2057 3495 an

465 3544 644 3588 erecta
669 3544 751 3589 est
772 3534 1145 3607 .lerosolyma?
1181 3551 1358 3590 annon
1389 3535 1565 3605 potius
1585 3535 1759 3589 diruta
1788 3534 1883 3588 fuit
1905 3535 1928 3588 ?
1952 3533 2058 3589 Sed

472 3642 575 3680 non
607 3628 689 3682 liis
712 3628 781 3683 de
825 3627 987 3682 rebus
1025 3629 1139 3697 ipse
1176 3629 1429 3699 loquitur.
1474 3628 1537 3681 Et
1575 3644 1733 3696 quam
1778 3626 1906 3681 dicit
1940 3641 2061 3680 ere-

468 3720 699 3775 eti0iient
717 3721 741 3773 ?
759 3720 890 3775 Eam
910 3737 1030 3792 qum
1045 3730 1164 3791 post
1186 3722 1531 3793 Babylonem.
1557 3722 1641 3775 l8.
1671 3720 1810 3774 Nota
1828 3739 1858 3774 a
1873 3724 2060 3775 stcculo

468 3822 585 3866 sunt
617 3811 725 3865 Deo
749 3814 920 3866 omnia
946 3829 1100 3882 Opera
1126 3830 1241 3867 sua.
1288 3814 1490 3865 Deinde
1514 3830 1673 3881 quam
1718 3812 1823 3866 ﬁde
1862 3813 2057 3883 dignus

470 3920 650 3959 sermo
673 3906 745 3959 sit
780 3905 971 3970 innuit,
1020 3906 1144 3974 quia
1184 3905 1317 3960 nihil
1366 3922 1604 3971 novum,
1654 3906 1748 3961 sed
1793 3907 1861 3960 ab
1906 3908 2057 3961 initio

470 3996 651 4050 oninia
674 3998 967 4065 praestituta
984 4008 1129 4051 sunt.
1146 3997 1399 4067 Sequitur
1418 3999 1705 4051 sententia.
1723 3998 1811 4052 19.
1839 3999 2060 4068 Propter

470 4088 604 4157 quod
643 4104 733 4158 ego
760 4088 944 4158 judico
969 4130 983 4149 ,
1027 4104 1127 4142 non
1156 4088 1427 4158 inquietari
1452 4105 1567 4154 eos,
1611 4090 1697 4158 qui
1725 4106 1787 4142 ea:
1827 4090 2059 4160 gentibus

470 4187 828 4233 convertuntur
851 4179 919 4233 ad
941 4177 1131 4246 Deum,
1161 4177 1252 4234 20.
1283 4179 1371 4233 sed
1392 4178 1607 4233 scribere
1632 4181 1706 4233 ad
1727 4196 1831 4243 eos,
1862 4190 1917 4233 ut
1944 4180 2060 4234 abs-

471 4274 661 4327 tineant
701 4289 756 4327 se
790 4290 823 4327 a
859 4274 1372 4328 contaminatiouibus
1408 4274 1798 4327 simulacrorum
1818 4288 1868 4327 et
1895 4274 2059 4345 forni-

470 4367 667 4419 catione
692 4376 739 4419 et
760 4366 1011 4434 suﬂ'ocato
1032 4376 1078 4421 et
1099 4368 1365 4437 sanguine.
1383 4367 1475 4421 21.
1502 4366 1705 4438 Moyses
1731 4368 1862 4421 enim
1884 4385 1914 4419 a
1936 4378 2061 4421 tem-

471 4459 675 4527 poribus
694 4459 912 4528 antiquis
934 4476 1023 4529 per
1048 4477 1220 4514 omnes
1247 4461 1471 4514 civitates
1496 4461 1643 4515 habet
1663 4462 1751 4531 qui
1779 4462 2058 4531 pradicent

469 4565 584 4602 eum
610 4550 661 4601 in
688 4552 979 4621 synagogis,
1007 4551 1094 4604 ubi
1114 4568 1203 4622 per
1227 4568 1376 4605 omne
1398 4551 1663 4605 sabbatum
1692 4554 1893 4623 legitur.
1924 4554 2058 4619 Quia

470 4640 545 4696 i'li
580 4657 684 4694 nou
714 4640 997 4697 audierant
1034 4642 1102 4697 de
1144 4643 1260 4713 lege
1284 4685 1299 4709 ,
1334 4643 1527 4698 merito
1563 4644 1676 4697 lucc
1719 4644 1947 4714 imperat
1989 4646 2059 4699 de

469 4735 619 4805 lege,
668 4751 737 4791 ne
774 4736 1016 4790 videatur
1042 4736 1186 4790 illam
1218 4738 1501 4808 abrogare.
1547 4739 1612 4791 Et
1638 4738 1758 4792 vide
1787 4739 2059 4809 quomodo

470 4841 577 4882 non
614 4830 755 4881 sinat
795 4842 889 4881 eos
937 4828 1052 4882 lucc
1096 4845 1160 4883 ex
1207 4829 1322 4897 lege
1348 4830 1569 4895 audire,
1614 4830 1708 4885 sed
1741 4846 1804 4885 ex
1837 4832 2015 4901 scipso
2043 4874 2055 4896 ,

468 4917 656 4970 dicens
678 4959 691 4979 ,
720 4917 906 4973 Iudico
932 4937 1061 4989 ego;
1091 4922 1143 4976 td
1174 4930 1256 4974 cst
1278 4962 1293 4987 ,
1321 4937 1350 4974 a
1382 4922 1587 4990 meipso
1612 4964 1630 4989 ,
1659 4938 1762 4975 non
1796 4941 1920 4994 quia
1954 4941 2059 4976 au-

468 5011 578 5066 divi
607 5027 670 5066 ex
699 5012 834 5081 lege.
870 5014 1088 5067 Demum
1114 5029 1398 5069 contmnne
1424 5015 1615 5085 dogma
1641 5017 1930 5085 profertur.
1960 5018 2052 5071 2:2.

473 5103 620 5158 Tunc
648 5104 840 5174 placuit
866 5108 1112 5173 apostolis
1136 5117 1183 5160 ct
1208 5109 1491 5163 senioribus
1528 5120 1573 5162 ct
1613 5112 1750 5163 omni
1777 5110 2019 5166 Ecclesiae
2042 5155 2055 5177 ,

468 5198 653 5267 eligere
690 5197 826 5251 viros
854 5214 916 5251 eo;
943 5199 1045 5263 eis,
1095 5209 1143 5252 et
1174 5200 1368 5253 mittere
1396 5201 1718 5255 Antiochiam
1744 5220 1856 5257 cum
1894 5203 2059 5257 Paulo

468 5304 514 5345 et
544 5290 785 5346 Barnaba
811 5291 843 5345 Ι
852 5293 1004 5345 udam
1026 5334 1041 5357 ,
1089 5294 1178 5364 qui
1201 5296 1655 5365 cognominabatur
1677 5294 1935 5351 Barsabas
1955 5339 1969 5360 ,
2012 5307 2059 5350 et

471 5385 661 5449 Silam,
689 5386 823 5439 viros
846 5387 1034 5454 primos
1054 5362 1109 5438 iu
1132 5362 1399 5458 fraﬁibus,
1422 5389 1511 5443 95.
1536 5390 1814 5443 scribentes
1836 5407 1926 5457 per
1951 5407 2062 5442 ma.

470 5492 593 5528 num
623 5492 794 5529 eorum
825 5476 954 5531 Ιιωε.
1000 5477 1132 5531 Vide
1162 5479 1284 5531 illos
1310 5496 1414 5532 non
1449 5488 1650 5533 temere
1680 5480 1763 5531 illa
1796 5489 2057 5544 statuere;

473 5566 565 5621 sed
595 5576 653 5619 ut
681 5569 944 5621 sententia
979 5568 1081 5623 fide
1110 5568 1269 5637 digna
1301 5570 1407 5633 sit,
1439 5571 1655 5623 mittunt
1686 5570 1785 5624 hos
1817 5586 1845 5623 a
1878 5586 1970 5636 se,
2007 5582 2063 5625 ut

473 5656 708 5723 suSpccti
738 5671 846 5709 non
876 5670 1060 5713 essent
1092 5658 1288 5713 Paulus
1316 5670 1370 5715 et
1398 5661 1593 5715 socius.
1640 5661 1703 5715 Et
1742 5662 1865 5716 vide
1901 5677 2059 5731 quam

470 5745 706 5813 graviter
737 5746 857 5799 illos
884 5750 1229 5819 ohjurgantes
1256 5753 1493 5808 scribant
1521 5771 1531 5806 :
1561 5755 1812 5823 Apostoli,
1841 5757 2060 5812 seniores

2182 687 2228 731 et
2254 678 2435 744 fratres
2461 680 2522 731 iis
2546 722 2560 741 ,
2590 683 2676 750 qui
2700 693 2817 735 sunt
2845 682 3145 746 Antiochia,
3173 687 3225 739 in
3255 689 3423 756 Syria
3454 700 3501 741 et
3531 692 3581 743 in
3620 689 3789 746 Cilicia

2182 770 2426 835 fratribus
2453 774 2539 840 qui
2565 790 2627 827 ex
2662 776 2892 844 gentibus
2917 821 2930 840 ,
2979 781 3214 833 salutem.
3250 779 3343 834 ει.
3396 782 3661 849 Quoniam
3703 803 3794 840 an-

2180 861 2397 915 divimus
2420 864 2541 932 quia
2570 866 2776 933 quidam
2814 883 2879 920 ex
2918 869 3060 921 nobis
3104 870 3439 925 turbaverunt
3471 890 3579 933 vos.
3626 877 3784 932 verbis

2181 963 2450 1007 evertentes
2490 957 2691 1011 animas
2720 969 2908 1012 vestras
2930 1002 2943 1024 ,
2977 959 3199 1015 dicentes
3228 972 3279 1014 ut
3333 965 3781 1021 circumcitlaminl

2178 1056 2225 1097 et
2253 1047 2457 1100 servetis
2492 1048 2681 1118 legem,
2735 1052 2915 1121 quibus
2936 1070 3036 1107 non
3064 1056 3447 1112 mandavimus.
3494 1059 3783 1118 Sufficiens

2177 1145 2292 1190 erat
2323 1138 2593 1194 accusatio
2620 1143 2935 1197 temeritatis
2963 1145 3196 1211 illorum,
3233 1158 3287 1200 et
3318 1148 3483 1217 digna
3510 1155 3779 1219 apostolo-

2178 1241 2295 1279 rmn
2318 1230 2582 1298 :equitate,
2632 1232 2763 1286 nihil
2808 1234 2980 1302 majus
3016 1236 3151 1289 ultra
3174 1237 3499 1292 dicentium.
3528 1242 3614 1296 25.
3649 1242 3778 1296 Pla-

2175 1318 2281 1371 cuit
2312 1321 2457 1373 nobis
2502 1322 2725 1376 collectis
2752 1325 2803 1376 in
2848 1342 3005 1377 unum
3033 1327 3215 1397 eligere
3246 1330 3387 1382 viros
3418 1342 3461 1381 et
3488 1333 3676 1385 mittere
3702 1336 3771 1388 ad

2176 1426 2282 1473 ros,
2311 1428 2423 1464 cum
2449 1415 2725 1468 carissimis
2755 1418 2940 1470 nostris
2968 1416 3208 1471 Barnaba
3234 1432 3280 1472 et
3311 1420 3505 1483 Paulo,
3531 1422 3615 1477 96.
3646 1426 3764 1478 viris

2172 1507 2264 1569 qm’
2280 1504 2591 1558 tradiderunt
2614 1508 2809 1560 animas
2841 1525 2960 1561 suas
2988 1526 3082 1577 pro
3115 1512 3322 1564 nomine
3363 1511 3570 1565 Domini
3614 1518 3765 1567 nostri

2180 1595 2305 1649 Jesu
2322 1596 2529 1651 Christi.
2553 1599 2734 1671 Itaque
2753 1602 3074 1668 ostenditur,
3096 1618 3201 1657 nou
3222 1606 3511 1674 tyrannice
3540 1623 3649 1659 rem
3668 1609 3767 1676 agi,

2172 1689 2421 1743 omnibus
2442 1689 2555 1745 huic
2577 1692 2807 1761 placere.
2827 1705 2881 1748 et
2903 1694 3020 1749 hare
3031 1710 3150 1750 cum
3170 1696 3574 1753 deliberatione
3596 1700 3773 1766 scribi,

2172 1779 2408 1845 Eiectos,
2440 1782 2703 1851 inquiunt,
2734 1787 2875 1840 viros
2897 1802 2958 1839 es
2986 1787 3160 1841 nobis.
3194 1787 3405 1843 Deinde
3431 1806 3500 1844 ne
3534 1791 3778 1845 videatur

2170 1889 2235 1927 ex
2265 1874 2529 1929 calumnia
2559 1876 2704 1929 Pauli
2736 1889 2788 1932 et
2820 1878 3077 1933 Barnaba:
3113 1880 3233 1934 illos
3268 1882 3411 1935 mitti
3439 1923 3453 1945 ,
3509 1883 3777 1951 perpende

2172 1965 2354 2020 laudes
2382 1966 2618 2037 ipsorum
2654 1986 2666 2021 :
2706 1966 2860 2033 Viris,
2891 1969 3157 2038 inquiunt,
3187 1972 3275 2041 qui
3301 1974 3636 2026 tradiderunt
3661 1975 3775 2026 ani-

2171 2076 2280 2112 mas
2307 2076 2426 2113 suas
2457 2076 2550 2130 pro
2579 2062 2781 2116 nomine
2813 2062 3022 2115 Domini
3049 2065 3208 2118 nostri
3236 2064 3369 2119 Jesu
3421 2067 3637 2121 Christi.
3678 2068 3769 2122 27.

2172 2149 2405 2205 Misimus
2434 2168 2554 2222 ergo
2581 2151 2613 2204 ,Ι
2621 2152 2773 2204 udam
2803 2162 2852 2206 et
2881 2154 3045 2207 Silam
3069 2195 3084 2220 ,
3119 2157 3208 2224 qui
3238 2166 3284 2211 et
3314 2159 3422 2226 ipsi
3454 2159 3595 2212 vobis
3621 2160 3779 2213 verbis

2169 2247 2384 2312 referent
2413 2244 2606 2297 eadem.
2635 2243 2724 2299 28.
2784 2243 2957 2299 Visum
2988 2256 3064 2299 est
3094 2248 3226 2300 enim
3261 2249 3491 2319 Spiritui
3519 2261 3697 2304 sancto
3727 2260 3775 2303 et

2167 2334 2327 2387 nobis.
2370 2334 2511 2388 Nihil
2538 2350 2667 2404 ergo
2699 2335 2987 2389 humanum
3011 2379 3024 2399 ,
3056 2338 3099 2390 si
3127 2337 3361 2407 Spiritus
3393 2341 3513 2394 lucc
3544 2351 3769 2396 statuat.

2170 2426 2321 2481 Niliil
2349 2428 2486 2480 ultra
2514 2428 2708 2497 imponi
2740 2430 2876 2483 vobis
2903 2431 3088 2484 oneris.
3136 2430 3372 2485 Rursum
3404 2449 3547 2488 onus
3580 2444 3770 2488 vocant

2168 2518 2360 2589 legem.
2387 2519 2524 2574 Ilinc
2550 2521 2615 2573 de
2644 2520 2751 2574 illis
2780 2521 2907 2588 ipsis
2936 2521 3196 2575 rationem
3228 2523 3487 2578 reddunt.
3526 2525 3643 2578 Nisi
3667 2527 3772 2577 Iure

2166 2611 2469 2677 necessaria,
2524 2611 2615 2667 29.
2677 2623 2731 2665 ut
2785 2612 3077 2665 abstineatis
3129 2629 3215 2667 vos
3268 2616 3332 2667 ab
3393 2617 3673 2669 inunolatis
3704 2616 3774 2667 si-

2164 2703 2521 2757 mulacrorum
2600 2712 2645 2756 et
2691 2702 2941 2768 suﬁ’ocato
2969 2713 3013 2756 et
3039 2705 3375 2776 fornicatione
3404 2715 3451 2761 et
3482 2708 3734 2777 sanguine
3754 2749 3768 2771 ,

2164 2810 2196 2846 α
2220 2794 2400 2863 quibus
2419 2795 2754 2848 custodientes
2776 2811 2881 2859 vos,
2898 2798 3018 2849 bene
3036 2797 3217 2865 agetis.
3241 2797 3368 2852 [Lee
3384 2816 3521 2853 nova
3551 2800 3634 2854 lex
3668 2816 3767 2852 non

2166 2887 2404 2957 prmcipit
2434 2902 2448 2938 :
2493 2902 2752 2955 nusquam
2784 2890 2926 2941 enim
2956 2888 3022 2943 de
3054 2889 3135 2943 his
3168 2891 3424 2959 loquutus
3471 2902 3555 2947 est
3597 2892 3752 2947 Chri-

2164 2989 2300 3040 stus;
2327 2978 2421 3033 sed
2449 2993 2477 3030 a
2504 2979 2619 3048 lege
2649 2978 2763 3033 hate
2787 2992 3023 3033 smnnnt.
3050 2981 3119 3035 Et
3144 2982 3421 3049 stt/focale,
3455 2987 3644 3055 inquit.
3678 2985 3767 3040 llic

2165 3070 2368 3125 etndem
2393 3071 2629 3125 cohibet.
2682 3072 2769 3125 '50.
2818 3071 2909 3125 Illi
2937 3090 3055 3143 ergo
3082 3074 3281 3129 dimissi
3307 3088 3559 3131 venerunt
3587 3078 3737 3129 Antio
3757 3106 3769 3115 -

2164 3162 2329 3215 cliiam
2351 3202 2365 3225 ,
2397 3172 2441 3216 et
2466 3174 2771 3232 congregata
2808 3164 3130 3218 multitudine
3155 3207 3169 3229 ,
3226 3166 3561 3221 tradiderunt
3588 3169 3771 3236 episto-

2165 3254 2288 3307 lam.
2317 3254 2405 3307 5i.
2441 3254 2603 3320 Quam
2628 3254 3027 3325 cum'legissent,
3056 3258 3217 3327 gavisi
3242 3269 3361 3311 sunt
3398 3276 3566 3330 super
3592 3276 3771 3311 conso-

2165 3346 2369 3401 latione.
2422 3346 2613 3401 Postca
2657 3358 2714 3401 ut
2743 3348 2992 3403 ostendat
3030 3351 3302 3419 quomodo
3346 3352 3479 3407 illos
3510 3352 3767 3407 consolati

2164 3441 2265 3494 sint
2289 3481 2303 3505 ,
2346 3440 2525 3494 subdit
2558 3459 2570 3494 :
2604 3441 2690 3495 59..
2742 3440 2911 3494 Iudas
2940 3454 3109 3497 autem
3133 3454 3179 3497 et
3204 3444 3346 3498 Silas
3371 3486 3386 3507 ,
3444 3457 3491 3499 et
3531 3447 3631 3517 ipsi
3656 3462 3765 3498 cum

2164 3544 2324 3586 essent
2353 3533 2641 3602 prophetae,
2691 3535 2838 3586 verbo
2870 3534 3088 3602 plurimo
3115 3536 3363 3590 consolati
3390 3549 3518 3591 sunt
3545 3543 3727 3608 fratres
3753 3576 3761 3583 .

2164 3636 2211 3677 ct
2236 3626 2681 3693 confirmaverunt.
2725 3626 2817 3682 55.
2854 3624 3017 3679 Facto
3043 3636 3209 3680 autem
3246 3629 3313 3679 ibi
3342 3629 3616 3697 aliquanto
3643 3639 3766 3681 tent-

2166 3735 2287 3787 pore
2307 3759 2323 3784 ,
2350 3718 2543 3771 dimissi
2570 3728 2686 3772 sunt
2710 3735 2825 3771 cum
2854 3734 2982 3788 pace
3013 3735 3044 3771 a
3070 3720 3314 3791 fratribus
3341 3722 3408 3773 ad
3445 3721 3726 3792 apostolos.

2234 3810 2289 3862 2.
2319 3809 2384 3863 In
2418 3808 2644 3863 Ecclesia
2670 3811 2843 3863 nullus
2868 3810 3050 3880 fastus.
3070 3810 3272 3864 —Non
3309 3812 3448 3865 ultra
3479 3813 3764 3867 seditionss

2165 3915 2218 3958 et
2247 3918 2436 3972 pugna:
2469 3922 2480 3955 :
2512 3902 2737 3971 ideoque
2759 3903 3089 3957 conﬁrmatis
3115 3904 3219 3958 illis
3244 3947 3258 3971 ,
3282 3922 3402 3958 cum
3447 3923 3581 3975 pace
3618 3906 3761 3959 aliie-

2165 4006 2290 4051 runt
2319 4013 2332 4047 :
2365 3994 2621 4048 adversus
2650 3994 2871 4048 Paulum
2904 3995 3048 4049 enim
3080 3998 3535 4052 contentiosiores
3566 4007 3715 4052 eratut
3746 4012 3757 4044 τ

2163 4104 2228 4142 ac
2255 4087 2447 4141 deinde
2476 4086 2673 4140 Paulus
2698 4085 2878 4140 docet.
2908 4087 2999 4141 Sic
3028 4089 3207 4142 nullus
3240 4088 3407 4142 fastus
3428 4100 3551 4144 erat
3583 4092 3633 4143 in
3664 4089 3758 4141 Ec-

2164 4177 2370 4247 clesia,
2419 4179 2513 4234 sed
2565 4180 2702 4234 bene
2750 4180 3041 4234 constituta
3089 4184 3288 4236 omnia.
3325 4182 3389 4237 Et
3436 4184 3601 4238 vide:
3648 4190 3761 4251 post

2166 4273 2381 4327 Petrum
2415 4272 2609 4325 Paulus
2638 4271 2875 4341 loquitur
2900 4313 2914 4336 ,
2945 4282 3000 4327 et
3029 4288 3190 4327 nemo
3220 4274 3461 4342 reprimit
3492 4293 3504 4339 ;
3537 4274 3761 4329 Jacobus

2165 4372 2438 4437 exspectat
2461 4405 2475 4426 ,
2506 4377 2606 4417 nec
2632 4362 2808 4417 exsilit
2840 4380 2853 4416 :
2892 4362 2967 4417 illi
3008 4364 3150 4418 enim
3182 4365 3514 4433 principatus
3540 4376 3756 4418 Concre-

2166 4454 2306 4508 ditus
2332 4464 2467 4509 erat.
2496 4454 2637 4508 Nihil
2666 4454 2752 4508 hic
2776 4453 3013 4509 Joannes
3036 4496 3051 4519 ,
3095 4456 3224 4508 nihil
3271 4456 3359 4509 alii
3402 4457 3629 4524 apostoli
3680 4455 3759 4506 lo-

2166 4558 2400 4617 quuntur
2421 4589 2433 4611 ,
2467 4547 2560 4601 sed
2592 4556 2772 4601 tacent
2795 4589 2811 4614 ,
2844 4563 2945 4602 nec
2973 4547 3351 4618 indignantur:
3377 4551 3453 4602 sic
3482 4566 3614 4603 vana
3646 4550 3728 4616 g'o

2169 4642 2245 4694 ria
2298 4641 2449 4693 vacui
2505 4638 2671 4692 animi
2722 4648 2894 4693 crant.
2948 4639 3053 4693 Sed
3099 4640 3377 4707 superiora
3434 4651 3754 4710 repetamus.

2171 4732 2451 4803 Postquam
2489 4744 2791 4799 tacuerunt,
2844 4734 3052 4803 inquit,
3090 4734 3350 4801 respondit
3388 4734 3612 4788 Jarolms
3636 4774 3649 4795 ,
3682 4731 3733 4781 di
3746 4760 3752 4765 η

2166 4845 2281 4881 cens
2309 4843 2329 4881 :
2360 4827 2569 4882 Simeon
2600 4828 2821 4880 narravit
2844 4830 3097 4898 quomodo
3119 4831 3337 4899 primunt
3363 4830 3498 4885 Deus
3521 4830 3753 4884 visit/irit.

2168 4918 2322 4972 Initio
2349 4918 2721 4974 vehementius
2751 4919 2939 4973 Petrus
2968 4920 3286 4990 loquebatur
3310 4963 3324 4987 ,
3351 4922 3438 4977 hic
3460 4940 3586 4977 vero
3612 4934 3757 4973 mau-

2166 5015 2390 5068 suetius.
2427 5012 2498 5066 Ita
2526 5029 2741 5083 semper
2774 5015 3077 5069 faciendum
3109 5027 3192 5072 est
3220 5020 3309 5085 ei,
3343 5022 3431 5090 qui
3476 5020 3527 5073 in
3572 5029 3754 5086 magna

2169 5115 2433 5176 potestate
2471 5115 2593 5159 est:
2640 5121 2869 5161 onerosa
2916 5107 3035 5161 aliis
3078 5108 3333 5163 mittenda
3364 5153 3378 5177 ,
3427 5110 3539 5180 ipse
3583 5116 3753 5162 autem

2168 5203 2347 5255 mitius
2377 5216 2538 5271 agere
2577 5200 2759 5255 debet.
2802 5202 2970 5256 Recte
3019 5202 3197 5257 dixit:
3247 5204 3454 5258 Simeon
3497 5200 3753 5259 narravit.

2166 5300 2315 5361 quasi
2351 5294 2440 5349 ille
2468 5293 2699 5349 aliorum
2728 5291 2925 5347 referat
2950 5296 3295 5349 sententiam.
3332 5297 3464 5350 Vide
3491 5288 3753 5365 quomodo

2170 5385 2270 5439 hoc
2300 5384 2575 5455 antiquum
2606 5400 2729 5439 esse
2754 5386 3023 5439 ostendat.
3061 5387 3127 5439 Ut
3173 5397 3420 5453 sutum-ct,
3465 5386 3667 5455 inquit.
3700 5394 3756 5432 ex

2166 5475 2394 5546 gentibus
2425 5477 2671 5544 populum
2702 5477 2895 5527 nomini
2924 5493 3037 5528 suo.
3081 5476 3196 5531 Non
3229 5480 3401 5530 solum
3434 5475 3597 5546 elegit
3620 5516 3633 5537 ,
3666 5467 3753 5522 scd

2166 5567 2327 5621 etiam
2357 5566 2560 5621 nomini
2592 5581 2731 5632 suo;
2783 5567 2833 5621 id
2872 5578 2950 5622 est
2980 5612 2993 5633 ,
3042 5570 3229 5638 gloriae
3274 5586 3401 5624 suae.
3435 5570 3549 5625 Non
3600 5562 3754 5636 pudet

2169 5675 2361 5714 nomen
2380 5676 2533 5713 suum
2550 5676 2615 5716 ex
2631 5663 2999 5731 assumptione
3020 5664 3255 5731 gentiam
3283 5664 3507 5734 gloriam
3531 5670 3716 5715 vocare
3735 5668 3754 5706 ε

2170 5755 2285 5809 haec
2311 5755 2452 5809 enim
2485 5754 2655 5823 major
2685 5763 2767 5808 est
2795 5755 2985 5823 gloria.
3037 5756 3131 5810 llic
3175 5771 3303 5810 vero
3342 5759 3466 5828 quid
3517 5759 3754 5821 magnum
