4112 6452
441 407 542 465 ειι

422 518 625 593 ἐτέρων
666 517 845 590 λέγειν
879 516 1123 589 γνώμην.
1157 517 1300 589 Ὅρα
1338 515 1456 580 πῶς
1499 514 1735 568 δείκνυσι
1790 510 2021 567 παλαιὸν
2046 508 2108 565 ὃν

418 607 600 662 τοῦτο.
635 606 853 662 Λαϐεῖν
881 606 950 670 ἐξ
978 603 1171 659 ἐθνῶν
1193 604 1368 667 λαὸν,
1396 603 1550 673 φησὶ,
1589 598 1670 666 τῷ
1709 599 1956 669 ὀνόματι
1993 599 2102 652 αὐ-

420 694 549 750 τοῦ.
598 695 710 765 Οὐχ
749 694 934 758 ἁπλῶς
987 692 1289 758 ἐξελέξατο,
1325 689 1461 744 ἀλλὰ
1501 688 1580 761 τῷ
1632 688 1854 758 ὀνόματι
1901 683 2101 740 αὑτοῦ·

362 803 367 809 '
419 784 685 848 τουτέστι,
725 785 789 854 τῇ
829 782 957 854 δόξῃ
995 780 1184 834 αὐτοῦ.
1218 781 1332 833 Οὐκ
1369 777 1684 848 αἰσχύνεται
1719 775 1779 828 τὸ
1809 774 1979 845 ὄνομα
2010 773 2110 826 αύ-

419 870 515 924 τοῦ
562 873 629 942 τῇ
660 869 930 942 προλήψει
968 870 1075 922 τῶν
1126 866 1296 921 ἐθνῶν
1333 864 1488 930 δόξαν
1528 863 1729 919 καλῶν.
1776 862 1948 917 Τοῦτο
1998 861 2107 932 γάρ

424 958 626 1030 μείζων
664 958 812 1024 δόξα.
867 955 1135 1011 Ἐνταῦθά
1181 973 1233 1008 τι
1283 955 1377 1008 καὶ
1404 953 1552 1026 μέγα
1584 953 1903 1006 αἰνίττεται.
1946 951 2106 1004 Ποῖον

416 1048 613 1109 τοῦτο;
672 1045 816 1111 Ὅτι,
866 1045 1020 1115 φησὶ,
1061 1044 1167 1115 πρὸ
1210 1042 1428 1096 πάντων
1483 1036 1648 1096 οὗτοι.
1706 1039 1868 1095 Μετὰ
1918 1038 2106 1092 ταῦτα

416 1131 798 1200 ἀναστρέψω,
834 1131 933 1185 καὶ
987 1128 1460 1199 ἀνοικοδομήσω,
1506 1129 1662 1199 φησί,
1701 1127 1819 1196 τὴν
1863 1124 2106 1192 σκηνὴν

424 1218 601 1274 Δαυὶδ
644 1219 761 1286 τὴν
786 1216 1186 1271 πεπτωκυῖαν.
1224 1216 1291 1269 Et
1322 1233 1407 1280 τις
1447 1215 1692 1286 ἀκριϐῶς
1727 1214 1975 1285 σκοποίη,
2009 1213 2103 1267 νῦν

417 1307 517 1378 τὴν
549 1305 824 1377 βασιλείαν
857 1302 1152 1374 ἱσταμένην
1192 1301 1284 1356 τοῦ
1322 1302 1486 1356 Δαυίδ
1522 1302 1697 1375 εὖροι.
1728 1300 1835 1354 Τοῦ
1875 1301 2099 1371 ἐκγόνου

418 1397 527 1467 γὰρ
564 1393 730 1448 αὑτοῦ
766 1390 1163 1463 βασιλεύοντος,
1217 1389 1493 1461 πανταχοῦ
1548 1390 1781 1459 ἕστηκεν
1827 1387 1983 1459 αῦτη.
2036 1388 2101 1441 Τί

417 1482 525 1555 γάρ
577 1478 772 1549 ὄφελος
808 1477 917 1532 τῶν
958 1478 1277 1548 οἰκημάτων
1315 1479 1411 1531 καὶ
1448 1476 1546 1547 τῆς
1583 1475 1812 1555 πόλεως,
1851 1474 1961 1528 τῶν
2000 1475 2102 1528 ὑπ-

417 1570 728 1625 ακουόντων
757 1567 858 1622 οὐκ
896 1566 1107 1631 ϐντων;
1144 1568 1297 1618 ποῖον
1335 1564 1391 1617 δὲ
1431 1562 1630 1635 βλάϐος
1664 1566 1729 1617 ἐκ
1758 1563 1858 1633 τῆς
1901 1562 2098 1617 καθαι-

421 1659 624 1730 ρέσεως
652 1655 755 1726 τῆς
776 1653 1002 1717 πόλεως,
1032 1653 1250 1707 πάντων
1281 1651 1375 1704 καὶ
1408 1649 1508 1714 τὰς
1543 1649 1720 1720 ψυχὰς
1759 1648 2099 1720 βουλομένων

416 1743 726 1808 ἐπιδοῦναις
765 1742 930 1794 ’Ὥστε
968 1741 1029 1793 ού
1071 1739 1232 1810 μόνον
1270 1739 1519 1809 ἕστηκεν,
1556 1736 1693 1790 ἀλλὰ
1728 1737 1822 1790 καὶ
1844 1736 2098 1806 λαμπρο-

414 1834 550 1903 τέρα
583 1831 800 1885 πάντων
825 1828 1045 1898 γέγονε’
1086 1824 1365 1896 πανταχοῦ
1401 1824 1511 1895 γάρ
1549 1823 1644 1879 νῦν
1698 1827 1797 1895 τῆς
1854 1821 2101 1893 οἰκουμέ-

415 1936 514 1990 νης
545 1919 751 1992 ᾅδεται.
789 1917 998 1972 Ἐκεῖνο
1033 1912 1227 1983 ἐξέϐη·
1278 1911 1477 1966 οὐκοῦν
1515 1911 1611 1965 καὶ
1663 1911 1823 1965 τοῦτο
1870 1911 2099 1981 ἐκϐῆναι

410 2010 511 2064 δεῖ.
550 2008 735 2063 Εἰπὼν
766 2006 846 2070 δὲ,
903 2004 1010 2059 Καί
1049 2002 1531 2072 ἀνοικοδομήσω,
1583 2000 1780 2069 ἐπάγει
1849 2000 1943 2053 καὶ
2002 1999 2100 2070 τὴν

412 2098 594 2152 αἰτίαν
609 2094 702 2149 τοῦ
723 2095 812 2149 διά
836 2093 910 2159 τί,
936 2092 1143 2161 λέγων·
1173 2091 1377 2155 Ὅπως
1398 2088 1808 2156 ἐκζητήσωσιν
1842 2090 1894 2140 οἰ
1922 2087 2100 2141 κατά-

409 2188 613 2239 λοιποι
644 2182 766 2237 τῶν
808 2179 1137 2251 ἀνθρώπων
1180 2178 1290 2233 τὸν
1338 2178 1582 2246 Κύριον.
1650 2177 1712 2228 Εἰ
1769 2175 1948 2227 τοίνυν
2013 2175 2102 2228 διὰ

409 2270 570 2325 τοῦτο
614 2270 876 2340 ἐξανέστη
911 2268 1129 2339 ⁴ήπόλις
1187 2265 1277 2319 διά
1311 2265 1406 2318 τὸν
1466 2263 1527 2328 ἐξ
1579 2263 1778 2321 αὐτῶν,
1824 2262 1985 2333 δῆλον
2019 2263 2100 2315 ὅτι

407 2362 511 2431 τῆς
554 2357 847 2430 οἰκοδομῆς
900 2357 999 2426 τῆς
1059 2354 1269 2417 πόλεως
1308 2352 1482 2406 αἴτιον
1521 2351 1712 2423 γέγονε
1766 2351 1827 2403 τὸ
1865 2350 1932 2403 τὰ
1970 2350 2098 2422 ἔθνη

412 2448 701 2519 κληθῆναι.
734 2445 892 2509 Τίνες
919 2444 1057 2519 εἰσὶν
1083 2447 1146 2497 Ol
1171 2441 1555 2504 κατάλοιποι;
1593 2444 1654 2494 Οἱ
1685 2441 2101 2509 ὑπολειπόμενοι

410 2537 552 2591 τότε.
615 2533 754 2588 Ἀλλ’
780 2534 882 2605 ὅρα
920 2530 1087 2585 αὐτὸν
1129 2529 1224 2582 καὶ
1261 2530 1361 2599 τῆν
1397 2528 1553 2594 τάξιν
1596 2528 1950 2596 φυλάττοντα,
2005 2527 2103 2580 καὶ

409 2624 698 2694 δευτέρους
727 2621 924 2684 αὐτοὺς
981 2619 1291 2687 εἰσάγοντα.
1332 2615 1504 2685 Λέγει
1532 2616 1770 2685 Κύριος,
1820 2620 1853 2670 ό
1890 2615 2102 2682 ποιῶν,

411 2714 565 2784 φησί,
602 2711 791 2765 ταῦτα
838 2706 1057 2762 πάντα.
1108 2706 1184 2760 UO
1227 2704 1375 2774 λέγει
1407 2704 1593 2776 μόνον,
1622 2703 1758 2758 ἀλλά
1793 2703 1889 2757 καὶ
1924 2706 2100 2758 ποιεῖ·

408 2792 519 2873 ἀρα
561 2798 698 2853 Θεοῦ
728 2797 889 2869 ἔργον
917 2797 952 2869 ὴ
984 2795 1176 2867 κλῆσις
1196 2793 1305 2847 τῶν
1333 2792 1700 2846 ἐθνῶν.Ἀλλο
1717 2787 1786 2864 ἦν
1817 2791 1879 2846 τὸ
1908 2791 2105 2864 ζητού-

415 2907 600 2963 μενον,
654 2889 791 2958 ὅπερ
856 2884 1193 2955 σαφέστερον
1233 2881 1327 2935 καὶ
1379 2881 1587 2953 Πέτρος
1625 2879 1848 2949 ἐλεγενο
1902 2881 1966 2934 οὐ
2024 2881 2107 2934 δεῖ

409 2979 608 3039 αὐτοὺς
648 2970 1097 3047 περιτέμνεσθαι.
1140 2970 1204 3023 Τί
1232 2970 1413 3023 τοίνυν
1450 2968 1627 3023 ταῦτα
1676 2969 2013 3040 δημηγορεῖς
2040 2984 2059 3007 ·
2086 2986 2103 3036 ;
2130 3018 2131 3021 η

409 3065 565 3142 [256]
595 3065 672 3118 Ού
702 3064 812 3132 γὰρ
838 3059 903 3132 δὴ
936 3059 1095 3114 τοῦτο
1119 3056 1324 3126 ελεγον,
1346 3056 1428 3110 ὅτι
1452 3057 1511 3110 οὐ
1534 3057 1617 3109 δεῖ
1642 3056 1841 3120 αὐτοὺς
1855 3056 2107 3127 δέχεσθαι

410 3153 792 3214 πιστεύοντας,
835 3148 950 3202 ἀλλ’
984 3148 1066 3201 ὅτι
1117 3145 1260 3217 μετὰ
1290 3147 1481 3216 νόμου.
1517 3144 1628 3199 Καὶ
1651 3143 1809 3197 τοῦτο
1840 3146 1869 3198 ὁ
1902 3144 2107 3216 Πέτρος

411 3243 592 3306 καλῶς
629 3238 1072 3311 ἐδημηγόρησεν’
1117 3233 1234 3288 ἀλλ’
1289 3233 1479 3307 ἐπειδὴ
1517 3232 1678 3287 τοῦτο
1710 3231 1961 3306 ἐθορύϐει
2003 3233 2108 3303 μά-

411 3343 566 3386 Αισιια
596 3328 813 3382 πάντων
830 3325 955 3390 τοὺς
979 3322 1273 3395 ἀκροατὰς,
1303 3321 1567 3375 καὶτοῦτο
1597 3320 1892 3392 θεραπεύει
1920 3322 2108 3377 πάλιν.

411 3420 523 3476 Καὶ
546 3420 671 3490 ὅρα,
692 3416 830 3487 ὅπερ
847 3413 1015 3485 ἐχρῆν
1043 3411 1495 3483 νομοθετηθῆναι,
1515 3411 1597 3464 ὅτι
1627 3410 1689 3463 ού
1706 3410 1789 3464 δεῖ
1818 3410 2107 3480 φυλάττειν

417 3509 500 3563 τὸν
552 3506 737 3578 νόμον,
789 3506 818 3559 ὁ
872 3502 1079 3573 Πέτρος
1118 3500 1422 3570 εἰσήγαγεσ
1481 3499 1544 3552 τὸ
1583 3498 1639 3552 δὲ
1684 3498 1976 3570 ἡμέτερον,
2011 3501 2107 3554 καὶ

411 3596 581 3652 πάλαι
629 3590 989 3664 παραδεχθέν,
1026 3586 1185 3641 τοῦτο
1241 3582 1396 3650 οῦτός
1438 3604 1593 3657 φησι,
1633 3587 1729 3642 καὶ
1778 3588 2106 3661 ἐνδιατρίϐει

409 3684 623 3755 ἐκείνῳ,
655 3680 797 3752 ὑπὲρ
822 3674 882 3734 οὗ
907 3676 1062 3731 οὐδὲν
1092 3675 1424 3746 γέγραπται,
1454 3674 1543 3727 ἵνα
1597 3673 1779 3728 αὐτῶν
1829 3674 2103 3746 θεραπεύο

410 3790 510 3838 σας
566 3771 666 3841 τὴν
728 3768 970 3823 διάνοιαν
1003 3765 1081 3836 τῷ
1119 3764 1624 3835 συγκεχωρημένῳ,
1672 3764 1946 3835 εὐκαίρως
1996 3766 2109 3818 εἰσ-

410 3855 599 3926 αγάγῃ
630 3854 725 3906 καὶ
752 3851 932 3904 τοῦτο.
976 3849 1075 3903 Διό
1104 3845 1220 3917 ἐγὼ
1242 3851 1420 3914 κρίνω
1440 3845 1527 3915 μὴ
1558 3846 1959 3915 παρενοχλεῖν
1979 3846 2106 3914 τοῖς

410 3943 531 3999 ἀπὸ
577 3939 697 3994 τῶν
722 3937 915 3993 ἐθνῶν
949 3936 1413 4005 ἐπιστρέφουσιο
1451 3934 1719 4000 τουτέστι,
1756 3934 1831 4006 μὴ
1881 3935 2108 4007 ἀνατρέ-

413 4046 557 4084 πειν.
597 4029 661 4083 Εἰ
695 4025 805 4097 γὰρ
831 4027 859 4080 ὁ
896 4024 1027 4087 Θεὸς
1063 4023 1341 4086 ἐκάλεσεν,
1383 4016 1541 4076 αὗται
1590 4021 1649 4075 δὲ
1684 4023 1743 4076 αἰ
1781 4024 2106 4095 παρατηρή-

414 4137 529 4185 στις
555 4121 583 4159 ιι
619 4116 1008 4189 ἀνατρέπουσι,
1047 4113 1127 4184 τῷ
1180 4113 1300 4184 Θεῷ
1342 4111 1708 4185 πολεμοῦμεν.
1758 4114 1870 4168 Καὶ
1923 4115 2106 4180 καλῶς

414 4205 559 4271 εἰπε,
634 4205 765 4271 Τοῖς
817 4203 938 4259 ἀπὸ
995 4201 1118 4256 τῶν
1172 4199 1366 4258 ἐθνῶν
1420 4202 1878 4273 ἐπιστρέφουσι,
1923 4203 2104 4276 δηλῶν

414 4296 513 4352 καὶ
540 4294 635 4348 τοῦ
658 4292 794 4349 Θεοῦ
822 4292 922 4364 τὴν
955 4289 1166 4345 ἀνωθεν
1225 4289 1354 4361 περὶ
1387 4290 1588 4355 αὐτοὺς
1637 4291 1973 4363 οἰκονομίαν,
2007 4292 2103 4347 καὶ

412 4385 476 4439 τὸ
502 4384 709 4438 τούτων
748 4378 1080 4444 καταπειθές
1128 4378 1225 4433 καὶ
1269 4378 1488 4449 ἐτοιμον
1513 4382 1595 4443 εἰς
1644 4380 1744 4450 τὴν
1789 4381 2005 4452 κλῆσιν.
2035 4381 2102 4434 Τί

415 4476 556 4538 ἐστι,
585 4471 775 4540 Κρίνω
800 4468 955 4539 ἐγώ;
999 4468 1147 4521 Ἀντί
1172 4466 1289 4533 τοῦ,
1331 4467 1449 4538 μετ’
1483 4466 1732 4533 ἐξουσίας
1764 4469 1910 4538 λέγω
1940 4468 2103 4524 τοῦτο

416 4557 580 4615 εἶναι.
609 4558 773 4613 Ἀλλ’
806 4555 1137 4611 ἐπιστεῖλαι
1162 4555 1370 4622 αὐτοῖς
1400 4555 1508 4610 τοῦ
1530 4556 1882 4624 ἀπέχεσθαι,
1908 4558 2098 4628 φησὶν,

417 4647 538 4702 ἀπὸ
566 4644 686 4700 τῶν
711 4642 1140 4714 ἀλισγημάτων
1170 4641 1288 4697 τῶν
1308 4642 1571 4697 εἰδώλων
1595 4644 1697 4697 καὶ
1738 4642 1841 4713 τῆς
1873 4647 2102 4714 πορνεί-

417 4752 494 4803 ας
542 4734 642 4789 καί
683 4731 792 4789 τοῦ
839 4731 1094 4787 πνικτοῦ
1125 4731 1359 4786 καὶτοῦ
1382 4732 1649 4802 αἵματος.
1694 4726 1867 4787 Αῦται
1907 4734 2017 4806 γὰρ
2049 4736 2101 4789 εἰ

420 4823 515 4877 καί⁵
573 4821 903 4892 σωματικαὶ,
957 4819 1072 4873 ἀλλ’
1126 4821 1425 4889 ἀναγκαῖαι
1476 4821 1862 4890 φυλάττεσθαι,
1911 4824 2099 4895 ἐπειδὴ

423 4910 637 4985 μεγάλα
669 4909 987 4980 εἰργάζοντο
1006 4907 1171 4963 κακά.
1218 4907 1331 4961 ΚαὶΙ
1361 4908 1447 4962 ἵνα
1478 4911 1552 4980 μή
1581 4925 1666 4973 τις
1696 4911 2100 4984 άνθυπενέγκῃ,

421 4997 524 5055 Διά
550 4998 604 5052 τί
631 4996 708 5070 μὴ
737 4997 834 5053 καὶ
861 4995 1137 5059 Ἰουδαίοις
1172 4995 1240 5049 τὰ
1270 4995 1408 5049 αὐτὰ
1435 4996 1854 5068 ἐπιστέλλομεν;
1888 5000 2103 5069 ἐπήγα-

420 5104 489 5158 γε
522 5085 728 5156 λέγων·
758 5080 1023 5151 Μωυσῆς
1048 5084 1118 5136 ἐκ
1148 5082 1371 5153 γενεῶν
1397 5083 1662 5154 ἀρχαίων
1704 5088 1855 5141 κατὰ
1916 5089 2103 5142 πόλιν

421 5174 567 5243 τοὺς
601 5172 1028 5242 κηρύσσοντας
1071 5171 1290 5225 ἑαυτὸν
1321 5170 1481 5240 ἔχει’
1539 5174 1807 5240 τουτέστι,
1859 5175 2102 5248 Μωῦσῆς

424 5260 604 5322 αὐτοῖς
637 5255 945 5326 διαλέγεται
995 5253 1256 5325 συνεχῶς.
1296 5254 1466 5309 Τοῦτο
1513 5255 1623 5328 γάρ
1648 5257 1765 5310 ἐστι
1825 5257 1908 5325 τὸ,
1945 5260 2104 5314 Κατά

424 5339 537 5402 πᾶν
570 5344 838 5400 σάϐϐατον
893 5342 1422 5413 ἀναγινωσκόμενος.
1456 5343 1600 5412 Ὅρα
1644 5344 1786 5417 πόση
1820 5348 1854 5418 ἡ
1895 5363 2102 5417 συγκα-

374 5468 375 5471 η
425 5433 678 5497 τάϐασις.
712 5429 884 5487 Ἔνθα
908 5430 1062 5485 οὐδὲν
1083 5429 1374 5497 ἔϐλαπτεν,
1400 5430 1701 5501 ἐπέστησεν
1734 5433 1921 5497 αὐτοῖς
1957 5433 2103 5489 διδά-

428 5521 648 5587 σκαλον,
680 5519 777 5576 καὶ
820 5519 1112 5591 ἐχαρίσατο
1161 5519 1321 5591 χάριν
1349 5517 1504 5572 οὐδὲν
1526 5506 1968 5589 ἐμποδίζουσαν,
1989 5524 2106 5577 ἐπι-

427 5608 633 5678 τρέψας
661 5607 933 5673 Ἰουδαίοις
955 5607 1179 5662 ἀκούειν
1221 5602 1389 5663 αὐτοῦ
1441 5607 1584 5663 κατά
1615 5608 1813 5676 πάντα,
1843 5613 1938 5665 καὶ
1995 5614 2105 5666 ἀπ-

429 5694 579 5761 άγων
630 5695 756 5758 τοὺς
794 5693 854 5760 ἐξ
882 5694 1088 5748 ἐθνῶνο
1135 5692 1257 5749 εἶτα
1282 5694 1350 5749 δι’
1378 5689 1455 5750 ὧν
1500 5695 1680 5763 ἔδοξεν
1725 5697 1889 5752 αὐτὸν
1914 5702 2101 5772 τιμᾷν,

430 5780 523 5831 καί
553 5778 835 5846 ἐφιστάναι
862 5781 976 5844 τοῖς
998 5781 1216 5849 ἐαυτοῦ,
1243 5781 1333 5838 διά
1355 5781 1561 5837 τούτων
1591 5784 1850 5854 ἀπήγαγε
1873 5784 1942 5839 τά
1973 5783 2101 5857 ἔθνη

430 5860 490 5927 ἐξ
535 5862 720 5919 αὐτοῦ.
764 5865 865 5919 Διά
917 5866 970 5918 τί
1008 5863 1101 5921 οὖν
1133 5869 1209 5942 μὴ
1241 5870 1370 5942 παρ’
1396 5871 1563 5925 αὑτοῦ
1596 5873 1963 5944 μανθάνουσι;
2005 5876 2103 5928 Διά

494 5999 512 6022 ³
542 5998 747 6068 Kueh
774 6003 1075 6067 δημηγορεῖν.
1142 6006 1169 6048 δ
1193 6008 1309 6073 Alii,
1355 6009 1607 6063 ἐκάλεσεν
1654 6016 1701 6064 αἰ
1745 6014 1795 6064 δὲ
1826 6014 2099 6079 παρατηρή-

449 6093 562 6136 επις.

1235 405 1294 460 S.
1327 398 1611 460 JOANNIS
1648 393 2138 458 CIIRYSOSTOMI
2184 391 2513 451 ARCHIEP.
2556 391 3103 450 CONSTANTINOI'.

3780 401 3874 457 ενι

2210 507 2311 581 τὴν
2355 508 2562 563 οἰκείαν
2610 509 2913 564 ἀπείθειαν.
2977 505 3257 562 Ἐντεῦθεν
3303 507 3604 576 δείκνυσιν,
3657 516 3733 573 ὅτι
3781 523 3867 577 καὶ

2209 597 2433 660 τούτους
2453 597 2602 650 οὐδὲν
2616 596 2867 652 πλέονδεῖ
2884 596 3191 666 φυλάττειν.
3212 596 3273 648 Εἰ
3293 596 3350 650 δὲ
3366 597 3463 650 οὐκ
3481 600 3859 678 ἐπιστέλλομεν,

2208 684 2306 756 οὐχ
2322 683 2398 748 ὡς
2410 684 2731 754 ὀφειλόντων
2741 683 2923 737 αὐτῶν
2943 683 3104 736 πλέον
3121 700 3171 735 τι
3194 682 3505 750 φυλάττειν,
3523 686 3643 741 ἀλλ’
3656 690 3724 754 ὡς
3737 692 3860 763 ἐχόν.

2205 791 2311 827 των
2328 774 2417 828 τὸν
2433 773 2685 842 λέγοντα.
2711 772 2819 827 Καὶ
2840 774 2941 826 οὐκ
2966 767 3109 833 εἰπε,
3152 772 3244 842 Μὴ
3290 773 3667 840 σκανδαλίζειν
3694 780 3869 845 αὐτοὺς

2207 861 2343 932 μηδέ
2376 860 2800 932 καταστρέφειν,
2822 860 2960 931 ὅπερ
2987 858 3201 922 Παῦλος
3229 858 3379 927 λέγει
3418 859 3709 929 Γαλάταις,
3730 865 3874 934 ἀλλὰ,

2203 948 2300 1015 Μὴ
2313 947 2715 1017 παρενοχλεῖν
2732 963 2746 977 ·
2763 947 2901 1017 ὅπερ
2918 946 3069 999 οὐδὲν
3080 944 3353 998 δείκνυσιν
3375 945 3435 998 ὃν
3449 946 3510 999 τὸ
3532 949 3875 1022 κατόρθωμα,

2201 1035 2318 1087 ἀλλ’
2346 1035 2379 1106 ἦ
2411 1035 2571 1106 μόνον
2595 1032 3118 1105 ἐνόχλησιν.⁹οῦτως
3144 1029 3364 1096 ἐξέλυσε
3406 1032 3468 1085 τὸ
3492 1035 3628 1089 πᾶν.
3661 1037 3771 1091 Καὶ
3796 1037 3879 1091 δο-

2201 1124 2290 1176 κεῖ
2320 1123 2417 1195 μὲν
2441 1124 2535 1177 καί
2561 1124 2653 1177 τὸν
2678 1124 2842 1194 νόμον
2872 1122 3061 1191 τηρεῖν
3090 1118 3167 1191 τῷ
3196 1120 3258 1185 ἐξ
3280 1118 3453 1173 αὑτοῦ
3471 1121 3648 1176 ταῦτα
3680 1123 3872 1193 λαϐεῖν,

2201 1210 2358 1264 ἔλυσε
2379 1212 2437 1265 δέ
2462 1211 2627 1265 αὐτὸν
2659 1211 2739 1281 τῷ
2777 1211 2913 1282 μόνα
2938 1208 3146 1263 λαϐεῖν.
3176 1209 3372 1262 Καίτοι
3401 1225 3466 1277 γε
3501 1211 3760 1277 πολλάκις
3788 1214 3877 1266 αύ-

2201 1302 2312 1363 τοῖς
2336 1300 2476 1372 ὑπὲρ
2501 1300 2708 1354 τούτων
2739 1297 2988 1368 διελέχθη
3008 1313 3023 1329 ·
3060 1296 3176 1350 ἀλλ’
3201 1297 3289 1350 ῖνα
3325 1296 3453 1369 δόξῃ
3479 1299 3574 1351 καὶ
3600 1299 3687 1353 τὸν
3721 1301 3877 1372 νόμον

2207 1389 2387 1459 τιμᾷν,
2430 1389 2525 1442 καὶ
2549 1386 2725 1442 ταῦτα
2763 1387 2862 1457 οὐχ
2889 1385 2966 1449 ὼς
2992 1384 3102 1439 ἀπὸ
3143 1385 3425 1448 Μωῢσέως
3444 1385 3632 1455 λέγων,
3662 1388 3777 1440 ἀλλ’
3803 1389 3877 1453 ὡς

2198 1477 2305 1531 ἀπὸ
2322 1476 2433 1530 τῶν
2453 1477 2791 1542 ἀποστόλων,
2817 1475 2912 1529 καὶ
2939 1474 3029 1528 ἵνα
3050 1473 3251 1537 πολλὰς
3279 1474 3482 1545 ποιήσῃ
3513 1474 3608 1538 τάς
3639 1476 3868 1542 ἐντολὰς,

2197 1581 2296 1636 την
2315 1564 2441 1637 μίαν
2463 1564 2646 1619 διεῖλε.
2674 1563 2848 1617 Τοῦτο
2881 1563 3121 1634 μάλιστα
3146 1562 3345 1626 αὐτοὺς
3377 1562 3702 1617 ἀνέπαυσεν.
3724 1566 3871 1617 Οἰκο-

2196 1652 2434 1723 νομικῶς
2476 1652 2534 1706 δὲ
2591 1651 2785 1722 γέγονε
2831 1651 2926 1705 καὶ
2982 1651 3016 1721 ὴ
3068 1649 3348 1718 ἀντιλογία
3376 1688 3391 1714 ,
3449 1650 3539 1703 ῖνα
3598 1651 3733 1720 μετά
3783 1651 3875 1723 τὴν

2195 1740 2506 1808 ἀντιλογίαν
2553 1738 2896 1810 βεϐαιότερον
3002 1738 3061 1791 τὸ
3088 1738 3293 1808 δόγμαει
3330 1778 3344 1793 .
3384 1738 3528 1791 Τότε
3564 1737 3738 1802 ἔδοξε
3763 1740 3878 1806 τοῖς

2195 1828 2581 1894 ἀποστόλοις,
2648 1827 2834 1897 φησὶν,
2900 1825 3128 1894 ἄνδρας
3176 1823 3558 1895 ἡγουμένους
3635 1826 3706 1879 ἐν
3763 1827 3881 1893 τοῖς

2197 1916 2485 1986 ἀδελφοῖς
2518 1918 2767 1987 πέμψαι.
2798 1916 2873 1970 Οὐ
2905 1916 3034 1980 τοὺς
3072 1917 3356 1987 τυχόντας,
3398 1915 3537 1970 ἀλλά
3576 1918 3700 1980 τοὺς
3728 1918 3881 1988 ήγουρ

2201 2005 2396 2076 μένους
2428 2004 2743 2075 πέμπουσιν
2761 2004 3113 2075 ἐκλεξάμενοι
3129 2019 3143 2034 ⁴
3180 2002 3306 2070 Τοῖς
3330 2003 3482 2057 κατὰ
3501 2003 3877 2073 Ἀντιόχειαν,

2199 2093 2368 2166 φησὶ,
2423 2092 2525 2147 καί
2569 2092 2793 2161 Συρίαν
2841 2091 2941 2146 καί
2992 2092 3303 2158 Κιλικίαν,
3365 2090 3493 2146 ἔνθα
3548 2093 3612 2146 τὸ
3681 2095 3879 2165 νόσημα

2198 2180 2420 2252 ἐτέχθη.

2269 2276 2337 2336 γ’.
2369 2267 2521 2342 [257]
2546 2268 2687 2339 Ὅρα
2708 2266 2873 2338 μηδὲν
2889 2266 3147 2338 φορτικὸν
3162 2266 3192 2307 1³
3219 2266 3342 2322 κατ’
3355 2269 3588 2322 ἐκείνων
3617 2270 3885 2339 λέξοντας,

2196 2355 2310 2410 ἀλλ’
2353 2357 2434 2416 εἰς
2467 2354 2524 2408 ἐν
2557 2355 2799 2426 ὁρῶντας
2841 2355 3021 2423 μόνον,
3063 2353 3205 2407 ὥστε
3251 2356 3559 2427 ἀνατρέψαι
3589 2358 3650 2411 τὸ
3690 2375 3903 2430 γεγενη-

2203 2445 2361 2516 μένον
2379 2460 2394 2473 ⁶
2425 2443 2583 2497 τοῦτο
2610 2443 2719 2515 γὰρ
2745 2443 2979 2506 καὶτοὺς
3002 2443 3120 2495 ἐκεῖ
3143 2443 3534 2509 στασιάζοντας
3555 2447 3879 2518 ὁμολογῆσαι

2198 2537 2392 2589 ἐποίει.
2407 2535 2522 2588 Οὐκ
2549 2529 2722 2597 εἷπον,
2744 2534 2826 2585 ὅτι
2854 2534 2903 2586 οἱ
2932 2531 3268 2597 ἀπατεῶνες,
3286 2534 3333 2586 οἰ
3355 2532 3661 2605 λυμεῶνες,
3684 2538 3771 2589 καὶ
3788 2538 3878 2589 ὅσα

2198 2622 2423 2678 τοιαῦτα
2448 2636 2462 2651 ⁸
2496 2622 2673 2675 καίτοι
2707 2621 2834 2674 ἔνθα
2856 2621 3042 2692 ἐχρῆν,
3078 2623 3222 2673 ποιεῖ
3249 2621 3382 2675 αὐτὸ
3406 2622 3645 2688 Παῦλος,
3669 2624 3740 2688 ὡς
3760 2626 3878 2678 ὅταν

2197 2711 2353 2785 λέγῃ·
2379 2712 2448 2764 Ὢ
2484 2709 2724 2777 πλήρης
2744 2708 2973 2774 παντὸς
3000 2707 3188 2761 δόλου
3209 2724 3223 2736 ο
3247 2707 3483 2762 ἐνταῦθα
3509 2709 3573 2762 δὲ
3606 2710 3877 2782 κατορθω-

2199 2798 2402 2861 θέντος,
2465 2797 2566 2849 οὐκ
2609 2795 2691 2847 ἔτι
2736 2792 2894 2865 χρεία
2940 2790 3030 2863 ἦν.
3076 2794 3187 2847 Καὶ
3232 2796 3354 2865 ὅρα,
3389 2795 3452 2848 ού
3492 2795 3764 2859 τιθέασιν,
3797 2797 3873 2851 ὅτι

2199 2884 2342 2949 τινὲς
2376 2883 2433 2950 ἐξ
2465 2882 2622 2954 ήμῶν
2651 2882 2949 2935 ἐκέλευσαν
2984 2881 3129 2952 ὑμᾶς
3152 2880 3244 2936 τὸν
3267 2881 3432 2952 νόμον
3457 2887 3653 2954 τηρεῖν
3680 2902 3695 2917 ο
3745 2885 3875 2949 ἀλλ’,

2199 2970 2542 3039 Ἐτάραεαν
2590 2963 2749 3038 ὑμᾶς
2786 2969 2996 3039 ,λόγοις
3021 2969 3562 3038 ἀνασκευάζοντες.
3597 2974 3757 3027 Οὐδὲν
3784 2991 3876 3026 κυο

2206 3057 2466 3131 ριώτερον
2502 3059 2601 3128 τῆς
2625 3057 2825 3121 λέξεως
2856 3071 2869 3085 ·
2895 3057 3070 3120 οὐδεὶς
3093 3057 3265 3122 οὕτως
3303 3055 3447 3114 εἷπε.
3502 3060 3622 3125 Τάς
3658 3061 3756 3133 ἤδη
3793 3060 3877 3132 βε·

2204 3146 2534 3209 ϐαιωθείσας
2567 3144 2768 3216 ψυχὰς,
2794 3144 2980 3214 φησὶν,
3012 3144 3501 3212 ἀνασκευάζοντες,
3526 3149 3777 3221 καθάπερ
3793 3149 3877 3202 ἐπὶ

2203 3234 2496 3305 οἰκοδομῆς
2538 3233 2609 3288 τά
2656 3232 2754 3287 ὑπ’
2793 3230 3021 3287 ἐκείνων
3067 3235 3415 3304 γεγενημένα
3452 3235 3719 3300 τιθέντες.
3768 3231 3873 3303 Οἷς,

2205 3325 2392 3396 φησὶν,
2422 3325 2495 3378 οὺ
2529 3321 3011 3391 διεστειλάμεθα.
3049 3322 3308 3386 Ἐδοξεν
3330 3319 3445 3377 οὖν
3477 3324 3626 3392 ἡμῖν
3653 3327 3872 3395 γενομέ-

2203 3430 2333 3479 νοις
2365 3410 2749 3482 όμοθυμαδὸν
2766 3410 2889 3465 σὺν
2927 3408 3051 3475 τοῖς
3083 3411 3432 3480 ἀγαπητοῖς.
3474 3413 3539 3465 Εἰ
3594 3413 3872 3485 ἀγαπητοὶ,

2203 3502 2263 3555 ού
2300 3500 2812 3572 καταφρονήσουσιν
2844 3497 3025 3553 αὐτῶν
3059 3512 3077 3529 ⁶
3105 3499 3156 3551 εἰ
3199 3499 3525 3571 παρέδωκαν
3559 3502 3663 3566 τάς
3691 3502 3875 3574 ψυχάς,

2203 3591 2297 3644 καὶ
2325 3590 2479 3644 αὐτοὶ
2496 3585 2805 3655 ἀξιόπιστοί
2830 3588 2988 3640 εἰσιν.
3016 3586 3519 3656 Ἀπεστάλκαμεν
3540 3585 3681 3654 οὖν,
3705 3591 3876 3661 φησὶν,

2201 3676 2433 3733 Ἰούδαν
2461 3675 2563 3730 καί
2582 3676 2795 3739 Σίλαν,
2818 3674 2918 3729 καὶ
2942 3673 3168 3740 αὐτοὺς
3208 3672 3318 3727 διὰ¹
3349 3662 3537 3746 λόγου
3590 3677 3876 3748 ἀπαγγέλ-

2201 3769 2428 3833 λοντας
2455 3765 2529 3820 τὰ
2554 3763 2727 3820 αὐτὰ.
2761 3763 2908 3816 Ἔδει
2933 3761 3042 3834 γὰρ
3073 3762 3149 3835 μή
3176 3762 3273 3834 τὴν
3301 3763 3599 3836 ἐπιστολὴν
3635 3770 3876 3838 παρεῖναι

2205 3854 2387 3925 μόνον,
2422 3853 2510 3905 ἵνα
2543 3850 2619 3924 μὴ
2650 3850 2907 3919 λέγωσιν,
2950 3851 3034 3904 ὅτι
3079 3851 3462 3922 συνήρπασαν,
3489 3852 3571 3907 ὃτι
3607 3855 3741 3909 ἄλλα
3771 3853 3883 3909 ἀντῗι

2201 3942 2377 3997 ἀλλων
2400 3936 2584 3994 εἶπαν.
2618 3937 2692 3992 Τὸ
2723 3937 3003 4008 ἐγκώμιον
3031 3937 3094 3990 τὸ
3136 3939 3261 4009 περὶ
3322 3938 3535 3994 Παῦλον
3588 3942 3879 4015 ἐνέφραξεν

2198 4030 2380 4083 αὐτῶν
2411 4028 2480 4083 τά
2512 4027 2780 4098 στόματα.
2812 4025 2912 4079 Διά
2934 4027 3042 4098 γὰρ
3069 4025 3227 4079 τοῦτο
3255 4026 3381 4081 οὔτε
3408 4028 3622 4095 Παῦλος
3662 4030 3874 4102 ἔρχεται

2203 4118 2364 4189 μόνον
2383 4115 2509 4170 οὔτε
2538 4114 2847 4187 Βαρνάϐας,
2882 4114 3017 4168 ἀλλά
3037 4115 3131 4168 καὶ
3158 4114 3308 4168 ἄλλοι
3356 4115 3464 4169 ἀπὸ
3496 4116 3599 4185 τῆς
3656 4117 3874 4188 Ἐκκλη-

2200 4207 2344 4272 σίας,
2372 4204 2460 4258 ἴνα
2488 4202 2566 4274 μὴ
2597 4201 2838 4265 ὕποπτος
2868 4196 2938 4276 ᾖ,
2983 4202 3172 4275 ἐπειδὴ
3233 4202 3398 4265 αὐτὸς
3447 4204 3876 4276 ἀντελαμϐάνετο

2196 4293 2290 4346 τοῦ
2319 4293 2613 4363 δόγματος,
2643 4290 2768 4344 οὔτε
2793 4290 2843 4343 οἰ
2870 4289 2980 4343 ἀπὸ
3012 4288 3406 4362 Ἱεροσολύμων
3433 4291 3606 4363 μόνοι.
3636 4293 3873 4346 Δείκνυσι

2198 4381 2316 4444 πῶς
2341 4378 2645 4447 ἀξιόπιστοι
2670 4379 2811 4433 εἰσιν
2841 4393 2857 4408 ⁶
2886 4378 2988 4432 ούκ
3023 4376 3335 4442 ἐξισοῦντες
3371 4379 3621 4448 ἑαυτοὺς,
3664 4380 3822 4451 φησίν
3858 4396 3871 4408 ⁸

2195 4469 2296 4540 οὐχ
2329 4467 2472 4521 οὕτω
2504 4466 2806 4538 μαίνονται.
2834 4465 2935 4519 Διά
2957 4482 3039 4519 τοι
3070 4465 3229 4519 τοῦτο
3260 4467 3354 4520 καὶ
3381 4467 3463 4531 τὸ,
3524 4468 3874 4537 Ἀνθρώποις

2197 4554 2651 4623 παραδεδωκόσι
2682 4555 2789 4619 τὰς
2804 4555 3012 4622 ψυχὰς
3039 4551 3248 4607 αὐτῶν
3271 4553 3424 4622 ὑπὲρ
3454 4554 3562 4609 τοῦ
3584 4557 3869 4627 ὀνόματος

2196 4646 2305 4701 τοῦ
2359 4646 2582 4715 Κυρίου
2634 4642 2807 4715 ἡμῶν
2826 4645 3034 4713 Ἰησοῦ
3065 4644 3347 4713 Χριστοῦ,
3395 4646 3707 4721 προσέθηκε
3739 4665 3752 4679 ·
3786 4645 3871 4699 καὶ

2195 4737 2341 4799 τίνος
2381 4735 2568 4788 ἕνεκεν
2616 4729 2790 4798 εἶπεν,
2857 4733 3071 4798 Ἔδοξε
3116 4732 3197 4800 τῷ
3245 4734 3394 4804 ἁγίῳ
3430 4737 3734 4806 Πνεύματι
3783 4733 3873 4789 καὶ

2195 4822 2361 4893 ἡμῖν,
2388 4822 2567 4876 καίτοι
2586 4822 2747 4893 ἤρκει
2774 4821 2970 4887 εἰπεῖν,
3007 4820 3093 4886 Τῷ
3119 4821 3268 4891 ἁγίῳ
3293 4823 3629 4890 Πνεύματι;
3658 4824 3733 4877 Τὸ
3760 4824 3873 4895 μὲν,

2203 4907 2288 4975 Τῷ
2319 4909 2465 4980 ἁγίῳ
2495 4907 2816 4977 Πνεύματι,
2847 4908 2940 4960 ἴνα
2976 4908 3053 4979 μὴ
3087 4908 3384 4979 νομίσωσιν
3413 4907 3758 4982 ἀνθρώπινον
3807 4905 3875 4962 εἷ-

2196 5015 2286 5063 ναι
2322 5014 2334 5026 ’
2364 4997 2427 5050 τὸ
2448 4995 2525 5062 δὲ,
2573 4996 2766 5065 Ἡμῖν,
2800 4996 2886 5049 ἵνα
2915 4994 3241 5065 διδαχθῶσιν
3263 5038 3278 5062 ,
3314 4996 3397 5051 ὅτι
3445 4999 3539 5052 καὶ
3577 5000 3734 5052 αὐτοὶ
3790 4997 3875 5051 καί

2199 5082 2576 5152 ἀποδέχονται,
2626 5083 2721 5135 καὶ
2773 5084 2830 5135 ἐν
2865 5085 3134 5155 περιτομῇ
3182 5082 3355 5147 ὅντες.
3420 5082 3628 5152 Μηδὲν
3670 5082 3874 5140 πλέον,

2199 5170 2386 5241 φησὶν,
2412 5168 2783 5224 ἐπιτίθεσθαι
2804 5168 3001 5239 βάρος
3014 5169 3177 5239 ὑμῖν.
3199 5170 3388 5223 Ταῦτα
3405 5171 3678 5241 λέγουσιν,
3696 5168 3873 5237 ἐπειδὴ

2200 5257 2339 5329 πρὸς
2367 5256 2691 5327 ἀνθρώπους
2715 5257 2967 5321 ἀσθενεῖς
2998 5255 3079 5311 ἐτι
3112 5259 3140 5311 ό
3172 5256 3329 5327 λόγος
3353 5254 3441 5330 ῆν,
3487 5260 3581 5314 καὶ
3639 5256 3875 5328 πεφοϐη-

2203 5344 2398 5415 μένους
2425 5342 2624 5407 αύτούς
2647 5360 2664 5376 θ
2686 5342 2775 5396 διὰ
2806 5342 2965 5396 τοῦτο
3002 5343 3096 5398 καὶ
3159 5343 3321 5401 τοῦτο
3364 5345 3709 5416 πρόσκειται.
3762 5341 3873 5395 Δεί-

2199 5449 2356 5486 κνυσι
2373 5432 2431 5485 δὲ
2446 5429 2566 5501 οὐχὶ
2587 5429 3049 5500 συγκαταϐἀσεως
3069 5431 3199 5485 ὅντα
3218 5432 3309 5487 τὸν
3340 5431 3518 5503 λόγον,
3550 5432 3672 5487 οὐδὲ
3695 5429 3872 5498 ἐπειδὴ

2199 5520 2473 5590 ἐφείδοντο
2521 5518 2702 5572 αὐτῶν
2751 5519 2873 5573 οὐδὲ
2920 5518 2996 5584 ὡς
3021 5519 3264 5574 ἀσθενῶν
3297 5537 3310 5551 ο
3349 5520 3488 5575 ἀλλά
3532 5519 3868 5577 τούναντίον·

2199 5607 2368 5678 πολλὴ
2400 5607 2511 5678 γάρ
2563 5606 2658 5661 καὶ
2691 5605 2800 5662 τῶν
2847 5606 3183 5661 διδασκάλων
3228 5606 3392 5672 αἰδὼς
3423 5602 3528 5681 ἦν·
3574 5610 3748 5662 ἐκεῖνο
3770 5603 3873 5674 γὰρ

2199 5696 2452 5767 περιττὸν
2485 5693 2652 5765 βάρος
2669 5691 2758 5766 ῆν.
2786 5695 2930 5767 Ὀρα
2955 5695 3217 5768 βραχεῖαν
3243 5695 3534 5769 ἐπιστολὴν
3556 5696 3706 5751 οὐδὲν
3722 5692 3872 5746 πλέον

2199 5777 2450 5850 ἔχουσαν,
2474 5777 2596 5831 ούδέ
2626 5778 2974 5843 κατασκευάς
3007 5779 3127 5832 ούδέ
3150 5779 3567 5852 συλλογισμοὺς,
3601 5779 3715 5834 ἀλλ’
3755 5776 3871 5829 ἐπί-

2200 5883 2388 5937 ταγμα
2423 5878 2472 5905 ο·
2507 5866 2823 5938 Πνεύματος
2854 5866 2961 5939 γάρ
2993 5863 3061 5938 ἦν
3088 5868 3400 5939 νομοθεσία.
3439 5871 3585 5923 ’Λνω
3616 5869 3704 5921 καὶ
3728 5865 3871 5918 κάτω

2287 5973 2315 6035 ει
2342 5971 2633 6033 Sequcnlia,
2662 5973 2851 6024 1610....
2879 5973 3034 6035 ῃησίν,
3056 5973 3237 6022 desunt
3256 5976 3308 6023 in
3334 5988 3449 6024 uno.
3517 5974 3543 6015 ιι
3573 5974 3720 6029 Mem,
3747 5969 3873 6035 Ὅρα

2201 6034 2336 6082 οὐδὲν
2369 6032 2732 6099 φορτικώτερον.
2803 6038 2825 6065 ε
2853 6032 3077 6096 Quidam,
3120 6036 3230 6085 οὐδὲ
3262 6037 3533 6102 λογισμοὺς,
3557 6036 3659 6083 ἀλλ’
3682 6032 3873 6089 ἐπιτάγε

2204 6111 2347 6158 ματα.
