4112 6426
283 398 382 455 ΞΗ

283 511 612 569 snhiudicat.
645 508 929 578 Quodnam
958 507 1125 564 illud?
1146 505 1209 563 Hi
1234 548 1251 574 ,
1282 507 1491 578 inquit,
1520 516 1645 562 ante
1669 520 1878 562 omnes.

288 605 480 659 Postea
507 617 642 657 vero
669 610 956 656 convertam
979 616 1059 654 me
1081 609 1127 654 ct
1154 599 1474 669 recediﬁcabo
1506 596 1885 652 tabernaculum

286 695 462 752 Diaeid
481 737 495 761 ,
524 694 662 766 quod
690 694 898 748 decidit.
926 693 980 748 Si
1002 692 1123 763 quis
1148 701 1396 748 accurate
1417 691 1663 761 exploret
1687 731 1701 755 ,
1731 689 1889 744 Davi-

296 790 372 845 dis
400 802 631 859 regnum
657 802 803 841 nunc
828 796 972 841 stare
1001 785 1253 841 inveniet.
1278 785 1412 840 Nam
1434 800 1555 839 cum
1585 799 1651 840 ex
1674 798 1741 839 eo
1766 787 1894 853 pre-

289 890 484 952 gnatus
513 888 706 951 regnet
734 921 751 947 ,
783 887 890 933 stat
916 878 1112 949 ubique
1146 894 1371 949 regnum
1416 878 1552 948 ejus.
1581 876 1718 944 Quid
1761 890 1890 946 pro—

286 981 413 1029 snnt
442 972 593 1029 enim
626 971 896 1027 domicilia
925 980 977 1026 et
1009 970 1134 1025 urbs
1159 1012 1176 1039 ,
1216 971 1260 1025 si
1292 970 1490 1026 subditi
1518 985 1622 1025 non
1651 969 1799 1024 sint?
1837 975 1893 1023 et

287 1064 419 1138 quid
444 1065 629 1122 damni
664 1081 730 1120 ex
758 1064 904 1120 urbis
931 1063 1147 1119 excidio
1170 1046 1341 1131 ,‘cum
1371 1077 1558 1118 omnes
1586 1062 1746 1117 etiam
1771 1060 1889 1115 ani—

288 1173 408 1216 mas
437 1174 566 1214 suas
595 1157 910 1229 impendere
939 1156 1143 1212 velint?
1175 1156 1356 1226 Itaque
1399 1171 1508 1211 non
1555 1155 1716 1210 modo
1744 1162 1845 1209 stat
1873 1194 1889 1219 ,

287 1253 387 1308 sed
414 1262 465 1307 et
490 1252 733 1306 omnium
756 1249 1250 1321 splendidissimum
1278 1248 1474 1304 factum
1498 1257 1583 1303 est
1607 1266 1621 1300 :
1648 1262 1769 1301 nam
1800 1262 1895 1317 per

289 1354 464 1399 totum
492 1358 637 1397 nunc
665 1343 850 1398 orbem
883 1340 1204 1397 celebratur.
1239 1340 1370 1396 Illud
1399 1341 1579 1395 evenit
1608 1357 1622 1398 :
1671 1354 1802 1410 ergo
1836 1348 1893 1394 et

290 1438 397 1492 hoc
424 1437 644 1492 evenire
674 1442 906 1504 oportet.
946 1432 1049 1489 Ubi
1085 1444 1262 1488 autem
1295 1433 1428 1487 dixit
1456 1475 1472 1499 ,
1507 1432 1851 1500 Rewdiﬁcubo
1874 1472 1891 1496 ,

288 1543 515 1582 causam
544 1525 688 1581 addit
718 1544 730 1580 :
762 1524 829 1581 Ut
855 1526 1115 1595 requirant
1139 1525 1307 1579 ueteri
1333 1524 1560 1578 homines
1589 1523 1892 1576 Dominum.

288 1621 350 1674 Si
380 1634 515 1689 ergo
543 1617 661 1673 ideo
688 1625 866 1673 erecta
896 1627 978 1673 est
1007 1617 1195 1672 civitas
1227 1627 1447 1687 propter
1483 1632 1605 1670 enm
1634 1657 1651 1681 ,
1695 1615 1785 1686 qui
1826 1631 1892 1669 ex

298 1711 441 1780 ipsis
464 1750 479 1774 ,
522 1709 688 1780 palam
723 1719 807 1764 est
845 1708 1184 1765 remdiﬁca‘m
1213 1709 1448 1763 civitatis
1478 1722 1693 1762 causam
1733 1707 1897 1762 fuisse

302 1802 540 1871 gentium
567 1801 919 1855 vocationem.
968 1799 1195 1867 Quinam
1243 1808 1369 1853 sunt
1416 1797 1664 1868 Reliqui?
1696 1796 1776 1852 Illi
1804 1797 1895 1867 qni

305 1903 433 1947 tunc
464 1893 916 1961 relinquebantur.
950 1890 1055 1946 Sed
1085 1890 1205 1946 vide
1234 1891 1382 1945 illum
1412 1899 1467 1945 et
1505 1889 1751 1944 ordinem
1797 1904 1894 1943 cu-

296 1984 502 2038 stodire
525 2025 541 2049 ,
574 1994 628 2038 et
653 1983 919 2038 secundos
944 1983 1068 2038 illos
1095 1981 1372 2038 inducere.
1421 1980 1561 2034 Dixit
1605 1979 1892 2047 Dominus,

292 2076 382 2147 qui
405 2076 533 2147 facit
561 2075 667 2129 liter
692 2076 878 2129 omnia.
909 2073 1026 2129 Non
1056 2073 1219 2128 modo
1259 2072 1391 2128 dicit
1417 2113 1433 2138 ,
1479 2072 1573 2127 sed
1619 2079 1675 2126 et
1721 2072 1846 2125 facit
1878 2088 1892 2124 :

295 2183 426 2238 ergo
459 2168 551 2221 Dei
583 2181 718 2237 opus
742 2174 825 2221 est
854 2166 1065 2220 vocatio
1093 2164 1354 2235 gentium.
1395 2162 1553 2218 Aliud
1596 2173 1711 2218 erat
1753 2162 1895 2233 quod

292 2258 641 2330 qumrebalttr
660 2299 673 2321 ,
702 2258 843 2330 quod
868 2258 1065 2313 clarius
1091 2256 1306 2312 dicebat
1330 2255 1519 2311 Petrus
1549 2274 1560 2310 :
1585 2254 1701 2311 Non
1727 2268 1894 2324 opor-

296 2362 373 2406 tet
402 2351 526 2406 illos
554 2349 889 2405 circumcidi.
918 2348 1024 2405 Cur
1052 2363 1181 2419 ergo
1212 2349 1328 2403 haec
1356 2346 1734 2403 concinnat-is?
1756 2347 1897 2402 Sane

292 2462 403 2502 non
438 2444 539 2500 hoc
574 2444 827 2500 dicebant
866 2443 984 2510 illi,
1027 2442 1170 2513 quod
1219 2441 1504 2498 credentes
1552 2456 1655 2495 non
1698 2440 1889 2495 admit-

294 2538 443 2594 tendi
474 2545 688 2602 essent,
719 2535 811 2591 sed
838 2536 979 2607 quod
1007 2550 1128 2590 cum
1172 2535 1289 2605 lege
1327 2532 1665 2589 admittendi.
1699 2532 1767 2586 Et
1794 2532 1897 2587 hoc

291 2633 459 2686 etiam
492 2630 684 2686 Petrus
727 2629 863 2684 bene
899 2632 1247 2684 concionatus
1290 2635 1410 2693 est;
1453 2625 1546 2681 sed
1594 2626 1718 2696 quia
1767 2625 1895 2680 illud

294 2721 534 2777 maxime
563 2722 802 2776 omnium
834 2720 1107 2775 auditores
1137 2718 1426 2787 turbabat,
1461 2718 1563 2773 hoc
1596 2718 1757 2773 etiam
1802 2716 1894 2773 Ja-

295 2814 470 2869 cnbus
495 2819 666 2867 curat.
694 2810 762 2867 Et
788 2811 909 2866 vide
931 2854 945 2876 ,
981 2811 1033 2866 id
1060 2809 1204 2883 quod
1234 2809 1519 2880 oportebat
1547 2809 1663 2879 lege
1693 2809 1853 2863 statui
1879 2848 1894 2873 ,

295 2924 407 2962 non
436 2904 758 2960 servandam
787 2918 909 2960 esse
938 2903 1106 2974 legem
1131 2943 1148 2970 ,
1180 2903 1231 2958 id
1260 2901 1450 2958 Petrus
1477 2900 1685 2956 induxit
1713 2919 1724 2954 :
1755 2901 1897 2972 quod

297 3013 432 3052 vero
459 3004 701 3053 nostrum
732 3005 817 3051 est
841 3038 857 3064 ,
881 2995 1132 3066 quodque
1143 2993 1254 3065 jam
1277 2993 1404 3048 olim
1427 3004 1737 3063 susceptum
1760 2991 1858 3047 fuit
1879 3033 1897 3061 ,

300 3093 405 3148 hoc
430 3090 564 3146 dicit
592 3090 693 3144 iste
716 3130 732 3157 ,
765 3098 822 3144 et
853 3097 1099 3144 versatur
1127 3088 1180 3143 in
1206 3102 1274 3143 eo
1300 3129 1317 3155 ,
1344 3086 1413 3143 de
1453 3103 1561 3157 quo
1601 3085 1734 3141 nihil
1764 3087 1898 3141 scri-

298 3195 453 3255 ptum
499 3190 646 3246 erat;
692 3188 751 3235 ut
794 3195 889 3250 per
936 3195 1050 3234 rem
1094 3193 1410 3235 concessam
1460 3179 1672 3234 illorum
1716 3187 1900 3256 curata

297 3285 529 3340 mente,
582 3273 681 3330 hoc
717 3273 879 3328 etiam
932 3278 1237 3343 opportune
1289 3270 1590 3327 induceret.
1637 3269 1765 3325 Ideo
1810 3286 1903 3342 ego

297 3368 479 3441 indico
509 3381 610 3420 non
636 3364 909 3433 inquietari
929 3379 1011 3418 eos
1035 3405 1051 3431 ,
1067 3364 1154 3434 qui
1173 3379 1239 3418 ea:
1255 3362 1486 3434 gentibus
1503 3372 1902 3425 convertuntur;

302 3460 357 3517 id
384 3466 471 3516 est
493 3499 510 3527 ,
538 3474 643 3513 non
670 3457 996 3513 avertendos
1023 3471 1165 3512 esse.
1211 3455 1347 3511 Nam
1385 3456 1429 3510 si
1476 3456 1615 3510 Deus
1652 3456 1861 3511 vocavit
1885 3497 1901 3523 ,

301 3564 362 3609 et
388 3552 497 3607 illa:
523 3549 927 3606 observationes
958 3557 1242 3615 avertunt,
1275 3557 1460 3603 contra
1496 3547 1663 3601 Deum
1694 3562 1902 3617 pugna-

303 3660 450 3699 mus.
484 3641 549 3697 Et
572 3651 721 3697 recte
748 3640 921 3707 dixit,
974 3640 1078 3717 Qui
1123 3656 1186 3695 ea;
1229 3639 1459 3711 gentibus
1506 3648 1901 3699 convertuntur.

303 3735 591 3792 declarans
619 3748 905 3804 supernam
953 3733 1023 3788 de
1049 3732 1156 3789 illis
1180 3733 1271 3788 Dei
1305 3730 1695 3801 providentiam
1716 3770 1735 3800 ,
1758 3732 1907 3800 ipso-

306 3842 541 3898 rumque
564 3825 974 3896 obsequentiam
1001 3824 1213 3880 vocanti
1238 3822 1744 3894 obtemperantium.
1770 3821 1908 3889 Quid

304 3921 411 3976 sibi
465 3920 577 3974 vult
611 3918 740 3974 illud
766 3960 782 3984 ,
821 3917 1008 3971 Iudico
1046 3917 1183 3988 ego?
1223 3915 1278 3970 Id
1322 3924 1442 3980 est,
1484 3929 1605 3970 cum
1645 3922 1910 3983 potestate

308 4014 437 4068 dico
467 4027 581 4067 rem
613 4012 682 4066 ita
712 4024 852 4065 esse.
889 4009 993 4064 Sed
1017 4007 1339 4063 scribendum
1364 4007 1488 4077 ipsis
1525 4022 1632 4061 esse
1662 4014 1716 4059 ut
1749 4004 1909 4059 absti-

308 4114 468 4160 neant
492 4146 505 4169 ,
538 4103 744 4174 inquit,
772 4104 835 4155 ab
854 4101 1130 4155 intmolatis
1156 4099 1411 4155 idolorum
1437 4138 1452 4165 ,
1479 4116 1511 4151 a
1537 4098 1872 4169 fornicatione
1892 4138 1908 4162 ,

308 4217 344 4254 α
370 4196 623 4265 sit/forato
661 4209 707 4251 ct
742 4197 1010 4267 sanguine.
1056 4195 1179 4249 Ilaec
1220 4195 1365 4249 enim
1412 4193 1537 4249 licet
1567 4191 1867 4263 corporalia
1893 4230 1907 4254 ,

310 4291 603 4346 observant
656 4287 957 4343 necessaria
999 4295 1164 4352 sunt,
1208 4285 1332 4356 quia
1386 4298 1578 4353 magna
1631 4282 1914 4353 pariebant

312 4383 480 4437 mala.
509 4378 586 4435 Ne
610 4381 729 4449 quis
752 4392 879 4434 vero
905 4377 1160 4447 objiciat:
1186 4377 1366 4444 Quare
1393 4391 1500 4430 non
1524 4375 1725 4431 Iudaeis
1751 4375 1911 4429 etiam

313 4475 445 4531 talia
475 4471 796 4528 scribimus?
819 4471 1000 4540 adjicit
1025 4487 1039 4524 ε
1075 4470 1278 4541 Moyses
1306 4485 1338 4522 a
1365 4469 1669 4540 tempOribus
1693 4467 1915 4537 antiquis

315 4583 412 4639 per
441 4579 614 4618 omnes
643 4564 863 4617 civitates
887 4561 1031 4616 habet
1070 4562 1154 4635 qui
1191 4561 1466 4632 prwdicent
1505 4576 1654 4626 eum;
1695 4559 1746 4615 id
1796 4569 1911 4627 est,

320 4659 535 4731 Moyses
562 4656 665 4711 illis
691 4654 1000 4725 frequenter
1027 4654 1284 4725 loquitur.
1333 4653 1447 4708 Iloc
1474 4653 1576 4709 sibi
1622 4653 1735 4708 vult
1772 4653 1916 4708 enim

320 4750 457 4806 illud
478 4792 495 4816 ,
541 4747 643 4804 Per
669 4765 818 4804 omne
840 4746 1100 4801 sabbatum
1128 4746 1330 4818 legitur.
1382 4745 1513 4801 Vide
1555 4755 1810 4815 quantum
1859 4759 1918 4801 se

327 4850 664 4911 attemperet.
689 4839 790 4895 Ubi
822 4838 956 4894 nihil
979 4839 1161 4893 nocuit
1179 4879 1194 4903 ,
1219 4837 1497 4891 doctorem
1520 4835 1624 4890 illis
1648 4836 1876 4890 instituit
1900 4877 1916 4903 ,

236 4919 245 4923 ’
330 4943 384 4986 et
411 4933 635 5004 gratiam
661 4931 885 5001 largitus
913 4939 1032 4997 est,
1065 4927 1201 4984 nihil
1242 4928 1619 4998 impedientem
1643 4968 1659 4994 ,
1694 4929 1918 4997 permit-

327 5036 450 5080 lens
474 5023 674 5079 Iudaeis
703 5034 758 5077 ut
791 5023 941 5077 illum
971 5036 1064 5090 per
1093 5019 1271 5075 omnia
1304 5018 1557 5084 audiant,
1603 5026 1657 5074 et
1693 5018 1921 5088 gentiles

324 5117 394 5169 ab
413 5128 482 5169 eo
505 5113 778 5170 abducens
805 5131 817 5166 :
843 5112 1036 5167 deinde
1055 5127 1118 5165 ex
1139 5111 1207 5165 iis
1228 5151 1243 5175 ,
1274 5108 1727 5180 qneisvidebatur
1749 5110 1920 5180 ipsum

327 5209 602 5263 honorare
631 5215 686 5261 et
714 5206 825 5260 suis
855 5205 1129 5259 doctorem
1146 5203 1476 5258 constituere
1496 5242 1511 5267 ,
1533 5212 1723 5272 gentes
1742 5201 1808 5257 ab
1832 5202 1924 5255 illo

324 5300 576 5356 abduxit.
596 5296 704 5352 Cur
723 5311 851 5367 ergo
870 5296 939 5351 ab
959 5294 1051 5349 illo
1073 5310 1179 5350 non
1199 5292 1453 5349 discunt?
1469 5291 1550 5347 Ob
1567 5292 1924 5362 inobsequen-

329 5396 459 5448 tiam
489 5406 663 5446 suam.
696 5389 831 5444 Hinc
851 5386 1126 5454 ostendit,
1156 5385 1288 5455 ipsis
1319 5385 1449 5439 nihil
1475 5383 1611 5440 ultra
1633 5386 1926 5440 observan-

326 5485 461 5539 dum
490 5497 634 5538 esse.
663 5480 818 5550 Quod
846 5479 891 5534 si
924 5494 1030 5534 non
1060 5476 1359 5534 scribamus
1384 5517 1400 5543 ,
1434 5490 1540 5530 non
1568 5484 1650 5531 est
1676 5475 1821 5546 quod
1850 5475 1924 5529 illi

330 5575 570 5632 debeant
596 5572 799 5643 aliquid
829 5571 1058 5641 amplius
1074 5568 1403 5634 observare;
1425 5565 1520 5622 sed
1543 5567 1686 5637 quod
1708 5567 1784 5622 illi
1811 5566 1929 5621 hu-c

331 5674 605 5727 dicentem
633 5667 882 5731 habeant.
913 5664 1023 5720 Nec
1048 5662 1178 5719 dicit
1205 5683 1218 5721 :
1247 5661 1325 5717 Ne
1351 5659 1774 5716 scandalizemus
1800 5674 1924 5727 eos,

331 5778 512 5835 neque
536 5760 913 5816 subvertamus
935 5784 955 5822 ,-
982 5764 1044 5811 ut
1073 5754 1269 5811 Paulus
1291 5751 1497 5810 Calatis
1521 5751 1655 5809 dixit
1681 5748 1841 5824 (6a..
1868 5750 1915 5810 ί

334 5854 433 5927 7);
463 5851 565 5910 sed
590 5892 607 5921 ,
642 5848 1121 5929 Ncinquieteqms:
1148 5846 1201 5901 id
1239 5844 1384 5917 quod
1429 5843 1558 5900 nihil
1605 5845 1750 5903 aliud
1795 5858 1930 5917 opus

1258 392 1323 450 IN
1364 391 1546 450 ACTA
1589 389 2114 449 APOSTOLORUM.
2159 392 2389 451 IIOMIL.
2429 393 2671 451 XXXIII.

3494 398 3603 455 2i!

1996 505 2195 563 Iudicat
2220 552 2236 577 ,
2268 525 2428 580 quam
2458 510 2916 576 obturbationem,
2956 510 3046 568 Sic
3089 518 3258 567 totum
3298 513 3479 568 solvit.
3523 515 3603 568 Et

1992 600 2205 656 videtur
2232 603 2452 672 quidem
2480 604 2642 659 etiam
2680 603 2854 675 legem
2894 619 3153 671 servare,
3197 605 3343 676 quod
3390 621 3454 659 ex
3504 606 3593 659 illa

1996 692 2116 749 hare
2141 704 2412 760 assumat;
2445 697 2539 753 sed
2570 698 2730 752 Solvit
2758 697 2906 753 illam
2930 739 2945 763 ,
2976 698 3117 768 quod
3151 698 3268 754 haec
3295 699 3411 754 sola
3441 714 3601 754 assu-

1997 796 2128 842 mat.
2148 790 2309 860 Atqni
2332 805 2477 861 swpe
2499 792 2603 846 illis
2623 791 2691 847 de
2717 791 2802 847 bis
2823 781 3072 862 loqntitus
3095 800 3214 857 est;
3249 795 3341 847 sed
3367 801 3425 848 ut
3446 793 3599 847 vide-

1997 888 2150 935 retur
2201 883 2366 936 etiam
2418 882 2588 953 legem
2634 884 2942 951 honorare,
2991 898 3165 955 neque
3213 883 3328 939 hinc
3370 885 3520 954 quasi
3568 899 3599 938 α

1996 967 2187 1041 Moyse
2216 970 2399 1028 dicere
2424 1012 2440 1039 ,
2473 973 2568 1029 sed
2597 974 2750 1043 quasi
2781 973 2851 1029 ab
2888 975 3185 1045 apostolis;
3228 983 3280 1029 et
3329 984 3389 1028 ut
3430 975 3598 1028 multa

1997 1056 2199 1114 faceret
2225 1073 2524 1134 praecepta,
2574 1079 2739 1119 unum
2787 1063 2989 1119 divisit.
3032 1064 3147 1119 Hoc
3190 1065 3315 1119 illos
3359 1065 3599 1118 maxime

1996 1149 2222 1208 sedavit.
2277 1153 2355 1208 Ex
2408 1154 2741 1224 providentia
2767 1172 2896 1211 vero
2922 1156 3190 1211 dissensio
3222 1155 3354 1210 [κει-ι
3383 1165 3468 1211 est
3492 1196 3505 1217 ,
3538 1165 3597 1208 ut

2000 1252 2124 1313 post
2152 1243 2543 1303 dissensionem
2574 1247 2781 1303 ﬁrmius
2807 1257 2952 1305 esset
2980 1247 3195 1319 dogma.
3231 1247 3376 1302 Tunc
3404 1246 3600 1319 placuit

1999 1338 2246 1406 apostolis
2270 1379 2287 1405 ,
2318 1338 2522 1409 inquit,
2549 1340 2685 1396 uiros
2714 1341 2984 1410 primarius
3011 1342 3066 1395 in
3100 1342 3348 1412 fratribus
3381 1342 3598 1396 mittere.

1998 1426 2115 1482 Non
2143 1429 2389 1495 vulgares
2413 1472 2428 1497 ,
2452 1431 2545 1486 sed
2575 1433 2871 1502 prmeipuos
2896 1434 3114 1488 mittunt
3139 1432 3377 1499 electos;
3406 1432 3483 1487 Iis
3511 1434 3602 1503 qui

2000 1519 2284 1575 Antiochia:
2307 1533 2487 1585 erant,
2524 1524 2736 1594 inquit,
2776 1524 2832 1577 in
2877 1523 3034 1595 Syria
3072 1535 3118 1579 et
3164 1525 3218 1579 in
3257 1523 3437 1578 Cilicia
3461 1565 3476 1590 ,
3507 1525 3601 1580 ubi

1998 1613 2221 1668 morbus
2244 1625 2396 1669 ortus
2427 1616 2619 1670 fuerat.

2072 1707 2125 1762 '5.
2173 1706 2302 1762 Vide
2326 1709 2596 1778 quomodo
2624 1709 2755 1764 nihil
2799 1709 3085 1765 molestum
3114 1716 3303 1764 contra
3340 1696 3463 1764 illos
3510 1707 3598 1763 di-

2000 1805 2165 1865 cant,
2196 1799 2289 1854 sed
2317 1799 2369 1853 id
2404 1816 2569 1854 unum
2598 1808 2880 1871 spectent,
2923 1810 2983 1855 nt
3028 1809 3174 1856 recte
3217 1816 3308 1855 res
3355 1812 3599 1856 curetur.

2000 1892 2113 1948 Hoc
2142 1894 2285 1949 enim
2318 1893 2586 1949 efﬁciebat
2611 1935 2626 1961 ,
2657 1903 2716 1949 ut
2755 1896 2845 1965 qui
2888 1895 2999 1949 illic
3046 1895 3368 1950 seditionem
3418 1910 3603 1951 move-

1998 1993 2161 2048 rant,
2210 1985 2618 2039 conﬁterentnr.
2669 1985 2784 2039 Non
2826 1986 3119 2053 dixerunt,
3174 1984 3501 2042 Seduetores
3548 1997 3603 2041 et

2001 2077 2327 2147 perniciosi,
2360 2088 2416 2133 et
2446 2078 2528 2133 his
2555 2079 2750 2133 similia
2778 2097 2792 2140 ;
2825 2078 2951 2134 licet
2975 2079 3066 2133 ubi
3093 2094 3230 2148 opus
3257 2085 3341 2133 est
3378 2079 3479 2132 hoc
3524 2077 3604 2132 fa.

2000 2169 2108 2223 ciat
2139 2168 2334 2223 Paulus
2358 2209 2375 2234 ,
2407 2179 2467 2224 ut
2497 2184 2618 2225 cum
2650 2170 2780 2224 dicit
2808 2188 2820 2222 :
2855 2168 2900 2222 0
2926 2171 3072 2240 plene
3115 2171 3255 2223 omni
3290 2168 3411 2223 dolo
3443 2169 3599 2240 (Act.

2002 2261 2089 2318 I3.
2123 2262 2191 2318 IO
2218 2263 2270 2327 )l
2306 2262 2393 2317 hic
2420 2279 2552 2317 vero
2578 2279 2701 2318 cum
2743 2261 3012 2318 emendati
3056 2272 3235 2318 essent
3260 2304 3276 2326 ,
3332 2278 3437 2316 non
3487 2275 3604 2319 erat

1999 2370 2155 2426 opus.
2184 2355 2253 2409 Et
2285 2356 2408 2411 vide
2438 2373 2452 2410 :
2481 2371 2586 2410 non
2626 2356 2729 2411 hoc
2774 2364 3015 2426 ponunt,
3061 2355 3290 2425 Quidam
3331 2370 3400 2411 ex
3447 2354 3603 2410 nobis

1997 2448 2275 2518 jusserunt
2300 2464 2396 2502 vos
2427 2448 2599 2519 legem
2644 2464 2903 2515 servare;
2953 2448 3084 2515 sed,
3132 2448 3479 2503 Turbavernnt
3513 2463 3601 2501 vos

1999 2541 2161 2595 verbis
2207 2552 2499 2597 everteutes.
2546 2541 2700 2596 Nulla
2751 2541 2922 2612 magis
2964 2541 3182 2612 prepria
3227 2541 3395 2595 dictio
3441 2550 3600 2599 erat;

2003 2635 2182 2692 nullus
2214 2634 2284 2688 ita
2312 2624 2470 2688 dixit.
2500 2634 2722 2688 Animas
2751 2648 2871 2703 qua:
2894 2633 3005 2702 jam
3032 2632 3255 2687 ﬁrmata:
3285 2642 3441 2688 erant
3465 2673 3480 2691 .
3515 2633 3601 2684 in-

2000 2728 2116 2798 qnit
2135 2768 2148 2792 ,
2172 2726 2563 2788 subvertentes,
2588 2725 2741 2795 quasi
2764 2726 2816 2779 in
2837 2723 3067 2780 aediﬁcio
3090 2766 3106 2791 ,
3126 2741 3244 2793 qua:
3262 2724 3446 2779 abillis
3465 2723 3601 2779 facta

1999 2827 2158 2874 erant
2206 2826 2490 2889 ponentes.
2541 2817 2778 2884 Quibus,
2826 2817 3038 2887 inquit,
3092 2833 3195 2871 non
3249 2817 3605 2888 prrecepimus.

2006 2909 2209 2966 Placuit
2241 2926 2360 2980 ergo
2389 2908 2531 2963 nobis
2555 2926 2655 2963 una
2676 2908 2899 2963 collectis
2920 2908 3228 2962 unanimiter
3246 2925 3361 2963 cum
3388 2908 3606 2961 dilectis.

2004 3000 2062 3057 Si
2089 3000 2268 3056 dilecti
2296 3042 2312 3067 ,
2343 3015 2449 3055 non
2476 3008 2825 3055 contemnent
2849 3014 2985 3055 eos:
3031 2999 3077 3054 si
3112 2998 3449 3053 tradiderunt
3485 2999 3608 3052 ani-

2003 3108 2161 3159 mas,
2217 3092 2319 3162 ipsi
2373 3107 2587 3162 quoque
2631 3090 2737 3148 ﬁde
2778 3090 2922 3162 digni
2971 3097 3120 3146 sunt.
3168 3087 3407 3145 Misimus
3447 3106 3606 3162 ergo,

2005 3185 2180 3257 inquit
2206 3227 2222 3251 ,
2254 3184 2448 3238 ludam
2473 3194 2519 3238 et
2551 3182 2723 3237 Silam
2746 3224 2761 3248 ,
2805 3192 2853 3237 et
2890 3184 3029 3254 ipsos
3061 3181 3211 3237 verbo
3247 3183 3611 3236 annuntiantes

2006 3278 2134 3334 haec.
2167 3276 2464 3347 Oportebat
2490 3277 2632 3331 enim
2659 3296 2675 3342 ,-
2708 3285 2768 3330 nt
2795 3291 2903 3330 non
2926 3274 3156 3346 epistola
3184 3275 3296 3330 sola
3325 3288 3612 3344 compare-

2006 3379 2090 3426 ret
2114 3411 2132 3437 ,
2163 3384 2229 3424 ne
2255 3369 2503 3424 dicerent
2552 3368 2699 3438 ipsos
2736 3368 3033 3422 extorsisse
3059 3408 3074 3433 ,
3124 3375 3178 3423 et
3216 3367 3317 3421 alia
3367 3380 3464 3436 pro
3496 3365 3614 3419 aliis

2007 3463 2230 3519 dixisse.
2260 3462 2399 3517 Laus
2427 3462 2574 3517 Pauli
2600 3470 2653 3516 et
2674 3461 2805 3516 socii
2833 3475 3020 3516 eorum
3043 3475 3138 3516 ora
3163 3460 3451 3514 obstruxit.
3487 3459 3615 3516 Ideo

2010 3569 2240 3623 namque
2267 3568 2440 3622 neque
2488 3553 2685 3607 Paulus
2722 3552 2874 3607 solus
2920 3565 3098 3621 neque
3143 3551 3418 3605 Barnabas
3461 3551 3611 3605 solus

2009 3646 2195 3710 venit,
2225 3643 2321 3699 sed
2353 3645 2511 3698 etiam
2539 3643 2627 3696 alii
2659 3643 2728 3697 de
2756 3642 2997 3698 Ecclesia
3022 3683 3037 3706 ,
3072 3657 3142 3696 ne
3178 3641 3379 3695 uter'vis
3417 3656 3613 3710 snspe—

2011 3730 2130 3793 ctus
2158 3745 2338 3800 esset,
2372 3734 2495 3804 quia
2529 3735 2717 3804 dogma
2752 3732 2880 3788 illud
2922 3733 3200 3804 amplexus
3245 3741 3392 3797 erat,
3439 3747 3615 3800 neque

2016 3829 2050 3883 ii
2084 3835 2285 3882 tantum
2328 3827 2420 3896 qui
2473 3826 2539 3879 ab
2587 3825 2963 3897 Jerosolymis.
3012 3823 3260 3881 Ostendit
3303 3837 3464 3893 quam
3508 3822 3616 3877 ﬁde

2015 3919 2160 3990 digni
2190 3919 2294 3973 sint
2321 3935 2334 3970 :
2369 3933 2472 3971 non
2503 3927 2852 3986 exaequantes
2879 3931 2937 3970 se
2957 3957 2972 3981 ,
3005 3916 3175 3985 inquit
3207 3931 3221 3980 ;
3256 3929 3431 3984 neque
3466 3915 3611 3968 enim

2014 4009 2088 4069 ita
2120 4008 2410 4064 insaniunt.
2459 4007 2691 4075 Ideoque
2728 4005 2935 4062 addidit
2982 4006 3111 4061 illud
3135 4047 3150 4072 ,
3195 4004 3505 4060 Hominibus
3530 4007 3617 4076 qui

2018 4102 2337 4156 tradiderunt
2361 4098 2563 4152 animas
2584 4115 2702 4153 suas
2734 4115 2827 4167 pro
2854 4096 3055 4152 nomine
3085 4095 3289 4150 Domini
3309 4097 3469 4150 nostri
3487 4094 3616 4149 Jesu

2018 4191 2227 4248 Christi.
2263 4191 2327 4245 Et
2351 4205 2448 4244 cur
2472 4189 2642 4252 dixit,
2677 4187 2855 4242 Visum
2883 4197 2954 4242 est
2976 4188 3196 4256 Spiritui
3224 4197 3398 4241 sancto
3433 4196 3479 4240 et
3516 4202 3615 4239 no-

2021 4286 2096 4339 bis
2120 4326 2135 4352 ,
2161 4298 2325 4354 quum
2357 4282 2632 4337 sufﬁceret
2657 4279 2860 4334 dixisse
2885 4305 2916 4345 ,-
2934 4279 3154 4350 Spiritui
3174 4289 3347 4333 sancto
3373 4281 3396 4332 .’
3438 4277 3569 4331 Illud
3596 4318 3613 4343 ,

2022 4375 2241 4447 Spiritui
2269 4383 2445 4428 sancto
2469 4414 2483 4437 ρ
2510 4373 2726 4443 ponitur
2750 4414 2764 4438 ,
2793 4386 2860 4427 ne
2891 4380 3138 4441 putarent
3167 4371 3458 4424 humanum
3490 4367 3615 4439 quid

2021 4482 2185 4534 esse;
2214 4465 2340 4521 illud
2390 4479 2558 4532 vero,
2612 4463 2816 4527 Nobis,
2844 4473 2905 4518 ut
2948 4462 3217 4517 discerent
3265 4462 3411 4533 ipsos
3453 4461 3617 4516 etiam

2021 4559 2385 4617 admittendos
2440 4573 2596 4625 esse,
2651 4558 2780 4619 licet
2832 4556 2885 4611 in
2940 4556 3351 4613 circumcisione
3410 4564 3617 4610 essent.

2025 4653 2178 4709 Nihil
2203 4655 2337 4709 ultra
2359 4692 2373 4717 ,
2399 4653 2684 4722 inquiunt,
2706 4651 2845 4705 vobis
2870 4649 3063 4721 imponi
3081 4664 3235 4707 onus.
3253 4649 3374 4703 llaec
3390 4648 3577 4702 dicunt
3601 4688 3618 4713 ,

2024 4748 2146 4818 quia
2179 4745 2244 4800 ad
2274 4744 2516 4800 inﬁrmos
2542 4758 2723 4799 sermo
2746 4751 2867 4797 erat
2889 4782 2907 4810 ,
2933 4748 2991 4796 et
3016 4739 3394 4796 formidolosus
3419 4754 3434 4789 :
3465 4738 3620 4794 ideo.

2025 4852 2131 4906 que
2158 4848 2209 4890 et
2238 4836 2339 4890 hoc
2368 4835 2639 4905 adjicitur.
2667 4832 2915 4888 Ostendit
2940 4842 3118 4888 autem
3143 4846 3250 4886 non
3278 4830 3622 4900 indulgentia:

2028 4943 2334 4985 sermonem
2364 4942 2521 4993 esse,
2552 4932 2604 4980 ut
2637 4934 2924 4996 parcerent
2962 4923 3067 4979 illis
3111 4933 3174 4979 ut
3212 4923 3477 4987 infirmis;
3515 4925 3623 4977 imo

2028 5032 2237 5077 contra.
2270 5019 2492 5088 Magnus
2518 5017 2660 5072 enim
2685 5016 2969 5071 doctorum
2997 5017 3173 5085 pudor
3199 5023 3315 5071 erat
3343 5034 3358 5069 :
3406 5015 3457 5069 id
3493 5029 3621 5069 vero

2030 5113 2359 5183 Supet'lluum
2389 5109 2575 5164 luisset
2599 5123 2757 5163 onus.
2784 5107 2916 5162 Vide
2944 5108 3160 5162 brevem
3182 5106 3460 5177 epiStolam
3491 5103 3623 5156 nihil

2032 5202 2341 5259 redundans
2372 5200 2658 5255 habentem
2684 5240 2700 5268 ,
2755 5213 2856 5254 nec
2903 5206 3220 5268 apparatum
3257 5208 3357 5250 nec
3399 5192 3623 5264 syllogi-

2032 5309 2178 5348 smos
2199 5335 2214 5359 ,
2245 5292 2338 5348 sed
2368 5300 2696 5364 praeceptum
2727 5309 2742 5347 :
2773 5298 2891 5345 erat
2912 5290 3052 5345 enim
3086 5289 3170 5342 lex
3191 5286 3438 5356 Spiritus.
3466 5283 3622 5351 Stepe

2034 5385 2137 5440 hoc
2165 5393 2363 5438 vocant
2398 5398 2556 5439 onus.
2597 5382 2913 5455 Cougregata
2946 5378 3268 5435 multitudine
3304 5375 3623 5430 tradiderunt

2033 5474 2321 5546 epistolam.
2357 5475 2483 5530 Post
2506 5474 2788 5544 epistolam
2815 5483 2870 5528 et
2898 5473 2999 5540 ipsi
3033 5470 3208 5526 verbis
3248 5467 3625 5523 exhortantur.

2035 5566 2145 5621 llae
2172 5567 2296 5621 item
2329 5582 2390 5621 re
2413 5581 2550 5635 opus
2574 5573 2693 5620 erat
2717 5606 2729 5629 ,
2762 5573 2816 5618 ut
2836 5562 2902 5616 ab
2924 5562 3068 5617 omni
3094 5558 3397 5628 suSpicione
3422 5556 3627 5611 libera-

2037 5667 2243 5716 rentur.
2279 5655 2347 5711 Et
2372 5656 2471 5726 ipsi
2494 5693 2510 5720 ,
2544 5656 2750 5724 inquit,
2776 5670 2891 5707 cum
2919 5662 3078 5706 essent
3108 5649 3405 5722 prophctte,
3434 5664 3627 5702 sermo-

2038 5751 2184 5807 nibus
2214 5749 2389 5803 multis
2417 5747 2674 5802 exhortati
2710 5757 2829 5800 sunt
2874 5745 3082 5815 [rati-es.
3125 5746 3293 5812 Quam
3332 5743 3438 5798 ﬁde
3480 5742 3628 5814 digni

2043 5853 2227 5903 essent
2260 5842 2343 5897 hic
2362 5837 2703 5906 ostenditur;
2756 5837 3017 5911 potuisset
3042 5846 3096 5895 et
3141 5835 3375 5903 I‘aulus;
3403 5836 3500 5895 sed
3529 5836 3629 5892 hes
