4112 6474
476 447 589 505 ειδ

484 556 678 611 adesse
706 569 841 626 opus
869 562 1001 608 erat.
1042 551 1205 606 Facto
1235 561 1400 606 autem
1430 551 1499 604 ibi
1526 551 1786 620 aliquanto
1821 559 2041 617 tempore
2059 590 2073 614 ,

485 648 683 700 dimissi
709 655 827 699 sum
871 660 985 698 cum
1030 660 1171 711 pace.
1220 642 1334 696 Non
1380 642 1489 711 jam
1537 641 1732 695 seditio
1758 681 1772 704 ,
1828 656 1932 693 non
1971 639 2079 709 jam

484 737 718 792 aversio.
752 735 851 790 llic
879 735 1007 789 mihi
1039 734 1247 788 videtur
1277 733 1401 787 illos
1445 732 1723 788 dexteram
1774 734 2077 801 accepisse,

488 845 541 882 ut
578 830 691 898 ipse
720 830 796 882 ait
824 847 836 881 :
872 828 1115 883 Dextera:
1141 827 1390 881 dederunt
1420 827 1545 879 mihi
1583 836 1630 880 et
1668 825 1920 879 Bnrnabaa
1943 842 2082 879 com-

486 922 743 974 munionis
774 920 794 996 (
822 920 994 975 Galat.
1027 922 1081 975 2.
1112 920 1206 988 9).
1245 920 1430 974 Postea
1463 918 1631 973 dicit:
1664 917 1815 971 Nihil
1845 918 1970 970 milii
1993 920 2086 970 ad-

483 1011 726 1065 diderunt
765 1010 785 1075 ί
810 1009 949 1065 Ibid.
979 1027 1025 1064 υ.
1061 1010 1156 1084 6).
1199 1010 1326 1079 Ejus
1349 1024 1579 1079 namque
1601 1009 1919 1064 sententiam
1952 1023 2083 1061 con-

489 1104 775 1157 ﬁrmarunt
796 1144 813 1171 ,
849 1102 1204 1158 laudaverunt
1228 1143 1244 1167 ,
1277 1116 1393 1156 eam
1425 1112 1479 1156 et
1512 1102 1688 1155 mirati
1716 1108 1860 1155 sunt.
1890 1098 2085 1156 Osten-

489 1195 569 1249 dit
596 1198 696 1251 hoc
722 1211 879 1267 posse
898 1197 1151 1250 humanis
1177 1195 1471 1251 ratiociniis
1493 1196 1728 1266 conspici
1751 1236 1766 1261 ,
1796 1212 1893 1250 uec
1914 1197 2086 1249 solum

489 1303 521 1341 a
548 1289 749 1356 Spiritu
775 1331 790 1354 ,
823 1290 945 1360 quia
972 1289 1307 1345 admiserunt
1337 1301 1613 1361 peccatum
1659 1299 1905 1344 correctu
1949 1288 2089 1343 diflt-

492 1382 635 1435 cile:
672 1384 804 1436 tales
846 1382 1047 1453 quippe
1094 1397 1184 1436 res
1225 1396 1329 1435 non
1372 1393 1534 1451 egent
1574 1381 1799 1452 Spiritu.
1846 1379 2087 1435 Ostendit

494 1480 688 1525 ca'tvra
744 1487 851 1526 non
901 1488 1022 1528 esse
1074 1474 1416 1539 necessaria;
1470 1474 1578 1527 imo
1625 1473 1891 1544 superflua
1933 1488 2087 1535 esse,

495 1563 757 1631 siquidem
792 1564 907 1618 haec
946 1565 1269 1619 necessaria.
1316 1564 1392 1617 Ab
1442 1565 1520 1618 Itis
1568 1566 1613 1618 si
1650 1565 1961 1619 servaveri/is
2005 1581 2091 1618 vos

495 1654 656 1721 ipsos,
684 1656 853 1724 inquit
877 1698 891 1719 ,
916 1655 1040 1709 bene
1078 1657 1295 1727 facietis.
1318 1656 1565 1711 Declarat
1582 1655 1711 1709 nihil
1736 1655 1865 1726 ipsis
1881 1655 2090 1719 deesse,

496 1746 589 1801 sed
621 1747 725 1803 hoc
752 1748 1024 1803 sufﬁcere.
1058 1748 1274 1803 Poterat
1298 1757 1352 1803 et
1378 1749 1494 1802 sine
1522 1748 1725 1811 literis,
1758 1747 1854 1802 sed
1901 1758 1960 1802 ut
2009 1749 2090 1802 lcx

498 1838 570 1892 ita
618 1840 817 1908 scripta
861 1848 1044 1903 esset,
1086 1839 1370 1909 epistolam
1412 1841 1641 1893 mittunt.
1680 1838 1747 1892 Et
1774 1838 1967 1893 iterum
1993 1878 2007 1903 ,
2040 1848 2096 1892 ut

498 1929 603 2000 legi
633 1931 1112 2001 obtemperarent,
1145 1940 1198 1985 et
1229 1931 1335 1985 illis
1360 1930 1650 1997 dicebant,
1682 1939 1736 1985 et
1762 1932 1835 1985 illi
1879 1931 1982 1986 hoc
2021 1931 2094 1984 fa-

496 2026 743 2088 ciebant,
775 2034 831 2079 et
857 2041 978 2078 eum
1018 2040 1168 2095 pace.
1214 2025 1409 2079 Verum
1462 2039 1528 2079 ue
1577 2024 1900 2079 ott‘endiculo
1943 2025 2098 2079 nobis

500 2118 609 2171 sint
642 2117 901 2172 hrretici.
943 2118 1074 2171 Vide
1104 2119 1246 2172 enim
1294 2119 1347 2171 in
1392 2116 1652 2186 principio
1703 2116 2099 2185 praedicationis

498 2220 628 2277 quot
656 2210 980 2265 olfettdieula
1015 2228 1029 2264 :
1058 2226 1163 2264 non
1192 2210 1314 2263 dico
1341 2226 1401 2263 ea
1424 2251 1439 2275 ,
1472 2224 1591 2278 qua:
1614 2208 1683 2262 ab
1712 2209 1775 2262 iis
1805 2208 1894 2279 qui
1928 2208 2055 2263 foris
2082 2225 2096 2274 ;

500 2300 588 2354 illa
619 2301 817 2370 quippe
847 2301 976 2353 nihil
1007 2311 1199 2365 erant;
1232 2301 1326 2355 sed
1358 2316 1477 2369 qua:
1519 2301 1684 2354 intus.
1733 2300 1916 2355 Primo
1958 2303 2102 2355 Ana-

502 2391 621 2445 nias
650 2409 662 2444 :
695 2390 889 2446 deinde
911 2407 1190 2455 murmur;
1221 2390 1346 2445 hinc
1366 2391 1548 2445 Simon
1575 2406 1758 2459 magus
1783 2407 1797 2456 ;
1832 2400 2012 2461 postea
2042 2392 2098 2459 ii,

506 2484 594 2552 qui
624 2483 841 2538 Petrum
882 2484 1209 2537 accusabant
1234 2485 1305 2539 ob
1333 2484 1640 2538 Cornelium
1668 2501 1682 2550 ;
1726 2484 1826 2538 sub
1869 2482 1985 2539 haec
2018 2484 2101 2538 fa-

502 2590 652 2640 mes;
683 2574 900 2629 demum
936 2575 1037 2629 hoc
1068 2575 1242 2644 ipsum
1274 2586 1432 2645 caput
1466 2577 1751 2630 malorum.

577 2663 697 2717 Non
723 2674 882 2731 potest
905 2666 985 2719 hic
1012 2666 1198 2733 bonum
1220 2684 1325 2720 esse
1340 2667 1449 2720 sine
1474 2667 1628 2721 nmio.
1650 2697 1722 2707 —
1738 2667 1922 2738 Neque
1949 2668 2092 2722 enim

507 2768 687 2827 potest
717 2759 913 2813 bonum
942 2759 1229 2828 quodpiam
1261 2775 1401 2825 esse,
1437 2760 1562 2829 quin
1592 2761 1659 2815 sit
1696 2761 1857 2814 etiam
1888 2761 2103 2831 aliquod

510 2852 729 2904 malum.
764 2849 842 2907 Ne
872 2851 1050 2920 itaque
1083 2854 1381 2918 turlicmur,
1410 2853 1453 2906 si
1483 2852 1701 2922 quidam
1732 2853 2104 2909 scandalizen-

505 2952 629 3014 tur;
678 2943 771 2997 sed
820 2953 875 2997 et
920 2959 1015 3012 pro
1059 2944 1142 2998 his
1185 2950 1383 3013 gratias
1420 2959 1638 3014 agamus
1682 2944 1812 3010 Deo,
1843 2946 1963 3014 quia
2006 2961 2106 3002 nos

510 3036 849 3104 probatiores
875 3035 1060 3089 efﬁcit.
1104 3034 1287 3103 Neque
1333 3038 1479 3091 enim
1524 3035 1844 3091 afﬁictiones
1875 3045 2103 3103 tantum,

511 3143 539 3182 s
561 3127 606 3179 -d
634 3129 794 3181 etiam
821 3128 1144 3182 tentationes
1177 3144 1274 3182 nos
1300 3129 1693 3198 splendidiores
1721 3131 1972 3185 reddunt.
2003 3132 2105 3199 Qtti

513 3219 680 3285 enim,
712 3220 924 3273 nemine
949 3219 1001 3272 in
1032 3236 1273 3273 errorem
1308 3221 1629 3283 inducente,
1664 3224 1873 3277 veritati
1907 3224 2107 3292 lueret,

515 3327 621 3363 non
647 3310 941 3365 vehemens
971 3312 1212 3367 veritatis
1238 3321 1445 3367 amator
1472 3315 1657 3377 fuerit;
1691 3316 1783 3369 sed
1813 3316 1900 3386 qui
1932 3318 2111 3373 multis

514 3402 913 3457 retrahentibus
953 3402 1121 3459 hmrct
1142 3446 1155 3467 ,
1189 3405 1275 3459 ille
1305 3405 1504 3459 clarus.
1554 3407 1690 3474 Quid
1719 3407 1887 3477 ergo?
1914 3424 1980 3462 an
2012 3408 2113 3465 hac

518 3493 585 3546 de
606 3509 765 3547 causa
795 3493 929 3547 ﬁunt
954 3494 1245 3549 scnndala?
1271 3495 1386 3549 Non
1414 3496 1557 3561 dico,
1597 3498 1735 3566 quod
1770 3498 1877 3553 Deo
1905 3497 2006 3553 hoc
2031 3501 2112 3553 fa-

517 3588 694 3641 ciente
726 3601 738 3640 :
770 3587 943 3652 absit;
992 3588 1087 3642 sed
1126 3588 1268 3658 quod
1311 3590 1402 3644 ille
1438 3605 1535 3659 per
1571 3591 1780 3645 illorum
1822 3593 2112 3663 nequitiam

518 3680 674 3734 nobis
707 3679 998 3736 benefaciat
1032 3699 1045 3735 :
1078 3698 1201 3737 nam
1246 3684 1359 3754 ipse
1398 3686 1482 3739 illa
1530 3686 1640 3739 ﬁeri
1687 3703 1977 3757 numquam
2020 3705 2115 3743 vo—

518 3773 727 3830 luisset.
757 3772 839 3827 Da
865 3776 997 3842 illis,
1033 3777 1223 3846 inquit,
1254 3787 1308 3830 ut
1346 3795 1501 3831 unum
1531 3779 1633 3832 sint
1662 3779 1840 3848 (Joan.
1882 3783 1961 3836 l7.
1992 3781 2109 3851 21).
2152 3796 2155 3800 ’

518 3866 650 3921 Cum
697 3878 877 3923 autem
926 3869 1175 3923 scandala
1228 3872 1392 3937 tiunt,
1427 3871 1557 3925 nihil
1603 3873 1733 3942 ipsis
1779 3884 1991 3941 uocent,
2021 3875 2113 3931 sed

520 3961 682 4013 etiam
707 3970 932 4030 prosunt
952 3961 1087 4024 illis;
1118 3962 1255 4015 sicut
1275 3973 1326 4016 et
1351 3964 1677 4033 martyribus
1700 3965 1846 4019 inviti
1871 3977 2113 4034 prosunt,

519 4052 610 4120 qui
640 4051 761 4105 illos
788 4051 853 4105 ad
884 4052 1195 4124 martyrium
1231 4053 1478 4119 trahunt;
1509 4069 1615 4108 non
1642 4068 1820 4110 tamen
1852 4072 1882 4111 a
1912 4057 2020 4112 Deo
2050 4057 2117 4112 ad

525 4142 626 4198 hoc
654 4143 1001 4213 impelluntur
1035 4162 1047 4197 :
1079 4144 1157 4199 sic
1187 4153 1240 4198 et
1271 4149 1374 4200 hoc
1403 4145 1541 4213 loco,
1574 4162 1641 4201 ne
1668 4147 1945 4202 videamus
1975 4149 2118 4219 quod

521 4237 671 4290 multi
711 4236 1162 4292 scandalizentur.
1207 4237 1320 4292 Hoc
1358 4239 1613 4294 indicium
1656 4249 1740 4295 est
1776 4239 1967 4311 dogma
1998 4256 2121 4297 esse

523 4324 819 4394 eximium,
843 4329 986 4399 quod
1033 4330 1183 4384 multi
1226 4331 1480 4385 simulent
1508 4340 1563 4386 et
1592 4332 1867 4387 imitentur
1898 4350 1911 4387 :
1945 4349 2119 4404 neque

521 4426 664 4474 enim
693 4420 1010 4477 simularent
1038 4422 1140 4475 nisi
1173 4420 1374 4476 bonum
1402 4431 1566 4476 esset.
1608 4421 1676 4477 Et
1704 4422 1807 4478 hoc
1829 4424 1938 4494 jam
1965 4425 2120 4481 vobis

526 4513 700 4580 palam
733 4512 946 4568 faciam.

597 4605 652 4658 ι.
673 4604 945 4674 Unguenta
965 4622 1083 4676 qua!
1097 4605 1384 4676 fragrantia
1402 4617 1547 4674 sunt,
1568 4623 1597 4664 a
1621 4609 1803 4665 multis
1819 4610 2122 4666 adulteran-

528 4704 635 4761 tur,
666 4707 723 4750 ut
743 4737 756 4755 .
790 4696 936 4751 verbi
966 4698 1131 4767 gratia
1153 4739 1169 4763 ,
1205 4698 1387 4753 folium
1414 4700 1633 4754 amomi.
1665 4700 1797 4769 Quia
1827 4701 1971 4757 enim
2001 4717 2121 4757 rara

529 4797 652 4843 sunt
672 4798 728 4844 et
753 4793 1077 4855 necessaria,
1095 4790 1257 4845 multa
1275 4792 1454 4861 spuria
1481 4791 1630 4847 ﬁunt.
1664 4793 1834 4849 Nemo
1855 4794 2016 4866 igitur
2039 4812 2126 4851 vo-

531 4883 690 4939 luerit
727 4899 839 4938 rem
874 4883 1030 4939 vilem
1069 4883 1395 4939 adulterare.
1433 4884 1552 4939 Vita
1582 4901 1712 4956 pura
1742 4888 1938 4941 multos
1966 4887 2125 4943 habet

531 4977 620 5046 qui
646 4990 705 5030 se
730 4975 1033 5031 adulterent
1065 4993 1079 5031 :
1109 4991 1270 5032 nemo
1293 4986 1471 5032 autem
1502 4978 1757 5035 simulare
1786 4995 1845 5035 se
1868 4982 1993 5036 velit
2027 4982 2127 5036 im-

531 5068 785 5139 probum,
808 5068 901 5122 sed
931 5068 1108 5137 potius
1133 5069 1478 5123 monachum.
1511 5070 1647 5138 Quid
1678 5086 1807 5141 ergo
1837 5073 2128 5141 gentilibus

532 5159 864 5215 dixerimus?
895 5160 1054 5215 Venit
1086 5160 1298 5230 gentilis
1330 5170 1385 5217 et
1410 5162 1523 5229 ait,
1552 5162 1689 5221 Volo
1720 5164 1833 5220 ﬁeri
1862 5164 2128 5221 Christia-

530 5269 653 5320 nus,
683 5255 777 5309 sed
802 5254 985 5311 nescio
1014 5254 1097 5309 cui
1124 5254 1429 5309 adhaeream
1461 5274 1474 5310 :
1506 5258 1686 5312 multa:
1714 5259 1854 5328 apud
1887 5275 1982 5314 vos
2005 5269 2128 5315 sunt

532 5362 746 5417 pugnat,
771 5346 1067 5403 seditiones
1092 5357 1147 5402 et
1168 5347 1428 5403 tumultus
1457 5366 1471 5401 :
1497 5350 1638 5419 quod
1670 5351 1860 5419 dogma
1889 5351 2129 5420 eligam?

530 5440 673 5509 quod
703 5440 1021 5510 praferam?
1047 5438 1255 5510 Singuli
1282 5440 1467 5495 dicunt
1499 5459 1513 5496 :
1537 5440 1650 5510 Ego
1674 5442 1952 5495 veritatem
1985 5442 2126 5497 dico.

531 5532 630 5587 Cui
674 5533 929 5598 credam,
974 5532 1067 5604 qui
1110 5533 1243 5588 nihil
1287 5532 1682 5603 Scripturarum
1722 5531 1929 5587 sciam?
1960 5533 2025 5586 Et
2053 5532 2130 5587 illi

533 5625 789 5694 utrinque
830 5625 971 5680 idem
1022 5624 1324 5695 proferunt.
1364 5624 1508 5680 Sane
1538 5623 1643 5678 hoc
1669 5622 1959 5678 admodum
1991 5624 2050 5678 ﬁt
2075 5625 2127 5679 in

537 5715 713 5773 nobis.
745 5715 876 5769 Nam
902 5717 946 5770 si
974 5716 1191 5786 quidem
1221 5714 1527 5771 diceremus
1556 5729 1655 5769 nos
1684 5714 1982 5770 ratiociniis
2002 5730 2128 5772 cre-

538 5804 669 5862 dere
692 5847 707 5871 ,
745 5808 937 5861 merito
968 5808 1262 5864 turbareris
1287 5827 1302 5864 :
1331 5809 1374 5863 si
1407 5823 1535 5864 vero
1562 5808 1855 5878 Scripturis
1884 5824 1983 5865 nos
2011 5824 2131 5866 cre-

540 5895 668 5954 dere
698 5898 971 5969 dicamus,
1005 5903 1174 5974 iisque
1202 5904 1536 5977 simplicibus
1563 5916 1620 5962 et
1648 5905 1818 5975 veris,
1856 5906 2007 5963 facile
2035 5907 2129 5963 tibi

1226 439 1285 496 S.
1322 436 1599 495 JOANNIS
1637 430 2100 493 CllliYSOSTOMI
2140 426 2456 485 ARCIIIEP.
2498 426 3028 484 CONSTANTINOP.

3696 437 3791 494 ΞΗ

2193 544 2351 598 fuerit
2372 545 2635 613 judicare.
2661 545 2714 601 Si
2734 547 2852 615 quis
2874 564 2994 602 cum
3019 549 3123 604 illis
3143 553 3427 620 consentit,
3446 553 3785 615 Christianus

2190 647 2304 701 cSt;
2336 637 2380 690 si
2425 645 2624 706 pugnat
2666 652 2786 692 cum
2836 638 2963 706 illis,
3004 642 3089 694 hic
3136 643 3317 711 procul
3364 656 3446 699 est
3491 662 3524 699 a
3566 662 3789 702 cantate.

2190 726 2325 807 Quid
2348 743 2497 797 ergo,
2530 728 2573 781 si
2607 728 2694 783 ille
2720 731 2938 785 veniens
2969 732 3182 797 dixerit,
3212 736 3290 789 sic
3317 734 3523 791 habere
3556 739 3801 807 Scriptu-

2191 798 2337 881 ra‘m;
2374 832 2426 872 tu
2457 835 2583 873 vero
2610 821 2711 874 aliv'
2744 823 2903 876 modo
2933 823 3153 889 dixeris,
3187 836 3239 880 et
3268 828 3489 883 diverse
3523 832 3803 898 interpre-

2193 912 2373 966 teuiini
2418 912 2742 983 Scripturas,
2772 932 2962 973 sensus
3004 919 3212 974 illarum
3259 922 3682 979 distrahentes?
3728 927 3807 981 Tu

2193 1005 2380 1073 igitur,
2413 1004 2499 1059 die
2543 1009 2695 1073 inihi,
2722 1019 3031 1066 nteutetnue
3074 1011 3238 1068 babes
3280 1031 3343 1068 ac
3377 1016 3699 1085 judicium?
3742 1020 3812 1073 Et

2191 1096 2460 1163 quomodo
2507 1098 2738 1166 possim,
2790 1099 3016 1169 inquiet,
3047 1117 3166 1156 cum
3212 1106 3447 1160 nesciam
3494 1107 3810 1177 dijudicare

2195 1188 2405 1240 vestra?
2444 1189 2739 1259 discipulus
2768 1207 2888 1246 esse
2917 1194 3072 1257 volo,
3108 1206 3162 1249 tu
3194 1212 3322 1250 vero
3350 1215 3434 1252 nte
3459 1200 3582 1269 jam
3615 1202 3811 1255 ductu-

2196 1291 2306 1331 rem
2334 1277 2484 1333 facis.
2516 1279 2570 1335 Si
2601 1281 2714 1335 [nec
2742 1282 2957 1349 dixerit,
2986 1285 3111 1351 quid
3151 1288 3648 1357 respondebimus?
3673 1308 3808 1362 quo-

2196 1370 2356 1425 modo
2392 1372 2464 1426 illi
2508 1375 2982 1443 persuadebimus?
3020 1378 3431 1451 lnterrogemus.
3474 1400 3549 1437 an
3597 1384 3703 1440 hoc
3738 1387 3809 1441 sit

2196 1464 2446 1520 obtentus
2478 1484 2490 1519 :
2523 1467 2945 1538 interrogemus,
2979 1488 3045 1526 an
3071 1475 3301 1544 gentiles
3328 1476 3579 1533 damnet.
3613 1477 3800 1535 Omni-

2198 1572 2268 1610 no
2303 1558 2575 1627 quidpiam
2605 1559 2747 1615 dicet
2780 1579 2793 1613 :
2829 1579 3003 1633 neque
3029 1566 3170 1619 enim
3200 1583 3305 1622 non
3337 1569 3617 1626 damnatis
3664 1573 3804 1637 illis,

2198 1647 2263 1702 ad
2306 1657 2487 1704 nostra
2528 1652 2768 1708 accedet.
2814 1653 3209 1727 luterrogemus
3237 1673 3336 1728 qua
3365 1660 3431 1715 de
3463 1676 3636 1716 causa
3677 1678 3810 1715 con—

2199 1738 2415 1795 de-utuet
2448 1759 2461 1795 :
2498 1759 2601 1797 non
2642 1745 2785 1798 enim
2832 1755 3031 1801 temere
3071 1749 3410 1804 condemnat.
3458 1751 3813 1807 Manifesutm

2200 1844 2282 1887 est
2321 1834 2585 1890 dicturum
2615 1852 2755 1892 esse.
2791 1839 2915 1908 quia
2957 1842 3176 1896 numina
3219 1843 3306 1896 illa
3351 1854 3476 1899 sunt
3509 1855 3811 1911 creaturas,

2204 1940 2301 1978 nec
2329 1941 2449 1980 esse
2487 1928 2570 1980 illa
2613 1928 2907 1984 increatuut
2952 1930 3141 1986 Deum.
3189 1933 3377 1989 Recte.
3415 1936 3471 1990 Si
3515 1935 3631 1992 hoc
3670 1937 3814 2006 apud

2202 2018 2334 2072 alias
2380 2020 2613 2075 hzrrescs
2661 2022 2930 2091 inveniat,
2964 2027 3289 2081 contrarium
3323 2043 3450 2083 vero
3488 2030 3641 2099 apud
3676 2045 3812 2098 nos,

2204 2123 2310 2177 quo
2340 2125 2475 2179 opus
2503 2121 2586 2166 est
2614 2116 2899 2170 sermone?
2938 2116 3137 2173 Omnes
3165 2120 3484 2177 conﬁtemur
3515 2121 3808 2180 Christum

2205 2215 2327 2255 esse
2354 2201 2539 2257 Deum.
2581 2204 2684 2259 Sed
2714 2205 2991 2261 videamus
3017 2209 3105 2278 qui
3136 2221 3404 2279 pugnent,
3434 2213 3525 2284 qui
3563 2229 3675 2269 non
3708 2229 3810 2283 pu-

2206 2304 2389 2364 gncnt.
2424 2295 2529 2351 Nos
2559 2298 2647 2368 qui
2674 2298 2900 2355 dicimus
2920 2316 3040 2356 esse
3070 2302 3235 2357 Deum
3260 2345 3272 2363 .
3302 2304 3461 2374 digna
3495 2306 3612 2360 Deo
3640 2305 3817 2376 loqui-

2209 2400 2361 2449 mur,
2403 2386 2545 2455 quod
2588 2396 2904 2458 potestatem
2947 2390 3159 2457 haheat,
3189 2394 3329 2463 quod
3356 2410 3462 2449 non
3494 2396 3568 2450 sit
3595 2411 3812 2461 servus,

2208 2476 2349 2545 quod
2388 2480 2460 2533 sit
2498 2479 2655 2545 liber,
2682 2481 2822 2550 quod
2855 2497 2883 2535 a
2914 2483 3092 2551 seipse
3122 2484 3300 2538 omnia
3324 2484 3484 2539 faciat
3512 2505 3526 2540 :
3566 2489 3658 2542 ille
3686 2502 3815 2542 vero

2209 2580 2417 2624 contra.
2460 2570 2691 2625 Rursum
2722 2573 3019 2644 interrogo,
3051 2577 3093 2629 si
3128 2576 3448 2632 medicinam
3478 2577 3699 2635 discere
3725 2596 3815 2633 ve-

2210 2657 2294 2722 lis,
2327 2676 2451 2714 nunt
2474 2660 2650 2717 obiter
2675 2672 2728 2717 et
2752 2663 3131 2733 perfunctorie,
3158 2684 3359 2737 qum-‘0,
3381 2684 3442 2723 ea
3469 2686 3591 2739 qua:
3621 2670 3813 2725 dicun—

2213 2759 2298 2802 tur
2318 2751 2595 2820 Suscipics,
2625 2756 2834 2808 tametsi
2863 2756 3026 2810 inulta
3050 2759 3187 2827 apud
3215 2760 3332 2813 illos
3354 2760 3457 2814 sint
3479 2762 3734 2831 dogmata
3758 2762 3813 2815 ‘1?

2211 2842 2264 2898 Si
2294 2859 2423 2914 ergo
2451 2847 2767 2917 simpliciter
2807 2850 2984 2904 omnia
3026 2868 3144 2920 qua!
3181 2854 3366 2908 audies
3406 2856 3641 2925 accipias
3662 2899 3678 2924 ,
3710 2855 3811 2908 hoc

2212 2934 2310 2988 viri
2340 2952 2443 2990 non
2473 2950 2613 2993 esset
2636 2956 2649 2991 :
2669 2938 2712 2993 si
2741 2950 2918 2994 autem
2941 2941 3143 3011 judicio
3168 2956 3219 2998 et
3243 2956 3421 2999 mente
3443 2947 3645 3012 valeas,
3668 2946 3807 3016 quod

2215 3026 2413 3080 bonum
2444 3044 2734 3100 verumque
2764 3043 2843 3087 est
2872 3034 3094 3087 omnino
3118 3037 3275 3090 scies.
3324 3037 3515 3091 Filium
3545 3054 3647 3092 nos
3673 3037 3804 3092 dici-

2214 3136 2353 3187 mus,
2379 3122 2593 3191 etquod
2621 3140 2804 3179 verum
2829 3137 2908 3181 est
2933 3127 3160 3183 dicimus
3191 3148 3201 3179 :
3231 3129 3303 3182 illi
3332 3146 3458 3186 vero
3486 3131 3675 3185 dicunt
3697 3130 3813 3201 qui-

2216 3212 2361 3276 dem,
2392 3213 2484 3267 sed
2516 3230 2620 3269 non
2652 3218 2998 3273 conﬁtentur.
3030 3219 3099 3276 Ut
3126 3237 3253 3275 vero
3274 3222 3468 3277 clarius
3497 3223 3711 3292 loquar,
3739 3222 3812 3277 illi

2216 3307 2476 3374 quosdam
2506 3306 2722 3373 habent,
2751 3326 2781 3365 a
2807 3312 3002 3381 quibus
3029 3315 3402 3383 appellantur,
3436 3315 3811 3370 ha'resiarclnc

2217 3408 2364 3454 crrte
2396 3416 2590 3456 nomen
2623 3420 2636 3457 :
2669 3404 2747 3459 sic
2788 3405 3014 3474 singultu
3047 3408 3309 3472 lia-reses;
3340 3408 3492 3463 nobis
3520 3410 3605 3463 vir
3638 3408 3814 3462 nullus

2220 3509 2413 3548 nomen
2449 3495 2670 3559 indidit,
2702 3497 2794 3552 sed
2827 3500 2938 3567 ipsa
2973 3498 3124 3554 ﬁdes.
3162 3499 3357 3554 Verqu
3392 3501 3492 3555 hoc
3522 3513 3814 3570 praetextas

2220 3586 2577 3657 obtenIuSque
2622 3598 2723 3643 est.
2765 3587 2874 3645 Cur
2912 3590 3087 3654 enim,
3121 3607 3331 3661 quaeso,
3370 3592 3583 3663 quando
3617 3604 3813 3647 vestem

2220 3686 2497 3745 empturus
2524 3692 2603 3745 es,
2638 3680 2964 3749 quamvisin
2986 3689 3103 3735 arte
3133 3682 3354 3735 textorio
3381 3682 3680 3751 imperitus,
3713 3696 3812 3735 non

2221 3767 2310 3822 illa
2338 3769 2544 3838 profers
2564 3772 2722 3827 verba
2756 3792 2768 3826 :
2803 3771 2997 3827 Emere
3027 3773 3227 3836 nescio,
3256 3790 3339 3826 utc
3366 3772 3640 3843 decipiunt
3667 3791 3680 3840 ;
3725 3770 3813 3825 sed

2224 3862 2357 3915 nihil
2385 3876 2488 3915 non
2508 3862 2621 3931 agis
2646 3872 2702 3916 ut
2721 3862 2940 3918 discas?
2965 3864 3139 3918 Etiam
3166 3864 3209 3918 si
3233 3863 3443 3932 quidvis
3463 3864 3607 3919 aliud
3633 3877 3811 3920 emere

2222 3956 2426 4026 cupias,
2446 3956 2623 4009 omnia
2645 3956 2861 4011 curiose
2882 3958 3182 4027 perquiris;
3214 3956 3300 4012 hic
3321 3972 3448 4012 vero
3473 3958 3539 4012 ita
3560 3958 3809 4024 loqueris.

2225 4049 2406 4118 Itaque
2431 4049 2509 4102 sic
2539 4050 2765 4118 loquens
2785 4091 2800 4116 ,
2839 4048 2969 4104 nihil
3006 4050 3227 4104 omnino
3256 4050 3532 4120 suscipies.
3561 4048 3642 4104 Sit
3670 4046 3806 4101 enim

2224 4140 2416 4211 aliquis
2444 4141 2649 4196 nullum
2672 4142 2891 4198 omnino
2911 4142 3104 4214 dogma
3130 4142 3363 4209 habens;
3392 4142 3436 4196 si
3463 4141 3602 4197 dicat
3623 4141 3707 4195 ille
3735 4138 3807 4203 id,

2224 4234 2367 4304 quod
2401 4244 2452 4288 ιιι
2482 4235 2549 4290 de
2575 4235 2895 4290 Christianis
2924 4236 3063 4292 dicis
3095 4253 3109 4291 :
3141 4237 3310 4293 Tanta
3339 4235 3622 4291 multitudo
3650 4232 3814 4289 homi-

2228 4344 2351 4381 num
2381 4336 2484 4395 est,
2510 4338 2565 4383 et
2586 4328 2731 4383 varia
2761 4329 2961 4385 habent
2988 4329 3273 4401 dogmata;
3311 4330 3448 4383 alius
3476 4328 3690 4399 gentilis
3718 4335 3812 4387 est,

2227 4419 2363 4474 alius
2389 4420 2626 4489 Judzeus,
2652 4421 2790 4476 alius
2810 4420 3147 4477 Christianus
3178 4442 3191 4477 :
3220 4421 3424 4476 nullum
3453 4419 3705 4490 amplecti
3726 4417 3817 4473 do-

2227 4532 2348 4587 gma
2392 4522 2606 4585 oportet
2635 4531 2647 4567 :
2681 4513 2757 4568 illi
2783 4513 2925 4568 enim
2954 4512 3095 4568 inter
3124 4526 3182 4567 se
3210 4519 3447 4583 pugnant
3480 4528 3494 4566 :
3528 4525 3628 4580 ego
3660 4506 3818 4565 disci-

2229 4608 2386 4679 pulus
2416 4621 2557 4673 sum,
2581 4605 2748 4677 judex
2772 4620 2893 4660 esse
2919 4604 3067 4669 nolo,
3091 4618 3265 4674 neque
3290 4603 3456 4657 ullum
3480 4600 3673 4672 dogma
3696 4613 3818 4657 eon-

2229 4698 2487 4753 demnare
2517 4715 2530 4749 :
2561 4712 2667 4751 non
2698 4697 2808 4766 jam
2855 4695 2945 4751 ille
2990 4703 3285 4766 przetextus
3328 4693 3501 4748 locum
3542 4692 3727 4747 habet.
3756 4687 3823 4745 Ut

2231 4789 2375 4845 enim
2403 4786 2762 4843 adulterinum
2789 4786 2988 4855 ejicere
3016 4784 3257 4855 potuisti,
3275 4784 3353 4839 sic
3376 4785 3578 4853 poteris
3599 4782 3705 4837 huc
3735 4794 3821 4835 ac-

2232 4884 2451 4950 cedens,
2476 4882 2601 4954 quid
2633 4882 2703 4938 sit
2728 4880 2855 4937 utile
2882 4879 3186 4949 explorare.
3219 4877 3352 4934 Nam
3377 4878 3467 4946 qui
3494 4876 3702 4932 nullum
3732 4874 3823 4929 do-

2231 4992 2352 5046 gma
2393 4974 2737 5039 condemnat,
2772 4971 2873 5027 hoc
2902 4970 3060 5027 facile
3085 4970 3230 5024 dicet
3258 4985 3272 5023 :
3303 4968 3392 5039 qui
3425 4982 3555 5023 vero
3583 4967 3819 5031 damnat.

2232 5067 2334 5122 etsi
2379 5064 2509 5120 nihil
2553 5063 2747 5135 eligat,
2790 5076 3078 5134 progressu
3117 5059 3373 5129 temporis
3408 5059 3609 5129 poterit
3649 5055 3825 5111 videre

2232 5157 2361 5228 quid
2379 5163 2645 5227 oporteat.
2672 5154 3061 5224 Ne'praatextus
3080 5166 3384 5222 quaeramus
3409 5168 3423 5204 :
3441 5149 3616 5205 omnia
3636 5148 3824 5219 quippe

2236 5248 2411 5302 facilia
2443 5254 2587 5300 sunt.
2617 5244 2712 5301 Vis
2738 5242 3019 5299 ostendam
3050 5242 3143 5297 tibi
3174 5242 3289 5296 haec
3314 5249 3635 5311 praetextum
3666 5252 3785 5293 esse
3804 5236 3827 5288 ἓν

2236 5339 2355 5395 Scis
2383 5353 2503 5408 qum
2533 5335 2801 5400 facienda,
2831 5350 2951 5405 quae
2981 5349 3087 5388 non
3118 5332 3401 5387 facienda?
3439 5346 3536 5386 cur
3565 5344 3699 5401 ergo
3726 5342 3824 5383 non

2235 5447 2357 5501 qua:
2389 5430 2630 5485 facienda
2670 5439 2795 5484 sunt
2822 5428 2954 5482 facis
2978 5470 2993 5495 ,
3025 5428 3117 5482 sed
3143 5442 3261 5496 qua:
3288 5442 3394 5480 non
3424 5424 3702 5480 facienda?
3730 5421 3829 5478 Fac

2238 5526 2347 5591 illa,
2373 5533 2427 5581 et
2452 5533 2597 5578 recta
2625 5522 2833 5576 ratione
2858 5535 3039 5591 quaere
3069 5535 3100 5574 a
3134 5520 3263 5583 Deo,
3287 5528 3340 5573 et
3364 5518 3476 5588 ipse
3498 5517 3590 5571 tibi
3615 5512 3828 5569 omnino

2239 5616 2519 5674 revelabit.
2547 5614 2686 5668 Deus
2711 5614 2862 5678 enim,
2891 5612 3081 5680 inquit,
3114 5628 3212 5665 non
3240 5619 3312 5663 est
3340 5624 3672 5676 personarum
3695 5617 3831 5659 acre-

2241 5721 2357 5782 ptar
2381 5709 2519 5782 (Act.
2546 5708 2632 5764 ιο.
2661 5706 2785 5777 Si);
2817 5706 2912 5762 sed
2942 5707 2994 5759 in
3021 5705 3166 5761 omni
3195 5710 3355 5774 gente
3374 5702 3466 5773 qui
3499 5701 3649 5756 timet
3673 5699 3830 5754 Deum

2308 5849 2322 5879 ι
2361 5854 2489 5895 Unus
2511 5844 2747 5908 habet...,
2776 5839 2967 5908 discere
2990 5833 3136 5908 uelis;
3160 5834 3352 5887 tamtsi
3399 5832 3551 5887 multa
3582 5830 3715 5897 apud
3734 5826 3837 5883 illo:

2246 5914 2337 5961 sint
2364 5910 2608 5970 dogmvta,
2630 5903 2824 5955 omissis
2849 5902 3164 5962 interposntis.
