4112 6420
186 370 299 427 ἳόὸ

194 488 371 562 βάρος
402 484 665 540 καλοῦσι.
694 484 806 539 Καὶ
832 483 993 539 πάλιν
1030 484 1482 554 συναγαγόντες
1521 482 1588 537 τὸ
1631 479 1888 551 πλῆθος,

1230 320 1294 425 IN
1332 368 1515 426 ACTA
1556 320 2074 424 Αροετοιοιιωι
2114 364 2351 429 Βονιι..
2392 321 2630 424 XXXIII.

3557 367 3668 427 21!.

1994 482 2104 554 γάρ
2131 481 2411 552 λογισμοῖς
2439 481 2700 554 ἐλέγομεν
2726 481 3034 551 πείθεσθαι,
3084 446 3330 550 εἰκότως.
3361 485 3619 563 ὲθορύσου
3646 508 3664 526 ο

188 573 510 631 ἐπέδωκαν
540 571 659 640 τὴν
705 571 1061 640 ἐπιστολήν.
1091 570 1250 626 Μετὰ
1290 569 1391 641 τὴν
1456 568 1747 639 ἐπιστολὴν
1794 570 1893 623 καὶ
1992 570 2121 623 εἰδὲ
2149 572 2268 635 ταῖς
2294 571 2541 641 Γραφαῖς
2573 570 2807 642 λέγομεν
2832 570 3132 636 πιστεύειν,
3184 566 3350 628 αὗται
3392 576 3449 630 δὲ
3498 577 3670 633 ἁπλαῖ

190 662 352 718 αὐτοὶ
383 659 775 732 παρακαλοῦσι
796 660 873 732 τῷ
918 660 1062 731 λόγῳ
1092 678 1106 690 ·
1142 660 1251 713 ἔδει
1279 658 1389 732 γάρ
1423 655 1713 722 καὶτοῦτο,
1745 654 1888 710 ὥστε

197 752 377 821 πάσης
401 747 646 817 ὑποψίας
669 748 1072 818 ἀπαλλαγῆναι.
1108 746 1217 801 Καὶ
1242 745 1433 811 αὐτοὶ,
1460 746 1616 815 φησὶ,
1655 741 1888 813 προφῆ-

204 851 297 886 ται
350 831 546 897 ὄντες,
604 829 704 885 διὰ
750 832 940 900 λόγου
991 830 1230 884 πολλοῦ
1270 828 1700 899 παρεκάλεσαν
1743 825 1888 891 τοὺς

188 916 526 988 ἀδαιξρούς.
565 918 641 972 T6
668 917 984 984 ἀξιόπιστον
1012 916 1248 972 ἐνταῦθα
1289 917 1580 971 δείκνυσιν.
1635 913 1885 969 Ἐδύνατο

186 1006 293 1076 μὲν
317 1006 432 1078 γάρ
460 1006 555 1059 καὶ
581 1005 815 1069 Παῦλος·
844 1005 982 1060 ἀλλὰ
1003 1005 1226 1069 τούτους
1250 1003 1378 1059 ἔδει.
1419 1000 1885 1076 Ποιήσαντεςιδὲ

178 1098 445 1166 χρόνον,
482 1096 888 1163 ἀπελύθησαν
929 1097 1060 1164 μετ’
1092 1094 1357 1164 εἰρήνης.
1394 1093 1509 1148 Ούκ
1546 1092 1626 1146 ἔτι
1674 1091 1883 1154 στάσις,

172 1183 395 1239 οὐκέτι
430 1182 779 1253 ἀποστροφή.
831 1180 1098 1235 Ἐνταῦθά
1128 1198 1218 1251 μοι
1238 1180 1385 1235 δοκεῖ
1408 1181 1507 1251 τὴν
1551 1178 1733 1246 δεξιὰν
1787 1178 1885 1232 αύ-

178 1272 321 1335 τοὺς
352 1270 658 1342 εἰληφέναι,
684 1266 865 1333 καθὼς
889 1268 1054 1331 αὑτός
1076 1285 1229 1341 φησι,
1260 1267 1468 1335 Δεξιὰς
1497 1267 1730 1322 ἔδωκαν
1752 1264 1882 1334 ἐμοὶ

180 1360 293 1414 καὶ
306 1358 590 1427 Βαρνάϐᾳ
606 1357 978 1423 κοινωνίαςο.
991 1352 1128 1412 Εἶτα
1145 1355 1315 1425 λέγει,
1332 1357 1414 1410 ὅτι
1427 1354 1593 1409 Οὐδέν
1611 1371 1700 1425 μοι
1714 1368 1884 1421 προσ-

182 1446 471 1500 ανέθεντο.
514 1445 625 1516 Τὴν
663 1445 775 1517 γάρ
806 1443 971 1499 αὑτοῦ
1009 1442 1235 1515 γνώμην
1268 1444 1572 1514 ὲκύρωσανυ
1612 1441 1882 1513 ἐπῄνεσαν

179 1535 369 1604 a’rrhv
402 1536 503 1588 καὶ
521 1532 858 1604 ἐθαύμασαν.
877 1530 1180 1598 Δείκνυσιν,
1192 1532 1273 1586 ὅτι
1292 1532 1388 1584 καὶ
1401 1530 1511 1585 άπδ
1524 1528 1881 1600 ἀνθρωπίνων

179 1620 487 1693 λογισμῶν
516 1619 668 1674 τοῦτο
697 1620 922 1674 δυνατὸν
955 1619 1207 1684 συνιδεῖν,
1240 1621 1370 1691 μήτι
1398 1636 1461 1688 γε
1495 1618 1603 1672 ἀπὸ
1621 1616 1878 1686 ιΙνεύμα-

181 1726 291 1772 τος
331 1708 520 1778 μόνον,
548 1708 622 1761 ὅτι
649 1708 891 1779 ἥμαρτον
922 1707 1196 1779 ἁμαρτίαν
1210 1708 1311 1761 ούκ
1334 1704 1554 1759 εὔκολον
1585 1703 1882 1775 διορθωθῆ-

187 1810 316 1849 ναι⁶
342 1795 412 1847 τά
429 1794 535 1865 γὰρ
554 1793 697 1866 [258]
714 1794 940 1848 τοιαῦτα
955 1795 1016 1848 ού
1036 1794 1350 1864 Πνεύματος
1364 1793 1555 1847 δεῖται.
1572 1791 1877 1854 Δείκνυσιν,

189 1883 283 1936 ὅτι
311 1882 383 1935 τά
411 1882 545 1937 ἄλλα
571 1883 669 1935 οὐκ
710 1883 1003 1952 ἀναγκαῖα,
1037 1882 1173 1936 ἀλλὰ
1218 1882 1470 1953 περιττά,
1506 1882 1560 1934 εί
1608 1897 1671 1950 γε
1705 1880 1880 1934 ταῦτα

187 1971 499 2038 ἀναγκαῖα.
529 1970 634 2034 Ἐξ
670 1964 759 2024 ὧν
794 1970 1222 2038 διατηροῦντες
1254 1969 1530 2035 ἑαυτοὺς,
1562 1969 1749 2039 φησὶν.
1807 1962 1876 2022 εὖ

184 2056 475 2124 πράξετε.
499 2058 798 2125 Δείκνυσιν,
816 2060 897 2112 ὅτι
918 2057 1071 2110 οὐδὲν
1099 2058 1282 2120 αὐτοῖς
1308 2056 1519 2120 λείπει,
1571 2055 1685 2109 ἀλλ’
1716 2056 1881 2126 ἀρκεῖ

186 2143 376 2197 τοῦτο.
401 2144 667 2197 ’Πδύνατο
705 2145 804 2216 μὲν
832 2144 940 2215 γὰρ
987 2144 1083 2197 καὶ
1131 2145 1302 2216 χωρὶς
1342 2143 1711 2216 γραμμάτων,
1761 2143 1877 2197 ἀλλ’

186 2227 336 2282 ὥστε
355 2230 519 2302 νόμον
547 2226 686 2285 εἶναι
714 2230 1013 2302 ἔγγραφον,
1069 2230 1466 2285 ἐπιστέλλουσι.
1517 2231 1627 2284 Καὶ
1689 2230 1872 2297 πάλιν,

185 2312 337 2370 ὥστε
363 2316 654 2388 πεισθῆναι
674 2317 753 2389 τῷ
777 2317 950 2390 νόμῳ,
987 2318 1083 2372 καὶ
1104 2318 1337 2381 ἐκείνοις
1366 2318 1575 2389 ἔλεγον,
1610 2320 1701 2372 καὶ
1736 2320 1878 2372 ἐκεῖ.

184 2420 273 2459 νηι
302 2406 466 2459 τοῦτο
486 2406 723 2473 ἐποίουν,
748 2407 842 2462 καὶ
873 2410 991 2478 μετ’
1016 2408 1257 2480 εἰρήνης.
1291 2408 1383 2480 Μὴ
1415 2408 1479 2479 δὴ
1509 2408 1877 2475 σκανδαλιζὼ-

189 2493 340 2563 μεθα
371 2493 468 2547 ἐπὶ
510 2496 621 2559 τοῖς
645 2496 961 2567 αῖρετικοῖς.
997 2496 1138 2568 Ὅρα
1188 2494 1297 2568 γὰρ
1351 2499 1409 2550 ὲν
1442 2496 1746 2570 προοιμίοις
1781 2494 1875 2549 τοῦ

188 2581 556 2653 κηρύγματος
584 2584 727 2638 πόσα
755 2583 1026 2638 σκάνδαλα
1043 2599 1058 2615 ο
1084 2584 1146 2637 ού
1177 2583 1324 2653 λέγω
1351 2586 1420 2638 τά
1445 2587 1596 2658 παρὰ
1611 2587 1721 2639 τῶν
1747 2584 1879 2651 ἐξω-

191 2670 287 2723 θεν
317 2686 336 2702 ο
364 2671 545 2727 ταῦτα
576 2673 685 2744 γάρ
700 2673 850 2727 οὐδὲν
873 2669 943 2745 ἦν
971 2689 985 2705 υ
1012 2671 1149 2727 ἀλλὰ
1172 2673 1241 2727 τά
1269 2672 1439 2727 ἔνδον.
1470 2670 1597 2728 Οίον
1636 2675 1875 2746 πρῶτον,

190 2759 222 2811 6
266 2759 545 2825 Ἀνανίας,
572 2759 762 2813 ἔπειτα
781 2760 1160 2833 δγογγυσμδς,
1188 2760 1380 2815 ἔπειτα
1409 2762 1590 2833 Σίμων
1610 2765 1638 2817 6
1662 2764 1874 2833 Μάγος,

192 2846 388 2902 ἔπειτα
410 2849 460 2900 οί
493 2847 852 2918 ἐγκαλοῦντες
886 2848 1082 2920 Πέτρῳ
1129 2848 1217 2903 διὰ
1250 2849 1571 2921 Κορνήλιον,
1620 2846 1812 2905 ἔπειτα
1849 2854 1878 2908 6

192 2933 373 3004 λιμὸς.
413 2936 606 2989 ἔπειτα
625 2934 756 2988 αὐτὸ
776 2935 936 2989 τοῦτο
955 2934 1017 2989 τὸ
1039 2935 1330 3005 κεφάλαιον
1350 2936 1459 2989 τῶν
1489 2937 1696 2994 κακῶν.

262 3021 404 3074 Οὐδὲ
434 3022 546 3094 γὰρ
567 3022 648 3076 ενι
670 3021 837 3076 καλοῦ
870 3040 1014 3087 τινος
1037 3023 1327 3094 γινομένου
1373 3023 1449 3097 μὴ
1478 3028 1877 3095 συνυφεστάναι

195 3109 284 3162 καὶ
318 3109 582 3181 πονηρόν.
616 3111 709 3182 Μὴ
736 3110 802 3181 δὴ
821 3109 1201 3181 θορυδώμεθα,
1230 3112 1281 3165 εί
1301 3129 1447 3176 τινες
1494 3114 1880 3178 σκανδαλίζον-

190 3214 304 3257 ται.
333 3197 478 3251 άλλά
503 3197 597 3251 καὶ
623 3198 764 3269 ὑπὲρ
791 3199 998 3252 τούτων
1041 3199 1456 3270 εὐχαριστῶμεν
1505 3200 1584 3271 τῷ
1615 3201 1758 3272 Θεῷ,
1794 3204 1877 3256 ὅτι

195 3285 669 3358 εὗδοκιμωτέρους
699 3288 847 3358 ἡμᾶς
880 3291 1040 3343 ποιεῖ.
1079 3290 1155 3344 Ού
1185 3288 1295 3361 γὰρ
1324 3291 1389 3362 δὴ
1428 3291 1482 3343 αῖ
1527 3290 1735 3360 θλίψεις
1776 3290 1877 3363 μό-

194 3390 302 3437 νον,
334 3373 477 3427 ἀλλὰ
507 3374 605 3427 καὶ
632 3374 786 3428 αὐτοὶ
828 3376 879 3428 οἱ
920 3376 1225 3447 πειρασμοὶ
1267 3375 1683 3449 λαμπροτέρους
1727 3380 1878 3450 ἡμᾶς

195 3462 549 3533 ἐργάζονται.
595 3462 652 3516 Ὀ
683 3464 782 3533 μὲν
809 3464 938 3535 γάρ,
973 3465 1204 3537 μηδενὸς
1226 3465 1380 3529 ὄντος
1405 3465 1499 3519 τοῦ
1536 3467 1875 3535 πλανῶντος,

192 3548 289 3619 τῆς
317 3549 582 3619 ἀληθείας
610 3551 882 3623 ἐχόμενος,
913 3552 1015 3606 οῦκ
1037 3552 1102 3607 ἂν
1131 3553 1216 3623 εἴη
1245 3553 1476 3625 σφοδρὸς
1511 3555 1746 3627 ἐραστὴς
1776 3559 1877 3629 τῆς

193 3635 457 3707 ἀληθείας
481 3653 496 3667 ⁸
524 3638 553 3691 6
579 3637 635 3692 δὲ
663 3638 876 3692 πολλῶν
901 3638 1268 3709 ἀφελκόντων,
1299 3635 1453 3704 οὗτος
1473 3640 1774 3714 εὐδόκιμος.
1809 3643 1876 3698 Τί

192 3719 316 3790 οῦνς
351 3724 442 3778 διὰ
455 3724 610 3778 τοῦτο
622 3724 903 3796 γίνεταιτὰ
917 3727 1209 3795 σκάνδαλα;
1235 3728 1310 3781 Ού
1334 3729 1496 3797 λέγω,
1518 3729 1594 3794 ὡς
1613 3730 1706 3783 τοῦ
1738 3730 1873 3786 Θεοῦ

193 3811 366 3865 ταῦτα
389 3812 692 3877 ποιοῦντος·
713 3813 787 3886 μὴ
798 3815 1025 3883 γένοιτο·
1047 3815 1182 3870 ἀλλὰ
1203 3817 1298 3869 καὶ
1314 3816 1388 3881 ὡς
1405 3817 1511 3871 ἀπὸ
1531 3817 1630 3889 τῆς
1647 3820 1876 3879 ἐκείνων

197 3899 466 3970 πονηρίας
494 3900 904 3972 εὐεργετοῦντος
923 3905 1071 3973 ἡμᾶς
1090 3923 1103 3934 ·
1133 3906 1254 3957 ἐπεὶ
1269 3905 1430 3968 αὐτὸς
1450 3906 1702 3959 οὐδέποτε
1717 3907 1874 3961 ἐδού-

198 3986 316 4040 ὶετο
339 3987 620 4056 γενέσθαι.
649 3989 761 4055 Δὸς
789 3992 1014 4058 αὐτοῖς,
1038 3995 1223 4064 φησιν,
1253 3995 1353 4047 ἵνα
1371 3994 1441 4049 ἐν
1456 3991 1625 4050 ὦσιν
1647 4013 1661 4026 ⁸
1685 3999 1874 4071 ἐπειδὴ

204 4071 255 4124 δὲ
273 4073 485 4141 γίνεται
512 4074 581 4127 τὰ
604 4075 895 4143 σκάνδαλα,
918 4078 1071 4134 οὐδὲν
1099 4080 1322 4144 τούτους
1346 4080 1594 4152 βλάπτει,
1621 4083 1756 4138 ἀλλὰ
1782 4087 1876 4140 καὶ

205 4160 413 4231 ὠφελεῖ.
454 4162 666 4234 Ὠσπερ
692 4159 785 4218 οῦν
806 4165 899 4219 καὶ
931 4167 1056 4231 τοὺς
1082 4168 1367 4239 μάρτυρας
1388 4169 1613 4234 ἄκοντες
1641 4172 1876 4241 ὠφελοῦ-

208 4266 282 4301 σιν
309 4252 359 4303 οῖ
389 4251 489 4303 ἐπὶ
512 4250 573 4304 τὺ
601 4251 903 4324 μαρτύριον
932 4253 1204 4321 ἕλκοντες,
1234 4256 1294 4309 ού
1318 4258 1425 4325 μὴν
1454 4258 1559 4311 ὑπὸ
1587 4259 1681 4313 τοῦ
1739 4260 1874 4314 Θεοῦ

204 4335 466 4390 ὠθοῦνται
501 4337 640 4409 πρὸς
662 4338 823 4394 τοῦτο
842 4358 857 4372 ·
889 4339 1032 4395 οὓτω
1063 4341 1127 4412 δὴ
1156 4343 1252 4395 καὶ
1274 4344 1530 4409 ἐνταῦθα,
1569 4345 1642 4417 μὴ
1675 4346 1875 4419 ἴδωμεν

206 4423 280 4477 ὅτι
300 4423 766 4490 σκανδαλίζονται.
797 4428 967 4483 Τοῦτο
989 4430 1121 4483 αὐτὸ
1146 4431 1447 4503 τεκμήριον
1465 4433 1559 4487 τοῦ
1588 4435 1875 4490 σπουδαῖον

206 4506 336 4566 εἶναι
362 4512 430 4567 τὸ
464 4513 666 4584 δόγμα,
692 4516 754 4570 τὸ
779 4515 1009 4580 πολλοὺς
1024 4518 1412 4587 ὑποκρίνεσθαι
1444 4521 1539 4574 καλ⁵
1565 4525 1871 4594 μιμεῖσθαι·

203 4600 261 4652 ού
295 4600 407 4673 γάρ
435 4600 525 4666 ἂν,
555 4603 603 4655 εἰ
647 4603 722 4675 μὴ
764 4603 930 4658 καλὸν
963 4600 1055 4677 ἦν,
1104 4605 1457 4678 ὑπεκρίνοντο
1484 4609 1512 4649 δ
1535 4649 1550 4664 .
1578 4611 1689 4667 Καὶ
1708 4612 1874 4668 τοῦτο

207 4685 302 4758 ᾔδη
342 4689 561 4760 ποιήσω
582 4690 713 4762 ύμῖν
738 4693 990 4763 φανερόν.

270 4776 332 4831 δ’.
350 4777 437 4830 Τὰ
458 4777 606 4850 μύρα
631 4779 702 4834 τὰ
721 4779 894 4852 εὐώδη
909 4781 1085 4837 ταῦτα
1106 4782 1218 4854 ἔχει
1233 4784 1361 4849 τοὺς
1377 4784 1692 4852 νοθεύοντας
1710 4791 1872 4858 αὐτὰ,

205 4857 318 4914 οῗον
360 4863 557 4931 φύλλον
587 4865 840 4938 ἄμωμον.
863 4868 1085 4942 Ἐπειδὴ
1114 4870 1224 4944 γὰρ
1248 4871 1453 4929 σπάνιά
1494 4875 1610 4929 ἐστι
1640 4878 1734 4931 καὶ
1776 4857 1871 4932 6v?-

207 4950 434 5017 αγκαῖα,
455 4951 625 5005 πολλὰ
654 4954 749 5008 καὶ
795 4954 925 5008 νόθα
960 4957 1191 5027 γίνεται.
1225 4957 1415 5023 Οὐδεὶς
1464 4955 1557 5014 οῦν
1596 4961 1661 5017 ἂν
1702 4963 1876 5021 ἕλοιτο

209 5036 330 5093 ἄλλο
395 5054 452 5091 τι
515 5038 626 5102 τῶν
669 5040 902 5095 εὐτελῶν
958 5042 1232 5100 νοθεῦσαι.
1322 5044 1382 5099 ὐ
1437 5045 1554 5117 βίος
1606 5051 1635 5104 6
1707 5048 1877 5108 καθαέ

214 5124 298 5195 ρὸς
346 5122 582 5191 πολλοὺς
607 5124 722 5198 ἔχει
780 5131 908 5193 τοὺς
934 5128 1257 5195 νοθεύοντας
1281 5148 1296 5163 ·
1329 5132 1501 5198 οὐδεὶς
1531 5133 1588 5188 δὲ
1612 5135 1679 5191 ἂν
1703 5138 1877 5195 ἕλοιτο

210 5209 592 5298 ύποκρίνεσθαι
622 5212 715 5266 τὸν
740 5214 798 5268 ὲν
826 5214 1147 5287 φαυλότητι,
1187 5215 1325 5270 ἀλλὰ
1364 5218 1456 5272 τὸν
1493 5221 1552 5275 ὲν
1604 5224 1878 5298 μοναδικῷ

212 5296 322 5369 βίῳ.
354 5298 425 5352 Τί
443 5294 537 5354 οῦν
565 5300 631 5357 ἂν
654 5302 903 5374 εἴποιμεν
939 5304 1074 5376 πρὸς
1108 5306 1236 5369 τοὺς
1273 5305 1574 5377 Ἔλληναςς
1615 5294 1873 5383 Ἔρχεται

215 5386 408 5458 Ἕλλην
439 5389 535 5443 καὶ⁸
568 5390 739 5461 λέγει,
795 5391 877 5445 ὅτι
920 5392 1189 5465 Βούλομαι
1232 5393 1487 5463 γενέσθαι
1530 5397 1874 5470 Χριστιανὸς,

212 5473 442 5529 ἀλλὀὐκ
473 5470 594 5531 οἶδα
626 5477 733 5530 τίνι
763 5476 1090 5549 προσθῶμαι
1112 5498 1130 5515 ο
1178 5480 1326 5551 μάχη
1363 5480 1494 5552 παρ’
1536 5485 1666 5555 ὑμῖν
1709 5487 1879 5562 πολλὴ

211 5564 302 5616 καὶ
352 5564 565 5631 στάσις,
623 5565 792 5629 πολὺς
840 5565 1067 5639 θόρυϐος
1090 5584 1104 5601 ο
1159 5572 1312 5622 ποῖον
1340 5568 1550 5641 ἕλωμαι
1579 5572 1792 5645 δόγμα;
1826 5578 1879 5632 τί

210 5652 543 5725 αἱρήσομαις
601 5654 871 5718 Ἕκαστος
930 5655 1100 5724 λέγει,
1154 5656 1236 5711 ὅτι
1273 5657 1415 5727 Ἐγὼ
1454 5659 1728 5730 ἀληθεύω.
1759 5661 1913 5718 Τίνι

211 5739 427 5806 πεισθῶ,
458 5742 628 5814 μηδὲν
649 5742 789 5806 ὅλως
817 5740 972 5806 εἰδὼς
1004 5744 1063 5796 ἐν
1089 5745 1210 5808 ταῖς
1227 5744 1503 5816 Γραφαῖςς
1531 5749 1790 5805 Κάκεῖνοι
1819 5751 1881 5806 τὸ

214 5825 336 5881 οὖτὸ
355 5828 779 5902 προϐάλλονται.
807 5829 954 5883 Πάνυ
975 5845 1039 5897 γε
1074 5840 1099 5869 ο
1125 5830 1285 5886 τοῦτο
1316 5831 1456 5905 ὑπὲρ
1478 5834 1657 5905 ἡμῶν.
1674 5836 1741 5891 Et
1781 5839 1881 5910 μὲν

489 5944 761 6015 κρεγφνίας.
802 5941 1032 6015 Eva-60¢
1051 5945 1194 6015 λέγει.
1259 5945 1289 5988 δ
1312 5946 1485 6000 Morel.
1526 5950 1876 6015 ὑποκρίνονται.

220 6001 241 6031 ⁸
262 6004 375 6073 Alii,
406 6006 781 6072 προϐάλλονται.
818 6004 881 6056 Τί
906 6004 1014 6069 οῦνῖ
1033 6001 1228 6069 πάνυγε.

1994 655 2089 709 καὶ
2116 654 2359 726 ἀληθεῖς,
2393 654 2616 710 εὔκολόν
2641 673 2723 710 σοι
2745 655 2806 712 τὸ
2830 657 3171 729 κρινόμενον.
3225 660 3295 713 Et
3319 678 3403 725 τις
3429 661 3667 730 ἐκείναις

1991 744 2292 812 συμφωνεῖ,
2346 736 2500 807 οὗτος
2545 745 2867 814 Χριστιανός
2900 759 2916 775 ο
2965 745 3022 799 εί
3057 762 3144 808 τις
3186 745 3452 818 μάχεται,
3510 745 3668 815 οὗτος

1989 828 2178 901 πόρρω
2199 828 2290 884 τοῦ
2310 830 2529 894 κανόνος
2541 829 2823 885 τούτου.Τί
2845 826 2961 895 οὖν,
2995 831 3061 886 ἂν
3080 834 3286 900 ἐκεῖνος
3317 834 3487 890 ἐλθὼν
3512 838 3665 910 εἴπῃ,

1984 916 2146 971 τοῦτο
2188 916 2335 987 ἔχειν
2360 918 2462 990 τὴν
2479 918 2726 989 Γραφὴν,
2760 919 2825 974 σὺ
2850 918 2907 973 δὲ
2936 919 3123 992 ἕτερον
3147 920 3335 993 λέγῃς,
3364 923 3460 976 καὶ
3491 924 3666 990 άλλως

1986 1001 2375 1075 παρεξηγῆσθε
2402 1003 2564 1077 ,[259]
2591 1000 2691 1069 τὰς
2737 1005 2778 1058 Γ
2782 1005 2999 1077 ραφὰς,
3037 1005 3141 1070 τάς
3188 1006 3427 1073 διανοίας
3484 1010 3666 1065 αὐτῶν

1984 1090 2232 1154 ἕλκοντες
2259 1109 2277 1158 ;
2308 1091 2380 1145 Σὺ
2400 1086 2514 1157 οὖν,
2550 1092 2672 1147 εἰπέ
2706 1110 2818 1163 μοι,
2853 1092 2978 1147 νοῦν
2994 1094 3098 1147 οὐκ
3120 1093 3267 1165 ἔχεις
3286 1095 3407 1149 οὐδὲ
3439 1098 3620 1169 κρίσιν
3646 1115 3662 1163 ;

1984 1177 2094 1231 Καὶ
2123 1177 2242 1240 πῶς
2271 1176 2338 1232 ἂν
2365 1177 2654 1249 δυναίμην,
2679 1179 2835 1250 φησὶ,
2865 1179 3000 1250 μηδὲ
3030 1178 3186 1244 είδὼς
3213 1182 3421 1253 κρίνειν
3441 1183 3510 1236 τὰ
3529 1182 3668 1252 ύμέ-

1982 1280 2152 1332 τερα;
2181 1264 2431 1335 μαθητὴς
2464 1264 2726 1336 βούλομαι
2758 1265 3038 1335 γενέσθαι,
3063 1267 3128 1322 σὺ
3159 1267 3219 1322 δέ
3259 1285 3329 1339 με
3370 1269 3472 1340 ἤδη
3526 1270 3667 1325 διδά-

1986 1352 2183 1405 σκαλον
2206 1354 2399 1415 ποιεῖς.
2437 1354 2535 1406 Ἂν
2558 1351 2734 1407 ταῦτα
2785 1352 2942 1427 λέγῃ,
2997 1354 3068 1419 τί,
3105 1355 3303 1425 φησὶν,
3354 1355 3664 1428 άποκρινώο

1986 1437 2161 1510 μεθα;
2195 1439 2314 1503 πῶς
2336 1438 2499 1493 αύτδν
2520 1440 2782 1511 πείσομεν
2806 1457 2822 1506 ;
2875 1441 3297 1513 Ἐρωτήσωμεν,
3322 1444 3371 1495 εί
3395 1444 3470 1514 μὴ
3510 1445 3663 1513 σκῆ-

1982 1524 2075 1595 ψις
2097 1524 2381 1581 ταῦτακαὶ
2410 1526 2688 1598 πρόφασις
2717 1544 2732 1558 ·
2769 1528 3159 1599 ὲρωτήσωμεν,
3188 1531 3237 1583 εί
3275 1531 3523 1598 κατέγνω
3552 1531 3660 1585 τῶν

1995 1612 2280 1685 Ἑλλήνων.
2300 1613 2525 1678 Πάντως
2542 1632 2596 1667 τι
2624 1617 2740 1686 ἐρεῖ
2756 1630 2769 1646 ·
2801 1615 2864 1669 ού
2895 1616 3005 1686 γὰρ
3029 1616 3095 1688 δὴ
3127 1618 3201 1688 μή
3217 1619 3541 1688 καταγνοὺς,
3567 1620 3662 1673 ἐπὶ

1981 1700 2050 1753 τὰ
2062 1702 2095 1771 ἡ
2105 1701 2231 1771 μέτε
2239 1701 2450 1772 ραῆξει.
2470 1702 2677 1772 Ἐρωτή
2684 1719 2760 1755 σω
2767 1719 2867 1772 μεν
2885 1702 2986 1767 τὰς
2998 1704 3201 1770 αἰτίας,
3218 1704 3284 1757 δι’
3301 1704 3368 1769 ἃς
3387 1706 3520 1758 κατέ
3527 1720 3659 1774 γνω’

1982 1789 2043 1841 ού
2059 1788 2167 1859 γὰρ
2187 1787 2253 1859 δὴ
2273 1787 2462 1853 ἁπλῶς
2481 1788 2745 1857 κατέγνω.
2763 1787 2999 1859 Εὔδηλον
3013 1790 3095 1844 ὅτι
3121 1791 3238 1859 ἐρεῖ
3252 1790 3342 1844 διὰ
3360 1791 3421 1843 τὸ
3438 1790 3666 1861 κτίσμα-

1981 1892 2051 1929 τα
2082 1872 2226 1929 εἶναι
2259 1877 2355 1930 καὶ
2387 1876 2463 1948 μὴ
2496 1870 2637 1929 εῖναι
2676 1876 2931 1932 ἄκτιστον
2961 1864 3141 1930 Θεόνξ
3170 1877 3390 1940 Καλῶς.
3433 1879 3530 1931 Ἂν
3569 1875 3664 1932 οὖν

1981 1961 2139 2016 τοῦτο
2167 1963 2265 2034 μὲν
2303 1962 2440 2036 εὕρῃ
2468 1963 2619 2033 παρὰ
2642 1965 2761 2025 ταῖς
2785 1963 2978 2028 ἄλλαις
3009 1963 3276 2034 αἱρέσεσι,
3301 1964 3364 2016 τὸ
3413 1963 3470 2016 δὲ
3512 1966 3663 2019 ἐναν-

1979 2047 2091 2102 τίον
2121 2049 2251 2121 παρ’
2268 2049 2418 2120 ἡμῖν,
2444 2048 2597 2102 ποίου
2625 2048 2785 2117 λόγου
2815 2049 3007 2121 χρείας
3035 2049 3244 2111 Πάντες
3265 2047 3655 2119 ὁμολογοῦμεν,
3704 2058 3711 2064 “

1979 2137 2059 2189 ὅτι
2092 2136 2120 2187 6
2154 2136 2388 2208 Χριστὸς
2415 2135 2569 2198 Θεός.
2612 2135 2751 2189 Ἀλλ’
2787 2135 2985 2206 ἴδωμεν
3040 2135 3187 2198 τίνες
3229 2136 3513 2206 μάχονται,
3565 2137 3660 2190 καί

1978 2224 2124 2286 τίνες
2147 2223 2206 2276 ού
2242 2223 2528 2294 μάχονται.
2567 2224 2759 2294 Ἦμεῖς
2784 2223 3035 2292 λέγοντες
3062 2222 3216 2286 Θεὸν,
3254 2221 3380 2288 ἄξια
3412 2223 3544 2276 Θεοῦ
3569 2225 3663 2277 καὶ

1981 2309 2352 2381 φθεγγόμεθα,
2389 2312 2471 2365 ὅτι
2501 2309 2750 2376 ἐξουσίαν
2786 2309 2919 2380 ἔχει,
2959 2311 3044 2363 ὅτι
3071 2309 3173 2363 οὐκ
3209 2309 3323 2362 ἔστι
3349 2307 3556 2374 δοῦλος,
3580 2312 3663 2365 ὅτι

1980 2396 2284 2468 ἐλεύθερος,
2315 2398 2395 2451 ὅτι
2421 2399 2515 2467 ἀφ’
2543 2396 2738 2451 ἑαυτοῦ
2772 2397 2952 2451 πάντα
2978 2400 3123 2451 ποιεῖ
3148 2411 3161 2424 ⁸
3194 2399 3404 2460 ἐκεῖνος
3451 2396 3508 2450 δὲ
3535 2399 3661 2451 τοῦ-

1981 2484 2211 2539 ναντίον.
2237 2484 2406 2538 Πάλιν
2425 2484 2636 2556 ἐρωτῶ,
2660 2485 2710 2537 εί
2738 2482 2922 2556 ἰατρὸς
2951 2484 3168 2555 μέλλοις
3198 2484 3511 2556 μανθάνειν,
3554 2479 3665 2556 ἄρα

1979 2570 2165 2634 ἁπλῶς
2187 2571 2281 2624 καὶ
2300 2571 2375 2635 ὠς
2408 2570 2621 2641 ἔτυχεν,
2649 2572 2772 2625 εἰπέ
2795 2589 2909 2642 μοι,
2955 2571 3033 2633 τὰ,
3047 2571 3323 2640 λεγόμενα
3350 2570 3659 2643 καταδέχῃ;

1979 2657 2154 2711 καίτοι
2182 2657 2352 2711 πολλὰ
2378 2670 2402 2697 ι
2428 2658 2565 2728 παρ’
2586 2656 2819 2720 ἐκείνοις
2840 2656 3106 2727 δόγματα.
3129 2656 3194 2709 EE
3223 2651 3428 2727 μὲνοῦν
3449 2655 3661 2724 ἁπλῶς,

1979 2743 2123 2814 ἅπερ
2157 2742 2223 2798 ἂν
2260 2742 2525 2817 ἀκούσῃς,
2555 2744 2852 2814 καταδέχῃ,
2887 2744 2992 2796 οὐκ
3045 2743 3161 2796 ἐστι
3200 2741 3359 2795 τοῦτο
3417 2742 3611 2815 άνδρός
3641 2759 3657 2775 ·

1978 2831 2028 2883 εἰ
2059 2829 2116 2882 δὲ
2149 2829 2331 2900 κρίσιν
2354 2829 2497 2901 ἔχεις
2528 2829 2621 2883 καὶ
2651 2828 2800 2894 νοῦν,
2830 2830 3048 2892 πάντως
3069 2826 3195 2901 εἴσῃ
3218 2828 3278 2881 τὸ
3309 2827 3494 2886 καλόν.
3531 2827 3662 2881 Υἱὺν

1978 2917 2211 2989 λέγομεν
2259 2920 2441 2990 ἡμεῖς,
2505 2916 2923 2989 έπαληθεύομεν
2969 2916 3000 2969 6
3043 2915 3279 2986 λέγομεν
3308 2930 3323 2944 ·
3373 2917 3572 2969 ἐκεῖνοι
3602 2915 3660 2969 δὲ

1977 3004 2193 3074 λέγουσι
2229 3007 2348 3077 μὲν,
2379 3006 2478 3077 ούχ
2499 3004 2821 3076 ὁμολογοῦσι
2846 3005 2924 3059 δέ.
2964 3005 3081 3057 Ἵνα
3111 3003 3168 3057 δὲ
3196 3004 3290 3057 καὶ
3323 3003 3660 3075 σαφέστερον

1979 3094 2139 3159 εἴπω,
2177 3095 2378 3148 ἐκεῖνοι
2406 3092 2590 3165 ἔχουσί
2618 3110 2772 3156 τινας
2784 3093 2878 3162 ἀφ’
2910 3084 2984 3146 ὧν
3014 3090 3330 3156 καλοῦνται,
3364 3091 3531 3146 αὑτοῦ
3560 3090 3656 3147 τοῦ

1978 3182 2335 3253 αἱρεσιάρχου
2381 3181 2628 3252 δηλονότι
2666 3180 2728 3234 τὸ
2784 3180 2988 3252 ὄνομα,
3022 3180 3119 3235 καὶ
3185 3181 3394 3252 ἑκάστη
3447 3180 3661 3250 αἵρεσις

1979 3270 2187 3340 ὁμοίως
2213 3286 2228 3301 ·
2256 3270 2387 3341 παρ’
2418 3271 2551 3340 ἡμῖν
2588 3268 2727 3339 ἀνὴρ
2753 3268 2852 3338 μὲν
2881 3267 3057 3331 οὐδεὶς
3081 3267 3432 3339 έδωκενήμῖν
3463 3267 3656 3339 ὄνομα,

1980 3358 2016 3426 ή
2057 3356 2115 3409 δὲ
2177 3356 2362 3420 πίστις
2404 3356 2563 3427 αύτή.
2602 3354 2763 3409 Ἀλλά
2802 3354 3004 3425 σκῆψις
3032 3353 3192 3408 τοῦτο
3233 3356 3326 3409 καὶ
3360 3354 3658 3427 πρόφασις.

1979 3441 2080 3494 Διά
2101 3442 2153 3494 τί
2190 3442 2320 3513 γὰρ,
2352 3441 2477 3494 εἱπέ
2501 3458 2614 3511 μοι,
2638 3440 2705 3494 ἂν
2731 3440 2830 3510 μὲν
2865 3441 3080 3511 ἱμάτιον
3132 3440 3333 3514 μέλλῃς
3371 3441 3657 3514 πρίασθαι,

1980 3529 2158 3582 καίτοι
2186 3546 2250 3597 γε
2279 3525 2582 3597 ὑφαντικῆς
2604 3525 2827 3597 ἄπειρος
2846 3525 2922 3579 ὣν
2943 3526 3160 3598 τέχνης,
3190 3527 3251 3579 ού
3278 3528 3454 3597 λέγεις
3484 3527 3659 3583 ταῦτα

1978 3615 2046 3669 τὰ
2073 3614 2407 3686 ρήματα,ὅτι
2434 3614 2548 3668 Ούκ
2574 3607 2690 3666 οῖδα
2714 3612 3005 3683 ἀγοράσαι,
3026 3612 3356 3682 ὲμπαίζουσί
3384 3630 3496 3684 μοι·
3521 3613 3658 3669 ἀλλὰ

1979 3702 2154 3757 πάντα
2185 3704 2358 3764 ποιεῖς
2388 3700 2530 3755 ὥστε
2571 3699 2798 3771 μαθεῖν;
2841 3699 2961 3753 Κᾶν
2993 3699 3121 3754 ἄλλο
3171 3700 3350 3754 ὁτιοῦν
3386 3700 3656 3773 βουληθῇς

1977 3780 2293 3861 ὠνήσασθαι
2326 3829 2340 3849 .
2401 3789 2581 3845 πάντα
2623 3789 2799 3851 ποιεῖς
2849 3786 3322 3860 πολυπραγμονῶν
3358 3802 3374 3818 ⁶
3420 3789 3656 3843 ἐνταῦθα

1977 3877 2033 3931 δὲ
2057 3877 2227 3932 ταῦτα
2253 3876 2456 3945 λέγεις.
2510 3876 2675 3930 Ὥστε
2705 3874 2799 3929 ἐπὶ
2820 3875 2898 3947 τῷ
2921 3874 3068 3947 λόγῳ
3108 3874 3284 3945 τούτῳ
3319 3875 3474 3929 οὐδὲν
3516 3876 3655 3940 ὅλως

1978 3963 2268 4036 καταδέξῃ.
2299 3964 2483 4016 Ἔστω
2510 3962 2712 4032 γάρτις
2750 3962 2916 4033 μηδὲν
2966 3963 3103 4027 ὅλως
3142 3962 3318 4031 δόγμα
3371 3961 3530 4033 ἔχων,
3587 3961 3657 4015 ἂν

1977 4053 2227 4115 κάκεῖνος
2242 4051 2376 4124 λέγῃ
2404 4049 2432 4104 6
2456 4067 2523 4103 πε
2533 4052 2586 4121 ρὶ
2614 4050 2724 4104 τῶν
2748 4049 3094 4123 Χριστιανῶν
3123 4050 3210 4114 σὺ,
3230 4048 3495 4103 Τοσοῦτον
3519 4048 3655 4120 πλῆ-

1980 4140 2071 4203 θος
2101 4139 2403 4211 ἀνθρώπων
2423 4140 2561 4204 ἐστὶ,
2595 4139 2691 4193 καὶ
2704 4139 2952 4211 δόγματα
2978 4138 3160 4210 έχουσι
3183 4137 3421 4209 διάφορα
3440 4153 3455 4169 ’
3491 4138 3520 4189 ὁ
3551 4135 3654 4207 μὲν

1980 4227 2178 4297 Ἕλλην
2210 4227 2379 4291 ἐστὶν,
2418 4228 2446 4281 6
2477 4226 2533 4281 δὲ
2577 4226 2849 4290 Ἰουδαῖος,
2888 4226 2917 4278 6
2941 4225 2998 4280 δὲ
3021 4223 3346 4296 Χριστιανός
3377 4241 3391 4255 ·
3419 4222 3539 4276 οὐδὲ
3594 4222 3655 4275 ἓν

1976 4312 2058 4367 δεῖ
2082 4313 2257 4383 δόγμα
2277 4312 2673 4377 καταδέξασθαι
2694 4326 2708 4340 ·
2733 4311 2981 4382 ἀλλήλοις
2997 4310 3104 4381 γὰρ
3133 4308 3462 4381 πολεμοῦσιν
3487 4325 3502 4338 ·
3539 4305 3654 4376 ἐγὼ

1976 4401 2034 4455 δὲ
2088 4400 2338 4473 μαθητής
2396 4402 2536 4472 εἰμι,
2598 4400 2695 4454 καὶ
2722 4398 2917 4470 κριτὴς
2945 4399 3006 4452 ού
3037 4395 3300 4470 βούλομαι
3331 4391 3494 4462 εἶναι,
3528 4395 3655 4450 ούδὶ

1976 4486 2084 4554 ’ἐξω
2114 4487 2547 4558 καταγινώσκειν
2568 4488 2597 4530 b
2622 4487 2739 4551 ἐνὸς
2772 4487 3041 4557 δόγματος
3075 4501 3090 4516 ·
3151 4483 3336 4538 οὐκέτι
3385 4500 3467 4537 σοι
3504 4480 3646 4555 αῦτη

1976 4575 2161 4630 λοιπὸν
2183 4578 2217 4648 ἡ
2246 4576 2518 4647 πρόφασις
2552 4574 2737 4646 χώραν
2774 4573 2910 4644 ἔχει.
2948 4570 3215 4642 Καθάπερ
3265 4571 3375 4641 γάρ
3420 4572 3651 4640 ῐσχυσαν

1975 4658 2038 4712 τὸ
2054 4658 2204 4712 νόθον
2230 4656 2503 4723 ἐκϐαλεῖν,
2533 4653 2706 4719 οὕτως
2746 4653 2990 4725 ἰσχύσεις
3037 4653 3131 4706 καὶ
3179 4652 3416 4707 ἐνταῦθα
3468 4650 3644 4707 ἐλθὼν

1975 4739 2267 4811 δοκιμάσαι
2287 4740 2348 4793 τὸ
2367 4739 2666 4808 λυσιτελές.
2701 4737 2761 4792 '0
2791 4737 2890 4808 μὲν
2922 4735 3033 4806 γάρ
3080 4734 3311 4807 μηδενὸς
3346 4735 3485 4799 ὅλως
3525 4734 3653 4805 δόγ-

1980 4840 2150 4895 ματος
2178 4823 2506 4892 καταγνοὺς,
2539 4820 2778 4884 εὐκόλως
2806 4819 2982 4875 ταῦτα
3008 4821 3126 4890 ὲρεῖ
3147 4837 3162 4852 ·
3189 4821 3218 4874 6
3237 4819 3296 4872 δὲ
3325 4821 3652 4889 καταγνοὺς,

1931 4918 1939 4923 ·
1977 4905 2081 4960 κᾶν
2124 4905 2293 4977 μηδὲν
2331 4905 2606 4976 ᾑρημένος
2632 4899 2690 4978 ᾖ,
2726 4901 2832 4973 ὁδῷ
2865 4901 3176 4974 προϐαίνων
3199 4902 3487 4973 δυνήσεται
3523 4920 3656 4958 συν-

1981 4992 2110 5047 ιδεῖν
2137 4992 2198 5046 τὸ
2215 4991 2352 5045 δέον.
2402 4992 2495 5063 Μὴ
2522 4990 2587 5062 δὴ
2627 4989 3001 5061 σκηπτὼμεθα
3044 4986 3181 5060 μηδὲ
3225 4988 3655 5061 πῳφασιζιῦμε-

1977 5079 2047 5134 θα
2070 5096 2084 5112 ο
2120 5078 2297 5132 πάντα
2323 5077 2433 5148 γάρ
2467 5077 2645 5150 ῥᾴδια.
2702 5076 2891 5131 Βούλει
2927 5093 3010 5130 σοι
3045 5076 3227 5145 δείξω,
3265 5077 3347 5131 ὅτι
3383 5075 3656 5148 πρόφασίς

1977 5169 2093 5221 ἐστι
2119 5165 2329 5233 ταῦτα;
2359 5164 2443 5219 Τὰ
2467 5163 2736 5236 πρακτέα,
2762 5165 2859 5220 καὶ
2885 5164 2955 5219 τά
2986 5163 3063 5237 μὴ
3083 5163 3336 5235 πρακτέα
3359 5159 3536 5228 οἷδαςς
3563 5161 3656 5216 διὰ

1975 5256 2027 5308 τί
2060 5249 2153 5308 οῦν
2185 5254 2254 5308 τὰ
2280 5253 2531 5325 πρακτέα
2564 5252 2639 5324 μὴ
2674 5254 2936 5324 πράττεις
2954 5292 2970 5318 ,
3001 5251 3138 5306 ἀλλὰ
3158 5250 3228 5305 τὰ
3256 5249 3335 5322 μὴ
3364 5250 3656 5320 πρακτέα;

1979 5341 2193 5413 Πρᾶξον
2212 5343 2416 5403 ἐκεῖνα,
2446 5341 2543 5395 καὶ
2583 5340 2730 5412 ὀρθῷ
2751 5339 3003 5412 λογισμῷ
3051 5338 3290 5410 ζήτησον
3341 5336 3495 5409 παρὰ
3556 5334 3653 5390 τοῦ

1977 5426 2136 5490 Θεοῦ,
2164 5431 2256 5481 καὶ
2284 5426 2442 5492 αύτός
2469 5444 2552 5481 σοι
2569 5427 2789 5492 πάντως
2807 5425 3168 5496 ἀποκαλύψει.
3183 5427 3306 5478 Οὐκ
3319 5423 3451 5477 ἔστι
3461 5437 3654 5488 προσ-

1978 5513 2361 5584 ωπολήπτης,
2393 5518 2580 5585 φησιν,
2604 5518 2636 5570 d
2664 5513 2814 5588 [260]
2843 5515 3008 5581 Θεός’
3040 5512 3157 5568 ἀλλ’
3175 5515 3233 5566 έν
3257 5509 3423 5564 παντὶ
3455 5508 3596 5564 ἔθνει
3622 5510 3653 5563 6

1981 5594 2313 5667 φοϐούμενος
2343 5597 2525 5661 αὐτὸν,
2548 5598 2644 5650 καὶ
2678 5596 3046 5669 ἐργαζόμενος
3068 5591 3437 5664 δικαιοσύνην,
3464 5591 3654 5658 δεκτὸς

1980 5684 2129 5756 αύτῷ
2161 5686 2330 5741 ἐστιν.
2367 5685 2480 5739 Ούκ
2507 5684 2624 5738 ἔστι
2671 5688 2765 5741 τὸν
2801 5686 2974 5757 χωρὶς
3023 5681 3346 5755 προλήψεως
3386 5680 3654 5737 ἀκούοντα

1984 5771 2062 5844 μὴ
2090 5770 2395 5829 πείθεσθαι.
2431 5771 2646 5841 Ὠσπερ
2668 5769 2779 5843 γὰρ
2829 5772 2878 5825 εί
2926 5768 3107 5827 κανών
3140 5786 3227 5833 τις
3270 5764 3362 5841 ἦν,
3420 5768 3556 5841 πρὸς
3592 5768 3654 5824 δν

2039 5952 2068 5986 ⁸
2094 5954 2229 6020 Unus
2254 5956 2526 6020 γμανθάνειψ
2554 5954 2713 6020 καίτοι
2735 5957 2908 6020 πολλά,
2947 5960 3142 6019 caeteris
3182 5958 3395 6010 omissis.
3456 5952 3488 5997 δ
3512 5940 3649 6007 ωετίτ

1986 6016 2126 6068 εἶναι.
2165 6019 2222 6067 Et
2245 6016 2298 6068 δὲ
2337 6018 2446 6076 εῐξω
2484 6019 2875 6080 καταγινώσκειν.
