4112 6452
463 386 578 440 245

469 500 648 554 πάντα
704 498 1100 553 ἀπευθύνεσθαι
1148 499 1338 570 ἐχρῆν,
1378 501 1440 553 οὺ
1492 500 1694 568 πολλῆς
1731 501 1838 554 ἔδει
1870 502 2133 570 σκέψεως,

465 587 604 642 ἀλλά
635 587 724 640 τὸν
757 585 1209 657 παραμετροῦντα
1238 585 1460 641 εῦκολον
1493 584 1560 658 ἦν
1583 587 1770 642 λαϐεῖν
1801 604 1815 619 ·
1845 587 2020 650 οὕτως
2042 588 2136 640 καὶ

465 675 583 729 νῦν.
617 673 739 738 Πῶς
772 669 864 726 οὖν
891 673 950 725 οὐ
984 673 1279 745 συνορῶσι;
1313 675 1492 728 Πολλά
1514 677 1692 740 ποιεῖ,
1737 676 1835 728 καὶ
1869 675 2140 746 πρόληψις

467 761 560 814 καὶ
589 760 922 828 ἀνθρώπιναι
955 760 1145 813 αἰτίαι.
1175 761 1346 814 Τοῦτο
1367 763 1460 815 καὶ
1482 762 1608 830 περὶ
1638 763 1816 832 ἡμῶν,
1858 763 2015 831 φησὶ,
2039 762 2135 815 καὶ

468 849 662 899 ἐκεῖνοι
693 847 931 912 λέγουσι.
963 847 1120 910 Πῶς;
1167 849 1258 917 Μὴ
1301 849 1410 920 γάρ
1449 849 1830 919 ἀπεσχίσμεθα
1876 849 1976 918 τῆς
2011 849 2137 903 Ἐκ-

354 945 363 951 ”
460 929 728 998 κλησίαςς
766 930 838 998 μὴ
875 930 982 996 γάρ
1005 932 1362 1000 αἰρεσιάρχας
1387 931 1614 1002 ἕχομεν;
1672 931 1745 1003 μὴ
1781 932 1889 1002 γὰρ
1913 932 2009 984 ἀπ’
2042 933 2138 984 ἀν-

469 1008 703 1085 θρώπων
752 1017 1101 1087 καλούμεθα;
1151 1017 1225 1088 μὴ
1257 1019 1364 1088 γὰρ
1421 1019 1834 1089 προηγούμενος
1865 1019 2022 1090 ἡμῶν
2054 1019 2138 1082 τίς

467 1104 638 1168 ἐστιν,
676 1103 864 1175 ὥσπερ
888 1106 963 1174 τῷ
997 1106 1093 1172 μὲν
1120 1107 1408 1174 Μαρκίων,
1434 1106 1510 1176 τῷ
1539 1107 1594 1159 δέ
1618 1109 1939 1177 Μακδιχαίος,
1969 1105 2048 1176 τῷ
2081 1107 2138 1159 δὲ

473 1185 714 1255 Ἀρειος,
738 1186 816 1256 τῷ
844 1187 900 1239 δὲ
930 1188 1087 1250 ἄλλος
1117 1205 1199 1251 τις
1224 1189 1483 1259 αἱρέσεως
1512 1191 1789 1260 ἀρχηγὸς;
1850 1191 1911 1244 Εἰ
1949 1190 2006 1242 δέ
2044 1193 2140 1244 καὶ

470 1276 630 1342 ἡμεῖς
660 1277 1028 1346 προσηγορίαν
1063 1277 1203 1340 τινὸς
1231 1276 1446 1346 ἔχομεν,
1476 1279 1591 1330 ἀλλ’
1627 1280 1687 1331 ού
1718 1280 1844 1341 τοὺς
1864 1279 1964 1348 τῆς
1988 1278 2140 1349 αἱρέ-

471 1376 608 1420 σεως
641 1360 932 1430 ἄρξαντας,
973 1363 1106 1416 άλλά
1127 1364 1251 1426 τοὺς
1277 1364 1617 1434 προστάντας
1648 1364 1803 1434 ἡμῶν
1826 1365 1920 1418 καὶ
1944 1364 2134 1434 κυϐερ‹

471 1447 739 1516 νήσαντας
792 1449 891 1519 τὴν
927 1450 1272 1520 Ἐκκλησίαν.
1299 1451 1412 1503 Ούκ
1443 1452 1639 1521 ἔχομεν
1662 1452 2017 1513 διδασκάλους
2048 1452 2141 1504 ἐπὶ

469 1535 566 1603 τῆς
589 1537 690 1605 γῆς
717 1553 728 1564 ·
771 1536 844 1606 μὴ
876 1537 1088 1604 γένοιτο
1122 1555 1135 1569 ο
1166 1538 1262 1590 ἕνα
1288 1538 1484 1608 ἔχομεν
1515 1539 1605 1591 τὸν
1637 1542 1694 1593 ἐν
1720 1543 1831 1601 τοῖς
1867 1541 2135 1610 οὐρανοῖς.

473 1622 751 1690 Κάκεῖνοι,
779 1627 933 1694 φησὶ,
963 1629 1029 1679 τὰ
1055 1625 1194 1679 αύτά
1233 1627 1645 1696 προϐάλλονται.
1696 1627 1835 1681 Ἀλλ’
1863 1629 2136 1696 ἐφέστηκε

471 1708 531 1760 τὸ
585 1709 753 1776 ὄνομα
789 1711 1134 1783 κατηγοροῦν
1177 1713 1376 1776 αὐτῶν,
1441 1715 1534 1766 καὶ
1570 1716 1882 1784 ὲμφράττον
1922 1715 1989 1768 τά
2022 1715 2140 1767 στόο

473 1813 639 1865 ματα.
674 1800 862 1852 Πολλοὶ
889 1813 912 1839 ει
942 1801 1226 1868 γεγόνασιν
1255 1800 1533 1872 Ἕλληνες,
1589 1802 1684 1854 καὶ
1737 1803 1911 1867 οὐδεὶς
1960 1803 2134 1856 ταῦτα

1218 383 1274 439 S.
1314 381 1600 439 JOANNLS
1644 383 2139 442 CIIRYSOSTUMI
2192 381 2512 441 ARCHIEP.
2555 380 3107 440 CONSTANTINOP.
3787 387 3876 442 216

2234 498 2509 572 ἠρώτησε,
2562 500 2656 552 καὶ
2709 498 2854 569 παρά
2904 498 3213 566 φιλοσόφοις
3248 491 3316 568 ἦν
3358 497 3554 558 ταῦτα,
3597 499 3682 552 καὶ
3719 503 3870 570 οὐδεὶς

2236 588 2481 658 ἐκωλύθη
2513 587 2620 640 τῶν
2651 587 2749 657 τὴν
2788 586 2955 657 ὀρθὴν
2979 585 3192 655 αἵρεσιν
3215 587 3470 657 ἐχόντων.
3528 586 3629 638 Διά
3647 586 3692 638 τί
3714 590 3774 659 μὴ
3798 588 3866 644 εἷ-

2237 692 2336 727 πον
2357 675 2442 727 ὅτε
2473 676 2647 728 ταῦτα
2670 674 2905 736 ἐκίνουν,
2941 675 3021 727 ὅτι
3047 675 3140 726 καὶ
3163 669 3308 727 οῦτοι
3341 675 3592 726 κάκεῖνοι
3631 673 3865 730 Ἰουδαῖοι·

2236 763 2342 814 τίνι
2368 764 2448 816 δεῖ
2477 763 2622 832 ἡμᾶς
2653 761 2966 825 πείθεσθαι;
3015 761 3154 814 Ἀλλ’
3182 760 3516 830 ἐπείσθησαν
3541 760 3618 822 ὼς
3648 760 3766 815 ἔδει.
3797 765 3877 816 θῦε

2238 849 2368 902 κοῦν
2399 851 2492 903 καὶ
2535 852 2695 921 ἡμεῖς
2744 847 3063 919 πειθώμεθα
3085 851 3194 909 τοῖς
3237 847 3329 900 τοῦ
3370 848 3508 901 Θεοῦ
3557 849 3758 918 νόμοις,
3806 852 3884 904 καὶ

2237 939 2416 990 πάντα
2445 938 2772 1009 πράττωμεν
2807 937 2947 989 κοιτά
2976 937 3035 989 τὸ
3061 934 3210 1005 αὐτῷ
3245 936 3457 1000 δοκοῦν,
3493 935 3592 989 καὶ
3639 937 3775 989 κατά
3803 939 3884 1008 τὴν

2237 1024 2399 1078 αὐτοῦ
2430 1024 2682 1095 βούλησιν
2711 1022 3177 1092 πολιτευσώμεθα,
3195 1020 3271 1086 ὡς
3294 1022 3374 1074 ἐτι
3395 1023 3562 1092 ἐσμὲν
3595 1024 3653 1075 ἐν
3675 1023 3748 1092 τῷ
3770 1040 3886 1092 παρα

2235 1113 2348 1165 όντι
2381 1111 2498 1182 βίῳ,
2551 1112 2640 1165 ἵνα
2685 1111 2824 1183 μετά
2858 1110 3062 1181 ἀρετῆς
3101 1110 3194 1162 τὸν
3238 1109 3536 1163 ὑπόλοιπον
3573 1109 3762 1182 χρόνον
3802 1110 3886 1180 τῆς

2238 1199 2383 1270 ζωῆς
2419 1198 2577 1270 ήμῶν
2607 1199 2976 1262 διανύσαντες,
3037 1196 3148 1250 τῶν
3206 1197 3641 1267 ἐπηγγελμένων
3689 1197 3888 1265 ἀγαθῶν

2237 1289 2349 1350 τοῖς
2411 1287 2700 1355 ἀγαπῶσιν
2757 1287 2918 1340 αὑτὸν
2964 1288 3240 1356 ἐπιτυχεῖν
3269 1283 3656 1353 δυνησώμεθα,
3690 1285 3779 1338 καὶ
3807 1283 3889 1336 σὺν

2237 1375 2346 1435 τοῖς
2377 1373 2806 1446 εύαρεστήσασιν
2832 1373 2982 1444 αὐτῷ
3020 1374 3188 1442 τιμῆς
3209 1373 3557 1443 ἀξιωθῶμεν,
3605 1374 3781 1442 χάριτι
3811 1370 3892 1423 καὶ

2240 1459 2619 1531 φιλανθρωπίᾳ
2649 1461 2742 1513 τοῦ
2783 1460 3105 1530 μονογενοῦς
3132 1460 3262 1514 Υίοῦ
3297 1459 3486 1522 αὑτοῦ,
3531 1462 3629 1512 καὶ
3677 1458 3766 1511 τοῦ
3797 1475 3886 1510 πα-

2239 1545 2427 1613 ναγίου
2458 1547 2553 1599 καὶ
2585 1547 2851 1610 ζωοποιοῦ
2887 1547 3226 1617 Πνεύματος,
3264 1548 3364 1618 τῆς
3392 1549 3525 1618 μιᾶς
3566 1546 3659 1598 καὶ
3683 1543 3892 1614 ἀληθοῦς

2241 1631 2513 1702 θεότητος,
2547 1634 2642 1687 νῦν
2665 1637 2758 1689 καὶ
2789 1636 2894 1702 ἀεὶ,
2917 1635 3011 1688 καὶ
3035 1636 3115 1699 είς
3139 1636 3265 1700 τοὺς
3296 1635 3500 1699 αἰῶνας
3532 1635 3643 1688 τῶν
3681 1634 3892 1686 αἰώνων.

2254 1718 2308 1770 Ἀ
2321 1719 2445 1787 μήν.

2302 1812 2330 1844 ³
2357 1812 2490 1862 Unus
2512 1814 2740 1876 στόματα.
2760 1816 2848 1863 Διά
2871 1815 2917 1863 τί
2933 1817 3117 1864 πολλοί.

2246 1938 2274 1947 φ

2004 2013 2248 2066 ΟΜΙΛΙΑ
2291 2014 2410 2069 AA'.

473 2104 714 2169 Παῦλος
756 2103 823 2156 δὲ
857 2103 954 2157 καὶ
1008 2106 1320 2173 Βαρνάϐας
1349 2104 1639 2173 διέτριϐον
1679 2105 1750 2157 ἐν
1797 2106 2142 2174 Ἀντιοχείᾳ,

543 2160 933 2239 διδάσκοντες
963 2175 1058 2228 καὶ
1090 2160 1602 2243 εὐαγγελιζόμενοι
1622 2177 1772 2242 μετὰ
1796 2177 1893 2228 καὶ
1927 2160 2144 2242 ἐτὲρών

544 2244 790 2313 πολλῶν
818 2243 1129 2313 τὸνλόγον
1149 2246 1253 2298 τοῦ
1268 2246 1486 2309 Κυρίου
1528 2246 1687 2298 Μετὰ
1711 2244 1777 2296 δέ
1804 2261 1972 2310 τινας
1995 2244 2136 2313 ἠμέ-

533 2330 650 2380 ρας
679 2309 809 2364 εἷπε
849 2309 1088 2382 Παῦλος
1123 2313 1275 2379 πρὸς
1313 2316 1627 2381 Βαρνάϐαν
1657 2331 1670 2346 ·
1717 2309 2145 2382 Ἐπιστρέψαν-

542 2401 643 2446 τες
671 2382 746 2446 δὴ
775 2381 1235 2452 ἐπισκεψώμεθα
1268 2384 1409 2448 τοὺς
1431 2383 1733 2452 ἀδελφοὺς
1763 2386 1911 2438 κατὰ
1940 2381 2147 2438 πᾶσαν

543 2453 744 2512 πόλιν,
791 2452 865 2524 εν
889 2448 1500 2524 Δαἵςίκιὶτηγγείλαμεν
1526 2448 1629 2507 τόν
1676 2448 1864 2524 λόγον
1894 2453 2002 2509 τοῦ
2033 2458 2144 2509 Κυ-

538 2523 696 2591 ρίου,
728 2523 852 2586 πῶς
881 2521 1152 2588 ἔχουσιν.

543 2612 611 2658 α’.
634 2607 778 2672 Ὅρα
803 2605 961 2658 πάλιν
987 2604 1164 2657 αὐτῶν
1188 2605 1249 2658 τὸ
1268 2605 1542 2669 ταπεινὸν,
1569 2605 1686 2669 πῶς
1706 2606 1799 2659 καὶ
1816 2606 2024 2678 ἑτέροις
2051 2625 2146 2677 μεο

472 2693 743 2747 ταδιδόασι
769 2692 861 2745 τοῦ
891 2692 1072 2761 λόγου.
1102 2692 1215 2744 Καὶ
1261 2692 1360 2762 ἤδη
1399 2692 1496 2762 μὲν
1536 2691 1644 2745 τῶν
1683 2693 1996 2746 ἀποστόλων
2035 2692 2144 2746 τῶν

471 2780 673 2834 λοιπῶν
708 2780 769 2834 τὸ
792 2776 927 2850 ἦθος
958 2778 1268 2849 ἀνέγραψεν
1306 2779 1437 2849 ἡμῖν
1466 2781 1494 2832 6
1530 2779 1766 2845 Λουκᾶς,
1811 2781 2024 2844 δεικνὺς
2061 2780 2144 2833 ὅτι

471 2869 501 2919 6
541 2869 640 2939 μὲν
671 2867 1023 2939 ἁπαλώτερος
1055 2863 1122 2938 ἦν
1155 2867 1252 2921 καὶ
1283 2866 1483 2936 μᾶλλον
1508 2867 1966 2938 συγγνωμονικός,
1992 2863 2147 2932 οὗτος

471 2957 528 3009 δὲ
555 2956 943 3026 ἀκριϐέστερος
973 2956 1068 3008 καὶ
1089 2955 1491 3026 αύστηρότερος
1523 2971 1538 2986 ·
1564 2955 1798 3026 διάφορα
1821 2958 1928 3025 γάρ
1949 2955 2148 3008 ἐστιτὰ

474 3043 790 3114 χαρίσματα
820 3061 832 3073 ·
872 3045 952 3094 ὅτι
1005 3043 1062 3096 δέ
1115 3043 1210 3094 καὶ
1254 3041 1412 3094 τοῦτο
1449 3042 1718 3112 χάρισμα,
1764 3042 1942 3110 δῆλον.
2005 3040 2145 3093 Ἀλλ’

475 3133 650 3184 ἐκεῖνο
684 3131 782 3200 μὲν
817 3131 1023 3200 ἑτέροις
1049 3130 1237 3200 ἤθεσιν
1271 3128 1572 3200 ἀνθρώπων
1605 3129 1855 3200 ἁρμόζει,
1885 3128 2042 3182 τοῦτο
2091 3129 2149 3182 δὲ

477 3219 703 3289 ἑτέρως’
733 3217 834 3271 κᾶν
865 3218 1406 3287 μετασκευάσωνται,
1437 3217 1660 3285 γέγονεν
1691 3218 1963 3288 ἄχρηστον
1993 3215 2146 3289 [τοι]

475 3305 683 3358 λοιπόν.
726 3306 837 3357 Καὶ
868 3305 1014 3357 δοκεῖ
1062 3305 1159 3375 μὲν
1191 3297 1330 3356 εἷναί
1362 3321 1446 3366 τις
1479 3303 1850 3374 παροξυσμὸς,
1872 3303 1933 3356 τὸ
1959 3305 2018 3356 δὲ
2041 3305 2146 3356 πᾶν

477 3391 756 3462 οἰκονομία
785 3393 948 3444 ἐστίν.
985 3393 1148 3445 Ὥστε
1178 3391 1286 3465 γὰρ
1330 3394 1457 3455 τοὺς
1509 3392 1884 3463 προσήκοντας
1921 3392 2151 3444 ἕκαστον

477 3479 674 3542 τόπους
718 3477 1030 3544 ἀπολαϐεῖν,
1083 3479 1240 3531 τοῦτο
1298 3479 1528 3547 γίνεται.
1565 3478 1778 3542 ΙἌλλως
1822 3478 1879 3530 δὲ
1909 3479 2006 3530 καὶ
2039 3477 2150 3530 ἔδει

481 3567 682 3630 πάντας
709 3567 805 3636 οὐχ
839 3565 1130 3636 ὁμοτίμους
1161 3562 1320 3630 εἶναι,
1348 3565 1484 3618 ἀλλὰ
1525 3565 1615 3618 τὸν
1655 3567 1752 3634 μὲν
1798 3565 2011 3637 ἄρχειν,
2057 3566 2150 3618 τὸν

477 3648 534 3702 δὲ
565 3649 824 3718 ἄρχεσθαι
850 3665 863 3678 °
894 3649 989 3701 καὶ
1035 3649 1192 3702 τοῦτο
1217 3649 1582 3719 οἰκονομικόν.
1619 3647 1855 3720 Κύπριοι
1917 3650 2016 3719 μὲν
2041 3650 2151 3720 γάρ

479 3725 630 3790 οὐδὲν
663 3736 904 3790 τοιοῦτον
930 3737 1292 3803 ἐπεδείξαντο,
1314 3732 1425 3790 οἷον
1446 3737 1495 3788 οἱ
1529 3739 1586 3790 ἐν
1628 3737 1928 3808 Ἀντιοχείᾳ
1975 3737 2070 3789 καὶ
2103 3739 2151 3788 οί

479 3824 655 3877 λοιποί
679 3841 694 3855 ο
726 3826 821 3878 καὶ
845 3826 1038 3877 ἐκεῖνοι
1069 3824 1266 3894 μᾶλλον
1291 3825 1500 3877 ἐδέοντο
1523 3824 1615 3877 τοῦ
1637 3824 1798 3894 ἡθους
1821 3825 1914 3877 τοῦ
1936 3824 2154 3877 ἁπαλω-

480 3913 660 3983 τέρου,
709 3908 852 3966 οῦτοι
906 3911 962 3965 δὲ
1010 3911 1221 3966 τούτου.
1279 3911 1593 3980 Βαρνάϐας
1640 3912 1708 3964 δὲ
1745 3913 2154 3966 ἐϐουλεύσατο

482 3997 978 4067 συμπαραλαϐεῖν
1003 3999 1100 4052 καὶ
1133 3998 1418 4068 Ἰωάννην
1442 3999 1550 4052 τὸν
1583 4001 1965 4068 καλούμενον
1998 3999 2154 4065 Μάρ-

483 4103 594 4139 κον
631 4105 642 4118 ·
685 4087 925 4151 Παῦλος
946 4085 1013 4138 δὲ
1039 4085 1214 4153 ἠξίου
1249 4086 1357 4139 τόν
1405 4086 1761 4141 ἀποστάντα
1801 4087 1904 4140 ἀπ’
1955 4085 2155 4139 αὐτῶν

483 4175 599 4229 ἀπὸ
641 4175 1012 4242 Παμφυλάς,
1044 4174 1140 4226 καί
1181 4173 1267 4244 μὴ
1303 4177 1680 4228 συνελθόντα
1729 4174 1935 4239 αὐτοῖς
1963 4175 2048 4239 εἰς
2089 4173 2155 4226 τὸ

482 4263 676 4330 ἔργον,
696 4282 738 4330 μ
750 4263 781 4329 ὴ
806 4263 1299 4332 συμπαραλαϐεἴν
1327 4263 1562 4318 τοῦτον.
1596 4263 1867 4334 Ἐγένετο
1887 4259 2001 4318 οὖν
2017 4279 2158 4330 παρ-

487 4345 775 4413 οξυσμίις,
830 4345 986 4398 ὥστε
1024 4345 1391 4414 χωρισθῆναι
1423 4347 1645 4412 αὐτοὺς
1700 4345 1802 4400 ἀπ’
1841 4344 2153 4412 ἀλλήλων,

485 4429 592 4480 τόν
618 4445 679 4481 τε
706 4429 1018 4495 Βαρνάϐαν
1041 4430 1462 4495 παραλαϐόντα
1495 4429 1599 4482 τὸν
1620 4429 1885 4494 Μάρκον,
1909 4428 2161 4482 ἐκπλεῦ-

487 4525 588 4562 σαι
612 4512 697 4574 εἰς
729 4512 967 4576 Κύπρον
995 4527 1008 4540 ·
1051 4511 1294 4576 Παῦλος
1334 4510 1402 4563 δὲ
1445 4510 1881 4578 ἐπιλεξάμενος
1944 4511 2154 4574 Σίλαν,

486 4595 706 4663 ἐξῆλθε
770 4597 1122 4672 παραδοθεὶς
1173 4597 1250 4664 τῇ
1301 4599 1496 4666 χάριτι
1558 4597 1664 4651 τοῦ
1716 4597 1867 4651 Θεοῦ
1896 4597 2016 4652 ὑπὸ
2039 4597 2159 4650 τῶν

486 4685 786 4753 ἀδελφῶν.
867 4685 1023 4739 Οὕτω
1067 4687 1163 4739 καὶ
1219 4687 1275 4738 ἐν
1318 4689 1431 4748 τοῖς
1487 4687 1795 4757 προφήταις
1832 4686 2158 4757 εὑρίσκομεν

485 4775 774 4846 διαφόρους
813 4775 1038 4847 γνώμας
1073 4777 1168 4830 καὶ
1211 4777 1442 4848 διάφορα
1485 4779 1589 4848 ἢθη
1642 4789 1656 4804 ⁸
1713 4771 1824 4831 οἷον
1876 4779 1904 4830 6
1975 4777 2160 4841 Ἠλίας

488 4865 776 4934 αὑστηρδς,
814 4865 855 4918 6⁸
883 4867 1123 4934 Μωῦσῆς
1173 4867 1364 4935 πρᾶος.
1417 4867 1524 4919 Καὶ
1559 4865 1986 4918 ἐνταῦθατοίνυν
2037 4883 2161 4934 σφο-

487 4951 740 5021 δρότερός
803 4955 950 5004 ἐστιν
1007 4953 1035 5004 6
1094 4952 1323 5016 Παῦλος.
1387 4950 1528 5006 Ἀλλ’
1602 4954 1705 5022 ὅρα
1763 4954 1858 5005 καὶ
1905 4952 2047 5006 οὕτω
2101 4953 2161 5005 τδ

490 5039 729 5101 ἐπιεικὲς
789 5038 975 5091 αὐτοῦ.
1031 5040 1250 5103 Ἠξίου,
1304 5041 1456 5110 φησὶ,
1513 5039 1619 5093 τὸν
1668 5039 2022 5094 ἀποστάντα
2058 5041 2158 5094 ἀπ’

487 5125 685 5180 αὐτῶν
717 5125 832 5180 άπὸ
867 5127 1222 5194 Παμφυλίας
1246 5127 1330 5196 μὴ
1355 5127 1868 5196 συμπαραλαϐεῑν.
1894 5127 2160 5199 Καθάπερ

488 5215 598 5287 γάρ
630 5231 714 5276 τις
759 5214 1064 5284 στρατηγὸς
1098 5215 1198 5267 οὐκ
1233 5213 1298 5267 ἂν
1341 5214 1514 5266 ἕλοιτο
1541 5214 1631 5266 τὸν
1665 5214 1993 5284 σκευοφόρον
2019 5214 2162 5285 ἔχειν

489 5303 574 5356 ἀεὶ
603 5303 871 5373 βάναυσον
902 5317 917 5329 ⁸
949 5299 1121 5365 οὕτως
1147 5301 1265 5354 οὐδὲ
1294 5301 1321 5353 6
1354 5301 1670 5363 ἀπόστολος.
1715 5300 1884 5353 Τοῦτο
1915 5302 2008 5353 καὶ
2036 5304 2163 5365 τοὺς

487 5390 679 5454 ἄλλους
709 5390 986 5454 ἐπαίδευε,
1010 5391 1104 5442 καὶ
1131 5389 1292 5443 αὐτὸν
1321 5387 1653 5460 ἐρῤύθμιζεν
1681 5390 1904 5441 ἐκεῖνον..
1930 5388 2160 5448 Οὐκοῦν,

490 5478 643 5548 φησὶ,
679 5478 847 5541 κακὸς
873 5479 900 5530 6
934 5477 1251 5548 Βαρνάϐας;
1303 5475 1570 5546 Οὐδαμῶς
1615 5493 1630 5507 ·
1671 5475 1806 5528 ἀλλά
1832 5477 1922 5528 καὶ
1959 5476 2163 5548 σφόδρα

489 5565 688 5620 ἄτοπον
722 5565 782 5619 τὸ
815 5564 1058 5636 νομίζειν
1085 5564 1258 5617 τοῦτο.
1281 5563 1406 5626 Πῶς
1430 5562 1486 5616 δὲ
1507 5562 1605 5615 οὐκ
1627 5561 1826 5615 ἄτοπον
1857 5562 1998 5632 ὑπὲρ
2022 5562 2164 5617 οὕτω

491 5653 820 5722 πράγματος
851 5651 1049 5722 μικροῦ
1081 5649 1268 5703 τοῦτον
1301 5649 1481 5718 λέγειν
1509 5647 1762 5716 γενέσθαι
1787 5649 1982 5716 κακόνς
2024 5649 2162 5702 Ἀλλ’

489 5737 612 5808 ὅρα,
646 5739 726 5792 ὅτι
755 5738 971 5810 πρῶτον
1005 5738 1102 5809 μὲν
1128 5737 1296 5791 κακὸν
1323 5736 1474 5790 οὐδὲν
1503 5735 1740 5804 γέγονεν,
1775 5737 1824 5788 εἰ
1852 5735 2164 5807 ὁλοκλήροις

484 5825 694 5879 ἔθνεσιν
736 5825 1064 5896 ἀρκοῦντες,
1103 5823 1514 5894 ἀπεσχίσθησαν
1561 5825 1656 5877 ἀπ’
1705 5824 1982 5893 ἀλλήλων,
2023 5825 2159 5878 ἀλλά

483 5916 576 5970 καὶ
618 5914 761 5984 μέγα
809 5913 1010 5979 ἀγαθόν
1036 5931 1049 5944 ·
1079 5913 1269 5965 ἔπειτα
1307 5913 1388 5964 ὅτι
1425 5913 1473 5963 εί
1515 5912 1588 5981 μὴ
1619 5912 1777 5964 τοῦτο
1805 5907 1901 5982 ἦν.
1944 5909 2045 5963 οὐκ
2090 5909 2156 5963 ἂν

2241 2107 2435 2162 τοῦτον
2453 2109 2586 2180 μηδέ
2608 2108 2767 2164 τοῦτο
2792 2109 3100 2181 κρύψαντα.
3146 2109 3285 2161 Ἀλλ’
3320 2108 3366 2161 εί
3399 2109 3494 2162 καὶ
3526 2122 3557 2149 ιι
3581 2107 3899 2179 χωρισθῆναι

2242 2196 2369 2263 ἔδει,
2398 2197 2552 2267 φησὶ,
2582 2199 2752 2269 χωρὶς
2774 2197 3148 2269 παροξυσμοῦ.
3184 2195 3439 2251 Μάλιστα
3467 2197 3572 2266 μὲν
3596 2191 3687 2249 οῦν
3709 2196 3798 2248 καὶ
3821 2196 3898 2248 ὲνο

2241 2283 2430 2338 τεῦθεν
2449 2285 2720 2340 δείκνυται
2747 2286 2814 2340 τά
2844 2285 3184 2358 ἀνθρώπινα.
3208 2286 3270 2338 Εἰ
3301 2283 3412 2354 γάρ
3433 2285 3525 2337 ἐπὶ
3556 2285 3651 2338 τοῦ
3677 2281 3899 2355 Χριστοῦ

2242 2372 2402 2426 τοῦτο
2445 2374 2554 2428 ἔδει
2607 2375 2908 2442 γενέσθαι,
2963 2374 3141 2444 πολλῷ
3193 2371 3392 2442 μᾶλλον
3425 2371 3682 2426 ἐνταῦθα.
3711 2371 3900 2432 Ἀλλως

2244 2462 2302 2515 δέ
2334 2465 2362 2515 6
2400 2461 2749 2533 παροξυσμὸς
2780 2462 2880 2516 οὐκ
2909 2461 2973 2516 ἂν
3001 2461 3090 2531 εἴη
3130 2460 3362 2529 φαῦλος,
3403 2460 3530 2512 ὅταν
3565 2460 3706 2528 ὑπὲρ
3737 2458 3896 2512 τοιού-

2243 2568 2350 2604 των
2397 2551 2626 2616 ἓκαστος
2667 2551 2988 2622 ἀμφισϐητῇ
3015 2591 3030 2612 ,
3068 2551 3164 2602 καὶ
3204 2549 3344 2620 μετὰ
3391 2547 3606 2602 δικαίου
3637 2547 3808 2615 λόγου.
3842 2547 3900 2600 Εῑ

2249 2639 2347 2710 μὲν
2375 2635 2468 2692 οῦν
2501 2656 2584 2704 τις
2611 2638 2788 2692 αὐτῶν
2819 2638 2879 2690 τὸ
2929 2636 3124 2692 ἑαυτοῦ
3168 2636 3349 2706 ζητῶν
3395 2635 3746 2706 παρωξύνετο
3767 2675 3781 2698 ,
3815 2634 3900 2687 καὶ

2246 2727 2343 2798 τὴν
2372 2728 2452 2790 είς
2484 2727 2648 2782 αὑτὸν
2674 2727 2840 2797 τιμὴν
2859 2769 2875 2788 ,
2917 2725 3100 2789 καλῶς
3124 2741 3137 2754 ⁵
3170 2726 3221 2778 εί
3255 2725 3313 2778 δέ
3337 2723 3634 2778 παιδεῦσαι
3660 2725 3750 2778 κα)⁵
3769 2722 3900 2776 διδά-

2249 2812 2335 2878 ξαι
2377 2814 2637 2884 ἑκάτερος
2668 2811 3011 2883 βουλόμενος,
3061 2815 3089 2866 6
3139 2813 3236 2883 μὲν
3279 2811 3507 2882 ταύτην,
3549 2813 3581 2864 6
3625 2811 3679 2864 δέ
3702 2810 3899 2880 ἐκείνην

2246 2899 2463 2963 ὥδευον,
2512 2897 2670 2953 τοῦτο
2723 2901 2872 2952 ποῖον
2916 2897 3208 2968 ἔγκλημα;
3252 2897 3430 2951 Πολλά
3475 2897 3573 2949 καὶ
3607 2895 3898 2968 ἀνθρωπίνῃ

2245 2987 2454 3058 διανοίᾳ
2500 2987 2715 3040 ἐποίουν
2745 3000 2760 3016 ⁸
2793 2987 2854 3038 ού
2901 2987 3009 3056 γὰρ
3055 2983 3195 3058 ἦσαν
3246 2985 3380 3038 λίθοι
3410 2985 3442 3056 ἢ
3479 2985 3633 3048 ξύλα.
3667 2983 3772 3036 Καὶ
3804 2983 3900 3053 ὅρα

2249 3073 2460 3126 Παῦλον
2485 3073 2914 3144 κατηγοροῦντα,
2949 3074 3043 3126 καὶ
3071 3074 3168 3143 τὴν
3198 3073 3375 3126 αἰτίαν
3408 3072 3659 3140 λέγοντα.
3710 3071 3901 3142 ’ῌδεῖτο

2247 3160 2357 3229 γάρ
2389 3159 2476 3213 τὸν
2502 3159 2788 3231 Βαρνάϐαν
2818 3160 2927 3213 ἀπὸ
2978 3160 3485 3230 ταπεινοφροσύνης
3527 3160 3733 3229 πολλῆς
3759 3199 3773 3223 ,
3815 3157 3898 3210 ἅτε

2249 3249 2682 3319 κεκοινωνηκότα
2715 3250 2772 3302 ἐν
2801 3248 3075 3312 τοσούτοις
3116 3249 3264 3316 αὐτῷ
3287 3249 3380 3302 καὶ
3409 3247 3524 3318 μετ’
3549 3247 3718 3300 αὐτοῦ
3749 3246 3892 3299 ὄντα·

2252 3337 2365 3388 ἀλλ’
2399 3337 2501 3406 οὐχ
2517 3336 2688 3400 οὕτως
2714 3336 2891 3406 ᾐδεῖτο
2917 3379 2932 3402 ,
2975 3336 3116 3390 ὥστε
3161 3337 3256 3390 καὶ
3294 3335 3540 3407 παριδεῖν
3568 3335 3629 3388 τὸ
3657 3335 3784 3388 δέον.
3816 3331 3893 3392 Τίς

2256 3423 2354 3494 μὲν
2381 3419 2473 3477 οῦν
2525 3423 2748 3494 ἄμεινον
2777 3424 3160 3486 ἐϐουλεύσατο,
3187 3425 3284 3494 οὐχ
3310 3423 3465 3494 ἡμῶν
3491 3421 3854 3494 ἀποφήνασθαι
3879 3434 3890 3448 ·

2251 3514 2388 3576 τέως
2417 3513 2492 3577 δὲ,
2521 3513 2603 3566 ὅτι
2641 3513 2852 3586 μεγάλη
2883 3515 3104 3582 γέγονεν
3137 3513 3436 3582 οἰκονομία,
3470 3512 3523 3564 εί
3551 3528 3619 3579 γε
3657 3505 3792 3564 οῦτοι
3817 3505 3900 3576 μὲν

2253 3600 2479 3672 ἔμελλον
2501 3600 2752 3672 δεύτερον
2780 3601 3124 3668 ἐπισκέψεως
3159 3598 3470 3665 ἀξιοῦσθαι,
3502 3599 3702 3650 ἐκεῖνοι
3724 3597 3777 3648 δέ
3797 3591 3902 3648 οὑδὲ

2253 3688 2422 3755 ἆπαξ.
2475 3689 2588 3758 Οὐχ
2617 3688 2803 3752 ἁπλῶς
2837 3687 3104 3758 διέτριϐον
3133 3689 3192 3740 ἐν
3236 3685 3534 3757 Ἀντιοχείᾳ
3555 3724 3570 3748 ,
3603 3685 3715 3738 ἀλλ’
3754 3681 3903 3736 ἐδίδα-

2255 3797 2404 3834 σκον.
2439 3780 2503 3832 Τί
2539 3780 2850 3844 ἐδίδασκονς
2882 3780 2935 3833 τί
2960 3779 3016 3832 δέ
3044 3778 3489 3848 εὐηγγελίζοντο;
3529 3777 3678 3839 -Τούς
3713 3791 3770 3828 τε
3813 3772 3904 3842 ἤδη

2255 3869 2498 3930 πιστοὺς,
2540 3867 2666 3931 τούς
2690 3885 2750 3920 τε
2780 3867 3010 3920 οὐδέπω.
3055 3865 3276 3936 Ἐπειδὴ
3307 3865 3414 3936 γάρ
3455 3863 3622 3935 μυρία
3653 3859 3908 3914 σκάνδαλα

2254 3952 2342 4026 ἦν,
2364 3955 2468 4008 ἔδει
2497 3957 2595 4026 τῆς
2625 3955 2806 4009 αὐτῶν
2834 3954 3160 4024 παρουσίας.
3199 3955 3272 4007 Τὸ
3318 3953 3643 4022 ζητούμενον
3665 3989 3679 4009 ,
3703 3949 3797 4018 οὐχ
3831 3948 3907 4000 ὅτι

2255 4043 2612 4113 διηνέχθησαν
2792 4045 2847 4096 ἐν
2863 4044 2979 4104 ταῖς
3001 4041 3268 4112 γνώμαις,
3286 4040 3395 4093 ἀλλ’
3407 4043 3492 4096 ,ὅτι
3507 4036 3802 4104 συγκατέϐη
3812 4050 3908 4085 σαν

2257 4131 2506 4201 ἀλλήλοις
2538 4132 2684 4184 ἰδεῖν.
2727 4130 2883 4184 υῦτω
2927 4127 3110 4199 μεῖζον
3150 4129 3351 4196 ἀγαθὸν
3380 4127 3568 4195 γέγονε.
3595 4126 3654 4176 τὸ
3685 4123 3709 4162 ιθ
3747 4136 3910 4191 χωρι-

2258 4218 2488 4290 σθῆναι,
2527 4219 2622 4272 καὶ
2655 4218 2932 4289 πρόφασιν
2975 4219 3038 4270 ἐκ
3065 4216 3255 4269 τούτου
3291 4216 3350 4268 τὸ
3378 4216 3605 4285 πρᾶγμα
3632 4209 3806 4264 ἔλαϐε.
3847 4207 3912 4259 Τί

2257 4301 2382 4368 οῦν;
2418 4303 2605 4376 ἐχθροὶ
2653 4305 3041 4374 ἀνεχώρησαν;
3073 4304 3163 4374 Μὴ
3189 4303 3416 4370 γένοιτο.
3457 4299 3620 4370 Ὁρᾷς
3643 4298 3749 4367 γάρ
3780 4293 3908 4364 μετὰ

2257 4393 2413 4447 τοῦτο
2461 4393 2747 4463 Βαρνάϐαν
2808 4391 3016 4444 πολλῶν
3063 4391 3351 4460 ἐγκωμίων
3403 4386 3737 4442 ἀπολαύοντα
3772 4379 3909 4451 παρά

2260 4481 2472 4534 Παύλου
2498 4483 2554 4533 ἐν
2579 4483 2699 4543 ταῖς
2741 4479 3099 4540 Ἐπιστολαῖς.
3128 4475 3546 4545 Παροξυσμός,
3585 4475 3765 4543 φησὶν,
3794 4467 3907 4537 ἐγέ-

2260 4586 2395 4622 νετο
2422 4611 2436 4630 ,
2483 4569 2581 4622 οὐκ
2632 4567 2799 4637 ἔχθρα
2851 4567 2971 4618 οὐδὲ
3005 4564 3331 4633 φιλονεικία.
3369 4561 3633 4614 Τοσοῦτον
3659 4553 3901 4628 ἴσχυσενὸ

2261 4654 2642 4726 παροξυσμὸς,
2690 4653 2830 4704 ὥστε
2877 4653 3139 4722 χωρίσαι·
3173 4652 3263 4703 καὶ
3314 4649 3565 4712 εἰκότως.
3600 4647 3767 4716 ’Ὀπερ
3807 4641 3905 4710 γὰρ

2260 4743 2488 4804 ἕκαστος
2516 4739 2781 4793 ὑπέλαϐεν
2809 4735 2950 4791 εἶναι
2973 4737 3268 4802 λυσιτελὲς,
3301 4736 3456 4788 τοῦτο
3495 4735 3631 4805 μετά
3661 4731 3826 4785 ταῦτα
3853 4727 3909 4780 οὐ

2261 4831 2578 4900 προσήκατο
2600 4827 2688 4879 διὰ
2715 4828 2811 4896 τὴν
2842 4825 2976 4894 πρὸς
3018 4825 3226 4876 ἐκεῖνον
3256 4822 3562 4877 κοινωνίαν.

2245 4929 2251 4953 ¹
2333 4919 2398 4985 β’.
2430 4915 2584 4985 Ἐμοὶ
2601 4914 2747 4966 δοκεῖ
2773 4913 2866 4965 καὶ
2897 4913 3036 4965 κατά
3065 4911 3281 4964 σύνεσιν
3303 4909 3629 4979 γεγενῆσθαι
3649 4909 3740 4961 τὸν
3762 4921 3913 4976 χωρι·

2263 5003 2417 5074 σμὸν,
2445 5002 2539 5054 καὶ
2569 5001 2703 5072 πρὸς
2734 5000 2994 5069 ἀλλήλους
3010 5002 3202 5062 εἰπεῖν,
3225 5000 3307 5052 ὅτι
3339 4996 3555 5066 Ἐπειδὴ
3591 4994 3702 5064 ἐγὼ
3725 4995 3784 5048 οῦ
3815 4989 3914 5062 βού-

2268 5104 2422 5163 λομαι
2490 5091 2552 5144 σὺ
2593 5090 2648 5143 δὲ
2685 5089 2883 5157 βούλει,
2927 5089 3012 5141 ἵνα
3055 5088 3131 5158 μὴ
3174 5086 3494 5158 μαχώμεθα,
3528 5079 3916 5152 διανειμώμεθα

2262 5182 2389 5244 τοὺς
2406 5179 2792 5241 τόπους.”Ωστε
2812 5176 2954 5230 πάνυ
2983 5178 3219 5236 εἴκοντες
3249 5173 3498 5244 ἀλλήλοις
3515 5170 3673 5226 τοῦτο
3693 5169 3914 5223 ἐποίουν.

2277 5267 2558 5321 Ἐϐούλετο
2587 5265 2697 5336 γάρ
2731 5265 2924 5332 στῆναι
2956 5265 3016 5316 τὺ
3049 5261 3262 5315 Παύλου
3303 5260 3588 5333 Βαρνάϐας
3614 5277 3626 5289 ·
3651 5258 3736 5311 διὰ
3776 5253 3919 5308 τοῦτο

2263 5357 2356 5410 καὶ
2383 5353 2727 5425 ἀνεχώρησεν
2755 5367 2768 5380 ⁸
2812 5348 3063 5404 ἐϐούλετο
3092 5351 3187 5404 καὶ
3217 5349 3425 5410 Παῦλος
3459 5347 3660 5418 ὁμοίως
3694 5345 3753 5398 τὸ
3791 5342 3921 5396 ὲκεί-

2264 5463 2354 5499 νου
2373 5462 2384 5474 ’
2411 5443 2497 5496 διὰ
2519 5441 2679 5494 τοῦτο
2701 5441 2794 5493 καὶ
2819 5439 2979 5502 αὐτὸς
3003 5439 3064 5491 τὸ
3085 5441 3198 5491 ἴσον
3222 5441 3363 5490 ποιεῖ
3383 5437 3476 5490 καὶ
3492 5436 3782 5505 ἀναχωρεῖ.
3805 5429 3921 5484 Εἴθε

2265 5534 2360 5587 καὶ
2391 5533 2554 5603 ἡμεῖς
2584 5529 2858 5592 τοιούτους
2883 5527 3260 5600 ἐχωριζόμεθα
3290 5527 3607 5598 χωρισμοὺς
3628 5566 3642 5588 ,
3673 5524 3810 5577 ὥστε
3839 5519 3922 5574 ἐπὶ

2266 5621 2528 5694 κήρυγμα
2557 5617 2811 5671 ἀπιέναιί
2859 5615 3103 5682 Παῦλος
3147 5615 3235 5678 δὲ,
3271 5616 3435 5685 φησὶν
3462 5655 3476 5678 ,
3504 5610 3925 5694 ἐπιλεξάμενος

2265 5693 2373 5763 τὸν
2404 5707 2593 5762 Σίλαν
2616 5747 2629 5767 ,
2660 5703 2882 5773 ἐξῆλθε
2912 5701 3268 5772 παραδοθεὶς
3300 5702 3377 5770 τῇ
3411 5702 3604 5770 χάριτι
3636 5699 3740 5754 τοῦ
3785 5693 3926 5750 Θεοῦ

2265 5797 2384 5851 ὑπὸ
2432 5794 2549 5849 τῶν
2596 5791 2892 5862 ἀδελφῶν.
2937 5790 3264 5861 Θαυμαστός
3321 5791 3469 5845 ἐστιν
3507 5786 3658 5852 οὗτος
3694 5788 3720 5838 6
3769 5783 3929 5853 ἀνὴρ,

2323 5942 2342 5965 ⁸
2367 5940 2503 5989 Unus
2525 5937 2784 6000 κρύψαντα,
2829 5935 2950 5990 ὅλως
2977 5934 3026 5982 δὲ
3059 5934 3098 5982 εἷ
3137 5933 3236 5982 καί.
3304 5933 3333 5972 δ
3365 5933 3561 5994 Ἀγαθὸν
3600 5932 3714 5981 ειναι
3750 5926 3826 5987 τό,
3858 5924 3929 5972 sic

489 6003 696 6057 εἴλοντο
726 5998 962 6060 εὐκόλως
997 5999 1209 6068 ἀφεῖναι
1239 5999 1519 6069 ἀλλήλους.
1547 5999 1615 6053 Σὺ
1649 5999 1703 6053 δέ
1749 6017 1835 6070 μοι
1874 5997 2154 6068 θαύμασον
2260 6002 2472 6067 quidem.
