4112 6444
256 394 364 450 (ὶζδ

264 521 317 567 et
347 508 473 564 facit
497 505 794 578 justitiam,
825 513 1073 575 acceptus
1101 502 1174 556 illi
1198 510 1299 557 est.
1329 501 1446 558 Non
1479 507 1658 572 potest
1687 501 1752 564 is,
1773 499 1864 569 qui

265 609 470 674 absque
511 600 865 672 pra-judicata
909 596 1158 668 opinione
1195 595 1364 661 audit,
1396 609 1502 650 non
1537 592 1864 664 persuaderi.

266 691 337 754 Ct
377 696 527 750 enim
559 695 604 748 si
649 693 831 763 regula
868 690 1116 762 quaedam
1153 699 1334 756 esset,
1375 687 1440 742 ad
1480 703 1640 758 quam
1681 701 1870 741 omnes

271 790 419 855 dirigi
447 795 749 855 oporteret,
776 800 880 838 non
905 783 1068 837 multa
1089 782 1521 836 consideratione
1545 794 1681 850 opus
1703 786 1868 842 esset,

278 880 362 934 sed
393 879 538 932 male
579 878 889 931 metientem
920 874 1075 928 facile
1101 872 1631 939 deprehenderemus
1667 891 1680 924 ;
1716 872 1787 925 ita
1818 879 1872 925 et

273 987 436 1026 nunc.
468 970 757 1035 Quomodo
783 982 912 1038 ergo
943 981 1048 1020 non
1082 965 1300 1020 vident?
1329 965 1488 1019 Multa
1524 965 1573 1018 id
1601 963 1868 1028 efﬁciunt,

273 1061 618 1132 pra-judicatn
644 1060 848 1130 opinio,
882 1059 1234 1125 humanaeque
1256 1071 1452 1110 causm.
1478 1055 1591 1110 lluc
1619 1056 1778 1110 etiam
1801 1054 1872 1110 de

272 1155 453 1220 nobis,
488 1154 720 1222 inquies,
752 1152 823 1206 illi
856 1151 1062 1204 dicunt.
1089 1149 1406 1218 Quomodo?
1432 1165 1556 1203 num
1586 1149 1652 1203 ab
1683 1149 1872 1203 Eccle-

272 1249 347 1303 sia
372 1264 476 1302 nos
497 1244 831 1300 excidimus?
861 1261 986 1298 num
1012 1244 1398 1300 limi-esiarchas
1422 1243 1716 1298 habemus?
1743 1258 1870 1296 num

271 1338 342 1393 ab
369 1337 677 1391 hominibus
715 1351 909 1389 nomen
939 1335 1273 1406 accipimus?
1316 1350 1442 1388 num
1469 1332 1578 1387 dux
1605 1333 1868 1402 quispiam

275 1431 433 1485 nobis
477 1439 593 1493 est,
642 1439 696 1482 ut
749 1428 854 1482 illis
896 1428 1154 1491 Marcion,
1208 1427 1312 1480 illis
1357 1425 1718 1487 Manichwus,
1768 1424 1872 1478 iiiis

275 1526 441 1580 Arius
465 1563 484 1590 ,
527 1522 627 1576 illis
658 1521 794 1575 alius
826 1521 1044 1575 hrcresis
1075 1519 1357 1589 princeps?
1384 1517 1536 1586 Quod
1568 1518 1611 1570 si
1645 1531 1743 1570 nos
1773 1531 1870 1569 cu-

273 1616 514 1684 juspiam
546 1628 734 1667 nomen
771 1613 1038 1676 feramus;
1073 1619 1127 1664 at
1156 1626 1260 1665 non
1294 1609 1553 1665 habemus
1584 1617 1746 1662 sectae
1773 1622 1870 1661 au-

280 1715 492 1770 ctores,
525 1704 612 1759 sed
641 1702 919 1774 prwfectos
946 1711 999 1757 et
1025 1703 1412 1772 gubernatores
1439 1701 1718 1756 Ecclesiae.
1753 1701 1869 1755 Non

284 1797 550 1851 habemus
573 1797 851 1865 magistros
882 1811 1044 1865 super
1070 1805 1266 1850 terram
1295 1794 1486 1858 :absit,
1517 1809 1680 1847 unum
1711 1792 1876 1847 habe-
1927 1791 1933 1796 ’

288 1907 409 1944 mus
453 1892 502 1943 in
541 1890 702 1945 cat-lis.
747 1889 826 1944 llli
857 1904 1101 1960 quoque,
1134 1889 1373 1959 inquies,
1404 1886 1520 1942 lucc
1552 1887 1868 1943 obtendu..t.

1199 385 1263 441 IN
1301 386 1484 443 ACTA
1521 379 2051 440 APOSTOLORUM.
2093 384 2322 440 llOMlL.
2357 387 2601 442 XXXIV.

3462 391 3568 446 256

1981 497 2174 558 Verum
2205 503 2404 561 habent
2431 521 2651 570 nomen,
2674 507 2815 577 quod
2845 506 2966 562 illos
2987 516 3223 572 accusat,
3249 505 3573 578 illorumque

1976 609 2067 648 ora
2096 595 2346 651 obstruit.
2382 597 2531 652 Multi
2561 597 2709 652 fuere
2734 598 2981 667 gentiles,
3012 606 3067 654 et
3108 598 3284 653 nullus
3326 598 3442 655 lucc
3481 601 3569 656 in-

1975 688 2268 756 terrogavit
2297 705 2310 743 :
2344 697 2398 742 et
2418 689 2558 758 apud
2592 688 2944 758 philosophos
2971 688 3086 745 haec
3110 699 3284 755 erant,
3309 701 3365 745 et
3393 691 3575 747 nullus

1977 792 2193 843 eorum,
2221 780 2310 848 qui
2341 789 2541 834 rectam
2574 789 2774 834 sectam
2808 780 3102 844 haberent,
3132 781 3438 849 prohibitus
3467 790 3572 836 est.

1975 867 2085 923 Cur
2113 885 2218 923 non
2245 871 2517 937 dixerunt,
2549 871 2768 941 quando
2797 871 2913 926 hrcc
2943 871 3254 935 movebant,
3280 873 3420 942 quod
3443 883 3495 928 et
3519 873 3573 928 hi

1978 971 2032 1017 et
2079 961 2156 1016 illi
2199 963 2370 1018 Judaei
2421 974 2623 1028 essent,
2667 973 2722 1020 et
2762 964 2864 1018 utri
2905 964 3285 1035 obtemperare
3313 967 3570 1035 oportet?

1977 1053 2181 1108 Sedut
2225 1055 2507 1122 Oportebat
2535 1055 2994 1125 obtemperat-unt.
3045 1055 3115 1110 Et
3159 1070 3260 1110 nos
3305 1072 3435 1126 ergo
3476 1057 3572 1112 Dei

1980 1142 2182 1214 legibus
2213 1145 2648 1214 obtemperemus
2672 1186 2689 1210 ,
2725 1155 2778 1201 et
2809 1147 2987 1200 mollia
3019 1155 3076 1200 ut
3105 1147 3202 1217 ipsi
3234 1147 3424 1216 placita
3454 1156 3581 1201 sunt

1975 1238 2274 1306 faciamus,
2324 1255 2387 1294 ac
2434 1239 2726 1295 secundum
2768 1238 2885 1308 ejus
2932 1239 3260 1294 voluntatem
3305 1232 3573 1305 vivamus,

1975 1332 2101 1386 dum
2131 1333 2182 1387 in
2213 1333 2465 1402 praesenti
2492 1337 2596 1386 vita
2625 1332 2888 1402 degimus,
2918 1342 2978 1387 ut
3007 1333 3059 1387 in
3092 1333 3289 1388 virtute
3315 1333 3570 1402 praesenti

1977 1435 2244 1482 transacta
2277 1428 2381 1481 vita
2403 1469 2418 1493 ,
2452 1427 2712 1497 promissa
2745 1426 3093 1494 diligentibus
3118 1443 3176 1482 se
3208 1428 3344 1482 bona
3371 1442 3568 1483 conse-

1976 1534 2204 1590 quamur
2224 1561 2238 1583 ,
2271 1529 2326 1575 et
2354 1535 2474 1575 eum
2509 1521 2574 1574 iis
2601 1520 2695 1590 qui
2723 1519 2822 1590 ipsi
2857 1519 3174 1589 placuerunt
3205 1519 3536 1574 honoremur
3555 1561 3571 1584 ,

1975 1612 2142 1682 gratia
2170 1620 2225 1666 et
2251 1610 2580 1679 benignitate
2607 1611 2865 1680 unigeniti
2894 1611 3011 1664 Filii
3035 1609 3151 1680 ejus
3173 1618 3227 1665 et
3248 1609 3576 1665 sanctissimi

1979 1702 2282 1772 vivificiquc
2315 1702 2550 1770 Spiritus
2571 1743 2586 1768 ,
2617 1703 2773 1758 unius
2803 1711 2859 1757 et
2886 1717 3028 1757 verae
3057 1702 3280 1758 Deitatis
3302 1745 3319 1772 ,
3351 1717 3495 1758 nunc
3523 1710 3581 1758 et

1976 1813 2215 1867 semper,
2243 1807 2298 1853 et
2323 1798 2376 1852 in
2399 1797 2591 1852 smcula
2619 1796 2961 1853 saeculorum.
2991 1800 3186 1853 Amen.

1604 2093 1957 2157 HOMILIA
1999 2093 2303 2157 XXXIV.

279 2244 407 2300 CAP.
442 2244 508 2300 15
560 2261 612 2297 ν.
641 2244 732 2300 35.
765 2243 961 2300 Paulus
981 2255 1148 2300 autem
1185 2254 1230 2299 et
1265 2243 1529 2302 Barnabas
1549 2245 1876 2299 morabantur

352 2337 656 2404 Antiochus,
684 2338 916 2392 docentes
937 2345 986 2391 et
1012 2337 1414 2409 euangelizanles
1433 2354 1549 2391 cum
1568 2337 1687 2391 aliis
1711 2336 1874 2406 pluri-

352 2432 443 2485 bus
486 2431 688 2484 verbum
741 2429 970 2485 Domini.
1018 2431 1106 2486 36.
1155 2430 1282 2484 Post
1327 2432 1522 2501 aliquot
1566 2439 1734 2484 autem
1769 2430 1876 2483 dies

346 2524 482 2577 dixit
527 2525 593 2577 ad
633 2519 924 2577 Barnabam
967 2521 1165 2578 Paulus
1192 2539 1212 2577 :
1236 2522 1578 2588 Revertentes,
1621 2522 1877 2576 visitemus

350 2615 539 2681 fratres
561 2631 648 2684 per
667 2614 924 2669 universas
945 2615 1186 2680 civitates,
1211 2614 1262 2667 in
1292 2614 1469 2684 quibus
1491 2613 1876 2684 prtedicauimus

352 2705 557 2759 uerbum
581 2705 807 2769 Domini,
835 2706 1087 2777 quomodo
1114 2723 1168 2774 se
1188 2706 1424 2760 habeant.

352 2798 406 2850 1.
440 2795 517 2850 De
550 2795 700 2850 Pauli
735 2814 849 2851 cum
884 2797 1119 2851 Barnaba
1153 2797 1486 2853 dissensione.
1514 2827 1584 2838 —
1617 2796 1750 2852 Vide
1781 2796 1878 2852 ite-

279 2904 401 2942 rum
433 2897 626 2959 quanta
661 2889 960 2944 humilitate
990 2905 1294 2944 sermonem
1324 2905 1446 2944 cum
1480 2889 1598 2943 aliis
1637 2903 1878 2944 commu-

280 2984 486 3038 nicent.
534 2983 598 3036 Et
621 2982 730 3052 jam
759 2983 971 3053 quidem
1003 2984 1327 3054 reliquorum
1354 2983 1721 3053 apostolorum
1744 2998 1876 3039 con-

279 3073 618 3129 suetudinem
660 3073 943 3143 descripsit
982 3074 1137 3129 nobis
1180 3073 1353 3129 Lucas
1377 3114 1391 3134 .
1425 3074 1718 3129 ostendens
1743 3074 1878 3129 alios

279 3165 566 3218 suaviores
591 3162 1120 3235 indulgentioresque
1145 3179 1265 3219 esse
1285 3206 1301 3232 ,
1335 3165 1471 3219 alios
1501 3165 1800 3220 exactiores
1826 3173 1880 3219 et

281 3256 612 3311 austeriores
647 3273 658 3308 :
693 3257 903 3318 diversa
927 3271 1156 3327 namque
1180 3265 1306 3312 sunt
1327 3256 1466 3312 dona
1492 3274 1506 3311 :
1531 3257 1672 3328 quod
1699 3267 1878 3313 autem

282 3349 388 3404 hoc
419 3363 634 3420 quoque
662 3349 729 3402 sit
758 3349 955 3403 donum
987 3350 1174 3420 liquet.
1207 3350 1315 3406 Sed
1345 3351 1474 3406 illud
1510 3351 1728 3421 quidem
1759 3349 1881 3406 aliis

283 3443 564 3495 hominum
608 3441 848 3496 moribus
875 3442 1152 3512 competit,
1184 3441 1285 3497 hoc
1329 3453 1506 3498 autem
1542 3443 1698 3508 aliis;
1745 3453 1799 3497 et
1836 3443 1882 3497 si

281 3541 767 3598 commutarentur,
799 3533 1002 3588 inutilia
1026 3533 1218 3589 forent.
1245 3533 1469 3589 Videtur
1493 3535 1709 3606 quidem
1736 3550 1883 3605 qua:-

284 3627 407 3679 dam
432 3640 559 3680 esse
587 3625 888 3692 dissensio;
922 3633 1091 3680 totum
1120 3641 1251 3682 vero
1283 3629 1580 3682 oeconomia
1614 3635 1715 3682 est.
1748 3626 1883 3681 lllud

283 3719 429 3772 enim
451 3717 529 3783 lit,
551 3727 607 3771 ut
632 3717 991 3787 unusquisque
1013 3717 1188 3772 locum
1207 3720 1296 3788 qui
1313 3718 1413 3773 sibi
1431 3719 1883 3774 conveniatoccu-

283 3819 395 3879 pet.
429 3809 676 3878 Alioquin
700 3824 829 3864 vero
847 3825 948 3864 non
972 3811 1271 3881 oportebat,
1288 3818 1548 3866 utomnes
1567 3811 1681 3881 pari
1702 3820 1886 3866 essent

285 3900 497 3956 honore
517 3943 532 3967 ,
569 3901 662 3955 sed
692 3910 747 3954 ut
776 3901 911 3955 alius
940 3911 1226 3971 pra-esset,
1255 3902 1394 3958 alius
1428 3901 1672 3958 subditus
1700 3911 1844 3958 esset
1869 3921 1881 3957 :

284 4003 342 4048 et
383 3995 488 4048 hoc
523 3995 682 4049 etiam
731 3993 1078 4064 providentiae
1117 4009 1252 4064 opus
1289 4007 1394 4050 est.
1441 3995 1626 4067 Cyprii
1657 4011 1886 4067 namque

288 4084 420 4138 nihil
458 4084 561 4138 tale
588 4085 976 4152 exhibuerant,
1016 4085 1174 4156 quale
1212 4085 1534 4142 Antiocheni
1564 4097 1617 4143 et
1647 4089 1834 4158 reliqui
1869 4107 1884 4144 :

285 4186 339 4230 et
373 4175 447 4229 illi
479 4175 722 4244 mitiore,
757 4176 809 4230 hi
837 4177 1110 4232 severiore
1139 4178 1397 4248 magistro
1426 4193 1560 4248 opus
1594 4178 1882 4234 habebant.

287 4269 377 4324 37.
398 4267 665 4322 Barnabas
688 4277 854 4322 autem
875 4269 1066 4323 volebat
1080 4287 1249 4324 secum
1263 4287 1521 4325 assumere
1539 4279 1586 4325 et
1608 4269 1884 4339 Joannem,

286 4359 374 4428 qui
400 4360 790 4427 cognominatur
820 4360 1027 4414 Marcus
1055 4376 1075 4414 :
1103 4361 1195 4416 58.
1229 4360 1427 4415 Paulus
1455 4370 1622 4415 autem
1652 4362 1883 4432 rogabat,

286 4460 341 4502 at
362 4451 452 4520 qui
478 4451 780 4506 discessisset
801 4452 863 4504 ab
885 4453 953 4505 eis
975 4453 1038 4507 de
1067 4451 1404 4524 Pamphylia,
1433 4463 1478 4507 et
1503 4472 1602 4508 non
1624 4467 1751 4510 esset
1772 4471 1888 4508 cum

287 4548 360 4598 cis
389 4545 444 4596 in
477 4560 622 4612 Opus,
645 4561 744 4598 non
776 4545 954 4599 debere
983 4546 1160 4616 recipi.
1187 4545 1278 4601 59.
1308 4539 1477 4599 Γαειιί
1503 4557 1572 4601 est
1603 4548 1762 4617 igitur
1783 4547 1887 4600 dis-

287 4637 456 4691 sensio
482 4678 496 4702 ,
527 4637 599 4689 ita
619 4645 674 4689 ut
703 4636 1011 4691 discederent
1034 4638 1096 4690 ab
1128 4638 1338 4691 invicem
1360 4680 1375 4706 ,
1406 4648 1452 4692 et
1482 4638 1747 4692 Barnabas
1770 4639 1885 4710 qui-

289 4729 406 4781 dem
436 4741 695 4797 assumpto
725 4730 900 4789 Marco
931 4732 1188 4801 navigaret
1216 4732 1267 4784 in
1290 4731 1512 4800 Cyprum
1536 4747 1555 4785 :
1573 4733 1661 4787 40.
1690 4730 1888 4785 Paulus

286 4837 410 4873 vero
447 4822 599 4874 electo
645 4820 759 4874 Sila
807 4821 1063 4890 profectus
1113 4832 1215 4886 est,
1261 4824 1480 4876 traditus
1521 4827 1701 4894 gratim
1729 4822 1827 4877 Dei
1856 4841 1888 4877 a

293 4913 556 4983 fratribus.
587 4913 673 4968 Sic
698 4922 748 4968 ct
777 4914 828 4966 in
856 4914 1132 4984 prophetis
1155 4913 1395 4969 diversas
1417 4916 1714 4969 sententias
1740 4931 1889 4970 COIII-

288 5003 548 5074 perimus,
578 5015 631 5058 et
662 5005 837 5058 varios
865 5021 1041 5060 mores
1064 5023 1077 5058 :
1105 5006 1247 5060 verbi
1272 5007 1437 5071 gratia
1471 5005 1615 5061 Elius
1641 5016 1888 5063 austeros

286 5103 406 5150 erat
431 5137 448 5162 ,
481 5095 689 5166 Moyses
717 5096 879 5150 mitis.
929 5096 1023 5150 llic
1055 5096 1213 5166 igitur
1238 5095 1609 5152 vehementior
1634 5108 1716 5153 est
1744 5098 1887 5153 Pau-

288 5189 392 5241 lus.
437 5186 542 5242 Sed
586 5188 664 5242 sic
701 5197 877 5243 tamen
901 5188 1022 5242 vide
1051 5189 1516 5244 mansuetudinem
1538 5189 1674 5258 ejus.
1707 5190 1887 5262 Roga-

286 5283 390 5346 bat,
426 5281 616 5352 inquit,
642 5291 694 5334 ut
719 5281 806 5351 qui
831 5281 1136 5335 discessisset
1157 5282 1218 5334 ab
1240 5281 1310 5335 eis
1330 5281 1393 5334 de
1420 5279 1760 5353 Pamphylia,
1785 5301 1886 5338 non

283 5375 467 5428 debere
494 5375 673 5443 recipi.
721 5373 789 5430 Ut
826 5375 968 5428 enim
1008 5375 1117 5429 dux
1156 5375 1426 5429 exercitus
1454 5376 1620 5431 nollet
1651 5377 1887 5447 bajulum

285 5483 501 5535 semper
531 5467 730 5521 habere
757 5465 1035 5520 sordidum
1061 5505 1078 5532 ,
1117 5467 1196 5520 sic
1227 5482 1398 5536 neque
1430 5468 1726 5537 apostolus.
1773 5469 1888 5525 Hoc

285 5561 448 5614 etiam
481 5561 619 5614 alios
650 5557 866 5623 docuit,
899 5568 954 5612 et
984 5557 1131 5612 illum
1172 5557 1499 5612 emendavit.
1534 5560 1748 5630 Ergone
1779 5561 1884 5614 im-

284 5654 484 5719 probus
535 5649 852 5705 Barnabas?
883 5649 1130 5716 Minime;
1161 5651 1268 5704 imo
1298 5649 1454 5706 valde
1479 5651 1768 5706 absurdum
1795 5667 1885 5708 es-

284 5757 364 5799 set
388 5746 439 5799 ul
469 5753 686 5815 putare.
722 5740 1001 5810 Quomodo
1028 5757 1134 5795 non
1163 5741 1454 5797 absurdum
1477 5752 1636 5806 esset,
1669 5744 1738 5797 ob
1769 5759 1884 5799 rem

286 5839 412 5897 adeo
440 5841 622 5896 levem
665 5835 1037 5891 illumdicere
1075 5835 1425 5905 improbum?
1456 5835 1564 5893 Sed
1589 5837 1728 5906 vide,
1757 5840 1882 5910 pri-

1985 2256 2134 2295 mum
2164 2239 2289 2296 hinc
2319 2239 2450 2295 nihil
2475 2239 2599 2295 mali
2623 2239 2960 2310 provenisse,
2984 2240 3029 2295 si
3058 2255 3180 2296 cum
3208 2239 3431 2312 integris
3457 2256 3584 2310 gen-

1987 2333 2128 2388 tibus
2159 2329 2408 2387 sufliccre
2439 2341 2678 2402 possent,
2704 2333 2936 2403 separati
2967 2333 3105 2399 sint;
3140 2333 3248 2388 imo
3274 2333 3433 2387 etiam
3461 2332 3588 2388 hinc

1985 2441 2234 2495 magnum
2259 2424 2527 2495 prodiisse
2554 2425 2754 2480 bonum
2787 2442 2800 2478 :
2827 2422 3021 2480 deinde
3045 2465 3060 2487 ,
3093 2426 3138 2486 si
3167 2425 3272 2480 hoc
3297 2441 3404 2479 non
3437 2425 3584 2480 acci-

1984 2518 2154 2572 disset
2178 2558 2194 2583 ,
2224 2533 2330 2571 non
2357 2515 2514 2572 facile
2539 2517 2779 2586 separari
2810 2517 3127 2572 voluissent.
3157 2517 3236 2572 Tu
3265 2532 3394 2572 vero
3425 2518 3589 2572 mire-

1984 2611 2058 2664 ris
2087 2609 2248 2662 velim
2271 2650 2287 2674 ,
2318 2607 2459 2678 quod
2496 2607 2668 2662 Lucas
2699 2608 2802 2664 hoc
2838 2623 2946 2663 non
2976 2608 3249 2663 celaverit.
3283 2607 3386 2663 Sed
3417 2608 3463 2662 si
3491 2624 3582 2662 se-

1985 2703 2162 2773 parari
2202 2702 2509 2773 oportebat,
2557 2702 2788 2772 inquies,
2832 2703 3022 2757 saltem
3065 2703 3184 2758 sine
3222 2702 3583 2758 dissensione.

1986 2796 2057 2849 At
2102 2794 2226 2848 hinc
2275 2796 2515 2848 maxime
2564 2794 2794 2848 humana
2843 2793 3222 2848 ostenduntur.
3263 2792 3394 2847 Nam
3439 2792 3485 2847 si
3531 2792 3586 2846 in

1987 2887 2204 2942 Christo
2248 2889 2532 2957 oportebat
2575 2889 2709 2954 lieri,
2755 2888 2923 2943 multo
2966 2886 3136 2958 magis
3182 2885 3288 2941 hic.
3335 2886 3586 2956 Alioquin

1987 2997 2118 3037 vero
2146 2981 2415 3037 dissensio
2443 2996 2548 3036 non
2580 2981 2719 3036 mala
2747 2989 2848 3047 est,
2877 2979 3091 3050 quando
3116 2979 3185 3034 de
3213 2978 3408 3034 talibus
3437 2978 3590 3048 quis-

1991 3074 2140 3144 piam
2171 3073 2468 3136 contendit,
2495 3083 2550 3127 et
2578 3088 2698 3127 eum
2727 3073 2867 3143 justa
2900 3072 3127 3127 ratione.
3150 3072 3207 3127 Si
3234 3081 3381 3128 certe
3401 3087 3589 3128 eorum

1988 3167 2253 3239 quispiam
2281 3183 2401 3237 qua:
2447 3183 2543 3222 sua
2569 3175 2722 3222 erant
2753 3166 2841 3221 vel
2873 3167 3134 3222 honorem
3159 3179 3408 3236 qurercns
3427 3208 3441 3230 ,
3489 3180 3590 3219 ex-

1987 3269 2266 3331 asperatus
2287 3269 2451 3325 esset,
2483 3261 2621 3316 bene
2651 3259 3045 3330 improbaretur
3077 3276 3090 3313 :
3123 3259 3168 3314 si
3199 3273 3327 3313 vero
3360 3268 3590 3327 uterque

1989 3353 2185 3408 docere
2215 3353 2604 3423 iustituereque
2633 3351 2819 3406 volens
2838 3393 2852 3416 ,
2886 3351 3022 3405 alter
3053 3350 3172 3416 hac,
3201 3350 3343 3404 alter
3366 3350 3472 3404 alia
3505 3349 3590 3402 via

1989 3443 2250 3512 processit
2294 3460 2306 3496 :
2348 3443 2492 3512 quod
2542 3444 2744 3497 crimen
2792 3441 2992 3496 fuerit?
3039 3441 3203 3496 Multa
3244 3457 3308 3497 ex
3357 3441 3592 3496 humana

1990 3541 2169 3588 mente
2211 3531 2477 3588 faciebant
2510 3549 2653 3587 :non
2684 3532 2826 3586 enim
2857 3539 3013 3586 erant
3053 3531 3259 3601 lapides
3295 3541 3388 3584 aut
3424 3531 3588 3600 ligna.

1989 3615 2061 3678 El
2085 3624 2206 3679 vide
2233 3624 2455 3678 Paulum
2479 3631 2823 3678 accusantem
2847 3631 2902 3678 et
2926 3637 3142 3677 causam
3166 3622 3456 3677 dicentem.
3486 3621 3592 3676 Re-

1990 3713 2280 3768 verebatur
2302 3713 2446 3767 enim
2476 3712 2773 3768 Barnabam
2804 3728 2912 3783 pra:
2939 3712 3238 3767 humilitate
3266 3713 3432 3766 multa
3455 3754 3470 3778 ,
3499 3712 3591 3782 qui

1991 3805 2046 3861 in
2079 3805 2238 3860 tantis
2269 3805 2428 3860 rebus
2457 3805 2556 3860 sibi
2584 3819 2808 3861 consors
2831 3813 2881 3860 et
2903 3819 3084 3860 secum
3119 3804 3323 3868 fuerat;
3355 3803 3449 3859 sed
3483 3818 3588 3857 non

1993 3897 2062 3952 ita
2089 3897 2458 3962 reverebatur,
2482 3906 2542 3952 ut
2565 3896 2801 3951 ol'lieium
2825 3897 3141 3966 negligcrct.
3172 3895 3301 3952 Uter
3330 3911 3456 3966 ergo
3481 3912 3593 3952 nte-

1992 3991 2096 4047 lius
2110 3990 2459 4056 consuluerit,
2483 4004 2587 4044 non
2601 3999 2684 4044 est
2705 3999 2945 4045 nostrum
2978 3988 3344 4058 pronuntiare,
3370 3989 3587 4044 interim

1993 4101 2124 4141 vero
2169 4099 2360 4154 magna
2392 4083 2492 4138 fuit
2520 4084 2818 4139 teconomia
2845 4123 2860 4150 ,
2895 4083 2938 4137 si
2969 4082 3184 4150 quidem
3215 4081 3267 4135 hi
3300 4081 3591 4137 secundum

1991 4177 2355 4232 visitationem
2380 4175 2719 4244 assequuturi
2748 4182 2921 4240 erant,
2955 4174 3041 4227 alii
3077 4174 3296 4228 nullam.
3331 4173 3444 4226 Non
3476 4173 3593 4227 sine

1992 4285 2150 4324 causa
2192 4279 2371 4323 autem
2413 4267 2714 4323 Antiochia:
2759 4267 2951 4322 morati
2991 4276 3146 4334 sunt,
3183 4267 3276 4320 Sed
3304 4265 3587 4320 docebant.

1992 4363 2132 4430 Quid
2167 4364 2474 4419 docebant?
2520 4365 2646 4434 quid
2690 4361 3170 4433 evangelizabant?
3199 4362 3350 4417 Alios
3373 4360 3590 4431 quidem

1993 4455 2222 4522 ﬁdeles,
2271 4456 2406 4511 alios
2451 4455 2689 4510 nondum
2731 4455 2885 4511 tales.
2945 4454 3080 4522 Quia
3122 4454 3263 4509 enim
3309 4455 3587 4507 innumera

1993 4549 2244 4604 scandala
2281 4557 2470 4614 erant,
2509 4563 2644 4618 opus
2670 4558 2787 4603 erat
2819 4548 3033 4602 illorum
3071 4546 3375 4617 prtesentia.
3407 4546 3464 4600 In
3491 4545 3590 4600 hac

1993 4642 2292 4712 quaestione
2313 4641 2729 4708 observandum,
2753 4655 2860 4695 non
2893 4640 2945 4694 in
2971 4654 3078 4710 quo
3098 4638 3476 4705 dissenserint,
3495 4638 3590 4694 sed

1994 4733 2049 4788 in
2077 4748 2185 4804 quo
2214 4742 2401 4788 mutuo
2425 4733 2821 4787 consenserint.
2863 4731 2952 4787 Sic
2981 4731 3154 4800 majus
3183 4730 3382 4786 bonum
3409 4746 3475 4785 ex
3505 4747 3591 4785 se-

1994 4827 2272 4896 paratione
2302 4826 2534 4896 prodiit,
2563 4835 2722 4895 atque
2750 4825 2873 4880 inde
2903 4835 3081 4880 ortum
3110 4835 3213 4881 est.
3254 4825 3391 4891 Quid
3423 4825 3590 4894 ergo?

1993 4919 2267 4975 inimicine
2318 4917 2699 4974 recesserunt?
2757 4918 2944 4984 Absit;
2995 4917 3145 4972 vides
3201 4917 3344 4972 enim
3406 4927 3592 4986 postea

1994 5013 2292 5069 Barnabam
2331 5013 2515 5068 multis
2547 5013 2795 5069 laudibus
2827 5028 2855 5066 a
2885 5013 3052 5068 Paulo
3078 5013 3340 5069 celebrari
3372 5013 3424 5067 in
3466 5014 3592 5081 Epi-

1993 5105 2166 5160 stolis.
2192 5105 2473 5170 Dissensio,
2499 5105 2688 5175 inquit,
2709 5110 2847 5176 facta
2867 5115 2962 5171 est,
2985 5121 3090 5159 non
3114 5105 3390 5160 inimicitia
3419 5121 3592 5175 neque

1991 5201 2289 5254 contentio.
2327 5199 2557 5254 Tantum
2587 5200 2752 5254 valuit
2775 5199 3061 5266 dissensio,
3095 5209 3152 5253 ut
3177 5205 3587 5270 separarentur;

1993 5300 2050 5346 et
2069 5292 2194 5362 jure
2219 5291 2457 5362 quidem.
2480 5292 2614 5347 Nam
2637 5291 2778 5362 quod
2803 5301 3031 5362 uterque
3058 5292 3278 5361 putabat
3302 5290 3429 5345 utile
3451 5289 3587 5356 fore,

1995 5394 2184 5454 postea
2209 5399 2314 5438 non
2343 5383 2672 5451 admisisset,
2701 5399 2767 5440 eo
2792 5383 2934 5454 quod
2965 5383 3123 5438 simul
3152 5388 3353 5437 essent.

2062 5475 2119 5530 2.
2146 5477 2270 5531 Mihi
2297 5477 2508 5531 videtur
2549 5477 2691 5531 illam
2721 5477 3113 5545 separationem
3147 5473 3439 5542 prudenter
3468 5485 3589 5526 esse

1990 5566 2186 5624 factam
2211 5609 2226 5634 ,
2269 5568 2496 5638 illosque
2528 5578 2714 5622 mutuo
2742 5567 2945 5622 dixisse
2975 5583 2988 5620 :
3019 5563 3459 5634 Quandoquidem
3489 5578 3590 5631 ego

1991 5659 2137 5724 nolo,
2173 5668 2228 5714 tu
2255 5670 2434 5714 autem
2463 5660 2572 5725 vis;
2603 5668 2660 5713 ut
2692 5674 2760 5713 ne
2789 5671 3104 5728 pugnemus,
3147 5655 3263 5710 loca
3299 5654 3588 5708 distribua-

1990 5765 2130 5805 mus.
2162 5751 2344 5821 itaque
2372 5751 2595 5803 multum
2623 5750 2724 5804 sibi
2755 5757 2941 5803 mutuo
2981 5747 3238 5804 cedentes
3275 5747 3377 5803 hoc
3420 5746 3588 5802 facie-

1988 5841 2138 5897 bant.
2164 5841 2384 5898 Volebat
2409 5839 2678 5898 Barnabas
2703 5849 2847 5898 stare
2861 5840 3005 5912 quod
3033 5840 3231 5898 Paulus
3250 5841 3594 5906 decreverat;
