4112 6424
549 382 655 437 247

548 500 669 555 ideo
688 495 909 551 recessit
935 515 947 551 :
973 493 1185 548 volebat
1208 493 1457 546 similiter
1482 494 1672 548 Paulus
1687 494 1827 562 quod
1861 492 1933 547 illi
1952 492 2133 564 place-

548 592 667 652 bat;
713 591 937 656 ideoque
968 596 1019 641 et
1052 588 1163 655 ipse
1194 586 1416 640 recedit.
1454 585 1666 640 Utinam
1694 603 1790 640 nos
1816 602 2031 656 quoque
2058 595 2141 640 ta-

547 683 624 735 les
664 681 1032 747 separationes
1076 678 1501 741 admitteremus,
1544 687 1603 730 ut
1635 678 1699 731 ad
1744 678 2140 746 pra-dicandum

544 774 836 825 abiremns.
874 768 1070 822 Paulus
1100 779 1295 830 autem,
1334 768 1526 837 inquit,
1561 770 1717 821 electo
1746 768 1860 822 Sila
1886 774 2142 838 profectus

540 874 634 929 est,
669 866 885 917 traditus
913 864 1093 933 gratia:
1121 861 1209 915 Dei
1231 879 1261 913 α
1285 861 1548 934 fratribus.
1577 860 1921 913 Adtnirabilis
1943 870 2021 913 est
2055 859 2142 914 hic

546 959 627 1009 vir
671 965 727 1012 et
757 956 911 1009 valde
957 969 1198 1025 magnus.
1236 954 1529 1007 Plurimum
1563 969 1693 1006 vero
1722 952 1902 1007 Marco
1944 953 2142 1022 profuit

543 1050 656 1102 lucc
693 1063 886 1119 pugna.
935 1047 1082 1100 Pauli
1114 1061 1341 1115 namque
1369 1046 1623 1099 sereritas
1653 1046 1919 1099 convertit
1950 1047 2095 1099 il!tnn
2123 1085 2137 1107 ,

542 1140 849 1209 benignitas
874 1148 1049 1191 autem
1084 1137 1340 1191 Barnalne
1373 1137 1497 1191 fecit
1535 1146 1591 1190 ut
1623 1152 1690 1191 ne
1725 1136 2136 1207 relinqueretur.

542 1218 731 1301 Itaque
760 1242 994 1301 pugnant
1024 1228 1261 1299 quidem,
1292 1228 1359 1283 ad
1389 1245 1551 1283 unum
1583 1244 1711 1283 vero
1743 1231 1901 1284 linem
1932 1230 2139 1284 lucrum

543 1325 821 1393 pertingit.
856 1324 1073 1377 Paulum
1105 1322 1249 1377 enim
1286 1322 1475 1375 videns
1503 1322 1640 1376 velle
1666 1320 1965 1386 discedere,
1999 1322 2134 1374 mul-

546 1426 568 1469 t
589 1430 656 1467 :m
685 1414 1005 1477 exterritus,
1052 1413 1289 1481 seipsum
1329 1411 1603 1465 damnavit
1632 1430 1645 1465 :
1678 1412 1977 1479 iterumque
2013 1410 2139 1463 Bar-

542 1505 737 1561 aabam
766 1505 954 1560 videns
978 1506 1051 1559 ita
1079 1504 1177 1558 sibi
1210 1504 1633 1573 patrocinantem
1656 1545 1670 1567 ,
1701 1504 1855 1558 valde
1886 1504 2031 1555 illum
2060 1503 2139 1554 di-

542 1601 692 1666 lexit,
717 1608 771 1654 et
791 1616 854 1654 ex
881 1601 1157 1653 doctorum
1180 1613 1355 1667 pugna
1376 1597 1692 1653 emendatus
1714 1608 1794 1651 est
1817 1596 2135 1665 discipulus:

544 1702 750 1746 tantum
792 1692 962 1747 abfuit
992 1709 1058 1746 ne
1090 1692 1142 1746 id
1184 1691 1508 1746 olfendiculo
1552 1692 1649 1759 ipsi
1689 1699 1849 1744 esset.
1894 1690 1949 1744 Si
1993 1690 2136 1744 enim

547 1804 647 1856 pro
676 1806 775 1843 suo
821 1789 869 1842 id
916 1789 1170 1842 fecissent
1215 1788 1439 1853 honore,
1469 1789 1590 1856 jure
1629 1788 1867 1842 offensus
1912 1787 2136 1851 fuissrt;

545 1881 627 1934 sin
668 1896 765 1950 pro
807 1882 971 1948 ipsius
1010 1881 1201 1945 Salute,
1232 1889 1284 1932 et
1312 1880 1355 1932 si
1392 1890 1611 1947 propter
1642 1880 1690 1933 id
1725 1895 1885 1931 unum
1912 1890 2137 1932 conten-

543 1972 698 2036 dunt,
748 1983 801 2025 ιιι
841 1972 1125 2025 ostendant
1170 1988 1291 2024 eum
1332 1972 1419 2040 qui
1466 1972 1637 2040 ipsum
1678 1971 1959 2024 honoravit
2004 1971 2140 2024 bene

542 2064 894 2127 consuluisc,
931 2064 1053 2133 quid
1084 2063 1408 2117 absurdum?

620 2157 674 2209 '5.
726 2156 855 2209 Vide
904 2154 1051 2209 Pauli
1104 2155 1441 2225 prudentiain
1489 2172 1502 2206 :
1550 2169 1653 2207 non
1705 2155 1848 2225 prius
1893 2156 1958 2206 ad
2005 2153 2138 2206 alias

546 2250 737 2303 transit
765 2249 956 2304 urbes.
999 2264 1155 2317 quam
1187 2263 1314 2312 eas,
1359 2265 1477 2317 qu:e
1517 2249 1735 2302 verbum
1783 2256 2135 2316 acceperant,

546 2342 835 2395 visi‘asset.
868 2342 957 2395 41.
992 2340 1383 2393 Pcran'tbulabat
1413 2351 1580 2393 autem
1609 2341 1813 2410 Syriam
1840 2350 1885 2393 ct
1910 2339 2139 2393 Ciliciam

550 2435 861 2499 conﬁrmans
890 2432 1162 2486 Ecclesias.
1184 2432 1335 2503 (Cap.
1360 2433 1525 2505 16.)1.
1564 2433 1796 2487 Pm'renit
1817 2447 1983 2487 autem
2006 2432 2135 2486 Der-

545 2524 635 2576 ben
674 2534 721 2576 et
753 2523 1005 2595 Lystratn.
1042 2526 1247 2579 Etenim
1278 2526 1497 2579 stultum
1534 2535 1613 2579 est
1655 2535 1856 2581 temere
1897 2542 2134 2580 currere.

544 2617 657 2669 lloc
693 2625 747 2671 et
775 2631 871 2669 nos
914 2616 1167 2670 faciamus
1200 2633 1213 2670 :
1264 2617 1464 2685 primos
1495 2618 1723 2686 primum
1771 2618 2094 2671 instruamus
2119 2659 2135 2683 ,

543 2726 611 2763 ne
656 2710 730 2763 illi
778 2709 1160 2777 impedimento
1203 2710 1309 2763 sint
1357 2711 1761 2778 po~terioribus.
1816 2708 2087 2763 Visitentus
2118 2750 2134 2775 ,

544 2801 734 2869 inquit,
763 2806 946 2871 fratres
971 2803 1225 2872 quomodo
1266 2819 1319 2855 se
1359 2802 1593 2856 habeant.
1634 2804 1744 2857 lloc
1778 2804 1982 2857 scilicet
2017 2802 2139 2870 jure

543 2892 855 2962 ignorabat;
902 2902 958 2945 ιιι
1004 2895 1224 2947 veniens
1273 2894 1463 2949 fratres
1505 2895 1778 2950 inviseret.
1830 2893 1958 2949 Vide
1989 2894 2136 2948 illum

544 2998 760 3051 semper
792 2982 1003 3051 vigilem
1034 2992 1087 3036 et
1124 2984 1417 3038 sollicitum
1440 3024 1455 3048 ,
1500 3000 1598 3038 nec
1639 2985 1877 3040 desidem
1910 2984 2133 3047 sedere,

544 3074 641 3127 etsi
688 3074 966 3127 innumera
1003 3075 1205 3129 subiret
1239 3075 1495 3144 pericula.
1526 3075 1687 3130 Vides
1726 3090 1830 3129 non
1865 3091 1928 3128 ex
1960 3074 2143 3127 formi-

544 3168 667 3221 dine
698 3167 1034 3221 Antiochiam
1063 3168 1291 3222 venisse.
1323 3167 1533 3222 Etenim
1566 3178 1620 3221 ut
1652 3168 1886 3222 medicus
1912 3176 2141 3237 a-grotos

545 3258 729 3313 adibat
759 3278 771 3311 :
805 3269 858 3312 et
889 3259 1138 3312 visitandi
1173 3260 1545 3314 necessitatem
1576 3260 1886 3322 declaravit,
1915 3260 2136 3313 dicens:

546 3349 611 3403 In
641 3351 817 3419 quibus
856 3352 1242 3419 prwdicavimus
1286 3352 1488 3405 uerbum
1546 3351 1786 3406 Recessit
1831 3351 2134 3413 Barnabas,

544 3452 727 3497 etnon
757 3444 892 3498 ultra
922 3445 1102 3499 εειοίιιε
1131 3445 1247 3499 fttit.
1285 3445 1475 3508 Electa,
1514 3446 1700 3515 inquit.
1734 3444 1865 3510 Sila,
1901 3457 1946 3500 et
1978 3447 2140 3499 tradi-

545 3545 625 3589 tus
654 3538 832 3606 gratia:
864 3536 975 3590 I)ei.
1006 3538 1141 3605 Quid
1176 3538 1274 3590 hoc
1301 3540 1425 3593 est?
1456 3538 1663 3593 l’reeati
1693 3549 1835 3602 sunt,
1872 3539 1982 3593 Deo
2012 3555 2138 3609 Sup-

544 3628 827 3696 pliearunt.
886 3628 1015 3683 Vide
1073 3630 1270 3700 ubique
1324 3631 1620 3683 orationem
1674 3629 2137 3701 fratrum‘magua

542 3733 719 3786 posse.
768 3723 844 3774 Ac
881 3720 1135 3790 deinceps
1175 3722 1336 3790 pedes
1383 3722 1705 3787 ambulabat,
1754 3731 1809 3776 ut
1854 3723 1905 3776 in
1949 3724 2137 3778 itinere

543 3812 844 3866 videntibus
886 3829 945 3867 se
978 3813 1286 3883 prodesset;
1321 3824 1374 3869 et
1413 3816 1532 3883 jure
1574 3816 1803 3884 quidem.
1842 3814 1973 3869 Nam
2012 3831 2134 3870 cum

544 3904 881 3971 festinarent,
913 3908 1262 3976 navigabant;
1289 3924 1431 3962 nunc
1460 3924 1584 3962 vero
1613 3923 1717 3962 non
1748 3911 1895 3963 item.
1933 3908 1997 3962 Et
2025 3926 2138 3963 ecce

543 3995 824 4065 discipulus
869 3998 1074 4067 quidam
1108 4008 1216 4051 erat
1252 3998 1361 4053 illic
1396 4000 1597 4053 nomine
1639 3998 1953 4062 Timotheus,
2000 4001 2137 4067 ﬁlius

544 4089 769 4142 mulieris
794 4089 994 4142 Judazaz
1023 4090 1211 4158 ﬁdelis,
1244 4101 1388 4159 patre
1414 4090 1611 4160 gentili.
1646 4090 1701 4143 τὶ.
1742 4090 1873 4142 Huic
1905 4092 2133 4144 testimo-

544 4181 686 4233 nium
731 4180 917 4234 bonum
963 4182 1235 4237 reddebant
1275 4186 1479 4252 fratres,
1521 4185 1609 4253 qui
1650 4183 1817 4237 Iconii
1853 4196 1898 4237 et
1941 4183 2137 4253 Lystris

545 4282 710 4325 erant.
756 4274 808 4329 '5.
859 4273 1008 4327 Ilunc
1036 4276 1192 4328 uoluit
1221 4273 1422 4329 Paulus
1450 4292 1618 4329 secum
1644 4278 1901 4345 proﬁcisci
1927 4293 1946 4331 :
1973 4286 2019 4330 et
2047 4295 2133 4331 as-

544 4382 743 4418 sumens
756 4368 1196 4419 circumciditeum
1214 4378 1420 4438 propter
1448 4367 1677 4435 Judwos,
1694 4371 1777 4438 qui
1795 4380 1934 4423 erant
1953 4371 2003 4424 in
2034 4371 2137 4424 illis

545 4455 689 4510 locis.
724 4456 962 4511 Sciebant
990 4460 1120 4511 enim
1138 4475 1308 4512 omnes
1334 4462 1470 4527 quod
1489 4471 1633 4529 pater
1653 4463 1760 4529 ejus
1782 4473 1888 4514 erat
1909 4462 2130 4532 gentilis.

619 4548 773 4601 Pauli
815 4550 1103 4617 prudentia.
1155 4548 1341 4602 Omnia
1386 4562 1595 4618 prosunt
1637 4552 1846 4604 sanctis.
1890 4582 1962 4591 —-
2001 4552 2136 4608 Vere

545 4648 763 4707 stupore
788 4639 946 4707 digna
976 4649 1058 4693 est
1084 4639 1231 4694 Pauli
1264 4641 1564 4710 prudentia.
1594 4641 1695 4709 Qui
1732 4650 2009 4712 tantopere
2036 4661 2135 4714 pn-

543 4741 800 4799 gnaverat
841 4742 1059 4801 propter
1096 4733 1561 4788 circutncisionem
1582 4775 1595 4799 ,
1625 4736 1714 4802 qui
1745 4736 1921 4789 omnia
1949 4751 2137 4790 move-

546 4834 647 4887 rat,
677 4833 731 4878 et
758 4841 861 4878 non
896 4825 1042 4894 prius
1066 4826 1289 4890 destitit,
1318 4825 1491 4880 donec
1510 4842 1623 4881 rem
1656 4826 1938 4896 perliceret
1956 4870 1972 4894 ,
2000 4842 2136 4882 con-

520 4916 758 4998 3tirtnato
784 4915 1030 4985 dogmate
1050 4958 1065 4983 ,
1094 4918 1428 4973 circumcidit
1457 4918 1794 4988 discipulum.
1833 4918 1948 4975 Non
1978 4919 2138 4973 modo

548 5007 683 5059 alios
722 5023 825 5060 non
863 5009 1098 5075 cohibet,
1136 5011 1228 5065 sed
1258 5011 1361 5064 hoc
1387 5023 1439 5065 et
1471 5010 1584 5080 ipse
1624 5013 1767 5067 facit.
1800 5011 1942 5066 Nihil
1972 5012 2138 5067 Paulo

548 5097 867 5165 prudentius
896 5116 908 5153 :
939 5105 1116 5154 omnia
1142 5141 1157 5166 ,
1189 5112 1247 5156 ut
1279 5101 1642 5177 conducerent
1679 5114 1925 5172 spectans
1949 5146 1963 5169 ,
2009 5103 2167 5158 nihil;

548 5200 752 5246 temere
790 5201 845 5244 et
881 5206 947 5245 ex
979 5192 1319 5260 pnrjudicata
1345 5194 1598 5263 opinione
1634 5196 1844 5263 agebat.
1878 5194 2029 5248 Hunc
2053 5212 2140 5248 oo-

544 5285 639 5338 lnit
664 5327 677 5345 .
718 5284 922 5352 inquit,
956 5300 1127 5339 secum
1164 5286 1438 5354 proﬁcisci.
1472 5286 1584 5341 Hoc
1617 5286 1860 5341 mirabile
1884 5294 1967 5339 est
1994 5285 2137 5356 quod

544 5378 897 5444 :tSStttttpsCl'il
924 5392 1068 5432 eum.
1115 5377 1329 5447 Propter
1352 5377 1564 5431 Iudaeos
1585 5419 1600 5439 ,
1634 5379 1802 5448 inquit
1826 5418 1840 5440 .
1881 5379 1969 5445 qui
1995 5389 2140 5432 erant

542 5470 595 5521 in
620 5469 728 5523 illis
758 5469 901 5523 locis.
928 5468 1079 5542 [lltrc
1100 5486 1258 5525 causa
1278 5470 1695 5525 circutneidendi
1736 5466 1853 5539 fuit]
1881 5470 1959 5537 (a)
1986 5487 1999 5521 :
2031 5485 2138 5523 non

544 5564 689 5611 enim
737 5561 986 5614 tulissent
1028 5560 1213 5614 audire
1256 5562 1477 5615 verbum
1524 5560 1591 5613 ab
1637 5560 2032 5614 iucireumciso.
2074 5560 2140 5614 Et

548 5652 681 5702 cur?
710 5648 841 5706 Vide
874 5652 1191 5721 praeclarum
1220 5668 1354 5722 opus
1383 5670 1395 5706 :
1423 5652 1759 5708 circumcidit
1777 5695 1794 5721 ,
1827 5660 1885 5708 ιιι
1907 5654 2138 5708 circum-

616 5826 692 5887 (a)
712 5830 904 5877 ttncinis
925 5828 1088 5879 clausa
1103 5830 1286 5882 desunt
1309 5834 1359 5882 in
1380 5843 1497 5883 uno.

1284 376 1341 433 s.
1380 376 1659 433 JOANNES
1693 372 2169 433 CIIRYSOSTOMI
2211 373 2527 430 AltClllEP.
2569 372 3103 437 consumtum.
3740 396 3836 453 ρει]

2252 492 2512 547 cisionem
2540 494 2754 548 tolleret
2784 513 2795 547 :
2823 494 3069 566 dogmata
3100 498 3240 553 enim
3273 503 3602 570 prmdicabat
3640 524 3831 578 apostn.

2249 584 2444 641 lorum.
2468 584 2661 640 Viden'
2683 601 2934 656 pugnam,
2954 598 3009 645 et
3025 605 3122 660 per
3146 608 3377 663 pugnam
3401 598 3829 660 aedificationem?

2246 678 2361 732 Non
2402 678 2470 732 ab
2497 679 2617 733 aliis
2657 680 3144 749 impugnabantur;
3190 686 3285 741 sed
3317 687 3417 757 ipsi
3453 694 3730 748 contraria
3772 698 3832 750 fa-

2245 770 2485 837 cientes,
2517 770 2588 824 ita
2620 771 2915 826 Ecclesium
2943 775 3299 831 mdilicabant.
3330 779 3529 849 Dogma
3559 784 3839 843 aﬂ'erchant

2248 878 2352 915 non
2400 863 2821 919 circumcidendi
2844 908 2857 928 ,
2890 874 2945 920 et
2972 868 3326 924 circumcidit.
3374 872 3440 926 Et
3479 875 3839 944 abundabant,

2247 952 2455 1022 inquit,
2487 971 2697 1009 numero
2731 956 2973 1026 quotidie.
3006 957 3256 1013 Vidistin'
3287 964 3573 1020 utilitatem
3616 969 3839 1024 circum-

2250 1045 2508 1099 cisionis?
2540 1045 2743 1100 Deinde
2776 1064 2880 1101 non
2927 1060 3167 1105 moratur
3210 1053 3279 1107 ibi
3301 1094 3317 1117 ,
3348 1055 3548 1125 quippe
3580 1059 3672 1128 qni
3722 1062 3844 1116 Visi-

2245 1137 2390 1190 tandi
2443 1138 2611 1207 gratia
2656 1140 2938 1204 venisset;
2996 1143 3090 1197 sed
3148 1145 3316 1215 quid?
3372 1146 3524 1201 Ultta
3591 1153 3839 1218 prmedit.

2244 1228 2299 1281 4.
2331 1227 2455 1281 Cum
2481 1239 2648 1283 autem
2677 1233 3044 1299 pertransirent
3068 1234 3294 1290 ciuitates
3313 1278 3327 1302 ,
3356 1239 3626 1294 tradebant
3658 1245 3727 1296 eis
3752 1260 3839 1297 cu-

2242 1320 2432 1372 stodire
2444 1321 2703 1390 dogmata,
2729 1337 2841 1390 quia
2863 1333 3009 1377 erant
3036 1325 3235 1379 decreta
3260 1328 3323 1379 ab
3344 1332 3593 1397 apostolis
3613 1343 3660 1384 et
3688 1337 3841 1389 senio-

2244 1408 2408 1471 ribus,
2450 1411 2536 1479 qui
2578 1423 2720 1463 erant
2747 1413 2799 1464 in
2824 1411 3133 1469 Jerusalem.
3164 1417 3216 1470 5.
3244 1415 3427 1488 Itaque
3456 1418 3701 1476 Ecclesia
3727 1441 3840 1479 con-

2244 1501 2578 1567 ﬁrmabantur
2630 1504 2769 1570 ﬁde,
2836 1514 2881 1558 et
2933 1507 3255 1561 abundabant
3326 1527 3538 1566 numero
3607 1520 3837 1585 quotidie.

2246 1591 2298 1645 6.
2334 1591 2670 1647 Transeuntes
2716 1605 2882 1650 autem
2914 1595 3197 1669 Phrygiam
3226 1612 3272 1654 et
3316 1601 3538 1659 Calatitc
3576 1608 3838 1678 regionem,

2245 1684 2486 1752 prohibiti
2512 1704 2541 1736 a
2580 1686 2780 1755 Spiritu
2812 1699 2985 1743 sancta
3013 1691 3151 1760 loqui
3181 1693 3381 1746 verbum
3414 1696 3463 1749 in
3498 1698 3623 1750 Asia
3643 1740 3657 1764 ,
3686 1701 3735 1754 6.
3764 1720 3838 1756 rc.

2245 1776 2365 1827 licta
2396 1774 2629 1845 Phrygia
2656 1786 2701 1829 et
2733 1778 2937 1832 Calatia
2957 1821 2971 1844 ,
3004 1782 3056 1833 in
3088 1784 3302 1836 mediam
3343 1788 3604 1857 regionem
3636 1794 3836 1859 festina-

2244 1866 2383 1918 bant.
2419 1867 2470 1920 7.
2498 1868 2620 1920 Cum
2654 1871 2900 1924 venissent
2930 1882 3099 1925 autent
3128 1875 3181 1927 in
3211 1875 3453 1945 Mysiam,
3489 1885 3747 1935 tentabant
3767 1886 3833 1939 ire

2248 1962 2300 2014 in
2330 1961 2645 2033 Bithyniam,
2675 1974 2719 2016 et
2746 1982 2845 2018 non
2879 1968 3104 2035 permisit
3135 1985 3218 2023 cos
3247 1970 3493 2039 Spiritus.
3520 1975 3696 2040 Quare
3726 1993 3836 2045 pro-

2246 2052 2394 2108 hihiti
2424 2055 2636 2108 fuerunt
2663 2071 2766 2107 non
2798 2057 2948 2121 dicit,
2970 2058 3063 2111 sed
3095 2068 3296 2113 tantum
3328 2064 3631 2131 prohibitos
3663 2066 3833 2133 fuisse,

2247 2160 2345 2198 nos
2372 2146 2570 2199 docens
2603 2158 2659 2199 ιιι
2700 2147 2873 2201 solum
2903 2149 3355 2218 obtemperemus,
3392 2171 3493 2209 nec
3531 2172 3719 2211 cansas
3762 2160 3833 2211 itt-

2246 2239 2557 2308 qniratnus;
2590 2240 2988 2310 ostendensque
3026 2241 3149 2295 illos
3195 2245 3361 2297 multa
3415 2248 3652 2301 humano
3697 2266 3834 2304 tnore

2246 2332 2454 2386 fecisse.
2490 2332 2541 2385 8.
2581 2330 2707 2385 Cum
2737 2342 2909 2385 autent
2936 2336 3326 2402 per-transissent
3354 2335 3600 2407 Mysiam,
3644 2341 3836 2394 descen-

2246 2424 2427 2477 derunt
2457 2423 2726 2477 Troadem.
2761 2425 2813 2479 9.
2852 2424 2916 2477 Et
2944 2417 3189 2496 risio'per
3218 2437 3411 2481 noctem
3444 2428 3616 2483 Paulo
3647 2442 3833 2484 ostensa

2244 2526 2318 2570 est
2347 2532 2365 2569 :
2403 2515 2489 2569 Vir
2518 2516 2726 2586 quidam
2756 2528 2862 2570 erat
2897 2517 3109 2571 Macedo
3138 2527 3278 2573 stans
3298 2563 3311 2585 ,
3343 2521 3623 2592 deprecans
3653 2542 3762 2577 eam
3791 2535 3831 2577 et

2243 2610 2434 2675 dicens,
2481 2608 2757 2664 Transiens
2807 2612 2859 2662 in
2914 2610 3291 2678 Macedoniam,
3341 2616 3532 2684 atljura
3586 2634 3689 2671 nos.
3734 2617 3832 2671 Cur

2243 2704 2398 2769 visio,
2426 2714 2479 2757 et
2508 2719 2603 2757 cur
2631 2703 2859 2772 Spiritus
2888 2714 3101 2759 sanctus
3130 2706 3241 2774 ipse
3265 2722 3367 2760 non
3392 2708 3555 2777 jussit
3580 2711 3601 2761 ?
3630 2710 3833 2765 Volebat

2244 2810 2339 2849 eos
2373 2795 2473 2850 hoc
2500 2811 2710 2865 quoque
2740 2795 2899 2849 modo
2926 2796 3217 2852 attrahere.
3252 2800 3459 2853 Etenim
3490 2803 3687 2856 sanctis
3712 2818 3833 2870 quo-

2246 2904 2353 2956 que
2398 2889 2632 2942 visiones
2683 2904 2777 2957 per
2820 2890 3087 2943 somnium
3136 2903 3503 2961 apparuerunt
3548 2913 3561 2947 :
3602 2905 3650 2949 et
3693 2894 3832 2948 initio

2244 2995 2459 3049 quoque
2492 2982 2606 3049 ipse
2645 2982 2907 3036 visionem
2940 2981 3124 3037 habuit
3153 2984 3385 3038 hominis
3422 2984 3759 3055 ingredientis
3784 2994 3834 3037 et

2244 3060 2568 3140 imponentis
2596 3074 2695 3127 sibi
2725 3090 2943 3129 manus.
2980 3075 3180 3130 Deinde
3202 3076 3322 3131 ideo
3350 3078 3520 3146 ipsum
3563 3079 3649 3133 illo
3667 3078 3831 3143 trahit,

2246 3176 2305 3220 ut
2353 3166 2663 3235 prtedicatio
2702 3167 3106 3223 cxtenderetur.
3152 3169 3398 3239 Alioquin
3452 3187 3589 3226 vero
3634 3184 3832 3241 prp'er

2247 3258 2348 3313 hoc
2389 3258 2704 3328 prohibetur
2750 3261 2948 3314 morari
2996 3262 3049 3315 in
3092 3261 3212 3315 aliis
3255 3262 3587 3329 civitatibus,
3640 3263 3831 3318 Christo

2247 3350 2418 3419 ipsum
2446 3363 2684 3420 urgente.
2712 3351 2775 3406 lli
2800 3368 3029 3423 namque
3050 3353 3255 3408 Joanne
3278 3353 3487 3408 frnituri
3506 3366 3663 3410 erant
3683 3355 3828 3409 multo

2246 3452 2504 3510 tempore,
2534 3452 2587 3496 et
2609 3440 2837 3498 fortasse
2869 3459 2973 3497 non
3007 3445 3229 3499 multant
3260 3445 3527 3500 habebant
3559 3464 3719 3517 opus;
3749 3448 3827 3501 illo

2242 3545 2419 3587 autem
2467 3536 2697 3605 migrare
2745 3538 3047 3604 Oportebat.
3102 3539 3167 3592 Et
3214 3540 3585 3606 pertransiens
3629 3542 3825 3594 dennnn

2246 3626 2624 3695 proficiscitur.
2658 3628 2726 3682 10
2779 3626 2849 3681 Ut
2888 3638 3055 3683 autent
3085 3634 3244 3682 uisum
3276 3630 3432 3696 vidit,
3462 3634 3633 3684 statim
3658 3631 3826 3701 (μία-εἰ-

2242 3719 2402 3771 vimus
2425 3720 2677 3787 proﬁcisci
2697 3720 2747 3772 in
2772 3718 3149 3785 Macedoniam,
3177 3722 3296 3774 certi
3318 3723 3440 3790 facti
3462 3724 3600 3792 quod
3624 3730 3826 3776 vocasset

2243 3826 2336 3863 nos
2389 3809 2529 3864 Deus
2577 3812 2928 3882 euangelizare
2973 3815 3063 3867 eis.
3110 3815 3197 3868 11.
3245 3812 3561 3884 Navigantes
3606 3824 3760 3869 autem
3797 3828 3825 3864 a

2242 3901 2448 3955 Troade
2487 3913 2622 3956 recto
2668 3920 2818 3957 cursu
2857 3905 3084 3958 venimus
3120 3905 3173 3958 in
3206 3906 3629 3973 Samothraciam,
3670 3914 3715 3957 et
3748 3919 3824 3956 se-

2241 3995 2415 4063 quenti
2461 3992 2544 4046 die
2586 3992 2883 4061 Neapolim,
2932 3994 3017 4048 12.
3061 4004 3107 4049 ct
3152 3996 3269 4049 inde
3302 3995 3581 4066 Philippos,
3611 4009 3720 4063 quia
3754 4001 3823 4045 est

2243 4087 2408 4153 prima
2435 4085 2596 4155 partis
2629 4084 2945 4139 Macedonia:
2964 4088 3157 4151 civitas,
3186 4089 3404 4141 colonia.
3430 4086 3639 4140 Eramus
3659 4094 3817 4137 autem

2241 4176 2293 4229 in
2325 4175 2420 4229 hac
2448 4177 2568 4228 urbe
2601 4175 2776 4231 diebus
2819 4176 3011 4248 aliquot
3058 4183 3389 4250 conferentes.
3430 4180 3517 4234 Sic
3554 4178 3622 4232 illi
3660 4177 3812 4229 etiam

2241 4266 2485 4322 Christus
2515 4278 2736 4338 apparet
2761 4268 2978 4336 dicens,
3020 4270 3210 4325 (lauari
3255 4283 3302 4325 te
3339 4282 3533 4341 oportet
3558 4270 3659 4325 sisti
3686 4268 3813 4341 (Act.

2239 4356 2332 4411 27.
2384 4356 2499 4429 24).
2558 4359 2761 4414 Deinde
2824 4360 2941 4414 loca
2995 4372 3275 4425 recenset,
3331 4362 3607 4417 historiam
3644 4360 3822 4432 quippe

2244 4460 2455 4518 texens,
2483 4461 2536 4506 et
2567 4453 2859 4507 ostendens
2883 4454 3098 4509 ubinam
3132 4467 3372 4510 moratus
3404 4459 3506 4522 sit;
3541 4457 3819 4523 indicatque

2246 4541 2395 4597 illum
2424 4544 2477 4597 in
2505 4544 2800 4613 majoribus
2822 4554 3112 4612 moratum,
3142 4547 3275 4600 alias
3295 4548 3637 4617 praeteriisse.
3666 4544 3818 4613 Digni-

2245 4646 2326 4690 tas
2355 4647 2437 4691 est
2474 4640 2709 4693 civitatis
2752 4640 3018 4694 coloniam
3066 4656 3205 4694 esse.
3241 4642 3345 4695 Sed
3378 4643 3652 4712 superiora
3679 4652 3815 4705 repe-

2245 4740 2444 4786 tamus.
2476 4731 2862 4787 Nece5sitatetn
2892 4732 3152 4788 Barnabas
3181 4734 3428 4803 impunit,
3456 4735 3676 4790 dicens:
3708 4730 3822 4783 Visi-

2244 4833 2408 4877 temus
2435 4824 2680 4887 civitates,
2710 4825 2761 4876 in
2790 4825 2971 4893 quibus
2997 4827 3413 4880 annuutiaoimus
3443 4829 3663 4881 uerbum.
3691 4824 3826 4878 Licet

2248 4929 2355 4965 non
2385 4924 2659 4983 oporteret
2685 4928 2873 4984 rogare
2910 4930 3032 4969 eum
3057 4956 3071 4981 ,
3104 4932 3262 4985 quem
3292 4925 3474 4985 postea
3498 4926 3829 4971 accusaturus

2241 5012 2381 5057 erat.

2317 5095 2371 5146 4.
2410 5092 2592 5145 Adhuc
2623 5094 2685 5147 de
2714 5094 3037 5163 separatione
3065 5093 3224 5149 Pauli
3250 5105 3297 5150 et
3324 5094 3596 5150 Barnabas.
3624 5124 3693 5135 --
3729 5092 3829 5146 lloc

2244 5186 2407 5240 etiam
2450 5185 2592 5239 circa
2642 5187 2807 5240 Deum
2857 5196 2911 5242 et
2957 5187 3194 5258 Moysem
3238 5189 3484 5258 legimus.
3537 5187 3626 5243 llle
3658 5192 3825 5253 rogat.

2248 5278 2389 5331 Deus
2418 5276 2689 5341 irascitur;
2722 5288 2777 5331 ut
2802 5277 3015 5347 quando
3041 5278 3171 5333 dicit
3202 5296 3216 5333 :
3246 5277 3310 5334 Si
3331 5289 3473 5349 pater
3488 5280 3601 5350 ejus
3622 5274 3830 5344 exspuis-

2245 5377 2317 5420 set
2343 5369 2393 5420 in
2428 5368 2608 5438 {aciem
2634 5369 2743 5439 ejus
2771 5368 2961 5440 (Nunt.
3001 5369 3084 5424 12.
3120 5371 3242 5439 M):
3269 5381 3324 5426 et
3349 5386 3559 5425 rursum
3584 5412 3599 5435 ,
3634 5366 3828 5421 Dimitte

2246 5476 2346 5525 me,
2377 5470 2424 5512 et
2452 5460 2611 5514 iratus
2641 5461 2814 5513 delebo
2844 5462 3089 5531 populum
3118 5462 3250 5515 hunc
3279 5462 3472 5533 (Exod.
3505 5463 3593 5516 52.
3631 5458 3753 5523 52);
3783 5462 3831 5506 cl

2247 5551 2465 5606 Samuel
2492 5551 2704 5620 quando
2734 5552 2947 5623 lugebat
2972 5554 3186 5609 Saftletr.
3214 5556 3291 5623 (1.
3330 5556 3454 5625 Reg.
3486 5556 3571 5611 15.
3592 5553 3680 5624 35)
3708 5568 3722 5606 ε
3746 5561 3832 5618 Per

2248 5654 2533 5713 utrumque
2559 5646 2701 5700 enim
2726 5662 2915 5717 magna
2943 5649 3195 5703 eveniunt
3219 5648 3378 5701 bona.
3407 5649 3495 5704 Sic
3521 5661 3573 5704 et
3597 5660 3728 5701 nunc
3750 5641 3832 5693 ille

2250 5737 2530 5802 irascitur,
2564 5734 2658 5792 Sed
2689 5753 2794 5791 non
2825 5739 2944 5793 iste.
2974 5738 3087 5793 Hoc
3106 5739 3245 5808 apud
3278 5756 3377 5794 nos
3403 5741 3528 5795 item
3557 5737 3744 5794 evenit.
3771 5731 3833 5787 Et

2247 5827 2515 5884 dissensio
2546 5828 2825 5900 apposite,
2870 5839 2928 5885 ut
2966 5832 3055 5885 ille
3082 5832 3420 5902 erudiretur,
3453 5848 3551 5889 nec
3576 5830 3834 5885 videretur
