4112 6430
273 388 385 445 ἊἹ

283 511 380 567 καὶ
414 509 635 582 σφόδρα
671 515 874 588 μέγας.
912 512 1057 567 Πάνυ
1084 512 1140 567 δὲ
1166 512 1363 583 ὠφέλει
1391 512 1484 566 τὸν
1517 511 1748 583 Μάρκον
1770 511 1804 569 ἡ
1835 508 1985 579 μάχη

287 600 451 670 αῦτη.
482 600 562 654 Τὸ
596 602 703 672 μὲν
751 602 866 673 γὰρ
905 602 1119 656 Παύλου
1148 602 1377 674 φοϐερὸν
1406 598 1745 671 ἐπέστρεψεν
1776 595 1941 652 αὐτὸν
1963 635 1980 660 ,

299 692 444 751 τὀδέ
470 690 741 761 Βαρνάϐα
786 691 1025 763 χρηστὸν
1070 691 1244 744 ἐποίει
1296 690 1492 761 μηκέτι
1535 687 1931 758 ἀπολειφθῆναι
1957 701 1972 715 ·

313 782 444 837 ὥστε
469 780 741 851 μάχονται
765 780 887 850 μὲν,
919 780 1055 852 πρὸς
1085 779 1144 833 ἓν
1177 779 1233 833 δὲ
1260 779 1413 842 τέλος
1437 778 1657 848 ἀπαντᾷ
1684 777 1747 830 τὸ
1769 776 1982 846 κέρδος.

311 872 419 926 Καὶ
453 868 562 941 γὰρ
601 867 827 922 Παῦλον
862 868 1007 939 δρῶν
1038 866 1363 938 αἱρούμενον
1392 865 1718 934 ἀποστῆναι,
1750 866 1893 919 πάνυ
1917 866 1984 935 ἂν

303 957 546 1030 ἐφοϐήθη
594 957 692 1011 καὶ
746 955 997 1025 κατέγνω
1036 956 1232 1010 ἐαυτοῦ
1259 973 1273 987 ·
1320 957 1416 1010 καὶ
1476 954 1642 1010 πάλιν
1693 953 1984 1026 Βαρνάϐαν

299 1044 449 1117 δρῶν
479 1044 654 1108 οὕτως
679 1043 845 1098 αὐτοῦ
865 1044 1246 1115 ἀντεχόμενον,
1263 1044 1407 1099 πάνυ
1436 1043 1504 1098 ἂν
1527 1043 1689 1097 αὐτὸν
1717 1042 1945 1114 ἐφίλησε
1964 1058 1979 1073 σ

298 1133 398 1188 καὶ
423 1131 765 1204 διωρθοῦτοὸ
785 1132 1034 1204 μαθητὴς
1063 1132 1150 1186 διὰ
1174 1132 1273 1203 τῆς
1295 1132 1476 1203 μάχης
1498 1130 1606 1185 τῶν
1622 1131 1977 1185 διδασκάλωψ

295 1222 558 1276 τοσοῦτον
609 1223 801 1291 ἀπεῖχε
847 1220 943 1274 τοῦ
1003 1219 1481 1292 σκανδαλισθῆναι.
1514 1219 1578 1274 Εί
1617 1220 1716 1291 μὲν
1756 1218 1867 1292 γὰρ
1893 1218 1983 1274 διὰ

295 1312 402 1383 τὴν
436 1313 519 1375 εἰς
554 1311 783 1375 ἑαυτοὺς
816 1310 986 1382 τιμὴν
1025 1309 1181 1364 τοῦτο
1214 1309 1519 1381 ἔπραττον,
1547 1310 1771 1372 εἰκότως
1801 1324 1815 1339 ο
1844 1309 1894 1361 εἰ
1923 1308 1983 1362 δὲ

297 1401 391 1453 διὰ
415 1400 518 1473 τὴν
546 1399 714 1455 αὐτοῦ
744 1399 1041 1471 σωτηρίαν,
1077 1399 1174 1454 καὶ
1205 1398 1274 1453 δι’
1308 1398 1366 1452 ἒν
1403 1397 1804 1469 φιλονεικοῦσιν
1836 1396 1980 1450 ὥστε

296 1487 483 1554 δεῖξαι
528 1489 617 1544 τὸν
661 1488 971 1559 τιμήσαντα
1016 1488 1180 1542 αὐτὸν
1216 1487 1398 1552 καλῶς
1431 1484 1857 1559 βεϐουλευμένον
1878 1528 1894 1553 ,
1928 1484 1982 1540 τί

301 1576 516 1631 ἄτοπον
529 1592 549 1642 ;

383 1672 462 1733 γ’.
479 1664 619 1737 Ὅρα
632 1663 719 1736 τὴν
736 1664 953 1719 σύνεσιν
967 1664 1061 1719 τοῦ
1076 1664 1314 1719 Παύλουο
1332 1666 1393 1719 οὐ
1414 1662 1681 1736 πρότερον
1709 1663 1796 1716 ἐπ’
1816 1662 1982 1727 ἄλλας

312 1751 540 1824 ἔρχεται
570 1753 761 1817 πόλεις,
793 1753 926 1823 πρὶν
953 1753 986 1825 ἤ
1012 1753 1112 1816 τὰς
1134 1752 1431 1825 δεξαμένας
1456 1752 1550 1805 τὸν
1578 1751 1736 1821 λόγον
1759 1750 1986 1805 ἐπισκέ-

307 1839 530 1908 ψασθαι.
553 1840 829 1909 Διήρχετο
851 1840 920 1893 δὲ
941 1839 1057 1908 τὴν
1081 1840 1307 1908 Συρίαν
1325 1839 1424 1893 καὶ
1440 1839 1718 1894 Κιλικίαν
1736 1839 1983 1907 ἐπιστη-

295 1927 480 1998 ρίζων
505 1927 613 1993 τὰς
651 1928 1039 1997 Ἐκκλησίας.
1091 1927 1449 1997 Κατήντησε
1502 1926 1572 1981 δὲ
1618 1930 1707 1994 είς
1756 1926 1982 1997 Δέρϐην

294 2017 397 2071 καί
449 2019 753 2086 Λύστραν.
804 2019 916 2071 Καὶ
962 2016 1073 2088 γὰρ
1120 2017 1313 2081 ἀνοίας
1363 2017 1512 2070 ἐστὶν
1564 2018 1685 2087 εἰκῇ
1738 2017 1976 2089 τρέχειν.

294 2103 473 2159 Τοῦτο
503 2106 602 2159 καὶ
635 2107 795 2175 ἡμεῖς
822 2105 1069 2175 ποιῶμεν
1097 2120 1113 2135 ο
1134 2105 1262 2168 τοὺς
1293 2103 1543 2178 πρώτους
1574 2104 1979 2177 πρῶτονιπαι-

293 2193 547 2263 δεύωμεν
573 2231 587 2255 ,
644 2193 732 2247 ἴνα
784 2192 862 2263 μὴ
910 2185 1056 2246 οὗτοι
1101 2193 1361 2264 ἐμπόδιον
1395 2192 1651 2263 γίνωνται
1684 2196 1799 2258 τοῖς
1839 2194 1980 2265 μετά

291 2280 491 2335 ταῦτα.
530 2280 1052 2349 Ἐπισκεψώμεθα,
1104 2282 1258 2352 φησὶ,
1309 2281 1453 2348 τοὺς
1498 2282 1802 2353 ἀδελφοὺς
1855 2281 1981 2350 πῶς

291 2366 536 2437 έχουσι.
559 2366 675 2421 Καὶ
700 2367 861 2421 τοῦτο
887 2369 1072 2437 ἠγνόει
1104 2369 1352 2435 εἰκότως,
1378 2370 1465 2422 ἵνα
1484 2368 1656 2423 ἐλθὼν
1676 2370 1804 2433 τοὺς
1826 2369 1980 2424 ἀδελ-

291 2456 431 2524 ςιοίις
471 2456 858 2527 ἐπισκέψηται.
887 2458 1028 2530 Ὅρα
1059 2457 1223 2512 αὐτὸν
1253 2459 1340 2512 ἀεὶ
1364 2458 1790 2530 διεγηγερμένος)
1809 2498 1824 2523 ,
1880 2475 1979 2529 με·

293 2545 599 2617 ριμνῶντα,
659 2546 759 2599 οὐκ
805 2547 1132 2617 ἀνεχόμενον
1179 2546 1470 2625 καθῆσθαι,
1519 2547 1697 2602 καίτοι
1748 2546 1977 2619 μυρίους

291 2635 540 2706 ὑπέμενε
570 2633 868 2698 κινδύνους.
888 2635 1053 2708 Ὁρᾷς
1073 2677 1086 2699 ,
1115 2637 1201 2690 ὅτι
1227 2637 1287 2690 οὐ
1318 2635 1522 2700 δειλίας
1547 2631 1614 2708 ἦν
1647 2636 1707 2690 τὸ
1736 2638 1816 2699 εἰς
1859 2637 1976 2691 Ἀν-

288 2724 538 2795 τιόχειαν
570 2723 778 2791 ἐλθεῖν;
814 2724 1086 2797 Καθάπερ
1115 2724 1225 2797 γὰρ
1254 2724 1436 2795 ἰατρὸς
1470 2726 1565 2779 ἐπὶ
1589 2725 1715 2789 τοὺς
1747 2726 1977 2795 κάμνον-

289 2828 393 2874 τας
418 2811 589 2884 ἀπῄει
612 2850 627 2875 ,
653 2813 750 2866 καὶ
788 2811 890 2884 τὴν
919 2812 1164 2883 ἀνάγκην
1191 2812 1292 2882 τῆς
1332 2811 1675 2883 ἐπισκέψεως
1704 2812 1975 2884 ἐδήλωσεν

288 2898 489 2962 εἰπὼν,
528 2900 631 2953 Ἔν
653 2894 748 2966 αἷς
771 2900 1251 2970 κατηγγείλαμεν
1280 2900 1389 2954 τὸν
1419 2902 1625 2972 λόγον.
1672 2900 1911 2972 Ἀπέστη
1945 2902 1974 2958 6

287 2986 609 3060 Βαρνάϐας,
647 2989 741 3042 καὶ
775 2988 962 3043 οὐκέτι
995 2987 1788 3060 συνῆλθεν.Ὲπιλεξάμενος,
1816 2990 1973 3063 φησί,

287 3078 401 3132 τὸν
436 3078 650 3143 Σίλαν,
677 3079 776 3132 καὶ
807 3078 1161 3151 παραδοθεὶς
1214 3077 1292 3146 τῇ
1318 3078 1514 3149 χάριτι
1551 3078 1658 3133 τοῦ
1683 3079 1853 3134 Θεοῦ.
1908 3079 1975 3134 Τί

284 3165 451 3221 τοῦτό
490 3167 667 3232 ἐστιν;
700 3165 966 3233 Ηῦξαντο,
1003 3168 1188 3239 φησὶν,
1221 3168 1521 3240 ἐδεήθησαν
1542 3167 1637 3222 τοῦ
1665 3167 1976 3240 Θεοῦ.”ορα

287 3252 573 3325 πανταχοῦ
589 3255 800 3325 μεγάλα
811 3255 1119 3327 δυναμένην
1129 3256 1229 3329 τὴν
1241 3255 1407 3328 εὐχὴν
1420 3256 1532 3310 τῶν
1544 3255 1694 3329 1265]
1707 3256 1971 3326 ἀδελφῶν.

286 3345 403 3398 Καὶ
421 3342 613 3397 λοιπὸν
629 3343 768 3415 πεζῇ
790 3342 982 3410 ὥδευε,
1001 3344 1095 3398 καὶ
1115 3344 1204 3400 διά
1234 3345 1335 3414 τῆς
1357 3345 1666 3416 ὁδοιπορίας
1694 3345 1975 3418 ὠφελῆσαι

284 3433 415 3498 τοὺς
444 3430 691 3503 ὁρῶντας
714 3431 1041 3503 βουλόμενος
1066 3450 1079 3464 ·
1112 3434 1498 3497 είκότως.”οτε
1521 3436 1623 3506 μὲν
1644 3435 1753 3506 γάρ
1778 3436 1977 3493 ἔσπευ-

286 3521 397 3586 δον,
424 3520 619 3574 ἔπλεον
637 3538 652 3554 ο
680 3521 776 3575 νῦν
808 3521 867 3575 δὲ
893 3522 995 3576 οὐκ
1024 3522 1127 3576 ἔτι.
1159 3522 1273 3577 Καὶ
1308 3522 1438 3578 ἰδοὺ
1469 3524 1749 3593 μαθητής
1773 3543 1865 3594 τις
1895 3523 1977 3610 ἧς

284 3612 417 3666 ἐκεῖ
442 3612 689 3682 ὀνόματι
718 3614 993 3682 Τιμόθεος
1014 3655 1029 3680 ,
1056 3614 1188 3681 υίὸς
1220 3615 1510 3685 γυναικὸς
1550 3617 1835 3685 Ἰουδαίας
1889 3636 1977 3674 πι-

284 3701 469 3771 στῆς,
491 3700 718 3771 πατρὸς
742 3700 813 3754 δὲ
838 3702 1148 3768 Ἕλληνος
1166 3718 1179 3733 ο
1202 3702 1271 3769 ὃς
1294 3703 1681 3773 ἐμαρτυρεῖτο
1710 3706 1832 3761 ὑπὸ
1854 3706 1975 3762 τῶν

281 3790 357 3843 ἐν
380 3790 687 3857 Λύστροις
713 3788 813 3844 καὶ
848 3791 1082 3857 Ἰκωνίῳ
1113 3788 1650 3859 ἀδελφῶν.Τοῦτον
1668 3792 1975 3862 ἠθέλησεν

284 3881 321 3934 ό
344 3878 595 3945 Παῦλος
625 3879 751 3932 σὺν
783 3877 947 3944 αὐτῷ
973 3878 1247 3943 ἐξελθεῖν
1265 3894 1282 3911 °
1308 3879 1409 3934 καί
1456 3879 1661 3935 λαϐὼν
1713 3883 1976 3952 περιέτε-

280 3982 398 4035 μεν
422 3964 615 4020 αὐτὸν
645 3964 742 4021 διὰ
783 3965 925 4031 τοὺς
973 3965 1304 4030 Ἰουδαίους
1344 3965 1489 4034 τοὺς
1532 3967 1712 4037 ὄντας
1753 3970 1823 4023 ἐν
1850 3969 1975 4038 τοῖς

282 4058 495 4122 τόποις
525 4053 807 4120 ἐκείνοις.
848 4054 1119 4126 ’ᾙδεσαν
1157 4053 1271 4125 γὰρ
1302 4055 1567 4123 ἅπαντες
1604 4057 1714 4111 τὸν
1750 4058 1975 4129 πατέρα

281 4142 497 4207 αὑτοῦ,
534 4140 626 4195 ὅτι
654 4142 897 4211 Ἕλλην
925 4141 1225 4213 ὑπῆρχεν.

353 4229 547 4296 ⁸Ἄξιον
574 4229 914 4301 ἐκπλαγῆναι
936 4229 1031 4283 τοῦ
1048 4230 1260 4285 Παύλου
1277 4230 1377 4303 τὴν
1404 4231 1640 4287 σύνεσιν.
1658 4235 1719 4288 ’0
1736 4236 1974 4293 τοσαῦτα

284 4321 678 4392 μαχεσάμενος
704 4321 832 4392 περὶ
859 4320 961 4391 τῆς
984 4321 1312 4392 περιτομῆς,
1342 4324 1370 4375 6
1397 4322 1575 4377 πάντα
1597 4326 1847 4393 κινήσας,
1876 4325 1973 4380 καὶ

284 4407 361 4480 μή
382 4406 657 4479 πρότερον
679 4406 940 4473 ἀποστὰς,
966 4408 1072 4473 ἕως
1091 4409 1179 4461 ὅτε
1208 4407 1561 4481 κατώρθωσε,
1578 4409 1673 4464 τοῦ
1704 4411 1970 4483 δόγματος

277 4495 652 4569 κυρωθέντος,
686 4496 1007 4567 περιτέμνει
1030 4496 1121 4550 τὸν
1154 4495 1423 4569 μαθητήν.
1454 4496 1532 4553 Οὐ
1565 4498 1727 4569 μόνον
1750 4499 1973 4571 ἐτέρους

279 4586 342 4639 o6
375 4576 606 4647 κωλύει,
638 4582 775 4638 ἀλλά
803 4584 899 4639 καὶ
918 4585 1084 4649 αὐτὸς
1102 4585 1263 4641 τοῦτο
1291 4585 1602 4658 ἐργάζεται.
1630 4587 1799 4642 Οὐδὲν
1821 4588 1973 4644 Παύ-

280 4673 377 4727 λου
404 4670 775 4746 συνετώτερον
799 4689 813 4703 ⁸
842 4671 984 4727 ὥστε
1005 4673 1187 4728 πάντα
1219 4673 1358 4744 πρὸς
1383 4674 1445 4728 τὸ
1471 4674 1749 4747 συμφέρον
1779 4675 1928 4749 ἐώρα
1952 4694 1971 4713 ο

286 4761 439 4816 οὐδὲν
462 4761 656 4825 ἁπλῶς
684 4763 864 4816 ἐποίει
900 4763 1203 4833 προλήψει.’
1226 4760 1450 4816 Τοῦτον
1470 4762 1759 4831 ἠθέλησε,
1783 4765 1970 4836 φησὶν,

288 4849 558 4913 ἐξελθεῖν
579 4850 707 4904 σὺν
726 4849 908 4915 αὐτῷ.
938 4850 1013 4904 Τὸ
1066 4848 1381 4919 θαυμαστὸν
1408 4850 1570 4904 τοῦτο
1588 4891 1603 4914 ,
1633 4852 1716 4904 ὅτι
1753 4854 1845 4907 καὶ
1876 4855 1973 4907 ὲπ-

288 4938 459 5007 ήγετο
476 4938 661 4992 αὐτόν.
680 4936 784 4991 Διὰ
816 4936 959 5005 τοὺς
986 4937 1339 5005 Ἰουδαίους,
1358 4937 1513 5010 φησὶ,
1532 4937 1675 5006 τοὺς
1701 4938 1882 5008 ὄντας
1902 4943 1973 4997 ἐν

289 5025 423 5091 τοῖς
448 5028 651 5094 τόποις
680 5026 959 5094 ἐκείνοις.
987 5027 1139 5098 Αὕτη
1169 5029 1203 5099 ή
1236 5027 1387 5081 αἰτία
1416 5026 1512 5081 τοῦ
1540 5032 1865 5100 περιτεμεῖν
1890 5031 1918 5069 ι’
1952 5048 1968 5063 ο

284 5115 348 5170 ού
379 5114 486 5187 γὰρ
517 5114 586 5170 ἂν
616 5115 908 5187 ἠνέσχοντο
936 5116 1089 5186 παρά
1115 5115 1458 5187 ἀκροϐύστου
1488 5116 1580 5170 τὸν
1613 5117 1772 5187 λόγον
1801 5119 1970 5173 ἀκοῦ-

280 5220 399 5259 σαι.
437 5204 554 5258 Καὶ
579 5204 634 5257 τί
653 5202 823 5276 ;⁶Ὀρα
845 5203 907 5257 τὸ
936 5203 1269 5275 κατόρθωμα
1287 5220 1302 5236 ο
1329 5204 1677 5276 περιέτεμεν,
1706 5206 1793 5260 ἵνα
1816 5225 1973 5280 περι-

272 5293 458 5366 τομὴν
492 5292 701 5368 καθέλῃ
728 5311 742 5325 ·
774 5292 844 5347 τὰ
874 5294 1121 5367 δόγματα
1147 5293 1258 5367 γὰρ
1291 5295 1561 5367 ἐκήρυττε
1588 5295 1658 5350 τὰ
1687 5296 1797 5350 τῶν
1828 5300 1971 5351 ἀπο-

279 5383 517 5438 στόλων.
556 5380 722 5455 ⁹Ορᾷς
770 5384 973 5455 μάχην,
1023 5383 1121 5438 καὶ
1148 5384 1237 5438 διὰ
1285 5384 1466 5455 μάχης
1507 5384 1839 5457 οἰκοδομήν;
1888 5384 1966 5441 Ού

277 5469 418 5543 παρ’
463 5470 673 5542 ἐτέρων
728 5471 1127 5543 πολεμούμενοι
1152 5511 1168 5535 ,
1213 5471 1352 5527 ἀλλὰ
1403 5475 1500 5527 καὶ
1549 5472 1706 5528 αὐτοὶ
1752 5475 1968 5529 ἐναντία

278 5555 591 5623 ποιοῦντες,
617 5556 763 5612 οὕτω
786 5557 886 5631 τὴν
923 5559 1252 5630 Ἐκκλησίαν
1276 5557 1608 5632 ᾠκοδόμουν.
1634 5560 1820 5630 Δόγμα
1864 5562 1969 5614 εἰσ.

275 5648 526 5720 ἠνεγκαν
556 5645 633 5718 μή
663 5647 1011 5719 περιτέμνειν
1031 5685 1048 5713 ,
1089 5646 1188 5701 καὶ
1220 5647 1556 5720 περιτέμνει.
1594 5647 1707 5704 Καὶ
1723 5649 1966 5717 ἐπερίσ-

280 5750 494 5798 σευον,
520 5733 680 5805 φησί,
705 5733 789 5801 τῷ
820 5734 1047 5804 ἀριθμῷ
1072 5736 1201 5791 καθ’
1234 5735 1484 5807 ἡμέραν.
1516 5733 1670 5800 Εἶδες
1687 5736 1751 5790 τὸ
1776 5736 1967 5809 κέρδος

285 5823 382 5892 τῆς
414 5824 763 5894 περιτομῆς;
811 5819 949 5877 Εἰτα
988 5822 1177 5879 λοιπὸν
1222 5826 1324 5878 οὐκ
1362 5824 1690 5897 ἐνδιατρίϐει
1726 5823 1961 5890 τούτοις,

287 5908 379 5964 ἅτε
430 5910 840 5983 ἐπισκέψασθαι
884 5912 1057 5967 ἐλθών
1082 5927 1097 5943 ⁸
1135 5913 1273 5968 ἀλλὰ
1305 5913 1397 5982 τίς
1454 5913 1651 5987 Πόρρω
1690 5914 1958 5986 πρόεισιν.

341 6015 362 6040 ⁸
390 6016 532 6083 [Ian
561 6017 672 6083 τοὺς
697 6019 912 6083 πρώτους
946 6018 1181 6083 πρώτους.
1248 6022 1279 6064 b
1311 6019 1448 6081 Hec,
1494 6019 1615 6077 αὕτη
1646 6019 1678 6073 ἡ
1707 6019 1835 6069 αἰτία
1872 6017 1958 6069 τοῦ

279 6080 570 6159 περιταμεῖν.
594 6079 779 6130 desum
810 6081 861 6130 in
901 6079 1017 6131 uno)
1383 6089 1387 6093 ‘

639 6169 912 6245 Ρλτιιοι..
959 6166 1076 6229 Gn.
1125 6167 1248 6228 LX.

1292 397 1360 453 IN
1398 395 1581 454 ACTA
1620 390 2407 458 APOSTOLORUMJIOMIL.
2447 398 2687 455 XXXIV.

3653 397 3758 453 2&3

2101 507 2202 577 Ὠς
2229 513 2298 566 δέ
2325 514 2748 586 διεπορεύοντο
2773 517 2878 585 τὰς
2902 519 3525 587 πόλεις,·παρεδίδουν
3551 523 3758 588 αὐτοῖς

2088 600 2437 671 φυλάσσειν
2470 606 2545 660 τὰ
2582 606 2846 676 δόγματα
2880 607 2954 661 τὰ
2978 608 3297 677 κεκριμένα
3325 610 3442 664 ὐπὸ
3466 609 3586 665 τῶν
3608 611 3759 665 ἀπο-

2090 692 2330 744 στόλων
2352 693 2451 748 καὶ
2478 694 2597 748 τῶν
2619 694 3039 764 πρεσϐυτέρων
3065 695 3187 753 τῶν
3226 698 3297 751 ἐν
3343 698 3757 772 Ἰερουσαλήμ.

2086 776 2157 830 Al
2179 777 2296 846 μὲν
2316 773 2431 833 οὖν
2470 781 2829 847 Ἐκκλησίαι
2857 781 3245 851 ἐστερεοῦντο
3272 783 3371 853 τῇτ
3390 787 3623 851 πίστει,
3659 788 3759 840 καί

2084 859 2488 928 ἐπερίσσευον
2508 876 2534 904 α
2559 862 2641 929 τῷ
2677 863 2900 935 ἀριθμῷ
2941 868 3069 920 καθ’
3105 867 3356 935 ἡμέραν.
3410 870 3759 937 Διελθόντες

2085 946 2156 1002 δὲ
2187 950 2305 1018 τὴν
2329 951 2595 1022 Φρυγίαν
2624 953 2725 1006 καὶ
2747 952 2863 1021 τὴν
2885 955 3240 1023 Γαλατικὴν
3281 955 3512 1025 χώραν,
3564 960 3761 1012 κωλυ-

2086 1037 2290 1106 θέντες
2308 1040 2428 1095 ὐπὸ
2454 1042 2561 1096 τοῦ
2580 1042 2754 1111 ἁγίου
2781 1044 3133 1112 Πνεύματος
3153 1044 3427 1111 λαλῆσαι
3443 1045 3549 1099 τὸν
3573 1047 3759 1117 λόγον
3792 1046 3801 1053 “

2083 1126 2155 1180 ἐν
2168 1126 2245 1196 τῇ
2268 1129 2453 1198 Ἀσίᾳ,
2478 1130 2597 1198 τὴν
2616 1131 2880 1200 Φρυγίαν
2899 1131 2998 1186 καὶ
3023 1133 3140 1199 τὴν
3153 1135 3463 1188 Γαλατίαν
3483 1134 3758 1204 ἀφέντες,
3798 1124 3805 1167 Ῑ

2084 1219 2172 1283 εἰς
2194 1216 2311 1284 τὴν
2344 1220 2675 1289 μεσόγαιον
2721 1219 3045 1276 ἔσπευδον.
3091 1222 3409 1289 Ἐλθόντες
3446 1224 3598 1279 κατὰ
3643 1224 3762 1291 τὴν

2084 1307 2330 1360 Μυσίαν
2355 1306 2665 1377 ἐπείραζον
2689 1311 2778 1373 είς
2797 1310 2914 1376 τὴν
2938 1310 3228 1365 Βιθυνίαν
3256 1312 3635 1378 πορεύεσθαι,
3661 1310 3762 1365 καί

2085 1396 2201 1449 οὐκ
2230 1395 2442 1451 εἴασεν
2466 1396 2690 1464 αὐτοὺς
2722 1398 2791 1451 τό
2832 1398 3094 1468 Πνεῦμα.
3130 1398 3231 1452 Διά
3259 1399 3313 1452 τί
3349 1399 3449 1470 μὲν
3487 1395 3580 1453 οὖν
3622 1403 3760 1454 ἐκω-

2083 1483 2349 1556 λύθησαν,
2376 1486 2438 1539 οὐ
2474 1486 2625 1557 λέγει
2656 1504 2669 1518 ο
2702 1488 2785 1541 ὅτι
2808 1487 2867 1541 δὲ
2900 1486 3284 1559 ἐκωλύθησαν,
3316 1485 3458 1556 εἰπε,
3488 1488 3761 1543 παιδεύων

2083 1573 2233 1644 ἡμᾶς
2266 1573 2550 1629 πείθεσθαι
2589 1575 2748 1648 μόνον
2782 1577 2877 1631 καὶ
2924 1576 3001 1647 μὴ
3037 1576 3221 1647 ζητεῖν
3269 1577 3369 1641 τάς
3415 1576 3631 1641 αἰτίας,
3665 1576 3761 1629 καὶ

2083 1661 2319 1725 δεικνὺς,
2341 1663 2422 1717 ὅτι
2449 1662 2622 1719 πολλά
2652 1664 2748 1719 καὶ
2774 1665 3136 1737 ἀνθρωπίνως
3156 1665 3393 1719 ἐποίουν.
3422 1666 3764 1732 Παρελθόν-

2084 1768 2186 1817 τες
2210 1749 2277 1804 δὲ
2305 1753 2422 1820 τὴν
2446 1753 2691 1807 Μυσίαν
2715 1753 3062 1822 κατέϐησαν
3086 1756 3174 1818 εὶς
3208 1753 3464 1823 Τρωάδα.
3484 1753 3596 1807 Καὶ
3625 1752 3761 1822 ὅρα-

2078 1856 2167 1909 μα
2216 1839 2315 1893 διὰ
2359 1838 2470 1907 τῆς
2500 1840 2723 1907 νυκτὸς
2754 1840 2922 1911 ὤφθη
2954 1841 3034 1907 τῷ
3064 1842 3283 1909 Παύλῳ
3308 1859 3323 1871 ·
3352 1840 3521 1909 Ἀνήρ
3559 1859 3650 1908 τις
3682 1837 3763 1910 ἦν

2081 1926 2375 1981 Μακεδὼν
2421 1926 2615 1994 ἑστὼς
2638 1968 2652 1992 ,
2706 1928 3075 1998 παρακαλῶν
3124 1929 3314 1983 αὐτὸν
3374 1930 3473 1983 καὶ
3524 1929 3721 1999 λέγων
3745 1947 3759 1960 ο

2082 2016 2296 2082 Διαϐὰς
2317 2019 2405 2081 εἰς
2433 2016 2838 2081 Μακεδονίαν,
2871 2015 3195 2085 ,ϐοήθησον
3223 2016 3388 2084 ἡμῖν.
3418 2017 3520 2070 Διά
3546 2019 3600 2069 τί
3626 2017 3760 2087 ὅρα-

2086 2121 2164 2176 μα
2188 2145 2202 2166 ,
2232 2105 2329 2159 καὶ
2358 2105 2433 2177 μὴ
2462 2105 2523 2158 τὸ
2554 2106 2781 2177 Πνεῦμα
2824 2106 2885 2158 τὸ
2929 2105 3083 2175 ἆγιον
3121 2106 3437 2171 ἐκέλευσενς
3477 2105 3761 2159 Ἐϐούλετο

2081 2194 2282 2255 αὐτοὺς
2310 2194 2404 2248 καί
2435 2192 2608 2258 οὕτως
2629 2194 2987 2262 ἐφέλκεσθαι·
3016 2193 3138 2248 ἐπεὶ
3163 2196 3255 2248 καί
3285 2198 3397 2258 τοῖς
3425 2180 3602 2265 ἁγίοις
3626 2194 3760 2268 δναρ

2081 2280 2279 2352 ἐφάνη”
2318 2281 2413 2335 καὶ
2428 2281 2486 2349 ἐξ
2512 2283 2685 2354 ἀρχῆς
2702 2282 2865 2346 αὐτὸς
2880 2283 3064 2354 ὅραμα
3081 2279 3240 2344 εἶδεν,
3261 2282 3432 2355 ἄνδρα
3453 2281 3762 2336 εἰσελθόντα

2081 2370 2178 2423 καὶ
2202 2369 2459 2425 ἐπιθέντα
2484 2371 2634 2442 αύτῷ
2656 2373 2866 2443 χεῖρας.
2892 2366 3025 2426 Εἶτα
3050 2371 3147 2426 καὶ
3166 2369 3256 2424 διά
3282 2370 3439 2425 τοῦτο
3458 2370 3622 2425 αὐτὸν
3645 2372 3762 2424 ἐκεῖ

2079 2458 2249 2525 ἕλκει,
2286 2458 2374 2512 ἵνα
2402 2459 2709 2530 ἐκτείνηται
2761 2458 2822 2512 τὸ
2873 2460 3160 2531 κήρυγμα.
3194 2459 3406 2524 Ἀλλως
3447 2460 3505 2513 δὲ
3544 2459 3641 2513 καὶ
3672 2458 3762 2513 διὰ

2078 2548 2241 2603 τοῦτο
2276 2548 2548 2603 κωλύεται
2583 2547 2922 2618 ἐνδιατρῖψαι
2959 2550 3085 2613 ταῖς
3113 2547 3303 2613 ἄλλαις
3336 2549 3576 2614 πόλεσιν,
3617 2549 3762 2603 ἐπεί-

2058 2654 2269 2705 ,γοντος
2296 2637 2460 2691 αὐτὸν
2487 2636 2583 2690 τοῦ
2612 2637 2872 2708 Χριστοῦ.
2929 2632 3090 2692 Οὗτοι
3117 2637 3216 2709 μὲν
3235 2639 3345 2709 γὰρ
3374 2637 3598 2709 ἔμελλον
3622 2638 3785 2692 ἀποο·

2077 2724 2374 2780 λαύσεσθαι
2402 2725 2649 2779 Ἰωάννου
2666 2727 2760 2780 καὶ
2782 2726 2973 2798 χρόνον
2989 2724 3180 2790 πολὺν,
3200 2726 3297 2779 καὶ
3313 2724 3465 2798 [264]
3491 2725 3621 2789 ἴσως
3636 2725 3758 2780 οὐδὲ

2078 2814 2218 2869 πάνυ
2237 2815 2464 2868 ἐδέοντο·
2498 2815 2617 2867 ἐκεῖ
2631 2814 2685 2867 δὲ
2696 2813 2958 2867 ἀπελθεῖν
2989 2813 3118 2868 ἔδει.
3141 2814 3252 2868 Καὶ
3268 2814 3457 2867 άντιπε
3466 2814 3635 2885 ράσας
3652 2812 3763 2866 λοι-

2078 2901 2179 2957 πὸν
2201 2900 2417 2969 ἔξεισιν.
2436 2902 2530 2968 Ὡς
2549 2901 2618 2954 δὲ
2642 2902 2711 2956 τὸ
2737 2901 2929 2972 ὅραμα
2955 2897 3137 2967 εἶδεν,
3150 2901 3367 2968 εὐθέως
3388 2898 3761 2971 ἐζητήσαμεν

2076 2991 2347 3057 ἐξελθεῖν
2382 2994 2471 3058 εἰς
2503 2990 2904 3055 Μακεδονίαν,
2957 2988 3416 3060 συμϐιϐάζοντες
3457 2988 3764 3058 ὅτιπροσ-

2077 3080 2365 3147 κέκληται
2417 3077 2576 3149 ἡμᾶς
2615 3080 2647 3134 6
2703 3080 2921 3148 Κύριος
2964 3079 3472 3151 εὐαγγελίσασθαι
3514 3079 3755 3145 αὐτούς.

2090 3170 2474 3239 Ἄναχθέντες
2516 3169 2587 3223 δὲ
2626 3169 2746 3225 ἀπὸ
2784 3168 3052 3238 Τρωάδος
3091 3168 3627 3239 εὐθυδρομήσαμεν
3671 3170 3762 3234 εὶς

2077 3258 2495 3328 Σαμοθρᾴκην,
2529 3258 2606 3330 τῇ
2631 3275 2698 3314 τε
2724 3258 2982 3329 ἐπιούσῃ
3022 3260 3110 3323 είς
3149 3257 3457 3314 Νεάπολιν
3473 3298 3489 3323 ,
3532 3255 3762 3312 ἐκεῖθέν

2076 3363 2144 3401 τε
2164 3350 2252 3415 εις
2275 3349 2616 3415 Φιλίππους
2635 3387 2650 3412 ,
2696 3348 2832 3417 ἣτις
2859 3348 2992 3403 ἐστὶ
3017 3348 3218 3416 πρώτη
3243 3347 3354 3417 τῆς
3382 3347 3760 3413 Μακεδονίας

2076 3438 2279 3504 πόλις,
2311 3432 2840 3506 κολώνεια.τΗμεν
2864 3435 2935 3489 δὲ
2954 3437 3026 3490 έν
3043 3434 3201 3504 αὑτῇ
3224 3434 3299 3504 τῇ
3330 3436 3502 3490 πόλει
3536 3434 3762 3505 διατρί-

2078 3525 2287 3587 ϐοντες
2313 3524 2540 3595 ἡμέρας
2564 3523 2756 3590 τινάς.
2787 3522 2981 3588 Οὕτως
3008 3522 3159 3595 αὐτῷ
3187 3523 3284 3577 καὶ
3310 3522 3594 3595 ὀ,Χριστδς
3627 3523 3754 3591 φαί-

2076 3630 2227 3667 νεται
2259 3612 2434 3682 λέγων
2459 3652 2474 3676 ,
2509 3613 2591 3666 ὅτι
2619 3612 2878 3681 Καίσαρί
2911 3626 2987 3665 σε
3034 3611 3132 3665 δεῖ
3167 3611 3571 3681 παραστῆναι.
3623 3608 3757 3665 Εἶτα

2076 3698 2223 3769 λέγει
2258 3701 2350 3754 καὶ
2380 3701 2507 3765 τοὺς
2533 3700 2735 3764 τόπους
2754 3740 2770 3764 ,
2816 3699 2913 3754 ἆτε
2943 3698 3186 3771 ἱστορίαν
3226 3697 3612 3769 ἐξηγούμενος,
3662 3699 3759 3752 καὶ

2075 3788 2292 3851 δεικνὺς
2318 3787 2420 3841 ποῦ
2454 3787 2765 3859 ἐνεχρόνισε
2791 3804 2805 3818 °
2835 3786 2931 3841 καὶ
2960 3786 3231 3842 δείκνυσιν
3251 3828 3266 3853 ,
3298 3786 3379 3839 ὃτι
3400 3787 3458 3838 ἐν
3482 3787 3600 3849 ταῖς
3635 3784 3755 3857 μεί-

2076 3873 2217 3941 ζοσι,
2246 3875 2346 3939 τὰς
2372 3875 2429 3930 δὲ
2454 3875 2620 3942 ἄλλας
2649 3876 2876 3948 παρῄει.
2919 3875 3165 3946 Ἀξίωμά
3196 3876 3313 3929 ἐστι
3342 3873 3551 3938 πόλεως
3586 3876 3620 3946 ή
3663 3890 3754 3927 κο-

2075 3965 2292 4019 λώνεια.
2323 3962 2465 4018 Ἀλλ’
2486 3963 2694 4019 ἄνωθεν
2719 3964 2917 4036 ἴδωμεν
2944 3963 3013 4018 τά
3043 3963 3333 4036 εἰρημένα.
3359 3963 3632 4033 Ἀνάγκην
3654 3978 3753 4015 πε-

2080 4052 2315 4125 ριτίθησι
2344 4051 2424 4122 τῷ
2451 4051 2711 4123 Βαρνάϐᾳ.
2735 4052 2837 4122 τῆς
2867 4051 3179 4122 ἀποδημίας
3210 4051 3386 4121 λέγων
3413 4068 3428 4084 ο
3480 4053 3757 4105 Ἐπισκε-

2075 4139 2321 4211 ψὼμεθα
2365 4139 2474 4207 τὰς
2523 4141 2734 4205 πόλεις
2760 4181 2773 4203 ,
2831 4140 2902 4193 ἐν
2954 4134 3052 4206 αῖς
3115 4139 3590 4208 κατηγγείλαμεν
3645 4138 3757 4192 τὸν

2073 4230 2282 4300 λόγον.
2308 4228 2502 4283 Καίτοι
2532 4228 2636 4299 ουκ
2660 4227 2767 4281 ἔδει
2791 4226 2982 4294 ἀξιοῦν
3020 4226 3183 4281 αὑτὸν
3213 4225 3475 4298 μέλλοντα
3511 4240 3750 4295 κατηγο-

2080 4322 2192 4392 ρεῖν
2224 4318 2365 4391 μετά
2387 4317 2580 4373 ταῦτα.

2145 4407 2210 4463 δ’.
2226 4406 2400 4462 Τοῦτο
2422 4408 2519 4462 καὶ
2540 4407 2634 4460 ἐπὶ
2654 4405 2748 4459 τοῦ
2779 4404 2916 4459 Θεοῦ
2946 4405 3153 4474 γίνεται
3179 4401 3385 4458 καὶτοῦ
3402 4400 3700 4467 Μωῡσέως
3722 4402 3752 4454 ό

2078 4497 2177 4569 μὲν
2206 4496 2367 4562 ἀξιοῖ,
2396 4499 2425 4551 6
2449 4496 2506 4550 δὲ
2531 4494 2833 4565 ὀργίζεται.
2862 4489 2989 4549 Οἷον
3018 4492 3094 4557 ὡς
3124 4494 3253 4546 ὅταν
3284 4490 3438 4564 λέγῃ·
3481 4493 3553 4545 Εἰ
3579 4490 3613 4544 ό
3641 4503 3751 4546 πα·-

2074 4585 2186 4655 τὴρ
2209 4583 2401 4652 αὐτῆς
2420 4582 2759 4638 ἐνέπτυσεν
2797 4584 2885 4649 εἰς
2920 4581 2988 4635 τὸ
3026 4581 3354 4650 πρόσωπον
3380 4577 3577 4649 αὐτῆς
3611 4595 3626 4610 ·
3659 4579 3752 4632 καὶ

2074 4673 2258 4740 πάλιν,
2294 4674 2469 4743 Ἄφες
2515 4687 2593 4741 με
2617 4708 2632 4735 ,
2664 4669 2763 4724 καὶ
2793 4669 3081 4740 θυμωθείς
3107 4668 3410 4738 ἐξαλείψω
3437 4667 3547 4722 τὸν
3595 4668 3753 4723 λαὸν

2073 4761 2292 4816 τοῦτον
2312 4778 2327 4793 ·
2352 4760 2446 4814 καὶ
2466 4761 2494 4813 ὁ
2522 4757 2799 4830 Σαμουὴλ,
2819 4757 2947 4811 ὅταν
2965 4755 3135 4828 πενθῇ
3165 4756 3255 4810 τὸν
3283 4756 3457 4810 Σαούλ
3486 4772 3501 4788 ο
3529 4756 3598 4810 δι’
3621 4757 3752 4810 ἑκαο·

2071 4853 2247 4925 τὲρων
2274 4850 2384 4923 γὰρ
2416 4849 2628 4922 μεγάλα
2653 4848 2869 4916 γίνεται
2894 4847 3091 4919 ἀγαθά.
3116 4845 3278 4903 Οὕτω
3301 4846 3365 4919 δὴ
3394 4847 3490 4901 καὶ
3513 4846 3748 4902 ἐνταῦθα

2072 4944 2102 4996 6
2136 4941 2236 5013 μὲν
2265 4937 2564 5011 ὀργίζεται,
2594 4940 2623 4993 6
2650 4938 2706 4992 δέ
2732 4937 2834 4992 οὐκ
2859 4935 2962 4991 ἔτι.
2992 4935 3165 4990 Τοῦτο
3185 4935 3280 4990 καὶ
3306 4935 3392 5007 ἐφ’
3417 4935 3577 5007 ἡμῶν
3602 4934 3751 5006 γίνευ

2070 5047 2181 5084 ται.
2218 5029 2329 5083 Καὶ
2352 5028 2382 5081 ὁ
2411 5026 2764 5100 παροξυσμὸς
2809 5025 3036 5089 εἰκότως
3060 5066 3075 5090 ,
3116 5025 3203 5079 ἴνα
3228 5027 3435 5089 ἐκεῖνος
3461 5023 3749 5093 παιδευθῇ,

2072 5116 2167 5170 καὶ
2189 5118 2266 5189 μὴ
2288 5116 2415 5188 δόξῃ
2454 5115 2631 5187 σκηνὴ
2659 5115 2721 5169 τὸ
2747 5116 2983 5185 πρᾶγμα
3015 5108 3177 5170 εἶναι.
3223 5114 3299 5167 Οὐ
3331 5111 3442 5184 γὰρ
3464 5111 3531 5166 ἀν
3557 5114 3586 5166 ὁ
3611 5128 3749 5166 πανη-

2069 5205 2239 5276 ταχοῦ
2263 5204 2450 5267 εἴκων,
2476 5203 2711 5258 ἐνταῦθα
2741 5204 2843 5257 οὐκ
2872 5196 3037 5268 εἶξεν,
3064 5204 3093 5256 6
3116 5201 3261 5256 οὕτω
3282 5201 3497 5257 Παῦλον
3535 5198 3706 5270 φιλῶν
3730 5240 3746 5264 ,

2071 5292 2213 5346 ὥστε
2246 5292 2342 5348 καί⁸
2369 5293 2476 5365 πρὸ
2501 5292 2693 5346 τούτου
2722 5290 2958 5363 ζητῆσαι
2989 5291 3152 5345 αὐτὸν
3174 5291 3233 5343 ἐν
3254 5287 3472 5359 Ταρσῷ,
3498 5287 3593 5342 καί
3613 5287 3749 5359 πρὸς

2068 5381 2196 5445 τοὺς
2217 5380 2552 5444 ἀποστόλους
2580 5379 2742 5434 αὐτὸν
2762 5380 3112 5447 ἀπενεγκεῖν,
3138 5377 3233 5430 καὶ
3257 5375 3355 5446 τὴν
3375 5373 3747 5446 ἐλεημοσύνην

2073 5471 2256 5542 κοινὴν
2287 5470 2624 5543 ἐργάσασθαι
2650 5468 2702 5535 ι),
2728 5469 2823 5523 καὶ
2849 5468 2918 5521 τά
2946 5467 3091 5521 κατά
3119 5464 3180 5519 τὸ
3205 5465 3381 5534 δόγμα
3403 5459 3558 5534 κοινῇ
3581 5478 3749 5517 κατα-

2068 5557 2349 5623 δέξασθαι.
2394 5558 2509 5612 Οὐκ
2551 5558 2620 5612 ἂν
2660 5551 2756 5611 οῦν
2797 5554 2887 5608 διὰ
2924 5554 3164 5608 τοιοῦτον
3192 5553 3424 5626 πρᾶγμα
3455 5550 3707 5623 ὠργίσθη
3730 5567 3747 5583 ’

2067 5646 2204 5703 ἀλλά
2258 5644 2586 5718 χωρίζονται
2637 5643 2735 5697 ἀπ’
2781 5640 3031 5709 ἀλλήλων
3053 5681 3070 5705 ,
3122 5638 3265 5693 ὥστε
3313 5636 3604 5693 παιδεῦσαι
3652 5638 3749 5693 καὶ

2071 5735 2374 5807 ἀπαρτίσαι
2409 5731 2501 5786 διὰ
2524 5728 2624 5785 τοῦ
2657 5729 2942 5802 χωρισμοῦ
2977 5730 3103 5792 τοὺς
3133 5725 3424 5798 δεομένους
3465 5724 3566 5797 τῆς
3614 5726 3753 5798 παρ“

2067 5824 2247 5878 αὐτῶν
2278 5820 2632 5885 διδασκαλίας
2667 5836 2686 5852 ο
2740 5818 2933 5890 ὥσπερ
2961 5814 3054 5873 οὖν
3082 5818 3179 5872 καὶ
3207 5814 3444 5889 ἀλλαχοῦ
3476 5815 3622 5903 ποιεῖ
3656 5813 3751 5871 λέν

2072 6078 2105 6130 b
2126 5987 2493 6130 ιωΠῖριέσσευον
2516 6052 2530 6077 ,
2564 6016 2637 6065 sic
2665 6013 2879 6078 quidam.
2945 6012 2976 6054 δ
3011 6011 3331 6079 Ἐργάσασθαι
3365 6006 3513 6062 deest
3551 6011 3601 6066 in
3641 6007 3756 6074 q‘ni-

2110 6094 2137 6130 u
2201 6093 2227 6128 a
2283 6109 2295 6127 .

2110 6093 2295 6130 uncam.

3116 6134 3262 6231 Nm.
