4112 6470
366 410 470 465 249

367 556 482 610 των
514 556 528 574 ο
563 539 763 611 ἠιξ-ἴς
795 541 864 597 δὲ
883 543 970 613 μὴ
1009 541 1316 599 ἐκκακεῖτε
1358 538 1425 597 τὸ
1472 541 1668 597 καλὸν
1711 539 2046 603 ποιοῦντες.

367 640 480 693 Kal
519 639 749 710 ἐπιτιμᾷ
781 640 882 711 μὲν
913 639 1156 711 ἑτέροις,
1192 641 1406 695 κελεύει
1452 640 1509 694 δέ
1561 639 1624 692 τδ
1671 637 1838 693 καλὸν
1875 637 2051 690 ποιεῖν

364 739 503 805 πρὸς
540 735 770 801 πάντας.
809 736 981 791 Τοῦτο
1012 737 1109 791 καὶ
1138 738 1197 793 ἐν
1226 740 1292 810 τῇ
1327 736 1589 808 συνηθείᾳ
1618 734 1902 806 ποιοῦμεν.
1934 734 2053 787 Ἐν-

364 831 542 886 ταῦθά
564 850 655 904 μοι
673 832 894 888 δοκοῦσι
922 835 1018 888 καὶ
1039 834 1189 889 ἄλλοι
1217 834 1702 907 συναγανακτῆσαι
1728 830 1806 903 τῷ
1830 829 2052 900 Παύλῳ.

365 929 476 983 Καὶ
508 928 697 985 λοιπὸν
724 931 847 985 κατ’
879 931 1017 987 ίδίαν
1047 932 1338 997 κάκείνους
1359 931 1541 987 λαϐὼν
1563 932 1742 987 πάντα
1763 931 1926 995 ποιεῖ,
1958 927 2054 981 καὶ

363 1030 648 1099 παραινεῖ,
696 1030 793 1084 καὶ
819 1029 1082 1086 νουθετεῖ.
1122 1031 1303 1086 Πολλὰ
1330 1033 1362 1100 ἡ
1394 1029 1617 1101 ὁμόνοια
1646 1028 1891 1091 δύναται,
1922 1026 2054 1079 πολ-

362 1123 430 1178 λὰ
451 1126 488 1197 η
509 1125 701 1197 ἀγάπη
722 1141 737 1154 °
761 1125 867 1180 κᾶν
898 1127 1039 1200 ὑπὲρ
1067 1127 1306 1199 μεγάλου
1338 1128 1511 1193 ἀξιοῖς
1537 1169 1551 1192 ,
1587 1126 1689 1182 κᾶν
1716 1126 1934 1191 ἀνάξιος
1961 1120 2050 1200 ᾖς,

360 1221 471 1276 ἀπὸ
507 1223 609 1293 τῆς
642 1223 1015 1296 προαιρέσεως
1047 1225 1390 1300 ἀκουσθήσῃ,
1425 1226 1502 1297 μὴ
1529 1223 1719 1295 φοϐοῦ.
1744 1222 2050 1292 Διήρχετο,

362 1319 519 1389 φησὶ,
542 1319 652 1387 τὰς
680 1322 913 1388 πόλεις.
948 1323 1060 1377 Kal
1096 1323 1225 1377 ίδοὺ
1251 1320 1332 1395 ἦν
1361 1322 1640 1393 μαθητὴς
1675 1324 1922 1393 ὀνόματι
1961 1324 2051 1375 Τι-

353 1417 594 1484 μόθεος,
639 1416 709 1485 ὃς
750 1419 1133 1490 ἐμαρτυρεῖτο
1180 1421 1303 1476 ὑπὸ
1352 1421 1474 1476 τῶν
1498 1421 1572 1475 ἐν
1620 1422 1919 1490 Λύστροις
1951 1421 2051 1478 καὶ

371 1512 599 1581 Ἰκονίῳ
630 1515 936 1587 ἀδελφῶν.
986 1517 1215 1590 Μεγάλη
1248 1520 1281 1589 ὴ
1314 1519 1501 1584 πίστις
1531 1532 1558 1560 ιι
1590 1518 1687 1574 τοῦ
1736 1518 2006 1590 Τιμοθέου
2029 1558 2046 1585 ,

354 1607 440 1662 ὅτι
468 1608 575 1663 ὑπὸ
605 1609 828 1665 πάντων
865 1615 1245 1685 μαρτυρεῖται.
1285 1613 1417 1667 Ὅτε
1466 1614 1680 1686 ἀπέστη
1724 1614 2049 1687 Βαρνάϐας,

354 1704 545 1777 ἕτερον
570 1706 902 1780 ἀντίρροπον
934 1710 1205 1778 εὑρίσκει.
1228 1711 1367 1784 Περὶ
1395 1710 1588 1766 τούτου
1623 1711 1781 1783 φησὶ,
1818 1716 2048 1784 Μεμνη-

350 1802 539 1869 μένος
563 1817 686 1859 σου
720 1803 842 1860 τῶν
873 1806 1151 1876 δακρύων
1193 1810 1294 1864 καί
1330 1808 1444 1878 τῆς
1478 1809 1891 1879 ἀνυποκρίτου
1929 1828 2048 1866 σου

354 1899 639 1967 πίστεως,
697 1900 834 1971 ἥτις
873 1902 1146 1973 ἐνῴκησε
1186 1904 1423 1974 πρῶτον
1464 1906 1538 1959 ἐν
1566 1905 1643 1976 τῇ
1664 1905 1877 1978 μάμμῃ
1928 1924 2047 1963 σου

353 1994 552 2060 Λωίδι,
592 1997 693 2052 καὶ
731 1997 811 2069 τῇ
837 2001 1022 2070 μητρί
1049 2017 1169 2057 σου
1197 2003 1451 2074 Εὐνίκῃ.
1488 2003 1601 2059 Kal
1634 2003 1857 2072 λαϐὼν,
1889 2006 2046 2078 φησὶ,

352 2092 699 2165 περιέτεμεν
722 2098 936 2154 αὐτόν.
977 2098 1137 2162 Τίνος
1164 2100 1221 2154 δὲ
1251 2100 1438 2154 ἕνεκεν
1459 2140 1476 2169 ,
1512 2101 1679 2165 αὐτὸς
1723 2102 1921 2171 ἐπάγει
1960 2101 2047 2156 λέ-

352 2204 466 2257 γων
500 2208 515 2224 ·
548 2193 653 2248 Διὰ
680 2193 825 2261 τοὺς
853 2195 1188 2263 Ἰουδαίους
1216 2197 1361 2265 τοὺς
1386 2196 1570 2267 ὄντας
1589 2198 1653 2252 ἐν
1687 2198 1813 2265 τοῖς
1842 2202 2047 2264 τόποις

351 2286 633 2356 ἐκείνοις.
658 2291 760 2346 Διά
788 2291 948 2347 τοῦτο
967 2294 1150 2349 τοίνυν
1179 2294 1569 2366 περιτέμνεται
1600 2311 1613 2325 ·
1644 2297 1677 2367 ἦ
1717 2296 1813 2350 καὶ
1836 2295 1927 2350 διά
1953 2296 2046 2350 τὸν

353 2383 591 2451 πατέρα·
619 2385 822 2460 Ἕλλην
846 2390 958 2461 7&9
987 2390 1183 2461 ἔμενεν
1211 2388 1308 2446 ὥν.
1349 2392 1493 2463 Ἀρα
1520 2392 1621 2445 οὐκ
1643 2387 1713 2465 ἦν
1745 2392 2043 2464 59.11591110-

354 2496 477 2550 μος.
506 2481 660 2556 [265]
688 2484 832 2557 Ὅρα
871 2486 973 2559 ἤδη
1011 2487 1105 2541 16v
1134 2488 1299 2559 νόμον
1328 2488 1613 2560 λυόμενον.
1671 2490 1797 2543 Τισὶ
1820 2490 1876 2543 δέ
1897 2490 2046 2544 δοκεῖ

352 2577 564 2647 μετάτὸ
575 2581 840 2653 κήρυγμα
851 2582 1013 2637 αὐτὸν
1027 2583 1307 2656 τεχθῆναι·
1323 2584 1441 2638 ἀλλ’
1458 2586 1560 2640 οὐκ
1574 2585 1689 2640 ἔστι
1704 2586 1847 2658 τάχα
1862 2585 2039 2639 τοῦτο.

361 2674 509 2731 Ἀπὸ
545 2677 824 2748 ,βρέφους
854 2678 985 2750 γὰρ,
1029 2682 1188 2752 φησὶ,
1219 2684 1294 2737 τὰ
1323 2685 1450 2753 ἱερὰ
1485 2683 1817 2754 Γράμματα
1841 2680 2033 2750 οἶδας.

361 2772 570 2828 Ἐκεῖνο
595 2774 776 2829 τοίνυν
810 2774 958 2831 ἐστιν
987 2778 1183 2839 εἰπειν.
1222 2779 1255 2851 ἢ
1288 2780 1337 2833 εί
1380 2779 1456 2852 μὴ
1488 2780 1668 2845 τοῦτο,
1698 2781 1780 2835 ὅτι
1816 2781 2042 2853 ἔμελλεν

346 2869 512 2926 αὐτὸν
540 2872 843 2929 ἐπίσκοπον
877 2878 1053 2931 ποιεῖν
1079 2919 1095 2944 ,
1121 2876 1216 2931 καὶ
1246 2879 1348 2933 οὐκ
1370 2878 1478 2932 ἔδει
1507 2880 1845 2951 ἀκρόϐυστον
1877 2875 2039 2935 εἶναι.

349 2967 504 3034 Τέως
557 2970 616 3025 δὲ
653 2971 760 3027 ἔδει
809 2972 879 3027 τὰ
920 2974 1052 3045 ἔθνη
1093 2976 1262 3048 μηδὲν
1312 2976 1557 3031 τοιοῦτον
1602 2977 1918 3047 φυλάττειν.
1962 2979 2037 3032 Οὐ

351 3066 553 3138 μικρὸν
584 3069 680 3123 καὶ
709 3070 870 3125 τοῦτο
897 3066 989 3142 ἦν,
1029 3073 1162 3127 ὅπου
1193 3090 1258 3142 γε
1284 3074 1425 3144 μετὰ
1450 3076 1707 3129 τοσοῦτον
1726 3076 1919 3147 χρόνον
1942 3077 2039 3131 καὶ

346 3161 509 3217 τοῦτο
536 3166 737 3233 αὐτοὺς
760 3169 1170 3235 ὲσκανδάλιζεν.
1191 3173 1360 3245 Ἀρχὴ
1392 3174 1747 3239 καταλύσεως
1776 3171 1844 3248 ἦν
1874 3174 1934 3229 τὸ
1967 3176 2037 3230 τὰ

347 3260 477 3336 ἐθνη
513 3266 588 3338 μὴ
629 3270 821 3339 τηρεῖν
858 3268 1072 3335 ταῦτα,
1118 3271 1215 3325 καὶ
1262 3271 1431 3343 μηδὲν
1479 3272 1847 3343 βλάπτεσθαι,
1902 3274 2039 3348 μηδὲ

348 3357 572 3415 ἔλαττον
593 3361 739 3433 ἔχειν
756 3364 897 3419 κατά
913 3366 1013 3438 τὴν
1028 3367 1214 3421 πίστιν
1238 3385 1252 3398 ·
1279 3369 1497 3434 ἑκόντες
1515 3369 1700 3424 λοιπὸν
1718 3371 2035 3440 ἀφίσταντο.

361 3455 518 3511 Ἐπεὶ
540 3454 637 3514 οὖν
666 3459 861 3532 ἔμελλε
900 3463 1197 3537 κηρύττειν
1222 3505 1237 3530 ,
1269 3466 1361 3521 ἴνα
1403 3466 1477 3540 μὴ
1508 3468 1670 3541 διπλῇ
1705 3468 1883 3542 πλήξῃ
1908 3470 2037 3535 τοὺς

357 3553 665 3626 Ἰουδαίους,
702 3558 999 3632 περιέτεμε
1036 3561 1249 3629 τοῦτον,
1292 3565 1474 3621 καίτοι
1514 3565 1576 3632 ἐξ
1623 3568 1884 3639 ἡμισείας
1920 3564 1989 3641 ἦν
2018 3586 2034 3602 ’

347 3653 456 3708 ἀπὸ
483 3657 691 3729 πατρὸς
711 3657 977 3732 Ἕλληνος
998 3660 1107 3733 7&9
1131 3656 1200 3733 ἦν
1224 3701 1239 3728 ,
1268 3663 1367 3718 καὶ
1396 3665 1598 3735 πιστῆς
1630 3664 1839 3737 μητρός
1862 3680 1877 3695 ·
1918 3665 2034 3720 ἀλλ’

345 3751 500 3822 ὅμως
525 3754 714 3827 ἐπειδὴ
755 3756 899 3827 μέγα
940 3752 1010 3830 ἦν
1055 3759 1234 3814 ἐκεῖνο
1267 3759 1328 3813 τὸ
1365 3760 1703 3834 κατόρθωμα
1735 3763 1798 3817 τὸ
1830 3764 1888 3818 ἐν
1922 3766 2036 3827 τοῖς

347 3846 581 3917 ἔθνεσιν,
611 3853 713 3907 οὐκ
740 3852 1025 3926 ἐφρόντιζε
1047 3855 1239 3910 τούτου
1264 3874 1279 3888 ο
1303 3858 1395 3913 τὸν
1418 3857 1529 3928 γὰρ
1549 3859 1705 3929 λόγον
1737 3860 1843 3914 ἔδει
1868 3878 2035 3916 κατα-

349 3947 629 4021 σπαρῆναι
656 3968 672 3983 ο
691 3948 781 4004 διὰ
808 3949 968 4005 τοῦτο
999 3953 1096 4006 καὶ
1126 3953 1286 4018 αὐτὸς
1315 3954 1478 4010 αὑτὸν
1506 3955 1856 4027 περιέτεμεν.
1892 3958 2034 4031 Ὅρα

351 4043 449 4098 καὶ
499 4044 736 4100 ἐνταῦθα
779 4047 888 4102 ἀπὸ
921 4047 1294 4116 ἐναντιώσεως
1326 4051 1472 4123 μέγα
1499 4068 1553 4107 τι
1582 4053 1877 4125 γενόμενον
1906 4054 2036 4124 ἀγα-

348 4143 463 4198 θόν.
486 4145 597 4200 Kal
619 4145 1030 4216 ἐπερίσσευον
1054 4148 1082 4189 b
1115 4148 1196 4215 τῷ
1221 4148 1467 4221 ἀριθμῷ,
1502 4150 1691 4223 φησίν.
1729 4150 1914 4224 Ὁρᾷς,
1950 4153 2033 4208 ὅτι

347 4244 413 4298 οὐ
458 4246 620 4316 μόνον
654 4248 813 4317 οὐδὲν
844 4249 1046 4320 ἔϐλαψε
1077 4251 1375 4322 περιτομὴ,
1411 4250 1549 4319 ἀλλά
1572 4251 1671 4306 καὶ
1698 4252 1767 4306 τὰ
1798 4252 2033 4324 μέγιστα

346 4342 664 4419 ὠφέλησεν;
701 4347 800 4415 Ὠς
848 4347 918 4403 δὲ
967 4348 1035 4404 τὸ
1086 4349 1279 4421 ὅραμα
1325 4350 1510 4419 εἶδεν,
1544 4351 1796 4419 εὐθέως,
1837 4353 2027 4424 φησιν,

345 4440 718 4528 ἐζητήσαμεν
748 4445 1022 4512 ἐξελθεῖν
1055 4451 1144 4515 εἰς
1169 4447 1286 4517 τὴν
1308 4449 1709 4520 Μακεδονίαν,
1738 4450 2030 4522 συμϐιϐά-

348 4536 550 4607 ζογτες
575 4538 667 4594 ὅτι
693 4544 1143 4613 προσκέκληται
1168 4543 1327 4615 ἡμᾶς
1350 4549 1384 4601 ὁ
1402 4548 1639 4618 Κύριος.

424 4636 586 4709 Ὅρα,
623 4638 811 4694 οὐκέτι
839 4641 906 4695 δι’
934 4641 1168 4713 ἀγγέλου
1196 4644 1452 4719 καθάπερ
1479 4646 1749 4721 Φιλίππῳ,
1773 4648 2029 4724 καθάπερ

345 4723 634 4798 Κορνηλίῳ
659 4742 675 4758 ⁸
698 4727 837 4785 ἀλλά
859 4730 950 4797 τίς
978 4733 1058 4785 Δι’
1081 4730 1364 4806 ὁράματος
1392 4733 1645 4804 φαίνεται
1672 4738 1822 4811 αὐτῷ
1843 4723 2029 4793 λοιπὸν

345 4813 857 4890 ἀνθρωπινώτερον,
891 4820 1073 4875 οὐκέτι
1107 4820 1577 4894 θειότερον.Ἐνθα
1613 4826 1713 4896 μὲν
1734 4827 1842 4899 γάρ
1871 4828 2031 4881 εὐκο-

343 4901 584 4990 λώτερον
607 4906 668 4960 16
699 4908 1013 4981 πεισθῆναι,
1044 4909 1534 4985 ἀνθρωπινώτερον
1566 4929 1581 4945 °
1612 4914 1741 4970 ἔνθα
1765 4916 1822 4970 δὲ
1856 4916 2027 4990 πολλὴ

347 4992 377 5061 η
411 4989 524 5061 βία,
549 4992 847 5065 θειότερον.
890 4997 1066 5052 Ὅπου
1094 4998 1195 5070 μὲν
1224 4999 1334 5071 γὰρ
1368 5000 1607 5072 κηρῦξαι
1636 5004 1898 5075 ἠπείγετο
1934 4989 2030 5075 μόὲ

343 5096 455 5145 νον,
481 5081 561 5144 είς
581 5082 743 5137 τοῦτο
765 5082 901 5158 δναρ
932 5086 1181 5156 φαίνεται
1208 5088 1358 5162 αὐτῷ
1390 5104 1404 5118 ·
1438 5092 1572 5143 ὅπου
1601 5090 1659 5145 δέ
1693 5090 1767 5163 μὴ
1794 5092 2028 5164 κηρῦξαι

342 5168 445 5222 οὔκ
492 5169 764 5242 ἠνείχετο,
812 5175 895 5237 είς
940 5175 1100 5230 τοῦτο
1151 5176 1377 5249 Πνεῦμα
1425 5178 1580 5247 ἆγιον
1623 5180 2023 5241 ἀποκαλύπτει.

342 5256 499 5344 ρῦτω
532 5264 629 5313 καὶ
662 5260 783 5315 ἐκεῖ
800 5262 877 5333 τῷ
908 5262 1101 5336 Πέτρῳ
1123 5278 1139 5294 ·
1175 5264 1464 5332 Ἀναστὰς
1491 5267 1799 5338 κατάϐηθι.
1823 5271 1896 5325 Οὐ
1917 5272 2025 5344 γὰρ

340 5342 405 5416 δὴ
426 5347 525 5399 καίι
546 5345 617 5401 τὰ
645 5347 848 5405 εὔκολα
875 5350 1166 5423 εἰργάζετο
1193 5352 1255 5407 τὸ
1286 5354 1512 5429 Πνεῦμα
1532 5397 1547 5421 ,
1582 5358 1698 5412 ἀλλ’
1735 5360 1895 5432 ἤρκει
1931 5342 2026 5415 καὶ

339 5432 473 5508 ὄναρ
504 5436 676 5509 αὐτῷ.
712 5439 822 5493 Kal
864 5438 943 5512 τῷ
991 5441 1192 5513 Ἰωσὴφ
1222 5443 1280 5496 δὲ
1316 5444 1516 5516 ῥᾳδίως
1550 5447 1858 5519 πειθομένῳ
1891 5447 2026 5520 ὄναρ

341 5521 615 5590 φαίνεται,
647 5530 761 5591 τοῖς
791 5528 847 5582 δέ
875 5528 1056 5594 ἄλλοις
1081 5529 1254 5602 ῦπαρ.
1277 5531 1435 5586 Οῦτω
1466 5533 1562 5587 καὶ
1589 5535 1900 5608 Κορνηλίῳ,
1928 5536 2025 5593 καὶ

341 5609 491 5681 αὑτῷ
531 5613 733 5686 τούτῳ.
760 5617 872 5670 Kal
902 5616 1053 5687 ίδοὺ,
1088 5620 1277 5691 φησὶν,
1309 5620 1465 5691 ἀνὴρ
1490 5622 1782 5678 Μακεδὼν
1809 5624 2022 5693 ἑστὼς,

340 5702 712 5768 παρακαλῶν
737 5705 833 5760 καί
865 5707 1080 5778 αέγων.
1109 5708 1224 5763 Οὐκ
1283 5705 1458 5774 εἶπεν,
1498 5711 1854 5777 Ἐπιτάττων,
1888 5715 2026 5771 ἀλλὰ

341 5789 719 5858 Παρακαλῶν
745 5807 760 5820 °
794 5793 1096 5859 τουτέστιν,
1124 5796 1266 5870 ὑπὲρ
1287 5797 1467 5872 αὐτῶν
1494 5797 1604 5854 τῶν
1634 5800 1906 5871 δεομένων
1925 5805 2026 5876 τῆς

341 5873 662 5946 θεραπείας.
706 5878 772 5932 Τί
827 5882 985 5946 ἐστι,
1044 5882 1545 5953 Συμϐιϐάζοντες;
1603 5873 2020 5965 Στοχαζόμενοι,

340 5965 495 6035 φησί.
534 5966 578 6018 Τ
581 5966 628 6037 ῷ
653 5983 715 6024 τε
736 5967 845 6039 7&9
883 5968 1095 6026 Παῦλον
1142 5972 1270 6027 ἰδεῖν
1298 5974 1394 6028 καὶ
1429 5975 1632 6047 μηδένα
1669 5978 1888 6051 ἕτερον,
1930 5985 2023 6037 καὶ

407 6119 435 6150 ³
451 6118 589 6172 Unus
610 6121 792 6185 μεγάλη
821 6129 851 6185 ἡ
883 6125 1034 6189 χάρις,
1059 6130 1085 6172 b
1111 6129 1311 6190 Quidam
1346 6142 1462 6179 msm
1486 6131 1811 6194 1:59:500500v;

1160 424 1220 481 S.
1260 421 1552 480 JOANNIS
1590 415 2086 479 CHRYSOSTOMI
2125 417 2452 481 ARCHIEP.
2491 413 3048 475 CONSTANTINOP.

3731 413 3819 475 250

2156 537 2236 610 τῷ
2285 538 2597 610 κωλυθῆναι
2647 536 2757 592 ὑπὸ
2797 534 2896 591 τοῦ
2928 533 3247 607 Πνεύματος
3271 575 3286 601 ,
3332 534 3430 590 καὶ
3453 535 3534 607 τῷ
3562 535 3694 609 πρὸς
3723 543 3815 607 τοῖς

2156 637 2305 706 ὅροις
2365 631 2509 691 εἶναι
2534 676 2551 703 ,
2612 635 2724 691 ἀπὸ
2781 634 2991 690 τούτων
3043 632 3303 687 ἀπάντων
3351 631 3527 687 ταῦτα
3594 636 3803 707 συνῆγον.

2162 732 2372 798 ’Ἄλλως
2406 732 2464 787 δὲ
2496 734 2592 787 καὶ⁸
2624 734 2655 786 6
2687 729 2859 794 πλοῦς
2891 742 2920 772 ι
2954 730 3114 785 τοῦτο
3147 729 3429 800 ἐνέφαινεν
3456 745 3470 761 ⁸
3499 731 3568 784 οὐ
3590 732 3697 805 7&9
3717 736 3810 803 ἐγέ-

2158 849 2283 887 νετο
2314 832 2509 904 χρόνος
2540 832 2710 897 πολὺς
2733 873 2748 898 ,
2800 830 2923 885 ὅθεν
2954 831 3037 894 είς
3062 830 3235 902 αὐτὴν
3262 830 3363 902 τὴν
3404 831 3567 903 ῥίζαν
3602 834 3700 905 τῆς
3728 835 3823 889 Ma-

2159 929 2406 994 κεδονίας
2426 928 3017 1002 παραγίνονται.Ὦστε
3038 928 3066 981 ό
3086 926 3441 1000 παροξυσμὸς
3457 930 3827 1002 συμφερόντως

2157 1028 2524 1103 οξκονομεῖται
2546 1025 2825 1095 γενέσθαι.
2861 1027 2977 1081 υύκ
3002 1027 3069 1081 ἂν
3094 1026 3204 1099 γὰρ
3232 1026 3506 1098 ἐνήργησε
3528 1026 3593 1080 τὺ
3622 1026 3829 1098 Πνεῦμα

2147 1103 2216 1177 ⁵τὸ
2245 1123 2401 1192 ἅγιον
2423 1163 2439 1190 ,
2470 1124 2573 1178 οὐκ
2606 1123 2675 1179 ἂν
2704 1122 2796 1177 τὸν
2842 1122 3001 1193 λόγον
3048 1122 3362 1178 Μακεδονία
3410 1122 3649 1187 ἐδέξατο.
3694 1124 3754 1177 Ἦ
3780 1125 3828 1179 δὲ

2152 1222 2399 1295 τοσαύτη
2446 1220 2705 1295 προκοπὴ
2750 1224 2977 1295 σημεῖον
3006 1219 3102 1275 τοῦ
3136 1220 3211 1292 μὴ
3248 1218 3389 1275 εἷναί
3418 1238 3471 1274 τι
3501 1220 3830 1292 ἀνθρώπινον

2154 1321 2216 1375 τὸ
2249 1323 2495 1392 γεγονός.
2523 1322 2719 1376 Καίτοι
2748 1323 2850 1376 οὐκ
2883 1321 3009 1392 ἔφη,
3041 1321 3124 1375 ὅτι
3152 1320 3441 1392 Βαρνάϐας
3476 1320 3826 1392 παρωξύνθηο

2153 1418 2292 1474 ἀλλὰ
2315 1459 2332 1486 ,
2380 1419 2626 1486 Μεταξὺ
2657 1418 2857 1475 αὐτῶν
2883 1417 3280 1489 παροξυσμὸς
3303 1415 3565 1490 ἐγένετο.
3596 1419 3660 1473 El
3692 1412 3829 1485 οὗτος

2158 1518 2222 1571 οὐ
2255 1517 2616 1590 παρωξύνθη,
2648 1517 2771 1571 οὐδὲ
2794 1517 3026 1580 ἐκεῖνος.

2224 1614 2490 1671 ε’.Ταῦτα
2521 1616 2746 1680 εἰδότες,
2785 1614 2860 1687 μὴ
2892 1613 3083 1679 ἁπλῶς
3108 1612 3172 1686 δὴ
3193 1612 3334 1668 αὐτὰ
3355 1612 3694 1685 ἐκλέγωμεν,
3711 1613 3832 1671 ἀλλᾶ

2154 1712 2522 1783 μανθάνωμεν
2544 1712 2642 1767 καὶ
2664 1710 3052 1782 παιδευώμεθα
3082 1726 3094 1739 ·
3120 1711 3184 1764 ού
3211 1710 3322 1782 γὰρ
3349 1711 3472 1783 είκῇ
3503 1710 3827 1784 γέγραπται.

2151 1810 2314 1880 Μέγα
2342 1810 2514 1864 κακὸν
2547 1811 2768 1878 ἀγνοεῖν
2794 1809 3019 1882 Γραφάς
3050 1823 3065 1840 ο
3095 1808 3191 1879 ἀφ’
3240 1802 3318 1862 ὧν
3358 1809 3691 1877 ὠφελεῖσθαι
3719 1809 3827 1871 δεῖ,

2149 1906 2259 1959 ἀπὸ
2295 1905 2505 1960 τούτων
2541 1905 2919 1978 βλαπτόμεθα.
2949 1904 3109 1959 Οῦτω
3146 1904 3242 1958 καὶ
3272 1904 3550 1976 φάρμακα
3586 1903 3831 1967 πολλάκις

2152 2003 2314 2073 φύσιν
2338 2003 2531 2075 ἔχοντα
2566 2003 2975 2076 θεραπευτικὴν
2998 2043 3013 2066 ,
3046 2003 3148 2057 οὐκ
3176 2002 3392 2057 εἰδότων
3410 2001 3526 2056 τῶν
3550 2001 3829 2074 χρωμένων

2151 2100 2336 2166 καλῶς
2363 2102 2603 2174 χρῆσθαι
2632 2102 2817 2167 αὐτοῖς
2837 2142 2854 2169 ,
2880 2099 3033 2174 [266]
3079 2099 3386 2172 διαφθείρει
3418 2099 3517 2153 καὶ
3550 2098 3826 2152 ἀπόλλυσι·

2149 2200 2245 2253 καὶ
2273 2199 2412 2254 ὅπλα
2437 2199 2715 2272 δυνάμενα
2742 2201 2998 2271 φυλάξαι,
3040 2199 3107 2255 ἂν
3145 2199 3333 2271 μηδεὶς
3363 2196 3510 2252 αὐτὰ
3556 2197 3668 2269 εἰδῇ
3696 2213 3830 2268 περι-

2151 2295 2362 2365 θέσθαι,
2397 2297 2490 2352 ῦπ’
2514 2298 2698 2352 αὐτῶν
2721 2297 3117 2371 διαφθείρεται.
3136 2295 3211 2350 Τὸ
3232 2295 3290 2349 δὲ
3310 2295 3507 2359 αἴτιον,
3552 2296 3632 2350 ὅτι
3665 2293 3828 2349 πάντα

2149 2394 2351 2465 μᾶλλον
2369 2394 2662 2466 ζητοῦμεν,
2684 2395 2717 2466 ἣ
2743 2395 2804 2448 τὸ
2831 2395 2930 2465 τῆς
2950 2394 3131 2466 ψυχῆς
3150 2393 3363 2465 ὄφελος,
3385 2392 3480 2448 καὶ
3497 2392 3570 2448 τά
3586 2392 3829 2463 ἀλλότρια

2150 2492 2352 2561 μᾶλλον
2380 2492 2696 2566 σκοποῦμεν
2716 2534 2731 2559 ,
2761 2494 2796 2566 ἢ
2817 2494 2879 2548 τὸ
2901 2494 3173 2565 ἡμέτερον
3192 2492 3500 2564 συμφέρον.
3536 2491 3643 2547 Kal
3657 2490 3828 2554 οίκίας

2148 2593 2248 2664 μὲν
2267 2592 2526 2647 σύστασιν
2546 2592 2810 2656 πολλάκις
2827 2592 3121 2663 ζητοῦμεν,
3141 2590 3237 2645 καὶ
3259 2591 3361 2645 οὐκ
3375 2588 3441 2644 ἂν
3462 2587 3824 2661 ἁνασχοίμεθα

2145 2691 2557 2763 παλαιουμένην
2572 2689 2741 2763 αὐτὴν
2765 2690 2890 2743 ίδεῖν
2922 2688 3045 2743 οὐδὲ
3078 2688 3534 2743 καταπίπτουσαν
3566 2686 3683 2742 οὐδὲ
3724 2683 3824 2739 ῦπδ

2145 2787 2434 2860 χειμώνων
2482 2786 2956 2860 ἐπηρεαζομένην·
2997 2785 3127 2856 περὶ
3162 2784 3220 2837 δὲ
3255 2785 3356 2855 τῆς
3405 2783 3591 2854 ψυχῆς
3612 2781 3822 2852 οὐδεμία

2144 2886 2387 2959 φροντὶς,
2417 2884 2556 2940 ἀλλά
2585 2885 2614 2926 ιι
2646 2884 2750 2939 κᾶν
2789 2883 2916 2947 τοὺς
2946 2882 3233 2954 θεμελίους
3275 2882 3447 2951 αὐτῆς
3500 2880 3696 2952 ἴδωμεν
3725 2895 3820 2949 ση-

2145 2983 2441 3055 πομένους,
2469 2983 2574 3037 κᾶν
2607 2981 2709 3054 τὴν
2753 2979 3042 3051 οἰκοδομὴν
3096 2979 3193 3034 καὶ
3240 2978 3334 3032 16v
3388 2978 3614 3049 δροφον,
3647 2973 3822 3038 οὐδεὶς

2141 3084 2275 3154 ἡμῖν
2298 3082 2327 3135 ό
2350 3080 2509 3150 λόγος
2546 3078 2682 3134 ἐστί,
2709 3077 2877 3132 Πάλιν
2906 3076 3077 3145 ἄλογα
3104 3075 3171 3130 ἂν
3196 3076 3434 3147 ἔχωμεν,
3465 3074 3527 3127 16
3547 3071 3818 3145 συμφέρον

2143 3179 2323 3234 αὐτῶν
2358 3176 2650 3250 ζητοῦμεν,
2685 3177 2780 3230 καὶ
2809 3174 3187 3247 ίπποφορϐοῦς
3217 3173 3313 3227 καί⁸
3353 3172 3699 3246 ίππιατροῦς,
3727 3168 3818 3224 καὶ

2142 3277 2324 3332 πάντα
2372 3275 2555 3330 κάλων
2615 3273 2875 3346 κινοῦμεν
2942 3288 2959 3304 ο
3023 3272 3118 3326 καὶ
3173 3271 3352 3334 οἰκίας
3399 3265 3810 3341 ἐπιμελούμεθα,

2143 3376 2372 3438 καὶτοῖς
2389 3375 2733 3444 ἐμπεπιστευ
2743 3372 2927 3444 μένοις
2950 3368 3351 3441 παραινοῦμεν,
3378 3367 3521 3422 ὥστε
3549 3367 3625 3440 μὴ
3647 3363 3808 3423 ἁπλῶς

2143 3471 2281 3543 μηδέ
2315 3470 2394 3535 ὡς
2437 3469 2630 3540 ἐτυχεν
2664 3467 2934 3537 ἐλαύνειν,
2974 3467 3110 3539 μηδὲ
3153 3466 3318 3537 βάρος
3340 3466 3668 3528 ἐπιτιθέναι,
3692 3460 3807 3535 μηδέ

2138 3567 2279 3640 ἀωρὶ⁵
2306 3567 2416 3622 τῶν
2436 3566 2652 3623 νυκτῶν
2682 3566 2922 3636 ἐξάγειν,
2953 3564 3088 3637 μηδέ
3109 3563 3207 3628 τάς
3222 3562 3433 3635 τροφὰς
3459 3559 3808 3634 ἀπεμπολεῖν,

2138 3666 2234 3720 καὶ
2270 3665 2457 3719 πολλοὶ¹
2499 3665 2656 3734 νόμοι
2702 3664 2833 3736 περὶ
2876 3662 2973 3717 τοῦ
3023 3661 3405 3734 συμφέροντος
3449 3659 3565 3715 τῶν
3614 3658 3810 3726 ἀλόγων

2139 3761 2351 3813 κεῖνται
2390 3760 2522 3831 παρ’
2543 3762 2679 3831 ἡμῖν
2706 3775 2720 3789 ·
2742 3759 2843 3829 τῆς
2869 3756 2927 3811 δὲ
2951 3755 3135 3829 ψυχῆς
3160 3754 3321 3825 λόγος
3340 3753 3539 3819 οὐδείς.
3578 3752 3740 3808 Πάλιν
3760 3747 3814 3803 τί

2136 3854 2283 3924 λέγω
2309 3855 2439 3927 περὶ
2479 3854 2694 3925 ἀλόγων
2743 3853 2854 3908 τῶν
2896 3852 3182 3925 χρησίμων
3211 3853 3376 3923 ἡμῖνς
3414 3851 3539 3906 Είσὶ
3559 3847 3739 3903 πολλοὶ
3764 3843 3811 3899 οἱ

2140 3954 2437 4028 στρουθοὺς
2459 3953 2675 4026 ἔχουσιν
2694 3953 2848 4008 οὐδὲν
2879 3951 3104 4024 ἔχοντας
3119 3952 3413 4023 χρήσιμον,
3444 3948 3555 4003 ἀλλ’
3574 3949 3605 4019 ἢ
3630 3944 3817 4008 ἁπλῶς

2136 4053 2465 4126 τέρποντας,
2490 4052 2584 4105 καὶ
2617 4050 2805 4105 πολλοὶ
2844 4050 2940 4104 καὶ
2978 4049 3107 4121 περὶ
3136 4048 3360 4103 ἐκείνων
3386 4046 3556 4116 νόμοι,
3594 4044 3687 4096 καὶ
3716 4042 3808 4095 ού-

2135 4151 2223 4205 δὲν
2254 4148 2607 4222 ἠμελημένον
2640 4147 2761 4202 οὐδὲ
2792 4146 3029 4201 ἄτακτόν
3067 4148 3204 4212 ἐστι,
3241 4144 3331 4199 καὶ
3366 4143 3576 4197 πάντων
3608 4135 3805 4209 μᾶλλον

2134 4244 2565 4320 ἐπιμελούμεθα,
2613 4245 2648 4318 ἢ
2703 4244 2863 4317 ἡμῶν
2915 4243 3116 4300 αὐτῶν.
3178 4241 3335 4296 Οὔτοι
3387 4239 3600 4293 πάντων
3642 4234 3805 4305 ἐσμὲν

2134 4344 2472 4418 ἀτιμότεροι.
2522 4341 2644 4398 Κᾶν
2706 4342 2806 4415 μέν
2861 4358 2944 4407 τις
2997 4341 3146 4413 ἡμᾶς
3191 4337 3428 4411 ὑϐρίζων
3456 4336 3603 4407 εἴπῃ,
3642 4333 3805 4396 κύων,

2134 4440 2445 4513 ἀλγοῦμεν*
2478 4441 2645 4513 ἡμεῖς
2675 4439 2733 4493 δέ
2773 4439 2921 4510 ἡμᾶς
2950 4439 3152 4502 αὐτοὺς
3197 4435 3515 4509 ὑϐρίζοντες
3552 4433 3611 4487 οὺ
3647 4429 3804 4499 λόγῳ,

2133 4538 2250 4595 ἀλλ’
2285 4537 2453 4610 ἔργῳ,
2476 4538 2575 4592 καὶ
2617 4535 2757 4610 μηδέ
2785 4533 3061 4606 τοσαύτης
3098 4532 3474 4606 μεταδιδόντες
3500 4525 3802 4601 ἐπιμελείας

2130 4641 2199 4711 τῇ
2226 4636 2372 4708 ψυχῇ
2393 4636 2526 4707 ὅσης
2551 4637 2666 4698 τοῖς
2690 4633 2873 4696 κυσὶν,
2895 4632 3049 4686 οὐδὲν
3074 4630 3357 4703 ἡγούμεθα
3372 4629 3601 4699 πάσχειν
3620 4621 3792 4678 δεινόν.

2143 4733 2339 4806 Ὁρᾶτε
2391 4732 2518 4787 ὅσου
2565 4729 2793 4793 σκότους
2829 4728 2899 4783 τά
2937 4727 3116 4782 πάντα
3177 4725 3597 4798 ἐμπέπλησται;
3648 4718 3798 4776 Πόσοι

2133 4831 2482 4906 φροντίζουσι
2528 4830 2640 4885 τῶν
2688 4827 2909 4896 κυνῶν,
2966 4826 3108 4881 ὥστε
3170 4824 3246 4898 μὴ
3278 4825 3442 4879 πλέον
3485 4822 3582 4877 τοῦ
3610 4821 3807 4879 δέοντος

2131 4929 2553 5004 ἐμπλησθῆναι,
2587 4927 2730 4983 ὥστε
2756 4925 2899 4992 ὀξεῖς
2932 4922 3072 4980 εἶναι
3097 4923 3192 4978 καὶ
3221 4921 3552 4995 θηρατικοὺς
3590 4919 3695 4974 ὑπὸ
3716 4914 3807 4970 τοῦ

2129 5027 2290 5101 λιμοῦ
2318 5027 2412 5082 καὶ
2443 5027 2543 5099 τῆς
2571 5025 2764 5097 πείνης
2807 5022 3185 5095 ὠθουμένους*
3222 5022 3433 5076 ἐαυτῶν
3466 5020 3525 5074 δέ
3559 5020 3663 5073 οὒκ
3696 5018 3807 5104 ἐπι-

2133 5123 2424 5197 μελοῦνται
2452 5124 2574 5178 οὐδὲ
2608 5106 2990 5178 ἐπιτάττουσιν
3018 5120 3162 5175 ὥστε
3215 5120 3292 5192 μὴ
3318 5119 3532 5192 τρυφᾷν
3560 5132 3577 5147 ·
3616 5115 3709 5169 καὶ
3745 5110 3811 5163 τὰ

2133 5225 2232 5297 μὲν
2256 5224 2431 5293 ἀλογα
2464 5223 2780 5294 φιλοσοφεῖν
2808 5221 3158 5277 διδάσκουσιν
3180 5259 3196 5287 ,
3221 5218 3379 5272 αὐτοὶ
3397 5216 3455 5271 δὲ
3476 5216 3556 5280 είς
3579 5213 3683 5287 τὴν
3708 5208 3809 5265 τῶν

2128 5323 2340 5393 ἀλόγων
2371 5321 2667 5395 θηριωδίαν
2701 5319 2988 5391 ἀνέχονται
3015 5316 3402 5388 καταγόμενοι.

2197 5422 2436 5491 Αίνιγμα
2458 5430 2482 5460 α
2513 5420 2576 5475 τὺ
2607 5418 2842 5490 πρᾶγμά
2880 5419 3020 5472 ἐστι.
3066 5415 3178 5469 Kal
3206 5413 3310 5468 ποῦ
3343 5410 3414 5465 τά
3450 5409 3625 5479 ἄλογα
3662 5404 3806 5478 φιλό-

2130 5529 2287 5582 σοφα,
2315 5510 2516 5582 φησίν;
2540 5508 2613 5563 Ἦ
2639 5507 2702 5561 ού
2732 5507 2882 5561 δοκεῖ
2909 5522 2992 5559 σοι
3020 5501 3340 5574 φιλοσοφίας
3369 5495 3510 5554 εἶναι
3542 5495 3805 5569 μεγάλης,

2127 5602 2257 5655 ὅταν
2290 5598 2440 5654 κύων
2487 5595 2822 5667 δακνόμενος
2864 5593 2971 5649 ὑπὸ
3014 5591 3107 5648 τοῦ
3139 5588 3302 5661 λιμοῦ
3326 5629 3342 5654 ,
3376 5585 3515 5660 μετά
3539 5584 3602 5639 16
3625 5582 3809 5637 λαϐεῖν

2127 5690 2221 5743 καὶ
2249 5685 2540 5759 θηρεῦσαι,
2570 5687 2856 5757 παρούσης
2880 5681 3156 5753 ἀπέχηται
3178 5679 3277 5750 τῆς
3299 5675 3533 5750 τροφῆς,
3559 5675 3655 5731 καὶ
3681 5670 3811 5743 τρά-

2126 5775 2301 5841 πεζαν
2325 5773 2469 5846 ὁρῶν
2509 5770 2947 5843 παρακειμένην,
2980 5767 3074 5822 καὶ
3123 5764 3216 5819 τοῦ
3258 5761 3422 5836 λιμοῦ
3454 5759 3808 5827 κατεπείγον-

2125 5881 2217 5928 τος
2245 5861 2514 5932 ἀναμένοι
2553 5860 2649 5915 τὸν
2674 5858 2982 5929 δεσπότην;
3021 5853 3359 5926 Αίσχύνθητε
3387 5848 3647 5912 ἑαυτούς·
3684 5862 3810 5900 παι-

2123 5952 2354 6009 δεύσατε
2377 5949 2479 6014 τὰς
2512 5947 2786 6021 ὑμετέρας
2807 5946 3087 6019 γαστέρας
3107 5943 3282 6009 οὕτως
3301 5938 3442 5998 εἶναι
3464 5939 3808 6011 φιλοσόφους.

2187 6077 2219 6106 ’⁸
2240 6072 2382 6126 Alius
2440 6078 2665 6136 συνῆγον,
2708 6071 2929 6136 τουτέστι
2956 6070 3060 6136 ,καὶ
3094 6066 3318 6136 ᾂ-πὴῦς.
3353 6129 3364 6136 _
3396 6064 3424 6105 δ
3474 6064 3809 6136 ϋηυξιῷδχῆς

2129 6139 2279 6195 οὐδεὶς
2298 6137 2455 6200 λόγος,
2506 6129 2662 6187 ἀλλά(
2733 6137 2755 6167 τ
2778 6133 2915 6185 Idem
2948 6133 3200 6196 θηριωδίαν
3244 6129 3547 6193 κατάγονται.
3586 6129 3806 6185 Mum
