4112 6414
308 387 417 448 ξω

315 541 433 585 rem
464 538 596 581 esse
622 540 874 582 scenam.
904 520 1085 593 Neque
1112 518 1255 574 enim
1290 517 1380 588 qui
1419 528 1632 585 semper
1656 519 1930 582 cesserat,

320 622 413 681 hic
437 635 551 676 non
579 618 872 685 cessisset,
898 615 988 687 qui
1015 614 1087 669 ita
1116 610 1338 667 Paulum
1362 607 1595 674 amabat,
1624 616 1682 661 ut
1705 605 1934 662 antehae

344 722 601 792 quareret
630 728 760 770 eum
790 709 963 777 Tarsi,
991 714 1047 763 et
1071 705 1139 761 ad
1167 703 1441 776 apostolos
1468 703 1642 772 ipsum
1682 697 1932 755 introdu-

349 790 479 869 ceret
498 850 517 877 ,
546 814 603 863 et
640 806 1039 877 eleemosynam
1067 811 1407 854 communem
1442 792 1681 861 faceret,
1708 803 1762 847 et
1790 790 1931 862 quod

342 908 405 964 ad
452 904 642 975 dogma
695 900 939 963 attinet,
982 892 1339 950 communiter
1385 886 1701 956 susciperet.
1750 883 1933 954 Itaque

337 1014 446 1057 non
471 1004 693 1069 prapter
713 992 852 1048 hanc
871 1004 986 1045 rem
1018 987 1185 1042 iratus
1205 982 1413 1038 fuisset.
1441 979 1550 1036 Sed
1578 985 1893 1048 separantur
1912 1015 1928 1041 ,

334 1103 392 1149 ut
414 1067 664 1151 doceant,
688 1093 746 1140 et
766 1097 862 1154 per
879 1078 1274 1151 separationem
1304 1086 1419 1139 eos,
1450 1071 1540 1142 qui
1569 1067 1808 1124 doctrina
1835 1078 1930 1119 sua

338 1184 595 1254 egebant.
626 1176 912 1234 instituant
943 1190 958 1228 :
983 1185 1043 1226 ut
1071 1170 1230 1225 etiam
1261 1166 1388 1222 alibi
1421 1164 1547 1219 facit
1570 1162 1793 1218 dicens:
1829 1158 1933 1212 Vos

334 1252 511 1331 autem
527 1289 590 1327 ne
605 1265 950 1339 defutigemini
969 1264 1153 1319 bonum
1175 1260 1415 1332 facientes
1433 1257 1510 1329 (2.
1536 1255 1713 1310 Thess.
1736 1253 1788 1308 5.
1815 1252 1929 1320 15).

339 1368 411 1424 Et
447 1366 581 1423 alios
608 1361 821 1434 quidem
863 1359 1140 1426 increpat,
1177 1352 1330 1424 jubet
1372 1358 1550 1406 autem
1590 1343 1951 1401 benefacere

338 1475 471 1532 erga
520 1469 725 1513 omnes.
772 1451 886 1507 Hoc
929 1449 1092 1506 etiam
1134 1447 1190 1502 in
1229 1440 1617 1500 consuetudine
1645 1436 1928 1493 habemus.

343 1527 450 1609 llic
474 1560 648 1605 autem
673 1544 801 1602 mihi
826 1541 1080 1598 videntur
1107 1539 1195 1593 alii
1224 1550 1437 1607 quoque
1462 1530 1718 1603 indignati
1737 1543 1857 1583 esse
1880 1527 1932 1581 in

351 1642 600 1700 Paulum.
622 1639 683 1694 Et
701 1644 885 1708 postea
907 1632 1018 1701 ille,
1048 1631 1178 1701 ipsis
1198 1642 1441 1686 seorsum
1466 1624 1732 1688 adductis,
1754 1620 1932 1675 omnia

361 1733 511 1797 facit,
539 1739 727 1797 monet,
756 1727 1019 1782 hortatur.
1051 1723 1211 1778 Multa
1239 1730 1416 1792 potest
1435 1716 1744 1782 concordia,
1769 1714 1933 1769 multa

355 1824 550 1880 caritas
571 1840 586 1876 :
606 1818 809 1875 etiamsi
833 1831 933 1889 pro
954 1830 1014 1870 re
1034 1828 1225 1885 magna
1250 1825 1426 1882 roges,
1451 1808 1659 1865 etiamsi
1690 1806 1934 1875 indignus

348 1915 461 1980 sis,
490 1919 703 1983 propter
728 1906 1061 1979 propositum
1088 1903 1322 1959 audieris
1340 1943 1354 1963 ,
1384 1916 1455 1956 ne
1480 1899 1688 1955 timeas.
1715 1895 1953 1952 Peram-'

342 2007 571 2071 bulabat,
599 2003 787 2073 inquit,
812 2000 1053 2054 civitates.
1079 1996 1150 2051 Et
1172 2012 1284 2052 ecce
1309 2004 1416 2051 erat
1436 1993 1717 2065 discipulus
1736 1991 1937 2045 nomine

344 2096 638 2153 Timotheus
659 2136 675 2162 ,
710 2094 797 2163 qui
838 2091 1179 2146 testimonium
1209 2088 1419 2143 habebat
1448 2103 1482 2140 a
1526 2084 1767 2157 fratribus
1789 2125 1804 2148 ,
1849 2083 1938 2155 qui

341 2203 487 2247 erant
514 2192 711 2265 Lystris
738 2204 782 2249 et
806 2193 994 2249 Iconii.
1022 2192 1207 2263 Magna
1237 2188 1371 2245 ﬂdes
1390 2190 1407 2220 ¹
1430 2186 1719 2252 Timothei,
1748 2183 1837 2254 qui
1869 2182 1937 2238 ab

338 2287 590 2343 omnibus
615 2287 974 2343 testimonium
1004 2286 1179 2341 habet.
1211 2283 1435 2350 Quando
1463 2280 1707 2337 discessit
1731 2278 1937 2332 Barna:

340 2381 461 2446 has,
474 2380 701 2437 alterum
726 2380 822 2452 ipsi
847 2396 1026 2450 parem
1049 2378 1269 2434 invenit.
1302 2376 1376 2431 De
1397 2373 1497 2430 hoc
1517 2375 1714 2444 inquit:
1741 2371 1938 2425 Memor

343 2471 687 2544 lacrymarum
715 2483 914 2527 tuarum
943 2480 990 2525 et
1019 2470 1138 2540 ﬁdei
1166 2480 1268 2524 tuae
1291 2485 1392 2522 non
1414 2468 1698 2530 simulata,
1727 2480 1841 2535 qua:
1858 2463 1941 2516 in-

342 2565 585 2620 habitauit
605 2566 765 2634 prima
786 2566 838 2617 in
857 2564 971 2626 avia
995 2573 1083 2616 tua
1108 2560 1289 2627 Laide,
1308 2569 1355 2614 et
1384 2559 1435 2613 in
1457 2566 1617 2611 matre
1638 2565 1724 2610 tua
1748 2553 1940 2608 Eunice

345 2658 422 2726 (2.
446 2657 577 2713 Tim.
603 2658 722 2713 L4.
737 2658 812 2728 5).
834 2657 902 2711 Et
917 2671 1199 2721 assumens,
1223 2653 1411 2724 inquit,
1436 2651 1582 2706 illum
1602 2648 1936 2704 circumcidit.

344 2749 462 2819 Qua
486 2751 555 2806 de
575 2764 731 2805 causa
761 2750 875 2818 ipse
902 2747 1069 2813 addit,
1099 2746 1284 2801 dicens
1309 2763 1322 2800 :
1348 2743 1569 2813 PrOpter
1596 2741 1830 2803 Judwos,
1851 2737 1937 2810 qui

347 2850 492 2897 erant
517 2843 572 2895 in
600 2842 723 2896 locis
747 2841 871 2895 illis.
904 2839 1028 2894 Ideo
1053 2852 1182 2909 ergo
1207 2835 1634 2899 circumciditur;
1668 2832 1751 2887 vel
1778 2830 1937 2886 etiam

349 2942 569 3005 propter
604 2943 831 3002 patrem,
873 2932 961 3001 qui
986 2930 1204 3002 gentilis
1224 2927 1496 2984 manebat.
1527 2926 1668 2995 Ergo
1698 2939 1803 2979 non
1835 2923 1942 2979 cir—

349 3026 617 3082 cumcisus
641 3035 778 3082 erat.
814 3023 951 3079 Vide
971 3023 1083 3094 jam
1115 3022 1346 3078 solutam
1374 3020 1568 3090 legem.
1591 3017 1816 3086 Quidam
1844 3031 1943 3070 au-

349 3129 461 3173 tem
499 3127 680 3188 putant
726 3117 876 3172 illum
920 3124 1038 3186 post
1080 3112 1516 3184 praedicationem
1549 3121 1729 3164 natum
1773 3120 1937 3175 esse;

350 3212 448 3268 sed
474 3211 652 3267 forsan
683 3210 788 3266 hoc
817 3225 922 3265 non
950 3217 1052 3264 est.
1082 3208 1161 3262 Ab
1183 3207 1402 3276 infantia
1429 3220 1589 3271 enim,
1623 3202 1822 3273 inquit,
1851 3217 1938 3254 sa-

350 3319 467 3359 cras
506 3301 674 3358 literas
700 3302 855 3358 nosti.
896 3299 1028 3356 Illud
1062 3300 1225 3371 igitur
1251 3308 1334 3354 est
1359 3297 1681 3362 dicendum;
1709 3295 1794 3350 vel
1830 3292 1942 3349 for-

352 3405 517 3457 tasse.
544 3396 667 3467 quia
697 3395 849 3451 illum
879 3393 1226 3450 ordinaturus
1254 3399 1372 3447 erat
1393 3390 1726 3459 episcOputn,
1752 3396 1802 3442 et
1834 3402 1941 3441 non

352 3485 578 3542 decebat
619 3485 1049 3542 incircumcisum
1097 3497 1239 3540 esse.
1287 3481 1404 3538 Jam
1460 3490 1638 3535 autem
1692 3477 1942 3550 gentibus

357 3579 490 3634 nihil
528 3579 631 3634 tale
662 3578 981 3634 servandum
1008 3586 1143 3634 erat.
1174 3576 1361 3646 Neque
1386 3574 1487 3630 hoc
1519 3587 1741 3643 parvum
1784 3579 1900 3626 erat
1921 3609 1938 3638 ,

353 3671 568 3742 quando
592 3680 711 3742 post
739 3680 943 3725 tantum
971 3678 1182 3740 tempus
1208 3670 1310 3723 hoc
1330 3667 1434 3722 illis
1458 3662 1781 3720 offendicula
1801 3670 1939 3717 erat.

356 3764 567 3820 Initium
612 3764 972 3836 abrogationis
1009 3773 1144 3832 erat,
1193 3763 1334 3835 quod
1389 3761 1615 3831 gentiles
1667 3759 1781 3816 lucc
1834 3772 1942 3811 non

356 3869 632 3916 servarent
658 3874 829 3930 neque
854 3859 978 3915 hinc
1004 3857 1327 3913 ltedcrentur
1344 3898 1357 3919 ,
1386 3855 1622 3924 nihilque
1652 3853 1828 3908 minus
1847 3850 1945 3906 ha-

357 3951 550 4009 berent
572 3952 713 4008 circa
741 3951 900 4008 fidem
927 3967 940 4005 :
968 3959 1163 4022 sponte
1186 3949 1401 4006 demum
1423 3948 1769 4004 desistebant.
1809 3945 1944 4014 Quia

357 4044 518 4115 igitur
560 4044 943 4116 praedicaturus
980 4051 1118 4111 erat,
1152 4058 1220 4099 ne
1257 4041 1542 4113 dupliciter
1568 4049 1824 4112 pangeret
1852 4039 1947 4095 Ju-

354 4135 507 4193 datos
526 4178 542 4204 ,
570 4136 709 4193 hunc
731 4135 1085 4204 circumcidit,
1118 4133 1364 4206 quamvis
1389 4149 1455 4189 ex
1491 4131 1712 4188 dimidio
1738 4139 1943 4187 tantum

355 4237 526 4295 esset,
559 4242 705 4298 patre
737 4228 942 4300 gentili,
979 4236 1151 4283 matre
1184 4225 1347 4281 fideli.
1387 4227 1636 4280 Attamen
1667 4223 1790 4296 quia
1828 4238 1944 4278 ma-

354 4334 524 4391 gnum
552 4329 664 4375 erat
691 4335 824 4389 Opus
852 4321 986 4387 hoc,
1028 4319 1187 4391 quod'
1210 4319 1350 4374 inter
1374 4330 1561 4389 gentes
1592 4318 1694 4373 hoc
1721 4326 1943 4388 ageret,

358 4426 468 4467 non
510 4413 713 4468 curavit
751 4412 916 4478 illud;
948 4410 1231 4482 oportebat
1258 4411 1401 4467 enim
1440 4411 1662 4466 verbum
1700 4410 1948 4466 dissemi-

360 4503 479 4558 nari
502 4520 518 4556 :
542 4502 662 4558 ideo
696 4513 751 4560 et
788 4504 904 4573 ipse
942 4504 1092 4559 illum
1123 4503 1473 4558 circumcidit.
1504 4503 1604 4558 llic
1638 4504 1798 4559 etiam
1827 4503 1947 4558 vide

361 4596 492 4651 dum
535 4611 568 4651 e
607 4599 875 4653 contrario
914 4597 1126 4653 videtur
1154 4612 1335 4668 agere,
1374 4612 1625 4667 magnum
1674 4606 1945 4667 peractum

365 4689 589 4743 bonum.
632 4685 695 4743 Et
736 4690 1063 4743 abundabant
1100 4705 1330 4755 numera,
1363 4689 1553 4758 inquit.
1595 4688 1781 4744 Viden’
1808 4704 1946 4759 quo-

372 4781 530 4835 modo
567 4797 671 4837 non
701 4774 888 4838 solum
928 4782 1060 4837 nihil
1105 4783 1350 4837 nocuerit
1376 4781 1739 4849 circumcisio,
1767 4781 1862 4837 sed
1893 4778 1963 4837 et"

382 4871 652 4937 plurimum
678 4874 982 4945 profuerit?
1010 4873 1078 4930 Ut
1096 4883 1264 4929 autem
1295 4875 1534 4929 visionem
1560 4874 1713 4942 vidit,
1743 4874 1946 4940 statim,

385 4963 562 5032 inquit,
591 4969 909 5039 quaesiuimus
939 4968 1195 5038 proﬁcisci
1219 4969 1274 5023 in
1302 4966 1686 5035 Macedoniam,
1717 4968 1841 5022 certi
1870 4972 1952 5039 fa-

381 5057 455 5108 cti
476 5059 595 5121 quod
615 5070 836 5115 vocasset
856 5078 948 5115 nos
970 5057 1128 5115 Deus.

461 5148 705 5209 Visionunt
726 5163 774 5209 et
796 5155 1108 5210 somniorum
1129 5153 1404 5209 distinctio.
1421 5183 1495 5194 -
1520 5153 1673 5219 Vide,
1707 5168 1815 5208 non
1837 5153 1947 5223 jam

368 5257 470 5312 per
509 5245 773 5315 angelum,
798 5255 855 5300 ut
874 5245 1126 5316 Philippo
1155 5254 1208 5299 et
1240 5244 1519 5312 Cornelio;
1543 5247 1638 5301 sed
1665 5245 1828 5315 quid?
1850 5247 1953 5302 Per

362 5339 628 5394 visionem
651 5349 871 5411 apparet
895 5340 996 5411 ipsi
1035 5339 1291 5409 deinceps
1337 5341 1572 5394 humano
1619 5354 1792 5407 more,
1843 5358 1948 5397 nou

362 5430 568 5485 divino.
598 5429 697 5488 Ubi
721 5432 862 5487 enim
890 5432 1097 5487 facilius
1122 5441 1236 5486 erat
1260 5431 1606 5502 persuadere,
1628 5431 1947 5498 humanius;

363 5523 459 5577 ubi
486 5537 675 5594 magna
694 5525 777 5580 vis
804 5523 1223 5588 desiderabatur,
1257 5523 1508 5578 divinius.
1532 5523 1663 5579 Nam
1694 5524 1783 5581 ubi
1813 5541 1952 5596 prm-

362 5612 553 5670 dieare
591 5614 876 5672 festinabat
916 5615 1112 5681 selum,
1145 5616 1217 5672 ibi
1245 5615 1514 5671 somnium
1558 5617 1659 5689 ipsi
1696 5627 1949 5690 apparet;

362 5707 459 5764 ubi
483 5722 616 5764 vero
643 5709 933 5780 praedicare
963 5725 1070 5765 non
1091 5709 1469 5781 sustinebatur,
1502 5711 1574 5768 ibi
1597 5711 1831 5783 Spiritus
1859 5727 1952 5769 re-

434 5888 453 5916 ι
472 5888 603 5935 unus
623 5882 792 5947 habet,
816 5884 996 5952 gratia,
1015 5897 1120 5951 pro,
1138 5856 1293 5952 adcr

1300 399 1364 457 IN
1402 399 1583 457 ACTA
1618 395 2145 458 APOSTOLORUM.
2188 396 2418 456 IIOMIL.
2460 396 2705 455 XXXIV.

3528 396 3635 454 250

2036 511 2200 568 velat.
2230 512 2320 568 Sic
2347 524 2401 570 et
2424 514 2532 570 illic
2548 511 2744 570 Petro:
2772 512 3020 585 Surgam,
3051 512 3315 567 descende.
3342 493 3461 566 Non
3489 509 3635 566 enim

2038 601 2213 660 facilia
2229 606 2554 675 operabatur
2568 605 2822 676 Spiritus,
2842 604 2936 660 sed
2950 605 3078 661 satis
3092 611 3212 661 erat
3225 603 3327 674 ipsi
3342 601 3631 659 somnium.

2038 693 2274 766 Joseplto
2292 711 2504 768 quoque
2526 698 2681 753 facile
2701 697 2946 753 credenti
2967 697 3232 752 somnium
3255 706 3496 768 apparet,
3515 692 3636 751 aliis

2037 803 2169 843 vero
2194 789 2349 844 visio.
2376 790 2453 845 Ita
2484 799 2539 845 et
2565 789 2820 845 Cornelio
2855 798 2910 844 et
2951 788 3079 844 huic
3118 788 3241 858 ipsi.
3278 786 3347 841 Et
3375 803 3509 853 ecce,
3542 786 3630 842 in-

2038 881 2171 951 quit,
2204 881 2279 936 vir
2306 880 2521 936 Maceth
2542 892 2700 947 stans,
2731 881 2998 936 obsecrans
3032 889 3080 935 et
3108 879 3300 933 dicens.
3332 877 3449 933 Non
3475 872 3658 944 dixit,"

2039 973 2384 1045 Prmcipieus,
2413 975 2852 1040 sed.0bsecrans;
2877 973 2929 1029 id
2956 982 3061 1036 est.
3090 988 3188 1044 pro
3229 972 3296 1026 iis
3338 971 3430 1042 qui
3473 985 3633 1025 cura-

2039 1067 2186 1122 tione
2213 1082 2348 1138 Opus
2384 1066 2674 1123 habebant.
2716 1067 2853 1135 Quid
2885 1075 2990 1133 est,
3022 1066 3158 1120 Certi
3183 1065 3305 1137 {acti
3324 1063 3349 1117 .’
3391 1063 3503 1117 Iioc
3531 1046 3633 1128 est,

2038 1158 2426 1230 conjectantes,
2457 1158 2772 1216 inferentes.
2797 1159 2930 1214 Nam
2962 1157 3102 1229 quod
3134 1156 3332 1212 Paulus
3358 1154 3555 1210 viderit
3582 1164 3635 1208 et

2037 1265 2196 1306 nemo
2221 1252 2377 1318 alius,
2406 1259 2462 1307 et
2497 1250 2640 1322 quod
2668 1250 2969 1322 prohibitus
2992 1250 3062 1305 sit
3088 1265 3119 1303 a
3144 1249 3367 1319 Spiritu,
3409 1257 3464 1301 et
3492 1244 3633 1316 quod

2039 1342 2093 1397 in
2133 1344 2376 1399 terminis
2406 1352 2606 1410 essent,
2641 1356 2707 1399 ex
2739 1343 2825 1397 his
2865 1341 3119 1397 cantibus
3148 1340 3265 1395 hmo
3308 1337 3632 1394 inferebant.

2037 1434 2289 1505 Alioquin
2321 1435 2591 1506 navigatio
2620 1433 2750 1490 illud
2781 1432 3083 1489 indicabat:
3112 1446 3287 1502 neque
3323 1431 3466 1485 enim
3498 1426 3636 1482 mul-

2039 1535 2152 1581 tum
2184 1535 2395 1599 tempus
2419 1536 2556 1593 erat,
2590 1542 2697 1598 quo
2735 1527 2793 1581 in
2839 1525 2989 1581 illam
3031 1522 3358 1580 Macedonia:
3397 1519 3633 1576 radicem

2037 1632 2317 1679 venerant.
2341 1623 2516 1693 Atque
2544 1623 2614 1678 ita
2636 1620 2904 1677 dissensio
2924 1621 3127 1675 utiliter
3149 1599 3362 1688 provisa
3393 1614 3512 1670 fuit.
3531 1611 3639 1669 Ne-

2039 1730 2143 1786 que
2171 1716 2313 1771 enim
2343 1715 2475 1771 alias
2502 1714 2736 1783 Spiritus
2758 1720 2978 1769 sanctus
3002 1720 3257 1782 aperatus
3272 1719 3438 1773 esset,
3464 1721 3640 1779 neque

2039 1806 2351 1863 Macedonia
2377 1806 2602 1863 verbum
2628 1807 2975 1877 suscepisset.
3003 1805 3208 1862 Tantus
3237 1818 3368 1859 vero
3397 1802 3488 1859 ille
3510 1815 3636 1870 pro-

2039 1899 2211 1956 fectus
2238 1900 2448 1973 signum
2479 1908 2614 1962 erat,
2640 1914 2754 1955 rem
2779 1907 2985 1969 gestam
3011 1912 3115 1952 non
3133 1895 3300 1951 fuisse
3322 1892 3634 1949 humanam.

2040 1994 2201 2064 Atqui
2222 2009 2329 2048 non
2353 1992 2508 2060 dixit,
2529 1991 2828 2047 Barnabam
2857 1989 3243 2045 exacerbatum
3271 1987 3470 2048 fuisse;
3502 1983 3622 2048 sed,

2041 2060 2188 2141 Inter
2214 2086 2332 2141 illos
2358 2085 2606 2141 dissensio
2627 2086 2745 2157 fuit.
2773 2083 2831 2140 Si
2873 2083 2959 2139 hic
2988 2081 3341 2138 exacerbatus
3385 2093 3494 2136 non
3530 2060 3651 2142 cst,
3694 2114 3713 2129 ρ

2042 2194 2218 2249 neque
2243 2177 2355 2233 ille.

2114 2273 2169 2330 5.
2212 2273 2340 2328 Ilaec
2369 2288 2490 2329 cum
2512 2271 2766 2339 sciamus,
2806 2285 2876 2326 ne
2901 2268 3266 2341 perfunctorie
3289 2266 3381 2324 illa
3401 2263 3638 2334 excipia-

2042 2383 2183 2432 mus,
2215 2367 2310 2423 sed
2351 2366 2624 2423 discamus
2655 2377 2712 2422 et
2755 2365 3129 2428 instituamur;
3169 2376 3344 2432 neque
3390 2361 3533 2439 enim
3564 2366 3641 2412 te-

2042 2474 2192 2515 mere
2219 2459 2482 2529 scriptum
2508 2468 2609 2514 est.
2629 2458 2874 2529 Magnum
2896 2455 3094 2511 malum
3121 2463 3206 2509 est
3231 2454 3480 2523 ignorare
3499 2449 3645 2505 Scri-

2042 2559 2260 2620 pturas:
2283 2564 2314 2605 a
2340 2550 2535 2620 quibus
2558 2550 2732 2620 juvari
2763 2554 3058 2618 oporteret,
3084 2546 3153 2600 ab
3180 2546 3245 2601 iis
3266 2544 3532 2599 laedimur.
3551 2541 3641 2597 Sic

2044 2645 2349 2713 frequenter
2369 2642 2658 2713 pharmaca
2680 2641 2787 2695 vim
2810 2637 3065 2694 medendi
3086 2637 3359 2699 habentia,
3379 2649 3502 2690 cum
3523 2631 3643 2703 ejus

2045 2750 2200 2789 usum
2229 2734 2479 2789 nesciunt
2507 2732 2598 2802 qui
2638 2730 2729 2786 illa
2759 2729 3038 2792 adhibent,
3072 2736 3269 2783 nocent
3294 2740 3357 2778 ac
3400 2737 3659 2793 pessuma

2044 2819 2207 2874 dant:
2233 2828 2288 2873 et
2313 2832 2462 2873 arma
2493 2832 2611 2887 qua:
2641 2823 2867 2887 possunt
2892 2812 3052 2880 tueri,
3084 2811 3189 2867 nisi
3214 2810 3334 2881 quis
3359 2816 3510 2864 recte
3535 2806 3645 2862 cir-

2041 2918 2353 2981 componat,
2374 2908 2438 2964 iis
2453 2918 2693 2964 utentem
2712 2907 3005 2977 perimunt.
3025 2904 3195 2961 Causa
3217 2916 3348 2959 vero
3373 2908 3476 2966 est,
3499 2897 3643 2972 quod

2043 3003 2221 3058 omnia
2273 3001 2443 3072 magis
2472 3013 2798 3071 quaeramus,
2829 3012 2987 3069 quam
3020 2995 3223 3055 animat,
3243 2993 3558 3058 utilitatem;
3586 3001 3644 3048 et

2043 3096 2147 3151 alia
2173 3095 2347 3164 magis
2369 3104 2699 3164 spectemus,
2729 3107 2889 3163 quam
2918 3088 3207 3146 utilitatem
3238 3095 3502 3144 nostram.
3532 3085 3643 3140 Do-

2045 3203 2165 3243 mus
2202 3198 2350 3242 certe
2376 3185 2687 3241 firmitatem
2718 3199 2863 3256 saepe
2898 3182 3212 3255 quaerimus,
3264 3194 3366 3236 nec
3407 3177 3643 3248 patimur

2045 3279 2195 3335 illam
2222 3286 2496 3333 vetustate
2522 3286 2802 3332 nutantem
2825 3275 2909 3330 vel
2937 3274 3210 3329 labentem
3232 3270 3440 3333 videre,
3472 3284 3645 3340 neque

2044 3385 2075 3424 a
2097 3376 2414 3439 tempestate
2439 3367 2828 3438 periclitantem
2848 3384 2860 3420 :
2877 3364 2943 3421 de
2961 3365 3140 3420 anima
3151 3377 3282 3419 vero
3299 3362 3449 3418 nulla
3470 3375 3595 3416 cura
3621 3378 3633 3411 :

2046 3461 2140 3518 sed
2171 3461 2386 3518 etiamsi
2417 3460 2767 3516 fundamenta
2797 3459 2918 3530 ejus
2947 3458 3162 3514 infirma
3197 3455 3498 3517 videamus,
3524 3454 3647 3511 licet

2046 3565 2102 3611 et
2124 3563 2456 3609 structuram
2484 3560 2539 3607 et
2569 3559 2769 3607 tectum
2798 3549 3021 3621 perinde
3050 3548 3283 3615 habere;
3315 3547 3518 3602 nullam
3540 3544 3642 3602 lto-

2045 3662 2166 3704 rum
2192 3647 2458 3703 rationem
2487 3644 2770 3701 habemus.
2806 3643 2938 3699 Item
2964 3642 3013 3700 si
3040 3649 3286 3697 armenta
3327 3640 3643 3705 habeamus,

2048 3741 2179 3814 quid
2205 3740 2310 3796 illis
2337 3738 2510 3811 prosit
2534 3736 2851 3809 quaerimus,
2883 3733 3243 3805 ductoresque
3278 3748 3342 3788 ac
3379 3730 3641 3795 medicos,

2047 3849 2373 3906 omnemque
2392 3830 2625 3904 lapidem
2652 3843 2933 3886 movemus
2950 3827 2968 3860 ¹
2990 3846 3005 3883 :
3030 3826 3220 3883 domos
3248 3840 3464 3897 quoque
3485 3839 3647 3885 cura-

2050 3942 2192 3990 mus,
2219 3935 2277 3981 et
2302 3936 2398 3981 eos
2427 3923 2622 3995 quibus
2652 3920 2770 3977 [nec
2796 3918 3085 3977 commissa
3111 3927 3237 3974 sunt
3257 3919 3557 3981 hortamur,
3584 3927 3644 3971 ut

2050 4037 2159 4079 non
2188 4031 2392 4077 temere
2417 4018 2504 4074 vel
2527 4015 2893 4091 perfunctorie
2930 4014 3174 4086 jumenta
3199 4012 3438 4084 abigant,
3469 4025 3645 4082 neque

2050 4127 2214 4170 onera
2243 4113 2539 4182 imponant,
2582 4107 2667 4164 vel
2716 4108 3038 4177 intempesta
3070 4113 3228 4160 nocte
3269 4103 3522 4182 educant,
3553 4100 3665 4165 vel,

2049 4205 2306 4260 alimenta
2322 4180 2682 4265 venumdent,
2716 4197 3006 4268 multaeque
3043 4195 3188 4267 leges
3217 4180 3359 4266 apud
3386 4207 3486 4248 nos
3515 4202 3644 4247 sunt

2050 4297 2117 4355 ad
2144 4295 2429 4353 utilitatem
2459 4293 2828 4364 jumentorum
2853 4309 2868 4346 :
2891 4290 2960 4346 de
2985 4290 3161 4344 anima
3190 4278 3328 4343 ratio
3354 4286 3520 4342 nulla.
3539 4285 3645 4341 Ve-

2051 4406 2171 4446 rum
2202 4387 2329 4459 quid
2357 4386 2477 4443 dico
2497 4385 2565 4441 de
2583 4385 2777 4452 brutis,
2802 4399 2922 4455 quae
2945 4382 3102 4437 nobis
3126 4379 3276 4436 utilia
3297 4378 3459 4434 sunt?
3489 4376 3644 4433 Multi

2052 4489 2197 4549 sunt,
2228 4479 2319 4551 qui
2350 4493 2596 4550 passeres
2620 4477 2822 4533 habent
2851 4474 2919 4531 ad
2947 4474 3080 4531 nihil
3108 4475 3287 4535 utiles.
3320 4471 3415 4529 sed
3440 4471 3531 4543 qui
3556 4486 3644 4528 so-

2053 4576 2162 4631 lum
2187 4579 2458 4639 recreant,
2481 4571 2773 4640 multisque
2794 4579 2919 4624 sunt
2946 4569 3088 4624 circa
3132 4568 3252 4624 illos
3283 4568 3451 4638 leges,
3478 4566 3645 4623 nihil.

2052 4682 2155 4739 que
2168 4664 2454 4736 negligitur
2470 4663 2552 4720 vel
2569 4662 2863 4718 omittitur:
2885 4663 3170 4732 omniaque
3186 4661 3355 4732 magis
3371 4675 3643 4723 curamus,

2053 4772 2212 4828 quam
2238 4773 2336 4812 nos
2364 4756 2531 4827 ipsos.
2562 4752 2653 4810 Sic
2682 4754 2933 4810 omnibus
2962 4768 3148 4809 sumus
3193 4752 3561 4823 ignobiliores.
3589 4750 3645 4808 Si

2058 4852 2179 4921 quis
2199 4849 2593 4906 contumeliose
2615 4847 2770 4902 nobis
2788 4846 3004 4915 dixerit,
3025 4846 3208 4914 Canis,
3234 4847 3507 4903 dolemus'
3528 4861 3650 4903 cum

2056 4957 2187 4998 vero
2213 4956 2312 4997 nos
2340 4940 2440 5013 ipsi
2471 4940 2628 4996 nobis
2657 4940 3037 4996 contumeliam
3062 4938 3364 5007 inferimus,
3397 4955 3504 4995 non
3534 4954 3653 4996 ver-

2057 5034 2145 5099 ba,
2179 5032 2274 5088 sed
2298 5049 2379 5099 re,
2408 5047 2510 5088 nec
2532 5040 2735 5086 tantam
2761 5032 2954 5087 anima:
2979 5046 3163 5087 curam
3187 5030 3467 5095 habemus.
3487 5044 3647 5102 quam

2062 5141 2281 5189 canum,
2306 5124 2437 5178 nihil
2463 5138 2563 5178 nos
2586 5124 2695 5193 pati
2720 5133 2988 5194 putamus.
3017 5122 3209 5179 Videte
3235 5122 3448 5194 quantis
3475 5123 3653 5178 omnia

2065 5217 2223 5288 plena
2247 5215 2357 5271 sint
2386 5214 2644 5271 tenebris.
2673 5215 2819 5282 Quot
2846 5223 2973 5270 sunt
3006 5215 3096 5286 qui
3127 5216 3365 5281 student,
3394 5229 3463 5269 ne
3489 5228 3652 5269 canes

2062 5309 2183 5379 plus
2209 5323 2362 5378 aequo
2387 5307 2750 5372 exsatientur;
2781 5316 2842 5362 ut
2870 5307 2980 5362 sint
3021 5307 3240 5363 veloces
3288 5315 3344 5362 et
3386 5305 3656 5362 venatorii

2063 5408 2339 5471 premente
2369 5399 2539 5467 fame;
2557 5399 2626 5456 de
2648 5415 2709 5456 se
2727 5415 2858 5456 vero
2880 5400 3010 5455 nihil
3031 5398 3407 5454 sollicitudinis
3427 5397 3649 5461 habent.

2060 5509 2238 5567 neque
2276 5493 2381 5549 sibi
2428 5493 2768 5564 praecipiunt,
2798 5508 2868 5547 ne
2892 5491 3100 5549 deliciis
3140 5491 3271 5547 dent
3315 5505 3570 5561 operam:
3603 5500 3657 5545 et

2059 5588 2215 5643 bruta
2247 5585 2466 5656 quidem
2497 5583 2869 5658 philosophari
2898 5585 3116 5653 docent,
3143 5598 3205 5642 se
3232 5598 3362 5640 vero
3385 5583 3440 5639 in
3467 5583 3653 5643 bruto-

2057 5696 2177 5736 rum
2210 5680 2471 5736 feritatem
2497 5678 2604 5743 labi
2630 5678 2933 5750 patiuntur.

2122 5837 2142 5871 ι
2167 5836 2226 5886 In
2236 5835 2409 5905 Graeco
2428 5831 2630 5905 legitur,
2644 5843 2765 5884 πάντα
2778 5845 2893 5890 uti...
2908 5849 3092 5900 ιινοῡμιν,
3116 5836 3242 5903 quod
3262 5843 3355 5902 est,
3379 5837 3657 5896 adlltcrsm.

2073 5911 2263 5951 enatam
2277 5893 2543 5964 {reticulum
2565 5907 2822 5950 movemus.

3112 6084 3134 6119 δ
