4112 6472
413 402 514 458 251

493 512 770 568 Brutorum
791 504 1115 579 plu‘losOphia
1140 517 1274 575 quia.
1292 530 1366 541 ——
1391 496 1639 567 ﬁnigma
1661 501 1743 548 eSt
1763 490 1879 544 haec
1901 499 2012 542 res.

424 605 492 661 Et
521 603 736 659 ubinam
761 609 886 656 sunt
911 596 1163 654 animalia
1185 591 1524 665 pbi1050plia,
1557 584 1798 658 inquies?
1825 584 2018 637 Annon

1127 391 1188 448 S.
1225 383 1503 446 )OANNIS
1536 370 2017 438 CHRYSOSTOMI
2058 369 2376 427 ARCIIIEP.
2403 366 2935 426 CONSTANTINOP.

3635 363 3736 418 ’ἑδὲ

2121 482 2365 538 infideles
2391 483 2531 539 bene
2559 492 2742 553 agunt,
2770 489 2826 537 et
2853 484 2980 538 fera:
3000 496 3300 555 canesque;
3332 482 3451 540 soli
3485 481 3728 539 homines

2121 575 2361 632 minime.
2397 574 2504 632 Sed
2536 587 2592 631 et
2631 590 2729 630 nos
2774 577 2874 647 ipsi
2918 591 3020 631 nos
3042 577 3454 644 accusabimus,
3487 579 3587 648 qui
3620 595 3729 638 cum

425 699 524 754 tibi
551 696 762 752 videtur
791 707 999 764 magna:
1025 703 1146 746 esse
1173 683 1548 759 philosomiize,
1572 695 1693 735 cum
1720 675 1872 732 cauis
1902 689 2028 745 pre-
2123 673 2396 734 volumus,
2429 678 2577 725 recte
2600 670 2842 740 agimus;
2871 684 2993 726 cum
3036 686 3167 726 vero
3210 671 3583 742 negligimus,
3618 690 3738 744 per-

427 799 608 846 mente
624 787 786 852 fame,
811 794 1094 857 postquam
1115 783 1168 837 in
1186 787 1378 836 venatu
1401 775 1564 845 cepit,
1581 789 1609 827 a
1634 770 1882 843 praesenti
1901 783 2024 822 esca

427 882 684 946 abstinet,
717 891 770 937 et
801 887 1025 951 urgente
1048 875 1187 932 fame
1211 871 1484 929 dominum
1501 863 1808 937 exspectat?
1826 862 2030 918 Pudeat

432 991 563 1032 vos:
590 982 810 1030 ventres
847 972 1042 1028 docete
1084 977 1316 1032 vestros,
1349 975 1410 1020 ut
1453 966 1524 1019 ita
1564 963 1674 1018 sint
1699 955 2026 1029 philosophi.

434 1068 588 1124 Nulla
615 1066 769 1121 vobis
798 1064 1074 1120 excusatio
1100 1069 1202 1116 est.
1247 1058 1380 1114 Cum
1413 1065 1618 1112 natura:
1657 1046 2031 1114 irrationabili,

437 1176 560 1233 quze
600 1173 701 1214 nec
729 1155 966 1226 loquitur
995 1169 1095 1208 nec
1132 1150 1501 1210 ratiocinator,
1552 1154 1753 1202 tantam
1798 1140 2037 1233 philoso—

444 1232 626 1320 phiam
657 1248 845 1303 indere
891 1247 1088 1318 possis,
1139 1244 1310 1300 multo
1359 1239 1530 1312 magis
1561 1236 1763 1308 poteris
1790 1233 1882 1288 tibi
1913 1232 2033 1303 ipsi.

443 1342 596 1411 Quod
623 1340 766 1396 enim
797 1355 864 1394 ex
897 1339 1128 1394 humana
1151 1335 1447 1407 diligentia,
1480 1347 1586 1387 non
1609 1347 1675 1386 ex
1705 1336 1892 1383 natura
1919 1340 2043 1396 pro-

447 1433 717 1489 ficiscatur
742 1429 946 1499 liquet;
975 1427 1212 1498 alioquin
1241 1435 1516 1496 oporteret
1543 1434 1733 1477 omnes
1754 1432 1915 1474 canes
1941 1415 2044 1471 hoc

446 1523 669 1578 habere.
705 1518 895 1575 Estote
935 1519 1131 1575 saltem
1159 1519 1301 1574 sicut
1344 1530 1528 1572 canes.
1574 1513 1684 1568 Vos
1726 1527 1812 1566 me
1853 1510 2046 1580 cogitis

450 1615 576 1670 hinc
601 1612 846 1684 exempla
873 1611 1104 1666 ducere:
1136 1609 1461 1681 oportuisset
1489 1607 1632 1662 enim
1663 1620 1693 1660 a
1720 1603 2046 1665 caelestibus;

452 1708 577 1778 quia
605 1720 736 1762 vero
764 1705 810 1762 si
844 1705 950 1760 tale
977 1702 1252 1776 quidpiam
1284 1702 1494 1769 dixero,
1535 1699 1714 1755 dicitis
1743 1697 1833 1752 illa
1858 1710 2052 1768 magna

455 1791 757 1856 esse:ideo
789 1797 923 1853 nihil
966 1796 1261 1853 czelestium
1305 1808 1568 1850 memoro.
1600 1792 1656 1848 Si
1696 1789 1884 1846 dixero
1910 1789 2053 1844 Pau-

459 1890 794 1957 lum,dicitis
837 1890 986 1945 illum
1033 1887 1200 1943 fuisse
1244 1885 1578 1958 apostolum;
1612 1883 1733 1938 ideo
1775 1896 1883 1936 non
1933 1878 2057 1934 dico

459 1982 703 2039 Paulum.
736 1981 792 2037 Si
824 1981 1010 2036 dixero
1033 1979 1328 2047 hominem,
1358 1975 1568 2041 dicetis,
1591 1973 1685 2030 Ille
1712 1973 1912 2043 potuit;
1937 1971 2058 2026 ideo

458 2091 638 2145 neque
668 2075 940 2129 hominem
972 2071 1114 2140 dico,
1156 2071 1250 2128 sed
1279 2070 1530 2135 bestiam,
1576 2075 1632 2123 et
1671 2065 1900 2122 bestiam
1940 2080 2061 2136 qua:

461 2167 567 2222 hoc
587 2181 694 2222 non
717 2181 782 2222 ex
817 2175 1005 2220 natura
1028 2180 1125 2219 sua
1152 2163 1334 2228 liabet,
1367 2176 1436 2216 ne
1457 2159 1652 2216 dicatis
1674 2158 1842 2228 ipsam
1870 2172 1936 2211 ex
1963 2171 2061 2210 na-

467 2268 587 2313 tura
617 2257 841 2322 babere,
872 2271 982 2312 non
1009 2272 1075 2312 ex
1106 2254 1390 2326 proposito
1429 2267 1560 2318 suo;
1591 2249 1842 2322 quodque
1867 2250 2062 2304 mirum

467 2357 576 2413 est,
606 2364 715 2403 non
742 2348 1020 2418 proposito
1047 2361 1166 2412 suo,
1197 2344 1292 2400 sed
1314 2359 1443 2400 cura
1481 2352 1590 2399 tua.
1627 2341 1744 2397 Non
1771 2340 1912 2410 quod
1940 2339 2065 2394 fati-

469 2449 616 2509 gata,
651 2453 756 2494 non
785 2438 926 2507 quod
958 2452 1118 2492 cursu
1163 2435 1453 2505 discerpta,
1496 2449 1604 2490 non
1652 2431 1798 2502 quod
1845 2431 2068 2503 proprio

473 2529 659 2584 labore
681 2538 829 2598 parta
856 2527 969 2583 lnrc
995 2528 1224 2598 cogitet;
1255 2525 1350 2582 sed
1375 2525 1458 2580 his
1485 2523 1736 2579 omnibus
1761 2521 1911 2578 ‘foras
1941 2523 2071 2578 mis-

475 2621 572 2688 sis,
589 2621 796 2689 jussum
816 2619 1018 2674 domini
1037 2627 1217 2675 servat
1233 2629 1280 2674 et
1304 2629 1490 2674 ventre
1507 2616 1566 2672 ﬁt
1583 2617 1849 2687 superior.
1872 2616 2068 2682 Etiam,

476 2711 720 2781 inquies;
750 2718 1027 2779 exspectat
1073 2709 1216 2763 enim
1268 2707 1495 2772 laudari,
1545 2715 1822 2779 exspectat
1869 2707 2073 2778 majore

475 2801 581 2857 frui
610 2816 816 2857 mensa.
843 2801 936 2855 Dic
968 2799 1128 2872 igitur
1159 2799 1252 2855 tibi
1281 2800 1402 2870 ipsi,
1436 2815 1623 2855 canem
1645 2815 1741 2870 spe
1763 2799 1956 2856 futurae
1975 2815 2074 2855 vo-

477 2894 695 2962 luptatis
727 2901 1046 2962 praesentem
1069 2892 1378 2964 despicere;
1403 2900 1458 2946 tu
1483 2907 1613 2948 vero
1636 2907 1746 2948 non
1769 2894 1854 2949 vis
1879 2909 1975 2964 spe
1997 2892 2080 2948 fu-

482 2993 726 3038 turorum
779 2984 1045 3039 bonorum
1099 2983 1383 3054 prirsentia
1423 2992 1791 3039 contemnere.
1837 2983 1944 3040 Sed
1989 2984 2080 3039 ille

483 3076 698 3146 quidem
731 3074 900 3141 novit,
933 3076 977 3129 si
1009 3073 1384 3143 intempestive
1403 3082 1454 3129 et
1483 3085 1682 3144 przeter
1709 3073 1958 3144 placitum
1980 3073 2082 3128 do-

489 3168 622 3222 mini
651 3167 830 3222 cibum
862 3166 1127 3236 degustet,
1161 3165 1254 3220 illo
1278 3166 1440 3221 etiam
1463 3165 1780 3237 privandum
1811 3180 1952 3234 esse,
1975 3181 2077 3222 nec

491 3269 729 3329 paratam
770 3274 950 3315 eseam
991 3259 1295 3316 habiturum
1327 3274 1469 3324 esse,
1502 3258 1596 3314 sed
1629 3259 1810 3332 plagas
1841 3275 1936 3330 pro
1959 3261 2083 3316 cibo

491 3361 868 3422 accepturum;
905 3361 958 3406 tu
990 3365 1121 3406 vero
1151 3367 1220 3406 ne
1248 3350 1351 3406 hoc
1380 3351 1594 3422 quidem
1621 3360 1772 3422 potes
1797 3351 1981 3408 videre
2002 3373 2016 3410 :
2035 3363 2091 3408 et

494 3444 636 3514 quod
663 3445 751 3500 ille
779 3459 810 3499 a
834 3443 1225 3500 consuetudine
1267 3443 1472 3509 didicit,
1525 3443 1628 3499 hoc
1659 3455 1714 3500 tu
1742 3445 1952 3500 ratione
1982 3461 2090 3500 non

494 3535 771 3593 emendas.
802 3535 1078 3591 Imitemur
1103 3549 1287 3591 canes.
1313 3533 1429 3591 Hoc
1450 3534 1701 3591 dicuntur
1721 3544 1775 3591 et
1803 3537 2093 3608 accipitres

497 3637 550 3684 et
577 3628 768 3696 aquila:
798 3627 1008 3693 facere;
1043 3635 1096 3681 et
1126 3627 1268 3682 sicut
1305 3626 1450 3681 inter
1489 3626 1632 3682 feras
1675 3636 1729 3682 et
1753 3642 1976 3698 capreas
2005 3642 2096 3684 ca-

499 3737 618 3787 nes,
648 3721 726 3774 sic
756 3719 808 3774 bi
841 3719 981 3775 inter
1009 3734 1134 3774 aves
1155 3717 1369 3774 'fac'iun‘t
1389 3717 1483 3773 :‘hi
1515 3734 1641 3774 vero
1671 3719 1830 3774 etiam
1876 3735 1944 3775 ex
1990 3719 2094 3774 liu-

503 3826 661 3866 mana
703 3811 1060 3882 pliilOSOphia.
1099 3810 1225 3866 llaec
1271 3825 1371 3865 nos
1418 3809 1675 3866 damnare
1706 3823 1949 3882 possunt,
1982 3811 2099 3867 haec

505 3917 605 3958 nos
630 3917 844 3972 capere.
877 3903 1037 3957 Aliud
1068 3902 1274 3957 dicam:
1300 3917 1469 3973 equos
1493 3912 1734 3973 agrestes
1772 3912 1828 3959 et
1865 3903 2099 3960 indomi-

506 4005 612 4061 tos,
642 3995 985 4050 calcitrantes
1014 4003 1068 4049 et
1095 3995 1425 4062 mordentes,
1457 3994 1605 4050 brevi
1635 4005 1877 4064 tempore
1907 3996 1977 4050 ita
2009 4012 2102 4066 pe-

509 4085 596 4141 riti
629 4085 897 4151 erudiunt,
925 4095 983 4140 ut
1008 4099 1174 4156 eques
1203 4085 1441 4141 insidens
1470 4101 1536 4141 ex
1565 4086 1864 4158 composito
1890 4087 2104 4143 incessu

508 4179 813 4234 o'b‘lectetur
851 4179 1130 4233 :animam
1179 4194 1308 4233 vero
1360 4178 1714 4249 incomposite
1767 4178 2104 4236 incedentem

513 4289 674 4331 nemo
702 4283 874 4342 curat,
906 4274 1000 4330 sed
1023 4274 1199 4329 exsilit
1225 4274 1332 4341 illa,
1363 4273 1626 4341 calcitrat,
1653 4272 1909 4330 deorsum
1938 4274 2107 4330 trabi-

515 4379 600 4424 tur
629 4379 688 4424 u’t
713 4385 867 4440 puer,
893 4367 1156 4424 indecore
1185 4368 1383 4423 millies
1426 4369 1556 4439 agit,
1589 4382 1856 4439 nemoque
1884 4369 1986 4440 ipsi
2016 4385 2108 4424 ca-

519 4476 665 4515 mum
699 4460 868 4530 injicit
905 4469 957 4515 et
987 4459 1280 4516 retinacula
1327 4459 1542 4530 pedum,
1588 4461 1672 4516 vel
1724 4459 1894 4527 frena,
1938 4477 2113 4533 neque

521 4551 756 4606 admittit
786 4551 876 4605 illa
907 4551 1140 4620 peritum
1185 4551 1443 4620 equitem,
1493 4550 1766 4606 Christum
1811 4550 1953 4607 dico.
1989 4551 2114 4607 Ideo

522 4641 702 4696 omnia
731 4657 823 4696 sus
850 4641 1022 4710 deque
1048 4642 1218 4712 posita
1242 4650 1387 4696 sunt.
1420 4641 1551 4697 Cum
1576 4643 1716 4697 enim
1740 4659 1900 4699 canes
1921 4643 2116 4701 doceas

524 4735 700 4790 ventri
731 4733 1016 4806 imperare,
1060 4742 1116 4788 et
1145 4733 1380 4788 furorem
1406 4733 1582 4789 leonis
1604 4733 1850 4800 edomes,
1889 4746 1943 4792 et
1973 4735 2118 4791 fero-

527 4825 666 4878 ciam
707 4825 848 4894 equi,
897 4833 952 4879 et
980 4824 1176 4879 doceas
1206 4838 1333 4878 aves
1357 4823 1510 4894 loqui
1546 4839 1560 4876 :
1602 4839 1781 4878 annon
1824 4824 2116 4879 absurdum

531 4916 694 4970 fuerit
722 4916 893 4971 brutis
921 4917 1126 4971 naturis
1147 4917 1478 4971 rationabilis
1511 4933 1673 4987 opera
1714 4919 1919 4985 indere,
1952 4922 2002 4975 in
2030 4937 2121 4974 ra-

537 5006 808 5062 tionabilis
838 5021 968 5062 vero
1006 5007 1452 5062 irrationabilium
1483 5008 1610 5061 vitia
1654 5009 1942 5065 inducere?
1967 5011 2124 5068 Nulla

538 5097 712 5162 nobis,
743 5097 888 5151 nu'lla
917 5107 1064 5153 certe
1091 5098 1246 5152 venia
1289 5109 1391 5152 est.
1423 5096 1622 5152 Omnes
1658 5099 1746 5168 qui
1777 5100 1914 5156 bene
1938 5111 2122 5172 agunt,

535 5200 642 5244 tam
676 5188 861 5244 fideles
903 5203 1061 5259 quam
1111 5188 1377 5257 infideles,
1408 5203 1505 5244 nos
1531 5191 1876 5246 accusabunt.
1907 5192 2039 5248 Nam
2072 5205 2126 5251 et

2127 763 2409 817 trahimur.
2431 761 2562 816 Nam
2585 777 2653 818 ex
2673 763 2734 818 iis
2753 763 2938 831 etiam,
2959 763 3050 834 qui
3073 765 3391 835 nequissimi
3411 774 3572 832 sunt,
3597 769 3748 825 multi

2131 869 2276 924 saepe
2299 870 2423 910 cum
2450 855 2671 922 vellent,
2696 863 2824 911 sunt
2849 857 3058 912 mutati.
3083 855 3141 912 lu
3172 872 3330 913 causa
3357 867 3478 926 est,
3509 869 3572 914 ut
3615 861 3746 932 dixi,

2133 947 2257 1016 quia
2282 947 2592 1014 circuimns,
2609 963 2670 1002 ea
2689 957 2993 1018 qumrentcs
3007 967 3127 1021 qua:
3143 953 3265 1008 aliis
3286 955 3447 1010 utilia
3460 968 3619 1023 sunt,
3643 973 3749 1013 nou

2137 1041 2312 1096 nobis.
2335 1041 2390 1097 Si
2413 1040 2628 1096 domum
2647 1044 2977 1101 exstruxeris
2993 1046 3354 1120 splendidam,
3369 1048 3588 1106 domus
3605 1067 3754 1108 eom-

2142 1133 2303 1187 modo
2323 1132 2529 1201 studes,
2557 1149 2663 1189 non
2691 1142 2815 1189 tuo:
2847 1136 2892 1190 si
2923 1145 3128 1193 vestem
3154 1141 3508 1208 magniﬁcam
3529 1145 3753 1207 emeris.

2143 1227 2387 1296 corporis
2418 1225 2599 1282 decori
2637 1229 2902 1289 consulis.
2935 1245 3042 1285 non
3075 1239 3166 1286 tuo
3193 1250 3208 1288 :
3236 1233 3282 1288 si
3308 1249 3526 1304 equum
3559 1235 3754 1292 bonum

2145 1318 2437 1387 curaveris,
2474 1319 2741 1375 similiter.
2783 1321 2953 1378 Nemo
2980 1333 3135 1379 curat
3161 1334 3222 1380 ut
3247 1327 3318 1381 sit
3341 1327 3538 1381 anima
3567 1328 3709 1384 bona
3739 1347 3754 1386 :

2146 1412 2392 1482 quamvis
2406 1413 2452 1468 si
2475 1414 2567 1468 illa
2584 1413 2722 1469 bona
2751 1414 2841 1482 sit,
2868 1431 2974 1471 non
2998 1416 3067 1472 sit
3093 1417 3197 1472 illis
3217 1433 3386 1488 opus;
3412 1420 3464 1474 si
3489 1419 3639 1475 bona
3659 1437 3751 1476 non

2151 1507 2239 1570 sit,
2269 1506 2414 1561 nulla
2441 1522 2508 1562 ex
2536 1506 2641 1562 illis
2669 1507 2890 1564 utilitas.
2919 1508 3069 1565 Sicut
3095 1510 3239 1566 enim
3278 1527 3408 1567 cum
3459 1511 3534 1568 de
3567 1527 3755 1583 sponsa

2153 1599 2346 1669 agitur,
2378 1599 2497 1654 sive
2541 1599 2665 1654 lecti
2708 1600 2819 1654 sint
2865 1615 2932 1656 ex
2979 1601 3338 1659 velaminibus
3388 1604 3610 1669 aureis,
3655 1606 3764 1659 sive

2154 1689 2306 1745 chori
2337 1689 2623 1746 mulierum
2657 1690 3192 1761 formosissimarum,
3233 1696 3351 1750 sive
3399 1712 3553 1752 rosa:
3591 1696 3767 1752 adsint

2157 1790 2212 1837 et
2236 1796 2474 1848 coronae,
2502 1782 2618 1838 sive
2644 1798 2877 1852 sponsus
2905 1783 3197 1851 formosus,
3241 1787 3356 1842 sive
3384 1787 3634 1852 ancillte,
3659 1785 3768 1842 sive

2158 1873 2348 1928 amicae
2376 1881 2690 1943 cunctaeque
2715 1874 2929 1930 decorre
2957 1875 3085 1940 sint,
3133 1877 3177 1931 si
3227 1877 3318 1932 illa
3361 1878 3638 1933 deformis
3679 1877 3766 1944 sit,

2165 1964 2310 2020 nulla
2332 1964 2567 2031 utilitas;
2598 1973 2659 2020 ut
2684 1982 2862 2036 neque
2885 1966 3164 2035 damnum,
3193 1969 3238 2024 si
3263 1969 3350 2024 illa
3395 1970 3630 2039 pulchra
3662 1971 3768 2033 sit;

2166 2058 2275 2112 imo
2301 2066 2508 2114 contra.
2544 2057 2676 2114 Nam
2699 2059 2743 2114 si
2769 2059 3028 2116 deformis
3051 2063 3141 2129 sit,
3169 2078 3200 2118 a
3230 2062 3491 2119 formosis
3515 2063 3767 2129 laudetur;

2168 2149 2213 2204 si
2236 2147 2494 2218 formosa,
2521 2165 2554 2205 a
2581 2149 2913 2208 deformibus
2949 2153 3244 2222 juvabitur.
3274 2156 3365 2212 Sic
3399 2167 3458 2210 et
3488 2157 3694 2222 anima,
3725 2158 3770 2211 si

2170 2241 2390 2312 pulchra
2418 2243 2509 2310 sit,
2551 2258 2660 2298 non
2687 2243 2849 2299 modo
2875 2245 3025 2300 nullo
3069 2250 3260 2301 horum
3287 2263 3432 2319 opus
3465 2247 3652 2315 habet,
3681 2245 3772 2301 sed

2171 2333 2334 2388 etiam
2367 2334 2456 2388 illa
2501 2334 3163 2406 obumbratpul-chritudo
3191 2339 3328 2408 ejus.
3378 2339 3773 2410 Philosophum

2174 2424 2317 2479 enim
2349 2440 2459 2479 non
2503 2425 2582 2479 sic
2611 2427 2663 2480 in
2704 2426 2935 2494 divitiis,
2967 2438 3023 2482 ut
3052 2429 3107 2483 in
3137 2438 3461 2499 paupertate
3489 2429 3771 2500 fulgentem

2175 2515 2497 2573 videbimus.
2529 2517 2663 2572 Nam
2691 2519 2735 2574 si
2764 2519 2916 2574 dives
2943 2522 3033 2587 sit,
3065 2521 3214 2575 multi
3241 2522 3443 2590 opibus
3467 2521 3775 2576 adscribunt

2177 2609 2454 2676 virtutem,
2487 2619 2673 2680 utpote
2704 2611 2851 2666 nullo
2874 2621 3158 2683 egentem:
3189 2613 3234 2668 si
3266 2629 3398 2668 vero
3430 2614 3504 2668 sit
3531 2614 3702 2683 inops,
3719 2619 3773 2667 et

2179 2700 2403 2756 omnino
2427 2703 2730 2772 splendeat,
2749 2720 2852 2760 nec
2871 2713 3025 2776 turpe
3040 2706 3312 2777 quidpiam
3330 2722 3500 2777 agere
3526 2714 3771 2776 cogatur;

2182 2811 2344 2852 nemo
2370 2811 2493 2852 cum
2519 2798 2612 2853 illo
2638 2798 2704 2854 de
2732 2798 3085 2870 philosophia:
3109 2814 3312 2855 corona
3336 2800 3634 2856 contendit.

2257 2891 2445 2945 Anima
2473 2891 2708 2944 ornanda
2736 2892 2852 2963 plus
2880 2908 3034 2961 quam
3059 2892 3164 2946 alia
3211 2893 3406 2947 omnia.
3445 2889 3770 2945 —Animam

2187 2983 2350 3054 igitur
2375 2999 2652 3051 ornemus,
2681 2985 2726 3038 si
2753 2983 2944 3039 divites
2973 2998 3094 3039 esse
3119 2983 3368 3038 velimus.
3392 2984 3524 3052 Quae
3551 2981 3763 3044 utilitas,

2192 3078 2238 3132 si
2269 3077 2429 3132 mula:
2456 3076 2591 3132 albae
2621 3076 2749 3143 sint,
2783 3076 3008 3148 pingues
3038 3085 3092 3132 et
3114 3077 3314 3140 obesaa,
3347 3084 3404 3130 tu
3436 3090 3563 3132 vero
3587 3073 3672 3144 qui
3690 3087 3771 3128 se-

2194 3169 2312 3235 dcs,
2343 3170 2579 3240 gracilis,
2610 3169 2887 3225 scabiosus
2910 3179 2966 3226 et
2990 3169 3283 3224 deformis?
3305 3169 3454 3239 quod
3482 3170 3704 3228 lucrum,
3730 3162 3774 3217 si

2199 3270 2366 3317 strata
2412 3260 2594 3316 mollia
2638 3270 2694 3316 et
2736 3262 2986 3332 pulchra,
3033 3262 3296 3317 varietate
3335 3271 3564 3330 artaque
3593 3259 3768 3328 plena;

2197 3355 2373 3408 anima
2403 3369 2532 3408 vero
2559 3354 2750 3424 pannis
2779 3355 2970 3410 laceris
2999 3354 3204 3415 induta.
3237 3354 3317 3410 vel
3349 3354 3494 3408 nuda
3533 3361 3587 3406 et
3614 3347 3770 3405 Γωόαῖ

2198 3444 2342 3516 quod
2381 3445 2610 3512 lucrum,
2657 3447 2701 3500 si
2747 3461 2918 3516 equus
2945 3446 3246 3516 composito
3271 3445 3444 3516 gradu
3479 3442 3699 3506 incedat,
3727 3446 3775 3492 et

2201 3539 2580 3610 tripudiantem
2607 3540 2776 3610 magis
2801 3539 3017 3608 referat,
3040 3556 3200 3611 quam
3217 3538 3578 3604 incedentem,
3603 3541 3777 3602 etpost

2202 3629 2511 3701 bujusmodi
2550 3630 2801 3687 choream
2831 3632 3069 3710 spopsali
3109 3632 3180 3686 sit
3222 3637 3541 3685 ornamento
3567 3626 3776 3681 decora-

2204 3732 2322 3788 tus;
2345 3737 2511 3794 eques
2532 3739 2663 3778 vero
2695 3724 2815 3794 plus
2837 3739 2997 3793 quam
3025 3721 3248 3777 claudus
3283 3721 3566 3785 claudicet,
3593 3724 3645 3772 et
3669 3713 3778 3782 plus

2205 3831 2365 3887 quam
2393 3816 2637 3872 ebriosus
2656 3818 2777 3886 quis
2807 3815 3147 3886 furiosusque
3176 3815 3436 3870 distortus
3464 3815 3530 3870 sit
3550 3807 3777 3864 manibus

2207 3906 2563 3978 pedibusque.
2600 3909 2694 3962 Dic
2724 3907 2883 3973 mihi,
2911 3909 2957 3963 si
2986 3909 3108 3979 quis
3150 3908 3245 3962 tibi
3287 3906 3443 3962 daret
3467 3915 3650 3974 equum
3675 3896 3780 3966 pul-

2210 4000 2422 4066 chrum,
2452 4007 2506 4055 et
2543 4015 2739 4071 corpus
2771 4009 2918 4056 tuum
2969 4001 3350 4071 distorqueret,
3401 4013 3513 4068 qua:
3553 3986 3773 4047 utilitas?

2211 4091 2366 4149 Nunc
2390 4093 2625 4148 animam
2657 4091 2940 4148 distortam
2975 4092 3164 4158 habes,
3193 4106 3291 4147 nec
3315 4104 3484 4144 curas.
3531 4085 3602 4140 De
3627 4076 3770 4135 nobis

2214 4185 2366 4255 ipsis,
2390 4200 2594 4256 quaeso,
2627 4185 2842 4240 tandem
2865 4185 3087 4241 solliciti
3107 4185 3296 4240 simus.
3325 4183 3401 4238 Ne
3426 4195 3518 4236 nos
3545 4171 3783 4232 omnibus

2215 4279 2686 4351 ignominiosiores
2715 4280 3124 4335 constituamus.
3167 4279 3225 4334 Si
3253 4279 3372 4349 quis
3413 4291 3507 4331 nos
3547 4263 3782 4327 conviciis

2218 4374 2472 4440 incessat,
2503 4374 2816 4431 mordemur
2861 4373 3243 4444 dolemusque;
3287 4387 3411 4427 cum
3442 4383 3564 4426 vero
3600 4375 3691 4419 nos
3729 4371 3783 4412 re

2219 4470 2334 4542 ipsa
2360 4470 2698 4525 contumeliis
2719 4468 3004 4534 allicimus,
3054 4483 3158 4523 non
3185 4466 3569 4522 convertimur.
3596 4449 3780 4542 Resipl'

2222 4541 2434 4617 scamus
2465 4563 2547 4614 vel
2575 4576 2699 4616 sero
2723 4559 2962 4628 tandem;
2991 4568 3050 4615 ut
3075 4560 3367 4630 possimus,
3397 4564 3662 4627 postquam
3680 4541 3778 4599 ani-

2222 4670 2366 4711 mam
2396 4655 2786 4722 curaverimus,
2837 4663 2891 4710 et
2940 4655 3193 4710 virtutem
3236 4653 3582 4713 coluerimus,
3613 4649 3781 4701 πίθηαι

2224 4751 2480 4822 consequi
2510 4751 2670 4818 bona,
2717 4753 2888 4824 gratia
2921 4760 2974 4808 et
3021 4750 3348 4821 benignitate
3391 4745 3600 4803 Domini
3641 4730 3788 4794 ῐιοειπί

2225 4841 2354 4898 Jesu
2379 4841 2601 4907 Christi,
2635 4847 2850 4915 quicum
2894 4843 3040 4899 Patri
3080 4853 3137 4899 et
3165 4842 3386 4912 Spiritui
3417 4849 3604 4896 sancto
3623 4827 3794 4904 gloria.

2226 4935 2535 5006 imperium,
2579 4937 2774 5004 honor,
2805 4952 2948 4993 nunc
2985 4946 3040 4992 et
3066 4950 3302 5006 semper,
3327 4943 3382 4989 et
3411 4933 3464 4988 in
3489 4927 3678 4989 srecula
3703 4930 3792 4974 818‘

2229 5027 2493 5086 culorum.
2519 5029 2711 5084 Amen.

533 5318 3798 5357 mw

1849 5402 2197 5470 HOMILIA
2240 5410 2514 5479 XXXV.

534 5539 666 5596 Car.
697 5541 784 5596 16.
831 5556 885 5596 v.
935 5541 1022 5597 15.
1073 5540 1172 5595 Die
1195 5549 1361 5594 autent
1389 5539 1712 5595 sabbatorum
1748 5544 1934 5610 egressi
1954 5562 2129 5603 sumus

608 5633 737 5686 urbe
762 5650 932 5687 versus
965 5634 1198 5702 ﬂuoium,
1230 5635 1317 5687 ubi
1356 5633 1546 5688 solebat
1591 5635 1755 5689 oratio
1785 5652 1890 5690 esse
1920 5653 1939 5692 :
1972 5649 2019 5694 et
2048 5657 2129 5696 se-

615 5725 783 5779 dentes
822 5727 1148 5796 loquebamur
1173 5729 1484 5791 mulieribus,
1516 5745 1630 5797 qua:
1653 5742 2006 5788 convenerant.
2040 5735 2126 5791 η.

616 5812 684 5866 Et
709 5818 937 5881 quietiam
967 5819 1149 5876 mulier
1183 5823 1384 5879 nomine
1409 5821 1598 5894 Lydia,
1639 5827 1972 5898 purpuraria,
2002 5828 2128 5885 civi-

2308 5567 2429 5619 tatis
2478 5563 2941 5637 Tltyatireuorum,
2974 5571 3144 5624 colons
3187 5569 3371 5634 Deum,
3418 5568 3605 5623 audivit
3633 5580 3649 5617 :
3675 5557 3806 5627 cui?“

2307 5657 2562 5715 Dominus
2588 5676 2676 5715 cor
2701 5664 2924 5732 aperuit,
2953 5672 3008 5717 ut
3034 5663 3309 5717 attenderct
3330 5665 3393 5717 iis
3411 5679 3526 5734 qua
3538 5657 3807 5715 dicebant!"

2311 5771 2344 5808 a
2366 5755 2552 5812 Paulo.

2315 5843 2368 5899 1.
2400 5842 2599 5900 Paulus
2620 5842 2880 5925 judaizat.
2913 5839 3094 5915 Lydia:
3120 5842 3446 5918 philosophia
3465 5852 3514 5902 et
3536 5831 3804 5894 humilitas.

2211 5956 2278 5975 ,ιε’
