4112 6432
300 565 415 620 οῦκ
442 563 595 617 ἐστιν
631 564 770 636 ὑμῖν
799 564 1084 634 ἀπολογία.
1127 563 1331 636 Ἀλόγῳ
1351 564 1511 634 φύσει
1543 565 1790 638 δυνηθεὶς
1817 566 1992 620 ἐνθεῖ-

300 670 395 707 ναι
415 651 542 706 αὖτε
591 651 949 725 φθεγγομένη
997 652 1120 706 οὔτε
1166 653 1429 725 λογισμὸν
1477 654 1678 728 ἐχούσῃ
1720 655 1991 727 τοσαύτην

315 740 648 812 φιλοσοφίαν,
693 740 880 811 πολλῴ
941 741 1139 812 μᾶλλον
1189 741 1393 815 δυνήσῃ
1449 741 1651 813 σαυτῷ.
1706 742 1829 796 Ὅτι
1882 743 1992 814 γὰρ

319 829 629 901 ἐπιμελείας
688 829 1040 903 ἀνθρωπίνης
1093 832 1243 895 ἐστὶ,
1303 833 1400 885 καὶ
1448 832 1509 884 ού
1541 830 1778 902 φύσεως,
1822 831 1992 902 ἐχρῆν

312 916 555 982 ἅπαντας
593 917 754 971 τοῦτο
775 918 902 982 τοὺς
931 917 1099 982 κύνας
1123 918 1288 989 ἔχειν.
1317 917 1547 971 Γένεσθε
1568 914 1661 972 οὖν
1686 918 1828 972 κατά
1864 920 1992 982 τοὺς

308 1004 498 1069 κύνας.
550 1004 746 1076 Ὑμεῖς
777 1022 845 1076 με
871 1005 1209 1074 ἀναγκάζετε
1233 1007 1441 1060 ἐκεῖθεν
1462 1006 1532 1061 τὰ
1568 1005 1992 1078 παραδείγματα

303 1093 527 1187 φέρειν·
558 1091 667 1146 ἔδει
706 1091 806 1187 μὲν
835 1093 1089 1187 γάρρἀπὸ
1119 1094 1227 1187 τῶν
1248 1094 1519 1187 οὐρανίων
1540 1111 1553 1125 ·
1584 1094 1773 1187 ἐπειδη
1800 1093 1992 1187 δέηᾶν

302 1179 448 1235 εἴπω
499 1197 552 1234 τι
594 1179 865 1245 τοιοῦτον,
898 1180 1086 1251 λέγετε
1116 1182 1198 1236 ὅτι
1245 1183 1429 1236 ἐκεῖνα
1477 1182 1690 1255 μεγάλα
1722 1183 1852 1250 είσὶ,
1901 1181 1991 1236 διὰ

300 1269 467 1323 τοῦτο
499 1268 653 1322 οὐδὲν
678 1268 823 1337 λέγω
844 1267 955 1323 τῶν
979 1270 1265 1341 οὐρανίων.
1305 1270 1425 1325 Κᾶν
1458 1270 1599 1324 εἴπω
1626 1272 1718 1325 τὸν
1742 1271 1953 1327 Παῦλον
1968 1312 1987 1340 ,

306 1355 502 1424 λέγετε
528 1358 611 1410 ὅτι
640 1357 850 1419 ἐκεῖνος
870 1356 1168 1421 ἀπόστολος
1197 1353 1266 1430 ἦν
1285 1373 1300 1390 ο
1330 1357 1418 1412 διὰ
1436 1358 1597 1412 τοῦτο
1625 1358 1747 1413 ούδέ
1776 1358 1989 1414 Παῦλον

309 1443 482 1512 λέγω.
511 1446 609 1497 “Av
631 1444 768 1498 εἴπω
803 1443 1110 1515 ἄνθρωπον,
1136 1444 1326 1515 λέγετε
1366 1447 1448 1500 ὅτι
1484 1447 1693 1509 ἐκεῖνος
1724 1446 1987 1517 ἠδύνατοιο

308 1533 407 1587 διὰ
423 1532 588 1587 τοῦτο
613 1532 724 1586 οῦδέ
752 1530 901 1604 [267]
937 1531 1224 1605 ἄνθρωπον
1251 1534 1414 1602 λέγω,
1446 1533 1583 1588 ἀλλά
1626 1533 1848 1604 θηρίον,
1892 1534 1989 1588 καὶ

314 1620 521 1692 θηρίον
543 1620 604 1673 οὗ
633 1618 779 1690 φύσει
805 1620 966 1674 τοῦτο
990 1620 1131 1692 ἔχον,
1151 1622 1239 1675 ἵνα
1262 1621 1337 1692 μὴ
1366 1622 1557 1690 εἴπητε
1581 1621 1663 1674 δτι
1689 1619 1869 1690 φύσει,
1896 1622 1990 1675 καὶ

318 1709 386 1761 οὗ
418 1708 722 1780 προαιρέσει
738 1706 901 1761 τοῦτο
916 1708 1251 1781 κατώρθωσε
1266 1726 1285 1741 °
1310 1710 1403 1763 καὶ
1428 1710 1491 1763 τὸ
1517 1709 1583 1781 δὴ
1602 1721 1628 1751 ι
1651 1708 1988 1779 θαυμαστὸν,

318 1796 635 1867 προαιρέσει
658 1796 753 1850 οὐκ
788 1797 987 1868 οίκείᾳ,
1033 1797 1169 1852 ἀλλὰ
1205 1800 1272 1869 τῇ
1309 1800 1375 1870 σῇ
1417 1797 1728 1869 ἐπιμελείᾳ.
1756 1799 1867 1867 Ούχ
1904 1798 1989 1852 ὅτι

314 1884 619 1952 κατεκόπη,
650 1884 745 1955 οὐχ
797 1886 880 1939 ὅτι
931 1885 1234 1957 διεσπάσθη
1276 1885 1357 1957 τῷ
1382 1884 1599 1957 δρόμῳ,
1630 1887 1728 1956 οὐχ
1767 1886 1850 1939 ὅτι
1874 1888 1991 1950 τοῖς

306 1971 535 2035 οίκείοις
566 1972 728 2025 αὐτοῦ
762 1973 947 2037 πόνοις
974 1973 1187 2037 ἐλαϐεν,
1220 1975 1422 2029 ἐννοεῖο
1447 1974 1582 2029 ἀλλά
1606 1974 1785 2029 πάντα
1812 1973 1989 2029 ταῦτα

304 2058 477 2131 ῥίψας
520 2059 645 2126 ἔξω,
679 2059 740 2114 τό
769 2061 864 2114 τοῦ
913 2061 1177 2116 δεσπότου
1212 2062 1540 2134 πρόσταγμα
1570 2063 1850 2133 φυλάττει,
1894 2063 1989 2117 καὶ

302 2145 546 2216 γαστρὸς
581 2146 852 2218 ἀνώτερον
876 2148 904 2188 ι)
936 2148 1166 2218 γίνεται.
1206 2150 1339 2215 Ναὶ,
1365 2150 1533 2221 φησί·
1568 2151 1846 2223 προσδοκᾷ
1877 2150 1987 2223 γὰρ

302 2233 784 2306 ἐπαινεθήσεσθαι,
832 2238 1106 2310 προσδοκᾷ
1147 2237 1392 2303 πλείονος
1420 2238 1824 2294 ἁπολαύσεσθαι
1854 2256 1989 2311 τρα-

300 2320 498 2391 πέζης.
534 2323 672 2377 Εἰπὲ
695 2320 789 2378 οὖν
813 2325 907 2378 καὶ
936 2325 1133 2397 σαυτῷ,
1156 2326 1236 2380 ὅτι
1259 2328 1289 2380 ό
1309 2325 1456 2381 κύων
1482 2327 1655 2380 ἐλπίδι
1686 2326 1986 2398 μελλούσης

299 2409 521 2479 ἡδονῆς,
556 2411 657 2481 τῆς
684 2412 967 2484 παρούσης
1003 2416 1372 2485 καταφρονεῖ·
1409 2414 1474 2467 σὺ
1509 2414 1567 2468 δὲ
1606 2415 1667 2468 οὐ
1696 2414 1877 2485 βούλει
1900 2414 1985 2468 ἐλ-

298 2497 417 2550 πίδι
438 2498 552 2551 τῶν
578 2499 881 2569 μελλόντων
899 2500 1120 2570 ἀγαθῶν
1138 2502 1249 2555 τῶν
1271 2502 1556 2573 παρόντων
1584 2507 1947 2575 καταφρονεῖν
1966 2519 1981 2536 '

299 2584 417 2638 ἀλλ’
451 2586 669 2651 ἐκεῖνος
699 2588 797 2658 μὲν
825 2586 969 2641 οἶδεν
997 2589 1101 2654 ὅτι,
1132 2588 1198 2644 ἂν
1248 2590 1495 2658 ἀκαίρως
1528 2589 1625 2643 καὶ
1642 2590 1798 2660 παρά
1823 2590 1884 2643 τὸ
1905 2590 1985 2662 τῷ

295 2672 537 2745 δεσπότῃ
563 2674 754 2729 δοκοῦν
779 2675 880 2745 τῆς
908 2677 1115 2748 τροφῆς
1140 2676 1535 2748 ἁπογεύσηται,
1563 2677 1822 2749 κάκείνης
1844 2679 1984 2732 ἀπο-

300 2760 730 2832 στερηθήσεται,
792 2763 887 2817 καὶ
935 2764 1055 2818 οὐδὲ
1093 2765 1192 2837 τὴν
1241 2765 1556 2837 ὡρισμένην
1599 2765 1731 2833 ἕξει,
1768 2765 1983 2837 πληγὰς

296 2848 483 2903 λαϐὼν
506 2851 630 2904 ἀντὶ
655 2851 757 2922 τῆς
788 2854 994 2925 τροφῆς
1016 2870 1030 2884 °
1051 2854 1116 2908 σὺ
1148 2854 1207 2908 δὲ
1234 2855 1357 2908 οὑδέ
1378 2854 1535 2909 τοῦτο
1569 2855 1796 2909 δύνασαι
1829 2856 1979 2922 ἰδεῖν,

296 2939 392 2994 καὶ
428 2940 572 3011 ὅπερ
603 2939 711 2993 ἀπὸ
764 2940 863 3012 τῆς
892 2942 1177 3013 συνηθείας
1216 2941 1420 3014 ἔμαθεν
1455 2944 1661 3007 ἐκεῖνος
1681 2984 1696 3009 ,
1727 2944 1885 2998 τοῦτο
1915 2945 1980 2999 σὺ

294 3027 404 3081 ἀπὸ
425 3027 592 3095 λόγου
619 3029 680 3081 οὐ
704 3028 1009 3099 κατορθοῖς.
1041 3030 1429 3102 Μιμησώμεθα
1452 3032 1580 3095 τοὺς
1603 3030 1790 3095 κύνας.
1809 3031 1982 3086 Τοῦτο

292 3114 543 3183 λέγονται
583 3114 678 3170 καὶ
708 3114 927 3187 ἱέρακες
964 3119 1137 3170 ποιεῖν
1181 3118 1274 3170 καὶ
1311 3117 1479 3172 ἀετοί.
1530 3118 1711 3192 Ὅπερ
1741 3119 1835 3172 ἐπὶ
1870 3119 1979 3173 τῶν

292 3203 555 3272 ἀλόγωνα
605 3203 699 3257 καὶ
752 3203 862 3257 τῶν
914 3204 1192 3278 δορκάδων
1242 3206 1462 3271 ἐκεῖνοι,
1508 3205 1668 3260 τοῦτο
1721 3206 1816 3261 ἐπὶ
1869 3205 1980 3261 τῶν

289 3294 528 3365 ὀρνίθων
580 3285 726 3347 οῦτοι
748 3311 765 3327 ο
826 3294 920 3347 καὶ
972 3287 1122 3348 οὗτοι
1174 3294 1233 3348 δὲ
1285 3293 1448 3348 πάλιν
1502 3294 1610 3349 ἀπὸ
1659 3294 1980 3366 φιλοσοφίας

290 3382 667 3454 ἀνθρωπίνης.
733 3382 919 3437 Ταῦτα
975 3383 1123 3453 ἡμᾶς
1173 3383 1534 3437 καταδικάσαι
1598 3383 1747 3455 ἔχει,
1805 3383 1979 3438 ταῦτα

291 3471 442 3539 ἡμᾶς
484 3469 645 3524 ἑλεῖν.
682 3470 835 3523 Εἴπω
862 3471 957 3524 καὶ
979 3470 1167 3541 ἐτερον
1186 3510 1201 3533 ,
1254 3471 1455 3533 ἵππους
1482 3469 1712 3541 ἀγρίους
1741 3471 1839 3524 καὶ
1881 3472 1978 3525 ἀν-

290 3559 541 3627 ημέρους
569 3556 844 3621 λαϐόντες,
867 3555 1223 3622 λακτίζοντας
1239 3558 1333 3611 καὶ
1360 3556 1677 3620 δάκνοντας.
1706 3559 1764 3611 ἐν
1786 3558 1981 3630 βραχεῖ

284 3646 474 3716 χῴνῳ
499 3643 643 3698 οῦτω
676 3644 1020 3699 παιδεύουσιν
1057 3640 1117 3699 of
1154 3644 1436 3716 ἔμπειροι,
1469 3644 1545 3710 ὡς
1570 3645 1661 3698 τὸν
1706 3645 1979 3717 ἐπιϐάτην

283 3733 506 3804 τρυφᾷν
548 3730 640 3785 τὸν
679 3731 1084 3805 ἐπικαθήμενον
1127 3732 1207 3803 τῷ
1251 3732 1353 3803 τῆς
1383 3731 1647 3803 βαδίσεως
1691 3734 1975 3805 εύτάκτῳο

283 3822 389 3890 τῆς
433 3822 492 3875 δὲ
531 3820 711 3892 ψυχῆς
767 3822 978 3877 ἄτακτα
1032 3821 1357 3894 βαδιζούσης
1400 3821 1577 3886 οὐδεὶς
1611 3822 1974 3894 ἐπιμελεῖται,

286 3910 427 3965 ἀλλὰ
449 3911 545 3965 καὶ
574 3909 720 3981 πηδᾷ
745 3910 841 3963 καὶ
868 3909 1114 3976 λακτίζει
1138 3911 1233 3965 καὶ
1267 3910 1493 3982 σύρεται
1516 3911 1693 3982 χαμαὶ
1720 3912 1975 3986 καθάπερ

286 4000 526 4065 παιδίον,
560 4000 656 4053 καὶ
686 4000 991 4070 ἀσχημονεῖ
1024 4000 1216 4072 μυρία,
1249 4002 1346 4054 καὶ⁵
1372 4000 1549 4064 οὐδεὶς
1584 4001 1722 4073 αὐτῇ
1746 4001 1978 4071 ψαλίδας

286 4086 637 4158 περιτίθησιν
664 4087 787 4141 οὐδὲ
820 4087 1163 4158 ποδόστροφα
1182 4088 1303 4141 οὐδὲ
1341 4087 1616 4158 χαλινοὺς,
1645 4088 1758 4142 οὐδ’
1780 4092 1979 4144 ἐπικα-

285 4176 429 4241 θίζει
458 4176 553 4230 τὸν
580 4175 844 4248 ἔμπειρον
873 4176 1161 4247 ἐπιϐάτην,
1192 4176 1284 4231 τὸν
1313 4176 1548 4248 Χριστὸν
1575 4176 1738 4245 λέγω.
1768 4179 1870 4233 Διά
1893 4196 1975 4232 τοι

281 4266 447 4320 τοῦτο
475 4264 658 4319 πάντα
687 4264 802 4319 ἀνω
838 4264 933 4318 καὶ
960 4264 1111 4317 κάτω
1137 4263 1383 4333 γέγονεν.
1419 4265 1584 4319 Ὅταν
1605 4264 1717 4337 γὰρ
1749 4266 1845 4320 καὶ
1874 4284 1977 4336 γα-

281 4355 449 4427 ατρὸς
476 4356 704 4427 κρατεῖν
735 4351 907 4417 κύνας
928 4352 1212 4426 παιδεύῃς,
1247 4353 1341 4407 κα)⁵
1369 4353 1540 4425 θυμὸν
1574 4353 1634 4408 ἐν
1669 4354 1844 4409 λέοντι
1877 4355 1973 4409 δα-

283 4443 494 4516 μάζῃς,
524 4442 621 4496 καὶ
655 4439 880 4507 ἀταξίαν
898 4442 958 4494 ἐν
979 4442 1187 4506 ἵπποις,
1219 4441 1314 4496 καὶ
1339 4441 1672 4511 εὐγλωττίαν
1694 4444 1755 4497 ἐν
1772 4443 1969 4514 ὄρνισι,

278 4529 402 4592 πῶς
439 4529 545 4581 οὐκ
565 4527 767 4581 ἄτοπον
792 4529 850 4581 ἐν
882 4528 983 4598 μὲν
1012 4526 1231 4596 ἀλόγοις
1265 4526 1460 4597 φύσεσι
1492 4526 1686 4598 λογικά
1705 4529 1972 4584 ἐντιθέναι

278 4613 711 4687 κατορθώματα,
742 4614 801 4668 ἐν
828 4614 884 4667 δὲ
917 4614 1165 4684 λογικαῖς
1184 4615 1251 4669 τά
1279 4614 1390 4668 τῶν
1416 4615 1626 4684 ἀλόγων
1656 4616 1973 4686 ἐπεισάγειν

284 4703 467 4774 πάθης
524 4704 643 4756 Οὐκ
674 4701 822 4756 ἐστιν
862 4704 1014 4773 ήμῖν,
1067 4704 1169 4756 οὐκ
1211 4702 1329 4755 ἐστι
1381 4702 1702 4776 συγγνώμη.
1762 4705 1973 4770 Πάντες

289 4791 448 4861 ἡμῶν
474 4793 945 4863 κατηγορήσουσιν
972 4790 1022 4843 οἱ
1062 4790 1510 4862 κατωρθωκότες,
1539 4792 1635 4845 καὶ
1665 4793 1846 4846 πιστοὶ
1872 4794 1968 4848 καὶ

176 4876 193 4887 ⁵
285 4878 544 4933 ἄπιστοι·
576 4880 671 4933 καὶ
703 4880 814 4949 γὰρ
843 4877 939 4932 καὶ
978 4878 1197 4933 ἄπιστοι
1228 4877 1601 4951 κατώρθωσαν
1621 4918 1636 4944 ,
1668 4881 1764 4934 καὶ
1800 4880 1969 4954 θηρία

283 4964 391 5020 καὶ
417 4964 589 5031 κύνες,
618 4965 720 5020 οὐκ
749 4965 1028 5021 ἀνθοωποι
1055 4967 1215 5037 μόνον
1233 4982 1247 4997 ⁸
1276 4967 1371 5021 καὶ
1400 4968 1560 5040 ἡμεῖς
1599 4968 1755 5041 ήμῶν
1786 4968 1967 5026 αὐτῶν

276 5104 600 5222 ῂζίέιει
622 5105 919 5171 quibusdam
938 5106 995 5164 δή
1016 5105 1163 5157 deest
1245 5105 1273 5147 1³
1293 5105 1392 5155 Alii
1422 5105 1677 5173 ἀνώτερος.
1746 5111 1769 5140 ⁸
1791 5111 1969 5173 Λαγῶν

1394 446 1460 505 IN
1494 447 1678 505 ACTA
1715 447 2510 511 Αροετοιοιιυιωιονιι..
2544 447 2765 506 XXXV.

3659 445 3765 501 252

2095 567 2577 637 κατηγορήσομεν,
2622 566 2750 620 ὅταν
2804 563 2903 636 μὲν
2961 562 3299 636 βουλώμεθα,
3352 561 3768 636 κατορθοῦντες,

2093 653 2221 707 ὅταν
2268 653 2326 706 δὲ
2377 653 2732 725 ῥᾳθυμῶμεν,
2787 652 3206 725 ύποσυρόμενοι.
3248 653 3361 708 Καὶ
3404 652 3516 724 γάρ
3568 650 3677 705 τῶν
3712 650 3771 703 ἐν

2096 743 2303 814 σφοδρᾷ
2335 743 2506 813 κακίᾳ
2554 743 2724 797 ὄντων
2758 742 2945 796 πολλοὶ
2982 741 3243 806 πολλάκις
3278 741 3603 812 θελήσαντες
3637 754 3770 810 μετο

2093 832 2365 885 εϐἀλοντο.
2403 830 2476 884 Τὸ
2502 830 2558 883 δέ
2591 822 2785 894 αἴτιον,
2814 830 2950 901 ὅπερ
2972 828 3129 900 ἔφην,
3170 830 3254 883 δτι
3276 826 3678 900 περιερχόμεθα
3700 824 3770 879 τά

2092 922 2295 991 ἐτέρων
2354 920 2704 992 συμφέροντα
2751 918 3076 990 ζητοῦντες,
3138 919 3199 972 ού
3247 917 3319 972 τά
3362 917 3628 989 ἡμέτερα.
3670 915 3770 973 Ἂν

2090 1007 2269 1060 οἰκίαν
2317 1008 2680 1079 οίκοδομήσῃς
2725 1005 3005 1078 λαμπρὰν,
3036 1005 3098 1058 τὸ
3129 1005 3231 1074 τῆς
3272 1004 3453 1067 οἰκίας
3489 998 3769 1072 συμφέρον

2091 1089 2251 1158 εἶδες,
2278 1095 2339 1147 οὺ
2365 1094 2425 1147 τὸ
2455 1094 2547 1148 σόν
2566 1112 2580 1126 υ
2612 1094 2677 1148 ἂν
2714 1093 2928 1164 ίμάτιον
2955 1093 3128 1164 λάϐῃς
3157 1092 3341 1156 καλὸν,
3373 1090 3433 1145 τὸ
3452 1087 3547 1143 τοῦ
3583 1085 3765 1156 σώμα-

2091 1196 2204 1245 τος.
2227 1181 2288 1236 οὐ
2316 1181 2379 1235 τὸ
2401 1182 2529 1236 σόν-ο
2565 1181 2630 1238 ἂν
2660 1181 2825 1236 ἵππον
2861 1180 3049 1245 καλὸν,
3083 1179 3365 1242 ὡσαύτως.
3397 1175 3589 1240 Οὐδεὶς
3622 1175 3773 1236 ὅπως

2092 1268 2246 1323 ἔσται
2278 1271 2423 1341 ψυχὴ
2471 1269 2607 1341 καλὴ
2649 1272 2874 1323 σκοπεῖ·
2920 1270 3099 1322 καίτοι
3130 1266 3337 1334 ταύτης
3366 1264 3533 1333 οῦσης
3575 1261 3769 1331 καλῆς.

2089 1358 2301 1422 οὐδενὸς
2339 1359 2564 1413 ἐκείνων
2615 1359 2850 1412 δεί·ούκ
2897 1356 3063 1429 οῦσης
3090 1357 3168 1422 δὲ,
3221 1354 3373 1419 οὐδὲν
3434 1351 3494 1417 ἐξ
3545 1349 3770 1403 ἐκείνων

2089 1445 2298 1514 ὄφελος.
2328 1446 2597 1516 Καθάπερ
2629 1445 2738 1516 γάρ
2784 1446 2874 1498 ἐπὶ
2918 1444 3170 1516 νύμφης,
3198 1441 3299 1497 κᾶν
3335 1438 3607 1501 παστάδες
3636 1429 3769 1489 ὦσιν

2090 1534 2155 1587 ἐκ
2174 1534 2690 1606 παραπετασμάτων
2721 1534 2960 1605 χρυσῶν,
3000 1533 3106 1587 κᾶν
3155 1530 3309 1603 χοροὶ
3344 1522 3447 1582 ὦσι
3492 1522 3771 1594 γυναικῶν

2089 1621 2477 1676 εὖειδεστάτων
2506 1622 2601 1676 καὶ
2627 1621 2832 1687 καλῶν,
2868 1620 2971 1676 κᾶν
3010 1621 3139 1693 ῥόδα
3185 1618 3291 1674 κᾶν
3323 1616 3637 1686 στέμματα,
3668 1610 3772 1666 κάν

2090 1710 2120 1762 ὁ
2142 1709 2377 1779 νυμφίος
2402 1708 2565 1773 καλὸς
2596 1704 2654 1785 ᾖ,
2675 1709 2783 1765 κᾶν
2812 1711 2869 1763 αἱ
2892 1708 3223 1780 θεράπαιναι
3252 1705 3358 1760 κᾶν
3387 1705 3445 1759 αἱ
3477 1702 3628 1773 φίλαι
3666 1700 3771 1785 κᾶν

2092 1797 2294 1860 πάντες
2321 1782 2621 1867 εὐπρεπεῖς
2662 1791 2831 1859 ὦσιν,
2868 1795 3020 1869 [268]
3078 1794 3277 1871 ἐκείνη
3313 1792 3372 1847 δέ
3412 1789 3689 1863 ἀμορφίας

2094 1885 2289 1957 μεστὴ,
2315 1884 2506 1954 ὖφελος
2526 1884 2679 1938 οὐδέν
2696 1903 2710 1916 ’
2741 1884 2931 1956 ὥσπερ
2959 1880 3052 1938 οὖν
3084 1882 3207 1937 οὐδὲ
3240 1880 3414 1949 καλῆς
3454 1876 3622 1947 οὔσης
3650 1872 3771 1946 βλά-

2091 1972 2185 2036 ϐος
2203 1989 2257 2026 τι
2284 1972 2481 2042 γένοιτ’
2511 1972 2577 2027 ἂν
2607 1974 2715 2027 ἀπὸ
2735 1972 2965 2039 τούτων,
2995 1971 3133 2025 ἀλλὰ
3159 1969 3255 2024 καὶ
3277 1965 3607 2022 τούναντίον.
3638 1962 3773 2017 Ἀπὸ

2093 2061 2191 2132 μὲν
2220 2060 2574 2132 γάριέκείνων
2596 2060 2847 2132 ἀμόρφου
2869 2058 3056 2127 οὔσης,
3078 2056 3434 2130 ἀμορφοτέρα
3450 2053 3517 2109 ἂν
3540 2050 3734 2122 φανείη
3753 2068 3767 2081 ⁸

2088 2148 2198 2203 ἀπὸ
2248 2148 2307 2202 δὲ
2351 2148 2558 2203 τούτων
2604 2147 2911 2221 ώραιοτέρα
2960 2146 3028 2201 ἂν
3075 2146 3306 2215 γένοιτο.
3363 2142 3520 2198 Οῦτω
3553 2138 3619 2211 δὴ
3677 2138 3773 2193 καὶ

2087 2235 2266 2308 ψυχὴ,
2307 2237 2435 2292 ὅταν
2474 2232 2509 2309 ᾖ
2565 2235 2736 2307 καλὴ,
2766 2235 2831 2289 οὐ
2879 2235 3039 2306 μόνον
3073 2232 3285 2295 οὐδενὸς
3332 2231 3510 2284 δεῖται
3541 2226 3770 2289 τούτων,

2088 2325 2224 2379 ἀλλά
2251 2326 2344 2380 καὶ
2373 2325 2657 2389 συσκιάζει
2682 2324 2745 2380 τὸ
2766 2323 2962 2388 κάλλος
2987 2323 3180 2394 αὐτῆς.
3212 2320 3318 2374 Τὸν
3345 2318 3459 2389 γὰρ
3482 2314 3771 2385 φιλόσοφον

2087 2412 2185 2482 ούχ
2212 2411 2387 2477 οῦτως
2411 2414 2470 2467 ἐν
2505 2411 2744 2482 πλούτῳ,
2790 2411 2867 2476 ὡς
2894 2413 2951 2465 ἐν
2984 2410 3148 2480 πενίᾳ
3192 2406 3437 2487 ὀψόμεθα
3460 2404 3768 2474 λάμποντα.

2099 2498 2248 2554 Ἐκεῖ
2294 2500 2395 2571 μὲν
2422 2500 2531 2569 γὰρ
2575 2503 2687 2564 τοῖς
2720 2501 2970 2572 χρήμασι
3002 2498 3163 2552 τοῦτο
3198 2494 3395 2551 πολλοὶ
3424 2490 3733 2561 λογιοῦνται
3752 2530 3768 2554 ,

2087 2592 2181 2648 καὶ
2210 2592 2289 2664 τῷ
2325 2593 2401 2664 μὴ
2429 2592 2588 2646 ἐνδεᾶ
2622 2591 2924 2663 χρημάτων
2962 2585 3102 2643 εἶναι
3120 2606 3133 2618 ·
3162 2587 3291 2641 ὅταν
3320 2585 3384 2638 δὲ·
3405 2583 3568 2653 πενίᾳ
3609 2578 3767 2651 συζῇ,

2086 2684 2181 2738 καὶ
2201 2683 2291 2737 διὰ
2324 2684 2545 2738 πάντων
2565 2682 2780 2753 λάμπῃ,
2807 2680 2905 2735 καὶ
2938 2679 3105 2750 μηδὲν
3136 2675 3371 2747 αἰσχρὸν.
3390 2671 3769 2741 ἀναγκάζηται

2085 2774 2280 2836 ποιεῖν,
2307 2772 2408 2826 οὐκ
2434 2770 2515 2824 ἔτι
2532 2770 2690 2833 ἄλλος
2716 2786 2795 2833 τις
2826 2767 3140 2837 διανέμεται
3182 2764 3333 2836 πρὸς,
3364 2759 3528 2821 αιλτὸν
3558 2759 3648 2814 τὸν
3675 2756 3769 2811 ἐπὶ

2083 2862 2150 2931 τῇ
2180 2858 2469 2930 φιλοσοφίᾳ
2484 2858 2771 2928 στέφανον.

2155 2947 2375 3018 Ταύτην
2428 2943 2521 3002 οῦν
2572 2945 3025 3017 καλλωπίζωμεν,
3058 2943 3112 2997 εἴ
3135 2959 3201 3011 γε
3243 2936 3571 3012 βουλοίμεθα
3603 2935 3769 2989 πλουο

2084 3038 2218 3090 τεῖν.
2250 3038 2315 3090 Τί
2346 3035 2406 3091 τὸ
2434 3036 2645 3107 δφελος,
2668 3036 2797 3089 ὅταν
2820 3034 2875 3087 αἱ
2919 3033 3016 3105 μὲν
3053 3030 3267 3102 ἡμίονοι
3307 3025 3502 3085 λευκαὶ
3542 3024 3644 3081 ῶσι
3671 3023 3768 3079 καὶ

2081 3125 2392 3196 σφριγῶσαι
2410 3125 2506 3179 καὶ¹
2538 3123 2978 3193 εὐσωματοῦσαι,
3007 3122 3071 3175 σὺ
3095 3121 3154 3175 δέ
3178 3118 3546 3190 ό,καθήμενος
3570 3113 3770 3178 λεπτὸς

2081 3214 2177 3268 καὶ
2202 3214 2485 3284 ψωραλέος
2516 3214 2612 3269 καί
2644 3213 2933 3283 δυσειδής;
2965 3210 3017 3265 τί
3057 3209 3159 3268 δαὶ,
3186 3209 3247 3265 τὸ
3272 3208 3465 3281 κέρδος
3487 3247 3502 3274 ,
3538 3205 3668 3261 ὅταν
3700 3203 3771 3257 τά

2084 3302 2185 3374 μὲν
2211 3301 2507 3375 στρώματα
2543 3302 2731 3357 άπαλά
2761 3303 2852 3355 καὶ
2877 3299 3021 3355 καλὰ
3051 3296 3109 3371 ᾗ,
3138 3298 3233 3353 καὶ
3258 3295 3462 3365 πολλῆς
3494 3291 3770 3357 ποικιλίας

2079 3388 2321 3461 γέμοντα
2352 3390 2446 3444 καὶ
2495 3389 2712 3461 τέχνης,
2744 3391 2778 3461 ή
2824 3388 2883 3443 δὲ
2929 3387 3078 3458 ψυχὴ
3109 3387 3278 3457 ῥάκια
3326 3379 3768 3456 περιϐεϐλημένη

2077 3474 2113 3551 ᾖ
2154 3481 2250 3534 καὶ
2303 3478 2485 3551 γυμνὴ
2524 3480 2619 3533 καὶ
2663 3477 2896 3550 αίσχρά;
2940 3477 2993 3529 τί
3042 3476 3104 3528 τὸ
3150 3474 3366 3546 κέρδος,
3423 3472 3552 3526 ὅταν
3602 3472 3631 3524 ὁ
3668 3470 3770 3541 μὲν

2079 3567 2248 3630 ἴππος
2275 3565 2516 3621 εὖτακτα
2538 3565 2755 3636 βαδίζῃ,
2806 3566 2902 3619 καὶ
2936 3561 3218 3635 χορεύοντι
3275 3561 3478 3632 μᾶλλον
3509 3558 3703 3622 ἐοικὼς
3733 3558 3767 3629 ἢ

2080 3653 2368 3727 βαδίζοντι,
2397 3654 2496 3707 καὶ
2524 3653 2663 3725 μετά
2684 3656 2785 3724 τῆς
2817 3651 3033 3723 χορείας
3067 3648 3261 3719 κόσμῳ
3288 3662 3314 3690 ι
3349 3646 3769 3718 κεκοσμημένος

2075 3739 2409 3819 ᾗνυμφικῷ·
2433 3744 2462 3796 ὁ
2480 3742 2538 3795 δὲ
2567 3742 2975 3811 ἐπικαθήμενος
2997 3737 3106 3792 τῶν
3133 3736 3326 3808 χωλῶν
3360 3735 3561 3808 μᾶλλον
3588 3736 3771 3788 ἀσκω-

2076 3830 2259 3901 λιάζῃ,
2288 3830 2385 3883 καὶ¹
2416 3830 2525 3884 τῶν
2580 3829 2890 3901 μεθυόντων
2921 3828 3016 3882 καὶ
3047 3827 3155 3882 τῶν
3196 3822 3539 3896 μαινομένων
3569 3820 3769 3893 μᾶλλον

2075 3914 2569 3994 διεστραμμένοςῇ
2601 3918 2695 3973 καὶ
2724 3920 2913 3989 χεῖρας
2959 3916 3054 3971 καὶ
3103 3915 3310 3980 πόδας;
3361 3911 3497 3966 Εἰπὲ
3536 3911 3600 3983 δή
3654 3926 3766 3982 μοι,

2074 4007 2132 4061 εί
2158 4008 2241 4071 τίς
2268 4025 2359 4062 σοι
2395 4008 2559 4062 ἵππον
2597 4007 2770 4062 ἐδίδου
2800 4005 2988 4070 καλὸν,
3021 4005 3119 4058 καὶ
3163 4004 3224 4057 τὸ
3252 4000 3411 4073 σῶμα
3454 4000 3766 4072 διέστρεφε.

2073 4095 2128 4153 τί
2177 4096 2240 4150 τὸ
2289 4095 2517 4167 δφελοςς
2568 4092 2683 4149 Νῦν
2734 4094 2914 4167 ψυχὴν
2970 4090 3412 4163 διεστραμμένην
3446 4089 3613 4160 ἔχεις,
3671 4086 3768 4141 καὶ

2074 4183 2231 4238 οὐδέν
2253 4200 2334 4236 σοι
2371 4182 2557 4254 μέλει;
2595 4182 2979 4253 Φροντίσωμεν
3009 4179 3165 4250 ἡμῶν
3185 4177 3366 4232 αὐτῶν
3394 4193 3549 4242 ποτε,
3592 4191 3765 4246 παρα·

2077 4270 2246 4326 καλῶ.
2277 4271 2370 4343 Μὴ
2397 4269 2462 4341 δὴ
2494 4270 2715 4325 πάντων
2757 4270 3113 4340 ἀτιμοτέρους
3156 4268 3304 4335 ἡμᾶς
3347 4265 3545 4328 αὐτοὺς
3592 4280 3764 4318 κατα-

2081 4342 2371 4431 στήσομεν.
2405 4357 2524 4413 Κάν
2553 4358 2651 4429 μὲν
2683 4356 2892 4429 ῥήμασί
2944 4373 3030 4420 τις
3062 4354 3282 4426 ὑϐρίζῃ,
3324 4342 3638 4423 δακνόμεθα
3670 4352 3766 4406 καὶ

2079 4447 2380 4519 ἀλγοῦμεψ
2418 4445 2714 4516 πράγμασι
2761 4444 2819 4497 δὲ
2852 4444 3081 4508 ἑαυτοὺς
3113 4443 3444 4516 ὑϐρίζοντες,
3500 4442 3602 4495 οῦκ
3646 4442 3765 4494 ἐπι-

2078 4534 2443 4607 στρεφόμεθα.
2476 4531 2865 4604 ’Δνανήψωμεν
2908 4532 3008 4600 ὀψὲ
3054 4530 3185 4599 γοῦν
3221 4546 3374 4594 ποτε,
3408 4528 3498 4582 ἵνα
3531 4525 3765 4598 δυνηθῶ-

2081 4646 2201 4700 μεν,
2229 4627 2447 4699 καὶτῆς
2481 4626 2658 4697 ψυχῆς
2688 4623 2890 4695 πολλὴν
2924 4621 3024 4694 τὴν
3054 4620 3378 4691 ἐπιμέλειαν
3417 4616 3761 4689 ποιούμενοι,

2078 4719 2175 4771 καὶ⁵
2205 4716 2305 4787 τῆς
2331 4716 2533 4786 ἀρετῆς
2559 4711 2967 4783 ἐπιλαϐόμενοι,
2998 4710 3109 4763 τῶν
3129 4709 3365 4763 αἰωνίων
3393 4709 3579 4779 τυχεῖν
3625 4708 3764 4776 ἀγα-

2078 4803 2206 4869 θῶν,
2235 4804 2419 4874 χάριτι
2453 4802 2554 4856 καὶ
2573 4798 2957 4872 φιλανθρωπίᾳ
2999 4797 3093 4852 τοῦ
3136 4798 3345 4869 Κυρίου
3397 4795 3555 4867 ἡμῶν
3586 4794 3761 4867 Ἰησοῦ

2075 4889 2337 4961 Χριστοῦ,
2387 4887 2507 4959 μεθ’
2541 4880 2602 4942 οὗ
2646 4885 2725 4959 τῷ
2758 4886 2938 4958 Πατρὶ
2989 4885 3107 4957 ἅμα
3145 4885 3225 4955 τῷ
3260 4885 3402 4956 ἁγίῳ
3454 4882 3758 4955 Πνεύματι,

2073 4978 2225 5045 δόξα,
2245 4977 2466 5047 κράτος,
2494 4975 2647 5047 τιμὴ,
2674 4975 2770 5030 νῦν
2793 4975 2888 5029 καὶ
2911 4974 3023 5042 ἀεὶ,
3052 4974 3147 5029 καὶ
3167 4974 3249 5037 είς
3274 4972 3401 5039 τοὺς
3421 4972 3626 5037 αἰῶνας
3652 4969 3761 5027 τῶν

2074 5064 2310 5122 αἰώνων.
2335 5065 2535 5136 Ἀμήν.

2136 5155 2170 5187 ⁸
2204 5154 2306 5206 Alii
2329 5155 2450 5204 αετά
2471 5160 2556 5213 τῆς
2577 5154 2792 5219 πορείας,
2807 5154 2889 5202 καὶ
2911 5154 3100 5218 κόσμῳ.

1874 5535 2119 5589 OMIAIA
2154 5536 2281 5593 ΛΒ.

269 5649 355 5723 Τῇ
382 5652 456 5708 δὲ
490 5653 676 5724 ἡμέρᾳ
706 5652 825 5708 τῶν
861 5651 1175 5724 σαϐϐάτων·
1192 5653 1530 5724 ἐξήλθομεν
1559 5654 1675 5720 ἔξω
1696 5650 1809 5722 τῆς
1837 5653 1946 5708 πό-

335 5717 494 5795 λεως
518 5717 544 5724 ⁷
567 5717 727 5795 αἶαρά
799 5721 1090 5795 ποταμὸν,
1244 5717 1251 5719 ⁷
1276 5717 1574 5795 ἐνομίζετο
1606 5717 1946 5795 ’,προσευχὴ

340 5792 496 5849 εἶναι
517 5834 535 5859 ,
585 5792 685 5848 καὶ
730 5794 1090 5859 καθίσαντες
1147 5792 1486 5864 ἐλαλοῦμεν
1538 5792 1681 5860 ταῖς(
1713 5792 1949 5849 avre];

339 5867 594 5931 θούσαις
643 5864 903 5933 γυναιξί.
949 5865 1059 5918 Καί
1091 5879 1183 5931 τις
1221 5864 1399 5934 γυνὴ,
1443 5865 1689 5935 ὀνόματι
1733 5864 1945 5935 Λυδία,

340 5934 805 6005 πορφυρόπωλις
829 5976 844 5998 ,
907 5936 1140 6005 πόλεως
1209 5934 1581 6003 Θυατείρων,
1650 5934 1947 6005 σεϐομένη

336 6001 470 6061 τὸῖ
501 6001 671 6069 Θεὸν,
723 6003 1030 6074 ἤκουσεν·
1088 6001 1164 6075 ἧς
1215 6007 1249 6058 ό
1310 6001 1526 6073 Κύριος
1582 6001 1807 6074 ἤνοιξε
1832 6001 1949 6073 τὴπ

327 6076 597 6202 ᾕαρὲαν
653 6075 974 6145 προσέχειν
1025 6077 1149 6143 τοῖς
1201 6076 1599 6148 λαιοιομένοις
1656 6076 1775 6141 ὑπὸ
1838 6076 1947 6131 τοῦ

386 6164 469 6203 αν
516 6160 613 6204 ου,

2127 5661 2200 5709 α’.
2234 5656 2380 5727 Ὀρα
2409 5655 2572 5710 πάλιν
2620 5655 2955 5721 ίουδαῖζοντα
2992 5652 3084 5706 τὸν
3120 5648 3355 5727 Παῦλον,
3391 5647 3488 5727 καὶ
3518 5647 3627 5702 ἀπὸ
3652 5648 3751 5705 τοῦ

2058 5732 2255 5806 καιροῦ
2304 5725 2401 5788 καὶ
2456 5734 2568 5790 ἀπὸ
2621 5733 2717 5789 τοῦ
2784 5728 3010 5805 τρόπου.
3075 5725 3159 5786 οὗ
3213 5725 3534 5806 ἐνομίζετρ,
3587 5731 3745 5799 φησὶ,

2057 5804 2332 5887 προσευχὴ
2379 5810 2540 5868 εἴναι.
2576 5815 2653 5869 Οῦ
2694 5814 2802 5887 γάρ
2826 5804 2831 5805 ν
2854 5814 2919 5885 δὴ
2966 5813 3095 5867 ἔνθα
3140 5807 3434 5880 συναγωγὴ
3466 5804 3536 5881 ἦν
3563 5811 3744 5881 μόνον,

2054 5893 2194 5948 ἀλλά
2220 5895 2316 5948 καὶ
2347 5894 2455 5961 ἐξω
2482 5893 2733 5966 ηὔχοντο,
2787 5895 2980 5965 ὥσπερ
3008 5892 3174 5946 τόπον
3205 5890 3330 5946 τινὰ
3367 5889 3741 5962 ἀφορίζοντες,

2055 5982 2151 6035 ἆτε
2187 5980 2636 6054 σωματικώτεροι
2668 5982 2820 6049 ὄντες
2848 5981 3115 6037 Ἰουδαῖοι.
3164 5978 3244 6048 Τῇ
3280 5977 3476 6048 ἡμέρᾳ
3504 5976 3576 6033 δὲ
3620 5975 3742 6033 τῶν

2056 6057 2391 6125 σαϐϐάτων,
2420 6061 2510 6115 ὅτε
2539 6062 2634 6118 καὶ
2655 6061 2812 6133 ὄχλον
2845 6062 2993 6128 είκδς
3024 6058 3094 6135 ἦν
3113 6058 3407 6117 συνελθεῖν.
3432 6054 3588 6130 [269]
3618 6055 3733 6135 Kal

2058 6134 2420 6209 καθίσαντες
2447 6142 2790 6215 ἐλαλοῦμεν
2828 6143 2956 6212 ταῖς
2979 6134 3430 6209 σύνελθούσαις
3459 6134 3721 6211 γυναιξί·
