4112 6462
423 459 531 517 153

422 581 533 637 Καί
555 598 649 650 τις
670 580 828 652 γυνὴ
850 583 1094 653 ὀνόματι
1114 584 1325 652 Λυδία,
1354 589 1842 659 πορφυρόπωλις,
1865 589 2100 657 πόλεως

422 671 782 739 Θυατείρων,
834 672 1134 743 σεϐομένη
1189 676 1298 730 τὸν
1358 677 1528 745 Θεὸν,
1584 676 1855 748 ἤκουσεν
1877 695 1893 712 ·
1938 673 2018 751 ἧς
2064 680 2101 734 ὁ

421 762 635 831 Κύριος
688 761 958 832 διήνοιξε
994 761 1112 831 τὴν
1152 764 1410 833 καρδίαν
1446 766 1771 836 προσέχειν
1806 765 1935 834 τοῖς
1988 770 2100 821 λα-

416 849 740 918 λουμένοις
783 850 905 906 ὑπὸ
944 850 1052 905 τοῦ
1092 851 1360 908 Παύλου.
1402 852 1547 925 Ὅρα
1589 852 1653 906 τὸ
1678 853 1885 923 ἄτυφον
1914 853 2099 907 πάλιν.

420 936 559 1005 Γυνὴ
588 936 685 991 καὶ
711 938 945 1010 ταπεινὴ
980 937 1142 1010 αὕτη,
1173 939 1271 992 καὶ
1287 939 1445 1011 δῆλον
1473 940 1582 994 ἀπὸ
1615 942 1711 1011 τῆς
1731 941 1956 1012 τέχνης·
1983 939 2101 994 ἀλλ’

414 1026 518 1096 δρα
551 1024 616 1079 τδ
646 1025 938 1097 φιλόσοφον
971 1026 1163 1099 αὐτῆς.
1199 1028 1426 1100 Πρῶτον
1477 1030 1577 1101 μὶν
1610 1028 1720 1102 γὰρ
1751 1030 1891 1101 αὐτῇ
1922 1029 2100 1101 ἐμαρ-

413 1115 618 1188 τύρησε
647 1114 827 1179 τοῦτο,
857 1115 919 1169 τὸ
949 1115 1204 1170 σέϐεσθαι
1242 1117 1335 1172 τὸν
1359 1117 1515 1187 Θεὸν,
1545 1117 1739 1173 ἐπειτα
1780 1118 1843 1171 τὸ
1873 1117 2101 1172 καλέσαι

412 1205 540 1268 τοὺς
559 1203 894 1268 ἀποστόλους
922 1205 1114 1277 αὐτήν.
1149 1206 1247 1272 Ὠς
1282 1206 1352 1261 δὲ
1381 1206 1713 1275 ἐϐαπτίσθη
1744 1205 1900 1275 αὐτὴ
1940 1206 2037 1260 καί
2065 1208 2100 1260 ό

413 1289 579 1359 οἶκος
611 1293 827 1363 αὐτῆς,
864 1292 1249 1362 παρεκάλεσε
1274 1294 1573 1365 λέγουσα⁸
1617 1294 1825 1362 Κύριοι
1866 1311 2009 1362 μου,
2046 1295 2101 1348 εἰ

413 1380 725 1450 κεκρίκατέ
756 1398 838 1451 με
866 1383 1099 1451 πιστὴν
1136 1383 1218 1450 τῷ
1255 1383 1451 1452 Κυρίῳ
1500 1379 1678 1445 εἶναι,
1715 1382 2100 1450 εἰσελθόντες

410 1471 497 1537 είς
516 1469 628 1524 τὸν
662 1466 836 1524 οἶκόν
861 1487 983 1540 μου
1021 1472 1287 1541 μείνατε.
1321 1470 1431 1525 Kal
1464 1469 1866 1539 παρεϐιάσατο
1915 1468 2095 1540 ἡμᾶς.

421 1558 521 1625 Ὠς
556 1558 626 1612 δὲ
649 1558 1011 1627 ἐϐαπτίσθη,
1057 1561 1246 1630 φησὶν,
1283 1558 1440 1630 αὐτὴ
1486 1558 1588 1613 καί
1616 1560 1657 1628 ἡ
1690 1559 1847 1613 οἰκία
1882 1557 2094 1627 αὐτῆς.

413 1645 612 1700 Σκόπει
631 1647 751 1711 πῶς
783 1647 1033 1712 ἅπαντας
1057 1646 1277 1702 ἔπεισε·
1336 1644 1456 1702 εἶτα
1488 1647 1655 1719 βλέπε
1704 1647 1941 1711 σύνεσιν,
1978 1647 2097 1712 πῶς

410 1734 654 1791 δυσωπεῖ
698 1738 827 1801 τοὺς
879 1736 1236 1801 ἀποστόλους,
1287 1737 1461 1809 πόσης
1513 1738 1901 1809 ταπεινότητος
1933 1737 2096 1808 γέμει

407 1824 479 1878 τὰ
513 1825 756 1896 ῥήματα,
812 1824 987 1895 πόσης
1039 1825 1253 1895 σοφίας.
1307 1827 1376 1880 El
1426 1826 1740 1896 κεκρίκατέ
1775 1844 1875 1897 με,
1935 1827 2093 1896 φησὶ,

407 1911 641 1979 πιστὴν
674 1910 757 1978 τῷ
795 1912 1009 1981 Κυρίῳ.
1043 1913 1210 1975 Ούδέν
1234 1914 1799 1986 ἐντρεπτικώτερονι.
1831 1914 1967 1969 Τίνα
1993 1915 2096 1969 ούκ

406 2000 474 2055 ἀν
504 2000 744 2072 ἐμάλαξε
777 2002 949 2057 ταῦτα
995 2002 1065 2057 τά
1112 2002 1371 2075 ρήματας
1408 2005 1523 2058 Οὐκ
1565 2003 1820 2073 ἠξίωσεν,
1859 2003 1922 2055 ού
1953 2019 2087 2073 παρ⁴

406 2091 666 2145 εκά).εσεν
710 2089 920 2155 ἁπλῶς,
976 2091 1077 2145 ούκ
1121 2091 1302 2164 ἀφῆκε
1353 2091 1577 2163 κυρίους
1620 2088 1785 2153 εἶναι,
1830 2090 1969 2145 ἀλλὰ
1997 2093 2095 2147 καὶ

406 2172 685 2243 ἠνάγκασε
737 2172 1016 2245 σφοδρῶς·
1054 2174 1215 2231 τοῦτο
1258 2176 1368 2246 γάρ
1415 2177 1532 2229 ἐστι
1557 2175 1642 2238 τὸ,
1685 2175 2095 2244 Παρεϐιάσατο

406 2270 592 2340 ἡμᾶς·
630 2270 899 2334 τουτέστι,
922 2271 1136 2335 τούτοις
1153 2274 1267 2335 τοίς
1297 2272 1557 2343 ῥήμασιν.
1578 2272 1721 2343 Ὅρα
1744 2272 1861 2337 πῶς
1889 2272 2094 2338 εὐθέως

407 2363 770 2432 καρποςορεῖ,
810 2361 907 2415 καὶ
939 2360 1134 2432 κέρδος
1165 2363 1377 2431 ἡγεῖται
1412 2360 1555 2429 μέγα
1590 2361 1689 2431 τὴν
1728 2361 1943 2432 κλῆσιν.
1971 2362 2092 2416 Ὅτι

407 2442 464 2496 δὲ
497 2444 694 2516 πιστὴν
721 2444 992 2516 ἐκρίνατε,
1022 2444 1184 2514 δῆλον
1212 2445 1278 2497 ἐκ
1296 2441 1390 2497 τοῦ
1415 2443 1719 2515 ἐγχειρίσαι
1742 2460 1834 2515 μοι
1864 2445 2093 2501 τοιαῦτα

408 2528 705 2599 μυστήρια,
740 2528 843 2582 οὐκ
869 2526 935 2581 ἂν
977 2528 1402 2599 ἐγχειρίσαντες,
1433 2529 1483 2580 εί
1516 2528 1592 2599 μὴ
1646 2526 1903 2600 τοιαύτην
1933 2530 2088 2602 ἐκρί-

402 2638 554 2679 νατε.
590 2624 702 2679 Καὶ
747 2625 848 2678 οὐκ
893 2624 1160 2696 ἐτόλμησε
1216 2623 1324 2694 πρὸ
1355 2622 1545 2678 τούτου
1571 2623 1820 2690 καλέσαι,
1867 2625 1982 2679 ἀλλ’
2000 2627 2091 2681 ὅτε

402 2706 709 2780 ἐϐαπτίσθη
730 2725 745 2739 ·
796 2707 956 2778 δῆλον
997 2708 1247 2762 ἐντεῦθεν
1281 2708 1533 2772 ποιοῦσα,
1564 2709 1647 2762 ὅτι
1680 2709 1783 2763 οὐκ
1819 2709 1887 2764 ἂν
1913 2710 2092 2777 ἄλλως

402 2792 611 2846 ἔπεισε.
644 2793 745 2846 Διά
792 2793 848 2847 τί
894 2792 952 2848 δὲ
996 2793 1097 2847 ούκ
1133 2793 1418 2847 ἐϐούλοντο
1443 2794 1494 2847 οἱ
1537 2795 1669 2865 περὶ
1712 2794 1948 2857 Παῦλον,
1973 2796 2090 2849 ἀλλ’

402 2881 657 2935 ἀνένευον
696 2879 839 2935 ὥστε
888 2881 982 2936 καὶ
1035 2881 1323 2953 βιασθῆναι
1364 2880 1605 2946 αύτούς;
1659 2882 1818 2935 Ἤτοι
1873 2882 2091 2954 ἐκείνην

400 2968 796 3040 ἐκκαλούμενοι
830 2969 910 3034 εἰς
952 2966 1180 3038 μείζονα
1219 2967 1570 3040 προθυμίαν·
1611 2968 1644 3040 ἧ
1697 2969 1888 3041 ἐπειδὴ
1934 2967 2090 3024 εἶπεν

400 3059 430 3109 ὁ
474 3057 730 3129 Χριστὸς,
775 3058 881 3122 Εἰς
915 3054 996 3125 ἣν
1028 3055 1106 3110 ἂν
1139 3055 1325 3110 πόλιν
1366 3055 1702 3123 εἰσέλθητε,
1762 3058 1858 3124 τίς
1918 3058 2092 3113 ἐστιν

401 3143 573 3210 ἄξιος
592 3143 953 3212 ἐρωτήσατε,
982 3144 1083 3198 καὶ
1135 3144 1265 3198 ἐκεῖ
1284 3145 1551 3213 μείνατε.
1590 3145 1754 3198 Ὥστε
1794 3145 1974 3200 πάντα
2020 3147 2090 3201 δι’

400 3232 717 3303 οἰκονομίαν
783 3233 1022 3287 ἐποίουν.
1067 3233 1333 3304 Ἐγένετο
1363 3232 1433 3287 δὲ
1466 3233 1891 3304 πορευομένων
1920 3236 2092 3306 ἡμῶν

399 3322 489 3387 εἰς
529 3320 907 3391 προσευχὴν,
947 3322 1284 3390 παιδίσκην
1342 3322 1479 3377 τινὰ
1529 3323 1804 3393 ἔχουσαν
1853 3324 2093 3394 πνεῦμα

399 3415 677 3481 πὺθωνος
703 3413 1053 3484 ἀπαντῆσαι
1090 3415 1255 3485 ἡμῖν,
1313 3413 1450 3483 ἣτις
1506 3415 1798 3486 ἐργασίαν
1846 3415 2092 3485 πολλὴν

402 3501 646 3571 παρεῖχε
667 3501 793 3568 τοῖς
809 3503 1039 3571 κυρίοις
1064 3502 1258 3572 αὐτῆς
1280 3502 1721 3573 μαντευομένη.
1757 3504 1922 3575 Αὕτη
1951 3520 2091 3559 κατ-

397 3591 880 3658 ακολουθήσασα
903 3589 984 3657 τῷ
999 3593 1217 3660 Παύλῳ
1236 3590 1336 3645 καί
1361 3592 1525 3662 ἡμῖν,
1547 3590 1753 3660 ἕκραζε
1776 3592 2047 3663 λέγουσα
2071 3607 2086 3626 ·

403 3679 579 3739 οὗτοι
601 3684 654 3739 οί
675 3682 977 3752 ἅνθρωποι
1003 3682 1214 3737 δοῦλοι
1233 3682 1341 3737 τοῦ
1377 3682 1526 3737 Θεοῦ
1548 3683 1657 3738 τοῦ
1684 3684 1984 3752 Ὑψίστου
2003 3687 2089 3738 εἰ-

400 3771 528 3837 σιν,
556 3772 776 3839 οἵτινες
801 3771 1324 3842 καταγγέλλουσιν
1336 3771 1484 3841 ἡμῖν
1512 3772 1658 3826 ὁδὸν
1676 3773 1997 3840 σωτηρίας.
2022 3772 2088 3825 Τί

400 3858 604 3931 δήποτε
622 3861 719 3914 καὶ
736 3863 765 3914 ὁ
779 3860 988 3932 δαίμων
1002 3858 1182 3913 ταῦτα
1209 3859 1633 3929 ἐφθέγγετο,καὶ
1658 3862 1688 3913 ὁ
1704 3859 1919 3924 Παῦλος
1945 3860 2088 3915 ἐκώ-

402 3949 564 4015 λυσε;
598 3950 869 4014 Κάκεῖνος
895 3948 1223 4019 κακούργως
1267 3948 1463 4010 ἐποίει,
1507 3949 1601 4002 καὶ
1619 3942 1777 4013 οὗτος
1811 3950 2050 4014 συνετῶς
2070 3965 2085 3981 ·

400 4038 652 4093 ἐϐούλετο
705 4039 818 4113 γὰρ
866 4038 942 4111 μὴ
1000 4038 1315 4103 ἀξιόπιστον
1358 4037 1522 4091 αὑτὸν
1561 4041 1737 4093 ποιεῖν
1769 4039 1821 4093 ι).
1867 4040 1931 4094 El
1977 4039 2088 4111 γὰρ

400 4129 719 4200 προσήκατο
742 4126 913 4182 αὑτοῦ
947 4128 1048 4198 τὴν
1090 4126 1396 4199 μαρτυρίαν
1432 4128 1461 4181 ὁ
1496 4127 1731 4194 Παῦλος,
1767 4128 1999 4193 πολλοὺς
2019 4128 2088 4184 ἂν

401 4217 496 4271 καὶ
537 4217 647 4272 τῶν
685 4217 896 4273 πιστῶν
937 4216 1247 4288 ἠπάτησεν.
1296 4213 1395 4269 ἆτε
1446 4214 1539 4268 ὑπ’
1583 4215 1796 4270 ἐκείνου
1841 4216 2084 4288 δεχθείς·

397 4305 487 4361 διὰ
514 4307 673 4361 τοῦτο
730 4306 985 4378 ἀνέχεται
1034 4305 1103 4358 τὰ
1132 4303 1255 4359 καθ’
1290 4303 1515 4367 ἑαυτοὺς
1562 4305 1758 4370 εἰπεῖν,
1792 4303 1879 4359 ἴνα
1912 4306 2087 4378 στήσῃ

396 4396 468 4447 τὰ
495 4394 634 4464 ὑπὲρ
668 4392 856 4456 αὐτοῦ,
887 4393 982 4446 καὶ
1012 4391 1177 4456 αὐτὸς
1211 4390 1622 4460 συγκαταϐἀσει
1644 4391 1915 4463 κέχρηται
1946 4392 2088 4464 πρὸς

396 4480 499 4552 τὴν
512 4480 811 4537 ἀπώλειαν.
838 4480 912 4534 Τὸ
936 4479 1034 4552 μὲν
1056 4475 1157 4533 οῦν-
1179 4478 1396 4550 πρῶτον
1426 4479 1488 4532 ού
1513 4480 1830 4551 προσήκατο
1850 4480 2102 4549 Παῦλος,

398 4567 534 4623 ἀλλά
588 4566 898 4630 διέπτυσεν,
955 4568 1018 4624 οὐ
1066 4567 1393 4639 βουλόμενος
1467 4568 1663 4622 ἐαυτὸν
1736 4570 2087 4640 ἐπιρῤίπτειν

396 4652 588 4718 ἁπλῶς
623 4656 738 4717 τοῖς
772 4651 1052 4725 σημείοις·
1087 4652 1165 4716 ὼς
1193 4650 1248 4704 δὲ
1283 4651 1516 4723 ἐπέμενε
1562 4650 1723 4706 τοῦτο
1760 4653 1932 4707 ποιῶν
1991 4653 2087 4709 ἐπὶ⁵

398 4740 598 4806 πολλὰς
629 4743 858 4814 ἡμέρας,
889 4741 1073 4799 καὶτὸ
1106 4741 1267 4812 ἔργον
1294 4739 1527 4804 ἐδείκνυ,
1559 4736 1737 4798 Οὗτοι
1764 4741 1820 4796 οἰ
1862 4742 2086 4811 ἀνθρω-

397 4847 521 4899 ποι,
537 4833 732 4904 λέγων,
751 4834 961 4889 δοῦλοι
982 4833 1088 4889 τοῦ
1114 4832 1264 4888 Θεοῦ
1292 4832 1709 4903 τοῦὙψίστου
1735 4835 1917 4902 εἰσὶν,
1949 4837 2087 4891 οίτι.

395 4938 501 4987 νες
525 4922 1051 4992 καταγγέλλουσιν
1074 4921 1222 4992 ἡμῖν
1248 4922 1395 4978 ὁδὸν
1441 4925 1739 4991 σωτηρίας
1762 4940 1776 4953 ·
1814 4924 1937 4978 τότε
1964 4925 2088 4980 ἐκέ-

396 5006 590 5061 λευσεν
612 5005 763 5077 αὐτῷ
795 5004 1051 5070 ἐξελθεῖν.
1087 5005 1475 5073 Διαπονηθεὶς
1502 5005 1572 5061 δὲ
1607 5009 1640 5060 ό
1680 5008 1944 5074 Παῦλος.
1985 5009 2086 5063 καὶ

398 5094 794 5163 ἐπιστρέψας,
844 5092 927 5159 τῷ
970 5094 1263 5163 πνεύματι
1300 5090 1432 5147 εἶπε
1455 5109 1469 5123 ·
1530 5094 1934 5164 Παραγγέλλω
1984 5111 2086 5151 σοι

397 5185 468 5238 ἐν
534 5184 779 5252 ὀνόματι
817 5182 1013 5250 Ἰησοῦ
1076 5182 1357 5250 Χριστοῦ,
1395 5181 1669 5246 ἐξελθεῖν
1716 5184 1820 5238 ἀπ’
1868 5185 2081 5253 αὐτῆς.

399 5272 510 5329 Kal
548 5270 812 5340 ἐξῆλθεν
865 5268 1022 5339 αὐτῇ
1058 5269 1133 5340 τῇ
1171 5269 1312 5338 ὥρᾳ.
1359 5268 1618 5336 Ἰδόντες
1665 5270 1736 5324 δὲ
1782 5273 1837 5326 οἰ
1891 5274 2084 5341 κύριοι

399 5362 612 5431 αὐτῆς,
636 5361 739 5415 ὅτι
775 5359 1036 5429 ἐξῆλθεν
1069 5362 1111 5429 οη
1159 5359 1337 5424 ἐλπίς
1374 5358 1658 5428 ἐργασίας
1701 5360 1922 5425 αὐτῶν,
1959 5363 2085 5417 ἐπι-

398 5451 718 5520 λαϐόμενοι
746 5449 858 5504 τόν
892 5449 1142 5504 Παῦλον
1173 5446 1273 5500 καί
1308 5444 1415 5500 τὸν
1439 5447 1649 5511 Σίλαν,
1672 5448 1974 5502 εἵλκυσαν
1997 5438 2086 5517 εἰς

401 5541 517 5606 τὴν
549 5538 700 5613 [270]
725 5538 953 5607 ἀγορὰν
979 5536 1080 5593 ἐπὶ
1110 5535 1254 5601 τοὺς
1281 5531 1602 5603 ἄρχοντας.
1655 5534 1753 5591 καὶ
1779 5552 2087 5609 προσαγα-

399 5629 610 5695 γόντες
671 5629 896 5695 αὐτοὺς
944 5625 1074 5693 τοῖς
1128 5622 1508 5694 στρατηγοῖς,
1549 5620 1761 5678 εἶπον·
1817 5624 1993 5683 Οὗτοι
2030 5632 2086 5684 οἰ

400 5706 701 5782 ἄνθρωποι
728 5710 1223 5785 ἐκταράσσουσιν
1240 5713 1411 5784 ἡμῶν
1439 5713 1556 5783 τὴν
1574 5716 1777 5780 πόλιν,
1808 5715 2087 5771 Ἰουδαῖοι

401 5800 800 5871 ὑπάρχοντες,
862 5803 960 5857 καί
1010 5800 1533 5872 καταγγέλλουσιν
1572 5801 1701 5871 ἔθη,
1746 5803 1786 5858 ἃ
1831 5805 1945 5858 οὐκ
1982 5804 2084 5870 ἕξ-

402 5904 576 5963 εστιν
595 5906 745 5975 ’ἡμῖν
804 5908 1250 5979 παραδέχεσθαι
1309 5910 1454 5966 οὐδὲ
1524 5911 1720 5969 ποιεῖν
1778 5912 2087 5983 Ῥωμαίοις

386 5991 567 6051 οὖσι.
594 5994 880 6064 Πανταχοῦ
919 5995 988 6049 τὰ
1023 6000 1285 6069 χρήματα
1310 6001 1462 6057 αἴτια
1506 6001 1618 6054 τῶν
1651 6002 1858 6058 κακῶν.
1886 6005 1951 6061 Ὢ
1983 6004 2084 6074 τῆς

471 6099 497 6128 ⁸
524 6098 721 6168 κοτέει,
759 6096 1073 6168 ἐντρετετικόνζ
1118 6104 1266 6148 male.
1337 6102 1476 6152 μλιιι
1499 6102 1722 6154 ἐϐούλετο
1751 6106 1915 6156 λοιπὸν
1957 6106 2084 6163 ἀξιὸ-

411 6174 580 6213 τιιστον
612 6162 779 6209 ἐαυτον
801 6162 970 6207 ποιεῖν.
1030 6176 1035 6177 ί
1626 6198 1631 6203 .

1214 467 1274 525 S.
1312 466 1598 530 ιοΑΝΝιε
1628 468 2091 530 CHRYSOSTOM

2193 469 2484 531 uRCHlEP.
2532 465 3083 531 CONSTANTINOP.
3760 476 3839 534 au

2203 588 2486 661 ὠμότητος
2513 587 2614 660 τῆς
2640 585 2993 658 Ἑλληνικῆςε
3034 583 3316 639 ἐϐούλοντο
3357 584 3623 658 δαιμονᾷν
3646 587 3835 662 mm.

2206 693 2342 739 σιον,
2394 675 2537 729 ὥστε
2594 674 3050 748 χρηματίζεσθαι.
3093 673 3565 743 Ἐπιλαϐόμενοι.
3597 677 3733 749 φησὶ,
3754 680 3832 734 τὸν

2203 763 2451 819 Παῦλον
2487 764 2586 818 καί
2620 762 2727 818 τὸν
2758 763 2969 828 Σίλαν,
3002 761 3254 827 ἔλεγον·
3290 756 3470 817 οὗτοι
3517 765 3572 816 οἰ
3596 762 3837 833 ἅνθρωποι

2200 850 2695 920 ἐκταράσσουσιν
2719 848 2890 919 ἡμῶν
2912 849 3028 917 τὴν
3049 850 3251 904 πόλιν.
3295 850 3361 903 Τί
3398 852 3743 919 ποιήσαντες;
3778 853 3846 907 διὰ

2200 939 2251 991 τί
2300 937 2394 995 οῦν
2444 939 2521 1011 μὴ
2573 939 2681 1011 πρὸ
2736 938 2928 993 τούτου
2985 937 3310 1004 εἰλκύσατε;
3340 937 3641 1000 Ἰουδαῖοι,
3695 940 3847 1011 φησιν.

2201 1027 2579 1099 ὑπάρχοντες
2600 1046 2613 1060 ·
2668 1026 2812 1082 οῦτω
2843 1027 2905 1081 τὸ
2936 1026 3108 1096 ὄνομα
3148 1025 3486 1097 διεϐέϐλητο.
3536 1028 3645 1081 Καὶ
3673 1045 3849 1098 natur

2200 1118 2534 1187 γέλλουσιν
2584 1118 2712 1186 έθη,
2751 1117 2790 1171 d
2840 1118 2952 1170 οὐκ
2985 1114 3229 1179 ἔξεστιν
3256 1114 3402 1186 ἡμῖν
3446 1114 3850 1185 παραδέχεσθαι

2200 1205 2344 1261 οὐδὲ
2370 1206 2565 1260 ποιεῖν
2596 1206 2893 1276 Ῥωμαίοις
2917 1202 3118 1259 οὖσιν.
3143 1204 3239 1267 El;
3287 1203 3621 1258 καθοσίωσιν
3643 1205 3698 1258 τὺ
3735 1206 3849 1277 πρᾶ-

2199 1314 2319 1367 γμα
2351 1297 2578 1367 ἧγαγον.
2628 1296 2740 1350 Kal
2794 1293 3147 1362 συνεπέστη
3182 1296 3217 1348 ό
3268 1293 3460 1363 ὄχλος
3506 1294 3631 1347 κατ’
3664 1293 3844 1352 αὐτῶν.

2205 1386 2269 1438 ’Ὠ
2310 1385 2412 1455 τῆς
2444 1385 2703 1454 ἀλογίαςι
2745 1384 2848 1438 οὐκ
2877 1383 3172 1454 ἐξήτασαν,
3226 1382 3292 1436 οὐ
3328 1382 3642 1454 μετέδωκαν
3690 1383 3845 1452 λόγου·

2200 1473 2377 1528 καίτοι
2405 1474 2651 1527 τοιούτου
2683 1471 2961 1542 θαύματος
2987 1470 3283 1541 γενομένου
3321 1471 3445 1525 δέον
3491 1471 3843 1543 προσκυνῆσαι,

2196 1562 2315 1617 δέον
2353 1564 2429 1627 ὡς
2475 1564 2731 1635 σωτῆρας
2757 1562 2855 1617 καὶ⁵
2882 1562 3179 1632 εὐεργέτας
3204 1559 3371 1632 ἐχειν.
3403 1561 3471 1615 El
3498 1561 3610 1632 γὰρ
3632 1562 3843 1632 χρήματα

2197 1651 2505 1716 ἐϐούλεσθε,
2537 1652 2626 1706 διὰ
2668 1651 2722 1705 τί
2770 1650 3016 1705 τοιοῦτον
3061 1650 3292 1704 πλοῦτον
3322 1649 3600 1720 εὑρόντες,
3638 1650 3706 1720 μὴ
3743 1651 3846 1701 ἐπε-

2196 1741 2471 1813 δράμετε;
2500 1741 2672 1795 Τοῦτο
2700 1738 3120 1812 λαμπροτέρους
3137 1740 3301 1803 ποιεῖ,
3323 1737 3384 1791 τὸ
3415 1736 3672 1792 δύνασθαι
3696 1735 3849 1804 δαίμο-

2197 1848 2296 1895 νας
2329 1830 2677 1893 ἀπελαύνειν,
2727 1831 2761 1902 ἢ
2814 1829 2880 1883 τὸ
2923 1830 3109 1893 αὐτοῖς
3138 1828 3448 1883 πείθεσθαι.
3485 1828 3615 1882 Ἰδοὺ
3649 1829 3736 1882 καὶ
3773 1844 3851 1896 ση-

2199 1921 2348 1990 μεῖα,
2371 1918 2467 1973 καὶ
2498 1920 2532 1989 ὴ
2549 1917 2957 1989 φιλοχρηματία
2985 1917 3147 1971 πλέον
3170 1916 3379 1985 ἴσχυσε.
3404 1918 3521 1970 Kal
3547 1919 3603 1970 οἰ
3632 1933 3852 1985 στρατη-

2194 2007 2312 2077 γοί,
2336 2006 2800 2075 περιρρήξαντες
2815 2006 2888 2060 τὰ
2909 2003 3111 2075 ἰμάτια
3131 2004 3352 2069 αὐτῶν,
3376 2004 3666 2060 ἐκέλευον
3681 2002 3856 2072 ῥαϐδί-

2195 2094 2345 2156 ζειν·
2397 2093 2632 2160 πολλάς
2678 2110 2745 2149 τε
2786 2093 3094 2158 ἐπιθέντες
3134 2092 3343 2159 αὐτοῖς
3368 2091 3632 2162 πληγὰς,
3664 2090 3855 2144 ἔϐαλον

2193 2180 2281 2245 εἰς
2354 2178 2644 2247 φυλακὴν
2667 2216 2684 2239 ,
2752 2177 3267 2246 παραγγείλαντες
3332 2175 3416 2242 τῷ
3473 2175 3855 2245 δεσμοφύλακι

2192 2264 2488 2335 ἀσφαλῶς
2518 2265 2723 2333 τηρεῖν
2759 2265 3003 2331 αὐτούς.
3056 2264 3116 2320 Ὀ
3163 2265 3262 2336 μὲν
3312 2262 3409 2318 οῦν
3441 2264 3648 2328 Παῦλος
3674 2262 3729 2316 τὸ
3762 2262 3854 2315 πᾶν

2193 2356 2507 2427 εἰργάσατο,
2537 2355 2630 2409 καὶ
2662 2354 2733 2409 τὰ
2766 2354 3021 2426 θαύματα
3072 2355 3167 2409 καὶ
3191 2354 3291 2424 τὴν
3330 2353 3709 2408 διδασκαλίαν·
3760 2350 3854 2404 τῶν

2190 2445 2246 2499 δὲ
2283 2444 2541 2499 κινδύνων
2563 2444 2658 2498 καὶ
2679 2446 2707 2497 ὁ
2741 2443 2901 2507 Σίλας
2933 2446 3202 2498 κοινωνεῖ.
3229 2442 3295 2496 Τί
3325 2443 3469 2506 ἐστι,
3501 2439 3855 2509 Διαπονηθείς

2191 2529 2261 2581 δὲ
2298 2532 2331 2583 ό
2366 2528 2610 2593 Παῦλος
2624 2543 2644 2592 ;
2684 2527 2796 2600 Τὴν
2830 2527 3187 2598 κακουργίαν.
3221 2526 3409 2596 φησὶν,
3449 2524 3572 2579 ἰδὼν
3616 2524 3703 2578 τοῦ
3750 2521 3852 2576 δαίμ

2194 2633 2376 2688 μονος,
2405 2614 2588 2680 καθὼς
2620 2615 2785 2679 αὐτὸς
2823 2614 3057 2686 ἀλλαχοῦ
3098 2627 3125 2656 ι
3154 2614 3339 2683 λέγει·
3403 2615 3492 2667 Οὐ
3534 2613 3641 2683 γὰρ
3688 2608 3853 2664 αὐτοῦ

2191 2705 2264 2759 τὰ
2300 2704 2573 2775 νοήματα
2616 2704 2977 2775 ἀγνοοῦμεν.
3021 2703 3123 2757 Διά
3175 2703 3229 2756 τί
3282 2701 3356 2773 μὴ
3416 2697 3594 2765 εἷπον,
3643 2701 3719 2754 ὅτι
3764 2697 3853 2751 Τὸν

2189 2793 2423 2865 δαίμονα
2448 2792 2723 2858 ἐξέϐαλον,
2756 2792 2839 2844 ὅτι
2862 2793 2943 2855 είς
2979 2790 3113 2845 Θεὸν
3142 2790 3450 2861 ἠσέϐησαν,
3487 2788 3596 2843 ἀλλ’
3616 2787 3705 2841 ἐπὶ
3735 2783 3853 2839 καθ-

2190 2882 2740 2953 οσίωσιντρέπονται;
2765 2874 2945 2934 Ἷίττα
2971 2879 3156 2943 αὐτοῖς
3176 2877 3334 2933 τοῦτο
3359 2873 3452 2948 ἦν.
3477 2876 3623 2931 Οὕτω
3654 2873 3743 2928 καὶ
3767 2872 3851 2925 ἐπὶ

2190 2968 2285 3023 τοῦ
2297 2967 2534 3040 Χριστοῦ
2548 2969 2753 3038 ἔλεγον·
2763 2970 2886 3021 Οὐκ
2901 2968 3120 3037 ἔχομεν
3126 2964 3418 3031 βασιλέα,
3430 2964 3570 3035 εἰμὴ
3579 2962 3846 3029 Καίσαρα.

2190 3058 2319 3124 Πᾶς
2356 3061 2389 3113 ό
2426 3058 2648 3113 ἑαυτὸν
2692 3056 2881 3111 ποιῶν
2911 3055 3205 3121 βασιλέα,
3257 3052 3550 3123 ἀντιλέγει
3592 3049 3678 3130 τιῖὲ
3721 3046 3849 3102 Kal-

2189 3162 2351 3214 σαρι.
2374 3145 2734 3214 Καί,ἕϐαλον
2763 3144 3007 3211 αὐτοὺς,
3036 3145 3223 3215 φησὶν,
3251 3144 3341 3209 εἰς
3371 3138 3665 3211 φυλακήν.
3689 3135 3847 3196 Πολὺς

2189 3236 2219 3288 ὁ
2250 3235 2442 3305 θυμός.
2474 3237 2581 3300 Ὃς
2608 3234 3020 3303 παραγγελίαν
3046 3221 3331 3299 τοιαύτην
3354 3227 3633 3300 εἰληφὼς,
3657 3226 3845 3280 ἔϐαλεν

2189 3323 2413 3390 αὐτοὺς
2435 3325 2523 3389 εἰς
2561 3322 2677 3391 τὴν
2710 3323 3014 3391 ἐσωτέραν
3040 3320 3350 3391 φυλακὴν,
3382 3321 3486 3374 καί
3515 3317 3646 3383 τοὺς
3681 3313 3836 3378 πόδας

2189 3410 2391 3465 αὐτῶν
2423 3412 2810 3481 ἠσφαλίσατο
2837 3412 2924 3476 εὶς
2960 3410 3027 3464 τὸ
3064 3409 3279 3474 ξύλον.
3305 3408 3474 3479 Ὅρα,
3504 3407 3729 3467 κάκεῖνος
3746 3399 3832 3453 τά·

2190 3499 2275 3553 λιν
2303 3501 2382 3565 εἰς
2401 3499 2501 3569 τὴν
2521 3498 2797 3570 ἐσωτέραν
2826 3498 3076 3569 φυλακὴν
3106 3498 3307 3561 αὐτοὺς
3330 3495 3575 3557 ἐνέϐαλε,
3604 3488 3834 3548 καὶτοῦτο

2190 3586 2571 3658 οἰκονομικῶς.
2599 3586 2818 3657 Ἐπειδὴ
2844 3585 2955 3657 γὰρ
2985 3584 3174 3655 θαῦμα
3201 3584 3397 3655 ἔμελλε
3438 3582 3680 3653 γίνεσθαι
3701 3576 3839 3650 μέγα,

2189 3676 2494 3746 ἐπιτήδειος
2522 3678 2551 3730 ὁ
2582 3676 2744 3739 τόπος
2772 3675 2910 3747 πρὸς
2930 3673 3029 3746 τὴν
3064 3673 3330 3745 ἀκρόασιν
3352 3676 3381 3727 ὁ
3409 3673 3513 3738 ἔξω
3542 3672 3635 3741 τῆς
3667 3666 3844 3726 πόλεως

2189 3764 2457 3835 κρίνεται,
2489 3763 2815 3837 πειρασμῶν
2841 3762 3270 3833 ἀπηλλαγμένος
3303 3762 3399 3816 καὶ
3430 3760 3700 3815 κινδύνων.
3723 3756 3847 3824 Ὀρα

2186 3851 2308 3916 ,πῶς
2330 3853 2430 3906 ούκ
2462 3852 2782 3923 αἰσχύνεται
2810 3850 2883 3904 τὰ
2930 3849 3342 3921 ἐπιτηδεύματα
3372 3846 3684 3910 καταλέγειν
3713 3843 3738 3895 ὁ
3761 3839 3845 3909 τὴν

2190 3941 2437 4012 ἱστορίαν
2466 3942 2715 4012 γράφων.
2756 3941 2885 3994 "At:
2935 3940 3002 4011 δὴ
3055 3940 3151 3993 καὶ
3205 3938 3405 4009 ἀργίας
3450 3935 3628 4005 οὔσης,
3663 3930 3847 4002 μᾶλλον

2188 4030 2626 4099 προσεῖχονκτοῖς
2652 4026 2969 4097 λεγομένοις
2993 4042 3009 4058 ·
3062 4027 3155 4080 καὶ
3183 4023 3305 4079 οὐδὲ
3344 4025 3376 4094 ἡ
3407 4021 3552 4083 πόλις
3594 4017 3727 4086 αῦτη
3757 4031 3849 4086 με-

2188 4116 2333 4188 γάλη
2360 4118 2394 4189 ἡ
2417 4116 2529 4171 τῶν
2556 4115 2955 4186 Φιλιππησίων.
2992 4114 3179 4168 Ταῦτα
3196 4113 3256 4183 δὴ
3282 4111 3537 4181 μαθόντες
3556 4106 3644 4159 καὶ
3668 4106 3699 4173 ή
3709 4104 3845 4172 μείς,

2191 4206 2395 4276 μηδένα
2450 4202 2932 4277 ἐπαισχυνώμεθα.
2983 4203 3145 4275 Παρά
3210 4200 3395 4274 βυρσεῖ
3431 4196 3573 4268 μένει
3622 4192 3844 4263 Πέτρος,

2190 4292 2345 4364 παρὰ
2396 4291 2847 4366 πορφυροπώλιδι
2904 4291 3121 4356 Παῦλος
3145 4289 3195 4346 ά.
3255 4288 3364 4343 Ποῦ
3398 4289 3426 4342 ὁ
3476 4288 3671 4355 τῦφος
3713 4280 3847 4351 Ἀρα

2186 4380 2282 4441 τοῦ
2315 4380 2451 4436 Θεοῦ
2480 4380 2733 4453 δεόμεθα,
2757 4380 2898 4435 ὥστε
2947 4379 3157 4445 ἀνοίξαι
3192 4378 3447 4450 καρδίαν·
3476 4377 3504 4430 ὁ
3527 4373 3654 4437 Θεὸς
3683 4370 3736 4424 δὲ
3760 4370 3845 4422 ἀνι

2186 4469 2325 4541 οίγει
2362 4469 2588 4543 καρδίας
2607 4468 2706 4533 τὰς
2738 4467 3097 4541 βουλομένας·
3128 4466 3245 4521 ἐστι
3275 4466 3385 4538 γὰρ
3408 4455 3843 4555 καὶλπεπηρωμίέ·

2187 4576 2283 4623 νας
2328 4559 2474 4615 ἰδεῖν.
2513 4557 2655 4613 Ἀλλ’
2695 4557 2894 4629 ἴδωμεν
2948 4556 3157 4612 ἄνωθεν
3211 4556 3283 4609 τὰ
3328 4542 3609 4627 εἰρημένα.
3664 4542 3834 4610 Γυνὴ,

2188 4647 2344 4719 φησι»
2394 4645 2875 4716 πορφυρόπωλις.
2909 4640 2985 4716 ’ἧς
3016 4647 3049 4699 ό
3084 4644 3305 4712 Κύριος
3352 4642 3560 4712 ἤνοιξε
3584 4635 3684 4704 τὴν
3709 4646 3835 4719 καρξ

2186 4716 2346 4803 δίαν,
2360 4736 2687 4805 προσέχειν
2700 4732 2826 4800 τοῖς
2838 4733 3240 4804 λαλουμένοις
3258 4730 3375 4788 ὑπὸ
3391 4730 3501 4785 τοῦ
3518 4727 3757 4786 Παύλου.
3773 4716 3839 4772 Τὸ

2191 4825 2290 4895 μὲν
2312 4819 2407 4879 οὖν
2433 4823 2668 4888 ἀνοῖξαι,
2701 4820 2796 4875 τοῦ
2815 4820 2974 4875 Θεοῦ·
2998 4822 3059 4874 τὸ
3079 4820 3138 4874 δὲ
3171 4819 3483 4892 προσέχειν,
3508 4814 3696 4886 αὐτῆς·
3720 4808 3845 4862 ὥστε

2188 4913 2284 4967 καὶ
2310 4912 2453 4966 θεῖον
2487 4911 2583 4968 καὶ
2610 4908 2952 4981 ἀνθρώπινον
2984 4905 3075 4981 ἦν.
3110 4906 3263 4981 [au]
3292 4908 3391 4974 Ὠς
3418 4906 3489 4960 δέ
3524 4899 3846 4962 ἐϐαπτίσθη.

2188 5000 2343 5071 φησὶ,
2369 4998 2752 5068 παρεκάλεσε
2775 5000 3078 5069 λέγουσα·
3110 4998 3183 5051 Εἰ
3219 4994 3541 5064 κεκρίκατέ
3580 5009 3677 5063 με.
3708 4989 3847 5055 Ὅρα.

2187 5089 2284 5141 καὶ
2314 5085 2660 5157 βαπτίζεται,
2693 5087 2789 5140 καὶ
2806 5085 3019 5157 δέχεται
3047 5085 3174 5149 τοὺς
3203 5084 3542 5146 ἀποστόλους
3575 5081 3710 5152 μετὰ
3745 5087 3848 5126 τοσ-

2187 5175 2359 5246 αύτης
2391 5174 2692 5246 ἱκετηρίας,
2726 5175 2866 5246 μετά
2895 5173 3138 5236 πλείονος
3176 5172 3211 5243 ἢ
3252 5173 3283 5225 ὁ
3328 5169 3607 5241 Ἀϐραάμ.
3642 5164 3746 5221 Καὶ
3767 5159 3849 5214 οὐκ

2185 5261 2340 5319 εἷπεν
2370 5264 2521 5320 οὐδὲν
2548 5263 2677 5318 ἀλλο
2711 5264 3027 5334 τεκμήριον,
3050 5261 3167 5316 ἀλλ’
3185 5262 3387 5325 ἐκεῖνο,
3421 5259 3518 5329 ἀφ’
3549 5252 3610 5312 οὗ
3648 5250 3815 5319 ἐσώθη
3834 5264 3849 5279 ⁵

2186 5354 2287 5408 οὐκ
2313 5349 2491 5421 εἶπεν,
2532 5355 2582 5407 εἰ
2615 5351 2861 5423 μεγάλην
2908 5353 3167 5420 γυναῖκα,
3228 5350 3280 5403 εἰ
3324 5346 3533 5417 εὐλαϐῆ
3578 5335 3853 5419 κεκρίκατέ

2190 5458 2286 5515 με·
2328 5441 2466 5496 ἀλλά
2491 5441 2578 5507 τί;
2609 5440 2846 5508 Πιστὴν
2868 5438 2950 5506 τῷ
2973 5441 3200 5507 Κυρίῳ·
3246 5440 3297 5492 εἰ
3329 5437 3408 5509 τῷ
3435 5437 3652 5510 Κυρίῳ,
3692 5424 3855 5496 πολλῷ

2189 5531 2391 5605 μᾶλλον
2429 5532 2579 5602 ὑμῖν,
2630 5532 2679 5583 εί
2712 5529 2791 5601 μὴ
2826 5528 3246 5600 ἀμφισϐητεῖτε.
3278 5528 3389 5582 Καὶ
3423 5528 3525 5580 οῦκ
3558 5523 3700 5589 εἷπε,
3731 5516 3854 5589 Παρ’

2186 5622 2331 5692 ἐμοὶ,
2362 5619 2475 5674 ἀλλ’
2513 5621 2616 5686 Εις
2652 5618 2760 5673 τὸν
2796 5613 2968 5671 οἶκόν
2996 5635 3116 5687 μου
3148 5616 3420 5686 μείνατε,
3475 5614 3621 5669 ὥστε
3678 5610 3854 5674 δεῖξαι,

2190 5710 2269 5764 δτι
2299 5708 2437 5780 μετά
2464 5707 2669 5778 πολλῆς
2687 5705 2851 5761 τοῦτο
2873 5704 3048 5759 ἐποίει
3083 5703 3419 5776 προθυμίας.
3446 5704 3657 5764 Ὄντως
3703 5692 3857 5762 πιστὴ

2144 5805 2151 5814 ’
2184 5800 2218 5869 ἡ
2257 5798 2417 5870 γυνή.
2465 5796 2599 5850 Εἰπὲ
2626 5793 2690 5868 δή
2724 5812 2837 5866 μοι,
2880 5793 2964 5859 τίς
2990 5788 3145 5856 οὗτός
3194 5792 3345 5846 ἐστιν
3374 5794 3403 5847 ὁ
3432 5792 3683 5862 δαίμωνς
3714 5785 3858 5845 Θεὸς.

2186 5891 2341 5960 φησὶ,
2384 5888 2601 5944 πύθων·
2652 5887 2761 5942 ἀπὸ
2790 5885 2886 5940 τοῦ
2920 5885 3087 5939 τότου
3116 5881 3260 5938 οὓτω
3284 5883 3524 5953 λέγεται.
3580 5881 3762 5951 Ὁρᾷς.
3785 5875 3860 5928 ὅτι

2251 6102 2554 6217 εεὶρίἷέθὲῦ
2573 6104 2718 6157 deest
2741 6104 2790 6154 in
2816 6115 2933 6157 uno.
3001 6101 3030 6143 δ
3066 6101 3203 6154 Idem
3240 6098 3626 6168 πορφυροπώλιδι
3656 6096 3738 6145 καὶ
3763 6094 3858 6150 ξένῃ

2189 6171 2319 6234 μένει
2349 6169 2557 6224 Παῦλος.
