4112 6456
446 404 558 460 255

446 547 500 563 -ν
547 513 689 571 Vide
717 528 907 569 rursus
934 509 1150 569 Paulum
1168 511 1554 584 judaizantem,
1581 517 1636 564 et
1669 523 1700 562 a
1726 516 1968 578 tempore
1996 514 2052 560 et

444 625 478 664 a
509 609 652 662 loco.
690 605 792 662 Ubi
819 605 1110 676 putabatur,
1140 604 1331 672 inquit,
1355 601 1518 656 oratio
1544 617 1670 654 esse.
1696 599 1880 670 Neque
1904 598 2050 652 enim

449 709 660 754 tantum
687 696 778 752 ubi
817 711 1085 768 synagoga
1121 704 1258 760 erat,
1289 694 1382 749 sed
1407 695 1569 748 etiam
1602 692 1731 746 foris
1759 690 2052 761 precaban-

453 801 537 848 tur
568 809 583 845 :
618 790 770 860 quasi
796 790 970 844 locum
1001 787 1306 859 quempiam
1345 789 1700 856 assignantes,
1733 784 1854 854 quia
1879 782 2050 866 Judfei

449 882 752 939 crassiores
777 891 950 935 erant.
977 879 1074 934 Die
1100 890 1267 935 autem
1294 877 1636 941 sabbatorum,
1667 874 1880 946 quando
1906 879 2051 929 veri-

449 976 628 1031 simile
657 981 776 1028 erat
805 973 1012 1029 turbam
1033 973 1342 1028 convenire.
1374 970 1440 1025 Et
1466 972 1692 1025 sedentes
1727 968 2054 1038 loquebamur

449 1065 770 1128 mulieribus.
803 1080 915 1135 qua:
929 1074 1283 1118 convenerant.
1310 1063 1374 1116 Et
1403 1063 1585 1116 mulier
1599 1061 1828 1133 qutedam
1852 1060 2054 1114 nomine

454 1159 654 1230 Lydia,
715 1157 1064 1227 purpuraria,
1105 1156 1318 1210 civitatis
1374 1155 1833 1226 Thyatirenorum,
1883 1155 2053 1207 colens

452 1251 645 1315 Deum,
675 1249 865 1303 audivit
890 1263 908 1302 :
931 1248 1076 1316 cuius
1106 1247 1354 1302 Dominus
1373 1265 1460 1301 cor
1484 1255 1774 1316 aperuerat,
1806 1254 1862 1299 ut
1884 1255 2052 1298 atten-

453 1343 597 1396 deret
647 1341 712 1395 iis
747 1355 862 1410 qua:
908 1338 1204 1393 dicebantur
1249 1357 1281 1392 a
1313 1338 1498 1393 Paulo.
1529 1337 1665 1393 Vide
1709 1353 1823 1392 rem
1851 1352 1881 1391 a
1914 1335 2054 1391 fastu

454 1435 706 1488 alienam.
733 1431 924 1487 Mulier
951 1442 1005 1486 et
1031 1431 1248 1486 humilis
1274 1441 1410 1497 erat,
1437 1439 1494 1485 ut
1516 1430 1690 1502 palam
1710 1438 1794 1486 est
1813 1429 1881 1484 ab
1902 1439 2052 1485 arte:

461 1525 563 1579 sed
589 1523 704 1578 vide
740 1522 1134 1594 philosophiam
1183 1523 1318 1593 ejus.
1370 1522 1552 1578 Primo
1581 1521 1795 1592 quidem
1824 1521 1926 1576 hoc
1955 1521 2054 1590 ipsi

469 1617 626 1669 datur
655 1615 1031 1680 teStimonium,
1076 1615 1218 1684 quod
1247 1614 1453 1670 coleret
1477 1615 1666 1682 Deum,
1696 1613 1892 1669 deinde
1913 1612 2055 1683 quod

476 1709 712 1763 invitaret
735 1708 1029 1778 apostolos.
1059 1708 1144 1763 15.
1171 1706 1298 1762 Cum
1326 1723 1444 1778 ergo
1471 1708 1725 1776 baptizata
1745 1715 1870 1760 esset
1897 1715 1940 1758 et
1964 1705 2057 1758 do-

471 1819 584 1856 mus
607 1803 727 1871 ejus,
756 1803 1029 1871 deprecata
1047 1811 1122 1855 est
1152 1800 1322 1856 dicens
1351 1817 1370 1855 :
1394 1799 1605 1853 Domini
1631 1801 1750 1863 mei,
1779 1798 1822 1852 ii
1841 1798 2054 1868 judica-

463 1894 555 1947 stis
583 1909 660 1947 me
683 1893 880 1962 ﬁdelem
908 1893 1129 1947 Domino
1158 1908 1290 1960 esse,
1317 1892 1520 1946 introite
1545 1893 1598 1944 in
1621 1891 1828 1945 domum
1857 1905 2019 1943 meam
2036 1929 2054 1956 ,

458 1994 508 2037 et
525 1995 735 2039 manete.
763 1984 829 2038 Et
850 1986 1009 2056 coegit
1031 2002 1144 2041 nos.
1174 1985 1241 2039 Ut
1267 1993 1434 2039 autem
1454 1985 1713 2054 baptizata
1737 1992 1830 2047 est,
1860 1982 2053 2053 inquit,

456 2081 551 2135 illa
575 2093 622 2136 et
649 2082 828 2136 domus
851 2084 980 2153 ejus.
1004 2081 1298 2137 Considera
1325 2083 1596 2151 quomodo
1622 2079 1854 2134 suaserit
1878 2079 2056 2133 omni-

455 2173 606 2228 bus:
650 2174 846 2229 deinde
891 2174 1015 2228 vide
1073 2173 1443 2243 prudentiam,
1493 2172 1763 2244 quomodo
1809 2172 2059 2227 obsecret

453 2267 753 2336 apostolos,
782 2283 941 2338 quam
972 2267 1193 2322 humilia
1220 2266 1460 2337 proferat
1485 2267 1675 2334 verba,
1708 2283 1830 2322 cum
1857 2275 2056 2336 quanta

454 2361 739 2429 sapientia.
787 2360 849 2415 Si
894 2361 1145 2430 judicatis
1199 2376 1300 2427 me,
1351 2360 1539 2430 inquit,
1584 2360 1784 2428 fidelem
1813 2357 2051 2412 Domino.

455 2451 597 2506 Nihil
635 2452 701 2506 ad
729 2453 1158 2523 persuadendum
1183 2454 1379 2523 aptius.
1410 2453 1579 2520 Quem
1621 2468 1726 2507 non
1757 2451 2060 2506 emollircnt

456 2544 577 2598 haec
599 2545 760 2599 verba
778 2546 799 2597 'I
816 2545 932 2599 Non
958 2546 1182 2615 rogavit,
1215 2560 1320 2600 non
1346 2552 1559 2614 precata
1585 2552 1669 2598 est
1698 2552 1923 2610 tantum,
1949 2555 2055 2595 non

455 2650 650 2691 eorum
691 2637 915 2692 arbitrio
963 2653 1076 2691 rem
1123 2637 1364 2706 reliquit,
1411 2636 1506 2691 sed
1544 2637 1706 2690 etiam
1752 2637 1968 2704 coegit:
2005 2633 2054 2688 id

454 2729 599 2782 enim
642 2729 904 2799 signiﬁcat
958 2729 1112 2796 illud,
1170 2729 1343 2800 Coegit
1385 2745 1499 2795 nos,
1533 2728 1582 2782 id
1610 2737 1713 2794 est,
1743 2727 1824 2781 his
1857 2726 2052 2780 verbis.

457 2820 595 2875 ‘i’ide
618 2821 886 2891 quomodo
916 2822 1096 2876 statim
1145 2823 1376 2876 fructum
1429 2823 1584 2885 ferat,
1624 2832 1679 2876 et
1709 2821 1913 2875 lucrum
1944 2836 2058 2872 ma-

453 2928 620 2982 gnum
654 2921 798 2983 putet
843 2914 1198 2969 vocationem.
1232 2912 1386 2982 Quod
1417 2929 1502 2968 me
1532 2915 1748 2968 lideletn
1772 2913 2054 2982 judicare-

457 3008 596 3073 ritis,
626 3008 792 3078 liquet
820 3022 889 3063 ex
919 3023 1008 3074 eo,
1043 3008 1186 3078 quod
1223 3006 1352 3061 mihi
1377 3018 1518 3060 tanta
1543 3007 1792 3078 mysteria
1827 3004 2058 3060 tradide—

457 3099 600 3164 ritis,
633 3116 737 3152 non
792 3099 1058 3166 tradituri,
1105 3100 1205 3154 nisi
1236 3115 1324 3154 me
1355 3100 1514 3154 talem
1539 3099 1899 3168 judicassetis.
1951 3097 2058 3153 Nec

456 3206 590 3245 ausa
615 3200 697 3244 est
723 3201 878 3246 antea
905 3192 1154 3257 invitare,
1201 3191 1297 3246 sed
1348 3201 1627 3262 postquam
1659 3192 1922 3261 baptizata
1953 3199 2054 3259 est,

458 3284 590 3337 hinc
617 3283 908 3338 ostendens
934 3299 993 3339 se
1020 3298 1130 3339 non
1160 3285 1268 3338 alio
1289 3283 1449 3338 modo
1476 3297 1849 3354 persuasuram
1872 3284 2055 3340 fuisse.

457 3377 572 3430 Cur
594 3377 790 3431 Paulus
813 3387 868 3432 et
891 3377 1023 3432 socii
1044 3377 1320 3442 nolebant,
1340 3377 1435 3432 sed
1456 3377 1776 3444 renuebant,
1800 3377 1871 3431 ita
1895 3384 1952 3430 ut
1970 3392 2061 3432 co-

453 3471 754 3540 gerentur?
802 3470 871 3527 Ut
923 3470 1071 3525 illam
1101 3471 1169 3525 ad
1199 3470 1372 3542 majus
1420 3470 1657 3526 studium
1685 3471 2054 3536 concitarent;

457 3563 546 3616 vel
569 3563 691 3631 quia
718 3563 855 3618 dixit
879 3563 1126 3618 Christus
1153 3581 1167 3618 :
1194 3562 1264 3617 In
1298 3580 1668 3635 quamcumque
1693 3564 1945 3619 civitatem
1974 3567 2058 3619 in-

457 3661 730 3725 traveritis,
761 3662 874 3731 quis
901 3662 966 3716 sit
1008 3660 1192 3733 dignus
1233 3662 1562 3732 interrogate,
1611 3670 1659 3714 et
1712 3662 1819 3716 illic
1865 3672 2060 3716 manete

457 3753 628 3825 (Luc.
662 3756 747 3810 l0.
774 3755 866 3827 8).
898 3755 1082 3826 Itaque
1124 3755 1303 3810 omnia
1351 3769 1448 3823 per
1498 3755 1855 3809 (economiam
1901 3754 2057 3810 facie-

456 3847 610 3902 bant.
637 3849 720 3902 16.
751 3846 970 3901 Factum
987 3856 1062 3901 est
1079 3857 1248 3901 autem
1262 3846 1498 3900 euntibus
1516 3845 1659 3900 nobis
1675 3847 1744 3900 ad
1758 3847 2057 3914 orationem,

460 3940 687 4009 puellam
710 3940 982 4010 quamdam
1010 3940 1274 3994 habentem
1299 3940 1534 4010 spiritum
1561 3939 1833 4010 pythonem
1863 3939 2064 3994 obviare

459 4032 630 4098 nobis,
684 4047 798 4102 quae
839 4041 1094 4102 quaestum
1133 4048 1378 4103 magnum
1416 4030 1688 4102 prtestabat
1721 4031 1940 4086 dominis
1958 4032 2063 4086 suis

461 4127 760 4179 divinando.
793 4127 879 4181 17.
913 4126 1039 4180 ch
1066 4126 1372 4196 subsequuta
1401 4124 1628 4179 Paulum
1652 4136 1700 4180 et
1737 4142 1828 4180 nos
1862 4126 2060 4180 clama-

462 4218 572 4287 bat,
599 4218 769 4271 dicens
796 4217 932 4273 :lsti
959 4219 1184 4271 homines
1212 4219 1342 4272 servi
1361 4216 1458 4271 Dei
1483 4217 1666 4271 excelsi
1703 4227 1841 4282 sunt,
1862 4218 1950 4289 qui
1971 4234 2066 4271 an-

462 4310 701 4363 nuntiant
726 4311 866 4364 nobis
886 4313 1021 4366 uiam
1040 4310 1238 4366 salutis.
1290 4309 1398 4365 Cur
1419 4319 1476 4364 et
1495 4311 1704 4365 daamon
1735 4311 1857 4366 talia
1886 4311 2064 4380 loquu-

465 4413 557 4457 tus
579 4412 685 4469 est,
715 4414 771 4458 et
805 4403 1004 4460 Paulus
1037 4403 1313 4474 prohibuit
1337 4406 1360 4456 ἲ
1387 4403 1456 4458 Et
1483 4403 1577 4458 ille
1607 4403 1862 4473 maligne,
1899 4413 1956 4458 et
1978 4404 2065 4457 hic

463 4497 766 4565 prudenter
793 4497 983 4568 agebat
1009 4514 1025 4550 :
1047 4497 1257 4552 volebat
1278 4497 1418 4551 enim
1442 4511 1550 4551 non
1570 4496 1674 4552 lide
1697 4497 1912 4567 dignum
1940 4497 2066 4551 red-

464 4591 600 4645 dere
634 4591 672 4644 ¹.
700 4589 834 4646 Nam
864 4592 908 4645 si
940 4591 1305 4646 testimonium
1335 4591 1453 4661 ejus
1496 4591 1692 4645 Paulus
1737 4590 2063 4658 admisisset,

467 4684 673 4740 multos
702 4686 860 4740 etiam
877 4684 1063 4742 ﬁdeles
1081 4686 1403 4755 decepisset,
1423 4693 1480 4740 ut
1501 4685 1568 4741 ab
1590 4685 1681 4741 illo
1700 4686 2026 4756 approbatus
2052 4704 2065 4742 :

470 4779 595 4834 ideo
624 4778 745 4833 illos
772 4779 1048 4849 praedicat,
1077 4788 1134 4834 ut
1177 4793 1272 4834 sua
1317 4778 1572 4846 stabiliat,
1603 4787 1657 4832 et
1701 4779 1991 4833 demissius
2011 4795 2069 4834 se

477 4871 612 4937 gerit
631 4869 698 4924 ad
721 4871 1034 4940 perniciem.
1067 4871 1248 4926 Primo
1279 4872 1456 4940 itaque
1480 4885 1586 4924 non
1612 4870 1830 4925 admisit
1849 4870 2066 4937 Paulus,

484 4963 570 5015 sed
602 4962 826 5032 respuit,
858 4962 1050 5018 nolens
1081 4972 1187 5016 tam
1213 4961 1371 5017 facile
1397 4963 1552 5032 signa
1573 4961 1734 5017 edere
1758 4980 1771 5016 :
1799 4963 1924 5033 quia
1941 4978 2071 5018 vero

486 5056 858 5122 perseverabat
880 5056 969 5110 illa
993 5056 1175 5110 multis
1201 5055 1412 5120 diebus,
1435 5065 1490 5108 et
1515 5069 1652 5125 Opus
1686 5054 2021 5110 monstrabat
2053 5073 2067 5107 :

484 5146 556 5199 lli
576 5149 802 5202 homines
829 5150 956 5202 servi
980 5147 1076 5201 Dei
1101 5148 1336 5202 altissimi
1365 5158 1500 5215 sunt,
1536 5149 1622 5218 qui
1651 5149 1952 5202 annuntiant
1976 5165 2072 5203 no-

472 5243 550 5296 bis
592 5243 724 5295 viam
767 5243 988 5305 salutis;
1033 5253 1160 5297 tunc
1210 5243 1466 5313 prwcepit
1513 5241 1590 5296 illi
1644 5251 1702 5296 ut
1743 5242 1934 5298 exiret.
1981 5243 2069 5298 18.

479 5335 669 5389 Dolens
696 5345 864 5389 autem
897 5333 1116 5401 Paulus,
1145 5343 1190 5388 et
1214 5350 1500 5400 conversus,
1522 5336 1723 5403 spiritui
1743 5335 1872 5390 dixit
1890 5350 1908 5387 :
1928 5334 2074 5390 Prw.

477 5429 615 5498 cipio
643 5429 731 5481 tibi
762 5429 815 5480 in
839 5428 1041 5481 nomine
1063 5425 1191 5482 Iesu
1226 5427 1436 5495 Christi,
1467 5427 1606 5481 exire
1646 5429 1708 5482 ab
1742 5444 1822 5482 ea.
1851 5428 1917 5483 Et
1955 5431 2078 5483 exiit

478 5521 656 5574 eadem
679 5522 830 5574 hora.
863 5519 951 5576 19.
985 5519 1218 5576 Videntes
1243 5530 1411 5574 autem
1436 5520 1630 5575 domini
1657 5523 1786 5589 ejus,
1817 5524 1937 5590 quia
1963 5523 2076 5576 exi-

481 5616 548 5665 uit
581 5631 693 5683 spes
718 5623 938 5680 qua'stus
968 5630 1162 5679 eorum,
1193 5614 1628 5685 apprehendentes
1658 5613 1884 5668 Paulum
1911 5624 1958 5668 et
1984 5615 2076 5670 Si-

483 5714 606 5770 lam,
639 5707 967 5761 adduxerunt
992 5709 1045 5760 in
1067 5713 1236 5779 forum
1252 5707 1320 5761 ad
1336 5708 1610 5778 principes,
1628 5707 1718 5762 20.
1743 5717 1789 5762 et
1815 5707 2080 5776 oﬂ'erentes

483 5819 569 5856 eos
591 5801 985 5870 magistratibus,
1017 5801 1255 5855 dixerunt
1284 5817 1304 5856 :
1334 5801 1404 5854 Hi
1431 5803 1656 5856 homines
1682 5803 1982 5857 conturbant
2003 5805 2080 5856 ci-

548 5897 565 5928 ί
605 5895 699 5946 Alii
716 5896 919 5958 habent,
936 5893 1112 5945 colebat
1134 5895 1260 5948 enim
1279 5909 1332 5947 se
1346 5895 1448 5960 ﬁde
1471 5896 1668 5960 dignum
1682 5897 1863 5959 facere.

1387 394 1453 447 IN
1495 393 1678 448 ACTA
1720 384 2251 444 Al‘OSTOLORUM.
2293 385 2523 441 llOMlL.
2565 387 2783 444 XXXV.

3645 399 3748 452 254

2159 501 2363 556 nitatem
2411 513 2657 570 nostram,
2708 522 2824 560 cum
2869 508 2971 562 sint
3019 509 3215 580 Judaei,
3252 510 3345 566 2-1.
3377 521 3423 567 et
3446 515 3752 570 annuntiant

2157 611 2342 661 mores,
2370 612 2494 665 quos
2510 613 2612 651 non
2627 597 2744 652 licet
2768 598 2911 653 nobis
2930 601 3187 672 suscipere
3206 619 3365 675 neque
3387 619 3609 674 seruare,
3631 625 3749 663 cum

2154 689 2314 743 simus
2344 688 2586 747 Romani.
2609 690 2819 762 Ubique
2840 693 3104 749 malorum
3133 711 3310 752 causa:
3331 698 3576 768 pecuniae
3605 709 3752 770 sunt.

2154 780 2199 836 Ο
2223 797 2548 852 paganorum
2579 783 3022 841 inhumanitatem
3050 788 3063 840 l
3096 773 3363 844 Volebam
3381 790 3614 860 puellam
3642 771 3758 847 die-

2156 875 2457 928 moniaram
2472 891 2613 942 esse,
2641 885 2697 930 ut
2713 877 2968 946 pecunias
2992 879 3326 950 colligerent.
3349 864 3756 953 Apprehenden-

2157 973 2248 1029 tes,
2287 966 2480 1036 iuquit,
2526 965 2752 1023 Paulum
2804 979 2850 1024 et
2892 970 3082 1038 Silam,
3125 973 3358 1029 dicebant
3387 974 3500 1030 :Hi
3527 977 3757 1032 homines

2155 1061 2455 1114 conturbant
2485 1061 2731 1115 civitatem
2753 1075 2999 1122 nostram.
3037 1065 3175 1133 Quid
3203 1065 3462 1124 facientes
3491 1069 3625 1125 ?cur
3649 1085 3757 1125 non

2157 1158 2282 1204 ante
2309 1151 2546 1206 traxistis
2575 1153 2714 1208 eos?
2741 1151 2914 1210 Judwi
2944 1171 3061 1209 cum
3085 1157 3207 1221 sint,
3237 1158 3487 1229 inquiunt
3517 1177 3532 1214 :
3562 1161 3633 1216 ita
3660 1177 3758 1218 no-

2157 1256 2279 1296 men
2311 1241 2440 1296 illud
2475 1244 2615 1299 male
2636 1244 2909 1300 audiebat.
2942 1244 3012 1300 Et
3058 1249 3364 1304 annuntiant
3405 1267 3595 1321 mores,
3632 1269 3759 1324 quos

2158 1349 2260 1387 non
2285 1333 2398 1387 licet
2427 1335 2568 1389 nobis
2593 1336 2844 1406 suscipere
2890 1355 3049 1409 neque
3071 1355 3290 1408 seruare,
3317 1358 3431 1396 cum
3459 1344 3619 1398 simus
3647 1345 3749 1399 Ro-

2157 1427 2316 1482 mani.
2342 1427 2475 1482 Rem
2508 1429 2561 1482 in
2592 1429 2732 1483 laesa
2761 1430 3054 1500 majestatis
3075 1432 3284 1502 crimen,
3314 1445 3549 1490 vertunt.
3571 1437 3663 1492 ‘22.
3692 1437 3761 1491 Et

2157 1519 2310 1573 simul
2333 1520 2607 1575 insurrexit
2628 1521 2774 1576 turba
2799 1532 2976 1578 contra
2997 1524 3134 1580 illos.
3153 1523 3197 1580 Ο
3222 1524 3613 1598 insipientiam!
3641 1530 3757 1585 Non

2159 1613 2575 1680 examinarunt,
2611 1631 2716 1670 non
2765 1615 3163 1684 deliberarunt;
3208 1620 3454 1688 quamvis
3503 1637 3570 1677 eo
3614 1623 3760 1679 edito

2157 1705 2418 1760 miraculo
2447 1707 2673 1762 adorare
2705 1718 3000 1779 oporteret,
3024 1719 3080 1766 et
3115 1711 3235 1766 illos
3262 1727 3360 1782 pro
3392 1716 3760 1770 servatoribus

2159 1809 2215 1853 et
2255 1799 2508 1854 benelicis
2543 1799 2766 1856 habere.
2804 1801 2937 1856 Nam
2970 1804 3015 1856 si
3035 1804 3290 1872 pecunias
3327 1805 3615 1875 volebatis,
3662 1821 3760 1862 cur

2161 1891 2322 1944 tantis
2340 1891 2572 1946 inventis
2587 1892 2788 1948 divitiis
2809 1909 2914 1948 non
2933 1896 3283 1951 accurristis?
3304 1896 3469 1952 Posse
3488 1899 3761 1955 dannoias

2161 1982 2368 2053 fugare,
2398 1985 2792 2056 splendidiores
2813 1987 3009 2054 reddit,
3029 2004 3186 2059 quam
3209 1990 3340 2060 ipsis
3361 1991 3761 2063 obtemperare.

2161 2075 2302 2131 Ecce
2329 2077 2503 2147 signa,
2537 2077 2633 2132 sed
2664 2081 3012 2148 pecuniarum
3032 2080 3302 2150 cupiditas
3325 2083 3444 2151 plus
3478 2084 3662 2139 valuit.
3695 2085 3767 2140 Et

2159 2168 2510 2236 magistratus,
2557 2170 2728 2224 scissis
2772 2171 2954 2224 tunicis
2981 2187 3177 2238 eorum,
3200 2175 3468 2244 jusserunt
3495 2191 3580 2230 eos
3609 2178 3765 2249 uirgis

2161 2260 2293 2316 ειεάί
2322 2277 2340 2314 :
2359 2261 2450 2316 25.
2484 2271 2528 2315 et
2553 2279 2666 2315 cum
2695 2263 2880 2316 multas
2906 2263 2979 2318 eis
3011 2265 3190 2336 plagas
3211 2265 3589 2335 imposuissent,
3617 2271 3767 2323 mise-

2160 2363 2279 2406 runt
2316 2369 2400 2407 eos
2437 2355 2491 2407 in
2515 2366 2784 2420 carcerem,
2817 2357 3168 2427 praecipientes
3190 2359 3388 2412 custodi
3416 2370 3468 2413 ut
3500 2361 3768 2432 diligenter

2161 2447 2438 2499 custodiret
2468 2463 2572 2502 eos.
2607 2448 2794 2518 Itaque
2828 2450 3022 2502 l‘aulns
3049 2459 3218 2504 totum
3248 2451 3391 2516 fecit,
3425 2462 3480 2507 et
3509 2454 3767 2510 miracula

2160 2543 2217 2591 et:
2242 2535 2580 2602 doctrinam;
2634 2539 2994 2609 periculorum
3039 2557 3168 2597 vero
3209 2558 3432 2599 consors
3462 2543 3559 2598 fuit
3605 2546 3766 2602 Silas.

2160 2628 2297 2695 Quid
2329 2640 2412 2684 est
2437 2627 2630 2683 Dolens
2651 2642 2820 2684 autem
2851 2631 3051 2687 Paulus
3069 2632 3095 2685 ?
3123 2633 3398 2699 Malitiam,
3427 2635 3622 2705 inquit,
3651 2637 3764 2692 da:-

2161 2721 2338 2777 monis
2361 2721 2567 2788 videns,
2593 2732 2649 2777 ut
2680 2724 2796 2792 ipse
2820 2724 2945 2778 alibi
2974 2724 3104 2779 dicit
3142 2743 3156 2780 :
3186 2724 3311 2780 Non
3342 2729 3477 2781 enim
3501 2732 3770 2800 cogitatio-

2161 2829 2248 2866 nes
2273 2814 2382 2884 ejus
2407 2814 2701 2884 ignoramus
2728 2814 2820 2885 (2.
2845 2814 2964 2872 Cor.
2991 2816 3049 2870 2.
3076 2819 3137 2872 ll
3160 2817 3202 2888 j.
3227 2819 3335 2873 Cur
3362 2835 3468 2874 non
3489 2821 3763 2890 dixerunt,

2163 2905 2470 2961 Damionem
2511 2907 2809 2978 cjecerunt,
2853 2909 2904 2963 in
2947 2909 3115 2964 Deum
3147 2911 3307 2980 impie
3355 2923 3622 2983 egerunt;
3669 2917 3764 2971 sed

2161 3001 2366 3056 crimen
2397 3002 2538 3056 laesae
2560 3003 2858 3073 majestatis
2886 3003 3190 3059 intentant?
3216 3005 3313 3060 llic
3336 3021 3394 3060 se
3419 3011 3586 3062 victus
3608 3009 3764 3066 vide-

2161 3091 2312 3149 bant.
2334 3093 2424 3150 Sic
2453 3094 2597 3150 etde
2618 3094 2833 3151 Christo
2850 3095 3102 3152 (licebant
3127 3115 3140 3154 :
3176 3097 3298 3152 Non
3316 3100 3554 3155 habemus
3577 3119 3766 3174 regem,

2162 3190 2260 3243 nisi
2286 3187 2539 3245 Cwsarem
2571 3189 2768 3262 (Joan.
2795 3191 2884 3246 19.
2920 3192 3040 3263 15).
3074 3191 3252 3247 Omnis
3279 3194 3364 3266 qui
3387 3211 3440 3249 se
3481 3212 3647 3267 regem
3682 3201 3768 3268 fa-

2165 3283 2269 3348 cit,
2319 3285 2622 3338 contradicit
2666 3285 2858 3340 Ctesari
2906 3284 3082 3358 (Ibid.
3111 3301 3158 3341 υ.
3199 3287 3324 3359 12).
3352 3287 3422 3342 Ει
3449 3291 3770 3362 conjecerunt

2165 3391 2272 3442 eos,
2301 3377 2494 3446 inquit,
2542 3377 2595 3431 in
2640 3393 2911 3432 carcerem.
2952 3378 3176 3448 Magnus
3205 3378 3374 3436 furor.
3399 3381 3491 3436 24.
3523 3382 3624 3448 Qui
3653 3399 3770 3437 cum

2165 3471 2268 3524 tale
2296 3481 2606 3542 prtuceptum
2656 3473 2951 3542 accepisset,
3001 3473 3217 3542 conjecit
3255 3474 3371 3528 illos
3398 3475 3451 3529 in
3480 3475 3772 3532 interiorem

2162 3579 2445 3628 carcerem,
2474 3575 2522 3616 et
2553 3564 2704 3634 pedes
2731 3581 2904 3617 eorum
2935 3564 3140 3618 strinxit
3180 3566 3340 3635 ligno.
3376 3566 3531 3633 Vide,
3561 3569 3650 3624 ille
3677 3584 3774 3624 eos

2163 3647 2218 3706 in
2251 3652 2563 3708 interiorem
2589 3654 2822 3724 conjecit
2850 3669 3123 3710 carcerem
3149 3673 3162 3710 :
3185 3665 3239 3710 et
3266 3655 3366 3712 hoc
3383 3671 3452 3712 ex
3485 3659 3774 3728 providen-

2165 3746 2241 3802 tia
2288 3747 2508 3801 factum.
2549 3748 2686 3814 Quia
2719 3749 2860 3802 enim
2894 3747 3212 3802 miraculum
3237 3764 3488 3820 magnum
3522 3751 3766 3810 futurum

2167 3847 2304 3905 erat,
2336 3838 2563 3893 idoneus
2585 3839 2738 3894 locus
2770 3840 2837 3896 ad
2865 3855 2979 3895 rem
3011 3841 3365 3912 evulgandam
3391 3852 3544 3898 extra
3576 3846 3766 3901 urbem

2167 3934 2438 3998 statuitur,
2471 3934 2858 3989 tentationibus
2880 3943 2931 3988 et
2962 3917 3215 4005 periculis
3237 3951 3457 3991 vacuus.
3487 3937 3620 3994 Vide
3640 3954 3775 4010 quo-

2168 4025 2330 4080 modo
2359 4024 2447 4080 hic
2495 4027 2726 4096 scriptor
2750 4028 2925 4082 studia
2971 4043 3259 4084 recensere
3300 4045 3406 4084 non
3463 4031 3771 4087 erubescat.

2169 4116 2328 4172 Certe
2357 4133 2482 4172 cum
2507 4120 2663 4189 quies
2714 4128 2894 4183 esset,
2927 4119 3098 4190 magis
3130 4120 3482 4176 attendebant
3521 4122 3605 4188 iis,
3654 4139 3775 4194 qua:

2169 4209 2731 4281 dicebanturzneque
2775 4211 2902 4265 urbs
2955 4211 3044 4265 illa
3099 4211 3524 4282 Philippensium
3574 4229 3769 4284 magna

2170 4311 2307 4356 erat.
2356 4301 2485 4356 Huic
2531 4311 2588 4357 et
2639 4317 2738 4356 nos
2764 4301 3020 4369 scientes,
3060 4303 3332 4358 neminem
3361 4304 3771 4362 erubescamus.

2171 4392 2326 4462 Apud
2360 4393 2650 4449 curiarium
2681 4403 2864 4449 manet
2894 4395 3106 4462 Petrus,
3155 4396 3293 4464 apud
3345 4398 3718 4466 purpurariam
3749 4402 3766 4432 ι

2173 4488 2388 4543 Paulus.
2421 4488 2523 4544 Ubi
2550 4497 2632 4544 est
2649 4488 2854 4545 fastus?
2876 4487 3039 4559 Igitur
3073 4491 3240 4546 Deum
3275 4507 3575 4562 precemur,
3599 4505 3657 4549 ut
3682 4511 3778 4551 cor

2173 4580 2380 4648 aperiat
2410 4597 2423 4634 :
2458 4580 2599 4636 Deus
2651 4590 2830 4635 autem
2857 4581 3020 4636 corda
3045 4598 3166 4652 qua:
3191 4583 3458 4640 voluerint
3494 4589 3694 4657 aperit;
3723 4596 3780 4644 at

2173 4681 2436 4726 excascala
2465 4671 2626 4726 corda
2658 4672 2839 4728 videre
2860 4683 2962 4728 est.
2997 4673 3102 4730 Sed
3131 4678 3416 4746 superiora
3440 4687 3771 4749 repetamus.

2177 4765 2389 4832 Mulier,
2418 4765 2607 4835 inquit,
2631 4767 2965 4837 purpurat-ia,
2994 4771 3138 4839 cujus
3159 4769 3411 4825 Dominus
3437 4789 3524 4826 cor
3543 4777 3766 4846 aperuit,

2176 4867 2228 4910 ut
2257 4858 2533 4912 attenderet
2556 4858 2640 4921 iis,
2666 4875 2778 4928 qua:
2799 4859 3094 4915 dicebantur
3127 4878 3160 4915 a
3197 4861 3390 4919 Paulo.
3419 4867 3647 4936 Aperire
3674 4869 3779 4924 ita-

2177 4967 2282 5018 que
2309 4951 2403 5006 Dei
2449 4959 2552 5020 est,
2579 4953 2860 5008 attendere
2892 4970 3020 5008 vero
3048 4953 3233 5012 illius:
3265 4971 3356 5012 res
3387 4957 3546 5030 igitur
3579 4969 3695 5016 erat
3721 4971 3776 5018 et

2177 5042 2355 5097 divina
2383 5052 2439 5098 et
2465 5042 2719 5099 humana.
2750 5045 2875 5100 Cum
2899 5056 3066 5101 autem
3089 5049 3345 5120 baptizata
3363 5051 3562 5122 fuisset,
3583 5054 3774 5122 inquit,

2180 5137 2447 5207 deprecata
2471 5147 2544 5191 est
2572 5139 2764 5205 dicens,
2797 5137 2856 5192 Si
2869 5139 3143 5209 judicastis
3173 5158 3272 5195 me.
3305 5142 3518 5212 Vide,et
3544 5145 3782 5215 baptiza-

2183 5237 2298 5294 tur,
2331 5238 2385 5282 et
2412 5230 2604 5300 recipit
2633 5230 2907 5299 apostolos
2935 5242 3278 5301 postiantam
3301 5235 3772 5306 supplicationem,

2183 5323 2440 5390 majorem
2471 5337 2631 5392 quam
2657 5322 2803 5376 illaut
2830 5322 3141 5380 Abrahami.
3169 5324 3280 5380 Nec
3310 5326 3436 5380 dicit
3461 5325 3606 5381 aliud
3637 5327 3780 5382 indi-

2183 5415 2348 5480 cium,
2388 5429 2547 5484 quam
2593 5414 2742 5482 illud,
2776 5430 2882 5485 quo
2922 5424 3132 5471 servata
3156 5414 3358 5486 fuerat.
3387 5415 3503 5470 Non
3533 5416 3688 5484 dixit,
3720 5419 3776 5475 Si

2187 5523 2457 5579 magnam,
2490 5509 2534 5563 si
2563 5509 2702 5578 piam
2722 5508 3002 5564 mulierem
3029 5509 3308 5580 judicastis
3335 5524 3453 5575 me;
3476 5510 3570 5566 sed
3611 5513 3783 5582 quid?

2186 5599 2422 5656 Fidelem
2441 5599 2683 5655 Domino.
2715 5601 2772 5657 Si
2803 5601 3053 5664 Domino,
3088 5600 3253 5656 multo
3278 5601 3447 5670 magis
3471 5602 3644 5668 vobis,
3677 5605 3780 5660 nisi

2187 5691 2464 5748 dubitetis.
2495 5690 2606 5748 Nec
2627 5691 2783 5759 dixit,
2813 5692 2971 5762 Apud
3008 5708 3116 5758 me,
3139 5690 3328 5757 sed,ln
3357 5693 3508 5748 domo
3536 5712 3648 5752 mea
3673 5714 3781 5753 mn-

2189 5794 2336 5846 nete;
2366 5791 2423 5835 ut
2451 5782 2759 5840 ostenderet
2799 5797 2860 5837 se
2890 5782 2991 5836 hoc
3017 5799 3138 5838 cum
3171 5799 3360 5855 magna
3391 5785 3664 5842 alacritate
3700 5789 3776 5846 la-

2258 5901 2274 5931 ί
2312 5897 2504 5957 Quidam
2525 5896 2675 5956 addit,
2697 5905 2742 5948 et
2761 5898 3096 5964 alienigenam.
