4112 6456
471 413 579 468 255

472 541 621 582 cere.
653 523 791 578 Vere
819 519 994 574 ﬁdelis
1015 516 1226 572 mulier.
1269 513 1365 568 Dic
1389 527 1520 566 vero
1547 509 1700 576 mihi,
1728 507 1848 577 quis
1874 515 1954 560 est
1979 503 2068 560 hic

472 615 716 672 daemon?
745 614 903 673 Deus,
939 608 1168 678 inquies,
1203 607 1406 677 python
1455 621 1468 657 :
1501 617 1531 656 a
1553 602 1673 656 loco
1712 599 1791 653 sic
1821 605 2062 651 vocatur.

476 708 660 765 Viden’
679 707 840 762 etiam
867 703 1165 769 Apollinem
1192 714 1314 754 esse
1341 698 1638 751 dazmonem
1656 694 1680 745 ἲ
1699 702 1755 749 et
1773 691 1894 762 quia
1917 689 2063 743 vole-

474 803 566 857 bat
603 802 723 857 illos
765 799 817 852 in
848 795 1172 851 tentationes
1200 791 1441 861 injicere,
1481 797 1541 842 ut
1569 785 1738 856 magis
1784 784 2060 844 excitaret.

467 896 532 948 ad
557 894 660 948 hoc
688 888 1019 960 loquendum
1049 884 1276 940 induxit.

534 985 591 1039 2.
623 984 668 1039 Ο
692 982 944 1044 sceleste,
973 986 1029 1033 et
1058 973 1471 1032 Scelestissime!
1523 972 1582 1026 Si
1625 984 1754 1040 ergo
1783 967 1919 1022 nosti
1944 965 2062 1020 illus

468 1079 613 1132 viam
639 1074 829 1129 salutis
856 1071 1193 1136 annuntiare,
1227 1083 1324 1123 cur
1369 1081 1474 1121 non
1523 1061 1798 1134 egrederis
1837 1056 2064 1114 lubens?

468 1171 575 1226 Sed
611 1169 840 1239 idipsum
865 1163 1008 1235 quod
1037 1164 1222 1219 Simon
1251 1160 1485 1225 volebat,
1528 1172 1650 1212 cum
1678 1154 1905 1218 diceret,
1932 1149 2064 1204 Duse

469 1262 613 1326 mihi,
645 1269 700 1313 ut
724 1260 806 1312 cui
826 1259 1116 1326 imposuere
1164 1267 1368 1314 manus,
1396 1249 1614 1319 accipiat
1640 1247 1893 1315 Spiritum
1937 1259 2060 1297 san-

463 1364 598 1406 etum
624 1351 774 1425 (Act.
802 1355 855 1405 8.
889 1349 998 1419 l9)
1025 1365 1039 1402 :
1075 1347 1173 1400 hoc
1202 1353 1259 1400 et
1285 1344 1386 1398 iste
1413 1341 1675 1396 faciebat:
1699 1338 1824 1409 quia
1849 1335 2062 1390 videbat

465 1446 583 1500 illos
628 1443 912 1510 celebrari,
972 1441 1046 1495 ita
1077 1439 1320 1503 simulat,
1351 1436 1454 1490 hac
1494 1434 1702 1488 ratione
1749 1444 1972 1501 sperans
2000 1444 2059 1484 se

463 1537 870 1610 relinquendum
901 1549 1023 1590 esse
1057 1533 1111 1587 in
1137 1545 1387 1602 corpore,
1436 1529 1481 1582 si
1511 1527 1696 1583 eadem
1724 1525 2054 1596 praedicaret.

459 1635 516 1689 Si
557 1648 690 1688 vero
728 1630 869 1701 apud
919 1629 1192 1682 hominem
1248 1625 1369 1680 Non
1396 1634 1469 1679 est
1499 1624 1724 1695 speciosa
1760 1622 1870 1675 laus
1892 1622 1944 1674 in
1971 1635 2058 1674 ore

462 1725 740 1794 peccatoris
769 1722 967 1794 (Eccli.
1003 1721 1088 1775 15.
1123 1719 1222 1792 9),
1252 1718 1421 1773 multo
1470 1716 1641 1787 magis
1684 1715 1824 1784 apud
1850 1714 2056 1768 dzemo-

463 1834 585 1873 nent
620 1836 634 1871 :
663 1819 707 1873 si
735 1816 804 1871 ab
831 1815 1136 1870 hominibus
1160 1811 1524 1869 testimonium
1551 1825 1658 1865 non
1685 1809 1878 1878 accipit
1895 1806 2056 1862 Chri-

459 1923 596 1979 stus,
629 1927 726 1966 nec
756 1927 786 1964 a
814 1909 1054 1974 Joanne;
1085 1908 1252 1962 multo
1274 1907 1454 1960 minus
1477 1918 1508 1959 a
1552 1901 1819 1958 daemone.
1850 1898 2054 1955 Praedi-

458 2023 586 2062 care
605 2007 746 2061 enim
771 2021 876 2058 non
905 2016 988 2060 est
1014 2003 1312 2068 hominum,
1338 2000 1434 2056 sed
1455 1998 1686 2069 Spiritus
1706 1998 1898 2051 sancti.
1921 1995 2056 2062 Quia

460 2103 619 2171 igitur
642 2109 956 2170 arroganter
983 2097 1248 2152 faciebant
1271 2095 1589 2162 clamantes,
1607 2091 1845 2147 clamore
1864 2105 1922 2144 se
1943 2097 2057 2144 stu-

461 2209 648 2263 porem
711 2193 972 2246 allaturos
1029 2189 1338 2260 sperabant,
1393 2187 1680 2241 dicentes:
1714 2182 1786 2236 Hi
1828 2182 2054 2236 homines

457 2287 754 2342 conturbant
774 2269 1024 2340 ciuitatem
1045 2294 1291 2338 nostram.
1315 2281 1457 2350 Quid
1477 2281 1650 2336 dicis?
1671 2278 1918 2335 credisne
1938 2279 2049 2332 dte-

459 2381 646 2436 tnoni?
676 2395 774 2435 cur
802 2396 906 2434 non
932 2379 1019 2434 hic
1052 2378 1213 2434 etiam
1245 2376 1460 2432 credis?
1487 2375 1582 2430 ille
1610 2373 1759 2439 dicit,
1791 2373 1935 2427 Serui
1954 2371 2053 2426 Dei

455 2475 692 2529 altissimi
707 2491 728 2536 ;
756 2483 812 2528 tu
842 2473 999 2539 dicis,
1030 2471 1344 2526 Conturbant
1392 2471 1644 2524 civitatem
1671 2477 1897 2523 nostram
1920 2483 1939 2520 :
1964 2467 2052 2521 ille

452 2565 604 2631 dicit,
623 2565 941 2618 Annuntiant
962 2563 1107 2616 nobis
1136 2563 1266 2615 viam
1291 2560 1471 2616 salutis
1484 2576 1504 2626 ;
1527 2569 1583 2614 tu
1604 2558 1894 2622 verodicis,
1914 2557 2050 2611 Tra-

454 2659 579 2710 dunt
606 2655 749 2710 nobis
790 2671 974 2721 mores,
1025 2670 1152 2722 quos
1196 2669 1298 2706 non
1327 2651 1442 2706 licet
1468 2652 1740 2720 suscipere.
1771 2649 1904 2704 Vide
1930 2649 2050 2705 illos

450 2765 624 2819 neque
649 2747 881 2803 dmntoni
906 2760 1066 2801 aures
1088 2744 1412 2814 praebentes,
1439 2742 1534 2797 sed
1560 2757 1720 2797 unam
1743 2749 2048 2811 spectantes

449 2841 749 2895 avaritiam.
777 2838 1088 2903 Traxerunt,
1120 2835 1312 2906 inquit,
1345 2851 1430 2889 eos
1465 2835 1520 2888 in
1566 2838 1737 2904 forum
1759 2832 1827 2885 ad
1853 2833 2050 2903 princi-

451 2949 536 2998 pes
569 2947 588 2984 :
613 2941 660 2985 et
688 2931 911 2984 cucurrit
937 2929 1076 3000 plebs
1103 2928 1342 2981 adversus
1371 2942 1476 2980 eos.
1505 2925 1642 2981 Vide
1670 2924 1792 2979 illos
1819 2940 1924 2978 non
1955 2938 2045 2978 re-

433 3023 718 3095 spondere
745 3036 844 3077 nec
874 3037 994 3076 sese
1019 3035 1290 3090 purgare;
1342 3028 1401 3073 ut
1422 3017 1627 3086 majore
1646 3018 1756 3072 sint
1780 3016 1925 3086 digni
1951 3015 2048 3069 ad-

449 3117 752 3173 miratione.
781 3116 916 3170 Nam
957 3115 1052 3181 ait,
1105 3113 1233 3167 Cum
1265 3113 1519 3182 inﬁrmor,
1567 3121 1684 3165 tunc
1707 3119 1886 3182 potens
1909 3126 2042 3164 sum.

451 3211 647 3282 Sufﬁcit
675 3210 761 3264 tibi
787 3210 952 3281 gratia
997 3224 1141 3272 mea;
1171 3223 1293 3262 nam
1347 3206 1506 3260 uirtus
1535 3221 1648 3259 mea
1675 3206 1730 3260 in
1754 3205 2047 3272 inﬁrmitate

449 3305 708 3373 perﬁcitur
729 3302 818 3374 (2.
843 3299 962 3356 Cor.
991 3301 1080 3356 12.
1111 3300 1179 3356 10
1223 3309 1270 3354 et
1310 3298 1411 3369 9).
1435 3299 1618 3368 Itaque
1645 3313 1712 3352 ex
1737 3307 2045 3351 mansuetu-

447 3396 574 3450 dine
604 3393 948 3448 admirabiles
974 3401 1151 3448 erant.
1192 3391 1403 3460 Quanto
1445 3389 1758 3460 diligentior
1796 3389 2041 3443 custodia

446 3499 582 3556 erat,
612 3497 758 3543 tanto
782 3487 1097 3541 miraculum
1137 3484 1488 3555 splendidius.
1517 3483 1770 3539 Fortasse
1793 3482 1872 3538 sic
1891 3482 2038 3538 sedi-

446 3589 645 3642 tionem
693 3585 885 3641 sedare
937 3583 1211 3638 volebant.
1258 3581 1393 3648 Quia
1443 3579 1696 3635 videbant
1751 3579 2038 3633 instantem

445 3680 676 3745 turbant,
698 3678 864 3748 plagis
882 3675 1096 3747 quidem
1123 3676 1174 3729 in
1201 3674 1454 3745 prmsenti
1479 3672 1714 3728 furorent
1736 3673 1927 3728 sistere
1945 3687 2038 3726 vo-

442 3773 652 3838 lebant;
683 3787 805 3826 cum
837 3781 1015 3826 autem
1056 3771 1108 3824 in
1138 3783 1412 3824 carcerem
1441 3767 1791 3837 conjecerunt
1818 3774 1874 3819 et
1898 3780 2037 3835 pra:-

440 3873 699 3935 ceperunt
721 3871 971 3918 accurate
1013 3861 1237 3926 servari,
1268 3873 1484 3914 causam
1543 3859 1732 3913 audire
1761 3858 2032 3913 volebant.

447 3960 510 4011 Et
538 3957 742 4012 strinxit
769 3958 928 4028 ligno,
954 3956 1164 4026 inquit;
1191 3968 1256 4008 ac
1283 3953 1328 4008 si
1355 3952 1582 4018 diceret,
1615 3952 1666 4005 in
1693 3950 2038 4018 nervo.Quot

441 4049 690 4121 lacrymis
707 4049 863 4118 digna
887 4057 1033 4113 sunt,
1057 4061 1178 4116 qua:
1199 4061 1341 4100 nunc
1369 4046 1638 4116 aguntur?
1665 4044 1743 4099 Illi
1771 4045 1907 4098 mala
1939 4058 2035 4113 pa-

437 4143 725 4208 tiebantur,
750 4155 848 4195 nos
868 4141 920 4194 in
943 4139 1392 4209 deliciisagimus,
1413 4153 1511 4192 nos
1528 4138 1580 4191 in
1609 4137 1858 4192 theatris.
1879 4137 2034 4193 Unde

436 4234 699 4304 pernicies
744 4233 938 4289 accidit
958 4239 1014 4288 et
1034 4233 1448 4302 submergimur,
1473 4231 1598 4286 dum
1617 4232 1849 4302 quietem
1873 4231 2033 4286 undi—

433 4346 537 4400 que
564 4329 878 4399 quaerimus,
911 4342 1013 4381 nec
1039 4342 1138 4396 pro
1163 4326 1380 4380 Christo
1409 4325 1656 4380 volumus
1676 4325 1760 4381 vel
1788 4325 2030 4380 convicia

431 4421 719 4486 sustinere,
748 4421 832 4475 vel
857 4421 1019 4476 etiam
1047 4419 1231 4474 verba.
1255 4419 1380 4473 Haec
1405 4417 1714 4489 frequenter
1741 4419 1796 4474 in
1826 4433 2030 4474 memo-

433 4517 567 4569 riam
616 4527 954 4580 revocamus,
997 4514 1259 4578 obsecro,
1305 4522 1504 4584 quanta
1555 4513 1631 4566 illi
1683 4513 1824 4583 passi
1877 4513 2023 4577 sint,

431 4617 626 4679 quanta
656 4607 1028 4674 sustinuerint,
1055 4606 1326 4677 quomodo
1353 4621 1454 4660 nec
1474 4605 1691 4672 turbati,
1718 4620 1816 4660 nec
1835 4605 2024 4659 offensi

431 4703 558 4754 sint.
590 4699 684 4756 Dei
710 4713 844 4770 Opus
871 4700 1322 4768 exsequebantur,
1346 4708 1402 4753 et
1427 4697 1543 4753 inec
1568 4700 1708 4768 passi
1738 4706 1882 4753 sunt.
1903 4697 2021 4752 Non

428 4792 680 4847 dicebant
707 4809 720 4844 ε
752 4791 861 4846 Cur
891 4792 993 4845 hoc
1013 4790 1385 4861 praedicamus,
1411 4806 1511 4846 nec
1538 4789 1693 4845 nobis
1715 4790 2021 4860 praesidium

427 4884 581 4938 all'ert
638 4885 821 4938 Deus?
874 4882 982 4938 Sed
1032 4893 1087 4938 et
1140 4882 1241 4936 hoc
1284 4881 1390 4936 il-lis
1429 4882 1703 4951 proderat,
1735 4889 1791 4936 et
1818 4883 2021 4952 absque

428 4995 529 5046 ope
569 4994 634 5032 ex
683 4977 796 5047 ipsa
835 4992 897 5031 re
952 4976 1344 5030 constantiores
1389 4973 1678 5041 reddebat,
1730 4975 2016 5041 fortiores,

430 5069 832 5138 imperterritos.
879 5067 1195 5138 Tributatt'o,
1228 5068 1434 5138 inquit,
1463 5067 1756 5139 patientiam
1781 5077 2020 5123 oneratur

426 5176 441 5233 ι
471 5166 619 5219 Item.
653 5163 707 5215 5.
739 5161 831 5232 4).
879 5211 884 5214 .

498 5255 546 5310 Ν
553 5255 646 5310 iln't
669 5254 898 5308 inutilius
923 5252 1102 5307 otioso.
1116 5251 1300 5316 —-Ne,
1321 5265 1524 5322 quaeso,
1548 5251 1746 5306 ﬂuxam
1767 5261 1822 5307 et
1844 5252 2018 5308 disso-

425 5349 590 5403 lutam
618 5360 919 5417 quteramus
948 5344 1133 5398 vitam.
1161 5343 1231 5400 Ut
1273 5344 1416 5399 enim
1465 5343 1552 5398 hic
1589 5343 1786 5415 duplex
1815 5345 2014 5400 bonum

423 5453 528 5507 est,
557 5441 698 5513 quod
732 5441 982 5496 fortiores
1022 5440 1152 5493 ﬁant
1171 5482 1186 5506 ,
1209 5447 1265 5494 et
1291 5437 1433 5508 quod
1460 5452 1650 5508 magna
1677 5438 1748 5492 sit
1774 5454 2011 5494 merces:

422 5535 499 5587 sic
520 5535 590 5588 ibi
613 5533 809 5602 duplex
830 5534 1054 5598 malum,
1073 5531 1214 5602 quod
1237 5531 1508 5586 molliores
1523 5531 1772 5598 evadant,
1792 5541 1846 5588 et
1870 5533 2014 5603 quod

423 5626 488 5678 ad
520 5626 721 5679 nullam
743 5625 1046 5689 utilitatem,
1074 5624 1167 5679 sed
1189 5625 1241 5678 in
1267 5625 1488 5680 malum.
1515 5625 1654 5680 Nihil
1683 5627 1824 5680 enim
1848 5609 2014 5680 inuti-

425 5715 526 5769 tius
571 5716 807 5780 homine,
835 5718 925 5786 qui
970 5718 1023 5770 in
1060 5717 1174 5770 otio
1214 5727 1270 5771 et
1307 5716 1517 5772 deliciis
1557 5728 1726 5771 totum
1771 5718 2016 5788 transigit

423 5815 655 5874 tempus.
710 5805 823 5869 Vir,
852 5808 1045 5877 inquit,
1074 5823 1182 5861 non
1213 5809 1492 5876 probatus,
1521 5811 1684 5864 etiam
1709 5810 1971 5881 reprobus
1995 5827 2009 5864 :

422 5897 706 5967 reprobus,
729 5911 836 5952 non
862 5898 918 5954 in
947 5899 1032 5956 his
1056 5909 1257 5962 tantum
1289 5902 1696 5970 certaminibus,
1728 5903 1821 5960 sed
1853 5903 2014 5958 etiam

1173 401 1211 457 s
1272 393 1553 456 JOANNIS
1572 389 2056 452 cnnvsosrosn
2105 389 2422 450 ARCHIEP.
2454 393 2988 454 CONSTANTINOP.
3649 407 3738 468 εει,

2175 507 2227 558 in
2255 507 2374 563 aliis
2401 509 2674 564 omnibus.
2731 510 2840 566 Res
2879 521 2963 566 est
3007 513 3206 569 inutilis
3251 513 3455 570 desidia
3484 535 3500 569 ε
3529 523 3734 590 atquein

2173 599 2303 669 ipsis
2345 599 2556 656 deliciis
2594 600 2723 654 nihil
2753 603 2824 657 ita
2853 603 3024 658 fructu
3063 620 3254 660 carens
3300 616 3358 660 ut
3395 607 3630 664 deliciari
3661 611 3732 670 εἰει

2173 692 2315 746 enim
2357 691 2625 747 fastidium
2651 694 2805 763 parit.
2847 694 3029 766 Neque
3062 705 3205 751 tanta
3238 709 3321 753 est
3347 700 3587 755 ciborum
3614 703 3738 760 desi-

2169 784 2379 856 dizeque
2415 787 2693 856 voluptas;
2725 787 2821 842 sed
2852 789 3031 844 omnia
3073 791 3316 846 deﬂuunt
3343 805 3397 850 et
3419 796 3650 850 avolant.
3676 797 3742 857 Ne

2170 875 2308 932 hanc
2347 893 2670 948 quaeramus.
2718 878 2775 936 Si
2819 881 2964 936 enim
3011 883 3355 941 considerare
3401 887 3741 957 voluerimus,

2169 980 2289 1026 uter
2315 973 2532 1026 suavius
2558 982 2698 1043 agat,
2731 972 2822 1044 qui
2851 973 3061 1030 laborat
3086 983 3142 1029 et
3167 975 3218 1030 in
3245 979 3501 1032 aerumnis
3522 980 3662 1047 vivit,
3683 998 3742 1038 an

2167 1064 2257 1133 qui
2283 1063 2567 1120 deliciatur
2599 1083 2613 1119 :
2646 1065 2796 1120 illum
2825 1067 3042 1120 suavius
3068 1069 3246 1123 vivere
3271 1069 3739 1139 deprehendemus.

2167 1154 2300 1210 Nam
2343 1155 2517 1225 primo
2545 1157 2688 1212 illius
2715 1171 2910 1227 corpus
2935 1173 3132 1214 enerve
3161 1170 3214 1215 et
3241 1161 3479 1232 ineptum
3513 1175 3630 1218 est:
3656 1164 3739 1220 de-

2166 1247 2290 1302 inde
2318 1248 2561 1318 corporis
2586 1263 2775 1304 sensus
2800 1267 2904 1304 non
2931 1261 3056 1306 sunt
3081 1252 3274 1308 sinceri
3298 1271 3475 1325 neque
3496 1256 3632 1324 sani,
3660 1259 3739 1314 sed

2165 1342 2356 1397 molles
2381 1351 2436 1397 et
2463 1342 2694 1413 languidi
2720 1360 2735 1409 ;
2767 1344 2854 1399 ubi
2885 1361 3015 1400 vero
3039 1347 3117 1401 sic
3143 1363 3230 1403 res
3259 1349 3442 1414 habet,
3472 1366 3642 1421 neque
3663 1368 3737 1408 sa-

2164 1436 2347 1490 nitatis
2375 1437 2622 1507 voluptas
2649 1449 2894 1507 apparet.
2944 1438 3076 1515 Quis
3103 1456 3276 1511 equus
3307 1441 3474 1510 utilis,
3509 1437 3733 1519 quiideli-

2163 1533 2334 1587 ciatur
2369 1547 2436 1587 an
2477 1534 2566 1604 qui
2593 1535 2916 1589 exercetur?
2944 1550 3064 1605 qua:
3105 1538 3276 1603 navis,
3307 1554 3428 1608 qua:
3454 1519 3731 1670 naviga‘Qt

2163 1642 2281 1670 num
2315 1625 2549 1670 ntialnr?
2587 1643 2707 1670 nttm
2733 1643 2866 1670 summ
2887 1668 2897 1670 -
2938 1645 3058 1670 ιιιιειι
3086 1628 3196 1670 ﬂuit
3231 1646 3296 1670 an
3326 1648 3448 1670 mam
3490 1633 3731 1670 ηιιίραιιίιι

2161 1642 2281 1696 quae
2315 1625 2549 1681 otiatur?
2587 1643 2707 1697 qua:
2733 1643 2901 1697 aqua,
2938 1645 3058 1698 quae
3086 1628 3202 1684 ﬂuit
3231 1646 3296 1684 an
3326 1648 3450 1700 qua":
3489 1625 3737 1702 quiesciN

2161 1721 2304 1791 quod
2337 1719 2557 1822 ferrum,
2587 1722 2732 1792 quod
2758 1732 3003 1777 movetur
3029 1738 3096 1777 an
3127 1724 3269 1793 quod
3299 1725 3438 1780 nihil
3465 1737 3705 1795 operatur
3721 1719 3790 1822 ὓς

2160 1830 2339 1870 annon
2366 1814 2498 1870 illud
2526 1815 2742 1885 quidem
2770 1816 3050 1886 splendet,
3104 1828 3157 1873 et
3182 1829 3411 1889 argento
3439 1821 3614 1877 simile
3639 1831 3738 1888 est;

2161 1911 2471 1987 hocoautem
2501 1911 2745 1982 rubigine
2769 1913 3138 1980 consumitur,
3167 1923 3223 1968 et
3252 1914 3442 1970 inutile
3467 1926 3570 1982 est,
3596 1927 3738 1986 atque

2159 2019 2226 2059 ex
2252 2004 2476 2059 materia
2501 2017 2596 2058 sua
2624 2003 2897 2074 quidpiam
2926 2005 3162 2059 amittit?
3205 2006 3333 2062 Tale
3360 2007 3633 2078 quidpiatn
3655 2023 3738 2062 ac-
3807 2022 3813 2028 ‘

2158 2099 2291 2154 cidit
2315 2099 2505 2154 otiosa}
2530 2099 2725 2153 animae
2754 2115 2767 2151 :
2801 2098 2993 2168 rubigo
3019 2097 3264 2167 quaedam
3299 2099 3448 2154 illam
3477 2101 3736 2170 pervadit,

2159 2202 2212 2249 et
2239 2193 2582 2263 splendorem
2621 2192 2859 2248 corrodit
2896 2202 3199 2264 caeteraque
3238 2194 3446 2254 omnia.
3493 2196 3603 2263 Qua
3635 2206 3740 2250 arto

2156 2286 2276 2355 quis
2303 2286 2441 2342 hanc
2467 2286 2762 2357 rubiginem
2789 2287 3148 2342 absterserit?
3177 2286 3566 2344 Erumnarum
3589 2298 3734 2350 cote:

2157 2377 2265 2432 illa:
2287 2378 2469 2434 utilem
2496 2377 2729 2434 reddunt
2749 2379 2980 2433 animam
3002 2381 3127 2432 etin
3156 2380 3409 2434 omnibus
3430 2381 3734 2450 expeditam.

2155 2467 2437 2536 Quomodo
2465 2469 2630 2536 enim,
2659 2483 2864 2540 quaeso,
2888 2469 3084 2539 poterit
3109 2469 3236 2524 vitia
3265 2470 3564 2537 succidere,
3587 2471 3736 2526 hebe-

2156 2571 2262 2618 tata
2289 2564 2424 2629 acie,
2448 2572 2502 2619 et
2528 2565 2678 2634 quasi
2701 2564 2976 2634 plumbum
3001 2562 3235 2619 reﬂexa?
3260 2565 3538 2634 quomodo
3557 2563 3731 2620 diabo-

2153 2657 2262 2712 lum
2284 2657 2596 2714 confodiet?
2621 2659 2707 2714 cui
2731 2673 2837 2712 non
2859 2666 2942 2712 est
2964 2658 3206 2728 ingratus
3232 2657 3397 2713 homo
3422 2658 3507 2729 qui
3533 2658 3733 2729 pingue-

2151 2748 2263 2805 dini
2288 2749 2486 2816 studet,
2515 2765 2580 2804 ac
2607 2749 2753 2804 velut
2781 2747 2954 2818 phoca
2985 2747 3250 2802 trahitur?

2223 2841 2276 2898 5.
2307 2841 2474 2896 Lauta
2499 2858 2672 2896 mensa
2699 2841 3029 2912 vituperatur.
3053 2870 3122 2880 —
3143 2839 3262 2896 Non
3291 2839 3397 2897 hoc
3425 2840 3540 2896 dico
3561 2839 3622 2895 de
3645 2839 3724 2905 iis,

2149 2934 2242 3004 qui
2261 2945 2445 2989 natura
2469 2934 2606 2989 tales
2626 2943 2771 3001 sunt,
2793 2932 2888 2989 sed
2911 2931 2978 2988 de
2996 2932 3080 2998 iis,
3093 2932 3183 3002 qui
3199 2947 3264 2987 ex
3279 2931 3517 2988 ciborum
3537 2931 3723 2986 deliciis

2151 3027 2278 3082 talia
2321 3027 2424 3082 sibi
2467 3041 2695 3096 corpora
2735 3035 2950 3098 parant,
2981 3041 3101 3081 cum
3150 3035 3340 3080 natura
3382 3041 3476 3080 sua
3515 3023 3718 3094 graciles

2147 3131 2350 3178 essent.
2377 3122 2538 3178 Ortus
2557 3132 2641 3178 est
2660 3123 2764 3190 sol,
2787 3122 2964 3178 radios
2988 3123 3185 3194 ubique
3204 3121 3516 3191 splendidos
3531 3120 3722 3186 eli'udit,

2148 3214 2388 3285 singulos
2429 3215 2498 3270 ad
2538 3230 2700 3285 Opera
2739 3215 3034 3271 excitavit:
3065 3215 3297 3285 agricola
3324 3226 3537 3284 sumpto
3565 3214 3726 3284 ligone

2148 3307 2290 3372 exit,
2320 3306 2544 3360 mrarius
2573 3306 2823 3361 malleum
2853 3305 3249 3376 apprehendit,
3278 3306 3477 3376 singuli
3503 3306 3718 3360 artiﬁces

2145 3413 2267 3468 quae
2287 3397 2387 3452 sibi
2410 3406 2739 3467 congruunt;
2760 3407 2816 3452 et
2836 3413 3104 3468 quemque
3126 3399 3370 3454 invenies
3392 3400 3713 3455 instrumenta

2144 3505 2240 3545 sua
2268 3498 2617 3556 tractantem;
2642 3490 2837 3545 mulier
2889 3491 3070 3546 colum
3102 3490 3186 3546 vel
3218 3500 3483 3547 texturam
3515 3491 3715 3560 arripit:

2144 3581 2238 3638 ille
2263 3592 2442 3637 autem
2483 3596 2694 3637 summo
2743 3597 2901 3637 mane
2924 3584 3077 3654 quasi
3109 3598 3302 3653 porcus
3325 3584 3394 3638 ad
3419 3583 3720 3654 pascendum

2142 3684 2385 3730 ventrem
2417 3675 2558 3740 exit,
2591 3689 2840 3744 quaerens
2867 3675 3141 3745 quomodo
3170 3675 3371 3730 lautam
3404 3685 3552 3746 paret
3576 3691 3718 3730 men-

2141 3782 2278 3822 sam.
2330 3767 2492 3837 Atqui
2539 3767 2826 3823 brutorum
2867 3775 2950 3822 est
2991 3775 3197 3822 tantum
3242 3783 3274 3822 a
3323 3784 3527 3823 summo
3573 3781 3718 3822 mane

2139 3859 2315 3914 cibum
2344 3859 2515 3925 adire,
2539 3861 2661 3928 quia
2688 3859 2754 3914 ad
2787 3859 2923 3914 nihil
2953 3860 3101 3914 utilia
3132 3869 3279 3927 sunt,
3310 3861 3410 3914 nisi
3435 3861 3498 3914 ad
3528 3869 3718 3913 macta-

2142 3953 2363 4006 tionem.
2413 3949 2508 4005 llla
2540 3965 2668 4005 vero
2691 3966 2813 4020 qua:
2859 3949 3022 4006 dorso
3066 3961 3308 4023 gestant,
3339 3961 3394 4006 et
3421 3949 3560 4019 operi
3596 3957 3714 4017 apta

2139 4053 2294 4110 sunt,
2343 4044 2457 4113 ipsa
2503 4058 2718 4113 quoque
2764 4052 2925 4099 noctu
2952 4045 3017 4098 ad
3049 4059 3186 4114 opus
3207 4043 3561 4113 egrediuntur.
3613 4040 3711 4095 llic

2137 4145 2316 4192 autem
2345 4152 2376 4192 a
2404 4137 2545 4191 lecto
2567 4152 2814 4208 surgens,
2845 4139 2960 4193 sole
2987 4138 3160 4194 forum
3188 4137 3439 4206 replente,
3461 4144 3510 4189 et
3538 4133 3702 4188 omni

2135 4229 2236 4284 bus
2267 4229 2448 4284 labore
2473 4229 2701 4296 satiatis,
2731 4231 2903 4300 surgit
2927 4247 2987 4286 se
3017 4231 3323 4286 distendens
3349 4228 3492 4298 quasi
3520 4240 3704 4298 porcus

2135 4322 2428 4392 saginatus,
2455 4331 2735 4391 postquam
2771 4322 3027 4392 optimam
3054 4322 3159 4377 diei
3187 4333 3390 4391 partem
3411 4322 3463 4376 in
3487 4317 3709 4373 tenebris

2132 4415 2487 4484 consumpsit.
2529 4414 2733 4471 Deinde
2779 4417 2948 4471 multo
2979 4425 3222 4486 tempore
3270 4415 3323 4470 in
3363 4415 3498 4471 lecto
3535 4411 3706 4472 sedet,

2132 4523 2233 4563 nec
2295 4509 2436 4564 ferre
2483 4517 2662 4579 potest
2711 4522 2858 4579 saepe
2902 4510 3261 4580 vespertinam
3301 4508 3605 4578 crapulam,
3660 4507 3705 4557 in

2133 4598 2219 4655 his
2249 4611 2572 4671 consumpta
2598 4602 2830 4656 maxima
2883 4603 3140 4671 temporis
3193 4610 3368 4672 parte.
3427 4601 3559 4656 Hinc
3599 4610 3702 4651 sese

2131 4703 2386 4758 exornat,
2417 4701 2472 4749 et
2499 4693 2744 4764 procedit
2773 4694 3118 4765 turpitudinis
3153 4695 3525 4765 spectaculum
3547 4736 3560 4760 ,
3588 4685 3704 4745 nihil

2130 4784 2336 4840 habens
2389 4785 2658 4851 hominis,
2707 4786 2801 4840 sed
2849 4785 3028 4840 omnia
3070 4785 3466 4860 h'ominiformis
3511 4783 3698 4841 bestiae

2126 4883 2269 4939 oculi
2317 4883 2568 4953 lippiunt,
2601 4884 2784 4937 vinum
2815 4899 2878 4937 os
2903 4884 3031 4949 olet,
3066 4882 3262 4936 misera
3290 4882 3471 4936 anima
3495 4879 3640 4952 quasi
3663 4878 3714 4930 in

2125 4975 2323 5031 lectum
2353 4975 2598 5044 conjecta
2623 4975 2692 5030 ob
2719 4974 2921 5028 illatam
2952 4974 3069 5029 sine
3095 4973 3258 5029 modo
3284 4974 3528 5028 ciborum
3561 4969 3716 5026 sarci-

2126 5083 2273 5135 nam,
2300 5067 2479 5121 carnis
2522 5066 2732 5136 pondus
2757 5065 3148 5122 circumferens
3177 5070 3316 5119 sicut
3342 5065 3588 5133 elephas.
3621 5062 3717 5115 De-

2126 5161 2250 5216 inde
2275 5161 2494 5215 veniens
2522 5160 2574 5214 in
2603 5160 2738 5215 locis
2766 5160 2952 5226 sedet,
2980 5161 3211 5228 taliaque
3235 5158 3366 5214 dicit
3389 5168 3447 5213 et
3475 5157 3638 5220 facit,
3668 5162 3721 5207 nt

2123 5254 2316 5309 melius
2341 5260 2489 5307 esset
2514 5252 2752 5308 dormire
2780 5252 2928 5306 illum
2950 5293 2964 5314 ,
2987 5267 3146 5321 quam
3182 5251 3422 5320 vigilare.
3453 5249 3510 5304 Si
3541 5247 3715 5318 gravia

2123 5345 2454 5410 nuntientur,
2480 5345 2657 5414 puella
2674 5344 2862 5414 quavis
2889 5344 3103 5398 mollior
3127 5351 3247 5407 est;
3271 5343 3315 5395 si
3338 5343 3546 5405 suavia,
3571 5338 3715 5410 puel-

2122 5439 2158 5493 li
2200 5437 2435 5508 cujusvis
2489 5437 2726 5492 tenerior
2756 5453 2769 5488 :
2802 5434 3238 5505 frequentissime
3274 5435 3487 5488 oscitat.
3534 5431 3716 5487 Omni-

2120 5533 2220 5588 bus
2243 5541 2447 5602 prostat
2467 5530 2603 5585 mala
2621 5529 2819 5585 inferre
2838 5529 3164 5594 volentibus,
3188 5529 3232 5583 si
3255 5543 3359 5583 non
3384 5527 3716 5586 hominibus.

2120 5635 2269 5679 certe
2308 5622 2586 5678 affectibus
2622 5642 2636 5678 :
2666 5622 2825 5676 talem
2864 5620 3140 5677 hominem
3171 5619 3324 5674 facile
3349 5619 3590 5674 excitant
3616 5617 3714 5684 ira,

2119 5715 2550 5786 concupiscentia
2572 5756 2587 5780 ,
2618 5712 2817 5766 invidia
2840 5753 2854 5776 ,
2889 5712 3090 5767 omnia.
3141 5709 3342 5766 Omnes
3393 5708 3716 5773 adulantur,

2121 5824 2310 5864 omnes
2352 5807 2678 5871 ministrant,
2721 5806 3022 5860 molliorem
3065 5805 3227 5862 solito
3265 5804 3557 5859 reddentes
3595 5801 3716 5856 ani-

2126 5921 2266 5962 mam
2312 5923 2326 5960 :
2375 5914 2429 5962 et
2469 5901 2716 5974 quotidie
2757 5897 2937 5973 prodit
2988 5915 3108 5954 cum
3160 5913 3347 5971 magna
3403 5896 3709 5951 accessione
