4112 6434
238 390 340 448 9.55

255 517 339 572 καὶ
389 516 420 570 6
449 513 744 571 Ἀπόλλων
786 518 997 589 δαίμων
1027 519 1142 573 ἐστί
1155 537 1170 585 ;
1231 521 1341 574 Καὶ
1382 522 1506 575 ἐπεὶ
1555 522 1804 578 ἐϐούλετο
1853 526 1934 591 εἰς

253 604 593 681 πειρασμοὺς
628 605 835 669 αὐτοὺς
871 605 1146 676 ἐμϐαλεῖν,
1205 607 1344 661 ὥστε
1384 608 1583 679 μᾶλλον
1611 612 1930 682 παροξῦναι,

259 695 601 770 παρώρμησε
629 692 834 763 λέγειν·

336 868 399 938 β’.
426 861 495 918 Ὠ
518 864 692 936 μιαρὲ
721 864 815 917 καὶ
845 864 1135 936 παμμίαρε
1155 881 1171 896 ο
1200 867 1248 919 εί
1281 865 1461 920 τοίνυν
1495 865 1662 932 οἶδας,
1701 868 1784 921 δτι
1816 867 1936 922 ὁδὸν

264 952 532 1024 σωτηρίας
557 950 1015 1019 καταγγέλλουσι,
1046 952 1097 1005 τί
1127 953 1201 1025 μὴ
1237 952 1516 1017 ἐξίστασαι
1556 954 1733 1019 έκών;
1792 955 1931 1009 Ἀλλ’

256 1042 392 1113 ὅπερ
408 1039 597 1109 Σίμων
629 1037 884 1092 ἐϐούλετο
908 1039 1109 1108 λέγων·
1144 1041 1287 1094 Δότε
1307 1059 1431 1110 μοι,
1469 1043 1571 1097 ἵνα
1596 1035 1644 1110 ᾧ
1662 1044 1772 1097 ἐὰν
1803 1042 1934 1097 ἐπι-

253 1128 338 1186 θῶ
368 1127 481 1191 τὰς
521 1126 749 1197 χεῖρας,
790 1126 1067 1196 λαμϐάνῃ
1119 1127 1364 1198 Πνεῦμα
1403 1128 1576 1199 ἄτιον
1598 1146 1612 1162 ·
1649 1130 1809 1184 τοῦτο
1841 1131 1934 1185 καὶ

251 1208 413 1278 οὗτος
436 1215 612 1267 ἐποίει
632 1228 646 1243 '
689 1214 876 1285 ἐπειδὴ
902 1209 1040 1267 εἶδεν
1058 1213 1500 1285 εὐδοκιμοῦντας,
1541 1217 1638 1271 καὶ
1663 1210 1765 1271 ὧδε
1799 1219 1928 1272 ὑπο-

252 1304 524 1375 κρίνεται,
550 1311 575 1339 ι
604 1300 778 1373 ταύτῃ
818 1301 1218 1374 προσεδόκησεν
1248 1303 1440 1357 ἑαυτὸν
1476 1305 1730 1374 ἀφίεσθαι
1763 1307 1821 1360 ἐν
1857 1306 1936 1378 τῷ

254 1392 499 1463 σώματι,
533 1390 678 1444 εἰτά
723 1389 865 1443 αὑτά
914 1389 1220 1461 κηρύξειεν.
1273 1392 1337 1443 Εἰ
1375 1391 1432 1444 δὲ
1464 1394 1614 1464 παρά
1647 1392 1934 1467 ἀνθρώπου

258 1481 387 1550 οὐχ
416 1479 632 1548 ὡραῖος
657 1482 688 1533 ὁ
716 1475 887 1543 αἶνος
914 1480 984 1532 ἐν
1005 1479 1086 1545 τῷ
1107 1480 1359 1549 στόματι
1390 1481 1757 1550 ἁμαρτωλοῦ,
1803 1482 1936 1536 πολ-

254 1568 339 1639 λῷ
398 1568 600 1639 μᾶλλον
642 1566 787 1639 παρά
846 1566 1102 1637 δαίμονος
1136 1583 1152 1599 ⁸
1202 1570 1249 1621 εἰ
1308 1567 1463 1639 παρὰ
1512 1568 1812 1640 ἀνθρώπων
1867 1570 1936 1642 ὴν

267 1656 585 1727 μαρτυρίαν
622 1654 956 1728 οὑλαμϐάνει
994 1657 1023 1709 6
1059 1655 1313 1727 Χριστὸς,
1333 1656 1453 1709 οὐδὲ
1487 1660 1642 1729 παρὰ
1667 1656 1934 1723 Ἰωάννου,

269 1743 464 1814 πολλῷ
478 1743 664 1813 μᾶλλον
680 1744 830 1814 παρά
844 1742 1118 1810 δαίμονος.
1149 1742 1222 1795 Τὸ
1242 1743 1352 1815 γὰρ
1385 1743 1675 1814 κηρύττειν
1709 1744 1810 1799 οὐκ
1839 1747 1937 1800 ἀν-

265 1831 531 1905 θρώπων,
560 1831 688 1886 άλλά
709 1830 1023 1901 Πνεύματος
1072 1830 1252 1899 ἀγίου.
1309 1831 1460 1883 Ἐπεὶ
1486 1825 1579 1885 οὖν
1605 1830 1940 1896 ἀλαζονικῶς
2016 1848 2021 1851 ·

258 1926 487 1978 ἐποίουν
514 1923 765 1994 βοῶντες,
795 1925 865 1993 τῇ
890 1923 1104 1994 κραυγῇ
1136 1920 1502 1992 καταπλήξειν
1531 1922 1810 1994 ἐνόμισαν,
1846 1923 1938 1977 λέ-

253 2028 453 2080 γοντες
470 2028 487 2043 ·
529 2007 703 2067 Οὗτοι
722 2014 773 2066 al
797 2011 1095 2080 ἅνθρωποι
1117 2009 1610 2078 ἐκταράσσουσιν
1634 2010 1805 2082 ἡμῶν
1824 2011 1939 2082 τὴν

253 2101 467 2155 πόλιν.
497 2099 565 2152 Τί
606 2099 821 2168 λέγεις;
854 2098 1017 2170 πείθῃ
1056 2097 1135 2169 τῷ
1182 2098 1432 2169 δαίμονι;
1479 2098 1567 2153 διά
1601 2100 1654 2153 τί
1693 2100 1815 2170 οὐχὶ
1845 2102 1940 2155 καὶ

254 2187 527 2252 ένταῦθα;
566 2188 801 2247 Ἐκεῖνος
823 2185 992 2254 λέγει,
1024 2186 1107 2240 ὅτι
1133 2186 1347 2241 Δοῦλοι
1365 2186 1474 2240 τοῦ
1500 2186 1649 2242 Θεοῦ
1672 2186 1777 2242 τοῦ
1799 2189 1938 2258 ὑψί-

252 2291 441 2330 στουο
482 2276 549 2329 σὺ
582 2275 793 2342 λέγεις,
822 2261 908 2328 δτι
945 2272 1469 2342 Ἐκταράσσουσιν
1487 2274 1662 2345 ἡμῶν
1685 2275 1801 2345 τὴν
1829 2277 1938 2331 πό-

251 2367 388 2420 λινο
435 2365 644 2426 ἐκεῖνος
689 2362 858 2431 λέγει,
910 2362 992 2416 ὅτι
1043 2360 1571 2432 Καταγγέλλουσιγ
1604 2360 1776 2432 ἡμῖν.
1796 2363 1941 2419 ὀδόν

256 2452 593 2518 σωτηρίας·
632 2450 695 2503 σὺ
736 2448 936 2518 λέγεις,
971 2448 1412 2517 Παραδιδόασιν
1438 2449 1583 2519 ἡμῖν
1609 2449 1736 2519 ἔθη,
1759 2450 1798 2505 d
1828 2453 1941 2505 οὐκ

256 2540 467 2605 ἔξεστι
507 2537 969 2609 παραδέχεσθαι.
1005 2539 1145 2610 Ὅρα
1202 2539 1322 2593 οὑδὲ
1355 2538 1432 2611 τῷ
1483 2540 1699 2611 δαίμονι
1744 2543 1942 2608 αὐτοὺς

261 2628 655 2699 προσέχοντας,
707 2627 843 2682 ἀλλὰ
869 2627 1004 2699 πρὸς
1028 2626 1087 2681 ἓν
1121 2626 1384 2699 ὁρῶντας,
1423 2631 1522 2699 τὴν
1552 2629 1938 2701 φιλαργυρίαν.

258 2715 584 2773 Ε’[λκυσάν
604 2732 668 2770 τε
691 2715 934 2782 αὐτοὺς,
965 2716 1149 2787 φησὶν,
1174 2719 1262 2783 εἰς
1284 2717 1399 2786 τὴν
1425 2719 1650 2789 ἀγορὰν
1673 2719 1770 2773 ἐπὶ
1797 2720 1941 2786 τοὺς

259 2806 591 2875 ἄρχοντας’
633 2807 730 2860 καί
757 2805 1105 2875 συνεπέστη
1137 2810 1169 2862 ό
1199 2807 1382 2877 ὄχλος
1403 2809 1530 2862 κατ’
1556 2806 1774 2865 αὐτῶν.
1797 2808 1942 2880 Ὅρα

260 2895 463 2957 αὐτοὺς
512 2895 614 2947 ούκ
657 2895 1118 2966 ἀποκρινομένους
1150 2894 1273 2948 οὐδὲ
1315 2894 1808 2967 ἀπολογουμένους,
1854 2897 1942 2949 ἵνα,

267 2982 516 3052 μείζονος
538 2981 678 3048 ἄξιοι
705 2981 990 3052 θαύματος
1026 2981 1313 3051 γένωνται.
1362 2982 1546 3035 Ὅταν
1592 2983 1720 3055 γάρ,
1755 2983 1939 3055 φησὶν,

262 3067 525 3132 ἀσθενῶ,
553 3069 686 3122 τότε
712 3068 970 3135 δυνατός
993 3071 1126 3138 είμι.
1161 3069 1363 3137 Ἀρκεῖ
1386 3085 1486 3123 σοι
1521 3070 1560 3138 ἡ
1596 3070 1769 3139 χάρις
1798 3086 1940 3139 μου⁶

226 3182 230 3186 ·
263 3161 302 3228 ἠ
341 3157 460 3229 γὰρ
486 3157 742 3227 δύναμίς
774 3176 894 3228 μου
949 3158 1020 3211 ἐν
1048 3158 1334 3225 ἀσθενείᾳ
1379 3159 1727 3213 τελειοῦται.
1782 3158 1946 3212 Ὥστε

264 3246 360 3300 καὶ
404 3246 517 3299 ἀπὸ
565 3244 667 3316 τῆς
709 3244 1006 3309 ἐπιεικείας
1055 3244 1443 3318 θαυμασθῆναι
1503 3245 1701 3310 αὑτοὺς
1756 3246 1945 3317 ἐχρῆν.

265 3334 419 3405 ὐσῳ
444 3333 815 3405 ἀκριϐεστέρα
842 3333 876 3404 ἡ
904 3332 1119 3405 φυλακὴ
1156 3334 1387 3402 γίνεται,
1418 3334 1656 3405 τοσούτῳ
1678 3333 1739 3388 τὸ
1763 3333 1949 3406 θαῦμα

263 3422 672 3495 λαμπρότερον.
704 3422 873 3485 Ἴσως
896 3421 996 3493 τὴν
1031 3420 1293 3477 σύστασιν
1326 3422 1555 3491 ἐκκόψαι
1583 3422 1614 3463 b
1640 3422 1950 3493 βουλόμενοι

269 3510 426 3563 τοῦτο
453 3510 671 3563 ἐποίουν
692 3509 911 3564 ἐκεῖνοι.
942 3508 1161 3580 Ἐπειδὴ
1180 3505 1319 3563 εἶδον
1339 3509 1432 3563 τὸν
1466 3506 1624 3571 ὄχλον
1647 3511 1948 3580 ἐφεστῶτα,

230 3633 235 3639 -
270 3602 391 3661 ταῖς
414 3599 510 3668 μὲν
536 3598 776 3667 πληγαῖς
804 3598 897 3651 τὸν
918 3596 1088 3669 θυμὸν
1111 3596 1252 3660 τέως
1285 3598 1481 3670 στῆσαι
1516 3597 1818 3664 ἐϐούλοντο,
1872 3599 1951 3670 τῷ

264 3687 325 3740 δὲ
353 3688 436 3749 είς
465 3687 845 3757 δεσμωτήριον
870 3685 1127 3757 ἐμϐαλεῖν
1175 3686 1269 3741 καὶ
1305 3686 1671 3757 παραγγεῖλαι
1691 3687 1951 3756 ἀσφαλῶς

262 3777 481 3846 τηρεῖν,
525 3772 760 3829 ἀκοῦσαι
801 3773 994 3845 ἧθελον
1022 3772 1118 3833 τοῦ
1157 3773 1502 3845 πράγματος.
1551 3772 1662 3828 Καὶ
1689 3776 1951 3844 ἠσφαλί-

264 3880 446 3929 σατο,
472 3861 663 3934 φησὶν,
707 3865 794 3930 εἰς
822 3862 890 3917 τὸ
919 3862 1128 3929 ξύλον,
1159 3863 1232 3928 ώς
1274 3862 1340 3916 ἂν
1378 3862 1523 3916 εἴποι
1570 3880 1676 3928 τις,
1721 3864 1815 3927 Είς
1859 3863 1952 3919 τὸν

267 3950 486 4023 νέρϐον.
518 3951 709 4005 Πόσων
735 3951 985 4022 δακρύων
1011 3952 1082 4005 τά
1102 3950 1198 4005 νῦν
1222 3950 1385 4018 ἄξια;
1416 3952 1645 4006 Ἐκεῖνοι
1690 3953 1789 4023 μὲν
1812 3954 1951 4007 ἔπα-

271 4036 364 4091 θον
407 4040 510 4092 ὅσα
533 4038 628 4091 καὶ
674 4037 897 4103 ἔπαθον,
954 4039 1116 4109 ἡμεῖς
1148 4038 1206 4091 δὲ
1254 4039 1311 4091 ὲν
1349 4041 1568 4111 τρυφῇ,
1610 4041 1773 4112 ἡμεῖς
1804 4041 1861 4095 δὲ
1894 4042 1952 4094 ἐν

272 4124 545 4197 θεάτροις.
579 4124 745 4180 Ὅθεν
783 4127 880 4180 καὶ
905 4125 1279 4198 ἀπολλύμεθα,
1300 4126 1397 4180 καὶ
1418 4127 1949 4199 καταποντιζόμεθα,

266 4215 457 4269 ἄνεσιν
483 4210 777 4281 ζητοῦντες
818 4213 1117 4286 πανταχοῦ,
1148 4215 1244 4267 καὶ
1271 4214 1393 4268 οὐδὲ
1423 4215 1617 4286 μέχρις
1639 4215 1950 4287 ὀνειδισμοῦ

270 4303 359 4358 διὰ
398 4303 490 4356 τὸν
512 4304 749 4374 Χριστὸν
769 4303 1082 4375 ἀνεχόμενοι
1110 4302 1441 4376 λυπηθῆναι,
1469 4305 1596 4359 οὑδὲ
1614 4305 1777 4377 μέχρι
1799 4304 1950 4379 [9.72]

268 4388 455 4459 λόγου.
490 4389 714 4453 Τούτοις
764 4390 1001 4460 συνεχῶς
1038 4391 1545 4463 ἀναμιμνήσκωμεν
1567 4393 1817 4458 έαυτοὺς,
1847 4410 1954 4449 πα-

272 4478 517 4551 ρακαλῶ,
546 4478 649 4531 ὅσα
672 4476 893 4542 ἔπαθον,
928 4478 1029 4533 ὃσα
1069 4478 1388 4550 ὑπέμειναν,
1441 4478 1559 4543 πῶς
1617 4480 1718 4533 οὑκ
1764 4480 1955 4552 ὲθορυ-

266 4566 485 4631 ϐοῦντο,
540 4564 659 4628 πιῖις
705 4565 806 4618 οὑκ
844 4565 1303 4631 ἐσκανδαλίζοντο.
1347 4565 1421 4619 T6
1474 4565 1570 4620 τοῦ
1617 4566 1753 4620 Θεοῦ
1789 4567 1953 4640 ἔργον

270 4656 516 4717 ἑποίουν,
546 4657 639 4708 καὶ
669 4653 841 4709 ταῦτα
882 4654 1138 4727 ἔπασχον.
1173 4657 1288 4710 Οὑκ
1320 4655 1525 4724 ἔλεγον,
1566 4655 1631 4709 Τί
1653 4652 1813 4712 τοῦτο
1852 4674 1953 4729 κη⁴

279 4743 576 4812 ρύττομεν,
620 4743 716 4796 καὶ
778 4743 839 4796 οὺ
895 4745 1216 4812 προΐσταται
1276 4743 1434 4815 ἡμῶν
1489 4745 1517 4797 6
1570 4744 1741 4809 826;;
1790 4745 1953 4801 Ἀλλὰ

280 4833 385 4882 καὶ
438 4831 592 4884 τοῦτο
648 4832 846 4895 αὑτοὺς
888 4831 1124 4900 ὠφέλει,
1177 4831 1273 4885 καὶ
1321 4832 1490 4903 χωρὶς
1550 4832 1651 4901 τῆς
1700 4832 1953 4903 βοηθείας

282 4915 446 4985 αὐτῷ
471 4918 546 4986 τῷ
569 4920 853 4990 πράγματι
883 4919 1275 4990 εὐτονωτέρους
1312 4920 1506 4981 έποίει,
1549 4920 1951 4992 ἰσχυροτέρους,

277 5003 735 5075 ἀκαταπλήκτους
762 5016 811 5058 ε.
849 5004 921 5059 Ἢ
961 5005 1189 5075 θλῒψις,
1228 5007 1415 5078 φησὶν,
1449 5007 1771 5076 ὑπομονὴν
1807 5025 1949 5062 κατ’

276 5108 351 5160 ερ
358 5091 604 5160 νάξεται.
1288 5122 1297 5123 ί

351 5180 450 5250 Μὴ
489 5180 553 5252 δὴ
606 5182 694 5236 τὸν
749 5182 916 5254 ὑγρὸν
957 5184 1052 5237 καὶ
1092 5183 1479 5254 διακεχυμένον
1526 5184 1780 5256 ζητῶμεν
1818 5185 1954 5255 βίον.

269 5271 495 5342 Ὠσπερ
530 5270 639 5342 γὰρ
666 5270 902 5324 ἐνταῦθα
927 5269 1146 5323 διπλοῦν
1190 5270 1252 5323 τὸ
1299 5270 1486 5335 καλὸν,
1530 5272 1614 5325 δτι
1637 5289 1697 5325 τε
1743 5273 1957 5344 ἰσχυροὶ

264 5360 525 5427 γίνονται
554 5359 652 5412 καὶ
677 5360 762 5413 ὅτι
790 5358 1020 5430 μεγάλοι
1050 5360 1099 5411 οἱ
1128 5358 1332 5427 μισθοὶ,
1378 5357 1552 5422 οὕτως
1584 5361 1704 5413 ἐκεῖ
1730 5360 1957 5414 διπλοῦν

270 5447 338 5498 τὸ
362 5446 556 5512 κακὸν,
580 5446 665 5500 ὅτι
692 5463 751 5499 τε
793 5445 1169 5516 μαλακώτεροι
1218 5444 1571 5500 καθίστανται
1602 5449 1697 5501 καὶ
1731 5448 1813 5501 ὅτι
1868 5448 1957 5501 ἐπ’

273 5534 455 5588 οὐδενὶ
475 5535 721 5605 χρηστῷ,
758 5533 897 5588 ἀλλὰ
914 5536 1009 5589 καὶ
1035 5535 1130 5587 ἐπὶ
1166 5531 1340 5603 κακῷ.
1369 5533 1536 5588 Οὐδὲν
1556 5534 1667 5606 γὰρ
1688 5535 1961 5607 ἀχρηστό-

273 5639 439 5693 τερον
487 5622 775 5692 ἀνθρώπου
823 5622 1017 5692 γένοιτ’
1050 5620 1116 5676 ἂν
1153 5623 1213 5675 ὲν
1256 5621 1440 5675 ἀνέσει
1491 5623 1588 5677 καὶ
1628 5626 1811 5694 τρυφῇ
1864 5623 1960 5677 τὸν

278 5710 503 5764 ᾶπαντα
534 5710 905 5775 διατελοῦντος
957 5711 1168 5781 χρόνον.
1211 5710 1376 5780 Ἀνὴρ
1414 5710 1545 5780 γὰρ,
1584 5712 1770 5781 φηοδιν,
1803 5711 1961 5765 ἀπεί-

285 5812 508 5866 ραστες,
541 5798 636 5853 καὶ
652 5799 942 5867 ἀδόκιμοςο
980 5797 1257 5868 ἀδόκιμος,
1282 5798 1384 5851 οὑκ
1407 5799 1465 5850 ἐν
1488 5799 1600 5862 τοῖς
1627 5798 1804 5868 ἀγῶσι
1833 5797 1922 5857 Τῖῗ
1951 5830 1960 5840 ·

1887 5880 1924 5917 {ﬁ

350 5971 371 5994 ⁸
395 5975 482 6022 Καί
504 5976 615 6026 οὑδὲ
633 5972 962 6035 ὑποκρίνεται,
985 5972 1214 6035 είοηιιηυε
1232 5971 1405 6035 codex.
1421 6033 1432 6035 _
1475 5972 1504 6010 ὶο
1533 5971 1666 6022 Idem
1682 5974 1769 6031 τήν
1791 5976 1962 6026 στάσιν

286 6033 506 6098 ἐκκόψω
571 6041 595 6070 c
623 6037 743 6097 Ani,
764 6033 1027 6098 χωρὶςτῆς
1056 6034 1271 6092 ἀληθείας
1301 6033 1348 6081 ἐν
1383 6033 1512 6097 αὐτῷ
1548 6036 1894 6098 τῷπιράγνατι.

1290 398 1357 456 ΙΝ
1404 400 1582 458 ACTA
1618 402 2402 495 ΑΡοετοιοιιυΜλιοΜιι.
2438 400 2657 466 ΧΧΧΨ

3601 408 3708 465 256

2028 542 2166 591 τοις,
2195 528 2329 584 ἀλλά
2351 529 2446 583 καὶ
2473 529 2531 583 ἐν
2554 532 2666 595 τοῖς
2698 529 2877 594 ἄλλοις
2906 529 3131 586 ἅπασιν.
3152 531 3458 608 ’Ᾱχρηστον
3478 533 3711 603 πρᾶγμα

2031 615 2066 684 ἡ
2095 615 2300 681 ἄνεσις,
2337 619 2431 671 καὶ
2464 618 2523 670 ὲν
2553 619 2690 689 αὐτῇ
2744 618 2801 672 δὲ
2852 620 2919 690 τῇ
2943 620 3121 691 τρυφῇ
3148 620 3300 673 οὐδὲν
3327 617 3498 682 οὕτως
3523 617 3711 672 ἀνεπι-

2031 702 2260 773 τήδειον,
2289 703 2364 768 ὡς
2410 704 2470 758 1:6
2522 707 2775 777 τρυφᾷνσ
2836 708 3139 777 προσκορές
3186 707 3296 777 γάρ
3344 707 3511 761 ἐστιν.
3575 703 3713 759 Οὔτε

2036 788 2220 843 σιτίων
2250 791 2410 863 ἡδονὴ
2444 791 2701 864 τοσαύτη,
2737 790 2861 846 οὔτε
2913 793 3169 857 ἀνέσεως,
3220 793 3356 846 ἀλλά
3390 793 3568 846 πάντα
3601 790 3712 857 ἐξί-

2033 876 2172 947 τηλα
2199 879 2406 948 γίνεται
2441 882 2533 934 καὶ
2568 881 2801 953 διαρρεῖ.
2861 882 2953 952 Μὴ
2993 880 3057 952 δὴ
3088 881 3292 951 ταύτην
3342 879 3710 951 ἐπιζητῶμεν.

2033 964 2098 1017 El
2127 966 2234 1036 γάρ
2268 970 2489 1021 σκοπεῖν
2519 967 2820 1041 θελήσομεν
2852 970 2936 1033 τίς
2967 970 3115 1041 ἥδιον
3146 968 3345 1035 διάγει,
3383 969 3412 1020 6
3442 968 3711 1038 πονούμε-

2032 1067 2124 1115 νος
2153 1053 2245 1105 καὶ
2280 1052 2796 1127 ταλαιπωρούμενος
2834 1056 2867 1128 ἢ
2913 1058 2943 1108 6
2983 1055 3204 1128 τρυφῶν
3226 1071 3241 1087 ·
3292 1053 3480 1107 τοῦτον
3511 1054 3717 1125 μᾶλλον

2033 1137 2354 1210 εὑρήσομεν.
2389 1142 2610 1214 Πρῶτον
2642 1143 2739 1214 μὲν
2759 1143 2866 1214 γὰρ
2892 1142 2984 1196 τοῦ
3008 1141 3254 1196 τοιούτου
3284 1141 3345 1194 τὸ
3391 1141 3551 1212 σῶμα
3583 1141 3718 1195 αὐτὸ

2033 1223 2255 1281 ἔκλυτον
2283 1228 2378 1281 καὶ
2408 1229 2751 1300 πεπλαδηκός
2773 1246 2788 1262 ο
2823 1229 3015 1283 ἔπειτα
3070 1230 3167 1283 καὶ
3215 1230 3274 1282 αἰ
3307 1229 3401 1281 τοῦ
3458 1228 3714 1300 σώματος

2033 1313 2313 1385 αἰσθήσεις
2347 1314 2447 1369 οὔκ
2483 1317 2623 1369 εἰσιν
2653 1317 2966 1387 εἰλικρινεῖς
2993 1316 3115 1369 οὐδὲ
3138 1317 3332 1386 ὑγιεῖς,
3361 1316 3496 1369 ἀλλά
3518 1316 3718 1386 χαῦναι

2034 1400 2131 1453 καὶ
2173 1401 2410 1471 μαλακαί
2434 1414 2458 1443 ο
2482 1419 2497 1433 ·
2531 1403 2738 1456 τούτων
2765 1403 2822 1456 δὲ
2848 1404 2948 1457 οὑκ
2974 1402 3169 1468 οὐσῶν,
3220 1403 3343 1457 οὑδὲ
3368 1404 3468 1474 τῆς
3503 1402 3717 1471 ὑγιείας

2031 1486 2194 1559 ἡδονὴ
2232 1490 2498 1557 φαίνεται.
2542 1491 2700 1555 Ποῖος
2750 1490 2914 1554 ἵππος
2956 1491 3249 1562 χρήσιμος,
3289 1492 3317 1543 6
3367 1491 3587 1561 τρυφῶν
3620 1490 3653 1562 ἥ
3685 1492 3717 1545 6

2032 1575 2475 1647 γυμναζόμενοςς
2503 1578 2632 1632 ποία
2645 1577 2799 1641 ναῦς,
2820 1580 2853 1647 η
2878 1578 3115 1631 πλέουσα
3137 1578 3221 1649 ἥη
3247 1578 3526 1650 ἀργοῦσαι
3560 1580 3718 1632 ποῖον

2035 1661 2199 1734 ὕδωρ,
2229 1664 2290 1716 τὸ
2313 1664 2556 1736 τρέχονῆ
2579 1666 2641 1719 τὸ
2665 1665 2871 1732 ἑστώς;
2898 1669 3048 1730 ποῖος
3072 1666 3312 1739 σίδηρος,
3330 1667 3359 1719 6
3389 1666 3711 1738 κινούμενος

2036 1750 2069 1821 ἢ
2098 1753 2126 1804 ὁ
2159 1750 2233 1823 μὴ
2259 1753 2663 1824 ὲργαζόμενοςς
2691 1755 2788 1825 οὑχ
2828 1756 2858 1808 6
2881 1755 2978 1827 μὲν
3001 1755 3338 1826 ἀπολάμπει,
3367 1755 3463 1809 καὶ
3486 1754 3717 1828 ἀργύρῳ

2036 1838 2373 1909 προσέοικεν,
2419 1841 2447 1893 6
2494 1840 2551 1894 δὲ
2592 1842 2853 1895 κατίωται
2885 1842 3161 1912 πανταχοῦ
3187 1842 3460 1914 ἄχρηστος
3490 1843 3587 1907 ὣν,
3618 1843 3723 1897 καὶ

2035 1924 2138 1993 τῆς
2172 1925 2301 1997 ’ύλης
2328 1927 2568 1991 ἀπολλύς
2593 1945 2648 1981 τι
2694 1929 2795 2000 τῆς
2825 1929 3031 1992 οίκείας
3056 1945 3071 1994 ;
3123 1929 3379 1983 Τοιοῦτόν
3409 1947 3466 1983 τι
3504 1930 3718 1998 γίνεται

2037 2012 2131 2066 καὶ
2167 2014 2259 2066 ἐπὶ
2282 2015 2381 2085 τῆς
2412 2014 2687 2087 ἀργούσης
2713 2016 2921 2087 ψυχῆς·
2976 2017 3052 2081 ἰός
3072 2034 3154 2080 τις
3180 2018 3351 2087 αὑτῆς
3373 2020 3716 2087 καταχεῖται,

2036 2101 2130 2154 καὶ
2151 2101 2355 2172 τρώγει
2380 2103 2480 2174 τήν
2502 2120 2561 2156 τε
2586 2102 2947 2176 λαμπρότητα
2974 2105 3069 2158 καὶ
3097 2103 3167 2157 τὰ
3194 2103 3329 2158 ἄλλα
3353 2105 3550 2158 πάντα.
3594 2103 3715 2158 Τίνι

2034 2183 2128 2241 οὖν
2146 2187 2211 2242 ἄν
2238 2205 2324 2253 τις
2358 2190 2547 2244 τοῦτον
2579 2190 2915 2262 ἀποσμήξειε
2953 2190 3046 2244 τὸν
3072 2178 3190 2256 ἰόν;
3226 2191 3303 2262 Τῇ
3345 2191 3450 2245 τῶν
3486 2190 3720 2260 θλίψεων

2036 2277 2241 2349 ἀκόνγγ
2279 2272 2439 2333 αὗται
2478 2280 2748 2352 χρήσιμον
2785 2279 3110 2353 ἐργάζονται
3163 2281 3264 2352 τὴν
3300 2280 3482 2352 ψυχὴν
3520 2280 3621 2335 καὶ
3660 2280 3721 2334 ἐν

2036 2365 2202 2418 πᾶσιν
2234 2366 2566 2436 ἐπιτηδείαν.
2627 2366 2752 2432 Πῶς
2799 2368 2928 2440 γὰρ,
2971 2368 3092 2421 εἰπέ
3159 2385 3269 2439 μοι,
3323 2368 3614 2439 δυνήσεται
3650 2367 3721 2421 τὰ

2038 2450 2186 2523 πάθη
2230 2451 2472 2523 τέμνειν,
2503 2454 2603 2525 τῆς
2634 2455 2819 2525 ἀκμῆς
2852 2453 3275 2526 ἀμϐλυνθείσης,
3313 2455 3411 2508 καὶ
3452 2454 3720 2525 μολύϐδου

2036 2538 2192 2609 δίκην
2221 2539 2832 2610 ὲπανακαμπτομένης;
2891 2541 3010 2604 πῶς
3048 2541 3140 2593 τὸν
3183 2540 3435 2594 διάϐολον
3469 2539 3719 2610 τρώσεις

2038 2625 2157 2678 Τίνι
2181 2625 2239 2679 δὲ
2280 2626 2381 2679 οὐκ
2405 2625 2552 2679 ἔστιν
2595 2626 2765 2696 ἀηδὴς
2806 2627 3093 2698 ἄνθρωπος
3116 2624 3722 2698 Μλυσαρκίανηάσκῶν,

2039 2711 2228 2785 φώκης
2262 2712 2420 2783 δίκην
2459 2712 2757 2785 συρόμενος
2781 2729 2796 2775 ;

2109 2807 2180 2868 γ’.
2201 2800 2274 2856 υὺ
2296 2799 2553 2871 περὶτῶν
2577 2800 2736 2869 φύσει
2758 2800 2926 2854 ὄντων
2948 2800 3106 2877 τοῦτο
3129 2799 3292 2868 λέγω,
3308 2800 3447 2854 ἀλλὰ
3468 2799 3721 2870 περὶτῶν

2040 2891 2105 2943 ὲκ
2132 2891 2231 2962 τῆς
2268 2890 2479 2963 τρυφῆς
2528 2890 2751 2944 τοιαῦτα
2804 2891 3332 2945 κατασκευασάντων
3370 2891 3438 2944 τὰ
3471 2888 3720 2960 σώματα,

2042 2977 2170 3048 περὶ
2200 2977 2307 3031 τῶν
2341 2976 2553 3031 λεπτῶν
2588 2977 2729 3031 κατά
2766 2977 2951 3047 φύσιν.
2985 2978 3281 3032 ’Ᾱνέτειλεν
3325 2980 3354 3032 6
3385 2978 3556 3049 ἥλιος,
3579 2978 3721 3048 λαμ-

2044 3065 2189 3137 πρὰς
2220 3065 2401 3136 ἀφῆκε
2426 3063 2700 3136 πανταχοῦ
2726 3066 2825 3129 τάς
2854 3066 3099 3132 ἀκτῖνας,
3126 3067 3349 3137 ῆγειρεν
3370 3066 3599 3119 ἕκαστον
3626 3065 3725 3118 ἐπὶ

2044 3153 2112 3206 τὰ
2138 3153 2276 3225 ἔργα
2292 3169 2307 3182 ο
2353 3154 2382 3206 6
2407 3152 2649 3223 γεωργὸς
2675 3151 2773 3223 τὴν
2797 3152 3047 3207 δίκελλαν
3080 3153 3261 3207 λαϐὼν
3287 3154 3506 3218 ἔξεισιν,
3535 3155 3566 3205 ὁ
3595 3153 3755 3223 χαλ-,

2046 3241 2280 3306 κοτύπος
2314 3242 2416 3313 τὴν
2456 3240 2686 3312 σφῦραν,
2714 3242 2810 3294 καὶ
2846 3241 2908 3294 τὸ
2945 3242 3281 3314 κατάλληλον
3325 3242 3555 3305 ἕκαστος
3615 3243 3725 3295 τῶν

2045 3328 2410 3401 δημιουργῶν,
2448 3330 2543 3382 καὶ
2607 3330 2859 3400 εὑρήσεις
2909 3328 3138 3383 ἕκαστον
3185 3330 3254 3383 τά
3303 3331 3481 3383 οἰκεῖα
3517 3327 3725 3400 δργανα

2048 3417 2588 3488 μεταχειριζόμενον·
2624 3418 2657 3488 η
2690 3417 2827 3488 γυνὴ
2855 3417 3137 3489 ἠλακάτην
3178 3416 3211 3489 ἢ
3268 3418 3341 3470 τά
3392 3416 3723 3487 ὑφάσματα·

2049 3505 2211 3569 αὑτὸς
2236 3504 2293 3558 δὲ
2314 3504 2563 3575 καθάπερ
2579 3506 2607 3557 6
2622 3507 2804 3574 χοῖρος
2828 3505 2856 3544 δ
2878 3505 3081 3569 εὐθέως
3102 3506 3213 3558 ἀπὸ
3238 3503 3382 3576 πρωῒ
3406 3505 3501 3558 ἐπὶ
3526 3505 3727 3575 βοσκὴν

2050 3591 2219 3658 ἔξεισι
2258 3591 2358 3661 τῆς
2405 3592 2663 3663 γαστρὸς,
2717 3591 2896 3660 ζητῶν
2921 3592 3039 3655 πῶς
3070 3590 3221 3663 [275]
3249 3589 3530 3663 τράπεζαν
3562 3592 3727 3644 πολυ-

2047 3679 2176 3750 τελῆ
2209 3678 2626 3733 κατασκευάσει.
2666 3679 2861 3731 Καίτοι
2893 3678 3003 3733 τῶν
3035 3678 3245 3747 ἀλόγων
3276 3679 3394 3731 ἐστὶ
3423 3679 3583 3749 μόνον
3618 3677 3730 3732 ἀπὸ

2050 3766 2195 3839 πρωῒ
2220 3765 2534 3838 τρέφεσθαι,
2565 3765 2752 3837 ἐπειδὴ
2784 3766 2919 3838 πρὸς
2955 3766 3107 3822 οὐδέν
3146 3768 3262 3819 ἐστι
3288 3767 3558 3838 χρήσιμα,
3587 3765 3728 3820 ἀλλὰ

2049 3857 2186 3929 πρὸς
2205 3856 2266 3910 τὸ
2285 3853 2604 3924 σφάζεσθαι.
2627 3855 2708 3908 Τά
2731 3855 2802 3909 δέ
2821 3855 3106 3927 νωτοφόρα
3137 3855 3315 3908 αὑτῶν
3345 3854 3440 3908 καὶ
3463 3852 3728 3924 ἐργασίαν

2050 3946 2416 4017 ἀναδεχόμενα
2445 3945 2540 3999 καὶ
2568 3945 2709 3999 αὐτὰ
2728 3945 2836 4000 ἀπὸ
2866 3944 3076 3999 νυκτῶν
3107 3945 3200 3998 ἐπὶ
3229 3945 3289 3997 τὸ
3317 3943 3478 4016 ἔργον
3506 3941 3727 4007 ἔξεισιν.

2050 4030 2216 4100 Οὗτος
2245 4035 2301 4088 δὲ
2332 4035 2440 4089 ἀπὸ
2469 4035 2570 4106 τῆς
2599 4033 2759 4106 εὐνῆς
2790 4034 3052 4099 ἀναστάς,
3083 4034 3178 4087 τοῦ
3206 4033 3359 4105 ἡλίου
3385 4033 3485 4103 τὴν
3522 4030 3730 4101 ἀγορὰν

2049 4123 2445 4194 ὲμπλήσαντος.
2492 4122 2589 4175 καὶ
2634 4122 2855 4175 πάντων
2881 4119 3247 4193 κορεσθέντων
3276 4120 3376 4189 τῆς
3410 4118 3617 4180 οἰκείας
3638 4119 3731 4187 έρ-

2050 4211 2268 4279 γασίας,
2317 4208 2600 4262 ἀνίσταται
2653 4208 3067 4278 διατεινόμενος,
3126 4206 3378 4281 καθάπερ
3440 4206 3609 4267 ὅντως
3663 4199 3730 4269 ὗς

2052 4298 2415 4368 πιαινόμενος.
2448 4297 2510 4350 τὸ
2548 4295 2832 4349 κάλλιστον
2855 4296 2956 4366 τῆς
2987 4293 3199 4365 ἡμέρας
3242 4294 3301 4347 ἐν
3351 4292 3533 4347 σκότει
3558 4307 3731 4346 κατα-

2050 4385 2316 4450 ναλώσας.
2362 4379 2496 4439 Εἶτα
2531 4384 2763 4455 κάθηται
2799 4382 2964 4436 πολὺν
3015 4380 3110 4434 ἐπὶ
3156 4382 3256 4450 τῆς
3305 4381 3468 4450 εὑνῆς
3516 4378 3733 4451 καιρὸν,

2052 4473 2312 4538 πολλάκις
2335 4472 2457 4526 οὑδὲ
2483 4472 2794 4541 ἀνενεγκεῖν
2818 4473 2835 4490 ⁸
2858 4469 3152 4541 δυνάμενος
3179 4469 3287 4522 ἀπὸ
3315 4468 3415 4539 τῆς
3438 4467 3733 4539 έσπερινῆς

2056 4562 2246 4634 μέθης,
2303 4558 2694 4622 καταναλώσας
2733 4557 2825 4611 τὸν
2873 4557 3095 4610 πλείονα
3145 4553 3337 4624 καιρὸν
3399 4555 3457 4607 ὲν
3498 4552 3730 4616 τούτοις.

2054 4645 2187 4704 Εἶτα
2220 4648 2550 4712 καλλωπίζει
2576 4646 2791 4709 ἑαυτὸν,
2820 4647 2915 4699 καὶ
2944 4644 3188 4713 πρόεισιν
3217 4641 3626 4714 ἀσχημοσύνης·
3643 4638 3735 4695 θέ-

2053 4755 2239 4808 ατρον,
2261 4737 2412 4790 οὐδὲν
2434 4735 2571 4807 ἔχων
2594 4733 2692 4789 ἀνθ
2702 4733 2907 4802 ρώπου,
2931 4733 3067 4786 ἀλλά
3095 4732 3274 4786 πάντα
3304 4729 3494 4802 θηρίου
3525 4728 3737 4799 ἀνθρω-

2055 4826 2340 4896 πομόρφου
2364 4840 2380 4855 ·
2408 4825 2455 4878 οἱ
2477 4821 2744 4893 ὀφθαλμοὶ
2767 4820 3000 4893 δίυγροι.
3026 4822 3173 4875 οἴνου
3206 4818 3268 4872 τὸ
3306 4818 3483 4888 στόμα
3504 4817 3731 4882 ἀπόζον,

2054 4914 2088 4983 ἡ
2110 4912 2454 4984 ταλαίπωρος
2475 4910 2622 4982 ψυχὴ
2650 4908 2900 4981 καθάπερ
2947 4910 3038 4962 ἐπὶ
3071 4907 3261 4980 κλίνης
3294 4905 3599 4978 βεϐλημένη
3630 4905 3736 4958 ὑπὸ

2054 4999 2157 5072 τῆς
2182 4998 2438 5070 ἀμέτρως
2472 4997 2804 5068 ἐγχεομένης
2833 4995 3224 5072 ὲωλοκρασίας,
3254 4995 3318 5048 τὸ
3351 4993 3579 5065 μέγεθος
3625 4991 3736 5045 τῶν

2058 5070 2278 5159 σαρκῶν
2306 5085 2679 5157 περιφέρουσα
2706 5083 2957 5157 καθάπερ
2981 5070 3213 5154 ἐλέφας(
3252 5078 3388 5136 Εἶτα
3434 5079 3606 5134 ἐλθών
3633 5078 3733 5133 κά-

2059 5176 2219 5245 θηται
2248 5177 2305 5228 ὲν
2330 5175 2537 5238 τόποις,
2568 5173 2664 5226 καὶ
2686 5173 2834 5240 λέγει
2858 5172 3083 5226 τοιαῦτα
3113 5171 3207 5225 καὶ
3236 5172 3398 5231 ποιεῖ,
3424 5168 3499 5231 ὼς
3524 5167 3736 5237 βέλτιον

2059 5255 2198 5315 εἶναι
2242 5259 2322 5313 ἔτι
2350 5258 2627 5313 καθεύδειν
2652 5255 2867 5327 αὑτδνῆ
2917 5255 3298 5327 ἐγρηγορέναι.
3335 5255 3431 5304 “Av
3462 5249 3612 5303 δεινά
3640 5249 3737 5301 ἐπε

2059 5347 2323 5418 αγγελθῇ,
2373 5345 2574 5409 παντὸς
2630 5343 2888 5416 κορασίου
2948 5341 3336 5412 μαλακώτερος
3369 5338 3618 5406 γίνεται·
3667 5336 3740 5390 ἀν

2061 5436 2296 5508 χρηστὰ,
2325 5435 2528 5498 παντὸς
2568 5432 2783 5486 παιδίου
2817 5430 3176 5502 χαυνότερος·
3227 5427 3445 5497 χάσμης
3503 5422 3654 5494 αὐτῷ
3702 5425 3743 5497 ἠ

2060 5525 2183 5594 ὕψις
2211 5524 2394 5594 γέμει.
2428 5524 2570 5576 Πᾶσι
2592 5521 2873 5593 πρόκειται
2895 5521 3007 5582 τοῖς
3035 5516 3374 5588 βουλομένοις
3405 5515 3589 5579 κακῶς
3610 5531 3737 5568 ποι-

2061 5614 2161 5672 εῖν,
2192 5613 2240 5665 εἰ
2268 5612 2364 5665 καὶ
2398 5610 2473 5681 μὴ
2503 5611 2615 5672 τοῖς
2656 5605 2986 5678 ἀνθρώποις,
3024 5604 3161 5659 ἀλλὰ
3221 5605 3334 5666 τοῖς
3368 5601 3606 5655 πάθεσιο
3643 5599 3739 5655 καὶ

2064 5697 2234 5769 θυμὸς
2260 5696 2352 5749 τὸν
2393 5692 2632 5748 τοιοῦτον
2662 5692 2865 5764 ἐγείρει
2906 5691 3124 5763 ῥαδίως,
3156 5688 3253 5744 καὶ⁵
3302 5687 3586 5760 ἐπιθυμία,
3645 5687 3739 5743 καὶ

2066 5785 2354 5856 βασκανία,
2396 5782 2493 5836 καὶ
2519 5782 2716 5836 πάντα.
2770 5780 2979 5843 Πάντες
3008 5777 3386 5841 κολακεύουσι,
3423 5777 3624 5841 πάντες
3657 5775 3740 5829 θε-

2071 5856 2832 5940 ραπεύουσι,⁸μαλακωτέραν
2900 5864 2936 5934 ἡ
3001 5863 3148 5917 ἐστιν
3206 5862 3562 5935 ἐργαζόμενοι
3639 5859 3741 5932 τὴν

2113 5976 2141 6006 ⁸
2165 5975 2356 6042 _Alius_._
2387 5974 2473 6042 καὶ
2507 5971 2881 6042 μεμαλαγμέναι.
2945 5968 2974 6010 ι)
2997 5970 3103 6023 Δίἱὲ
3129 5973 3173 6019 οἱ
3212 5969 3381 6033 χοῖροι.
3452 5968 3467 5987 ⁹
3492 5967 3572 6018 Sic
3595 5967 3745 6018 codd.

2074 6038 2277 6101 Optime.
2315 6034 2481 6088 Manlii
2512 6033 2732 6096 ἐνεγκεῖν.
2770 6033 2908 6103 βοιτ.
