4112 6422
381 405 492 461 9.37

386 542 593 598 morbi.
644 540 704 597 Si
731 539 787 597 in
814 533 1540 608 negotiorumâ€˜difficultatem
1568 532 1787 597 incidat,
1814 531 1989 603 pulvis

382 645 442 689 et
464 632 608 687 ciuis
631 630 907 696 redditur;
955 626 1194 694 nihilque
1219 626 1269 680 el
1295 624 1483 680 sericae
1520 632 1698 680 vestes
1736 633 1985 695 prosunt.

388 722 517 779 llaec
550 739 659 776 non
691 722 811 777 sine
836 734 997 773 causa
1024 734 1054 771 a
1086 716 1236 772 nobis
1262 716 1511 771 dicuntur
1536 757 1550 781 ,
1578 715 1673 771 sed
1703 722 1762 770 ut
1789 716 1987 771 docea-

390 832 530 882 mus,
555 832 627 871 ne
650 817 771 887 quis
798 815 970 869 otiose
993 821 1047 866 et
1070 810 1327 866 inutiliter
1346 811 1508 863 vivat.
1557 807 1737 864 Otium
1763 824 1993 879 namque

388 921 446 966 et
473 909 690 964 delicia:
720 906 785 962 ad
818 922 951 975 opus
1002 903 1240 967 inutiles,
1272 902 1337 957 ad
1367 902 1591 972 gloriam
1640 900 1816 955 solum
1844 910 1898 955 et
1925 898 1991 953 ad

388 1002 728 1070 voluptatem
759 1006 903 1053 sunt.
962 995 1242 1063 Quomodo
1272 1009 1377 1049 non
1408 1009 1596 1048 omnes
1628 994 1786 1048 talem
1818 991 1993 1046 homi-

387 1109 517 1148 nem
549 1092 851 1152 damnent,
884 1088 1188 1153 domestici,
1217 1085 1415 1151 amici,
1450 1084 1704 1155 cognati?
1727 1084 1848 1153 quis
1886 1097 1992 1137 non

386 1184 508 1253 iure
536 1181 713 1245 dicat,
744 1178 962 1234 Pondus
993 1185 1152 1233 terras
1179 1176 1267 1231 hic
1291 1185 1395 1242 est,
1425 1174 1619 1229 frustra
1652 1174 1706 1228 in
1737 1172 1993 1228 mundum

393 1275 629 1345 prodiit;
659 1273 768 1327 imo
786 1287 892 1325 non
919 1270 1139 1335 frustm,
1169 1268 1265 1325 sed
1291 1270 1342 1323 iu
1367 1268 1566 1322 malum
1596 1266 1786 1337 capitis
1812 1266 1916 1331 sui,
1940 1266 1994 1319 in

394 1367 692 1438 perniciem
737 1378 927 1430 suam,
967 1362 1023 1417 in
1066 1361 1319 1416 damnum
1376 1359 1648 1414 aliorum?
1702 1358 1828 1428 quid
1874 1358 1994 1412 dul-

394 1463 515 1517 cius
558 1458 668 1514 otio
735 1454 1022 1512 videmus?
1101 1454 1232 1509 illud
1276 1453 1419 1507 enim
1471 1458 1557 1506 est
1604 1450 1747 1520 quod
1802 1450 1996 1519 quteri-

398 1565 515 1619 tur,
562 1552 727 1608 otium
757 1558 813 1605 et
838 1546 1071 1604 vacatio.
1120 1546 1189 1601 Et
1217 1544 1343 1616 quid
1395 1543 1653 1613 ingratius
1691 1541 1851 1596 fuerit
1895 1541 1995 1596 Ito-

404 1649 558 1700 mine
609 1642 731 1697 nihil
787 1639 1024 1694 habente
1075 1636 1220 1708 quod
1250 1635 1539 1707 operetur?
1588 1633 1717 1704 quid
1762 1632 1990 1697 foedius,

411 1734 539 1805 quid
587 1730 870 1787 miserius?
918 1742 1096 1783 annon
1129 1726 1233 1781 hoc
1258 1724 1559 1781 innumeris
1584 1723 1739 1794 pejus
1767 1733 1851 1777 est
1874 1721 1996 1776 vin-

406 1828 560 1893 culis,
608 1827 841 1880 oscitare
877 1835 1093 1891 semper
1121 1820 1175 1874 in
1206 1818 1322 1873 foro
1350 1816 1649 1881 sedentem,
1677 1830 1741 1871 ac
1771 1824 1995 1885 praster-

398 1928 592 1975 euntes
631 1914 912 1986 spectare?
963 1914 1155 1968 Anima
1198 1910 1397 1982 quippe
1424 1923 1491 1963 ex
1518 1917 1707 1963 natura
1755 1906 1996 1970 habens,

397 2022 457 2063 ut
478 2023 696 2079 semper
718 2014 1016 2070 moveatur,
1032 2004 1265 2073 quietem
1289 2016 1395 2056 non
1418 2002 1538 2055 fert.
1562 1999 1641 2055 Ad
1664 1997 1994 2069 operandam

394 2104 543 2158 Deus
572 2101 675 2157 hoc
701 2098 898 2156 animal
949 2098 1074 2154 fecit
1106 2117 1120 2153 :
1160 2094 1455 2151 secundum
1502 2101 1747 2147 naturam
1773 2091 1890 2161 ejus
1915 2099 1996 2146 est

392 2194 544 2265 quod
578 2202 864 2264 operetur,
893 2198 1078 2247 contra
1111 2198 1355 2244 naturam
1387 2185 1530 2257 quod
1557 2186 1628 2240 sit
1650 2185 1876 2239 otiosus.
1919 2181 1998 2237 Ne

393 2289 467 2340 ab
493 2286 652 2356 :egris
683 2301 794 2340 rem
825 2284 1173 2354 exploremus
1194 2323 1208 2345 ,
1235 2279 1332 2336 sed
1358 2278 1538 2349 operis
1567 2276 1992 2348 experimentum

1320 417 1386 473 IN
1425 416 1607 475 ACTA
1649 414 2178 473 APOSTOLOBUM.
2219 412 2735 491 llOMlL,.\'XKVl.

3572 416 3681 477 358

2095 533 2388 603 capiamus.
2442 532 2586 589 Nihil
2634 534 2783 603 otio,
2815 533 2948 590 nihil
2998 534 3200 591 desidia
3248 532 3682 592 deteriuszideo

2099 626 2255 682 nobis
2278 626 2415 682 Deus
2434 627 2710 683 laborandi
2731 626 3104 683 necessitatem
3128 628 3402 698 imposuit.
3421 626 3685 684 Omnibus

2099 720 2297 789 quippe
2327 728 2485 774 nocet
2509 721 2699 787 otium,
2729 719 2967 789 ipsisque
2985 719 3227 788 corporis
3248 718 3523 774 membris.
3550 717 3684 773 Nam

2100 814 2288 868 oculus
2312 815 2355 867 si
2382 828 2487 868 non
2509 819 2779 882 operetur,
2803 811 3036 882 itemque
3061 826 3143 877 os,
3167 820 3353 867 venter
3376 821 3431 869 et
3456 811 3684 883 quodvis

2102 903 2403 959 membrum
2424 946 2438 971 ,
2468 904 2522 958 in
2549 914 2850 959 extremum
2896 904 3082 959 incidit
3110 905 3355 959 morbum
3386 923 3400 959 :
3429 905 3523 960 sed
3553 905 3688 960 nihil

2102 998 2174 1051 ita
2202 996 2387 1052 labore
2432 1004 2555 1067 eget
2585 1009 2644 1052 ut
2672 997 2871 1051 anima.
2904 997 3053 1053 Sicut
3081 1006 3260 1053 autem
3287 998 3455 1053 otium
3488 999 3689 1053 malum

2102 1096 2206 1153 est,
2234 1087 2306 1141 ita
2335 1102 2547 1157 quoque
2572 1090 2816 1158 Operatio
2844 1104 2950 1143 non
2977 1104 3298 1159 congruens.
3327 1089 3691 1157 Quemadmo-

2103 1182 2231 1237 dum
2259 1182 2402 1238 euitn
2448 1183 2495 1237 si
2546 1184 2665 1253 quis
2710 1198 2815 1237 non
2843 1182 2986 1250 edat,
3020 1183 3071 1237 in
3100 1182 3350 1238 dentibus
3376 1184 3615 1249 lmditur;
3645 1185 3692 1239 si

2103 1291 2223 1346 qua:
2252 1290 2357 1330 non
2385 1286 2697 1345 competunt
2724 1276 2866 1342 edat,
2898 1285 2956 1331 ut
2981 1275 3367 1346 obstupescunt
3392 1276 3594 1333 efficit:
3618 1277 3693 1332 ita

2105 1378 2160 1424 et
2189 1368 2309 1435 hic,
2343 1368 2458 1423 sive
2513 1384 2619 1422 non
2667 1377 2936 1439 operetur,
2972 1370 3085 1424 sive
3132 1380 3386 1439 operetur
3430 1385 3549 1440 qum
3581 1386 3689 1425 non

2104 1473 2337 1534 oportet,
2365 1463 2473 1517 vim
2511 1463 2707 1517 amittit
2750 1477 2925 1537 suam.
2981 1463 3124 1532 Ergo
3168 1470 3454 1533 utrumque
3510 1463 3693 1534 fugere

2105 1556 2418 1611 Studeamus
2441 1597 2457 1623 ,
2488 1566 2545 1610 et
2573 1556 2741 1609 otium
2772 1564 2826 1608 ct
2850 1568 2986 1624 opus
3013 1555 3122 1609 otio
3148 1556 3382 1624 gravius.
3413 1555 3694 1622 Quodnam

2106 1648 2235 1703 illud
2266 1649 2385 1703 est?
2417 1648 2673 1708 Avaritia,
2707 1648 2807 1714 ira,
2841 1646 3055 1713 invidia,
3076 1647 3468 1715 contentiones,
3489 1649 3688 1718 caedes,

2103 1739 2502 1804 aemulationes,
2551 1747 2608 1793 et
2650 1738 2859 1808 reliqua
2888 1737 3035 1793 vitia.
3085 1738 3167 1793 Ab
3211 1737 3296 1793 his
3319 1754 3511 1796 vacare
3534 1739 3698 1796 debe-

2107 1848 2259 1899 mus,
2291 1840 2346 1887 et
2373 1832 2624 1886 virtutum
2655 1831 3021 1900 operationem
3065 1845 3189 1885 cum
3230 1832 3375 1886 omni
3421 1832 3696 1903 diligentia

2108 1926 2378 1997 persequi,
2422 1933 2482 1979 ut
2525 1925 2783 1995 promissa
2839 1937 3234 1993 consequamur
3289 1924 3469 1989 bona,
3522 1927 3692 1994 gratia

2107 2027 2162 2073 et
2202 2016 2528 2087 benignitate
2588 2014 2795 2069 Domini
2842 2013 3010 2069 nostri
3050 2013 3181 2070 Jesu
3226 2014 3449 2079 Christi,
3482 2017 3697 2085 quicum

2108 2114 2250 2170 Patri
2273 2123 2328 2169 et
2351 2110 2570 2183 Spiritui
2592 2119 2777 2166 saneto
2796 2109 2985 2180 gloria,
3008 2108 3312 2178 imperium.
3338 2108 3530 2176 honor,
3558 2124 3697 2164 nunc

2106 2217 2161 2264 et
2189 2220 2426 2276 semper,
2455 2212 2511 2260 et
2537 2203 2591 2259 in
2617 2203 2810 2259 sarcula
2839 2202 3178 2258 sreculorum.
3226 2202 3417 2257 Amen.

420 2382 3698 2410 ÎÎœ

1721 2443 2071 2506 HOMILIA
2113 2441 2418 2503 XXXVI.

397 2557 534 2614 Car.
564 2556 650 2610 lli.
682 2569 733 2608 v.
764 2553 853 2609 9.5.
910 2552 1083 2606 Media
1138 2559 1308 2605 autem
1356 2557 1501 2603 nocte
1536 2546 1737 2602 Paulus
1769 2558 1815 2601 et
1860 2546 2001 2601 Silas

474 2660 677 2703 orantes
719 2646 997 2701 laudabant
1058 2644 1255 2707 Deum;
1295 2653 1342 2697 et
1379 2641 1651 2696 audiebant
1699 2658 1783 2695 eos
1816 2640 1991 2694 vincti.

478 2745 570 2798 26.
606 2742 787 2797 Subito
814 2756 931 2794 vero
961 2749 1108 2793 terra:
1150 2746 1313 2791 motus
1356 2737 1522 2805 factus
1551 2744 1625 2789 est
1654 2750 1900 2804 magnus,
1932 2734 2005 2786 ita

481 2847 538 2890 ut
564 2847 876 2891 moverentur
915 2833 1248 2902 fundamenta
1279 2830 1532 2884 carceris:
1558 2838 1603 2881 et
1626 2828 1794 2881 statim
1821 2835 2001 2897 aperta

476 2938 597 2983 sunt
650 2928 821 2982 omnia
865 2926 1031 2993 ostia,
1080 2933 1127 2978 et
1170 2924 1519 2977 universorum
1574 2921 1778 2975 vincula
1838 2917 2005 2973 soluta

479 3030 619 3075 sunt.

480 3133 536 3185 1.
565 3129 698 3199 Quid
722 3130 806 3184 his
829 3143 924 3199 par
946 3127 1105 3183 fuerit
1125 3123 1441 3180 animabus?
1470 3122 1646 3193 Virgis
1666 3122 1791 3178 czesi
1814 3121 2007 3177 multas

407 3240 596 3294 plagas
635 3229 976 3292 acceperant,
1008 3219 1365 3276 contumelias
1402 3226 1458 3273 et
1501 3226 1740 3272 extrema
1774 3216 2008 3286 pericula

406 3318 709 3383 subierunt,
744 3317 796 3370 in
824 3316 968 3384 ligno
996 3314 1156 3368 vincti
1190 3320 1360 3376 erant,
1396 3310 1448 3365 in
1477 3325 1694 3365 carcere
1726 3310 2005 3363 interiori:

405 3421 463 3466 et
506 3426 575 3464 ne
603 3411 680 3464 sic
706 3408 921 3479 quidem
950 3421 1198 3462 somnum
1228 3420 1422 3475 capere
1454 3403 1729 3467 volebant,
1761 3401 1855 3457 sed
1886 3416 2008 3468 per-

408 3501 654 3571 vigilium
678 3499 925 3569 agebant.
951 3495 1155 3553 Videtis
1176 3504 1433 3566 quantum
1456 3495 1525 3547 sit
1550 3492 1765 3547 afflictio
1788 3491 2011 3546 bonum?

412 3593 524 3648 Nos
562 3600 742 3646 autem
790 3591 842 3644 in
886 3588 1137 3644 mollibus
1177 3587 1330 3643 lectis
1356 3586 1475 3641 sine
1523 3586 1634 3638 ullo
1672 3592 1877 3639 terrore
1915 3596 2010 3652 per

416 3693 585 3738 totam
642 3683 937 3737 dormimus
985 3690 1217 3735 noctem.
1277 3678 1439 3733 Forte
1496 3676 1618 3732 ideo
1673 3675 2008 3745 pervigilium

412 3778 664 3844 agebant,
719 3773 842 3845 quia
886 3774 987 3828 hoc
1028 3774 1081 3827 in
1121 3781 1265 3827 statu
1295 3778 1467 3825 erant.
1522 3767 1641 3821 Non
1675 3768 1795 3822 illos
1833 3768 2009 3821 somni

422 3868 671 3939 tyrannis
714 3866 874 3936 cepit,
922 3880 1027 3920 non
1066 3864 1223 3919 dolor
1262 3861 1487 3925 inflexit,
1521 3875 1626 3913 nou
1679 3860 1840 3913 timor
1878 3873 2012 3912 con-

416 3966 692 4015 sternatos
720 3956 989 4022 reddidit;
1030 3955 1124 4010 sed
1156 3956 1271 4009 inec
1304 3953 1476 4008 multo
1516 3951 1686 4022 magis
1716 3951 1836 4005 illos
1868 3948 2013 4004 exci-

417 4051 628 4118 tabant,
673 4060 731 4105 et
774 4050 939 4104 multa
971 4046 1253 4117 replebant
1293 4045 1588 4113 voluptate.
1637 4041 1816 4096 Media
1842 4050 2012 4095 autent

417 4153 588 4209 nocte,
653 4141 846 4211 inquit,
904 4149 1108 4194 orantes
1164 4137 1445 4193 laudabant
1491 4136 1695 4189 Deum:
1743 4133 2015 4187 audiebant

412 4244 585 4288 autem
625 4234 741 4287 illos
788 4233 958 4286 vincti.
1010 4232 1221 4287 Novum
1254 4229 1399 4283 enim
1431 4236 1485 4283 et
1523 4226 1845 4297 stupendum
1877 4224 2016 4278 vide-

413 4326 574 4379 batur
598 4339 740 4379 esse.
766 4323 947 4379 Subito
970 4339 1082 4376 vero
1115 4332 1262 4375 terra:
1291 4329 1456 4373 motus
1486 4322 1652 4390 factus
1678 4326 1749 4371 est
1776 4332 2011 4387 magnus,

413 4420 490 4472 ita
518 4428 571 4471 ut
602 4428 923 4471 moverentur
952 4416 1283 4488 fundamenta
1302 4413 1521 4467 carceris
1541 4426 1560 4465 :
1589 4421 1638 4465 et
1659 4410 1831 4465 statim
1859 4424 2013 4477 aper-

412 4521 467 4562 ta
488 4520 612 4563 sunt
653 4510 784 4564 ostia
809 4510 1002 4574 omnia,
1023 4519 1072 4563 et
1093 4508 1442 4562 universorum
1462 4504 1664 4557 vincula
1684 4501 1851 4555 soluta
1872 4510 2010 4554 sunt.

411 4601 602 4657 Terra:
642 4612 815 4656 motus
856 4601 1023 4655 factus
1060 4609 1163 4665 est,
1204 4599 1277 4654 ita
1304 4606 1364 4653 ut
1391 4606 1579 4652 custos
1618 4595 1947 4650 excitaretur
1977 4608 2009 4648 a

412 4709 647 4761 somno;
669 4705 724 4751 et
743 4696 879 4750 ostia
901 4703 1087 4763 aperta
1113 4702 1261 4759 stmt,
1287 4692 1356 4745 ita
1380 4699 1437 4744 ut
1456 4705 1545 4745 res
1566 4697 1708 4743 esset
1725 4685 2009 4740 mirabilis.

420 4788 546 4842 llate
570 4786 738 4841 vincti
770 4803 877 4840 non
910 4785 1198 4849 videbant;
1229 4782 1467 4853 alioquin
1502 4780 1763 4850 fugissent
1793 4792 2011 4833 omnes.

423 4878 512 4931 2'1.
546 4879 949 4950 Experge/â€˜actus
976 4886 1143 4931 autem
1167 4886 1356 4939 custos,
1385 4884 1431 4928 et
1457 4873 1629 4928 videns
1645 4874 1838 4943 januas
1866 4888 2016 4939 aper-

431 4980 508 5023 tas
544 4972 776 5038 carceris,
825 4972 1089 5042 euaginata
1138 4968 1313 5040 gladio
1357 4966 1553 5021 volebat
1599 4982 1653 5020 se
1699 4965 2008 5032 inter/icere,

428 5062 674 5118 a'stimaus
732 5064 925 5136 fugisse
979 5064 1193 5116 vinctos.
1242 5060 1333 5116 28.
1388 5058 1636 5116 Clamavit
1679 5067 1846 5112 autent
1896 5073 2014 5112 voce

426 5172 610 5224 magna
637 5157 856 5219 Paulus,
886 5157 1059 5210 dicens
1076 5170 1096 5209 :
1125 5153 1277 5209 Niltil
1300 5153 1386 5207 tibi
1407 5154 1533 5206 mali
1553 5153 1732 5222 feceris
1750 5169 1769 5205 :
1792 5151 2012 5205 universi

416 5250 554 5304 enim
585 5251 666 5304 hic
692 5267 887 5305 sumus.
940 5250 1251 5304 Admiratus
1288 5257 1372 5302 est
1419 5248 1586 5316 magis
1625 5244 2014 5316 benignitatem

413 5342 611 5399 Pauli:
639 5343 918 5413 obstupuit
949 5342 1339 5405 fortitudinem,
1371 5340 1514 5410 quod
1545 5354 1667 5393 cum
1690 5338 1874 5406 fugere
1901 5351 2017 5407 pos-

413 5444 526 5501 set,
558 5450 667 5489 non
715 5435 929 5505 fugerit,
962 5444 1016 5489 et
1041 5434 1185 5505 quod
1227 5434 1399 5502 ipsum
1442 5447 1473 5485 a
1500 5431 1648 5485 czedc
1690 5429 2011 5485 cohibuerit.

415 5527 515 5583 29.
546 5526 717 5583 Petito
732 5536 902 5581 autem
927 5527 1118 5580 lumine
1135 5528 1475 5595 introgressus
1495 5533 1589 5589 est,
1615 5533 1661 5576 et
1692 5523 2015 5591 tremefactus

418 5616 643 5690 procidit
672 5630 791 5674 ante
832 5618 1058 5672 Paulum
1097 5627 1144 5672 et
1194 5616 1381 5682 Silam,
1414 5615 1504 5671 50.
1551 5625 1596 5669 et
1622 5614 1904 5684 produccns
1931 5627 2016 5666 eos

416 5714 585 5783 foras,
615 5713 775 5767 dixit:
818 5710 1047 5772 Domini,
1075 5710 1198 5779 quid
1233 5725 1313 5763 me
1350 5717 1548 5776 oportet
1577 5712 1744 5779 facere
1768 5714 1823 5759 ut
1848 5704 2016 5758 salvus

417 5802 789 5867 ï¬ant?Videnâ€™
818 5813 1014 5874 quanta
1046 5803 1195 5858 illum
1225 5802 1431 5870 ceperit
1458 5798 1781 5854 admiratio?
1810 5798 1900 5853 5l.
1952 5798 2016 5850 At

417 5896 498 5953 illi
530 5897 804 5953 dixerunt:
843 5895 1004 5952 Crede
1044 5895 1100 5950 in
1137 5893 1417 5951 Dominum
1437 5892 1616 5951 Iesum
1657 5891 1935 5959 Christum,
1967 5898 2014 5945 et

2110 2545 2282 2599 salvus
2310 2545 2407 2598 eris
2438 2553 2492 2596 tu
2520 2552 2565 2598 et
2595 2543 2775 2597 domus
2803 2553 2909 2597 tua.
2944 2543 3032 2598 52.
3062 2543 3131 2596 Et
3158 2545 3352 2615 loquuti
3376 2558 3493 2601 sunt
3519 2548 3563 2600 ei
3592 2563 3704 2601 ver-

2112 2639 2228 2691 bum
2257 2635 2487 2700 Domini,
2521 2646 2566 2689 et
2596 2638 2829 2689 omnibus
2858 2636 2947 2703 qui
2975 2646 3117 2689 erant
3148 2637 3200 2690 in
3228 2640 3379 2690 domo
3405 2639 3533 2708 ejus.
3564 2640 3699 2703 Quia

2111 2729 2293 2783 statim
2334 2727 2537 2797 loquuti
2579 2736 2706 2781 sunt
2752 2727 2849 2792 illi,
2893 2726 3232 2782 declararunt
3277 2729 3698 2785 misericordiam

2112 2837 2235 2892 erga
2268 2821 2436 2875 illum.
2465 2820 2554 2874 55.
2576 2817 2643 2872 Et
2674 2819 2945 2890 assumptis
2970 2819 3073 2874 illis
3102 2820 3154 2872 in
3174 2822 3348 2873 cadent
3370 2820 3497 2874 ltora
3518 2824 3700 2886 noctis,

2114 2915 2235 2970 lavit
2274 2915 2454 2985 plagas
2506 2930 2712 2968 eorum:
2738 2922 2784 2967 et
2829 2913 3115 2983 baptizatus
3154 2922 3227 2966 est
3274 2914 3417 2982 ipse,
3447 2922 3495 2967 et
3536 2916 3704 2969 omnis

2113 3008 2296 3062 domus
2342 3009 2451 3077 ejus
2499 3008 2757 3061 continuo.
2791 3007 2880 3061 54.
2928 3005 3151 3076 Cumque
3183 3006 3497 3075 perduxisset
3523 3023 3607 3059 eos
3646 3010 3700 3060 in

2115 3103 2322 3157 domum
2348 3118 2513 3168 suam,
2541 3102 2780 3171 apposuit
2806 3116 3051 3164 mensam,
3080 3110 3126 3153 et
3152 3102 3416 3154 exsultavit
3444 3118 3560 3154 cum
3598 3111 3701 3154 tota

2117 3195 2266 3249 domo
2300 3196 2509 3249 credens
2548 3193 2677 3247 Deo.
2718 3192 2871 3248 Lavit
2896 3208 3008 3260 eos,
3046 3193 3196 3263 quasi
3244 3196 3469 3264 gratiam
3507 3210 3703 3265 repen-

2117 3289 2273 3356 dens,
2306 3297 2360 3345 et
2388 3289 2465 3344 sic
2497 3288 2620 3343 illos
2657 3288 2947 3343 honorans.
2996 3287 3084 3343 55.
3130 3287 3199 3341 Et
3235 3304 3352 3341 cum
3404 3288 3512 3342 dies
3541 3293 3704 3358 factus

2115 3391 2262 3446 esset,
2292 3382 2535 3435 miserunt
2559 3381 2891 3450 magistratus
2932 3380 3153 3445 lictores,
3195 3381 3453 3434 dicentes:
3494 3380 3708 3435 Dimitte

2116 3476 2343 3528 homines
2372 3474 2509 3528 illos.
2558 3471 2932 3543 Coguoverant
2957 3473 3092 3528 forte
3113 3474 3305 3527 factmn
3338 3474 3702 3543 magistratus,

2116 3573 2171 3618 et
2201 3580 2306 3619 non
2335 3564 2603 3620 audebant
2630 3580 2726 3634 per
2753 3566 2958 3633 seipses
2987 3564 3276 3619 dimittere.
3306 3566 3393 3618 56.
3434 3563 3706 3618 Nuntiavit

2117 3670 2284 3713 autem
2309 3668 2474 3713 custos
2501 3660 2718 3713 carceris
2742 3658 2891 3712 verba
2920 3657 3028 3711 lucc
3056 3656 3245 3720 Paulo,
3275 3658 3446 3711 dicens
3468 3673 3486 3709 :
3538 3656 3594 3709 Îœ
3600 3658 3701 3710 ise-

2118 3758 2235 3803 runt
2261 3750 2603 3819 magistratus,
2627 3758 2682 3802 ut
2710 3749 3055 3802 dimittamini.
3087 3747 3238 3800 Nunc
3263 3748 3421 3817 igitur
3447 3758 3703 3811 exeuntes,

2116 3842 2185 3896 ite
2211 3842 2263 3896 in
2286 3858 2428 3912 pace.
2462 3841 2660 3897 Paulus
2685 3852 2853 3896 autem
2877 3842 3004 3895 dixit
3029 3841 3132 3895 eis:
3160 3842 3249 3896 57.
3292 3841 3461 3895 Cwsas
3490 3858 3582 3894 nos
3612 3857 3706 3909 pu-

2121 3936 2265 4003 blice,
2297 3935 2633 3999 indemnatos,
2662 3934 2888 3988 homines
2920 3930 3198 3998 Romanos,
3230 3933 3476 3986 miserunt
3499 3933 3554 3985 in
3591 3948 3705 3985 car-

2117 4044 2317 4091 cerem;
2361 4037 2408 4080 et
2450 4043 2586 4081 nunc
2628 4027 2819 4081 occulte
2871 4043 2962 4081 nos
3005 4027 3253 4096 ejiciunt?
3307 4024 3429 4081 Non
3478 4029 3569 4091 ita,
3619 4028 3709 4081 sed

2119 4123 2340 4187 veniant,
2383 4122 2475 4177 58.
2526 4131 2576 4176 et
2626 4122 2725 4190 ipsi
2769 4138 2860 4174 nos
2911 4121 3135 4187 ejiciant.
3189 4119 3506 4174 Nuntiarunt
3539 4131 3708 4174 autent

2122 4214 2495 4285 magistratibus
2518 4214 2719 4268 lictores
2744 4212 2851 4267 ltwc
2872 4213 3019 4266 verba
3038 4228 3057 4265 :
3083 4213 3455 4282 timueruutgue
3492 4213 3708 4267 audien-

2122 4317 2212 4371 tes,
2243 4308 2377 4378 quod
2418 4306 2639 4360 Romani
2668 4316 2850 4359 essent.
2879 4304 2967 4358 59.
3000 4303 3065 4356 Et
3092 4303 3280 4373 egressi
3310 4303 3560 4371 deprecati
3586 4314 3706 4357 sunt

2120 4415 2225 4461 eos,
2256 4408 2301 4453 et
2331 4398 2535 4453 eductos
2559 4396 2826 4469 rogabant,
2856 4406 2909 4450 ut
2928 4394 3286 4466 egrederentur
3312 4412 3340 4449 e
3371 4397 3587 4450 civitate.
3615 4396 3705 4451 40.

2122 4488 2329 4560 Egressi
2364 4500 2534 4543 autem
2575 4489 2638 4543 de
2671 4505 2891 4554 carcere,
2934 4488 3145 4557 ingressi
3188 4497 3305 4541 sunt
3346 4489 3413 4541 ad
3453 4487 3713 4558 Lydiam:

2120 4591 2167 4636 et
2197 4582 2313 4636 visis
2366 4582 2612 4653 fratribus
2639 4581 2893 4635 exhortati
2940 4590 3058 4633 sunt
3093 4596 3197 4646 eos,
3238 4590 3288 4633 et
3327 4582 3540 4651 profecti
3570 4590 3710 4634 sunt.

2120 4673 2295 4727 Etiam
2322 4674 2722 4744 magistratibus
2743 4672 3185 4729 denuntiantibus
3215 4673 3412 4728 Paulus
3439 4689 3546 4727 non
3572 4673 3704 4737 exit,

2122 4765 2259 4821 forte
2285 4777 2504 4836 propter
2535 4766 2758 4837 Lydiam
2777 4807 2792 4830 ,
2820 4774 2874 4820 et
2903 4765 3038 4819 alios
3067 4765 3288 4819 fratres:
3316 4766 3399 4819 vel
3426 4777 3483 4820 ut
3514 4775 3713 4820 terreat

2122 4860 2267 4927 illos,
2288 4876 2355 4915 ne
2378 4868 2693 4928 putarentur
2714 4871 2903 4929 rogatu
2924 4875 3020 4913 suo
3038 4858 3244 4914 dimissi
3268 4858 3449 4923 fuisse,
3475 4869 3532 4913 ut
3549 4860 3709 4914 etiam

2121 4953 2242 5007 aliis
2271 4953 2518 5008 fiduciam
2551 4953 2818 5008 inderent.
2848 4953 3089 5024 Triplex,
3112 4953 3316 5018 dilecti,
3336 4953 3539 5007 crimen
3561 4963 3710 5008 erat:

2121 5047 2262 5118 quod
2288 5046 2578 5113 Romanos,
2610 5047 2751 5116 quod
2783 5062 2886 5100 nou
2909 5046 3212 5112 damnatos,
3242 5047 3385 5117 quod
3416 5047 3631 5117 publice
3660 5047 3714 5100 in

2121 5156 2395 5197 carcerem
2432 5141 2813 5209 coniecissent.
2859 5140 3018 5195 Vides
3048 5141 3170 5195 illos
3217 5140 3444 5209 plurima
3477 5139 3713 5193 humano

2124 5249 2274 5288 more
2294 5233 2508 5288 fecisse.
2536 5232 2893 5303 Exquiramus
2912 5242 3122 5288 noctem
3141 5232 3308 5297 illam,
3332 5246 3450 5286 cum
3471 5231 3717 5284 noctibus

2126 5326 2325 5382 nostris
2372 5327 2761 5398 comparando,
2816 5327 2904 5381 ubi
2957 5324 3401 5386 comessationes,
3458 5322 3713 5388 ebrietas,

2122 5419 2373 5483 lascivia;
2403 5417 2494 5473 ubi
2522 5431 2746 5473 somnus
2773 5433 2803 5471 a
2834 5425 3013 5470 morte
3041 5414 3170 5469 nihil
3198 5413 3480 5478 differens,
3513 5411 3601 5466 ubi
3628 5412 3711 5466 vi-

2121 5513 2264 5582 gilias
2294 5526 2488 5567 sonmo
2514 5511 2632 5581 ipso
2658 5509 2956 5580 graviores.
3013 5508 3119 5561 Alii
3147 5506 3289 5561 enim
3315 5504 3609 5563 dormiunt.
3640 5505 3711 5559 ita

2123 5614 2182 5659 ut
2228 5603 2360 5660 nihil
2403 5605 2673 5667 sentiant;
2718 5602 2808 5655 alii
2856 5599 3234 5654 miserabiliter
3269 5596 3508 5667 vigilant,
3555 5596 3714 5653 dolos

2123 5706 2417 5758 Struentes,
2465 5696 2534 5749 de
2564 5694 2804 5764 pecuniis
2849 5701 3124 5758 curantes,
3157 5701 3214 5745 ut
3259 5691 3591 5746 ulciscantur
3620 5705 3714 5746 eos

2124 5790 2214 5860 qui
2254 5802 2315 5844 se
2353 5787 2611 5842 lteserunt
2653 5783 2970 5845 studentes,
3017 5782 3330 5839 inimicitias
3361 5784 3715 5853 meditantes,

2127 5884 2290 5941 verba
2326 5875 2714 5947 contumeliosa
2743 5884 3011 5932 transacto
3037 5877 3125 5934 die
3154 5892 3340 5936 secum
3372 5886 3715 5949 reputantes;
