4112 6458
514 445 619 505 259

510 562 591 615 sic
611 560 705 615 ira
727 559 901 631 ignem
923 555 1278 623 succendunt,
1301 562 1357 610 et
1383 551 1737 608 intolerabilia
1759 556 2095 621 perpetrant.

516 651 794 722 Perpende
826 648 1098 720 quomodo
1123 648 1315 703 Petrus
1342 645 1663 701 dormiebat.
1698 644 1799 698 Per
1827 642 2104 711 dispensa-

514 744 712 798 tionem
744 741 875 796 illud
905 741 1103 796 factum
1149 748 1271 795 est:
1308 738 1529 809 angelus
1557 737 1701 791 enim
1735 734 1972 799 advenit,
2005 746 2102 786 ne-

511 834 819 903 minemque
867 848 982 889 rem
1031 840 1237 903 gestam
1289 832 1430 885 scire
1474 828 1784 899 oportebat;
1826 836 1881 881 et
1909 825 2105 880 merito

509 921 750 991 quidem,
779 932 838 976 ut
862 938 933 978 ne
974 932 1156 977 custos
1201 922 1436 977 carceris
1472 920 1707 988 seipsum
1753 919 2101 972 interﬁceret.

512 1014 581 1068 Et
609 1029 706 1068 cur
734 1029 844 1068 non
874 1014 1018 1068 aliud
1048 1015 1262 1083 signum
1305 1013 1502 1067 factum
1528 1012 1641 1066 est?
1669 1011 1802 1079 Quia
1829 1008 1960 1063 illud
1991 1023 2104 1062 ma-

510 1105 655 1159 xime
680 1106 853 1175 ipsum
878 1105 1147 1160 attrahere
1170 1114 1227 1159 et
1247 1104 1568 1159 confirmare
1586 1110 1815 1173 poterat,
1837 1100 2102 1170 siquidem

517 1195 610 1249 ille
653 1195 1047 1264 perielitaturus
1092 1207 1228 1262 erat,
1275 1197 1375 1251 nisi
1421 1197 1493 1250 ita
1535 1196 1730 1251 factum
1767 1202 1950 1249 esset:
1994 1208 2100 1246 non

513 1286 658 1341 enim
686 1288 756 1341 ita
780 1288 931 1357 signa
959 1288 1195 1352 trahunt,
1217 1300 1275 1343 ut
1294 1304 1357 1344 ea
1374 1304 1493 1359 qua:
1517 1287 1587 1342 ad
1612 1288 1837 1341 salutem
1860 1295 2100 1341 nostram

507 1378 756 1432 attinent.
810 1377 889 1433 Ne
923 1378 1199 1434 videretur
1230 1390 1388 1434 terrm
1430 1389 1636 1434 motum
1678 1393 1774 1448 per
1820 1392 1880 1434 se
1906 1377 2102 1431 factum

507 1484 648 1536 esse,
681 1478 966 1539 sequutum
1014 1480 1098 1526 est
1140 1470 1214 1537 id,
1264 1470 1408 1541 quod
1441 1470 1543 1539 ipsi
1586 1469 1893 1524 testimonio
1932 1477 2098 1521 esset.

509 1559 579 1613 Et
606 1570 768 1614 noctu
794 1561 1026 1615 accidit:
1060 1562 1192 1615 nihil
1220 1563 1363 1616 enim
1388 1561 1454 1615 ad
1484 1560 1896 1615 ostentationem
1929 1558 2099 1613 facie-

511 1651 663 1716 bant,
693 1653 788 1708 sed
811 1654 877 1708 ad
906 1654 1159 1709 salutem.
1184 1654 1299 1709 Non
1323 1655 1494 1709 malus
1515 1660 1631 1708 erat
1647 1653 1881 1707 carceris
1895 1660 2098 1706 custos:

513 1744 827 1814 conjecerat
854 1746 974 1800 illus
998 1746 1049 1799 in
1084 1747 1389 1801 interiorem
1415 1760 1707 1812 carcerem,
1731 1744 1873 1815 quod
1900 1745 1971 1799 ita
1996 1744 2099 1799 sibi

503 1834 713 1905 jussum
742 1846 904 1902 esset,
933 1854 1039 1892 non
1068 1848 1214 1892 motu
1245 1852 1363 1892 suo.
1394 1837 1463 1892 Et
1489 1852 1584 1893 cur
1609 1852 1714 1893 non
1743 1846 1869 1892 ante
1899 1835 2101 1891 clama-

506 1928 583 1982 vit
612 1928 839 1984 Paulus?
867 1929 1276 1985 Perturbatione
1303 1930 1495 2000 plenus
1521 1939 1637 1984 erat
1666 1928 1848 1994 homo,
1878 1941 1980 1982 nee
2004 1926 2100 1982 ad-

505 2019 742 2075 misisset
763 2022 945 2075 verba.
980 2020 1107 2076 ideo
1132 2036 1254 2076 cum
1280 2020 1505 2077 vidisset
1542 2022 1689 2075 illum
1727 2036 1848 2076 sese
1878 2020 2098 2075 interfe-

503 2119 739 2175 cturum,
792 2122 1212 2183 prmoccupatet
1260 2113 1477 2179 clamat,
1514 2112 1698 2166 dicens
1731 2128 1745 2165 :
1798 2111 1985 2166 Omnes
2018 2111 2100 2165 hic

504 2219 702 2257 sumus.
734 2203 861 2259 Ideo
888 2205 978 2259 ille
1007 2204 1180 2259 Petito
1201 2204 1391 2259 lumine
1405 2205 1606 2271 insiliit,
1633 2213 1680 2258 et
1705 2214 1822 2258 ante
1851 2202 2096 2269 Paulum,

504 2294 694 2363 inquit,
722 2304 767 2349 et
788 2295 955 2350 Silam
981 2297 1218 2367 procidit.
1249 2297 1327 2351 Ad
1358 2296 1521 2365 pedes
1560 2297 1720 2351 vincti
1746 2296 1975 2367 procidit
2006 2311 2099 2351 cu-

503 2395 641 2441 stus.
672 2385 741 2441 Et
772 2389 943 2442 eduxit
978 2388 1097 2443 illos
1122 2389 1283 2459 foras,
1321 2389 1579 2458 dixitque:
1605 2387 1831 2455 Domini,
1859 2389 1982 2459 quid
2021 2404 2100 2442 me

502 2487 697 2548 oportet
718 2484 906 2549 facere,
928 2489 984 2534 ut
1011 2481 1184 2534 salvus
1208 2481 1303 2534 sint
1319 2480 1345 2533 Ξ)
1365 2480 1629 2548 Quidnam
1652 2480 1942 2535 dixerunt?
1966 2480 2098 2535 Vide

505 2572 654 2626 illum
685 2587 791 2626 non
822 2572 891 2627 ob
934 2572 1038 2628 hoc
1062 2572 1284 2643 diligere
1330 2572 1475 2644 quod
1520 2582 1767 2629 servatus
1791 2582 1956 2643 esset,
2000 2573 2097 2629 sed

502 2662 646 2729 quod
674 2662 742 2717 de
770 2663 968 2717 virtute
998 2664 1423 2733 obstupesceret.

568 2755 625 2808 2.
667 2755 830 2811 Vides
872 2756 999 2826 quid
1036 2757 1165 2823 illic,
1198 2757 1327 2827 quid
1377 2757 1535 2813 isthic
1576 2759 1773 2813 factum
1819 2757 1932 2813 sit?
1976 2757 2095 2814 lllie

498 2846 673 2917 puella
720 2847 945 2902 liberata
975 2855 1057 2903 est
1092 2863 1123 2903 a
1156 2849 1388 2919 maligno
1414 2849 1603 2919 spiritu
1630 2892 1646 2917 ,
1671 2860 1722 2905 et
1748 2849 1801 2904 in
1821 2864 2096 2906 carcerem

497 2938 848 3010 eoujeeerunt
871 2954 967 2995 eos
988 2980 1004 3008 ,
1032 2940 1175 3010 quod
1213 2941 1356 2995 illam
1385 2955 1413 2993 a
1443 2940 1692 2996 daemone
1727 2941 2088 3007 liberassent;

506 3032 597 3087 hic
643 3033 818 3087 solum
858 3032 1054 3101 januas
1100 3045 1315 3103 apertas
1355 3034 1741 3099 ostenderunt,
1791 3045 1846 3090 et
1889 3036 2098 3104 aperuit

495 3124 690 3193 januas
714 3125 895 3179 cordis
924 3125 1066 3179 illius
1093 3166 1109 3192 ,
1136 3126 1297 3179 solvit
1319 3125 1530 3181 vincula
1558 3125 1787 3196 duplicia
1809 3167 1825 3193 ,
1854 3126 2099 3183 accendit

501 3220 684 3274 lumen
724 3218 855 3273 illud
891 3236 904 3273 :
936 3233 1057 3273 nam
1090 3228 1144 3273 et
1172 3219 1224 3272 in
1261 3217 1425 3273 corde
1464 3219 1581 3289 ejus
1609 3218 1698 3273 lux
1746 3219 2001 3290 fulgebat.
2035 3222 2101 3276 Et

503 3311 699 3365 insiliit
721 3320 776 3366 et
799 3311 1027 3380 procidit
1054 3329 1068 3365 :
1094 3326 1195 3366 nec
1224 3312 1518 3382 interrogat
1544 3312 1816 3383 quomodo
1844 3329 1932 3368 res
1959 3314 2095 3369 facta

499 3404 571 3457 sit
596 3444 610 3468 ,
638 3386 767 3473 quid
805 3402 1000 3457 factum
1031 3403 1134 3468 sit;
1166 3403 1261 3457 sed
1288 3404 1468 3457 statim
1499 3404 1610 3457 ait:
1640 3403 1775 3471 Quid
1800 3420 1878 3457 me
1902 3413 2098 3472 oportet

501 3500 669 3564 facere
693 3504 747 3548 ut
767 3495 939 3549 salvus
964 3495 1096 3548 sint?
1134 3494 1273 3562 Quid
1300 3510 1429 3565 ergo
1458 3495 1693 3550 Paulus?
1724 3495 1883 3550 Crede
1904 3496 1957 3549 in
1987 3494 2097 3551 Do-

501 3589 695 3641 minum
724 3587 904 3643 Iesum
947 3588 1239 3654 Christum,
1277 3600 1326 3643 et
1352 3589 1522 3643 salvus
1564 3589 1693 3655 eris,
1726 3589 1929 3660 inquit,
1961 3600 2015 3644 tu
2052 3600 2098 3646 et

498 3678 679 3733 domus
704 3688 811 3732 tua.
835 3678 948 3734 Hoc
973 3679 1208 3735 maxime
1231 3678 1478 3735 homines
1507 3680 1712 3745 allicit,
1745 3681 1888 3751 quod
1918 3692 1973 3737 et
1998 3683 2099 3736 do—

505 3787 628 3825 mus
672 3772 821 3825 salva
858 3772 948 3826 sit.
982 3770 1049 3824 Et
1074 3772 1269 3841 loquuti
1299 3781 1418 3824 sunt
1456 3772 1505 3825 ei
1528 3770 1762 3839 verbum,
1793 3783 1843 3826 et
1865 3774 2099 3828 omnibus

498 3864 585 3933 qui
611 3873 755 3917 erant
782 3864 837 3916 in
862 3863 1011 3917 domo
1039 3865 1173 3934 ejus.
1199 3863 1355 3917 Lavit
1380 3878 1477 3920 eos
1502 3904 1517 3931 ,
1543 3872 1600 3919 et
1623 3864 1768 3919 lotus
1794 3874 1882 3919 est
1919 3883 1933 3918 :
1975 3864 2096 3920 illos

501 3956 720 4024 quidem
761 3970 792 4009 a
840 3955 1008 4026 plagis
1028 3955 1194 4010 abluit
1217 3995 1232 4022 ,
1260 3956 1374 4026 ipse
1397 3971 1428 4011 a
1466 3957 1698 4027 peccatis
1723 3957 1939 4013 ablutus
1964 3968 2048 4014 est
2078 3976 2093 4012 :

501 4049 722 4102 nutrivit
746 4090 762 4115 ,
795 4059 849 4103 et
878 4049 1114 4103 nutritus
1137 4058 1239 4103 est.
1272 4049 1335 4103 Et
1367 4050 1674 4117 exsultavit,
1708 4050 1902 4121 inquit.
1930 4053 2093 4122 Atqui

500 4140 635 4194 nihil
656 4149 772 4195 erat
798 4140 899 4194 nisi
926 4140 1089 4194 verba
1116 4148 1320 4194 tantum
1347 4150 1403 4195 et
1417 4155 1541 4212 spes
1563 4141 1723 4197 bona.
1748 4142 1862 4197 Hoc
1887 4143 2096 4213 signutn

502 4244 642 4301 erat,
660 4231 957 4288 credidisse
974 4232 1145 4299 illum,
1170 4233 1272 4288 sibi
1293 4234 1470 4289 omnia
1491 4233 1716 4290 remissa
1742 4234 1931 4291 fuisse.
1958 4237 2097 4306 Quid

497 4326 725 4381 custode
740 4327 976 4381 carceris
1002 4326 1188 4396 pejus?
1212 4326 1337 4396 quid
1361 4327 1651 4394 crudelius,
1678 4329 1802 4399 quid
1830 4330 2099 4387 ferocius?

500 4419 754 4471 Attamen
782 4432 905 4472 eum
934 4418 1101 4472 multo
1135 4418 1255 4473 illos
1290 4421 1527 4491 suscepit
1558 4421 1786 4477 honore.
1814 4421 1931 4478 Non
1954 4424 2099 4494 quod

501 4518 748 4563 servatus
773 4518 921 4564 esset
949 4551 966 4577 ,
996 4512 1210 4580 gavisus
1236 4520 1323 4566 est
1344 4553 1361 4577 ,
1392 4513 1486 4567 sed
1519 4512 1673 4580 Quod
1710 4513 1822 4569 Deo
1851 4518 2095 4574 crederet.

502 4600 665 4653 Crede
686 4640 703 4663 ,
740 4600 948 4669 inquit,
976 4602 1030 4655 in
1059 4599 1360 4657 Dominum.
1401 4602 1528 4659 Ideo
1554 4604 1718 4672 dixit,
1756 4605 1857 4673 Qui
1887 4608 2101 4661 credidit

505 4691 637 4758 Deo,
661 4700 720 4746 ut
739 4707 807 4747 ne
820 4692 1096 4748 videretur
1115 4695 1267 4764 quasi
1284 4694 1571 4751 damnatus
1585 4706 1640 4752 et
1666 4708 1917 4768 peccator
1939 4700 2097 4754 solvi.

506 4783 709 4840 Idcirco
731 4784 915 4841 dicunt
950 4803 965 4841 :
995 4784 1164 4841 Cumas
1188 4804 1279 4842 nos
1307 4788 1505 4857 publice
1530 4790 1846 4846 indemnatos
1875 4793 2100 4846 homines

503 4877 829 4942 coniecerunt
878 4878 932 4931 in
975 4894 1266 4943 carcerem;
1299 4891 1358 4934 ut
1394 4895 1501 4935 non
1547 4882 1709 4937 modo
1746 4885 1953 4953 gratim,
2004 4884 2101 4939 sed

506 4969 668 5023 etiam
720 4968 957 5038 ipsorum
1001 4981 1148 5025 esset
1182 4986 1338 5042 opus.
1374 4971 1510 5028 Vide
1540 4984 1596 5028 ut
1624 4975 1770 5028 varia
1818 4976 2102 5045 dispenset

505 5061 699 5129 gratia,
732 5062 1004 5132 quomodo
1033 5063 1124 5119 ille
1149 5079 1397 5136 egressus
1428 5076 1531 5127 est.
1562 5068 1836 5138 quomodo
1865 5069 1972 5136 hic,
1998 5071 2102 5127 etsi

507 5163 734 5224 uterque
757 5154 1036 5223 apostolus
1070 5168 1235 5212 esset.
1270 5156 1566 5213 Timuerunt
1588 5201 1603 5224 ,
1649 5159 1841 5231 inquit.
1883 5161 2103 5219 Timent

509 5245 636 5315 quia
666 5245 894 5300 Romani
925 5256 1074 5313 sunt,
1107 5263 1212 5302 non
1242 5250 1369 5319 quia
1400 5250 1595 5320 injuste
1622 5253 1995 5321 conjeeernnt.
2027 5255 2097 5310 ει

507 5347 812 5409 rogaverunt
849 5336 990 5403 illos,
1021 5347 1076 5391 ut
1103 5340 1298 5393 exirent
1339 5356 1402 5393 ea:
1444 5342 1663 5395 civitate.
1695 5342 1848 5398 Hanc
1895 5346 2103 5414 petiere

507 5429 756 5497 gratiam.
789 5428 869 5484 llli
911 5444 1043 5485 vero
1076 5440 1136 5485 ut
1160 5440 1426 5487 venerunt
1452 5432 1519 5487 ad
1555 5432 1779 5504 Lydiam
1810 5444 1866 5490 et
1906 5439 2105 5494 confir-

512 5529 729 5575 marunt
752 5536 871 5576 eam
896 5561 913 5588 ,
944 5521 1023 5578 sic
1058 5522 1287 5592 profecti
1314 5531 1459 5578 sunt.
1491 5524 1608 5579 Non
1633 5526 1919 5596 oportebat
1957 5531 2102 5585 enim

513 5608 828 5680 hospitalem
858 5613 1004 5668 illam
1036 5615 1087 5669 in
1115 5630 1287 5685 agone
1311 5625 1367 5670 et
1390 5616 1752 5673 sollicitudine
1775 5620 2104 5690 relinquere.

514 5700 732 5771 Egressi
762 5715 939 5761 autem
967 5715 1131 5773 sunt,
1160 5723 1267 5763 non
1296 5708 1399 5761 illis
1422 5708 1881 5780 obtemperantes,
1914 5712 2011 5768 sed
2036 5713 2105 5769 ad

514 5793 953 5861 praedicationem
979 5798 1294 5856 festinantes
1321 5841 1336 5866 ,
1366 5818 1489 5857 cum
1518 5804 1710 5859 civitas
1743 5822 1839 5873 per
1866 5807 2103 5863 miracu-

516 5880 627 5939 lum
656 5884 785 5939 illud
828 5886 960 5943 satis
996 5889 1177 5961 adjuta
1219 5891 1427 5949 fuisset.
1469 5895 1584 5952 Non
1631 5898 1914 5967 oportebat
1954 5899 2099 5958 ultra

1285 442 1345 499 S.
1383 437 1661 501 JOANNIS
1680 429 2177 501 {IllRYSOSTOMI
2214 429 2529 486 ARCIIIEP.
2571 427 3106 487 CONSTANTINOP.
3690 434 3777 486 ’,ξω

2214 561 2451 600 manere.
2497 543 2629 600 Nam
2672 546 2985 601 miraculum
3033 546 3205 615 majus
3246 552 3476 614 apparet
3528 560 3766 615 magisque

2209 637 2405 692 clamat
2432 646 2552 707 post
2583 638 2975 707 profectionem
3012 652 3199 692 eorum
3228 636 3317 705 qui
3344 637 3528 704 ipsum
3558 645 3771 704 patrare-

2207 739 2352 784 rant.
2387 730 2596 784 Etenim
2626 730 2867 786 custodis
2894 731 3126 785 carceris
3168 730 3303 786 ﬁdes
3349 744 3453 798 pro
3501 744 3634 784 voce
3660 741 3775 784 erat.

2208 819 2344 887 Quid
2376 820 2498 875 huic
2540 821 2615 875 rei
2650 821 2782 890 par?
2810 821 3025 890 Ligatur
3065 830 3121 876 et
3148 820 3311 876 solvit
3356 820 3592 889 ligatus;
3641 822 3783 876 solvit

2207 910 2407 980 duplex
2451 912 2751 977 vinculum;
2783 912 3035 982 ligantem
3077 927 3137 967 se
3180 912 3339 965 solvit
3384 927 3489 981 per
3533 911 3633 966 hoc
3656 927 3779 981 quoa

2208 1000 2323 1069 ipse
2354 1001 2547 1071 ligatus
2584 1006 2673 1057 sit.
2709 1002 2835 1058 lltec
2860 1018 2987 1058 vere
3015 1012 3142 1057 sunt
3187 1003 3372 1072 gratiae
3412 1018 3600 1073 opera.
3642 1003 3781 1059 Nutu:

2207 1110 2347 1164 ergo,
2378 1094 2569 1163 inquit,
2596 1095 2804 1166 egressi,
2837 1094 2906 1148 ite
2927 1095 2982 1148 in
3011 1111 3135 1164 pace
3162 1111 3179 1149 :
3211 1094 3264 1149 id
3289 1103 3393 1161 est,
3423 1110 3552 1150 cum
3593 1099 3779 1152 securi-

2207 1193 2336 1252 tate,
2363 1185 2497 1240 nihil
2524 1188 2794 1242 timentes.
2824 1186 2995 1242 Simul
3024 1188 3166 1241 hunc
3189 1188 3371 1241 volunt
3398 1196 3556 1242 extra
3585 1189 3773 1258 pericu-

2206 1275 2315 1330 lum
2364 1277 2503 1345 fieri,
2556 1295 2625 1333 ne
2669 1288 2791 1349 post
2834 1278 2949 1333 haec
2986 1287 3293 1333 accusetur.
3327 1279 3395 1333 Et
3425 1293 3535 1333 non
3577 1280 3773 1345 dicunt,

2202 1370 2387 1425 Caesos
2431 1386 2531 1427 nos
2575 1373 2924 1443 conjecerunt
2951 1374 3005 1427 in
3034 1388 3305 1428 carcerem
3330 1412 3345 1439 ,
3377 1374 3507 1443 quia
3547 1373 3772 1428 miracula

2202 1462 2406 1530 operati
2454 1477 2669 1517 eramus
2708 1478 2928 1534 :neque
2958 1465 3101 1519 enim
3140 1465 3224 1519 his
3269 1464 3766 1529 attendebant;sed

2202 1552 2347 1623 quod
2379 1554 2593 1609 illorunt
2620 1554 2830 1609 animos
2858 1565 3148 1611 concutere
3179 1564 3393 1625 poterat
3413 1598 3428 1623 ,
3463 1554 3768 1609 lndemnatot

2204 1644 2396 1715 inquit,
2424 1655 2468 1700 et
2503 1646 2779 1701 Romanos.
2812 1647 2981 1716 llujus
3003 1647 3164 1702 vincti
3196 1662 3411 1717 semper
3431 1662 3692 1703 memores
3713 1649 3774 1701 si-

2202 1753 2343 1805 mus,
2368 1748 2424 1793 et
2443 1754 2547 1793 non
2570 1740 2830 1793 miraculi.
2863 1740 3000 1808 Quid
3027 1741 3212 1795 dicent
3232 1742 3489 1810 gentiles,
3520 1743 3775 1811 quomodo

2201 1832 2409 1887 vinctus
2451 1847 2572 1886 cum
2615 1842 2781 1897 esset,
2827 1833 2995 1887 suasit
3036 1833 3329 1887 vincienti?
3360 1834 3428 1887 Et
3480 1849 3661 1903 quem,
3710 1833 3781 1886 in-

2200 1922 2425 1992 quiunt,
2455 1923 2765 1992 persuaderi
2795 1924 3112 1992 oportebat,
3145 1924 3250 1977 nisi
3295 1923 3591 1977 scelestum
3620 1922 3778 1977 homi-

2202 2028 2347 2079 nem,
2376 2014 2633 2069 miserum
2665 2056 2679 2081 ,
2709 2016 2801 2084 qui
2834 2026 3068 2069 mentem
3100 2030 3207 2069 non
3233 2015 3484 2080 haberet,
3517 2016 3660 2070 mille
3682 2031 3777 2070 ma-

2204 2104 2270 2159 lls
2294 2116 2542 2160 onustum
2561 2114 2784 2175 etcapta
2806 2105 3056 2161 facilem?
3084 2106 3209 2161 Haec
3229 2106 3454 2177 insuper
3479 2106 3743 2177 proferunt
3764 2125 3777 2160 :

2202 2197 2333 2265 Quis
2362 2200 2605 2265 credidit,
2644 2200 2746 2253 nisi
2793 2200 3076 2264 coriarius,
3107 2202 3431 2270 purpuraria
3455 2241 3471 2266 ,
3500 2199 3778 2263 eunuchus,

2202 2302 2387 2348 custos
2416 2293 2671 2359 carceris,
2699 2292 2841 2347 servi
2871 2302 2926 2347 et
2966 2292 3263 2347 mulieres?
3289 2294 3433 2361 Quid
3462 2310 3591 2365 ergo
3617 2293 3781 2349 dicere

2202 2391 2497 2452 poterunt,
2537 2383 2751 2454 quando
2802 2398 2935 2451 eos,
2982 2384 3072 2454 qui
3118 2385 3170 2438 in
3223 2384 3577 2455 dignitatibus
3621 2395 3777 2449 erant,

2202 2475 2562 2545 producemus
2594 2494 2607 2531 :
2635 2476 3007 2531 centurionem
3038 2517 3052 2541 ,
3100 2479 3482 2547 proconsulem
3508 2521 3524 2546 ,
3571 2480 3696 2533 alios
3720 2495 3775 2533 ex

2202 2567 2299 2622 illo
2327 2567 2395 2622 ad
2428 2566 2529 2621 hoc
2552 2583 2721 2637 usque
2743 2577 2953 2638 tempus
2976 2608 2993 2633 ,
3023 2569 3397 2637 imperatores,
3440 2571 3626 2641 reges?
3676 2570 3777 2639 Ego

2201 2673 2331 2715 vero
2357 2659 2499 2714 aliud
2526 2659 2698 2729 majus
2722 2658 2845 2714 dico
2875 2676 2888 2713 :
2920 2660 3064 2729 ipsos
3094 2660 3312 2715 viliores
3344 2661 3472 2716 illus
3495 2660 3769 2716 videamus.

2200 2755 2405 2827 Ecquid
2430 2755 2502 2811 ibi
2530 2755 2745 2819 mirum,
2770 2753 3130 2825 inquies?Hoc
3156 2766 3304 2810 certe
3327 2757 3561 2811 mirum:
3587 2755 3771 2811 etenim

2199 2852 2246 2906 si
2301 2851 2369 2906 de
2416 2850 2576 2906 rebus
2629 2849 2941 2921 vulgaribus
2996 2850 3263 2917 crederet,
3311 2867 3422 2905 non
3468 2853 3646 2907 mirum
3692 2866 3769 2905 es-

2198 2950 2318 3008 set;
2349 2956 2470 2996 cum
2500 2956 2633 2997 vero
2661 2941 2731 2996 de
2758 2943 3160 2997 resurrectione
3187 2983 3201 3006 ,
3229 2943 3298 2997 de
3323 2958 3493 3013 regno
3515 2944 3760 3003 ca-lorum,

2198 3033 2271 3089 de
2308 3035 2415 3089 vita
2466 3032 2835 3103 philosophica
2884 3035 3004 3104 quis
3053 3034 3398 3105 poltularibus
3460 3035 3671 3105 loquitur
3713 3048 3763 3088 et

2202 3126 2537 3197 persuadet,
2568 3126 2671 3181 hoc
2697 3126 2996 3182 mirabilius
3036 3128 3160 3191 erit,
3203 3142 3361 3196 quam
3388 3130 3437 3183 si
3468 3126 3766 3198 sapientibus

2202 3218 2581 3289 persuasisset.
2609 3218 2743 3274 Cum
2775 3219 2919 3273 enim
2947 3233 3054 3274 non
3099 3228 3183 3275 est
3222 3220 3539 3290 periculum,
3578 3229 3629 3275 et
3664 3219 3765 3288 quis

2201 3311 2413 3379 suadet,
2436 3326 2468 3367 e
2494 3328 2552 3368 re
2578 3312 2863 3368 stultitiam
2893 3312 2946 3367 in
2975 3311 3209 3368 medium
3240 3313 3524 3383 proferunt
3544 3331 3559 3381 ;
3580 3311 3760 3383 quando

2201 3411 2380 3457 autem
2407 3403 2529 3472 quis
2555 3402 2759 3458 dixerit
2783 3416 2942 3457 servo
2970 3403 3268 3457 secundum
3304 3413 3355 3458 te
3387 3423 3401 3458 :
3435 3404 3493 3461 Si
3521 3404 3640 3459 mihi
3666 3416 3757 3455 cre-

2202 3494 2317 3559 das,
2348 3495 2669 3565 periclitaris
2691 3537 2705 3557 ,
2738 3510 2927 3551 omnes
2957 3496 3176 3550 habebis
3204 3497 3295 3550 tibi
3319 3497 3583 3556 inimicos.
3619 3510 3760 3565 opor-

2204 3597 2279 3643 tet
2302 3598 2352 3644 te
2380 3590 2538 3655 mori,
2571 3589 2717 3643 mille
2748 3588 2930 3643 subire
2956 3589 3131 3655 mala;
3162 3590 3345 3659 sicque
3383 3592 3524 3646 illius
3548 3591 3757 3645 animam

2202 3682 2378 3752 capiat
2406 3698 2419 3733 :
2451 3695 2557 3736 non
2573 3682 2682 3751 jam
2708 3681 2809 3735 hoc
2831 3681 3151 3751 insipientia:
3174 3691 3275 3736 est.
3308 3681 3443 3737 Nam
3471 3685 3512 3739 si
3538 3682 3764 3752 dogmata

2203 3774 2527 3843 voluptatem
2568 3773 2869 3840 haberent,
2893 3773 3016 3842 jure
3045 3774 3164 3843 quis
3192 3773 3298 3829 hoc
3323 3774 3556 3839 diceret;
3582 3774 3623 3826 si
3651 3783 3766 3825 vero

2204 3865 2279 3933 id,
2326 3865 2467 3935 quod
2498 3866 2708 3920 nollent
2747 3864 3053 3935 philosophi
3094 3864 3327 3933 discere,
3364 3878 3545 3921 servus
3579 3863 3757 3923 discat,

2203 3957 2377 4027 majus
2418 3966 2502 4012 est
2532 3957 2872 4012 miraculum.
2901 3958 2969 4012 Et
2997 3957 3043 4013 si
3072 3958 3265 4025 vultis,
3295 3957 3569 4011 curiarium
3598 3956 3761 4021 ipsum

2205 4053 2257 4105 in
2289 4050 2524 4105 medium
2553 4050 2899 4115 adducamus,
2929 4058 2985 4106 et
3012 4050 3283 4107 videamus
3310 4049 3432 4119 quid
3461 4047 3554 4117 ipsi
3580 4045 3759 4099 Petrus

2205 4142 2489 4212 loquatur;
2542 4142 2625 4197 vel
2669 4143 2713 4197 si
2762 4142 2956 4211 placet,
3000 4142 3177 4213 ipsum
3220 4140 3483 4196 custodem
3523 4134 3754 4190 careeris.

2204 4233 2341 4300 Quid
2369 4249 2497 4304 ergo
2526 4234 2625 4304 ipsi
2654 4234 2785 4289 dicit
2808 4234 3005 4289 Paulus
3025 4236 3049 4288 't
3073 4235 3317 4290 Christus
3342 4228 3658 4294 resurrexit,
3686 4232 3763 4279 est

2206 4326 2530 4381 resurrectio
2576 4337 2913 4381 mortuorum
2944 4337 2999 4382 et
3030 4342 3296 4397 regnum;
3338 4334 3392 4380 et
3434 4322 3603 4380 statim
3650 4332 3766 4389 per-

2206 4420 2376 4475 suasit
2396 4419 2551 4476 facile
2588 4420 2852 4475 credenti.
2884 4420 3027 4488 Quid
3053 4436 3182 4491 ergo
3199 4424 3224 4473 ἲ
3247 4419 3316 4475 de
3342 4419 3449 4473 vita
3476 4416 3598 4473 nihil
3625 4412 3763 4472 dixit,

2205 4512 2348 4582 quod
2374 4527 2565 4581 sapere
2594 4521 2862 4582 oporteat,
2894 4512 3036 4582 quod
3063 4512 3303 4582 pecuniis
3335 4513 3612 4581 imperare,
3636 4501 3757 4575 quod

2207 4621 2313 4659 non
2342 4620 2464 4660 esse
2510 4602 2863 4659 inhumanum
2905 4614 3183 4674 oporteat,
3216 4606 3359 4676 quod
3389 4607 3526 4661 bona
3553 4616 3635 4659 sua
3656 4610 3761 4653 ero-

2205 4696 2378 4767 ganda
2405 4697 2510 4751 sint
2532 4696 2689 4750 aliis?
2708 4695 2889 4766 Neque
2917 4698 3061 4752 enim
3086 4697 3202 4752 hzcc
3226 4697 3525 4753 credidisse
3544 4690 3765 4761 insipien-

2209 4791 2277 4843 tis
2302 4800 2439 4856 erat,
2466 4788 2561 4844 sed
2592 4789 2766 4859 magni
2794 4789 2979 4843 animi.
3013 4790 3147 4845 Esto
3172 4792 3317 4845 enim
3341 4792 3442 4860 ipsi
3468 4791 3698 4861 dogmata
3712 4793 3771 4836 ex

2166 4952 2177 4959 ἱ
2208 4881 2515 4965 insipientia
2533 4880 2868 4951 acceperint;
2887 4883 3049 4936 vitam
3072 4882 3217 4936 illam
3235 4881 3650 4952 philosophicam
3668 4885 3776 4929 sus-

2206 4976 2407 5046 cipere,
2454 4991 2523 5030 an
2573 4975 2877 5046 insipientis
2918 4976 3107 5032 esset?
3152 4975 3337 5046 Itaque
3370 4986 3572 5045 quanto
3626 4968 3781 5037 magis

2209 5066 2470 5136 insipiens
2494 5075 2639 5121 esset
2666 5068 2757 5137 qui
2782 5066 3223 5137 obtemperaret,
3256 5076 3313 5121 et
3340 5076 3517 5121 tamen
3544 5080 3605 5120 ea
3628 5056 3781 5116 susci-

2210 5166 2382 5231 petet,
2433 5174 2553 5229 qua:
2594 5157 2930 5229 philosophis
2960 5158 3290 5229 persuadere
3332 5155 3635 5228 philosophi
3686 5162 3781 5205 non

2210 5261 2455 5325 possent,
2488 5254 2660 5322 majus
2689 5262 2835 5308 esset
2868 5252 3188 5307 miraculum
3216 5268 3230 5305 :
3260 5252 3494 5307 maxime
3522 5262 3649 5304 vero
3672 5254 3783 5299 cum

2211 5346 2467 5400 mulieres
2516 5355 2568 5401 et
2619 5346 2763 5400 servi
2807 5344 3220 5414 persuadentur,
3250 5354 3306 5399 et
3349 5360 3445 5415 per
3481 5354 3643 5413 opera
3683 5336 3787 5390 1130

2212 5436 2471 5494 exhibent
2492 5477 2507 5501 ,
2539 5452 2660 5506 quae
2685 5452 2787 5491 nec
2812 5437 3069 5492 Platones
3097 5452 3199 5492 nec
3226 5438 3315 5492 alii
3346 5453 3535 5492 omnes
3564 5433 3656 5488 ulli
3681 5442 3788 5499 per-

2213 5528 2442 5583 suadere
2469 5537 2780 5597 potuernnt.
2822 5527 2893 5582 Et
2912 5542 3014 5583 cur
3043 5528 3180 5582 nulli
3218 5528 3381 5584 dico?
3422 5528 3501 5583 Ne
3527 5525 3629 5582 sibi
3670 5516 3789 5590 ipsis

2211 5619 2453 5688 quidem.
2486 5618 2619 5673 Nam
2657 5618 2811 5674 Plato
2852 5619 3070 5689 quidem
3113 5622 3379 5689 persuasit
3419 5618 3670 5690 pecunias
3693 5623 3788 5666 nan

2213 5723 2337 5765 esse
2362 5709 2805 5775 contemnendas,
2830 5711 2919 5779 qui
2951 5720 3126 5764 tantas
3148 5710 3432 5765 facultates
3460 5718 3517 5765 et
3540 5719 3668 5776 opes
3692 5715 3783 5754 an-

2213 5800 2482 5870 nulosque
2509 5815 2704 5856 aureos
2747 5811 2803 5856 et
2849 5800 3056 5870 phialas
3080 5802 3321 5871 possedit
3345 5803 3448 5872 (a).
3490 5797 3639 5869 Quod
3668 5804 3789 5848 vero

2280 5910 2354 5974 (a)
2386 5911 2690 5963 nadivitem
2730 5911 2881 5962 fuisse
2920 5910 3164 5962 Platonem
3197 5892 3791 5973 asseverabantquidm;
