4112 6414
237 348 350 406 259

228 460 332 526 τὰς
362 455 594 524 νύκτας,
623 458 753 514 ἔνθα
785 457 961 529 κῶμοι
1000 456 1095 512 καὶ
1134 456 1294 530 μέθαι
1339 459 1433 511 καὶ
1457 458 1759 529 άσέλγειαι,
1788 457 1916 513 ἔνθα

231 550 403 612 ὕπνος
440 546 679 601 θανάτου
708 546 859 600 οὐδὲν
892 544 1216 617 διεστηκώς,
1256 545 1383 600 ἔνθα
1408 548 1716 618 ἀγρυπνίαι
1746 546 1917 601 ὐπνου

230 636 642 713 χαλεπώτεραι.
673 635 738 689 Ol
770 635 869 705 μὲν
893 634 998 706 7&9
1021 632 1370 688 καθεύδουσιν
1402 636 1834 707 ἀνεπαισθήτως,
1867 636 1918 689 οἱ

239 733 302 787 δὶ
331 728 704 801 ἐγρηγόρασιν
738 725 985 790 ἐλεεινῶς
1009 726 1107 781 καὶ
1131 726 1351 792 ἀθλίως,
1385 727 1569 791 δόλους
1602 727 1920 800 ράπτοντες,

250 821 380 891 ὐπὲρ
426 815 736 887 χρημάτων
791 815 1187 886 φροντίζοντες,
1226 816 1377 879 ὅπως
1431 814 1748 887 ἀμύνωνται
1797 815 1923 880 τοὺς

245 906 563 968 ἀδικοῦντας
597 903 992 967 σπουδάζοντες
1014 941 1030 964 .
1070 903 1271 975 ἔχθραν
1314 902 1666 974 μελετῶντες,
1702 904 1921 976 ῥήματα

241 992 535 1067 ὑϐριστικά
559 990 680 1063 μεθ’
705 990 921 1062 ἡμέραν
946 990 1329 1062 ἀναλεγόμενοι
1353 1007 1368 1022 ·
1400 989 1544 1045 οὕτω
1568 990 1629 1046 τὸ
1649 992 1763 1062 πῦρ
1786 1009 1921 1045 σκα-

236 1083 458 1137 λεύουσι
506 1082 608 1152 τῆς
650 1078 843 1151 όργῆς,
889 1078 959 1133 τά
1010 1078 1263 1152 ἀφόρητα
1300 1079 1680 1151 ἐργαζόμενοι.
1718 1081 1921 1134 Σκόπει

236 1170 358 1234 πῶς
390 1169 598 1239 Πέτρος
639 1165 946 1220 ἐκάθευδεν.
991 1165 1368 1236 Οίκονομικῶς
1401 1169 1577 1220 ἐκεῖνο
1604 1167 1826 1236 γέγονεν
1845 1182 1859 1194 ·
1891 1169 1922 1221 6

235 1257 477 1327 ἀγγελος
502 1255 611 1326 γάρ
640 1253 996 1325 παρεγένετο,
1017 1252 1112 1305 καὶ
1132 1253 1319 1306 οὐδένα
1341 1254 1507 1325 ἐχρῆν
1536 1254 1661 1308 ἰδεῖν
1685 1254 1746 1307 τὸ
1769 1254 1924 1323 γενό-

242 1362 409 1416 μενον
430 1361 444 1374 ·
478 1343 574 1396 καὶ
610 1340 768 1394 τοῦτο
799 1340 962 1394 πάλιν
988 1339 1189 1405 καλῶς,
1225 1341 1308 1393 ἵνα
1339 1340 1554 1413 κωλυθῇ
1593 1343 1622 1394 6
1648 1340 1922 1412 6:090:91?-

239 1432 344 1499 λαξ
367 1431 576 1485 ἀνελεῖν
600 1428 810 1483 ἑαυτόν.
834 1429 948 1482 Kal
971 1427 1060 1482 διά
1086 1428 1139 1481 τί
1160 1428 1236 1499 μὴ
1266 1427 1393 1483 ἄλλο
1414 1432 1638 1500 σημεῖον
1665 1429 1920 1499 γέγονεν;

242 1522 374 1575 Ὅτι
417 1520 576 1576 τοῦτο
603 1518 757 1593 [276]
796 1518 1031 1589 μάλιστα
1069 1518 1234 1573 αὐτὸν
1269 1517 1562 1587 ἐφελκύσαι
1599 1518 1696 1572 καὶ
1735 1520 1922 1572 πεῖσαι

246 1610 447 1663 ἱκανὸν
471 1603 543 1682 ἦν
562 1620 614 1672 ι,
633 1607 763 1662 ὅπου
803 1623 868 1675 γε
900 1605 996 1660 καὶ
1022 1605 1186 1669 αὐτὸς
1217 1605 1592 1660 ἐκινδύνευσεν
1619 1605 1684 1660 ἂν
1702 1647 1718 1671 ,
1755 1607 1802 1659 εί
1842 1608 1920 1680 μὴ

252 1696 516 1767 γέγονεν·
543 1694 602 1749 οὐ
619 1694 720 1765 7&9
748 1692 892 1747 οὕτω
914 1691 982 1746 τά
1010 1691 1263 1759 θαύματα
1292 1693 1441 1763 ἡμᾶς
1461 1693 1624 1764 αίρεί,
1652 1693 1727 1758 ώς
1751 1693 1819 1747 τὰ
1842 1697 1923 1760 είς

258 1783 539 1857 σωτηρίαν
568 1783 838 1856 ἡμετέραν
874 1782 1095 1853 ἥκοντα.
1140 1783 1257 1837 Ἵνα
1296 1780 1371 1854 μὴ
1414 1781 1541 1854 δόξῃ
1588 1783 1697 1837 ἀπὸ
1724 1784 1920 1838 ταύτο-

252 1870 431 1939 μάτου
468 1866 791 1938 γεγενῆσθαι
838 1866 867 1918 6
908 1866 1165 1939 σεισμὸς,
1200 1866 1609 1941 ἐπηκολούθησε
1645 1867 1922 1922 καὶτοῦτο

245 1959 445 2028 ἐκείνῳ
497 1956 829 2029 μαρτυροῦν.
867 1957 976 2009 Kal
1018 1958 1075 2011 ἐν
1106 1956 1265 2011 νυκτὶ
1312 1957 1587 2026 φαίνεται·
1623 1958 1775 2012 οὐδὲν
1811 1958 1920 2031 7&9

240 2045 386 2118 πρὸς
421 2044 700 2113 ἐπίδειξιν,
755 2044 890 2099 ἀλλά
924 2045 1061 2117 πρὸς
1103 2047 1380 2116 σωτηρίαν
1426 2046 1674 2101 ἐποίουν.
1710 2046 1823 2100 Οὐκ
1853 2043 1923 2120 ἦν

241 2133 528 2205 πονηρδςό
554 2132 897 2203 δεσμοφύλαξ
916 2146 931 2160 ⁸
972 2132 1165 2186 ἔϐαλεν
1192 2134 1390 2198 αὐτοὺς
1416 2136 1496 2198 είς
1518 2134 1616 2206 τὴν
1646 2136 1921 2208 ἐσωτέραν

245 2218 520 2289 φυλακὴν,
545 2218 921 2290 παραγγελίαν
939 2218 1196 2291 τοιαύτην
1225 2218 1427 2285 λαϐὼν,
1457 2221 1557 2274 οὐκ
1582 2222 1674 2290 ἀφ’
1702 2221 1918 2279 ἐαυτοῦ.

241 2308 360 2363 Kal
389 2306 481 2362 διὰ
512 2307 567 2361 τί
605 2307 679 2379 μὴ
711 2307 817 2379 πρὸ
857 2306 1047 2361 τούτου
1076 2306 1300 2378 ἐϐόησεν
1328 2310 1356 2362 6
1398 2308 1641 2374 Παῦλος;
1679 2309 1921 2381 Θορύϐου

245 2394 501 2464 μεοτδςό
530 2392 818 2464 ἄνθρωπος
844 2388 914 2465 ἦν
959 2394 1058 2446 καὶ
1085 2393 1362 2465 ταραχῆς,
1397 2393 1495 2448 καὶ
1542 2396 1642 2449 οὐκ
1677 2394 1744 2450 ἂν
1784 2412 1925 2467 παρ-

243 2482 489 2550 εδέξατο.
517 2482 614 2536 Διά
640 2482 817 2547 τοῦτο,
844 2482 934 2536 ὅτε
957 2479 1095 2536 εἶδεν
1129 2484 1322 2536 ἐαυτὸν
1354 2483 1613 2554 μέλλοντα
1643 2484 1887 2556 ἀναιρεῖν
1905 2524 1920 2550 ,

244 2568 769 2639 προκαταλαμϐάνει
788 2570 882 2623 καὶ
908 2571 1026 2642 βοᾷ,
1057 2569 1233 2639 λέγων
1251 2583 1268 2599 ⁸
1299 2571 1508 2634 Πάντες
1528 2571 1694 2642 ἐσμὲν
1714 2572 1920 2625 ἐνθάδε.

243 2655 347 2710 Διά
374 2656 538 2710 τοῦτο
580 2657 677 2710 καὶ
718 2656 956 2729 Δίτήσας
1006 2657 1162 2727 φῶτα
1204 2657 1530 2729 είσεπήδησε
1553 2699 1568 2724 ,
1611 2658 1708 2712 καὶ
1751 2675 1924 2731 προσ-

245 2744 412 2798 έπεσε
435 2743 516 2814 τῷ
549 2743 768 2816 Παύλῳ,
822 2746 989 2816 φησὶ,
1026 2745 1123 2801 καὶ
1157 2745 1237 2817 τῷ
1279 2745 1438 2817 Σίλᾳ.
1473 2746 1568 2809 Ek
1601 2746 1728 2809 τοὺς
1757 2746 1925 2810 πόδας

248 2833 589 2903 προσπίπτει
620 2832 713 2887 τοῦ
742 2832 1020 2904 δεσμώτου
1044 2835 1075 2887 6
1108 2832 1304 2904 φύλαξ.
1338 2833 1451 2889 Kal
1478 2834 1709 2905 προάγει
1729 2835 1927 2898 αὐτοὺς

247 2919 354 2985 ἔξω
392 2919 489 2974 καὶ
520 2919 670 2988 λέγει
696 2936 711 2949 ο
748 2919 964 2990 Κύριοι,
1004 2920 1059 2974 τί
1092 2938 1162 2992 με
1188 2921 1268 2976 δεῖ
1287 2924 1483 2983 ποιεῖν,
1516 2922 1605 2976 ἴνα
1635 2921 1790 2975 σωθῶ
1811 2963 1825 2986 ,
1860 2920 1926 2974 Τί

247 3008 356 3079 7&9
387 3001 578 3072 εἷπονς
617 3007 757 3079 Ὀρα
785 3007 947 3061 αὐτὸν
973 3009 1074 3062 οὐκ
1117 3008 1306 3078 ἐπειδὴ
1350 3009 1580 3082 διεσώθη
1623 3010 1720 3064 ἐπὶ
1751 3009 1929 3083 τούτῳ

249 3097 572 3167 στέργοντα,
607 3095 743 3150 ἀλλά
766 3098 867 3167 τὴν
888 3096 1119 3169 δύναμιν
1149 3096 1510 3166 ἐκπλαγέντα.

321 3180 388 3250 β’.
408 3175 567 3243 Εἶδες
585 3179 636 3231 τί
662 3180 780 3234 ἐκεῖ
803 3179 1015 3249 γέγονε,
1031 3183 1128 3235 καλ⁵
1143 3180 1197 3235 τί
1221 3182 1483 3249 ἐνταῦθα;
1502 3183 1649 3236 Ἐκεῖ
1667 3182 1929 3253 παιδίσκη

245 3268 542 3340 ἀπηλλάγη
594 3266 922 3338 πνεύματος,
972 3269 1071 3323 καὶ
1125 3271 1206 3334 είς
1258 3271 1634 3343 δεσμωτήριον
1676 3271 1928 3327 ἐνέϐαλον

247 3358 469 3420 αὐτοὺς,
505 3358 585 3411 ὅτι
627 3356 1005 3427 ἠλευθέρωσαν
1041 3357 1213 3429 αὐτὴν
1245 3358 1339 3412 τοῦ
1371 3359 1622 3429 δαίμονος
1645 3375 1659 3388 ο
1695 3358 1930 3413 ἐνταῦθα

256 3444 422 3517 μόνον
448 3442 661 3510 ἔδειξαν
694 3444 863 3517 θύρας
893 3446 1215 3516 ἀνεῳγυίας,
1257 3446 1351 3499 καὶ
1391 3446 1601 3518 ἤνοιξεν
1639 3445 1802 3499 αὐτοῦ
1829 3446 1931 3517 τῆς

258 3536 479 3607 καρδίας
512 3537 612 3601 τὰς
645 3534 836 3608 θύρας,
868 3535 1023 3589 ἔλυσε
1052 3533 1227 3606 δεσμά
1252 3534 1433 3599 διπλᾶ,
1481 3530 1620 3606 ἦψεν
1658 3536 1832 3588 ἐκεῖνο
1867 3535 1930 3588 τὸ

254 3628 409 3699 φῶς·
454 3624 521 3679 τὸ
554 3624 662 3698 γὰρ
713 3625 771 3676 ἐν
814 3625 880 3694 τῇ
934 3621 1133 3693 καρδίᾳ
1168 3621 1334 3675 αὐτοῦ
1377 3621 1492 3691 φῶς
1536 3622 1767 3692 ἔλαμπε.
1819 3622 1931 3677 Kal

250 3715 584 3786 εἰσεπήδησε
622 3710 718 3765 καὶ
766 3709 1092 3781 προσέπεσε,
1123 3709 1219 3763 καὶ
1246 3708 1345 3762 οὐκ
1370 3708 1571 3781 ἐρωτᾷ,
1609 3708 1734 3772 Πῶς
1771 3706 1932 3761 τοῦτο

251 3806 447 3873 γέγονε
467 3821 484 3870 ;
509 3802 575 3854 Τί
594 3800 846 3870 γέγονεν;
869 3797 985 3851 ἀλλ’
1012 3796 1213 3861 εὐθέως
1239 3795 1400 3868 φησί’
1424 3795 1486 3851 Τί
1494 3811 1583 3873 με
1602 3794 1698 3848 δεῖ
1713 3796 1927 3859 ποιεῖν,

252 3894 359 3946 ινα
390 3886 610 3954 σωθῶ;
642 3888 707 3941 Τί
751 3883 845 3941 οὖν
901 3886 931 3938 6
970 3884 1221 3951 Παῦλος;
1271 3882 1615 3939 Πίστευσον
1664 3883 1764 3937 ἐπὶ
1822 3883 1934 3937 τὸν

256 3981 479 4047 Κύριον
524 3974 765 4043 Ἰησοῦν
793 3972 1069 4041 Χριστὸν,
1110 3971 1211 4025 καὶ
1243 3970 1515 4038 σωθήσῃ,
1544 3970 1697 4040 φησὶ,
1730 3969 1811 4024 σὺ
1832 3970 1933 4023 καὶ

257 4072 290 4122 ό
317 4063 485 4132 οἶκός
510 4080 648 4119 σου.
685 4061 935 4115 Μάλιστα
963 4058 1122 4112 τοῦτο
1148 4059 1273 4122 τοὺς
1297 4057 1617 4129 ἀνθρώπους
1644 4056 1932 4127 ἐφέλκεται

255 4156 312 4210 τὸ
337 4156 434 4209 καὶ
460 4152 556 4207 τὸν
582 4146 729 4206 οἷκον
776 4148 940 4203 αὐτοῦ
972 4146 1233 4217 σωθῆναι.
1277 4145 1386 4199 Καὶ
1430 4144 1748 4213 ἐλάλησαν
1771 4141 1934 4210 αὺτῷ

256 4242 596 4311 τὸνλόγον,
626 4238 724 4292 καὶ
754 4235 906 4291 πᾶσι
947 4234 1074 4299 τοῖς
1103 4234 1173 4288 ἐν
1201 4229 1278 4301 τῇ
1313 4232 1470 4299 οῖκίᾳ
1498 4231 1708 4286 αὐτοῦ.
1743 4232 1935 4285 Ἐλου-

258 4349 348 4386 ινεν
381 4331 612 4393 αὐτοὺς,
640 4327 737 4380 καὶ
765 4324 990 4396 ἐλούθη·
1020 4322 1260 4384 ἐκείνους
1294 4320 1393 4391 μὲν
1428 4319 1535 4373 ἀπὸ
1574 4319 1683 4373 τῶν
1709 4318 1934 4389 πληγῶν

255 4420 501 4481 ἔλουσεν,
543 4413 709 4478 αὐτὸς
740 4413 796 4466 δὲ
834 4412 943 4467 ἀπὸ
988 4410 1097 4464 τῶν
1139 4408 1424 4479 ἁμαρτιῶν
1473 4405 1667 4477 ἐλούθη
1688 4423 1703 4439 ·
1738 4405 1934 4478 ἔθρεψε

253 4510 348 4563 καὶ
395 4505 637 4579 ἐτράφη.
690 4502 802 4557 Καὶ
851 4497 1214 4570 ﬁrmatam,
1263 4496 1433 4568 φησί’
1462 4495 1639 4550 καίτοι
1666 4495 1820 4549 οὐδὲν
1841 4489 1933 4565 ἦν,

253 4597 389 4651 ἀλλά
412 4598 640 4667 ῥήματα
675 4591 836 4662 μόνον
865 4589 958 4642 καὶ
995 4586 1211 4648 ἐλπίδες
1239 4584 1491 4655 χρησταί.
1514 4582 1685 4637 Τοῦτο
1709 4585 1938 4652 σημεῖον

256 4679 328 4754 ἧν
342 4682 439 4737 τοῦ
470 4679 899 4737 πεπιστευκέναι
933 4674 1115 4738 αὐτὸν,
1140 4673 1222 4726 ὅτι
1255 4671 1473 4726 πάντων
1499 4670 1699 4741 ἀφέθη.
1727 4669 1791 4724 Τί
1817 4670 1938 4724 δεσ-

269 4768 797 4840 μηφῦλα-ιωςχεῖρον;
813 4764 867 4818 τί
890 4763 948 4816 δὲ
963 4759 1320 4834 ὠμότερον;τί
1340 4759 1397 4813 δὲ
1413 4756 1774 4831 ἀγριώτερον;
1791 4757 1936 4813 Ἄλλ,

265 4858 423 4927 ὅμως
454 4854 591 4926 μετὰ
618 4853 825 4923 πολλῆς
868 4851 1066 4914 αὐτοὺς
1109 4847 1406 4911 ὑπεδέξατο
1438 4848 1538 4918 τῆς
1589 4846 1777 4917 τιμῆς.
1822 4845 1938 4901 Οὐκ

265 4928 681 5012 ἐπειδηέὠθη,
714 4934 1016 5007 εὐφράνθη,
1054 4933 1190 4988 ἀλλὰ
1224 4929 1647 4995 Πεπιστευκὼς
1673 4928 1750 4995 τῷ
1770 4927 1893 4994 Θεῷ
1917 4968 1935 4985 .

267 5010 851 5099 Πίστευονοῦι,ήφησὶν,
892 5022 993 5078 ἐπὶ
1038 5022 1149 5076 τόν
1173 5020 1414 5089 Κύριον.
1468 5016 1569 5070 Διά
1598 5016 1758 5070 τοῦτο
1778 5013 1897 5071 εἷπε
1918 5056 1935 5082 ,

264 5108 690 5178 Πεπιστευκὼς
710 5108 792 5177 τῷ
831 5105 973 5174 Θεῷ,
1004 5104 1092 5160 ἴνα
1124 5102 1200 5175 μὴ
1227 5102 1354 5173 δόξῃ
1375 5100 1450 5165 ὡς
1484 5100 1770 5164 κατάδικος
1800 5101 1939 5153 ἀπο-

258 5195 512 5263 λύεσθαι,
528 5194 620 5249 καὶ
639 5194 718 5258 ὡς
741 5190 1096 5265 ἡμαρτηκὼς.
1126 5189 1227 5241 Διά
1246 5187 1407 5240 τοῦτο
1424 5184 1674 5252 λέγουσι’
1698 5184 1940 5251 Δείραν-

252 5305 358 5355 τες
387 5280 549 5355 ἡμᾶς
573 5280 839 5353 δημοσίᾳ
859 5276 1292 5346 ἀκατακρίτους
1319 5272 1690 5342 ἀνθρώπους,
1717 5270 1941 5325 ἔϐαλον

252 5378 344 5441 εἰς
369 5366 687 5443 φυλακὴν,
717 5368 805 5422 ἶνα
842 5366 917 5437 μὴ
950 5366 1109 5437 μόνον
1141 5364 1242 5434 τῆς
1272 5361 1519 5433 χάριτος,
1554 5358 1691 5414 ἀλλά
1717 5358 1815 5414 καὶ
1840 5360 1937 5443 αὐ-

254 5441 383 5514 τῶν
463 5456 527 5510 176
553 5455 812 5527 πρᾶγμα.
856 5451 995 5522 Ὀρα
1035 5447 1275 5533 διάφορα
1294 5446 1394 5518 τὴν
1420 5446 1583 5517 χάριν
1624 5441 1941 5533 οἰκονομοῦ-

261 5565 387 5614 σαν,
578 5526 785 5605 ἀκτῖνος
823 5537 1039 5609 ἐξῆλθε,
1070 5535 1188 5599 πῶς
1216 5526 1393 5597 οὗτος,
1419 5533 1599 5587 καίτοι
1639 5530 1942 5602 ἀμφότεροι

256 5631 574 5691 ἀπόστολοι.
609 5628 1066 5700 Ἕφοσήθησαν,
1108 5622 1263 5694 φησί.
1299 5619 1625 5683 Φοϐοῦνται,
1661 5619 1746 5673 ὅτι
1802 5618 1941 5671 Ῥω-

267 5720 415 5794 μαῖοι
438 5722 599 5784 εἰσιν,
636 5717 741 5789 οὐχ
776 5716 860 5770 δτι
903 5713 1102 5775 ἀδίκως
1127 5709 1397 5763 ἐνέϐαλον.
1432 5708 1544 5763 Καὶ
1835 5706 1935 5759 αὐ·

264 5790 408 5876 τοὺς
430 5807 707 5875 ἐξελθεῖν
733 5803 856 5861 ἀπὸ
870 5801 982 5871 τῆς
1001 5801 1254 5864 πόλεως.
1276 5797 1455 5868 Χάριν
1476 5796 1580 5867 ῇτη
1589 5811 1687 5848 σαν
1709 5790 1937 5865 ταύτην.

268 5901 332 5951 Ol
391 5894 455 5952 δέ
476 5896 725 5961 ἐλθόντες
780 5891 919 5962 πρὸς
960 5888 1060 5959 τὴν
1111 5885 1347 5950 Λυδίαν,
1402 5884 1497 5939 καὶ
1539 5878 1942 5955 βεϐαιώσαντες

337 5995 355 6021 ⁸
370 6000 621 6052 Μὶἱαῦτὸν
647 5995 985 6063 ἐφειλκύσατο,
1012 5991 1173 6041 ἱκανὸν
1197 5992 1246 6040 ὃν
1267 5990 1446 6039 πεῖσαι.

1269 342 1338 399 1N
1373 342 1560 400 ACTA
1590 342 2390 427 ‘APOSTOLORUM.HOMIL.
2426 346 2666 406 XXXVI.

2022 458 2213 531 αὐτὴν,
2253 461 2426 527 οὕτως
2455 463 2702 535 ἐξῆλθον.
2739 464 2812 518 Ού
2834 464 2943 537 γὰρ
2976 464 3084 522 ἔδει
3112 465 3211 542 τὴν
3237 470 3511 544 ξενοδόχον
3541 475 3697 542 ἀφεῖ-

2020 564 2109 601 ναι
2125 550 2182 601 ἐν
2199 549 2369 618 ἀγῶνι
2385 551 2481 605 καὶ
2500 553 2762 625 μερίμνῃ.
2781 554 3033 625 Ἐξῆλθον
3046 555 3124 619 δὲ,
3142 557 3241 611 οὐκ
3259 560 3488 623 ἐκείνοις
3511 559 3698 613 πειθόο

2025 652 2209 706 μενοι,
2243 637 2379 692 ἀλλά
2401 639 2495 692 ἐπὶ
2524 639 2585 693 τὸ
2615 641 2879 712 κήρυγμα
2916 643 3254 711 σπεύδοντες,
3290 644 3442 720 [277]
3466 647 3567 715 τῆς
3594 647 3696 699 πό·

2019 720 2157 787 λεως
2190 723 2280 777 διὰ
2306 724 2402 778 τοῦ
2446 724 2725 797 θαύματος
2757 727 2958 791 ἱκανῶς
2991 729 3396 802 ώφεληθείσης’
3430 732 3538 786 ἔδει
3586 732 3699 806 7&9

2023 810 2100 882 μὴ
2135 812 2475 883 παραμένειν
2504 812 2711 869 λοιπόν.
2740 815 2814 868 Τὸ
2846 815 2956 888 γάρ
2987 815 3170 888 θαῦμα
3207 819 3391 889 μεῖζον
3424 820 3697 889 φαίνεται,

2018 898 2127 951 τῶν
2162 900 2557 972 ἐργασαμένων
2606 903 3075 975 ἀποδημησάντων
3113 905 3246 959 αὐτὸ
3283 907 3484 977 μᾶλλον
3534 907 3691 978 βοῶν’

2018 987 2054 1057 ἡ
2086 986 2195 1059 γάρ
2216 988 2311 1042 τοῦ
2345 989 2756 1061 δεσμοφύλακκ
2786 992 2970 1056 πίστις
3000 994 3123 1047 ἀντὶ
3156 995 3340 1066 φωνῆς
3364 991 3452 1067 ἦν.
3480 998 3545 1051 Τί
3566 995 3663 1050 τού
3687 1021 3700 1033 ν

2018 1091 2112 1127 του
2145 1075 2295 1144 ῐσονς
2345 1078 2633 1148 Δεσμεῖται
2675 1079 2771 1133 καὶ
2814 1080 2932 1133 λύει
2959 1080 3278 1152 δεδεμένος,
3316 1082 3432 1138 λύει
3470 1084 3696 1141 διπλοῦν

2017 1161 2216 1233 δεσμόν
2238 1178 2254 1194 ⁶
2294 1163 2386 1218 τὸν
2430 1163 2670 1236 δήσαντα
2718 1167 2877 1221 ἔλυσε
2929 1168 3019 1222 διά
3062 1169 3157 1222 τοῦ
3197 1170 3439 1241 δεθῆναι.
3487 1173 3694 1238 Ὄντως

2017 1248 2193 1303 ταῦτα
2218 1251 2439 1321 χάριτος
2466 1249 2625 1322 ἔργα.
2646 1253 2778 1307 Νῦν
2805 1248 2942 1320 οὖν,
2977 1255 3163 1324 φησὶν,
3191 1254 3563 1325 ἐξελθόντες,
3590 1275 3694 1312 πο-

2010 1341 2267 1409 ρεύεσθε
2306 1342 2376 1396 ἐν
2410 1341 2621 1411 εἰρήνῃ
2641 1360 2657 1375 ο
2691 1344 2957 1408 τουτέστι,
3004 1345 3141 1415 μετά
3178 1347 3495 1416 ἀσφαλείας,
3527 1347 3700 1420 μηδὲν

2016 1427 2340 1495 δεδοικότες.
2380 1428 2593 1492 Ἀλλως
2637 1429 2695 1483 δέ
2735 1431 2829 1485 καὶ
2871 1430 3059 1485 τοῦτον
3086 1444 3113 1473 ι
3148 1433 3254 1497 ἔξω
3288 1432 3535 1487 κινδύνου
3570 1434 3697 1504 βού-

2018 1514 2199 1569 λονται
2243 1516 2537 1585 γενέσθαι,
2570 1518 2661 1572 ῖνα
2703 1519 2781 1591 μὴ
2829 1520 2966 1590 μετά
3007 1518 3181 1574 ταῦτα
3230 1521 3550 1592 ὲγκαλῆται.
3587 1523 3697 1578 Kal

2018 1603 2080 1657 οὐ
2098 1603 2337 1672 λέγουσι,
2365 1605 2653 1677 Δείραντες
2676 1608 2823 1679 ἡμᾶς
2842 1606 3033 1663 ἔϐαλον
3050 1610 3129 1673 εἰς
3151 1608 3418 1681 φυλακὴν,
3445 1609 3698 1680 θαύματα

2018 1691 2454 1764 ἐργασαμένουςο
2485 1694 2606 1747 οὐδὲ
2647 1696 2755 1766 γάρ
2794 1695 3004 1760 τούτοις
3037 1700 3353 1770 προσεῖχον·
3398 1698 3514 1753 ἀλλ’
3543 1699 3572 1753 ὂ
3601 1699 3700 1771 μά-

2008 1777 2174 1853 λιστα
2201 1780 2381 1834 αὐτῶν
2422 1782 2597 1834 σεῖσαι
2652 1780 2752 1853 τὴν
2787 1782 3025 1836 διάνοιαν
3061 1783 3317 1851 ἐδύνατο,
3369 1785 3699 1856 Ἀκατακρί-
3733 1776 3737 1780 ’

2018 1883 2201 1934 τους,
2257 1868 2427 1939 φησὶ,
2483 1867 2583 1922 καί
2631 1868 2959 1938 Ῥωμαίους
3024 1870 3430 1939 ὑπάρχοντος.
3491 1872 3696 1927 Τούτου

2024 1954 2458 2026 μνημονεύωμεν
2496 1954 2593 2009 τοῦ
2623 1954 2905 2027 δεσμώτου
2931 1955 2959 1997 ι)
2991 1956 3303 2022 διαπαντὸς
3337 1960 3413 2032 μὴ
3441 1959 3533 2013 τοῦ
3565 1960 3698 2014 θαύ-

2024 2059 2213 2112 ματος.
2268 2043 2334 2095 Τί
2389 2043 2607 2116 ἐροῦσιν
2653 2042 2950 2114 Ἕλληνες,
2992 2043 3109 2108 πῶς
3160 2044 3445 2117 δεσμώτης
3501 2045 3577 2101 ῶν
3604 2047 3697 2102 τὸν

2018 2129 2408 2200 δεσμοφύλακα
2448 2130 2662 2198 ἔπεισε;
2691 2132 2801 2184 Kal
2822 2130 2966 2194 τίνα,
3000 2132 3154 2201 φησὶ,
3189 2133 3479 2205 πεισθῆναι
3506 2136 3698 2207 ἐχρῆν,

2019 2216 2054 2288 ἢ
2098 2216 2626 2292 μιαρύνιάνθρωπον
2678 2218 2773 2271 καὶ
2820 2219 3164 2289 ταλαίπωρον
3208 2222 3304 2275 καὶ
3356 2221 3456 2275 οὐκ
3506 2222 3699 2293 ἔχοντα

2019 2303 2165 2366 νοῦν,
2192 2303 2404 2375 μυρίων
2424 2316 2445 2344 ο
2464 2306 2705 2375 γέμοντα
2715 2306 2901 2360 κακῶν
2917 2307 3009 2359 καὶ
3025 2306 3443 2378 εὐπαράγωγον;
3460 2308 3580 2362 Ἔτι
3603 2309 3699 2364 καὶ

2018 2391 2192 2444 ταῦτα
2220 2393 2584 2464 προφέρουσι·
2618 2393 2712 2457 Τίς
2726 2393 2910 2465 γάρ,ἢ
2945 2393 3200 2465 βυρσεὺς,
3235 2394 3694 2467 πορφυρόπωλις.

2020 2478 2295 2550 εὐνοῦχος,
2321 2479 2683 2548 δεσμοφύλαξ,
2712 2480 2887 2533 δοῦλοι
2918 2480 3011 2533 καὶ
3052 2483 3306 2549 γυναῖκες
3336 2472 3697 2547 ἐπίστεύσαν;

2021 2566 2087 2620 Τί
2101 2561 2194 2621 οὖν
2215 2568 2390 2621 εἰπεῖν
2405 2567 2756 2638 δυνήσονται,
2777 2569 2905 2621 ὅταν
2920 2568 3151 2631 καὶτοὺς
3176 2569 3234 2620 ἐν
3263 2567 3536 2639 ἀξιώμασι
3555 2586 3700 2639 παρ-

2020 2654 2319 2726 αγάγωμεν
2338 2695 2354 2721 ,
2400 2654 2493 2708 τὸν
2522 2655 2920 2726 ἑκατόνταρχον
2941 2696 2956 2722 ,
2989 2654 3079 2707 τὸν
3118 2653 3460 2724 ἀνθύπατον,
3489 2657 3614 2719 τούς
3638 2654 3700 2725 ἐξ

2021 2743 2231 2796 ἐκείνου
2263 2742 2428 2814 μέχρι
2455 2742 2548 2795 τοῦ
2585 2743 2679 2795 νῦν
2701 2785 2717 2810 ,
2744 2743 2943 2806 αὐτοὺς
2981 2742 3107 2806 τοὺς
3154 2742 3526 2814 κρατοῦντας,
3572 2745 3700 2808 τοὺς

2025 2830 2297 2902 βασιλεῖς;
2359 2830 2500 2900 Ἐγὼ
2533 2831 2589 2884 δὲ
2617 2831 2805 2903 ἕτερον
2842 2830 2986 2902 λέγω
3008 2829 3199 2884 τούτου
3246 2830 3429 2902 μεῖζον
3457 2847 3471 2861 ·
3501 2833 3699 2898 αὐτοὺς

2022 2923 2150 2984 τοὺς
2191 2919 2428 2985 εὐτελεῖς
2476 2921 2695 2991 ἴδωμεν.
2744 2920 2856 2974 Kal
2898 2918 3001 2973 ποῦ
3038 2920 3098 2973 1:6
3136 2919 3479 2989 θαυμαστὸν,
3520 2920 3697 2991 φησί;

2024 3009 2197 3062 Τοῦτο
2233 3008 2333 3079 μὲν
2359 3004 2453 3062 οῦν
2487 3007 2829 3077 θαυμαστόν·
2858 3006 2925 3061 ἂν
2966 3008 3066 3080 μὲν
3102 3008 3211 3078 7&9
3240 3007 3435 3080 πεισθῇ
3462 3024 3544 3071 τις
3573 3010 3702 3082 περὶ

2022 3098 2134 3154 τῶν
2158 3097 2453 3167 τυχόντων,
2486 3096 2640 3149 οὐδὲν
2684 3094 3021 3165 θαυμαστόν·
3059 3095 3188 3149 ὅταν
3216 3092 3273 3147 δὲ
3305 3096 3436 3165 περὶ
3465 3094 3703 3149 ἀναστά-

2027 3203 2186 3250 σεως,
2242 3185 2372 3257 περὶ
2427 3182 2705 3255 βασιλείας
2759 3183 3036 3257 οὐρανῶν,
3072 3183 3202 3256 περὶ¹
3250 3182 3366 3254 βίου
3411 3183 3703 3253 φιλοσόφου

2024 3274 2282 3346 ἀνδράσιν
2305 3272 2550 3327 εὐτελέσι
2593 3272 2909 3343 διαλέγηται
2952 3274 3045 3326 καὶ
3092 3271 3290 3344 πείθῃ,
3327 3271 3705 3342 θαυμαστότεο

2029 3378 2122 3434 ρον
2150 3362 2326 3425 ἔσται,
2351 3361 2384 3432 ἢ
2412 3363 2460 3414 εἰ
2484 3361 2684 3431 σοφοὺς
2718 3360 2958 3413 ἔπειθεν.
2997 3360 3166 3413 Ὅταν
3197 3361 3306 3431 γάρ
3346 3359 3423 3431 μὴ
3522 3359 3705 3413 κίνδυο

2026 3466 2137 3515 νος,
2170 3451 2265 3503 καὶ
2291 3449 2454 3522 πείθῃ
2468 3467 2571 3514 τις,
2592 3448 2774 3512 καλῶς
2799 3448 2898 3516 τὴν
2913 3448 3097 3503 ἄνοιαν
3125 3448 3205 3511 είς
3225 3447 3389 3518 μέσον
3422 3447 3730 3520 φέρουσινο,

2024 3538 2153 3592 ὅταν
2174 3536 2230 3591 δέ
2254 3536 2386 3608 λέγῃ
2417 3535 2495 3606 τῷ
2518 3535 2689 3605 δούλῳ
2716 3534 2856 3588 κατὰ
2887 3533 2968 3597 σὲ,
3000 3535 3081 3587 ὅτι
3102 3574 3118 3599 ,
3166 3535 3264 3587 Ἂν
3296 3534 3523 3604 πεισθῇς
3554 3535 3702 3604 ἐμοὶ,
3738 3542 3743 3549 ‘

2027 3624 2379 3689 κινδυνεύεις,
2413 3624 2623 3686 πάντας
2648 3622 2793 3688 ἕξεις
2832 3621 3156 3691 πολεμίους,
3193 3621 3275 3673 δεῖ
3304 3637 3361 3673 σε
3388 3620 3703 3687 ἀποθανεῖν,

2030 3714 2198 3786 μυρία
2215 3712 2408 3765 παθεῖν
2422 3712 2589 3777 κακά,
2606 3707 2726 3765 εἶτα
2740 3711 2910 3772 οὕτως
2926 3709 3021 3780 ἕλῃ
3036 3710 3135 3781 τὴν
3154 3708 3333 3780 ψυχὴν
3356 3709 3585 3775 ἐκείνου,
3605 3711 3708 3767 οὐκ

2026 3801 2108 3854 ἔτι
2130 3799 2289 3853 τοῦτο
2316 3798 2523 3861 ἀνοίας.
2563 3798 2625 3851 Εἰ
2663 3798 2758 3868 μέν
2794 3797 2903 3869 7&9
2932 3796 3001 3851 τὰ
3035 3796 3285 3866 δόγματα
3315 3794 3509 3868 ἡδονὴν
3538 3792 3705 3867 εἶχεν,

2028 3890 2251 3953 εἰκότως
2283 3887 2349 3942 ἀν
2369 3905 2453 3952 τις
2481 3886 2641 3940 τοῦτο
2669 3881 2827 3938 εἶπεν
2850 3900 2861 3911 ·
2896 3884 2944 3937 εί
2978 3885 3033 3937 δὲ
3053 3925 3069 3952 ,
3108 3884 3244 3956 ὅπερ
3272 3883 3372 3936 οὐκ
3405 3883 3470 3937 ἂν
3505 3883 3709 3938 εἴλοντο

2029 3977 2308 4046 φιλόσοφοι
2322 3975 2535 4048 μαθεῖν,
2548 3973 2705 4027 τοῦτο
2718 3977 2746 4027 6
2760 3972 2940 4036 δοῦλος
2957 3972 3217 4041 μανθάνει
3230 3973 3412 4043 μεῖζον
3429 3973 3486 4025 τὸ
3499 3971 3705 4044 θαῦμα.

2028 4066 2140 4118 Kal
2172 4064 2220 4116 εἰ
2244 4063 2520 4135 βούλεσθε,
2548 4064 2638 4114 τὸν
2680 4060 3018 4132 βυρσοδέψην
3050 4060 3212 4113 αὐτὸν
3241 4061 3322 4122 εἰς
3363 4059 3528 4139 μέσον
3550 4059 3706 4129 ἐνέγ-
3742 4086 3743 4089 η

2029 4168 2243 4222 κωμεν,
2276 4149 2374 4204 καὶ
2404 4149 2605 4219 ἴδωμεν
2656 4147 2708 4201 τί
2763 4147 2914 4215 αὐτῷ
2952 4146 3221 4213 διελέγετο
3254 4148 3282 4198 6
3311 4146 3555 4216 Πέτρος·
3591 4146 3625 4217 ἢ
3657 4148 3707 4200 εί

2032 4240 2207 4303 θέλεις
2218 4238 2380 4293 αὐτόν
2404 4237 2594 4291 τοῦτον
2607 4236 2696 4289 τὸν
2719 4234 3125 4307 δεσμοφύλακα.
3140 4235 3206 4287 Τί
3222 4231 3314 4287 οῦν
3330 4233 3476 4305 αὐτῷ
3504 4227 3658 4287 εἶπεν
3677 4235 3709 4287 6

2030 4327 2280 4393 Παῦλος;
2317 4326 2440 4380 Ὅτι
2473 4327 2502 4379 ό
2533 4323 2771 4396 Χριστὸς
2804 4324 3034 4393 ἀνέστη,
3081 4322 3269 4394 φησὶν,
3302 4322 3382 4377 ὃτι
3409 4320 3710 4387 ἀνάστασίς

2030 4418 2148 4471 ἐστι
2170 4413 2401 4487 νεκρῶν,
2433 4415 2515 4468 ὃτι
2549 4411 2828 4484 βασιλείαο
2859 4411 2955 4466 καὶ
2989 4410 3212 4465 ἔπεισεν
3247 4408 3486 4474 εὐκόλως
3506 4411 3711 4480 εὐπαρ-

2032 4505 2250 4574 άγωγον
2292 4502 2442 4555 ὄντα.
2494 4501 2560 4554 Τί
2579 4495 2706 4566 οὗν;
2758 4499 2888 4570 περὶ
2931 4497 3048 4568 βίου
3078 4497 3231 4551 οὐδὲν
3260 4492 3433 4559 εἶπεν,
3485 4498 3567 4550 δτι
3599 4513 3710 4550 σω·-

2032 4595 2250 4665 φρονεῖν
2279 4592 2378 4657 δεῖ,
2405 4592 2489 4645 ὅτι
2517 4589 2818 4660 χρημάτων
2851 4589 3097 4658 κρατεῖν,
3147 4585 3231 4639 ὅτι
3271 4584 3346 4657 μὴ
3376 4580 3515 4638 εῐναι
3536 4584 3707 4655 ώμδν,

2034 4683 2211 4738 ὅτιτά
2237 4679 2404 4737 αὐτοῦ
2453 4678 2653 4734 διδόναι
2693 4676 2930 4747 ἐτέροιςς
2971 4674 3047 4728 Οὐ
3085 4675 3193 4749 7&9
3219 4674 3283 4744 δὴ
3315 4673 3411 4727 καὶ
3445 4673 3506 4727 τδ
3537 4673 3710 4729 ταῦτα

2033 4774 2322 4846 πεισθῆναι
2354 4770 2543 4833 ἀνοίας
2564 4764 2666 4840 ἦν,
2701 4766 2839 4822 ἀλλά
2869 4767 2963 4820 καὶ
3007 4765 3253 4838 μεγάλης
3288 4765 3487 4835 ψυχῆς.
3528 4765 3711 4821 Ἔστω

2033 4862 2142 4934 γὰρ
2162 4862 2230 4916 τὰ
2258 4862 2509 4931 δόγματα
2550 4857 2655 4911 ὑπὸ
2691 4855 2881 4918 ἀνοίας
2926 4852 3128 4924 μᾶλλον
3163 4853 3363 4919 αὐτοὺς
3410 4854 3713 4927 παραδέχε-

2035 4952 2189 5005 σθαι⁶
2242 4950 2304 5003 τὸ
2356 4948 2471 5019 βίον
2520 4944 2665 4999 οὕτω
2734 4942 3026 5013 φιλόσοφον
3077 4941 3505 5013 καταδέχεσθαι,
3552 4941 3713 5005 ποίας

2038 5042 2227 5104 ἀνοίας
2251 5035 2352 5111 ἦνί
2377 5038 2541 5090 Ὥστε
2568 5034 2677 5104 δσιρ
2700 5032 2766 5087 ἀν
2786 5024 3069 5103 ἀνόητοςῇ
3098 5032 3127 5084 6
3164 5029 3485 5101 πειθόμενος
3508 5071 3523 5096 ,
3560 5027 3712 5103 [278]

2038 5124 2297 5198 πείθηται
2348 5123 2407 5178 δὲ
2451 5122 2649 5186 ταῦτα,
2689 5119 2726 5175 ἃ
2781 5118 2918 5191 μηδὲ
2973 5118 3255 5188 φιλόσοφοι
3281 5117 3465 5170 πεῖσαι
3487 5114 3712 5186 ἴσχυσαν

2034 5218 2162 5281 τοὺς
2187 5212 2512 5285 φιλοσόφους
2535 5251 2552 5277 ,
2588 5209 2774 5282 μεῖζον
2808 5206 2870 5260 τὸ
2906 5205 3093 5277 θαῦμα
3115 5204 3325 5274 γίνεται
3342 5242 3357 5269 ,
3394 5202 3629 5273 μάλιστα
3653 5201 3712 5255 δὲ

2035 5304 2166 5358 ὅταν
2191 5302 2288 5357 καὶ
2330 5301 2590 5370 γυναῖκες
2638 5297 2735 5350 καὶ
2777 5294 2956 5350 δοῦλοι
3000 5292 3316 5356 πείθωνται,
3359 5288 3457 5343 καὶ
3494 5287 3584 5341 διὰ
3600 5287 3712 5341 τῶν

2037 5392 2216 5464 ἔργων
2238 5387 2416 5444 ταῦτα
2445 5384 2869 5449 ἐπιδείκνυνται,
2896 5382 3036 5455 άπερ
3067 5379 3353 5442 Πλάτωνες
3377 5375 3473 5464 καὶ
3507 5374 3711 5464 πάντες

2038 5462 2237 5536 ἐκεῖνοι
2255 5477 2450 5532 οὐδένα
2494 5477 2680 5528 πεῖσαι
2716 5474 2965 5544 ἴσχυσαν.
2986 5469 3097 5524 Kal
3117 5469 3171 5521 τί
3191 5466 3353 5544 λέγω,
3375 5463 3459 5517 ὅτι
3483 5462 3711 5531 οὐδένας

2039 5567 2174 5623 οὐδέ
2202 5563 2447 5626 ἑαυτούς.
2481 5562 2604 5616 Ὅτι
2626 5557 2734 5630 γάρ
2776 5557 3075 5629 χρημάτων
3108 5554 3169 5608 οὐ
3210 5552 3292 5605 δεῖ
3328 5550 3714 5621 καταφρονεῖν,

2038 5655 2268 5712 Πλάτων
2340 5650 2560 5715 ἔπεισε,
2630 5644 2903 5715 τοσαύτην
2960 5639 3281 5714 περιουσίαν
3356 5637 3452 5691 καὶ
3508 5635 3714 5706 πλῆθος

2039 5740 2340 5817 χρημάτων
2380 5737 2478 5792 καὶ
2523 5730 2845 5795 δακτυλίους
2901 5726 3137 5802 χρυσοῦς
3180 5726 3275 5780 καὶ
3329 5723 3529 5796 φιάλας
3555 5740 3716 5798 περι-

2102 5859 2132 5890 ι
2165 5858 2248 5909 Sic
2292 5852 2639 5915 rescriptqmg
2664 5845 2822 5915 tripug
2842 5859 2961 5895 mss.
2992 5844 3263 5915 εἶμεν-αλ
3289 5840 3505 5915 ὲίοιιιΐ.ι
3528 5836 3693 5915 τοῦτο.

2040 5900 2273 6029 Burgi-Vb
2295 5900 2561 5969 Βῖἶέᾶνὶι.
2591 5910 2766 5966 Morel.
2794 5900 3173 5973 δεσμοφύλακας.
3239 5900 3263 5939 ⁸
3289 5904 3403 5957 Mss.
3426 5900 3555 5964 νοῦν,
3585 5900 3712 5953 ἀλλὰ

2045 5997 2136 6029 ιιυο
2157 5997 2241 6029 ων.
2930 6018 2935 6023 .

2045 5997 2241 6045 μυριων.
2930 6018 2935 6023 .
