4112 6438
299 437 402 493 ΞΜ

291 553 525 622 gloriam
559 550 874 621 popularem
907 547 1188 618 despicere
1223 561 1330 600 non
1360 550 1658 614 oporteret,
1687 539 1885 595 Socra-

290 655 378 702 tes
430 646 571 716 ipse,
614 644 706 715 qui
743 651 1022 713 tantOpere
1079 637 1580 710 phiIOSOphabatur,
1627 631 1884 698 ostendit,

293 741 386 811 qui
417 739 601 795 omnia
639 737 709 793 ad
749 735 974 808 gloriam
1019 731 1268 789 faciebat.
1315 731 1380 785 Et
1411 730 1454 785 si
1485 726 1702 798 quidem
1743 726 1888 781 illius

299 831 693 890 sententiarum
741 827 899 898 periti
952 825 1163 889 essetis,
1212 822 1440 877 multum
1487 819 1572 874 his
1614 818 1685 873 de
1727 817 1888 872 rebus

301 936 612 979 sermonem
648 931 924 973 moverem
951 957 965 981 ,
999 913 1453 982 ostenderemque
1498 909 1718 965 multam
1748 904 1887 977 apud

296 1014 421 1070 illos
465 1025 588 1067 esse
636 1009 887 1074 ironiam,
930 1007 975 1061 si
1027 1005 1243 1077 quidem
1289 1001 1537 1071 discipuli
1584 1001 1703 1069 ejus
1731 997 1890 1052 dictis

294 1103 521 1159 credere
552 1101 631 1154 fas
657 1099 768 1164 sit;
799 1107 853 1153 et
873 1096 1142 1166 quomodo
1169 1110 1200 1151 a
1227 1109 1360 1149 vana
1375 1091 1544 1164 gloria
1565 1104 1754 1146 omnes
1773 1087 1889 1159 ejus

296 1195 472 1248 litera:
490 1198 867 1261 argumentum
894 1186 1145 1241 habeant.
1713 1225 1718 1228 .

371 1285 426 1339 3.
454 1284 558 1338 Sed
590 1279 768 1335 missis
793 1279 919 1344 illis,
950 1277 1104 1332 nobis
1130 1277 1259 1346 ipsis
1287 1275 1590 1346 loquamur.
1623 1271 1754 1326 Nam
1785 1284 1884 1326 su-

297 1391 394 1446 pra
445 1373 605 1429 dictis
654 1371 758 1427 hoc
799 1385 1012 1440 quoque
1058 1367 1384 1434 addendum,
1427 1366 1572 1438 quod
1615 1379 1738 1419 cum
1791 1375 1891 1418 suo

301 1466 542 1538 periculo
574 1467 655 1520 his
683 1464 1142 1534 obtemperarent.
1173 1461 1251 1516 Ne
1280 1461 1440 1531 igitur
1476 1456 1762 1527 impudens
1789 1455 1886 1520 sis,

299 1559 404 1613 sed
421 1558 711 1627 cogitemus
737 1555 885 1610 illam
905 1564 1139 1618 noctem,
1169 1553 1394 1622 lignum,
1417 1551 1677 1623 hymnos;
1707 1557 1762 1602 et
1791 1549 1892 1602 hoc

309 1664 417 1704 nos
444 1648 618 1704 facere
642 1647 953 1702 Studeamus
977 1688 993 1714 ,
1021 1656 1075 1701 et
1105 1645 1412 1714 aperiemus
1449 1642 1603 1697 nobis
1639 1656 1744 1696 non
1776 1656 1895 1695 car-

314 1756 524 1808 cerem,
549 1739 636 1794 sed
669 1739 882 1794 ctelum.
917 1737 972 1793 Si
1002 1752 1308 1808 precemur,
1336 1735 1527 1790 cazlum
1560 1734 1735 1803 ipsum
1761 1747 1892 1801 ape-

314 1836 429 1889 rire
482 1832 789 1903 poterimus.
841 1831 985 1887 Elias
1030 1840 1085 1886 et
1126 1828 1320 1884 clausit
1341 1837 1396 1884 et
1436 1826 1647 1896 aperuit
1703 1824 1893 1880 caelum

310 1925 580 1998 precibus.
627 1924 720 1979 Est
767 1938 980 1993 quoque
1020 1922 1072 1976 in
1103 1921 1236 1977 caelo
1287 1933 1493 1975 carcer.
1526 1917 1889 1986 Quaecumque,

305 2019 502 2088 inquit,
541 2017 815 2088 ligaveritis
835 2033 989 2084 super
1018 2026 1226 2081 terram,
1258 2023 1405 2068 erunt
1430 2013 1588 2083 ligata
1616 2020 1664 2065 et
1690 2010 1744 2065 in
1769 2009 1894 2064 ra'lo

303 2111 523 2185 (Matth.
555 2112 641 2166 l6.
666 2110 779 2182 l9).
802 2110 1092 2166 Precemur
1110 2117 1291 2173 noctu,
1322 2115 1379 2163 et
1399 2106 1515 2162 hazc
1539 2105 1750 2161 vincula
1780 2105 1894 2159 sol-

305 2218 516 2259 vemus.
547 2201 698 2270 Quod
735 2203 878 2257 enim
908 2215 1095 2271 preces
1117 2209 1332 2271 peccata
1358 2199 1609 2266 solvant,
1637 2198 1792 2252 nobis
1816 2197 1893 2250 vi-

303 2294 410 2349 dua
443 2293 787 2363 persuadeat,
821 2293 1016 2362 illeque
1046 2292 1250 2347 amicus
1271 2291 1362 2362 qui
1391 2291 1710 2359 intempesta
1740 2296 1898 2344 nocte

307 2397 622 2457 perseverat
673 2395 728 2443 et
779 2387 956 2456 pulsat
1006 2403 1020 2439 :
1064 2385 1396 2456 persuadeat.
1439 2392 1495 2439 et
1536 2383 1820 2438 Cornelius
1878 2401 1892 2437 :

310 2480 583 2533 Orationes
606 2488 706 2533 tua:
724 2519 740 2545 ,
773 2478 973 2548 inquit,
1003 2486 1049 2531 et
1075 2478 1402 2547 eleemosyna:
1430 2485 1529 2529 tua:
1557 2475 1898 2529 ascenderunt

306 2574 360 2625 in
389 2581 660 2640 conspectu
698 2569 795 2623 Dei
825 2569 960 2639 (Act.
993 2568 1080 2623 10.
1109 2567 1166 2637 4)
1194 2584 1208 2632 ;
1243 2565 1560 2638 persuadeat
1585 2565 1737 2620 nobis
1762 2564 1900 2619 Pau-

307 2667 392 2721 lus
419 2664 606 2718 dicens
635 2681 648 2715 :
675 2662 803 2728 Qut:
829 2671 994 2715 autem
1022 2677 1134 2715 vere
1163 2659 1313 2714 uidua
1333 2667 1405 2713 est
1428 2666 1474 2712 et
1498 2656 1750 2724 solitaria,
1779 2671 1897 2726 spe-

308 2757 441 2811 ravit
473 2759 530 2808 in
559 2754 741 2822 Deum,
787 2761 834 2806 et
862 2760 1143 2824 perseverat
1181 2753 1236 2804 in
1279 2750 1511 2820 precibus
1555 2757 1700 2801 nocte
1726 2756 1773 2801 et
1819 2745 1901 2799 die

309 2850 329 2917 (
360 2850 410 2903 l.
444 2847 578 2900 Tim.
608 2847 660 2903 5.
694 2847 727 2901 5
751 2847 790 2913 ).
837 2843 896 2900 Si
934 2845 1001 2898 de
1025 2843 1182 2898 vidua
1209 2885 1224 2908 ,
1254 2841 1463 2897 infirma
1492 2840 1752 2905 muliere,
1785 2839 1900 2894 hanc

312 2941 400 2995 ille
426 2939 576 3003 dicit,
606 2937 773 2992 multo
803 2937 973 3006 magis
1002 2934 1070 2990 de
1098 2935 1249 2989 viris.

385 3030 651 3086 Orandum
680 3038 850 3083 noctu.
870 3027 1128 3081 —Etiam
1159 3026 1266 3080 dixi
1319 3023 1491 3090 vobis,
1534 3031 1590 3079 et
1646 3037 1788 3078 nunc
1816 3021 1899 3076 di-

307 3141 430 3180 cam
462 3141 475 3178 :
508 3122 814 3177 Excitemur
839 3129 1025 3183 nocte;
1067 3119 1273 3175 etiamsi
1318 3133 1428 3172 non
1471 3117 1667 3172 multas
1696 3115 1902 3170 oratio-

309 3232 409 3270 nes
435 3215 667 3279 emittas,
699 3227 856 3267 unam
888 3213 1073 3267 emitte
1101 3226 1224 3266 cum
1263 3209 1558 3280 vigilantia,
1584 3217 1640 3264 et
1665 3207 1898 3264 sufﬁcit:

310 3306 448 3360 nihil
470 3305 696 3375 amplius
723 3311 869 3374 peto.
897 3303 953 3358 Si
983 3317 1092 3358 non
1127 3300 1300 3356 media
1332 3311 1510 3367 nocte,
1539 3299 1730 3354 saltem
1764 3299 1902 3353 dilu-

308 3399 455 3453 culo.
488 3395 723 3452 Ostende
766 3405 975 3450 noctem
1011 3408 1116 3448 non
1147 3393 1309 3448 modo
1337 3392 1580 3462 corporis
1620 3407 1758 3453 esse,
1805 3389 1902 3446 sed

313 3490 472 3544 etiam
503 3489 696 3544 anima:
729 3505 743 3542 :
771 3502 840 3543 ne
868 3487 1012 3542 sinas
1041 3486 1186 3541 illam
1230 3484 1493 3540 inutiliter
1519 3485 1771 3550 transire,
1809 3482 1904 3538 sed

321 3582 545 3636 Domino
568 3582 703 3636 hanc
726 3580 893 3636 vicem
917 3578 1186 3650 repende;
1219 3578 1327 3634 imo
1356 3578 1468 3650 ipsa
1511 3578 1563 3632 in
1599 3587 1649 3633 te
1673 3578 1903 3633 reverti-

317 3681 422 3727 tur.
456 3672 552 3727 Dic
580 3671 730 3736 mihi,
772 3671 817 3725 si
844 3671 896 3725 in
918 3685 1080 3740 grave
1109 3669 1377 3740 negotium
1419 3668 1721 3734 incidimus,
1745 3683 1901 3738 quem

311 3779 421 3819 non
447 3762 768 3835 precamur?
794 3772 848 3817 et
867 3762 909 3816 si
935 3762 1240 3830 petitionem
1272 3761 1375 3816 cito
1404 3761 1771 3829 impetramus,
1800 3760 1904 3814 uti-

308 3873 417 3928 que
445 3856 795 3924 respiramus.
824 3855 953 3922 Quis
985 3855 1077 3909 tibi
1105 3854 1215 3918 det,
1245 3862 1304 3908 ut
1342 3853 1387 3910 is
1412 3853 1502 3923 qui
1533 3863 1768 3924 rogatur.
1806 3869 1900 3923 pa-

339 3959 458 4000 atus
480 3947 553 4002 sit
577 3946 642 4001 ad
673 3945 975 4001 habendum
999 3946 1093 4000 tibi
1122 3944 1365 4015 gratiam,
1392 3942 1534 4014 quod
1561 3944 1757 4012 rogas?
1781 3944 1903 4014 quis

312 4040 406 4093 tibi
435 4039 549 4102 det,
583 4047 643 4092 ut
679 4054 784 4092 non
826 4037 1142 4102 Circumeas,
1183 4051 1432 4107 quaerens
1461 4051 1490 4089 a
1520 4050 1627 4106 quo
1665 4046 1900 4107 peteres,

308 4132 406 4187 scd
434 4140 677 4200 paratum
704 4129 964 4194 invenias,
999 4144 1100 4184 nec
1123 4127 1243 4182 aliis
1259 4143 1393 4198 opus
1414 4126 1634 4195 habeas,
1655 4142 1751 4197 per
1771 4141 1906 4198 quos

309 4222 506 4294 petas?
535 4220 674 4288 Quid
703 4221 806 4276 hoc
827 4221 997 4291 majus
1024 4220 1140 4288 est?
1165 4219 1264 4275 Hic
1291 4219 1489 4290 quippe
1519 4228 1644 4274 tunc
1672 4219 1906 4274 maxime

309 4315 454 4380 facit,
489 4330 615 4370 cum
657 4331 761 4369 non
801 4313 936 4368 alios
975 4327 1258 4384 rogamus;
1311 4320 1371 4367 ut
1413 4311 1654 4368 sincerus
1701 4311 1906 4367 amicus

309 4420 435 4464 tunc
475 4408 712 4464 maxime
751 4421 851 4462 nos
877 4405 1142 4476 objurgat,
1180 4404 1323 4476 quod
1352 4420 1458 4460 non
1500 4405 1619 4475 ejus
1654 4405 1905 4460 amicitiae

310 4500 562 4562 ﬁdamus,
592 4511 715 4552 cum
753 4496 890 4551 alios
927 4495 1242 4552 adhibemus
1271 4497 1359 4568 qui
1389 4496 1560 4567 ipsum
1593 4507 1900 4566 precentur.

305 4592 397 4648 Sic
425 4598 482 4646 et
510 4604 612 4644 nos
643 4589 865 4644 facimus
892 4589 955 4643 iis
1003 4589 1093 4660 qui
1127 4604 1224 4644 nos
1252 4596 1442 4658 rogant
1472 4606 1485 4643 :
1519 4597 1644 4643 tunc
1671 4589 1904 4645 maxime

308 4684 375 4738 iis
412 4685 645 4754 gratiam
689 4683 964 4752 largimur,
1009 4680 1224 4752 quando
1255 4695 1349 4750 per
1391 4681 1616 4750 seipsos,
1660 4695 1766 4734 non
1808 4696 1906 4750 per

314 4774 466 4836 alios,
495 4773 560 4827 ad
591 4787 691 4828 nos
719 4773 1001 4829 accedunt.
1042 4772 1180 4840 Quid
1206 4787 1355 4842 ergo,
1396 4771 1626 4842 inquies,
1657 4771 1701 4826 si
1729 4770 1902 4826 often-

319 4864 530 4917 der'nn?
556 4863 842 4920 Oll‘endere
868 4863 1054 4920 desine
1083 4872 1139 4920 et
1167 4864 1433 4934 lacrymas
1461 4861 1660 4928 funde;
1691 4862 1771 4917 sic
1806 4877 1901 4917 ac-

319 4952 460 5008 cede
499 4964 549 5010 et
571 4955 673 5011 cito
717 4955 771 5011 in
799 4955 988 5027 primis
1026 4955 1176 5010 illum
1205 4954 1470 5026 placatum
1504 4954 1767 5010 invenies.
1805 4954 1902 5010 Dic

312 5137 370 5180 at
410 5141 563 5180 secus
596 5132 800 5183 suadere
823 5131 1017 5183 videtur
1038 5131 1287 5183 Diodorus
1321 5131 1506 5182 Siculus
1533 5129 1570 5180 l.
1599 5132 1682 5190 16,
1699 5146 1809 5182 cum
1832 5133 1902 5182 ait

310 5207 436 5259 eum
469 5204 501 5241 ε
517 5191 756 5259 Dionysio
777 5201 987 5259 tyranno
1013 5196 1342 5259 venundatum
1365 5208 1392 5243 a
1415 5193 1664 5257 discipulis
1700 5197 1802 5244 suis
1823 5195 1898 5244 vi-

298 5255 437 5318 ginti
462 5255 699 5308 minarum
720 5255 880 5322 pretio
901 5256 1213 5319 redemptum
1233 5255 1405 5306 fuisse.

1238 427 1304 486 ΙΝ
1340 425 1520 482 ACTA
1549 424 2066 482 APOSTOLORUM.
2108 423 2338 482 IIOMIL.
2381 423 2642 482 XXXVII.

3479 441 3584 497 269.

1997 549 2205 594 tantum
2237 558 2253 595 :
2281 539 2488 596 Otl‘endi
2521 559 2535 598 :
2562 542 2652 599 dic
2675 557 2741 599 ex
2767 547 2948 601 animo
2984 557 3039 603 et
3063 548 3272 604 sincera
3303 558 3504 614 mente,
3535 563 3588 606 et

1992 633 2164 688 Saluta
2204 641 2328 688 sunt
2351 637 2554 691 omnia.
2585 634 2702 691 Non
2735 636 2874 693 adeo
2912 640 3063 709 cupis
3093 643 3289 696 remitti
3332 643 3424 699 tibi
3461 659 3587 714 pec-

1992 737 2130 791 cata,
2165 737 2223 782 ut
2251 726 2344 783 ille
2370 728 2516 799 cupit
2544 731 2839 786 remittere.
2864 731 3016 800 Quod
3051 744 3229 789 autem
3260 746 3318 791 tu
3357 751 3462 791 non
3490 753 3587 792 cu-

1991 817 2129 888 pias,
2171 819 2380 888 cogita;
2433 835 2606 891 neque
2649 821 2793 876 enim
2839 823 3045 893 vigilias
3091 827 3352 898 suscipis,
3406 845 3586 899 neque

1995 909 2250 977 pecunias
2275 910 2506 966 ell‘ttndis
2539 929 2552 965 :
2584 913 2672 967 ille
2707 928 2837 968 vero
2863 922 2922 968 ut
2948 925 3167 986 peccata
3195 928 3377 973 nostra
3404 920 3590 976 dimit-

1993 1006 2130 1055 teret
2152 999 2436 1070 Unigenito
2464 1018 2572 1057 non
2601 1005 2859 1074 pepercit,
2889 1009 3122 1077 genuino
3149 1009 3287 1064 Filio
3313 1011 3586 1080 ejusdem-

1993 1105 2097 1158 que
2128 1091 2304 1146 throni
2327 1104 2596 1148 consorte.
2626 1093 2812 1150 Viden’
2837 1112 2959 1152 eum
2991 1100 3160 1169 magis
3185 1115 3383 1170 cupere
3421 1114 3480 1157 ut
3505 1120 3590 1158 re-

1993 1180 2302 1236 missionem
2344 1193 2684 1252 peccatorum
2712 1189 3100 1257 conseqnaris‘!
3137 1189 3215 1246 Ne
3239 1207 3368 1262 ergo
3396 1206 3590 1263 segnes

1994 1271 2181 1337 simus,
2213 1289 2313 1329 nec
2357 1278 2828 1344 procrastinemus.
2861 1280 3110 1338 Clemens
3150 1293 3234 1339 est
3271 1294 3328 1340 et
3368 1286 3584 1342 bonus:

1995 1363 2169 1418 soluat
2199 1380 2382 1420 ansam
2411 1367 2488 1422 illi
2521 1369 2881 1437 prmbeamus;
2907 1381 2961 1427 et
2988 1372 3110 1439 hoc,
3141 1384 3198 1429 ut
3219 1391 3315 1430 nos
3336 1391 3444 1432 non
3467 1379 3588 1432 inu-

1998 1454 2116 1509 tiles
2140 1457 2328 1520 simus,
2351 1459 2560 1514 etiamsi
2588 1461 2744 1515 nobis
2775 1463 2862 1517 ille
2889 1465 3005 1518 sine
3035 1465 3133 1520 hac
3161 1466 3470 1525 conditione
3503 1485 3588 1525 re-

1997 1545 2252 1603 mitteret.
2285 1549 2391 1605 Sed
2423 1561 2481 1605 ut
2523 1567 2622 1607 nos
2651 1554 2702 1607 in
2732 1555 2990 1609 ministris
3023 1558 3222 1612 nostris
3260 1560 3423 1615 millia
3454 1577 3588 1616 con-

1998 1635 2251 1706 fingimus
2304 1649 2360 1695 et
2411 1644 2822 1712 componimus,
2875 1647 2953 1701 sic
2996 1656 3049 1702 ct
3103 1649 3194 1704 ille
3242 1650 3308 1705 ad
3363 1652 3588 1708 salutem

1997 1738 2236 1784 nostram
2281 1730 2425 1786 facit.
2468 1733 2893 1808 Prazoccupemus
2937 1740 3118 1810 faciem
3147 1743 3258 1811 ejus
3284 1743 3337 1797 in
3379 1749 3591 1816 confes-

1996 1821 2138 1875 sione
2162 1821 2332 1893 (Psal.
2363 1825 2452 1880 94.
2480 1824 2558 1898 2),
2592 1829 2714 1896 quia
2739 1829 2908 1884 bonus
2930 1842 2983 1886 et
3009 1833 3246 1889 clemens
3271 1845 3372 1890 est.

2069 1911 2316 1970 Invocare
2342 1917 2397 1970 in
2423 1920 2627 1974 veritate
2649 1920 2790 1990 quid.
2807 1951 2880 1961 —
2895 1923 2951 1977 Si
2974 1938 3102 1979 vero
3124 1941 3230 1980 non
3253 1927 3590 1985 invocaveris

1999 2005 2052 2060 in
2080 2008 2324 2074 veritate,
2369 2025 2470 2066 nec
2498 2028 2566 2066 ex
2602 2013 2764 2068 corde
2806 2014 2990 2070 dicere
3027 2017 3178 2083 velis,
3221 2019 3462 2088 Dimitte,
3495 2023 3591 2077 sed

1999 2113 2066 2153 ex
2103 2114 2200 2155 ore
2233 2109 2460 2168 tantum,
2503 2104 2629 2174 quid
2661 2106 2775 2175 ipse
2815 2106 3008 2163 faciet?
3037 2107 3174 2176 Quid
3205 2121 3307 2178 est,
3343 2113 3592 2171 invocare

2000 2191 2053 2244 in
2081 2191 2344 2248 veritate?
2364 2192 2498 2249 Cum
2528 2195 2824 2266 alacritate,
2849 2214 2914 2253 ex
2945 2201 3125 2255 animo
3154 2203 3406 2270 sincero;
3440 2215 3498 2260 ut
3524 2207 3592 2262 de

2001 2283 2284 2351 unguentis
2322 2284 2536 2349 dicitur,
2587 2287 2868 2344 Sincerum
2909 2301 3012 2359 est,
3058 2292 3190 2348 nihil
3231 2293 3588 2353 adulterinum

2003 2372 2163 2428 habet
2194 2391 2208 2428 :
2235 2375 2315 2430 sic
2342 2385 2397 2430 et
2424 2376 2552 2431 illic.
2583 2378 2683 2446 Qui
2719 2396 2844 2436 vere
2873 2382 3047 2451 ipsum
3080 2384 3294 2440 invocat
3323 2396 3377 2442 et
3409 2404 3595 2458 preca-

2003 2471 2108 2531 tur,
2143 2477 2453 2535 perseverat
2475 2484 2712 2540 semper,
2742 2487 2842 2527 ncc
2865 2474 3088 2540 desinit,
3115 2475 3288 2532 donec
3317 2481 3544 2549 accipiat
3577 2500 3592 2536 :

2001 2557 2092 2626 qui
2120 2573 2249 2613 vero
2277 2560 2641 2628 perfunctorie
2686 2565 2816 2632 agit,
2863 2566 2988 2622 licet
3017 2568 3096 2622 sic
3133 2569 3306 2640 legem
3353 2571 3592 2643 impleat,

2009 2663 2114 2703 non
2143 2649 2355 2704 invocat
2396 2652 2449 2706 in
2478 2654 2723 2709 veritate.
2759 2657 3010 2727 Quisquis
3052 2660 3146 2726 sis,
3191 2677 3259 2717 ne
3300 2661 3449 2718 dicas
3481 2676 3596 2720 tan-

2003 2748 2137 2807 tum,
2173 2741 2428 2798 Peccator
2452 2758 2592 2807 sum,
2633 2745 2729 2800 sed
2766 2763 2916 2812 cura,
2966 2759 3023 2804 ut
3061 2750 3130 2805 ab
3176 2751 3277 2807 hac
3318 2755 3596 2809 existima-

2004 2833 2148 2889 tione
2179 2842 2230 2890 te
2269 2834 2466 2891 liberes
2497 2856 2510 2892 ι
2538 2853 2606 2892 ne
2649 2837 2796 2893 dicas
2827 2849 3052 2907 tantum,
3093 2842 3187 2897 sed
3214 2853 3269 2898 et
3296 2844 3504 2902 doleas.
3537 2847 3593 2902 Si

2003 2924 2175 2991 doles,
2203 2941 2421 2997 operam
2451 2929 2714 2997 adhibes;
2746 2932 2790 2986 si
2821 2949 2927 2987 non
2961 2949 3180 3003 operam
3212 2935 3454 3002 adhibes,
3484 2955 3592 2994 non

2004 3018 2192 3084 doles;
2239 3019 2284 3074 si
2330 3035 2436 3076 non
2467 3021 2640 3090 doles,
2672 3023 2885 3079 irridcs.
2929 3024 3059 3092 Quis
3097 3026 3302 3091 dicens,
3347 3028 3594 3100 IEgroto,

2005 3127 2112 3166 non
2138 3113 2317 3167 omnia
2343 3115 2471 3186 agit,
2500 3124 2561 3171 ut
2603 3118 2861 3172 sanetur?
2886 3119 3135 3190 Magnum
3167 3123 3330 3178 telum
3359 3135 3442 3180 est
3469 3140 3596 3182 ora-

2006 3203 2102 3259 tio.
2133 3204 2194 3261 Si
2219 3223 2327 3274 vos,
2359 3207 2552 3278 inquit,
2585 3212 2744 3266 nostis
2773 3213 2903 3266 bona
2936 3214 3058 3268 data
3084 3215 3208 3270 dare
3235 3218 3359 3287 ﬁliis
3397 3222 3595 3287 vestris,

2003 3307 2194 3366 quanto
2223 3316 2385 3370 magis
2424 3299 2581 3356 Pater
2602 3313 2760 3360 vester
2782 3304 2934 3376 (Luc.
2961 3309 3049 3362 11.
3086 3310 3175 3381 15)
3199 3311 3222 3364 ?
3250 3309 3358 3367 Cur
3382 3328 3487 3369 non
3518 3316 3597 3370 vis

2005 3390 2307 3446 accedere?
2353 3392 2430 3449 Te
2476 3405 2640 3460 amat,
2690 3397 2807 3466 plus
2855 3409 3034 3468 potest
3073 3417 3233 3472 quam
3280 3420 3469 3462 onmes
3502 3424 3516 3460 :
3545 3418 3600 3463 et

2005 3483 2121 3538 vult
2163 3493 2217 3539 et
2263 3493 2476 3554 potest;
2509 3488 2635 3556 quid
2669 3489 2933 3561 impedit?
2958 3492 3120 3547 Nihil.
3168 3496 3310 3566 Ergo
3338 3513 3459 3552 cum
3493 3498 3596 3555 fide

2006 3575 2324 3632 accedamus
2353 3594 2368 3630 :
2397 3579 2717 3636 accedamus
2763 3583 2902 3637 dona
2960 3584 3246 3642 olferentes
3295 3605 3414 3659 qum
3442 3594 3597 3660 vult,

2008 3665 2321 3736 injuriarum
2374 3667 2722 3737 oblivionem,
2765 3672 3170 3744 benignitatem,
3227 3682 3598 3737 mansuetudi-

2008 3771 2154 3811 nem.
2181 3757 2292 3813 Etsi
2323 3769 2573 3830 peccator
2599 3764 2695 3829 sis,
2723 3777 2843 3818 cum
2870 3763 3062 3821 fiducia
3089 3767 3156 3822 ab
3183 3767 3302 3839 ipso
3323 3773 3598 3828 remissio-

2009 3866 2129 3906 nem
2158 3861 2497 3921 peccatorum
2526 3865 2697 3926 petes,
2722 3857 2767 3913 si
2797 3859 2970 3926 possis
2994 3863 3280 3918 ostendere
3300 3864 3399 3920 hoc
3423 3866 3594 3937 ipsum

2007 3960 2038 3998 a
2069 3953 2120 3998 te
2149 3944 2346 4001 factum
2371 3961 2492 4002 esse
2525 3966 2537 4001 :
2567 3951 2610 4004 si
2641 3966 2770 4006 vero
2791 3952 2966 4020 justus
3011 3955 3108 4022 sis,
3153 3973 3252 4012 nec
3279 3959 3592 4030 injuriarum

2009 4038 2336 4095 oblivionem
2364 4040 2583 4107 habeas,
2612 4045 2744 4098 nihil
2767 4045 2861 4100 tibi
2886 4047 3125 4116 prodest.
3153 4049 3268 4106 Non
3305 4063 3481 4122 potest
3505 4055 3596 4126 qui

2009 4131 2254 4200 proximo
2280 4132 2501 4198 dimisit,
2533 4149 2640 4188 non
2671 4137 2882 4206 plenam
2907 4140 3118 4195 veniam
3149 4145 3407 4214 consequi
3435 4162 3450 4200 :
3480 4146 3598 4202 sine

2009 4223 2116 4279 ulla
2143 4225 2286 4280 enim
2325 4227 2728 4296 comparatione
2767 4229 3085 4287 clementior
3113 4234 3270 4288 nobis
3298 4245 3381 4291 est
3411 4237 3552 4294 Deus
3582 4257 3595 4294 :

2009 4318 2112 4374 hoc
2137 4319 2305 4374 cuivis
2338 4320 2516 4390 palam
2547 4331 2649 4376 est.
2677 4323 2814 4390 Quid
2860 4325 3031 4380 dicis?
3059 4325 3114 4382 Si
3144 4327 3364 4396 dixeris,
3414 4330 3598 4388 Laesus

2009 4413 2102 4480 fui,
2133 4415 2267 4469 iram
2297 4414 2502 4481 domui,
2546 4413 2745 4470 furoris
2785 4417 2892 4472 vim
2925 4419 3120 4488 pertuli
3151 4430 3369 4490 propter
3398 4438 3602 4493 praece-

2009 4515 2160 4574 ptum
2187 4513 2356 4572 tuum,
2389 4520 2566 4561 annon
2616 4515 2670 4561 et
2718 4508 2831 4578 ipse
2873 4507 3148 4565 dimittet?
3175 4511 3408 4569 Omnino
3452 4526 3600 4571 certe

2008 4595 2260 4652 dimittet.
2289 4597 2470 4667 Itaque
2489 4599 2721 4653 animam
2742 4615 3026 4671 purgemus
3047 4602 3115 4656 ab
3142 4603 3456 4673 injuriarum
3479 4624 3592 4664 me-

2006 4690 2198 4745 moria.
2228 4689 2434 4746 Sufficit
2465 4689 2568 4746 hoc
2595 4691 2770 4756 nobis,
2803 4701 2861 4746 ut
2885 4695 3252 4764 exaudiamur,
3280 4713 3344 4753 ac
3369 4699 3600 4770 vigilan-

2007 4792 2092 4840 ter
2121 4793 2175 4840 et
2203 4800 2323 4840 cum
2352 4786 2750 4855 perseverantia
2777 4801 3079 4856 precemur,
3128 4799 3184 4845 ut
3223 4793 3441 4862 copiose
3473 4796 3592 4866 ejus

2008 4878 2293 4934 clementia
2322 4876 2581 4946 fruentes,
2615 4879 2875 4948 promissa
2902 4895 3254 4952 assequamur
3280 4885 3418 4940 bona
3446 4930 3460 4954 ,
3484 4903 3604 4958 gra-

2008 4971 2076 5024 tia
2108 4979 2163 5025 et
2204 4970 2535 5041 benignitate
2577 4971 2787 5027 Domini
2835 4975 3007 5028 nostri
3046 4974 3170 5030 Jesu
3212 4977 3430 5046 Christi,
3484 4984 3607 5050 qui-

2007 5077 2128 5118 cum
2161 5063 2305 5118 Patri
2337 5073 2391 5118 et
2429 5062 2650 5133 Spiritui
2697 5073 2904 5133 sancto,
2952 5066 3143 5136 gloria,
3191 5068 3605 5141 imperium,ho-

2005 5169 2147 5220 nor,
2180 5167 2322 5208 nunc
2375 5162 2430 5208 et
2484 5163 2718 5224 semper,
2783 5165 2838 5211 et
2895 5155 2949 5210 in
3007 5158 3202 5214 smcula
3258 5163 3602 5217 smculorum.

2007 5247 2201 5300 Amen.

1563 5387 1910 5450 HOMILIA
1949 5384 2291 5449 XXXVII.

300 5519 435 5574 CAP.
468 5517 560 5572 l7.
594 5533 646 5570 v.
679 5517 732 5572 1.
755 5512 878 5572 Cum
905 5522 1072 5570 autem
1098 5513 1528 5585 perambulassent
1556 5512 1903 5584 Amphipolim

376 5620 426 5664 et
450 5609 804 5677 Apolloniam,
833 5615 1072 5662 venerunt
1100 5604 1535 5669 Thessalonicam,
1567 5605 1654 5659 ubi
1682 5614 1790 5659 erat
1817 5621 1902 5675 sy-

376 5712 583 5771 nagoga
607 5696 928 5754 Iudaeorum.
954 5697 1010 5752 2.
1040 5696 1334 5753 Secundum
1361 5695 1775 5753 consuetudinem
1805 5710 1904 5748 au-

377 5800 480 5847 tem
518 5791 712 5849 Paulus
739 5791 964 5848 introivit
989 5792 1057 5845 atl
1086 5807 1170 5845 eos
1199 5806 1216 5844 :
1241 5799 1289 5844 et
1318 5807 1408 5860 per
1432 5789 1638 5844 sabbata
1666 5789 1764 5843 tria
1788 5789 1900 5843 dis-

383 5901 437 5938 se
466 5883 577 5942 εὐαί
606 5887 672 5945 eis
699 5887 763 5942 de
791 5883 1098 5956 Scripturis,
1118 5867 1185 5940 ’5.
1213 5882 1513 5955 adaperiam
1543 5891 1591 5937 et
1612 5882 1895 5951 insinuans,
1943 5943 1946 5947 _

2080 5512 2199 5582 quia
2227 5508 2484 5566 Christum
2511 5511 2734 5582 aportuit
2772 5511 2878 5582 pati
2912 5520 2960 5564 et
3001 5527 3264 5582 resurgere
3287 5529 3320 5565 a
3348 5512 3600 5579 mortuis;

2083 5615 2130 5661 et
2158 5605 2279 5674 quia
2317 5605 2398 5659 hic
2440 5614 2514 5659 est
2542 5605 2770 5660 Christus
2810 5602 2982 5670 Iesus,
3030 5621 3176 5675 quem
3217 5618 3309 5676 ego
3350 5607 3601 5661 annuntio

2078 5698 2238 5753 nobis.

2071 5789 2137 5864 ,1.
2169 5787 2375 5843 Rursus
2422 5800 2616 5857 parvas
2662 5793 3081 5857 praetercurrunt
3123 5786 3389 5853 civitates,
3433 5795 3490 5843 et
3528 5789 3598 5845 ad

2007 5879 2242 5952 majores
2288 5878 2564 5948 festinant,
2591 5877 2734 5949 quod
2761 5876 2889 5936 inde
2912 5877 3066 5949 quasi
3083 5893 3166 5934 ex
3199 5878 3344 5937 fonte
3371 5877 3598 5946 verbum
