4112 6438
583 412 688 468 163

580 529 804 584 deberet
851 529 902 582 in
951 527 1154 581 vicinas
1203 525 1630 581 urbesmanare.
1671 526 1774 580 Pro
1811 541 1960 580 more
1994 535 2172 579 autem

582 635 680 674 suo
707 619 924 673 intravit
953 617 1144 672 Paulus
1175 617 1226 672 in
1260 632 1586 688 synagogam
1613 616 1947 672 Judrcorum.
1971 617 2172 685 Quam-

581 714 662 768 vis
685 713 916 778 dixerat,
961 711 1312 765 Convertimur
1343 712 1412 764 ad
1439 721 1608 781 gentes
1635 710 1772 780 (Aet.
1803 711 1892 765 15.
1921 709 2034 782 46).
2066 726 2170 766 non

580 804 919 875 relinquebat
951 805 1109 867 illos;
1143 803 1238 858 sed
1267 819 1460 872 magno
1500 804 1621 858 illos
1665 803 1842 858 studio
1879 818 2172 872 proseque-

578 897 757 954 batur.
791 897 926 952 Audi
957 897 1101 952 enim
1134 896 1282 950 illum
1325 897 1591 952 dicentem
1618 912 1632 951 :
1664 895 1895 963 Fratres,
1934 895 2172 966 benepla-

580 991 736 1044 citum
773 989 943 1044 cordis
981 989 1099 1055 mei,
1132 1000 1180 1043 et
1221 991 1442 1058 precatio
1483 991 1550 1042 ad
1584 988 1748 1044 Deum
1777 1004 1870 1059 pro
1911 988 2078 1044 Israel
2099 999 2172 1044 est

580 1084 649 1136 ad
674 1082 888 1136 salutem
924 1083 1100 1153 (Rom.
1125 1083 1214 1138 10.
1235 1081 1288 1154 1)
1309 1097 1324 1147 ;
1349 1093 1422 1147 et,
1447 1083 1717 1154 Cupiebam
1755 1084 2024 1138 anathema
2064 1101 2172 1140 esse

577 1193 611 1228 α
640 1174 841 1231 Christo
873 1191 965 1246 pro
993 1175 1233 1244 fratribus
1268 1175 1391 1229 meis
1421 1174 1586 1241 (Ibid.
1628 1175 1682 1230 9.
1715 1173 1795 1246 '5).
1835 1175 1949 1230 Hoc
1988 1183 2168 1230 autem

581 1267 808 1324 faciebat
835 1279 1050 1336 propter
1081 1266 1488 1335 promissionem
1532 1267 1624 1322 Dei
1650 1276 1706 1321 et
1747 1265 1992 1338 gloriam,
2020 1275 2076 1321 et
2101 1281 2169 1322 ne

580 1362 681 1416 hoc
709 1361 1088 1416 offendiculum
1117 1369 1262 1415 esset
1288 1361 1557 1430 gentibus.
1597 1358 1664 1413 Et
1693 1378 1784 1431 per
1824 1359 2033 1414 sabbata
2070 1360 2170 1415 tria

576 1452 850 1506 disserebat
894 1453 966 1506 eis
1005 1451 1069 1506 de
1109 1449 1410 1522 Scripturis,
1456 1452 1757 1520 adaperiens
1799 1459 1846 1505 et
1880 1452 2164 1518 insinuans,

574 1546 694 1616 quia
721 1545 978 1599 Christum
1007 1545 1230 1611 oportuit
1261 1544 1367 1614 pati
1403 1553 1449 1598 et
1489 1559 1748 1612 resurgere
1783 1560 1816 1596 a
1843 1546 2092 1607 mortuis;
2121 1554 2168 1597 et

573 1638 694 1707 quia
721 1636 802 1690 hic
824 1632 977 1690 Jesus
1006 1636 1258 1702 Christus,
1287 1653 1436 1706 quem
1474 1652 1567 1706 ego
1594 1636 1842 1690 annuntio
1870 1636 2030 1690 vobis.
2076 1635 2166 1690 Vi-

573 1728 669 1783 des
696 1728 844 1784 iiium
874 1737 999 1782 ante
1037 1727 1220 1782 omnia
1249 1727 1552 1796 passionem
1599 1726 1932 1798 prmdicare‘!
1972 1725 2062 1783 Sic
2090 1727 2164 1782 illi

575 1835 682 1875 non
709 1803 1122 1886 erubescebant,
1149 1817 1244 1874 sed
1272 1818 1515 1874 sciebant
1543 1817 1647 1872 hoc
1675 1818 1912 1873 salutare
1935 1832 2073 1873 esse.
2107 1818 2162 1873 4.

571 1912 642 1967 Et
673 1913 879 1979 quidam
904 1929 967 1968 ea:
991 1913 1062 1967 eis
1087 1911 1432 1976 crediderunt,
1455 1921 1500 1966 et
1525 1910 1752 1981 adjuncti
1779 1919 1898 1965 sunt
1927 1911 2092 1965 Paulo
2118 1921 2164 1966 et

569 2005 720 2072 Sile,
752 2013 802 2060 et
840 2005 903 2059 de
944 2005 1222 2060 colentibus
1263 2005 1534 2075 gentilibus
1575 2003 1844 2058 multitudo
1881 2021 2086 2076 magna,
2116 2014 2163 2058 et

566 2099 801 2152 mulieres
830 2096 1019 2152 nobiles
1039 2113 1139 2151 non
1163 2112 1358 2165 paucas.
1388 2096 1662 2150 Summam
1683 2095 1818 2150 dixit
1844 2096 2120 2150 concionis
2144 2114 2159 2152 :

566 2190 639 2245 ita
681 2189 890 2243 alienus
913 2196 998 2243 est
1021 2201 1052 2241 a
1089 2185 1475 2256 superﬂuitate,
1521 2201 1619 2240 nec
1654 2187 1848 2256 ubique
1877 2186 2162 2242 conciones

566 2289 708 2333 totas
733 2278 943 2334 recitat.
987 2279 1040 2334 5.
1086 2277 1320 2332 Zelantes
1359 2287 1528 2331 autem
1570 2275 1744 2330 Judaei
1782 2277 2048 2342 increduli,
2078 2295 2164 2332 as-

565 2379 912 2441 sumentesque
933 2370 995 2423 de
1015 2362 1164 2439 vulgd
1194 2370 1328 2424 viros
1349 2370 1599 2441 quosdam
1623 2368 1804 2434 malos,
1835 2378 1881 2423 et
1907 2370 2053 2423 turba
2073 2374 2160 2442 fa-

561 2473 645 2517 cta
673 2463 1046 2516 concitaverunt
1072 2462 1324 2515 civitatem
1340 2477 1358 2526 ;
1387 2469 1433 2514 et
1463 2460 1752 2514 invadentes
1777 2460 1984 2514 domum
2002 2459 2160 2516 Iaso-

561 2554 662 2617 nis,
687 2553 981 2624 qutrrebant
1008 2569 1093 2607 eos
1136 2552 1415 2623 producere
1449 2552 1504 2605 in
1554 2552 1832 2622 populum;
1861 2553 1915 2608 6.
1953 2563 2000 2606 et
2042 2570 2158 2609 cum

560 2662 662 2700 non
691 2645 994 2698 invenissent
1020 2660 1125 2710 eos,
1151 2651 1415 2697 traxerunt
1438 2642 1681 2697 Jasonem
1707 2654 1754 2697 et
1781 2647 2028 2715 quosdam
2049 2649 2159 2718 fra-

557 2749 660 2799 tres
684 2739 752 2791 ad
781 2738 1035 2808 principes
1052 2738 1292 2804 civitatis,
1312 2737 1629 2792 clamantes:
1652 2737 1724 2791 Hi
1742 2748 1860 2793 sunt
1880 2740 1966 2808 qui
1985 2742 2156 2796 urbem

555 2831 830 2896 concitant,
858 2839 905 2883 et
929 2831 1026 2884 huc
1047 2839 1305 2894 venerunt,
1336 2830 1386 2886 7.
1416 2847 1539 2901 quos
1564 2833 1784 2902 suscepit
1807 2831 1969 2888 Iason
1989 2852 2010 2902 ;
2031 2845 2076 2890 et
2102 2836 2154 2890 hi

557 2940 728 2978 omnes
774 2932 950 2976 contra
997 2923 1198 2976 decreta
1243 2919 1460 2977 Caesaris
1507 2923 1722 2992 faciunt,
1772 2941 1942 2996 regem
1993 2927 2154 2982 alium

557 3015 780 3072 dicentes
806 3030 912 3068 esse
933 3011 1131 3067 Jesum.
1161 3013 1206 3067 ()
1240 3013 1670 3069 accusationem!
1704 3014 1910 3070 Rursus
1942 3018 2154 3074 violata:

560 3104 851 3174 maiestatis
871 3111 1127 3157 accusant
1149 3117 1266 3168 eos,
1285 3101 1543 3170 Dicentes,
1572 3105 1841 3174 inquiunt,
1868 3121 1976 3160 esse
1993 3108 2153 3162 alium

558 3211 723 3264 regem
749 3192 952 3247 Jesum.
985 3191 1041 3246 8.
1083 3190 1469 3248 Concitaverunt
1503 3204 1672 3248 autem
1703 3195 1898 3265 plebem
1934 3206 1982 3252 et
2011 3199 2150 3267 prin-

559 3289 694 3358 cipes
716 3286 932 3340 civitatis
952 3285 1214 3339 audientes
1243 3285 1368 3339 hac.
1399 3284 1453 3340 9.
1482 3285 1548 3339 Et
1577 3296 1784 3358 accepta
1809 3289 2153 3356 satisfactione

559 3396 586 3432 a
611 3378 804 3432 Jasone
832 3387 879 3432 et
904 3394 937 3430 a
961 3377 1177 3443 ceteris,
1205 3376 1505 3431 dimiserunt
1535 3394 1637 3432 eos.
1669 3379 2032 3437 Admirandus
2059 3383 2148 3438 ille

559 3473 636 3525 vir
664 3481 800 3534 erat,
849 3471 940 3541 qui
985 3469 1219 3539 pericula
1266 3469 1465 3535 adibat,
1509 3480 1564 3526 et
1606 3473 1860 3528 emiserat
1895 3489 2010 3530 eos.
2058 3476 2146 3532 10.

557 3562 771 3618 Fratres
794 3577 911 3615 vero
952 3562 1216 3630 confestim
1243 3577 1334 3631 per
1374 3571 1567 3615 noctem
1594 3564 1892 3643 dimiserunt
1925 3563 2150 3623 Paulum

553 3665 601 3710 et
629 3655 795 3709 Silam
821 3654 876 3706 in
899 3651 1149 3707 Beroeam.
1183 3651 1284 3720 Qui
1313 3668 1427 3706 cum
1460 3654 1728 3720 venissent,
1756 3657 1811 3711 in
1836 3675 2148 3730 synagogam

551 3747 852 3801 Judazorum
892 3745 1213 3799 introierant.
1247 3744 1334 3798 11.
1381 3743 1454 3798 lli
1483 3755 1650 3800 autent
1689 3758 1834 3802 erant
1875 3751 2148 3807 nobiliores

552 3853 747 3901 eorum,
779 3836 866 3905 qui
890 3844 1004 3889 sunt
1030 3832 1420 3901 Thessalonica,
1463 3838 1552 3907 qui
1593 3852 1918 3909 susceperunt
1943 3843 2148 3898 verbum

552 3945 667 3980 cum
699 3928 836 3982 omni
864 3927 1124 3991 aviditate,
1169 3926 1395 3998 quotidie
1435 3938 1718 3984 scrutantes
1751 3931 2070 4002 Scripturas,
2103 3937 2148 3990 si

553 4020 662 4072 hac
688 4018 759 4071 ita
799 4033 855 4072 se
887 4016 1148 4071 haberent.
1189 4015 1497 4083 Nobiliores,
1531 4019 1724 4088 inquit,
1765 4022 1817 4076 id
1859 4034 1961 4090 est,
1995 4041 2149 4080 man-

550 4110 834 4166 suetiores.
881 4110 948 4164 Et
993 4109 1135 4175 vide,
1179 4124 1286 4165 non
1332 4111 1715 4180 perfunctorie,
1759 4113 1858 4170 sed
1900 4129 2146 4175 accurate

549 4207 925 4260 scrutabantur
974 4202 1276 4274 Scripturas
1325 4204 1413 4274 (id
1459 4208 1604 4261 extim
1658 4208 1922 4278 significat
1970 4212 2140 4281 illud,

549 4291 819 4366 Ᾰνικοινον)
845 4315 860 4364 ;
889 4297 1135 4352 volebant
1159 4297 1357 4367 quippe
1381 4312 1447 4352 ex
1476 4299 1606 4369 ipsis
1640 4302 1902 4358 certiores
1927 4303 2041 4360 fieri
2075 4307 2144 4363 de

555 4390 802 4459 passione
827 4405 842 4454 ;
869 4387 979 4457 jam
1004 4389 1145 4443 enim
1177 4389 1537 4447 crediderant.
1564 4392 1652 4446 12.
1679 4391 1748 4447 Et
1777 4398 1925 4451 multi
1940 4399 2144 4467 quidem

551 4480 871 4535 crediderunt
898 4495 962 4533 ea:
1002 4479 1094 4545 eis,
1122 4489 1169 4534 et
1207 4481 1441 4536 mulieres
1468 4484 1680 4554 gentiles
1719 4487 1942 4544 honesta:
1967 4501 2013 4546 et
2048 4494 2142 4548 viri

551 4591 652 4628 non
684 4574 850 4644 pauci.
883 4573 952 4630 15
997 4571 1126 4628 Cum
1145 4583 1310 4629 autem
1335 4581 1681 4648 cognovissent
1699 4580 1754 4634 in
1780 4579 2143 4642 Thessalonica

551 4665 745 4731 Juda'i,
773 4665 894 4735 quia
923 4673 968 4718 et
998 4662 1188 4720 Bertra:
1216 4667 1551 4737 prtedicatum
1575 4680 1647 4722 est
1673 4687 1705 4723 a
1733 4670 1903 4728 Paulo
1938 4677 2142 4732 verbum

553 4759 672 4824 Dei,
705 4767 944 4812 venerunt
969 4767 1016 4811 et
1053 4757 1175 4812 illuc
1202 4772 1566 4816 commoventes
1607 4764 2006 4825 multitudinem.
2049 4771 2137 4826 14.

556 4852 841 4920 Statimque
871 4860 988 4902 tunc
1017 4849 1238 4904 Paulum
1280 4851 1581 4908 dimiserunt
1619 4859 1824 4926 fratres,
1867 4869 1921 4914 ut
1955 4865 2141 4918 veniret

551 4936 708 5013 iisque
735 4943 802 4994 ad
829 4957 967 4994 mare
993 4957 1012 4994 :
1041 4941 1181 4996 Silus
1203 4952 1369 4997 autem
1401 4954 1447 4998 et
1478 4943 1765 5004 Timotheus
1791 4968 2143 5014 remanserunt

549 5035 639 5089 ibi.
673 5033 806 5088 Vide
849 5032 998 5087 illum
1037 5041 1092 5087 et
1131 5033 1410 5090 cedentem
1441 5046 1496 5091 et
1534 5041 1840 5108 instantem,
1871 5047 2140 5120 multaque

552 5127 792 5180 humano
819 5137 970 5180 more
1013 5121 1317 5179 facientem.
1361 5127 1448 5182 15.
1481 5127 1579 5194 Qui
1621 5142 1789 5190 autem
1829 5135 2142 5195 deducebant

551 5218 797 5283 Paulum,
839 5216 1184 5286 perduxerunt
1208 5233 1322 5270 eum
1363 5236 1520 5285 usque
1557 5221 1820 5291 Athenas;
1859 5237 1906 5281 et
1934 5247 2139 5301 accepto

551 5313 796 5368 mandato
824 5311 886 5364 ab
916 5327 972 5365 eo
998 5310 1068 5364 ad
1102 5309 1271 5366 Silam
1299 5320 1347 5366 et
1379 5311 1720 5383 Timotheum,
1756 5328 1809 5372 ut
1835 5337 1988 5391 quant
2011 5325 2142 5379 cele-

547 5413 672 5465 riter
697 5409 940 5474 venirent,
966 5407 1179 5478 profecti
1207 5414 1344 5460 sunt.
1377 5407 1484 5462 Sed
1511 5412 1787 5477 superiora
1814 5425 2138 5485 repetamus.

554 5500 656 5558 Per
694 5500 904 5555 sabbata
948 5499 1068 5564 tria,
1108 5500 1297 5568 inquit,
1345 5497 1640 5569 loquebatur.
1675 5503 1766 5565 eis,
1813 5509 2044 5575 aperiens
2080 5526 2144 5564 ea:

549 5592 851 5663 Scripturis.
877 5590 1060 5654 Recte,
1085 5590 1299 5660 quando
1317 5593 1598 5648 vacabant.
1625 5593 1714 5648 Sic
1728 5594 1975 5653 Christus
2000 5614 2143 5656 sem-

553 5701 648 5755 per
673 5684 922 5747 faciebat,
955 5698 985 5737 a
1010 5683 1300 5754 Scripturis
1327 5685 1522 5756 ubique
1548 5686 1841 5752 disserens,
1875 5709 1973 5749 nec
2001 5709 2144 5750 sem-

553 5792 642 5846 per
667 5779 824 5846 sigua
853 5774 1074 5830 faciens.
1104 5775 1240 5842 Quia
1263 5777 1408 5832 enim
1445 5779 1498 5832 in
1539 5779 1643 5835 hoc
1669 5784 1924 5839 contrarii
1965 5797 2139 5854 erant,

549 5876 603 5922 et
631 5865 786 5932 quasi
802 5861 1145 5934 deceptorem
1171 5877 1225 5922 et
1249 5868 1694 5940 prmstigiatorem
1723 5873 1894 5944 ipsum
1930 5877 2137 5936 calum--

1265 409 1322 467 S.
1362 408 1638 468 JOANNIS
1674 407 2156 466 CllRYSOSTOMl
2193 407 2510 465 ARCHIEP.
2553 411 3087 472 CONSTANTINOP.
3754 425 3839 484 9.64

2281 525 2585 596 niabantur,
2629 529 2748 585 ideo
2788 531 2903 600 ipse
2939 549 2970 586 a
3007 532 3296 604 Scripturis
3332 535 3574 590 disserit.
3615 535 3738 592 Nam
3762 546 3830 611 qui

2279 631 2375 686 per
2401 618 2516 673 sola
2563 621 2715 691 signa
2766 623 3090 691 persuadere
3132 635 3379 689 conatur,
3419 626 3546 696 jure
3590 643 3831 698 suspectus

2276 716 2361 762 est
2388 725 2402 763 :
2435 710 2524 778 qui
2553 725 2682 766 vero
2708 727 2775 766 ex
2813 712 3106 784 Scripturis
3135 717 3442 785 persuadet,
3487 735 3594 773 non
3636 723 3769 776 venit
3795 724 3837 778 in

2277 800 2422 855 illam
2453 803 2836 874 suSpieionem.
2863 807 2934 862 Et
2970 821 3115 878 sape
3141 809 3446 866 invenimus
3471 827 3596 868 eum
3625 813 3840 871 doctrina

2278 893 2636 962 persuadere;
2661 911 2892 966 cumque
2929 908 3108 954 autem
3136 901 3437 957 Antiochia:
3470 903 3706 972 doceret,
3735 921 3844 962 eone

2274 996 2489 1058 gregata
2529 997 2612 1044 est
2638 989 2706 1044 ad
2748 991 2894 1045 illum
2933 989 3125 1048 civitas
3155 1012 3168 1048 :
3196 993 3269 1050 ita
3304 1011 3564 1066 magnum
3601 999 3840 1067 quoddam

2277 1078 2379 1134 hoc
2405 1089 2507 1147 est,
2533 1096 2634 1137 nec
2668 1084 2877 1154 signum
2920 1086 3118 1151 minus,
3147 1087 3242 1142 sed
3285 1102 3420 1143 sane
3455 1090 3753 1145 maximum.
3784 1090 3841 1146 Et

2275 1188 2342 1227 ne
2368 1184 2616 1243 putarent
2650 1191 2709 1231 se
2749 1187 2916 1233 totum
2956 1195 3136 1250 posse,
3175 1182 3439 1252 permittit
3474 1183 3614 1239 Deus
3655 1196 3705 1240 ut
3739 1187 3836 1257 pel-

2274 1261 2470 1317 lantur.
2507 1263 2624 1319 Duo
2647 1267 2790 1322 euim
2824 1268 2946 1324 hinc
2982 1270 3366 1340 proveniebant
3395 1289 3410 1326 :
3445 1288 3553 1328 non
3580 1275 3734 1330 altum
3760 1293 3837 1331 sa-

2274 1355 2492 1424 piebant
2512 1358 2664 1427 quasi
2694 1359 2793 1430 ipsi
2823 1371 3184 1431 superassent,
3227 1379 3405 1435 neque
3442 1367 3764 1422 terrebantur
3787 1378 3836 1424 ut

2272 1449 2388 1514 rei;
2428 1449 2497 1504 ita
2533 1465 2598 1504 ex
2627 1453 2928 1507 meonomia
2969 1463 3105 1520 erat,
3133 1455 3274 1526 quod
3304 1468 3648 1513 vocarentur.
3682 1459 3831 1513 Colen-

2271 1541 2397 1594 tt'um
2426 1542 2708 1611 gentilium,
2742 1543 2934 1614 inquit,
2963 1547 3252 1614 multitudo,
3281 1558 3327 1601 et
3364 1565 3431 1603 ea:
3463 1551 3719 1620 gentilibus
3755 1552 3831 1603 ho-

2270 1631 2423 1686 nestis
2447 1633 2736 1688 mulieribus
2762 1646 2809 1688 et
2837 1652 2900 1690 ea:
2931 1638 3052 1692 viris
3081 1655 3184 1692 non
3213 1641 3368 1709 pauci
3405 1643 3734 1696 crediderunt.
3764 1641 3831 1696 Illi

2269 1739 2398 1780 vero
2427 1735 2635 1782 contra.
2677 1727 2959 1794 Quomodo
3007 1741 3185 1784 autem
3230 1731 3320 1801 qui
3371 1732 3528 1799 dicit,
3574 1733 3640 1787 lit
3674 1751 3755 1787 nos
3777 1735 3834 1787 ad

2269 1829 2458 1890 gentes,
2499 1820 2580 1873 illi
2607 1830 2775 1875 autem
2797 1821 2867 1874 ad
2895 1823 3327 1880 circumcisionem
3366 1825 3516 1891 (fiat.
3556 1827 3609 1880 2.
3637 1827 3709 1896 9),
3729 1843 3832 1883 cum

2268 1909 2468 1967 JUdiEiS
2509 1911 2853 1968 disserebat?
2883 1914 2995 1970 Hoc
3031 1931 3100 1971 ex
3126 1917 3423 1972 abundanti
3462 1918 3698 1974 faciebat.
3742 1919 3833 1974 Sed

2267 2003 2312 2056 si
2341 2002 2541 2059 Judaeis
2577 2005 2844 2061 disserere
2877 2009 3179 2077 oportebat,
3208 2010 3484 2079 quomodo
3523 2025 3722 2065 rursum
3765 2010 3835 2064 di-

2266 2093 2422 2150 cebat
2453 2113 2466 2148 :
2501 2095 2603 2163 Qui
2631 2097 2766 2151 enim
2804 2111 3042 2168 operatus
3077 2110 3150 2155 est
3190 2101 3270 2154 illi
3303 2102 3357 2155 in
3399 2103 3829 2169 circumcisionem,

2266 2198 2503 2257 operatus
2523 2199 2595 2244 est
2616 2183 2742 2244 mihi
2766 2190 2897 2245 inter
2916 2200 3087 2263 gentes
3112 2192 3274 2261 (Ibid.
3307 2209 3358 2248 v.
3396 2195 3454 2264 8)
3477 2197 3500 2248 't
3525 2197 3672 2250 Sicut
3689 2196 3832 2250 etiam

2266 2279 2342 2334 illi
2385 2281 2637 2350 gentibus
2685 2283 3063 2353 loquebantur,
3112 2285 3237 2341 licet
3275 2287 3342 2341 ad
3395 2288 3830 2344 circumcisionem

2264 2373 2529 2444 segregati
2565 2391 2581 2430 :
2612 2373 2684 2428 ita
2721 2385 2778 2430 et
2808 2376 2895 2432 hic
2939 2379 3136 2448 saepius
3181 2395 3301 2434 cum
3347 2382 3597 2450 gentibus
3639 2380 3826 2451 agebat,

2263 2480 2366 2521 nec
2392 2475 2569 2522 tamen
2599 2467 2815 2525 Judaeos
2853 2469 3175 2542 negligebat,
3222 2482 3281 2528 ut
3310 2488 3382 2529 ne
3428 2473 3726 2531 viderentur
3758 2474 3826 2528 di-

2261 2571 2360 2612 VISI
2390 2572 2530 2614 esse.

2330 2652 2385 2706 2.
2428 2651 2534 2708 Cur
2587 2652 2785 2709 Paulus
2819 2657 2876 2711 in
2915 2673 3202 2730 synagogas
3253 2659 3576 2716 intraret.--
3598 2659 3662 2716 Et
3703 2675 3824 2731 quo-

2263 2745 2445 2813 modo,
2470 2746 2703 2817 inquies,
2731 2749 2881 2819 prius
2903 2750 2956 2806 in
2977 2764 3276 2824 Synagogas
3298 2754 3533 2811 intrabat
3553 2757 3574 2809 ?
3593 2755 3688 2812 Sed
3708 2771 3823 2826 gen-

2262 2837 2443 2893 tilibus
2471 2840 2827 2908 persuadebat
2852 2857 2947 2912 per
2969 2843 3205 2912 Judaeos,
3237 2855 3292 2900 et
3314 2861 3384 2902 ex
3419 2849 3482 2903 iis
3507 2865 3615 2918 qum
3640 2848 3818 2904 Judrris

2259 2929 2492 2985 dicebat.
2523 2930 2740 2987 Sciebat
2762 2934 2905 2988 enim
2934 2933 3038 2989 hoc
3065 2936 3356 3005 gentilibus
3398 2940 3468 2996 ad
3498 2941 3637 2994 fidem
3664 2939 3817 2993 addu-

2258 3021 2445 3076 cendis
2476 3021 2729 3078 idoneum
2759 3039 2901 3080 esse.
2932 3025 3058 3081 Ideo
3095 3027 3305 3084 dicebat
3333 3048 3348 3086 :
3374 3029 3447 3086 In
3480 3042 3697 3101 quantum
3731 3047 3812 3098 ego

2256 3130 2368 3167 sum
2395 3113 2617 3185 gentium
2660 3119 2924 3186 apostolus
2963 3118 3137 3190 (Rom.
3187 3121 3275 3176 11.
3323 3124 3442 3195 13).
3490 3123 3813 3194 Epistolthuc

2255 3209 2375 3276 eius
2401 3223 2590 3264 omnes
2617 3219 2805 3265 contra
2830 3210 3044 3267 Judteos
3069 3223 3340 3270 certamen
3376 3217 3674 3287 praeferunt.
3699 3215 3810 3282 Quia

2257 3301 2535 3368 Christum,
2581 3303 2774 3373 inquit,
2818 3305 3078 3375 Oportebat
3117 3310 3243 3377 pati.
3291 3309 3349 3364 Si
3404 3311 3508 3381 pati
3541 3309 3799 3380 oportebat,

2255 3387 2384 3465 ergo
2409 3404 2466 3452 et
2503 3410 2812 3465 resurgere;
2860 3397 2964 3454 hoc
3008 3401 3150 3455 enim
3193 3402 3351 3473 longe
3399 3405 3681 3460 mirabilius
3711 3410 3796 3468 est,

2253 3500 2412 3555 quam
2453 3486 2604 3542 illud.
2651 3487 2707 3544 Si
2749 3489 2892 3543 enim
2918 3506 3063 3556 eum,
3093 3493 3182 3563 qui
3231 3495 3364 3550 nihil
3412 3498 3602 3566 injuste
3626 3504 3800 3568 egerat,

2254 3578 2412 3631 morti
2443 3579 2680 3646 tradidit,
2725 3583 2894 3636 multo
2941 3586 3110 3655 magis
3139 3588 3419 3644 suscitavit
3460 3591 3618 3644 illum.
3659 3585 3808 3642 Iudici

2251 3678 2418 3722 autem
2459 3670 2728 3741 increduli,
2763 3677 3036 3746 assumptis
3067 3679 3350 3748 forensibus
3389 3683 3686 3753 quibusdam,
3715 3691 3810 3733 tur-

2251 3761 2436 3816 barunt
2461 3764 2733 3831 civitatem,
2768 3767 2956 3837 inquit.
2990 3768 3173 3839 Itaque
3201 3772 3377 3840 plures
3403 3783 3549 3829 erant
3582 3774 3804 3844 gentiles.

2253 3852 2322 3906 Et
2362 3865 2770 3924 assumpseruut
2810 3860 3105 3928 quosdam;
3159 3863 3281 3933 quia
3325 3880 3429 3920 non
3471 3880 3527 3920 se
3571 3866 3808 3935 putabant

2251 3945 2382 3998 satis
2407 3959 2529 4001 esse
2557 3945 2726 4002 Judazi
2753 3949 2819 4003 ad
2847 3949 3190 4020 seditionem,
3219 3965 3274 4010 et
3298 3957 3414 4026 quia
3455 3957 3802 4011 rationabilem

2249 4050 2464 4091 causam
2489 4052 2598 4093 non
2623 4039 2908 4096 habebant.
2938 4043 3013 4098 Ex
3035 4048 3258 4101 tumultu
3277 4061 3483 4116 semper
3505 4049 3612 4102 haec
3633 4047 3798 4102 omnia

2251 4131 2553 4200 perficiunt,
2579 4142 2633 4188 et
2659 4136 2949 4204 assumptis
2979 4137 3234 4207 improbis
3259 4139 3566 4197 hominibus.
3593 4140 3704 4194 Non
3725 4141 3798 4193 in-

2248 4224 2406 4277 ventis
2433 4234 2599 4278 autem
2625 4224 2750 4293 illis,
2785 4227 2975 4298 inquit,
3008 4239 3266 4286 traxerunt
3290 4231 3540 4289 Iasonem.
3567 4231 3607 4288 Ο
3634 4242 3803 4305 tyran-

2249 4313 2428 4369 nidem
2452 4315 2464 4369 l
2497 4315 2580 4370 Ab
2605 4317 2811 4373 aedibus
2837 4320 2954 4377 sine
2977 4335 3134 4377 causa
3163 4324 3285 4380 illos
3306 4327 3594 4382 trahebant.
3623 4324 3687 4378 Ili
3707 4341 3805 4377 om—

2247 4423 2336 4462 nes
2351 4417 2525 4462 contra
2546 4409 2744 4464 decreta
2768 4411 2984 4469 thsaris
3009 4416 3224 4485 faciunt,
3253 4435 3422 4489 regem
3443 4421 3590 4474 alium
3610 4419 3804 4472 dicentes

2247 4515 2354 4554 esse
2381 4499 2578 4555 Iesum.
2611 4501 2745 4570 Quia
2775 4504 2851 4558 illi
2892 4505 3023 4561 nihil
3059 4506 3290 4564 decretis
3333 4512 3644 4567 contrarium
3671 4509 3795 4564 dice-

2246 4593 2396 4659 bant,
2425 4608 2524 4649 nec
2549 4595 2819 4651 civitatem
2844 4599 3204 4665 concitabant,
3236 4602 3287 4657 in
3315 4604 3460 4660 aliud
3488 4607 3595 4661 illos
3618 4601 3789 4658 crimen

2247 4683 2469 4751 ducunt,
2515 4697 2569 4742 et
2608 4687 2750 4742 luisse
2793 4689 3089 4759 maiestatis
3133 4693 3270 4749 falso
3296 4707 3568 4752 accusant.
3609 4696 3665 4748 Et
3687 4689 3794 4762 quid

2249 4777 2466 4842 timetis,
2501 4778 2763 4849 siquidem
2807 4791 3051 4837 mortuus
3080 4787 3206 4840 est?
3235 4785 3388 4854 Vide,
3418 4786 3674 4857 quomodo
3699 4798 3802 4855 per-

2247 4870 2596 4941 sequutiones
2640 4871 2836 4941 ubique
2881 4874 3313 4945 praedicationem
3358 4887 3714 4948 promoveant.
3747 4872 3807 4928 lli

2246 4971 2414 5014 autem
2440 4972 2583 5016 erant
2611 4963 2879 5018 nobiliores
2915 4983 3109 5034 eorum,
3139 4969 3228 5037 qui
3262 4978 3378 5024 sunt
3423 4969 3803 5032 Thessalonica;

2247 5049 2312 5106 id'
2329 5061 2429 5118 est,
2462 5053 2592 5108 nihil
2624 5055 2749 5109 mali
2780 5055 3068 5113 faciebant.
3098 5057 3204 5113 Sed
3225 5060 3315 5114 alii
3344 5063 3558 5132 quidem
3585 5058 3808 5117 credide-

2246 5153 2412 5208 runt;
2460 5143 2515 5199 hi
2560 5161 2692 5201 vero
2737 5149 3064 5203 contrarium
3112 5149 3315 5206 faciunt
3363 5155 3635 5210 turbantes
3682 5152 3847 5205 illos.'

2249 5235 2405 5291 Multi
2435 5248 2603 5292 autem
2639 5257 2702 5294 ea:
2729 5241 2832 5295 illis
2858 5251 2908 5296 et
2943 5259 3006 5296 ea:
3033 5245 3302 5314 gentilibus
3321 5247 3634 5308 mulieribus
3660 5244 3810 5300 credi-

2248 5327 2453 5382 derunt.
2487 5329 2585 5385 llic
2622 5347 2808 5387 rursus
2849 5334 3078 5403 gentiles
3129 5337 3376 5393 credunt.
3429 5340 3508 5395 Tu
3547 5355 3670 5396 vero
3694 5334 3809 5392 mihi

2247 5421 2558 5477 consideres
2586 5423 2769 5491 velim,
2804 5425 2951 5494 ipsos
2978 5442 3075 5496 per
3099 5432 3456 5489 meonomiam
3483 5432 3692 5504 fugisse,
3719 5440 3810 5483 non

2249 5529 2362 5584 prae
2387 5523 2568 5570 metu:
2593 5517 2826 5588 alioquin
2853 5520 2995 5575 enim
3023 5521 3184 5578 linem
3203 5523 3458 5582 fecissent
3487 5519 3810 5596 praedicandi,

2251 5620 2352 5661 nec
2372 5608 2540 5677 magis
2560 5611 2992 5668 exacerbassent.
3017 5613 3122 5670 Sed
3143 5615 3269 5671 hinc
3284 5618 3391 5673 duo
3408 5618 3716 5675 eveniebant
3735 5629 3748 5666 :
3767 5619 3816 5666 et

2251 5697 2464 5754 illorum
2499 5699 2649 5756 furor
2684 5705 3142 5775 exstinguebantur,
3176 5719 3231 5763 et
3268 5709 3575 5780 praedicatio
3603 5718 3818 5777 augens-

2252 5796 2358 5844 tur.
2389 5789 2665 5863 Condigne
2705 5805 2885 5852 autem
2929 5797 2995 5853 de
3036 5799 3250 5856 illorum
3283 5803 3512 5859 tumultu
3560 5801 3703 5859 dicit,
3731 5809 3818 5849 ve-

2253 5884 2404 5942 nisse
2433 5901 2527 5944 cos
2571 5888 2697 5946 illuc
2723 5891 2904 5951 turbas
2934 5894 3301 5968 concitantes;
3331 5899 3591 5958 infrenem
3619 5894 3818 5952 illorum
