4112 6428
242 425 356 483 265

1367 414 1436 472 IN
1470 414 1652 470 ACTA
1695 409 2238 473 APOSTOLOIKUM.
2257 416 2495 474 HOMIL.
2533 418 2796 475 XXXVII.

245 544 383 596 σίου.
408 538 568 594 Κατὰ
589 538 643 592 δὲ
670 539 732 591 τὸ
759 536 947 600 εἰωθδς
967 535 1040 606 τῷ
1073 533 1288 604 Παύλῳ,
1321 533 1571 604 εἰσῆλθεν
1593 535 1670 597 είς
1697 530 1795 602 τὴν
1814 546 1939 584 συν-

3624 422 3730 477 264

2049 530 2171 585 τῶν
2195 535 2471 604 Γραφῶν.
2521 536 2740 599 Καλῶς,
2771 537 2858 589 ὅτε
2914 537 3139 608 ἤργουν.
3191 535 3366 592 Τοῦτο
3420 538 3526 608 γὰρ
3576 542 3670 591 καὶ
3702 540 3732 592 ό

240 629 474 700 αγωγὴν
513 628 623 681 τῶν
671 625 959 679 Ἰουδαίων.
998 623 1185 676 Καίτοι
1220 621 1412 684 εἰπὼν,
1445 623 1528 674 ὅτι
1559 619 1941 688 Στρεφόμεθα
2046 621 2282 692 Χριστὸς
2310 624 2502 688 ἐποίει,
2531 624 2644 678 ἄνω
2671 626 2764 678 καὶ
2788 626 2939 679 κάτω
2959 627 3066 680 άπὸ
3089 626 3197 679 τῶν
3225 627 3458 696 Γραφῶν
3493 625 3733 696 διαλεγό-

240 723 330 784 είς
357 719 434 771 τὰ
463 717 633 782 ἔθνη,
659 716 760 768 οὑκ
797 713 948 783 ἠφίει
1002 711 1245 773 τούτους·
1279 709 1446 763 πολὺν
1507 708 1616 779 γάρ
1677 707 1813 778 πρὸς
1841 707 1938 760 αύ-

2050 725 2230 778 μενος,
2267 710 2360 763 καὶ⁵
2381 711 2441 763 ού
2467 712 2745 782 πανταχοῦ
2790 713 2898 766 ἀπὸ
2929 713 3036 766 τῶν
3066 714 3331 784 σημείων.
3375 712 3595 782 Ἐπειδὴ
3624 715 3733 784 γὰρ

245 812 367 872 τοὺς
395 801 515 878 εἶχε
548 804 737 857 πόθον.
777 804 976 856 Ἀκουε
999 801 1105 870 γὰρ
1138 799 1304 854 αὐτοῦ
1329 800 1597 868 λέγοντος·
1631 796 1934 864 Ἀδελφοί,
1975 800 2010 854 ξ.
2047 799 2184 868 πρὸς
2222 798 2410 852 τοῦτον
2445 801 2704 866 ἐναντίως
2728 797 2892 872 εἶχον,
2927 802 3023 857 καὶ
3073 803 3149 865 ὡς
3189 802 3388 856 πλάνον
3431 804 3524 855 καὶ
3558 802 3734 873 γόητα

243 899 283 966 ἠ
438 893 688 948 εὐδοκία
710 891 819 956 τῆς
835 891 986 959 ἐμῆς
1006 889 1274 956 καρδίας,
1299 888 1395 942 καὶ
1420 890 1459 957 η
1486 887 1699 953 δέησις
1720 887 1759 953 η
1786 883 1936 954 πρὸς

239 983 350 1038 τὸν
374 975 548 1047 Θεὸν,
565 979 721 1048 ὑπὲρ
747 978 851 1032 τοῦ
880 977 1116 1044 Ἰσραήλ
1137 977 1310 1030 ἐστιν
1329 978 1416 1040 εἰς
1437 976 1793 1044 σωτηρίανυ
1817 974 1932 1036 καὶ,

240 1074 534 1141 Εὐχόμην
557 1066 827 1136 ἀνάθεμα
858 1061 1012 1119 εἶναι
1042 1064 1160 1118 ἀπὸ
1189 1064 1296 1118 τοῦ
1345 1063 1602 1132 Χριστοῦ
1634 1062 1786 1131 ὑπὲρ
1817 1060 1935 1114 τῶν

239 1160 525 1228 ἀδελφῶν
545 1175 686 1226 μου.
731 1153 934 1208 Ἐποίει
961 1153 1016 1206 δὲ
1041 1151 1199 1206 τοῦτο
1227 1152 1315 1205 διὰ
1340 1151 1438 1222 τὴν
1472 1151 1806 1220 ἐπαγγελίαν
1839 1148 1932 1202 τοῦ

240 1249 382 1302 θεοῦ
410 1248 504 1300 καὶ
528 1246 625 1316 τὴν
649 1243 828 1310 δόξαν,
853 1243 947 1295 καὶ
989 1242 1076 1294 ἵνα
1110 1240 1183 1311 μὴ
1219 1239 1512 1294 σκάνδαλον
1615 1237 1774 1291 τοῦτο
1821 1239 1935 1300 τοῖς

244 1336 498 1405 Ἕλλησι.
521 1333 627 1388 Καὶ
656 1331 755 1384 ἐπὶ
785 1329 1054 1384 σάϐϐατα
1079 1328 1210 1396 τριά
1241 1325 1540 1396 διελέγετο
1570 1326 1776 1391 αὐτοῖς
1813 1325 1932 1380 ἀπὸ

241 1422 369 1477 τῶν
391 1419 668 1492 Γραφῶν,
700 1419 1023 1488 διανοίγων
1073 1415 1173 1470 καὶ
1201 1415 1688 1484 παρατιθέμενος,
1715 1414 1803 1467 ότι
1826 1412 1934 1466 τὸν

241 1510 508 1580 Χριστόν
534 1509 651 1562 ἔδει
674 1505 887 1560 παθεῖν
916 1504 1015 1557 καὶ
1045 1503 1385 1572 ἀναστῆναι
1429 1502 1499 1555 ἐκ
1537 1500 1787 1569 νεκρῶν,
1833 1501 1931 1554 καὶ

241 1601 340 1654 ὅτι
370 1596 564 1664 οὗτός
591 1599 759 1651 ἐστιν
796 1594 1029 1662 Ἰησοῦς
1054 1596 1088 1646 ό
1131 1591 1407 1660 Χριστὸς,
1462 1590 1536 1644 ὃν
1559 1588 1674 1660 ἐγὼ
1715 1606 1932 1658 καταγ-

244 1688 450 1759 γέλλω
497 1687 652 1755 ὑμῖν.
698 1686 884 1754 Ὁρᾷς,
923 1683 1008 1736 ὅτι
1037 1681 1144 1753 πρδ
1182 1680 1401 1734 πάντων
1434 1679 1494 1732 τὸ
1526 1678 1699 1742 πάθος
1725 1677 1931 1748 κηρύτ-

239 1796 354 1831 τει·
388 1775 561 1838 οὕτως
586 1776 682 1828 ούκ
719 1773 1037 1845 ᾐσχύνοντο,
1079 1771 1196 1824 ἀλλ’
1246 1770 1444 1841 ᾔδεσαν
1476 1768 1637 1822 τοῦτο
1663 1771 1930 1840 σωτήριον

239 1867 325 1919 ὃν.
360 1865 475 1918 Καί
502 1879 655 1928 τινες
683 1861 751 1925 ἐξ
805 1859 1007 1914 αὐτῶν
1033 1858 1430 1924 ἐπείσθησαν,
1465 1857 1562 1910 καὶ
1594 1860 1930 1923 προσεκλη-

238 1953 527 2023 ρώθησαν
553 1951 634 2017 τῷ
662 1950 880 2014 Παύλῳ
904 1947 1002 2000 καὶ
1043 1945 1122 2012 τῷ
1155 1947 1327 2013 Σίλᾳ,
1355 1943 1474 1998 τῶν
1501 1962 1564 1998 τε
1589 1944 1932 2014 σεϐομένων

253 2042 570 2107 Ἑλλήνων
599 2039 831 2107 πλῆθος
859 2037 1040 2102 πολὺ,
1077 2029 1382 2106 ’γυναικῶν
1423 2052 1488 2086 τε
1513 2033 1632 2086 τῶν
1683 2034 1932 2101 πρώτων

239 2135 356 2187 οὐκ
385 2131 604 2200 ὀλίγαι.
661 2128 735 2181 Τὸ
770 2127 1062 2196 κεφάλαιον
1115 2119 1236 2176 εἷπε
1262 2123 1362 2192 τῆς
1392 2120 1705 2186 διαλέξεως·
1757 2121 1932 2185 οὕτως

239 2219 537 2290 ἀπέριττός
595 2219 764 2282 ἐστιν,
815 2217 876 2268 ού
914 2211 1190 2283 πανταχοῦ
1220 2211 1318 2275 τὰς
1385 2210 1728 2281 δημηγορίας
1761 2210 1927 2263 αὑτοῦ

238 2307 436 2376 λέγων.
458 2304 852 2372 Ζηλώσαντες
876 2301 946 2355 δὲ
967 2305 1021 2354 01
1070 2298 1458 2367 ἀπειθοῦντες
1499 2297 1794 2363 Ἰουδαῖοι,
1830 2297 1929 2351 καὶ

239 2395 722 2464 προσλαϐόμενοι
770 2391 888 2444 τῶν
942 2390 1240 2458 ἀγοραίων
1268 2388 1437 2453 τινὰς
1485 2388 1710 2455 ἄνδρας
1750 2400 1930 2455 πονη-

237 2484 389 2552 ρούς
447 2483 544 2535 καὶ
600 2479 1142 2550 ὀχλοποιήσαντες,
1187 2477 1513 2544 ἐθορύϐουν
1552 2476 1668 2544 τὴν
1719 2475 1924 2528 πόλιν·

235 2570 602 2636 ἐπιστάντες
656 2567 816 2635 τετῇ
847 2569 1002 2635 obdo.
1076 2566 1367 2631 Ἰάσονος,
1404 2564 1653 2633 ἑζῆτουν
1702 2561 1928 2628 αὐτοὺς

237 2657 492 2728 ἀγαγεῖν
507 2657 535 2697 b
555 2660 642 2722 εις
658 2655 764 2709 τὸν
779 2655 994 2724 δῆμον·
1016 2653 1102 2722 μὴ
1125 2655 1408 2722 εὑρόντες
1423 2651 1490 2705 δὲ
1515 2650 1757 2717 αὐτοὺς,
1781 2649 1927 2703 έσυ-

235 2766 356 2815 ραν
375 2748 484 2802 τὸν
513 2746 755 2800 Ἰάσονα
777 2744 878 2798 καί
893 2759 1062 2809 τινας
1087 2742 1390 2811 ἀδελφοὺς
1420 2740 1516 2794 ἐπὶ
1545 2739 1686 2806 τοὺς
1715 2743 1921 2793 πολιτ-

238 2835 453 2904 άρχας,
484 2831 772 2898 βοῶντες,
807 2830 895 2883 ὅτι
939 2833 1003 2883 Οἱ
1047 2829 1161 2897 τὴν
1189 2827 1556 2898 οἰκουμένην
1583 2825 1926 2881 ἀναστατώ-

237 2937 486 2987 σαντες,
544 2916 708 2976 οὖτοι
769 2918 867 2972 καὶ
917 2915 1130 2970 ἐνθάδε
1179 2916 1480 2984 πάρεισιν,
1547 2913 1657 2981 οὓς
1704 2912 1925 2968 ὐποδέ-

237 3009 444 3063 δεκται
514 3007 738 3062 Ἰάσων·
795 3005 892 3060 καί
954 3001 1121 3061 οὗτοι
1187 3003 1410 3070 πάντες
1466 3002 1758 3058 ἀπέναντι
1806 3001 1927 3056 τῶν

236 3095 555 3168 δογμάτων
574 3096 874 3162 Καίσαρος
898 3093 1271 3162 πράσσουσι,
1297 3091 1564 3157 βασιλέα
1589 3090 1794 3158 ἕτερον
1825 3090 1924 3144 λέ-

236 3203 453 3256 γοντες
479 3181 631 3238 εἶναι
693 3182 950 3251 Ἰησοῦν.
985 3183 1047 3234 Ὢ
1078 3181 1177 3252 τῆς
1227 3180 1562 3252 κατηγορίας
1591 3182 1602 3233 !
1641 3180 1801 3233 πάλιν
1846 3178 1926 3242 είς

238 3274 573 3329 καθοσίωσιν
619 3271 897 3325 διέϐαλλον
946 3271 1167 3333 αὐτοὺς,
1194 3270 1479 3339 λέγοντες
1527 3265 1701 3332 εἶναι,
1736 3267 1920 3339 φησὶν,

237 3365 446 3433 ἕτερον
466 3361 734 3427 βασιλέα
769 3359 1033 3431 Ἰησοῦν.
1099 3358 1428 3426 Ἐτάραξαν
1471 3356 1539 3410 δὲ
1573 3357 1679 3410 τὸν
1713 3357 1921 3426 ὄχλον,

238 3453 337 3506 καί
367 3451 513 3517 τοὺς
532 3449 898 3519 πολιτάρχας
917 3447 1246 3511 ἀκούοντας
1276 3446 1482 3500 ταῦτα·
1514 3444 1608 3498 καί
1634 3444 1924 3512 λαϐόντες

238 3541 306 3593 τὸ
339 3539 556 3593 ἰκανὸν
583 3535 742 3604 παρὰ
764 3535 872 3589 τοῦ
919 3535 1184 3600 Ἰάσονος
1211 3533 1312 3586 καὶ
1344 3532 1466 3587 τῶν
1498 3531 1750 3596 λοιπῶν,
1806 3533 1923 3586 ἀπ-

234 3627 479 3683 έλυσαν
506 3627 744 3690 αὐτούς.
768 3623 1095 3696 Θαυμαστὸς
1117 3626 1145 3677 ό
1172 3622 1331 3694 ἀνὴρ,
1361 3623 1440 3685 είς
1465 3622 1710 3675 κίνδυνον
1730 3621 1924 3674 ἐαυτὸν

234 3717 432 3779 ἐκδοὺς
485 3717 579 3769 καὶ
612 3714 899 3784 ἐκπέμψας
951 3710 1168 3775 αὐτούς.
1197 3715 1262 3764 Οἱ
1292 3711 1360 3764 δὲ
1409 3709 1660 3780 ἀδελφοὶ
1706 3709 1924 3775 εὐθέως

230 3801 337 3858 διὰ
369 3801 482 3870 τῆς
510 3801 733 3867 νυκτὸς
762 3800 1114 3868 ἐξέπεμψαν
1133 3797 1285 3871 [281]
1315 3798 1421 3850 τόν
1442 3814 1505 3850 τε
1553 3797 1800 3851 Παῦλον
1821 3797 1922 3849 καὶ

235 3891 349 3947 τὸν
371 3893 563 3944 Σίλαν
589 3893 676 3956 εἰς
722 3890 990 3958 Βέροιαν·
1023 3888 1244 3953 οἵτινες
1287 3889 1775 3956 παραγενόμενοι,
1836 3887 1924 3950 εἰς

239 3980 361 4047 τὴν
389 3976 759 4047 συναγωγὴν
790 3978 1072 4045 ἀπῄεσαν
1118 3975 1237 4029 τῶν
1274 3975 1600 4030 Ἰουδαίων.
1649 3970 1826 4030 Οὗτοι
1855 3973 1924 4028 δὲ

238 4069 406 4144 ἦσαν
458 4067 873 4138 εὐγενέστεροι
924 4067 1042 4121 τῶν
1086 4067 1155 4120 ἐν
1201 4065 1650 4134 Θεσσαλονίκῃ,
1705 4065 1924 4131 οἵτινες

237 4162 528 4226 ἐδέξαντο
555 4159 663 4212 τὸν
682 4159 869 4226 λόγον
885 4156 1037 4227 μετὰ
1065 4154 1270 4225 πάσης
1311 4152 1663 4224 προθιινμίας,
1691 4153 1757 4208 τὸ
1791 4155 1922 4208 καθ’

238 4251 472 4321 ἡμέραν
515 4247 945 4314 ἀνακρίνοντες
989 4245 1094 4310 τὰς
1145 4243 1412 4313 Γραφάς,
1462 4246 1514 4297 εὶ
1562 4243 1693 4312 έχοι
1738 4242 1925 4297 ταῦτα

239 4342 451 4406 οὕτως.
486 4335 940 4406 Εὐγενέστεροι,
979 4332 1131 4403 φησί·
1172 4331 1472 4396 τουτέστιν,
1502 4331 1919 4402 ἐπιεικέστεροι.

238 4431 348 4485 Kal
371 4431 498 4500 ὅρα,
528 4427 631 4496 οὐχ
669 4423 876 4486 ἁπλῶς,
924 4420 1059 4474 ἀλλὰ
1113 4421 1248 4491 μετὰ
1279 4420 1565 4492 ἀκριϐείας
1610 4420 1923 4492 ἀνηρεύνων

235 4519 336 4582 τὰς
357 4514 587 4588 Γραφὰς
616 4511 795 4582 (τοῦτο
820 4509 928 4580 γάρ
961 4511 1076 4562 ἐστι
1105 4507 1183 4573 τὸ,
1233 4508 1610 4582 Ἀνέκρινον),
1665 4508 1924 4580 βουλόμε-

234 4627 321 4663 νοι
349 4609 446 4661 ἀπ’
490 4603 673 4657 αὐτῶν
723 4599 1098 4670 πληροφορίαν
1136 4597 1335 4668 μᾶλλον
1396 4599 1527 4669 περὶ
1577 4599 1669 4652 τοῦ
1718 4598 1924 4662 πάθους

236 4695 446 4749 λαϐεῖν·
483 4692 586 4762 ἤδη
613 4690 724 4760 γὰρ
757 4685 897 4761 ἦσαν
927 4687 1336 4752 πιστεύσαντες.
1395 4688 1620 4742 Πολλοὶ
1663 4688 1781 4757 μὲν
1811 4685 1925 4743 οὖν

241 4783 312 4845 ἐξ
341 4780 538 4836 αὐτῶν
570 4778 967 4841 ἐπίστευσαν,
1013 4775 1113 4829 καὶ
1147 4774 1264 4828 τῶν
1307 4776 1682 4843 Ἐλληνίδων
1721 4792 1924 4846 γυναι-

244 4869 374 4923 κῶν
398 4866 512 4921 τῶν
541 4866 938 4935 εὐσχημόνων
966 4863 1065 4918 καὶ
1104 4862 1340 4931 ἀνδρῶν
1391 4866 1502 4918 οὐκ
1555 4865 1767 4934 ὀλίγοι.
1830 4866 1924 4931 Ὡς

242 4956 317 5010 δὲ
362 4955 631 5022 ἔγνωσαν
672 4955 727 5007 οἱ
773 4953 890 5008 ἀπὸ
940 4952 1048 5021 τῆς
1106 4951 1563 5020 Θεσσαλονίκης
1625 4951 1921 5016 Ἰουδαῖοι,

177 5109 183 5112 _
243 5045 338 5098 ὅτι
364 5041 466 5096 καὶ
485 5042 556 5095 ἐν
584 5039 651 5110 τῇ
683 5042 892 5110 Βεροίᾳ
919 5039 1293 5110 κατηγγέλθη
1343 5040 1460 5094 ὑπὸ
1489 5041 1594 5094 τοῦ
1624 5041 1868 5096 Παύλου
1892 5043 1924 5096 ό

239 5132 432 5200 λόγος
495 5127 597 5184 In}
649 5129 838 5194 Θεοῦ,
889 5125 1081 5198 ἦλθον
1125 5127 1298 5182 κάκεῖ
1355 5130 1723 5195 σαλεύοντες
1780 5130 1924 5197 τοὺς

236 5220 489 5289 ὄχλους.
522 5215 759 5283 Εὐθέως
792 5215 859 5269 δὲ
896 5217 1028 5270 τότε
1053 5216 1162 5269 τὸν
1207 5216 1456 5270 Παῦλον
1481 5217 1924 5281 ἐξαπέστειλαν

231 5311 290 5362 οί
319 5305 578 5375 ἀδελφοὶ
603 5307 963 5374 πορεύεσθαι
1010 5305 1090 5370 ὡς
1139 5304 1238 5358 ἐπὶ
1261 5304 1376 5372 τὴν
1423 5305 1766 5360 θάλασσαν·
1812 5309 1925 5361 ὐπ-

235 5396 458 5465 έμενον
482 5393 552 5446 δὲ
582 5394 615 5446 ὅ
633 5411 696 5447 τε
726 5394 910 5459 Σίλας
936 5393 1033 5446 καί
1057 5397 1088 5446 ό
1118 5392 1393 5462 Τιμόθεος
1414 5394 1556 5447 ἐκεῖ.
1588 5395 1732 5466 Ὅρα
1764 5395 1924 5449 αὑτὸν

235 5485 333 5538 καὶ
365 5482 762 5554 ὑποχωροῦντα
795 5483 886 5535 καὶ
918 5483 1288 5553 ἐνιστάμενον,
1330 5484 1423 5535 καὶ
1453 5482 1622 5536 πολλὰ
1655 5483 1926 5554 ἀνθρωπί-

234 5589 341 5636 νως
370 5570 654 5626 ποιοῦντα.
690 5573 755 5624 Ol
793 5571 861 5623 δὲ
889 5570 1290 5638 καθιστῶντες
1320 5572 1426 5624 τὸν
1474 5571 1741 5636 Παῦλον,
1787 5572 1926 5641 ἤγα-

233 5680 345 5732 γον
371 5660 568 5714 αὐτὸν
591 5659 702 5725 ἓως
734 5658 1014 5726 Ἀθηνῶν,
1045 5659 1143 5713 καὶ
1177 5661 1468 5726 λαϐόντες
1489 5659 1750 5727 ἐντολὴν
1773 5660 1926 5728 πρὸς

234 5750 344 5804 τὸν
365 5751 561 5804 Σίλαν
585 5747 686 5802 καὶ
714 5749 1010 5817 Τιμόθεον,
1036 5748 1136 5801 ἵνα
1157 5747 1237 5814 ὡς
1257 5746 1514 5816 τάχιστα
1535 5750 1754 5802 ἔλθωσι
1775 5749 1925 5817 πρὸς

235 5841 449 5903 αὐτὸν,
476 5840 765 5910 ἐξῄεσαν.
801 5838 1028 5907 Ἴδωμεν
1048 5837 1103 5890 δὲ
1127 5837 1333 5891 ἄνωθεν
1358 5837 1426 5890 τὰ
1455 5838 1742 5909 εἰρημένα.
1790 5840 1921 5894 Ἐπὶ

237 5929 508 5985 σάϐϐατα
536 5931 690 6000 τρία,
716 5927 870 5999 φησὶ,
910 5927 1189 5997 διελέχθη
1212 5927 1438 5994 αὐτοῖς,
1467 5927 1788 5998 διανοίγων
1803 5930 1923 5986 ἀπὸ

297 6104 322 6136 ⁸
353 6099 452 6154 Alii
490 6099 610 6165 ῦπὶρ
635 6095 793 6147 αὐτῶν
817 6095 943 6145 ἐστιν
990 6093 1055 6150 εἷς
1093 6093 1349 6156 σωτηρίαν.
1417 6088 1444 6128 1³
1471 6091 1568 6142 Alii
1614 6095 1915 6156 προαγαγεῖν,

609 6209 876 6269 ΡΑτιιοι..
910 6207 1028 6268 Gn.
1072 6206 1201 6266 LX.

2045 887 2346 955 διέϐαλλον,
2374 889 2463 944 διὰ
2492 891 2652 944 τοῦτο
2675 892 2772 945 καὶ
2803 892 2969 956 αὐτὸς
3017 894 3128 947 ἀπὸ
3159 894 3267 948 τῶν
3301 895 3340 946 Γ
3346 894 3531 964 ραφῶν
3556 893 3733 947 διαλέ-

2046 992 2222 1043 γεται.
2271 978 2328 1031 Ὀ
2363 979 2464 1046 μὲν
2493 979 2602 1052 γὰρ
2633 979 2744 1034 ἀπὸ
2764 981 2872 1033 τῶν
2924 981 3167 1051 σημείων
3197 980 3490 1054 ἐπιχειρῶν
3557 982 3735 1052 μόνων

2047 1063 2274 1129 πείθειν,
2312 1066 2538 1131 εἰκότως
2583 1067 2972 1121 ὑποπτεύεται·
3021 1070 3051 1122 ό
3084 1068 3141 1121 δὲ
3170 1070 3278 1122 ἀπὸ
3334 1069 3444 1122 τῶν
3479 1069 3734 1141 Γραφῶν,

2045 1153 2271 1220 πείθων,
2302 1156 2402 1209 οὐκ
2425 1155 2538 1226 ἔχει
2589 1156 2794 1228 ταύτην
2815 1156 2915 1227 τὴν
2967 1157 3245 1211 ὑπόνοιαν.
3301 1157 3415 1210 Καὶ
3461 1156 3733 1227 πολλαχοῦ

2043 1240 2372 1312 εὑρίσκομεν
2399 1243 2507 1296 ἀπὸ
2552 1243 2906 1308 διδασκαλίας
2953 1244 3118 1298 αὑτὸν
3163 1245 3453 1299 πείσαντα·
3515 1245 3612 1298 καὶ
3679 1246 3736 1297 ἐν

2057 1328 2358 1402 Ἀντιοχείᾳ
2380 1331 2435 1384 δὲ
2470 1333 2622 1385 πᾶσα
2668 1332 2974 1386 διδάσκοντι
3002 1331 3152 1403 αὐτῷ
3176 1333 3415 1404 συνήχθη
3445 1335 3476 1404 ὴ
3504 1332 3658 1396 πόλις
3683 1345 3732 1374 ε·

2042 1414 2185 1469 οὕτω
2217 1417 2360 1488 μέγα
2379 1435 2430 1472 τι
2461 1419 2557 1472 καὶ
2605 1418 2762 1472 τοῦτό
2811 1421 2949 1486 ἐστι,
2994 1420 3090 1472 καὶ
3119 1420 3179 1472 ού
3235 1420 3429 1492 μικρὸν
3484 1423 3732 1491 σημεῖον,

2044 1504 2182 1557 ἀλλὰ
2219 1507 2316 1559 καὶ
2347 1507 2554 1579 σφόδρα
2579 1508 2697 1560 ἐστὶ
2731 1507 2872 1578 μέγα
2919 1507 3096 1564 τοῦτο.
3135 1508 3246 1562 Kal
3269 1509 3354 1561 ἵνα
3389 1509 3461 1580 μὴ
3498 1511 3736 1580 νομίσω-

2045 1609 2150 1655 σιν,
2195 1593 2275 1645 ότι
2310 1594 2467 1648 αὐτοὶ
2496 1596 2727 1665 ἴσχυσαν
2760 1597 2820 1649 τὸ
2853 1598 2984 1660 πᾶν,
3019 1599 3296 1668 συγχωρεῖ
3315 1598 3514 1660 αὐτοὺς
3545 1599 3573 1650 ὁ
3601 1597 3735 1660 Θεὸς

2043 1679 2382 1735 ἐλαύνεσθαι.
2413 1683 2517 1734 Δύο
2544 1683 2652 1753 γὰρ
2686 1685 2750 1736 ἐκ
2802 1685 2993 1737 τούτου
3044 1683 3379 1737 συνέϐαινεν·
3415 1684 3538 1738 οῦτε
3592 1685 3734 1755 μέγα

2042 1767 2302 1838 ἐφρόνουν
2328 1769 2402 1830 ὡς
2430 1769 2586 1821 αὐτοὶ
2626 1769 2970 1835 καθελόντες,
2997 1770 3123 1823 οὔτε
3157 1771 3320 1826 πάλιν
3349 1772 3640 1841 ἐφοϐοῦντο
3659 1773 3736 1836 ὡς

2043 1856 2357 1910 ὑπεύθυνοι·
2382 1856 2556 1920 οὕτως
2587 1857 2904 1927 οἰκονομίας
2935 1855 3002 1930 ἦν
3036 1859 3131 1912 καὶ
3167 1860 3228 1912 τὺ
3255 1860 3564 1915 καλεῖσθαι.
3605 1860 3736 1914 Τῶν

2041 1961 2105 1997 τε
2133 1945 2477 2014 σεϐομένων
2522 1945 2859 2013 Ἑλλήνων,
2913 1947 3069 2018 φησὶ,
3115 1949 3275 2001 πολὺ
3325 1947 3585 2017 πλῆθος,
3635 1950 3734 2004 καὶ

2039 2031 2162 2085 τῶν
2195 2033 2577 2102 Ἐλληνίδων
2628 2032 2936 2104 γυναικῶν
2993 2035 3114 2088 τῶν
3170 2037 3574 2106 εὐσχημόνων
3615 2038 3736 2091 ἐπί-

2049 2135 2327 2175 στευσαν
2359 2122 2458 2176 καὶ
2496 2123 2736 2192 ἀνδρῶν
2762 2127 2872 2177 οὐκ
2909 2125 3120 2193 ὀλίγοι.
3168 2126 3397 2178 Ἐκεῖνοι
3423 2125 3482 2178 δὲ
3511 2126 3734 2180 τούναν-

2039 2207 2172 2263 τίον.
2205 2208 2331 2274 Πῶς
2351 2210 2408 2264 δὲ
2441 2210 2634 2280 λέγων,
2666 2213 2800 2266 Ἵνα
2821 2212 2994 2282 ἡμεῖς
3041 2215 3128 2279 είς
3157 2213 3230 2267 τὰ
3262 2214 3429 2282 ἔθνη,
3461 2216 3632 2269 αὐτοὶ
3665 2215 3735 2269 δὲ

2039 2300 2126 2363 εὶς
2142 2297 2256 2367 τὴν
2275 2300 2625 2370 περιτομὴν,
2672 2301 2948 2371 διελέγετο
2980 2304 3092 2364 τοῖς
3140 2303 3416 2366 Ἰουδαίοις
3442 2320 3456 2368 ;
3516 2305 3612 2358 Ἐκ
3644 2322 3737 2358 πε-

2043 2388 2286 2458 ριουσίας
2315 2388 2474 2442 τοῦτο
2524 2390 2717 2444 ποιῶν.
2767 2390 2923 2443 Ἐπεὶ
2963 2392 3012 2444 εί
3057 2391 3336 2455 Ἰουδαίοις
3389 2391 3732 2460 διαλέγεσθαι

2037 2475 2226 2546 ἐχρῆν,
2265 2475 2383 2539 πῶς
2404 2476 2556 2544 ἔλεγε
2590 2477 2774 2531 πάλιν·
2815 2479 2878 2531 '0
2904 2478 3014 2547 γὰρ
3042 2478 3378 2548 ἐνεργήσας
3409 2479 3619 2547 ἐκείνῳ
3645 2483 3734 2547 είς

2038 2559 2154 2625 τὴν
2202 2561 2575 2630 περιτομὴν,
2622 2563 2927 2632 ἐνήργησε
2972 2563 3069 2615 καὶ
3123 2563 3256 2630 ἐμοὶ
3293 2565 3382 2628 εὶς
3432 2563 3505 2616 τὰ
3545 2565 3732 2633 ἕθνη;

2039 2642 2252 2714 Ὥσπερ
2284 2645 2482 2696 ἐκεῖνοι
2531 2643 2628 2696 καὶ
2680 2644 2891 2698 ἔθνεσιν
2929 2645 3236 2715 ὡμίλησαν,
3308 2645 3484 2698 καίτοι
3534 2665 3596 2714 γε
3652 2651 3729 2714 είς

2035 2725 2134 2794 τὴν
2168 2727 2474 2798 περιτομὴν
2520 2727 2920 2799 ἀφωρισμένον
2957 2729 3101 2782 οὕτω
3135 2730 3231 2784 καὶ
3281 2726 3454 2794 οὗτος.
3503 2731 3576 2784 Τὸ
3630 2731 3738 2800 μὲν,

2037 2805 2130 2862 οῦν
2163 2809 2324 2864 πλέον
2360 2812 2418 2863 ἐν
2439 2813 2643 2873 αὐτοῖς·
2680 2810 2818 2884 πλὴν
2859 2812 2978 2866 οὐδὲ
3039 2811 3264 2866 ἐκείνων
3293 2813 3589 2883 ἠμέλησεν,
3643 2814 3726 2868 ἴνα

2039 2893 2116 2964 μὴ
2152 2893 2346 2959 δόξωσι
2382 2895 2706 2966 διεσχίσθαι.

2109 2981 2177 3050 β’.
2203 2979 2315 3034 Kal
2354 2979 2491 3044 πῶς,
2534 2980 2690 3050 φησὶ,
2715 2980 3141 3053 προηγουμένως
3168 2982 3248 3045 είς
3278 2981 3376 3046 τὰς
3407 2981 3728 3052 συναγωγὰς

2037 3072 2251 3143 εἰσῄει;
2296 3069 2435 3124 Ἀλλ’
2490 3070 2761 3142 ’Έλληνας
2802 3072 2987 3125 ἔπειθε
3027 3071 3117 3126 διὰ
3151 3072 3258 3126 τῶν
3318 3073 3611 3137 Ἰουδαίων,
3670 3073 3728 3139 ἐξ

2037 3156 2113 3215 ὧν
2146 3161 2421 3224 Ἰουδαίοις
2448 3159 2903 3232 διελέγετο.”ῌδει
2923 3161 3000 3225 δὲ,
3022 3162 3103 3214 ὃτι
3127 3161 3286 3215 τοῦτο
3319 3161 3556 3232 μάλιστα
3577 3159 3728 3234 [282]

2037 3248 2246 3302 ἔθνεσιν
2265 3244 2333 3320 ἦν
2364 3248 2501 3320 πρὸς
2526 3248 2711 3301 πίστιν
2756 3249 3143 3318 προσαγωγὸν.
3182 3249 3280 3302 Διὰ
3313 3249 3472 3302 τοῦτο
3520 3250 3725 3318 ἔλεγεν,

2050 3338 2175 3406 Ἐφ’
2199 3337 2353 3390 ὅσον
2395 3337 2514 3406 εἰμὶ
2549 3337 2662 3407 ἐγὼ
2685 3336 2880 3391 ἐθνῶν
2934 3337 3302 3404 ἀπόστολος.
3337 3337 3449 3392 Kal
3505 3341 3559 3392 αἱ
3595 3341 3729 3392 ἐπι-

2037 3426 2224 3480 στολαὶ
2260 3426 2316 3478 δὲ
2356 3426 2520 3479 αὑτοῦ
2547 3426 2686 3496 πρὸς
2731 3426 3022 3490 Ἰουδαίους
3069 3427 3243 3480 πᾶσαί
3273 3429 3411 3479 εἰσιν
3445 3427 3730 3498 ἀπομαχό-

2038 3531 2219 3584 μεναι.
2251 3515 2378 3567 Ὅτι
2422 3513 2528 3567 τὸν
2553 3512 2832 3582 Χριστὸν,
2871 3514 3056 3584 φησὶν,
3086 3514 3209 3567 ἔδει
3259 3514 3490 3567 παθεῖν.
3539 3515 3600 3566 Ei
3632 3533 3731 3568 πα-

2036 3602 2148 3656 θεῖν
2202 3602 2332 3664 ἔδει,
2365 3603 2584 3665 πάντως
2630 3603 2727 3656 καὶ
2775 3602 3111 3672 ἀναστῆναι·
3151 3603 3334 3671 πολλῷ
3359 3604 3467 3674 γὰρ
3518 3603 3725 3656 ἐκείνου

2035 3689 2487 3762 θαυμασιώτερον
2539 3690 2719 3744 τοῦτο.
2754 3691 2817 3744 Εἰ
2847 3690 2956 3762 γὰρ
2985 3693 3076 3744 τὸν
3114 3691 3266 3744 οὐδὲν
3317 3691 3618 3763 ἠδικηκότα
3647 3694 3727 3757 εἰς

2037 3779 2265 3837 θάνατον
2295 3779 2548 3846 ἐξέδωκε,
2581 3779 2761 3850 πολλῷ
2785 3779 2984 3850 μᾶλλον
3015 3780 3314 3851 ἀνέστησεν
3332 3780 3512 3833 αὐτόν.
3532 3784 3726 3850 Προσ-

2033 3869 2352 3937 λαϐόμενοι
2403 3867 2471 3921 δέ
2526 3885 2694 3934 τινας
2740 3868 2859 3922 τῶν
2906 3869 3202 3938 ἀγοραίων
3254 3872 3306 3923 οἱ
3337 3869 3728 3937 ἀπειθοῦντες

2048 3957 2342 4019 Ἰουδαῖοι,
2367 3957 2697 4025 ἐθορύϐουν
2728 3957 2844 4025 τὴν
2859 3959 3061 4024 πόλιν,
3085 3957 3271 4029 φησίν.
3311 3959 3476 4011 Ὥστε
3505 3958 3724 4022 πλείους

2036 4041 2180 4117 ἦσαν
2210 4047 2258 4099 οἱ
2292 4045 2574 4116 Ἕλληνες.
2623 4045 2735 4099 Kal
2765 4046 3252 4118 προσλαμϐάνουσί
3302 4065 3476 4112 τινας,
3537 4049 3724 4120 ἐπειδὴ

2033 4136 2134 4187 οὐκ
2155 4133 2416 4204 ἐνόμισαν
2458 4133 2686 4197 ἑαυτοὺς
2717 4135 2910 4205 ἀρκεῖν
2950 4135 3088 4206 πρὸς
3133 4135 3232 4205 τὴν
3261 4137 3449 4189 στάσιν
3497 4137 3545 4189 οἱ
3594 4137 3724 4188 Ἰουο

2033 4221 2192 4288 δαίοι,
2220 4221 2316 4275 καὶ
2347 4221 2536 4291 ἐπειδὴ
2569 4220 2668 4274 οὐκ
2703 4217 2848 4291 εἶχον
2900 4223 3081 4276 αἰτίαν
3107 4221 3348 4290 εὔλογον.
3383 4223 3610 4294 Θορύϐῳ
3635 4225 3725 4279 ἀεὶ

2033 4310 2102 4363 τὰ
2131 4308 2358 4363 τοιαῦτα
2388 4308 2632 4371 ἀνύουσι,
2690 4309 2787 4362 καὶ
2834 4309 3139 4381 προσλήψει
3186 4309 3396 4380 ἀνδρῶν
3443 4310 3719 4382 πονηρῶν.

2035 4401 2090 4452 Μ
2099 4398 2131 4466 ὴ
2160 4400 2442 4466 εὑρόντες
2466 4398 2535 4451 δὲ
2568 4397 2812 4465 αὐτοὺς,
2840 4398 3026 4469 φησὶν,
3063 4399 3294 4467 ἔσυραν
3326 4399 3434 4453 τὸν
3465 4399 3718 4455 Ἰάσονα.

2037 4490 2103 4540 Ὢ
2125 4489 2224 4558 τῆς
2241 4488 2556 4559 τυραννίδος
2576 4489 2588 4541 !
2613 4488 2721 4541 ἀπὸ
2743 4488 2854 4542 τῶν
2878 4489 3065 4543 οἰκιῶν
3088 4483 3270 4543 εἷλκον
3291 4489 3488 4553 αὐτοὺς
3511 4489 3718 4554 ἁπλῶς.

2037 4571 2214 4630 Οὗτοι
2236 4573 2463 4641 πάντες
2487 4575 2778 4630 ἀπέναντι
2806 4575 2923 4630 τῶν
2954 4577 3060 4632 τοῦ
3086 4579 3389 4648 Καίσαρος
3413 4577 3722 4648 δογμάτων

2035 4663 2405 4732 πράσσουσι,
2454 4663 2744 4728 βασιλέα,
2803 4663 2956 4735 φησὶ,
3005 4665 3285 4734 λέγοντες
3315 4667 3521 4736 ἓτερον
3566 4667 3722 4720 εἶναι

2049 4752 2316 4820 Ἰησοῦν.
2360 4751 2579 4822 Ἐπειδὴ
2633 4751 2787 4805 οὐδὲν
2817 4753 3058 4806 ἐναντίον
3091 4753 3277 4822 ἔλεγον
3319 4758 3431 4818 τοῖς
3461 4755 3720 4827 δεδογμέ-

2036 4856 2170 4907 νοις,
2202 4839 2322 4892 οὐδέ
2366 4838 2698 4910 παρεκίνουν
2745 4839 2847 4911 τὴν
2885 4840 3061 4906 πόλιν,
3117 4842 3200 4912 ἐφ’
3253 4843 3440 4915 ἕτερον
3470 4843 3722 4916 ἔγκλημα

2034 4929 2235 4992 αὐτοὺς
2262 4928 2480 4996 ἄγουσι,
2509 4928 2605 4981 καὶ
2627 4929 2706 4992 εἰς
2744 4928 3072 4984 καθοσίωσιν
3123 4930 3493 4987 διαϐάλλουσι.
3523 4933 3635 4988 Καὶ
3668 4935 3722 4987 τί

2037 5017 2315 5088 φοϐεῖσθε,
2367 5016 2421 5069 εί
2450 5033 2513 5085 γε
2543 5015 2840 5088 τέθνηκεν;
2878 5017 3020 5090 Ὅρα
3067 5020 3193 5084 τοὺς
3218 5020 3492 5093 διωγμοὺς
3521 5040 3719 5076 παντα-

2035 5105 2133 5176 χοῦ
2164 5106 2225 5159 τὸ
2253 5107 2518 5178 κήρυγμα
2564 5106 2930 5171 ἐκτείνοντας.
2967 5103 3144 5164 Οὗτοι
3189 5109 3308 5179 μὲν
3361 5106 3494 5176 οὖν,
3530 5111 3716 5181 φησιν,

2035 5193 2447 5264 εὐγενέστεροι
2473 5191 2640 5265 ἦσαν
2687 5192 2805 5248 τῶν
2832 5195 2902 5247 έν
2929 5197 3377 5265 Θεσσαλονίκῃ·
3415 5198 3714 5262 τουτέστιν,

2035 5283 2186 5336 οὐδὲν
2217 5283 2451 5354 πονηρὸν
2482 5281 2837 5352 πράττοντες·
2887 5282 3003 5337 ἀλλ’
3033 5285 3079 5336 οἱ
3123 5284 3222 5354 μὲν
3245 5283 3598 5356 ἐπείσθησαν,
3630 5281 3718 5342 οὖ-

2038 5389 2116 5424 τοι
2142 5371 2198 5424 δέ
2222 5370 2317 5424 καὶ
2336 5371 2396 5424 τὸ
2421 5370 2663 5424 ἐναντίον
2687 5369 2902 5425 ποιοῦσι
2928 5371 3284 5444 θορυϐοῦντες
3306 5374 3524 5438 αὐτούς.
3556 5379 3713 5430 Πολ--

2034 5462 2130 5515 λοὶ
2155 5461 2272 5532 μέν
2311 5456 2428 5515 οὖν
2456 5459 2525 5525 ἐξ
2559 5460 2760 5516 αὐτῶν
2790 5460 3166 5515 ἐπίστευσαν
3211 5462 3309 5515 καὶ
3339 5462 3458 5514 τῶν
3499 5464 3714 5533 Ἐλλη-

2035 5549 2236 5615 νίδων,
2283 5549 2439 5618 φησὶ,
2502 5547 2818 5619 γυναικῶν.
2857 5548 3027 5602 Πάλιν
3068 5549 3306 5604 ἐνταῦθα
3367 5551 3715 5607 πιστεύουσιν

2039 5639 2319 5710 Ἕλληνες.
2353 5639 2425 5692 Σὺ
2453 5637 2509 5691 δέ
2537 5655 2628 5708 μοι
2655 5637 2776 5700 θέα,
2805 5637 2886 5691 ὅτι
2906 5638 3266 5709 οἰκονομικῶς
3291 5638 3491 5709 ἔφυγον
3520 5643 3581 5695 ού
3609 5643 3716 5698 δει-

2035 5729 2283 5793 λιῶντες·
2333 5725 2370 5799 ἦ
2431 5727 2540 5798 γὰρ
2565 5726 2631 5781 ἂν
2681 5726 2992 5781 ἐπαύσαντο
3024 5727 3409 5799 κηρύττοντες,
3449 5733 3543 5786 καὶ
3595 5734 3716 5806 οὐχὶ

2039 5819 2239 5889 μᾶλλον
2277 5815 2625 5890 παρώξυναν.
2665 5815 2804 5869 Ἀλλ’
2838 5817 2904 5869 ἐκ
2954 5815 3146 5870 τούτου
3189 5815 3285 5870 δύο
3333 5819 3570 5888 ἐγένετο·
3621 5825 3717 5876 καὶ

2037 5909 2263 5977 ἐκείνων
2282 5911 2311 5962 ὁ
2343 5907 2514 5980 θυμὸς
2546 5905 2855 5973 ἐσϐέννυτο,
2908 5907 3002 5960 καὶ
3033 5907 3093 5960 τὸ
3149 5910 3415 5980 κήρυγμα
3447 5911 3711 5966 ἐπεδίδου.

2047 5998 2241 6064 Ἀξίως
2291 5996 2348 6050 δὲ
2381 5996 2480 6066 τῆς
2507 5995 2736 6060 ἀταξίας
2789 5994 2970 6048 αὐτῶν
3008 5991 3182 6049 εἶπεν·
3242 5999 3324 6050 ὅτι
3350 5992 3512 6068 ἦλθον
3557 5999 3716 6057 κάκεῖ

2099 6105 2124 6134 ⁸
2153 6094 2270 6161 Alli,
2295 6101 2377 6149 καὶ
2404 6099 2451 6148 ἐν
2497 6099 2764 6165 Ἀντιοχείᾳ
2807 6101 2886 6149 ὅτε
2927 6107 3061 6150 πᾶσα
3088 6102 3296 6163 συνήχθη
3321 6104 3350 6158 ἡ
3377 6101 3524 6157 πό>ις.

3162 6205 3231 6263 17
