4112 6444
446 408 552 465 9.65

448 526 769 589 σαλεύοντες
797 524 920 589 τοὺς
966 523 1176 594 ὄχλους,
1222 524 1323 594 τὴν
1353 524 1653 580 ἀκάθεκτον
1713 526 1909 597 μανίαν
1940 526 2120 580 αὐτῶν

442 615 840 685 αἰνιττόμενος.
897 610 1132 679 Εὐθέως
1153 611 1223 665 δὲ
1248 612 1691 676 ἐξαπέστειλαν
1735 613 1843 667 τὸν
1876 613 2122 667 Παῦλον

444 707 500 759 al
538 702 788 771 ἀδελφοί
819 703 1200 770 πορεύεσθαι,
1245 702 1429 772 φησὶν,
1472 701 1551 768 ὠς
1598 701 1696 755 ἐπὶ
1724 700 1839 769 τὴν
1892 700 2117 757 θάλασ-

444 807 590 847 σαν.
657 788 923 845 Ἐνταῦθα
955 789 1143 843 λοιπὸν
1205 788 1298 842 τὸν
1343 788 1552 843 Παῦλον
1612 789 1890 860 πέμπουσι
1943 790 2124 858 μόνον·

449 883 577 955 περὶ
615 882 726 955 γὰρ
757 879 924 935 αὑτοῦ
954 877 1332 944 ἐδεδοίκεισαν,
1361 880 1434 949 μή
1465 896 1518 932 τι
1549 878 1719 951 πάθῃ,
1749 878 1810 931 τὸ
1832 877 2126 947 κεφάλαιον

448 969 628 1026 αὐτῶν
652 969 787 1025 αὐτὸ
832 968 913 1024 όν·
940 967 1114 1031 οὕτως
1155 968 1218 1020 οὑ
1253 966 1533 1038 πανταχοῦ
1592 969 1625 1039 ή
1662 967 1823 1038 χάρις
1879 966 2125 1036 ἐνήργει,

447 1060 565 1116 ἀλλ’
599 1060 686 1115 εῐα
720 1061 917 1124 αὐτοὺς
955 1059 1048 1113 καὶ
1090 1057 1408 1130 ἀνθρώπινα
1444 1060 1636 1125 ποιεῖν,
1678 1056 2009 1113 διανιστῶσα
2030 1058 2129 1109 αὐ-

446 1151 574 1214 τοὺς
606 1149 701 1203 καὶ
745 1148 1115 1214 διυπνίζουσα,
1174 1147 1269 1201 καὶ
1301 1147 1379 1211 είς
1431 1146 1707 1218 μέριμναν
1758 1144 2122 1216 ἐμϐάλλουσα.

451 1240 596 1311 Ὅρα
618 1237 768 1307 γοῦν,
807 1237 911 1301 ἕως
940 1235 1220 1289 Φιλίππων
1246 1234 1419 1288 ἔσωσε
1441 1234 1622 1305 μόνον,
1652 1233 1903 1291 ἐντεῦθεν
1946 1232 2002 1285 δὲ
2025 1233 2125 1286 οὐκ

449 1326 552 1380 ἔτι.
584 1325 694 1381 Καὶ
742 1325 1033 1390 λαϐόντες
1061 1321 1343 1390 ἐντολὴν,
1381 1323 1536 1393 φησὶ,
1597 1320 1749 1389 πρὸς
1802 1321 1911 1374 τὸν
1935 1320 2127 1374 Σίλαν

449 1416 549 1471 καί
576 1415 680 1469 τὸν
710 1414 1009 1484 Τιμόθεον,
1039 1413 1141 1465 ἵνα
1186 1411 1267 1477 ὡς
1301 1410 1555 1480 τάχιστα
1586 1409 1808 1464 ἔλθωσι
1838 1408 1979 1477 πρὸς
2020 1410 2126 1461 αὺ-

448 1506 577 1569 τὸν,
608 1504 897 1573 ἐξῄεσαν.
927 1500 1038 1553 Καὶ
1070 1498 1231 1553 τοῦτο
1260 1500 1507 1563 εἰκότως.
1535 1499 1597 1553 Εἰ
1637 1497 1747 1571 γάρ
1794 1497 1889 1551 καὶ
1913 1496 2126 1559 Παῦλος

448 1591 538 1666 ἦν,
562 1595 711 1665 ὅμως
744 1591 914 1645 ἐδεῖτο
941 1590 1188 1643 ἐκείνων.
1216 1590 1357 1660 ’Λρα
1388 1587 1567 1651 καλῶς
1594 1587 1886 1657 ἠπείγοντο
1899 1588 1977 1648 είς
2007 1586 2125 1637 Μα-

450 1681 695 1737 κεδονίαν
720 1680 825 1735 ὑπὸ
857 1679 952 1733 τοῦ
984 1678 1138 1732 Θεοῦ·
1191 1676 1421 1749 λαμπρά
1472 1677 1581 1747 γὰρ
1610 1672 1677 1748 ἦν
1710 1676 1804 1729 καὶ
1827 1675 1862 1746 ή
1933 1672 2126 1736 Ἑλλάς

449 1771 655 1825 λοιπόν·
695 1769 821 1824 ἐπεὶ
846 1769 937 1823 καὶ
969 1766 1108 1821 ἄλλα
1158 1765 1389 1838 περιττὰ
1431 1766 1624 1819 ἐποίει.
1668 1764 1728 1818 '0
1782 1762 2015 1834 Χριστὸς
2043 1762 2124 1815 δι-

449 1859 637 1926 έταξεν
661 1859 725 1912 ἐκ
755 1855 851 1910 τοῦ
876 1854 1194 1923 εὐαγγελίου
1228 1852 1349 1925 ζῇν,
1372 1844 1527 1916 οὗτος
1552 1852 1610 1906 δὲ
1636 1851 1769 1905 αὐτὸ
1800 1852 1899 1904 οὐκ
1927 1850 2123 1903 ἐποίει·

447 1950 475 2001 6
510 1945 746 2017 Χριστὸς
767 1945 868 1999 οὐκ
890 1942 1212 1998 ἀπέστειλεν
1233 1941 1396 1994 αὑτὸν
1420 1940 1722 2010 βαπτίζειν,
1759 1933 1910 2003 οὗτος
1936 1937 1993 1991 δὲ
2008 1938 2127 1991 ἐϐά-

448 2036 658 2101 πτιζεν.
686 2036 829 2107 Ὅρα
860 2033 977 2096 πῶς
1009 2032 1332 2104 ἀντίρροπος
1362 2030 1580 2083 πάντων
1606 2025 1674 2099 ἦν
1701 2027 1905 2098 Πέτρος
1922 2028 2003 2089 είς
2029 2026 2126 2095 τὴν

447 2124 772 2197 περιτομὴν,
807 2118 960 2187 οὗτος
977 2121 1141 2185 είςτὰ
1157 2121 1306 2191 ἔθνη,
1327 2123 1404 2185 είς
1419 2120 1480 2173 τὸ
1495 2119 1656 2173 πλέον
1691 2119 1878 2190 μέρος.
1897 2117 2006 2172 Καὶ
2020 2121 2124 2171 da-

448 2215 657 2278 (ὀντες
671 2214 734 2265 τὸ
759 2210 989 2275 ἱκανὸν,
1010 2208 1165 2279 φησὶ,
1184 2209 1343 2277 παρὰ
1357 2208 1463 2262 τοῦ
1489 2206 1779 2272 Ἰάσονος,
1806 2206 2128 2260 ἀπέλυσαν

447 2301 690 2365 αὐτούς.
719 2300 862 2371 Ὅρα
885 2298 1001 2361 πῶς
1041 2296 1201 2351 ἱκανὰ
1225 2298 1349 2360 δοὺς
1388 2296 1575 2349 Ἰάσων
1592 2294 1864 2363 ἐξέπεμψε
1891 2293 2125 2356 Παῦλον,

449 2390 589 2443 ὥστε
627 2387 778 2461 [285]
816 2388 917 2458 τὴν
940 2387 1119 2458 ψυχὴν
1144 2385 1307 2439 αὑτοῦ
1330 2385 1526 2439 ἔδωκεν
1556 2384 1694 2452 ὑπὲρ
1716 2383 1901 2437 αὑτοῦ.
1929 2380 2123 2444 Οὗτοι,

450 2480 638 2551 φησιν,
654 2475 819 2552 ἦσαν
838 2477 1251 2549 εὐγενέστεροι
1272 2476 1474 2530 τῶνέν
1498 2477 1945 2542 Θεσσαλονίκῃ·
1971 2492 2128 2527 τουτ-

450 2568 587 2633 έστι,
645 2566 786 2621 κατὰ
826 2566 923 2638 τὴν
952 2564 1153 2637 ἀρετὴν
1181 2566 1334 2628 ὄντες
1384 2564 1543 2618 τοῦτο
1581 2564 1677 2617 καὶ
1707 2565 1808 2636 τὴν
1842 2565 1979 2636 πρὸς
2033 2563 2127 2617 τὸν

447 2652 583 2709 Θεδν
622 2655 827 2709 πίστιν.
850 2654 1076 2719 Οίτινες
1094 2651 1380 2716 ἐδέξαντο
1406 2651 1517 2705 τὸν
1539 2652 1726 2722 λόγον
1750 2651 1902 2721 μετὰ
1922 2651 2127 2718 πάσης

446 2742 804 2813 προθυμίας,
838 2741 992 2813 φησὶ,
1023 2739 1091 2793 τὸ
1127 2739 1255 2796 καθ’
1302 2739 1530 2809 ἡμέραν
1561 2740 1989 2808 ἀνακρίνοντες
2022 2741 2128 2806 τὰς

448 2829 717 2901 Γραφὰς,
730 2832 781 2883 εί
792 2828 823 2882 έ
826 2845 920 2896 χοι
931 2828 1118 2882 ταῦτα
1129 2826 1453 2897 οὕτως.οὑχ
1464 2826 1653 2889 ἁπλῶς
1667 2826 1731 2897 ρύ
1740 2844 1815 2898 μῃ
1826 2826 1945 2880 οὐδὲ
1961 2825 2126 2898 ζήλῳ.

524 2919 715 2973 Καίτοι
741 2915 942 2988 μείζων
974 2915 1007 2984 ὴ
1034 2913 1188 2977 πόλις
1220 2910 1309 2984 ἦν,
1330 2914 1578 2985 ἀγοραῖοι
1601 2914 1876 2986 ἄνθρωποι
1904 2911 2045 2987 ἦσαν
2071 2917 2127 2968 ἐν

447 3006 609 3076 αὐτῇ·
630 3002 944 3075 θαυμαστὸν
970 3002 1027 3055 δέ
1045 3000 1195 3055 οὐδὲν
1229 3001 1326 3054 καὶ
1364 3002 1413 3053 εἰ
1431 3003 1488 3055 ἐν
1524 3000 1732 3071 μείζονι
1763 3001 1980 3073 χείρους
1997 3003 2125 3055 εἰσί.

449 3094 704 3149 Μάλιστα
722 3090 823 3163 μὲν
837 3086 930 3144 οὖν
947 3089 1026 3152 είς
1050 3089 1148 3160 τὴν
1170 3088 1393 3159 μείζονα
1409 3089 1625 3160 χείρους
1646 3086 1785 3144 εἶναι
1807 3091 1972 3153 εἰκὸς.
1999 3090 2128 3144 ἔνθα

450 3181 647 3235 πολλαὶ
661 3180 768 3233 τῶν
785 3177 1039 3249 ταραχῶν
1050 3178 1105 3230 αἱ
1126 3176 1373 3248 ἀφορμαί
1380 3218 1392 3231 .
1408 3177 1677 3250 Καθάπερ
1693 3178 1801 3251 γὰρ
1816 3179 1873 3233 ἐν
1892 3178 2123 3249 σώματι,

447 3272 579 3325 ὅταν
604 3271 638 3340 ή
668 3267 822 3332 νόσος
856 3265 1214 3338 χαλεπωτέρα
1250 3261 1307 3338 ᾖ.
1335 3265 1555 3320 πλείονα
1599 3265 1712 3337 ἔχει
1733 3266 1832 3339 τὴν
1864 3266 1997 3337 ὓλην
2036 3268 2130 3321 καὶ

448 3357 549 3429 τὴν
572 3356 801 3428 τροφήν·
833 3354 975 3407 οὕτω
1005 3352 1070 3425 δὴ
1115 3352 1211 3406 καὶ
1242 3352 1494 3416 ἐνταῦθα,
1530 3352 1668 3424 ὅπερ
1695 3354 1754 3407 ἐν
1793 3353 2001 3425 Ἰκονίῳ
2035 3356 2131 3423 γέ-

450 3462 597 3517 γονε,
632 3445 727 3498 καὶ
754 3441 851 3496 νῦν
879 3441 1110 3510 γίνεται.
1156 3441 1267 3495 Καὶ
1298 3440 1579 3511 ἐξέρχεται
1604 3443 1632 3494 6
1663 3440 1894 3506 Παῦλος,
1925 3442 2011 3496 ἵνα
2038 3445 2132 3496 καὶ

447 3535 549 3607 τῆς
580 3534 782 3604 ἐτέρων
834 3528 1111 3593 ἀπωλείας
1150 3529 1308 3601 δίκην
1340 3529 1490 3583 δῶσι.
1531 3530 1629 3583 Διά
1658 3530 1817 3584 τοῦτο
1850 3532 1943 3585 καὶ
1985 3532 2132 3585 Παῦ-

448 3623 542 3689 λος
565 3622 741 3693 ἐλεγε·
786 3620 1159 3676 κωλυόντων
1187 3617 1349 3689 ἡμᾶς
1379 3618 1505 3686 τοῖς
1529 3619 1733 3674 ἔθνεσι
1762 3621 1993 3677 λαλεῖν,
2021 3624 2132 3677 Καὶ

447 3712 536 3765 διά
585 3710 640 3765 τί
676 3710 751 3781 μὴ
792 3708 1094 3778 ἐνέμειναν,
1144 3708 1327 3779 φησὶν,
1389 3708 1656 3775 ἐνταῦθα;
1700 3708 1791 3762 διὰ
1824 3710 1980 3781 τίμὴ
2033 3730 2131 3782 ση-

453 3802 584 3872 μεῖα
640 3799 936 3869 ἐποίησαν;
981 3797 1046 3851 Εἰ
1083 3797 1194 3866 γὰρ
1236 3797 1372 3859 ἐκεῖ,
1423 3795 1552 3849 ἔνθα
1602 3796 1900 3865 ἐλιθάζετο,
1940 3798 2132 3869 ἔμενεν

450 3886 636 3941 ἱκανὸν
659 3884 871 3958 χρόνον,
909 3883 1088 3954 πολλῷ
1119 3883 1319 3953 μᾶλλον
1361 3883 1612 3938 ἐνταῦθα.
1652 3886 1754 3939 Διά
1782 3886 1871 3952 τί;
1899 3888 2013 3941 Οὐκ
2045 3888 2134 3941 ἀεὶ

449 3974 700 4029 ἐϐούλετο
736 3971 956 4035 τούτους
1013 3973 1216 4044 σημεῖα
1256 3979 1276 4002 ⁸
1317 3974 1489 4024 ποιεῖν
1529 3971 1681 4036 Θεός·
1737 3972 1833 4026 τοῦ
1885 3972 1995 4046 γὰρ
2040 3991 2134 4049 ση-

453 4065 582 4134 μεῖα
611 4063 784 4115 ποιεῖν
804 4053 1087 4132 οὺχθῆττον
1122 4061 1345 4129 σημεῖον
1373 4058 1434 4112 τὸ
1454 4058 1817 4131 διωκομένους
1849 4062 2135 4134 περιγενέ-

451 4152 576 4206 σθαι
608 4150 777 4221 χωρὶς
801 4148 1063 4220 σημείων.
1100 4147 1265 4200 Ὥστε
1292 4146 1545 4218 καθάπερ
1570 4147 1665 4201 νῦν
1699 4147 1869 4219 χωρὶς
1891 4151 2133 4222 σημείων

449 4244 665 4313 κρατεῖ,
702 4238 847 4293 οὕτω
877 4238 974 4291 καὶ
1001 4237 1124 4290 τότε
1174 4236 1444 4306 πολλαχοῦ
1475 4236 1726 4290 ἐϐούλετο
1756 4241 2000 4308 κρατεῖν.
2055 4241 2131 4294 Οὐ

448 4328 629 4382 τοίνυν
661 4327 781 4382 οῦδὲ
817 4328 866 4380 οἱ
888 4326 1177 4380 ἀπόστολοι
1221 4327 1514 4397 ἐπέτρεχον
1539 4328 1653 4389 τοῖς
1702 4327 1972 4399 σημείοις,
1995 4329 2134 4401 ὅπερ

449 4410 544 4468 οῦν
575 4413 670 4467 καὶ
697 4413 857 4476 αὐτός
881 4426 1068 4484 φησιν·
1112 4411 1303 4480 Ἡμεῖς
1347 4411 1419 4465 δέ
1455 4412 1846 4482 κηρύσσομεν
1871 4417 2134 4484 Χριστὸν

453 4501 935 4572 ἐσταυρωμένον.
962 4502 1089 4565 Τοῖς
1113 4505 1314 4573 σημεῖα
1338 4501 1579 4574 ζητοῦσι,
1621 4504 1734 4569 τοῖς
1768 4504 1983 4575 σοφίαν,
2003 4507 2135 4560 ταῦ-

449 4608 519 4644 τα
551 4590 825 4661 διδόαμεν,
858 4588 894 4643 θ.
953 4587 1088 4659 μηδέ
1113 4592 1253 4660 μετὰ
1277 4590 1521 4660 σημείων
1546 4590 1767 4645 δύναται
1796 4594 2004 4657 πεῖσαι,
2038 4594 2134 4648 καὶ

449 4677 733 4749 πείθομεν.
797 4677 961 4729 ’Ὥστε
1004 4677 1148 4748 μέγα
1208 4676 1370 4730 τοῦτο
1427 4683 1651 4750 σημεῖον
1694 4676 1783 4751 ἦν.
1822 4682 1964 4751 Ὅρα
2002 4681 2131 4750 γοῦν

450 4764 795 4828 ἐπιταθέντος
845 4764 940 4817 τοῦ
974 4764 1351 4835 κηρύγματος,
1385 4763 1500 4828 πῶς
1528 4767 1738 4836 ταχέως
1785 4769 2132 4840 ἐπιτρέχουσι

448 4856 563 4917 τοῖς
594 4852 862 4923 σημείοις.
897 4852 1047 4906 Ἔδει
1069 4852 1180 4923 γὰρ
1210 4852 1399 4905 λοιπὸν
1427 4853 1515 4907 διὰ
1560 4855 1687 4919 τοὺς
1729 4856 2133 4922 πιστεύσαντας

455 4937 678 5009 μείζονα
724 4934 864 4992 εἶναι
915 4942 1119 5010 σημεῖα
1157 4939 1266 4993 τῶν
1299 4940 1535 4997 λοιπῶν·
1587 4941 1667 4996 διὸ
1702 4942 1799 4996 καὶ
1852 4944 2128 5012 γίνονται·

451 5024 591 5080 ἀλλά
626 5023 704 5096 τῷ
732 5027 1037 5095 ὑποχωρεῖν
1092 5027 1189 5080 καὶ¹
1231 5027 1443 5083 ἐπιέναι
1491 5028 1665 5085 ταῦτα
1708 5031 1945 5086 ἐποίουν.
2008 5032 2133 5097 Ἐξ-

451 5113 821 5168 απέστειλαν
854 5117 1059 5178 αὐτὸν,
1085 5116 1273 5186 φησὶν,
1301 5116 1384 5182 ὼς
1411 5117 1511 5170 ἐπί
1531 5116 1649 5187 τὴν
1692 5118 2036 5176 θάλασσαν.
2067 5122 2132 5174 Τί

452 5200 687 5274 δήποτε;
720 5203 885 5256 Ὥστε
919 5203 995 5274 μὴ
1053 5203 1310 5271 γενέσθαι
1344 5204 1528 5269 αὐτοῖς
1565 5204 1791 5261 εὔκολον
1819 5207 1921 5280 τὴν
1959 5210 2131 5263 κατά-

453 5291 637 5366 ληψιν.
696 5292 855 5346 Οῦτω
905 5294 1015 5366 γὰρ
1076 5294 1200 5348 καθ’
1232 5296 1462 5360 ἑαυτοὺς
1515 5295 1657 5367 μέγα
1683 5315 1736 5351 τι
1765 5298 2011 5372 ἔπραξαν
2044 5300 2131 5364 ἂν,

453 5378 550 5434 καὶ
574 5379 692 5452 μετ’
715 5380 925 5435 ἐκείνου
960 5380 1130 5435 πολλὰ
1159 5383 1364 5453 ήνυσαν
1391 5385 1486 5437 καὶ
1530 5384 1923 5459 κατώρθωσαν.
1983 5389 2135 5453 Τέως

454 5468 661 5523 ἐκεῖνον
693 5469 1001 5541 ἐξαρπάσαι
1027 5470 1330 5525 ἐϐούλοντο.

522 5561 593 5623 γ’.
619 5555 763 5627 Ὅρα
791 5556 930 5631 πόσῃ
962 5557 1054 5611 καὶ
1082 5559 1131 5612 οί
1166 5561 1343 5613 λοιποὶ
1380 5557 1623 5630 μαθηταὶ
1655 5558 1785 5633 περὶ
1815 5563 1941 5627 τοὺς
1974 5581 2139 5635 κορυ..

454 5644 650 5711 φαίους
680 5647 921 5717 ἐχρῶντο
949 5651 1014 5718 τῇ
1039 5649 1241 5720 σπουδῇ
1263 5665 1277 5679 ·
1314 5648 1430 5702 ἀλλ’
1450 5649 1549 5719 οὐχ
1576 5648 1768 5722 ὥσπερ
1820 5650 1916 5705 νῦν
1966 5670 2137 5723 κεχω-

457 5731 715 5802 ρίσμεθα,
749 5734 1107 5805 διῃρήμεθαδ
1140 5737 1365 5807 μεγάλοι
1408 5736 1504 5791 καῖ¹
1535 5738 1755 5811 μικροί·
1809 5740 1860 5793 οἱ
1898 5739 1996 5810 μὲν
2047 5743 2139 5794 ἐπ-

455 5818 758 5890 αιρόμεθα,
788 5822 837 5872 οἱ
873 5821 930 5875 δέ
963 5821 1294 5894 φθονοῦμεν·
1330 5824 1417 5877 διὰ
1444 5825 1605 5880 τοῦτο
1632 5829 1875 5882 κάκεῖνοι
1911 5827 2135 5897 φθονοῦ-

458 5921 562 5970 σιν,
595 5908 678 5960 ὄτι
698 5909 861 5983 ’ἡμεῖς
889 5909 1267 5982 τετυφώμεθα,
1292 5914 1392 5966 οὐκ
1432 5916 1740 5988 ἀνεχόμεθα
1761 5916 2136 5989 ίσηγσρεῖσθαι

509 6000 711 6079 ξᾼυηξη
730 6004 904 6079 ᾳῦτονς
940 6007 1134 6066 σημεῖα.
1203 6007 1232 6049 δ
1258 6008 1394 6059 [dem
1437 6013 1528 6077 οὐχ
1564 6017 1725 6079 ὢηττερ
1773 6008 1856 6061 νῦν
1899 6030 2132 6079 κεχωρισ.

462 6063 613 6122 υὲνοι,
647 6063 931 6126 διῃρημένοι.
1011 6063 1019 6066 ⁷
1497 6063 1528 6077 ’⁸
1644 6063 1712 6084 ”’·

1224 408 1282 464 S.
1325 406 1610 464 JOANNIS
1649 406 2145 465 CHRYSOSTOMI
2185 407 2512 465 ARCIIIEP.
2554 408 3111 467 CONSTANTINOP.
3811 412 3902 465 εδδ

2231 528 2347 596 μετ’
2369 527 2569 581 αὐτῶν.
2617 527 2717 580 Διὰ
2745 527 2900 581 τοῦτο
2923 529 2979 579 ὲν
3009 527 3086 597 τῷ
3119 502 3335 598 σίώματι
3363 528 3394 597 ἡ
3424 545 3489 581 συ
3500 526 3728 597 μφωνία
3748 527 3903 592 ἐστὶν,

2228 616 2414 687 ἐπειδὴ
2444 616 2544 670 οὐκ
2572 615 2687 669 ἐστι
2722 616 2987 684 φυσίωσις
3006 632 3020 648 ·
3045 615 3146 669 οὐκ
3169 616 3286 668 ἐστι
3307 616 3364 668 6'5
3396 615 3701 684 φυσίωσις,
3731 617 3902 687 ἐπειδὴ

2227 706 2307 768 είς
2341 704 2588 774 ἀνάγκην
2625 703 2719 757 τοῦ
2748 703 2935 775 χρείαν
2976 703 3221 775 ἀλλήλων
3276 703 3422 773 ἔχειν
3467 702 3546 756 τὰ
3585 702 3727 773 μέλη
3787 704 3908 757 καθ-

2226 792 2451 864 έστηκε·
2480 793 2578 847 καὶ
2607 794 2642 863 ή
2670 792 2879 863 κεφαλὴ
2929 793 3036 846 τῶν
3084 791 3261 845 ποδῶν
3294 791 3487 850 δεῖται.
3524 792 3630 844 καὶ
3659 793 3713 844 οἱ
3760 792 3908 854 πόδες

2223 882 2324 951 τῆς
2351 881 2616 952 κεφαλῆς.
2647 881 2758 935 Καὶ
2783 883 2915 951 ήμῖν
2947 880 3104 934 τοῦτο
3127 881 3381 951 ἐποίησεν
3405 884 3433 935 6
3465 880 3633 943 Θεὸς,
3664 879 3764 932 καὶ
3800 880 3909 933 οὐδὲ

2225 969 2398 1033 οὕτως
2430 969 2767 1040 ἀνεχόμεθα·
2819 968 2926 1021 ἔδει
2959 968 3058 1039 μὲν
3087 968 3196 1039 γάρ
3223 969 3320 1022 καὶ
3348 968 3522 1039 χωρὶς
3550 967 3752 1021 τούτου
3782 969 3909 1035 ἁγά-

2225 1075 2336 1128 πην
2363 1052 2522 1113 εἶναι.
2558 1058 2630 1110 Ἥ
2657 1056 2757 1111 οὐκ
2781 1055 3009 1111 ἀκούετε
3032 1055 3213 1110 αὐτῶν
3242 1055 3350 1108 τῶν
3380 1055 3487 1119 ἐξω
3509 1054 3910 1108 διαϐαλλόντων

2224 1146 2394 1216 ἡμᾶς,
2427 1147 2554 1199 ὅταν
2594 1144 2827 1214 λέγωσιν
2850 1161 2863 1174 ·
2897 1145 2952 1197 αί
2982 1146 3157 1215 χρεῖαι
3182 1142 3389 1212 φιλίαις
3429 1145 3494 1196 υἱ
3531 1142 3726 1197 λαῖκοὶ
3768 1143 3909 1196 δέον-

2223 1251 2314 1287 ται
2348 1235 2506 1304 ήμῶν
2526 1251 2540 1264 ·
2574 1236 2737 1305 ήμεῖς
2760 1233 2819 1287 δὲ
2851 1232 3011 1286 πάλιν
3057 1232 3124 1285 δι’
3153 1231 3349 1296 αύτούς
3383 1234 3580 1302 ἐσμεν.
3638 1231 3798 1285 Οὕτω
3823 1231 3910 1284 καὶ

2223 1320 2534 1385 διδάσκαλος
2557 1324 2652 1376 καὶ
2674 1322 2856 1393 ἄρχων
2881 1322 2980 1373 οὐκ
3011 1318 3076 1372 ἂν
3107 1319 3212 1390 εἴη,
3248 1320 3322 1391 μὴ
3355 1320 3465 1372 τῶν
3503 1319 3909 1390 διδασκομένων

2223 1410 2390 1462 ὄντων
2418 1408 2643 1463 καὶτῶν
2671 1409 3008 1481 ἀρχομένων,
3031 1407 3140 1461 οὐδ’
3159 1407 3224 1460 ἂν
3259 1406 3594 1472 ἐπιδείξαιτο
3623 1407 3695 1460 τά
3723 1405 3906 1460 αὐτοῦ·

2223 1497 2283 1549 ού
2318 1495 2426 1567 γάρ
2454 1497 2519 1551 ἂν
2556 1496 2788 1550 δύναιτο.
2828 1494 3094 1565 Καθάπερ
3122 1495 3153 1565 ή
3204 1498 3276 1563 γῆ
3303 1494 3397 1548 τοῦ
3436 1493 3724 1566 γεωργοῦ,
3761 1494 3850 1546 καὶ
3882 1494 3907 1546 ό

2223 1583 2469 1653 γεωργὸς
2493 1583 2665 1636 δεῖται
2694 1581 2842 1655 [284]
2866 1582 2967 1651 τῆς
2995 1583 3097 1652 γῆς
3117 1597 3130 1611 ·
3162 1580 3306 1634 οὕτω
3347 1582 3441 1635 καὶ
3465 1580 3736 1634 ἐνταῦθα.
3761 1582 3908 1634 Ποῖον

2225 1668 2334 1739 γάρ
2366 1669 2480 1739 ἔχει
2520 1668 2710 1740 μισθὸν
2753 1669 3097 1732 διδάσκαλος,
3145 1670 3245 1722 οὐκ
3282 1668 3423 1739 έχων
3472 1667 3753 1733 ἐπιδεῖξαι
3790 1669 3907 1733 τοὺς

2223 1756 2602 1828 διδαχθέντας;
2632 1761 2783 1813 ποῖον
2804 1758 2862 1811 δέ
2881 1759 2932 1811 οἱ
2969 1757 3365 1827 διδασκόμενοι,
3396 1757 3469 1828 μὴ
3494 1756 3911 1820 ἀπολαύσαντες

2223 1844 2572 1909 διδασκαλίας
2605 1846 2870 1917 ἀρίστης;
2922 1845 3088 1898 Ὥστε
3121 1843 3323 1915 ὁμοίως
3361 1844 3626 1913 ἀλλήλων
3647 1842 3914 1914 χρῄζομεν

2225 1933 2408 1996 πάλιν,
2465 1934 2560 1988 καὶ
2628 1934 2887 2004 ἄρχοντες
2926 1931 3265 2003 ἀρχομένων,
3296 1931 3393 1984 καὶ
3456 1932 3780 2003 ἡγούμενος
3816 1932 3914 1983 ῦπ-

2224 2023 2405 2093 ηκόων
2427 2038 2442 2053 ·
2498 2023 2754 2093 ἄρχοντες
2787 2022 2884 2092 μὲν
2912 2022 3022 2092 γάρ
3077 2019 3288 2074 πολλῶν
3319 2020 3524 2073 ἕνεκεν.
3590 2020 3788 2084 Οὐδεὶς
3810 2020 3911 2089 γάρ

2226 2112 2388 2183 ἀρκεῖ
2414 2111 2535 2165 καθ’
2570 2112 2758 2165 ἑαυτόν
2787 2129 2838 2164 τι
2860 2110 3085 2182 πρᾶξαι,
3113 2110 3178 2165 ἀν
3205 2127 3265 2163 τε
3288 2109 3678 2180 χειροτονῆσαι
3707 2109 3819 2180 δέῃ,
3850 2109 3908 2160 ἄν

2225 2216 2285 2253 τε
2320 2198 2514 2269 βουλάς
2557 2198 2856 2268 σκέψασθαι
2900 2198 2994 2251 καὶ
3034 2196 3279 2267 γνώμας,
3315 2196 3450 2251 ἀλλα
3472 2196 3805 2267 τιμιώτεροι
3828 2195 3908 2262 7i-

2226 2302 2407 2340 νονται
2425 2286 2530 2340 ἀπὸ
2557 2287 2653 2356 τῆς
2677 2284 2895 2340 συνόδου
2921 2283 3130 2338 καὶτοῦ
3151 2283 3404 2355 πλήθους.
3434 2276 3580 2345 υἷον,
3609 2284 3662 2337 οἱ
3686 2283 3910 2351 πένητες

2226 2372 2335 2426 τῶν
2372 2374 2621 2428 διδόντων
2664 2373 2977 2445 χρῄζουσιν,
3018 2373 3068 2424 οἱ
3098 2371 3329 2435 διδόντες
3358 2370 3467 2424 τῶν
3516 2370 3909 2441 λαμϐανόντων

2226 2459 2407 2516 πάλιν.
2444 2461 2792 2526 Ἁλλεὶλους,
2829 2460 2986 2530 φησὶ,
3038 2458 3475 2524 κατανοοῦντες
3504 2460 3598 2523 εις
3649 2457 3907 2526 παροξυ-

2225 2546 2384 2615 σμὸν
2406 2546 2661 2615 ἀγάπης,
2700 2546 2799 2600 καὶ
2826 2546 3029 2600 καλῶν
3059 2545 3271 2615 ἔργων.
3312 2544 3411 2597 Διὰ
3462 2542 3629 2598 τοῦτο
3691 2543 3908 2614 μείζονα

2225 2636 2449 2690 δύναται
2479 2635 2541 2688 τὸ
2568 2636 2745 2689 κοινὸν
2777 2636 2878 2704 τῆς
2904 2632 3253 2701 Ἐκκλησίας,
3286 2633 3380 2686 καὶ
3422 2632 3567 2703 ἅπερ
3631 2630 3758 2685 καθ’
3785 2632 3907 2685 ἑαυ-

2225 2729 2317 2780 τὸν
2329 2727 2391 2779 οὐ
2415 2726 2636 2780 δύναταί
2662 2740 2743 2789 τις
2749 2777 2764 2804 ,
2784 2723 2923 2795 μετὰ
2948 2722 3055 2776 τῶν
3075 2722 3251 2776 ἄλλων
3270 2722 3548 2792 γινόμενος
3577 2720 3778 2791 ἰσχύει.
3810 2719 3905 2771 Διὰ

2226 2814 2382 2868 τοῦτο
2435 2813 2668 2884 μάλιστα
2709 2813 3002 2880 ἀναγκαῖαι
3052 2810 3109 2862 αἱ
3157 2810 3314 2878 εὐχαὶ
3372 2807 3614 2862 ἐνταῦθα
3668 2808 3900 2879 γίνονται

2226 2902 2364 2972 ὑπὲρ
2397 2902 2496 2972 τῆς
2515 2901 2860 2971 οἰκουμένης,
2891 2898 3031 2970 ὑπὲρ
3056 2898 3153 2967 τῆς
3194 2896 3517 2968 Ἐκκλησίας
3550 2896 3651 2966 τῆς
3684 2895 3779 2949 ἐπὶ
3804 2911 3904 2948 πει-

2227 2990 2424 3059 ράτων,
2453 2990 2593 3060 ὑπὲρ
2617 2989 2714 3059 τῆς
2732 2989 2975 3058 εἰρήνης,
3003 2985 3143 3054 ὑπὲρ
3168 2982 3276 3038 τῶν
3311 2986 3370 3037 ἐν
3415 2984 3739 3054 συμφοραῖς.
3792 2978 3904 3034 Καὶ

2226 3077 2386 3131 τοῦτο
2410 3079 2438 3131 6
2459 3076 2670 3140 Παῦλος
2690 3076 2839 3148 δηλοί
2869 3074 3074 3142 λέγων·
3118 3074 3244 3129 Ἵνα
3268 3072 3332 3127 τὸ
3354 3074 3443 3138 εὶς
3464 3069 3617 3142 ἡμᾶς
3640 3070 3901 3141 χάρισμα

2225 3165 2296 3221 ἐν
2325 3164 2535 3231 πολλῷ
2563 3163 2863 3233 προσώπῳ
2888 3161 2986 3217 διὰ
3013 3161 3263 3216 πολλῶν
3295 3158 3707 3231 εὐχαριστηθῇ
3752 3158 3898 3225 ὑπὲρ

2227 3252 2398 3324 ήμῶν
2421 3269 2435 3285 ·
2472 3253 2773 3315 τουτέστιν,
2813 3251 2900 3305 ἵνα
2937 3249 3150 3312 πολλοῖς
3177 3248 3492 3320 χαρίσηται.
3514 3248 3627 3302 Καὶ
3647 3247 3892 3308 πολλάκις

2228 3336 2408 3390 αὐτῶν
2438 3335 2539 3398 τάς
2557 3333 2724 3404 εὐχὰς
2745 3332 3016 3404 ἐπιζητεῖ.
3054 3332 3196 3403 Ὅρα
3218 3330 3315 3385 καὶ
3339 3330 3433 3383 ἐπὶ
3460 3328 3572 3384 τῶν
3609 3326 3888 3384 Νινευῖτῶν

2228 3422 2281 3476 τί
2312 3440 2474 3493 φησιν
2501 3424 2529 3475 6
2546 3422 2698 3485 Θεὸς·
2734 3421 2873 3491 Ἐγὼ
2889 3421 2957 3474 δὲ
2978 3421 3050 3474 οὐ
3073 3420 3355 3490 φείσομαι
3377 3418 3489 3488 τῆς
3505 3420 3749 3484 πόλεως,
3769 3408 3887 3486 ἐνῇ

2228 3511 2577 3565 κατοικοῦσι
2606 3511 2857 3575 πλείους
2885 3510 2923 3579 ἣ
2957 3508 3187 3563 δώδεκα
3210 3507 3540 3579 μυριάδες;
3580 3509 3767 3562 Ὅπου
3789 3503 3892 3557 δύο

2230 3600 2268 3669 ἢ
2306 3600 2462 3668 τρεῖς
2490 3602 2610 3654 εισι
2639 3600 3031 3669 συνηγμένοι,
3062 3598 3247 3669 φησὶν,
3279 3599 3368 3663 είς
3417 3596 3483 3650 τὸ
3527 3596 3667 3668 ἐμὸν
3698 3595 3891 3663 ὄνομα,

2228 3687 2357 3741 ἐκεῖ
2381 3690 2498 3758 είμι
2532 3689 2602 3742 έν
2637 3686 2805 3758 μέσῳ
2835 3686 3054 3740 αὐτῶν.
3113 3686 3177 3738 Et
3226 3683 3285 3738 δέ
3323 3683 3417 3738 δύο
3447 3683 3587 3755 μέγα
3640 3683 3897 3753 ἰσχύουσι,

2230 3775 2383 3845 πόσῳ
2416 3775 2619 3846 μᾶλλον
2656 3774 2904 3839 πλείους;
2938 3773 3000 3825 Εἰ
3032 3771 3089 3825 δὲ
3120 3771 3217 3825 καὶ
3244 3765 3326 3832 εἷς
3358 3770 3434 3823 ὢν
3479 3770 3739 3841 ἰσχύσεις,
3792 3765 3899 3819 ἀλλ’

2228 3863 2328 3933 οὐχ
2356 3862 2577 3932 ὁμοίως.
2628 3860 2727 3913 Διά
2763 3859 2899 3912 τίδὲ
2932 3858 3028 3914 καὶ
3054 3853 3135 3922 εἷς
3186 3853 3265 3924 εἷς
3323 3856 3412 3911 διὰ
3454 3857 3509 3909 τί
3551 3858 3652 3911 οὐκ
3699 3852 3900 3925 ἐργάζῃ

2230 3949 2487 4016 πολλούς;
2526 3949 2614 4003 διὰ
2643 3949 2697 4002 τί
2727 3948 2801 4019 μὴ
2826 3947 2953 4020 γίνῃ
2983 3946 3314 4018 δημιουργὸς
3337 3946 3591 4016 ἀγάπης;
3631 3944 3720 3998 διά
3741 3942 3792 3995 τί
3828 3941 3903 4013 μὴ

2228 4039 2661 4103 κατασκευάζεις
2706 4037 2916 4106 φιλίαν;
2971 4036 3044 4089 Τὸ
3086 4036 3333 4106 μέγιστον
3362 4032 3463 4102 τῆς
3492 4032 3697 4103 ἀρετῆς
3722 4027 3899 4097 ἐγκώο

2234 4144 2355 4197 μιον
2388 4128 2490 4179 οὐκ
2518 4124 2680 4197 ἔχεις.
2725 4126 2935 4196 Ὥσπερ
2988 4124 3096 4194 γάρ
3125 4122 3185 4177 τὸ
3215 4123 3277 4175 ἐκ
3333 4119 3603 4190 συνθήκης
3638 4115 3772 4172 εἶναι
3806 4134 3905 4169 καο

2229 4211 2380 4275 κοὺς,
2422 4209 2623 4280 μᾶλλον
2650 4207 2939 4278 παροξύνει
2970 4207 3059 4260 τὸν
3091 4206 3221 4261 Θεόν
3240 4221 3255 4235 ·
3288 4203 3428 4259 οῦτω
3457 4203 3551 4257 καί⁸
3586 4202 3649 4256 τὸ
3689 4204 3745 4255 ἐν
3767 4203 3899 4271 ὁμο·

2230 4296 2349 4369 νοίᾳ
2380 4293 2518 4351 εἶναι
2555 4294 2814 4365 ἀγαθοὺς,
2860 4294 3060 4366 μᾶλλον
3100 4293 3398 4364 εὐφραίνει.
3438 4293 3562 4346 Οὐκ
3587 4289 3727 4360 έσῃ,
3749 4289 3898 4360 φησὶ,

2224 4384 2373 4454 μετά
2418 4382 2668 4440 πολλῶν
2710 4383 2809 4437 ἐπὶ
2855 4381 3055 4451 κακίᾳ.
3123 4380 3354 4446 Πάντες
3398 4378 3738 4445 ἐξέκλιναν,
3784 4376 3897 4447 ἅμα

2230 4472 2667 4542 ἠχρειὼθησαν,
2698 4473 2793 4527 καὶ
2822 4474 3069 4541 ἐγένοντο
3098 4471 3173 4535 ὡς
3208 4470 3427 4542 ᾅδοντες
3455 4471 3512 4523 ἐν
3539 4473 3660 4534 ταῖς
3688 4467 3893 4528 κακίαις

2233 4561 2433 4615 αὐτῶν.
2466 4559 2892 4615 Κατασκεύασόν
2931 4577 3013 4613 σοι
3044 4559 3230 4629 φίλους
3255 4559 3361 4630 πρὸ
3396 4558 3502 4612 τῶν
3539 4558 3759 4621 οίκείων,
3791 4553 3890 4622 πρὸ

2230 4647 2337 4701 τῶν
2396 4647 2571 4702 ἄλλων
2610 4648 2887 4704 ἁπάντων.
2936 4649 2999 4701 Εἰ
3054 4648 3082 4699 6
3112 4645 3472 4718 είρηνοποιὸς,
3519 4645 3626 4709 υἱὸς
3661 4642 3819 4697 Θεοῦ·
3861 4641 3889 4694 6

2233 4737 2325 4789 καὶ
2357 4735 2545 4805 φίλους
2583 4735 3029 4802 κατασκευάζων,
3066 4735 3217 4805 πόσῳ
3257 4733 3495 4805 μᾶλλον;
3556 4735 3603 4788 εί
3639 4733 3667 4785 ὁ
3706 4730 3897 4786 καταλ-

2231 4819 2443 4874 λάττων
2486 4819 2667 4890 μόνον,
2701 4818 2817 4882 υίὸς
2863 4817 2997 4871 Θεοῦ
3045 4817 3323 4871 καλεῖται·
3380 4819 3408 4870 6
3440 4817 3569 4880 τοὺς
3606 4815 3897 4871 καταλλατ-

2230 4907 2493 4979 τομένους
2525 4906 2709 4977 φίλους
2741 4905 2930 4972 ποιῶν,
2961 4906 3104 4968 τίνος
3155 4905 3255 4957 οὐκ
3288 4902 3440 4959 ἐσται
3471 4902 3649 4970 ἄξιος;
3693 4903 3897 4971 Ταύτην

2232 4993 2516 5065 ποιώμεθα
2547 4994 2645 5063 τὴν
2678 4993 2969 5065 ἐμπορίαν,
2992 4993 3177 5062 φίλους
3207 4991 3451 5061 ποιῶμεν
3494 4990 3746 5062 ἀλλήλοις
3784 4993 3898 5051 τοὺς

2230 5083 2478 5153 ἐχθροὺς,
2519 5083 2769 5146 καὶτοὺς
2815 5082 2915 5135 οὐκ
2948 5081 3176 5153 ἐχθροὺς
3216 5080 3336 5150 μὲν,
3369 5079 3430 5132 οὐ
3468 5077 3654 5148 φίλους
3698 5078 3776 5144 6'5,
3816 5077 3901 5133 καὶ
3946 5086 3958 5098 ⁸

2232 5171 2456 5233 τούτους
2486 5172 2910 5240 συναγάγωμεν,
2959 5169 3054 5222 καὶ
3111 5167 3217 5238 πρὸ
3255 5168 3474 5221 πάντων
3505 5167 3655 5237 ἡμᾶς
3690 5164 3899 5229 αὐτούς.

2233 5260 2499 5332 Καθάπερ
2523 5260 2632 5332 γὰρ
2668 5260 2695 5312 6
2724 5260 2781 5312 ἐν
2827 5261 2893 5330 τῇ
2934 5258 3081 5330 οἰκίᾳ
3111 5257 3311 5329 ἔχθραν
3344 5256 3503 5328 ἔχων,
3528 5255 3622 5309 καὶ
3650 5254 3784 5326 πρὸς
3812 5251 3903 5323 τὴν

2233 5351 2467 5417 γυναῖκα
2513 5348 2613 5418 τὴν
2666 5346 2858 5400 ἐαυτοῦ
2907 5344 3229 5417 διεστηκὼς,
3277 5346 3377 5398 οὐκ
3415 5343 3561 5397 ἔστιν
3598 5342 3906 5408 ἀξιόπιστος

2233 5439 2451 5510 ἐτέρους
2506 5435 2914 5502 καταλλάττων,
2962 5434 3080 5488 ἀλλ’
3118 5433 3448 5489 ἀκούσεται·
3492 5431 3690 5501 Ἰατρέ,
3738 5427 3905 5497 θερά-

2233 5540 2469 5581 πευσον
2497 5524 2787 5580 σεαυτόν·
2816 5523 2960 5578 οῦτω
2997 5524 3063 5595 δὴ
3091 5523 3185 5577 καὶ
3220 5520 3454 5576 ἐνταῦθα
3476 5519 3786 5574 ἀκούσεται.
3816 5517 3908 5580 Τίς

2234 5611 2327 5668 οὖν
2365 5616 2511 5668 ἐστιν
2537 5615 2669 5683 ήμῖν
2698 5614 2731 5683 ή
2776 5609 2977 5683 ἔχθρα;
3024 5612 3089 5665 Ἠ
3124 5612 3223 5678 τῆς
3260 5609 3441 5680 ψυχῆς
3475 5607 3613 5679 πρὸς
3643 5608 3706 5660 τὸ
3733 5606 3909 5677 σῶμα,

2234 5704 2268 5773 ἡ
2296 5701 2394 5771 τῆς
2433 5699 2631 5763 κακίας
2665 5697 2803 5769 πρὸς
2840 5697 2939 5770 τὴν
2977 5697 3199 5771 ἀρετήν.
3232 5695 3451 5768 Ταύτην
3495 5693 3912 5773 καταλύσωμεν,

2235 5789 2422 5841 τοῦτον
2462 5786 2738 5858 ἀνέλωμεν
2781 5786 2872 5838 τὸν
2921 5784 3180 5856 πόλεμον,
3217 5784 3311 5837 καὶ
3359 5784 3481 5837 τότε
3526 5782 3645 5854 μετ’
3685 5765 3915 5853 ἐἰρήνης

2237 5877 2468 5937 καὶτοῖς
2506 5874 2688 5938 ἄλλοις
2734 5872 3090 5943 διαλεξόμεθα
3139 5871 3278 5942 μετὰ
3314 5870 3517 5941 πολλῆς
3556 5869 3657 5945 τῆς
3697 5870 3914 5939 παρρη-

2239 5967 2380 6029 σίας,
2413 5963 2471 6017 οὐ
2510 5959 2945 6031 κατηγοροῦντος
2982 5957 3138 6029 ήμῶν
3176 5958 3272 6013 τοῦ
3314 5956 3634 6022 συνειδότος.
3670 5957 3917 6026 Μάχεται

2242 6051 2412 6120 θυμὸς
2459 6047 2761 6119 ἐπιεικείᾳ,
2812 6047 3050 6119 μάχεται
3110 6047 3410 6122 χρημάτων
3458 6045 3599 6121 ἔρως
3646 6044 3916 6118 ὑπεροψίᾳ
