4112 6446
384 459 499 517 265

385 574 624 626 furorem
652 564 1020 623 subindicans.
1057 561 1243 618 Statim
1284 576 1400 615 vero
1442 557 1668 612 Paulum
1714 554 1983 609 emiserunt

382 663 593 730 fratres,
622 667 677 714 ut
705 667 819 723 iret,
849 656 1038 727 inquit,
1069 653 1216 725 quasi
1242 651 1311 706 ad
1340 666 1498 704 mare.
1529 648 1591 703 Ili
1620 647 1727 716 jam
1758 643 1987 699 Paulum

382 754 564 807 solum
605 750 826 805 mittunt
858 764 872 800 :
902 744 1214 801 metuebam
1257 743 1400 798 enim
1442 756 1509 795 ne
1554 738 1679 808 quid
1729 734 1826 805 ipsi
1859 733 1984 788 mali

385 842 679 903 accideret,
713 839 857 909 quod
886 838 989 893 illis
1020 850 1227 891 summa
1268 848 1395 889 cura
1437 840 1551 887 erat
1582 848 1595 884 :
1626 829 1704 884 sic
1730 842 1834 882 non
1862 824 1984 880 ubi-

387 949 491 1005 que
520 933 692 1005 gratia
712 931 1049 1002 operabatur,
1071 927 1164 983 sed
1187 926 1394 981 sinebat
1413 925 1530 979 illos
1552 923 1781 977 humana
1803 933 1982 989 agerc,

390 1027 510 1081 illos
541 1026 781 1079 excitans
820 1030 873 1076 et
909 1018 1359 1090 exporgi-ﬁciens,
1403 1026 1561 1085 atque
1591 1014 1644 1068 in
1675 1010 1989 1069 sallicitudi-

386 1132 514 1171 nem
559 1114 821 1185 injiciens.
864 1111 996 1167 Vide
1042 1125 1188 1180 ergo,
1234 1124 1403 1179 usque
1446 1106 1719 1176 Philippos
1757 1101 1989 1157 servavit

389 1224 509 1275 eos,
540 1205 663 1262 inde
691 1220 818 1261 vero
847 1220 950 1258 non
980 1202 1130 1258 item.
1167 1202 1231 1256 Et
1262 1209 1464 1270 accepto
1494 1198 1751 1261 mandato,
1793 1194 1985 1265 inquit,

389 1302 459 1355 ad
487 1299 655 1356 Silam
676 1308 722 1352 et
753 1297 1090 1362 Timotheum,
1123 1304 1175 1348 ut
1207 1311 1358 1365 quam
1388 1292 1647 1347 celerrime
1672 1289 1895 1343 venirent
1921 1284 1989 1340 ad

392 1409 530 1458 eam,
563 1390 779 1462 profecti
803 1398 939 1442 sunt.
972 1385 1131 1457 quue
1163 1382 1352 1439 merito
1386 1401 1399 1437 :
1427 1381 1633 1438 etiamsi
1673 1381 1816 1436 enim
1848 1378 1988 1433 Pau-

392 1482 476 1537 lus
505 1488 667 1546 esset,
704 1495 839 1551 opus
883 1477 1112 1533 habebat
1156 1476 1281 1530 illis.
1328 1474 1492 1545 igitur
1532 1474 1584 1526 in
1627 1468 1987 1526 Macedoniam

392 1575 535 1631 bene
561 1589 592 1629 a
620 1575 728 1629 Deo
774 1569 1223 1643 impellebantur;
1266 1567 1409 1622 clara
1451 1580 1682 1635 namque
1724 1561 1836 1633 jam
1874 1569 1988 1615 erat

397 1666 645 1722 Graecia:
674 1665 909 1733 alioquin
951 1674 1006 1718 et
1033 1663 1133 1717 alia
1178 1670 1374 1732 praeter
1418 1657 1790 1713 necessitatem
1825 1653 1988 1708 faeie-

404 1758 516 1813 bat.
548 1755 787 1812 Christus
812 1755 1049 1825 jnsscrat
1069 1752 1136 1807 de
1166 1750 1445 1821 evangelio
1471 1749 1651 1803 vivere
1678 1747 1752 1819 (1.
1786 1745 1904 1799 Cur.
1933 1743 1988 1797 9.

398 1849 527 1922 M);
558 1850 641 1905 hic
656 1859 832 1905 autem
860 1863 966 1903 non
996 1845 1254 1901 faciebat:
1278 1842 1519 1900 Christus
1548 1857 1651 1896 non
1678 1838 1819 1893 misit
1841 1838 1989 1890 illum

394 1941 667 2012 baptizare
696 1939 770 2012 (1.
807 1939 923 1993 Car.
968 1938 1021 1995 1.
1066 1936 1194 2008 17);
1231 1935 1314 1989 hic
1344 1949 1473 1989 vero
1502 1931 1822 2002 baptizabat.
1861 1929 1990 1984 \‘ide

394 2033 664 2105 quomodo
693 2029 1052 2087 conferendas
1094 2028 1344 2083 omnibus
1384 2034 1518 2081 erat.
1561 2025 1751 2080 Petrus
1791 2021 1857 2076 ad
1888 2022 1993 2075 cir-

392 2125 796 2189 cumcisinnem,
829 2125 913 2178 hic
935 2121 999 2177 ad
1027 2131 1238 2192 gentes,
1267 2119 1331 2174 ad
1373 2118 1627 2188 majorem
1665 2124 1892 2185 partem.
1923 2112 1992 2167 Et

392 2223 622 2285 accepta,
655 2213 843 2284 inquit,
873 2212 1221 2282 satisfactione
1254 2226 1285 2263 a
1317 2208 1530 2274 Jasone,
1556 2206 1860 2261 dimiserunt
1886 2221 1989 2260 eos.

396 2309 532 2365 Vide
569 2307 838 2379 quomodo
865 2305 1229 2361 satisfactione
1259 2302 1381 2358 data
1410 2302 1572 2358 Jason
1613 2300 1833 2356 Paulum
1859 2297 1992 2353 emi-

394 2403 505 2468 sit;
535 2413 590 2457 et
619 2402 688 2455 ita
714 2401 947 2456 animam
983 2413 1135 2453 suam
1179 2411 1276 2467 pro
1317 2394 1410 2450 illo
1445 2394 1638 2466 posuit.
1673 2391 1767 2457 Hi,
1798 2389 1988 2460 inquit,

394 2506 541 2551 erant
562 2494 863 2551 nobilissimi
894 2489 1461 2552 Thessalonicensium;
1492 2487 1544 2542 id
1574 2493 1679 2553 est,
1717 2485 1910 2539 virtute
1939 2491 1993 2536 et

397 2588 504 2642 lide
542 2602 667 2658 erga
713 2586 898 2641 Deum.
943 2584 1043 2653 Qui
1079 2589 1409 2652 susceperunt
1455 2577 1659 2632 verbum
1699 2592 1816 2630 cum
1855 2573 1993 2649 omni

396 2680 679 2743 alacritate,
714 2677 903 2747 inquit,
930 2674 1155 2746 quotidie
1175 2679 1455 2726 scrutantes
1474 2668 1794 2739 Scripturas,
1815 2666 1861 2721 si
1885 2666 1993 2720 luce

398 2772 470 2824 ita
498 2786 552 2825 se
579 2761 834 2824 haberentl
867 2767 984 2821 Non
1009 2777 1213 2822 temere
1242 2780 1306 2819 ex
1334 2762 1538 2833 impetu
1567 2770 1621 2817 et
1647 2760 1785 2815 zelo.
1818 2776 1826 2785 ’
1988 2768 1997 2839 ί

475 2860 540 2914 In
561 2860 838 2930 majoribus
859 2857 1139 2912 civitatibus
1157 2857 1352 2927 pejores
1373 2850 1855 2921 homines—Atqui
1881 2862 1995 2905 ma,

391 2955 483 3025 jur
512 2954 637 3010 urbs
661 2962 775 3009 erat
795 2995 811 3019 ,
844 2960 899 3008 et
927 2951 1169 3008 forenses
1199 2950 1442 3006 homines
1469 2957 1622 3004 erant
1651 2947 1722 3001 ibi
1755 2963 1767 2998 :
1800 2947 1992 3000 mirum

398 3055 580 3101 autem
611 3062 716 3101 non
742 3053 860 3112 est,
900 3048 945 3098 si
988 3047 1041 3099 in
1082 3045 1286 3113 majore
1330 3041 1546 3097 civitate
1591 3039 1805 3111 pejores
1848 3047 1993 3094 sunt.

399 3138 561 3192 Certe
589 3138 639 3190 in
666 3136 871 3206 majore
898 3135 1108 3206 pejores
1128 3148 1250 3189 esse
1266 3131 1557 3188 verisimile
1577 3142 1682 3197 est,
1706 3131 1796 3186 ubi
1814 3132 1995 3186 inulta:

399 3237 530 3283 sunt
554 3230 828 3284 turbarum
863 3227 1195 3283 occasiones.
1228 3224 1298 3281 Ut
1327 3224 1479 3289 enim
1504 3223 1557 3277 in
1587 3237 1845 3292 corpore,
1871 3238 1992 3277 cum

402 3321 623 3375 morbus
653 3330 735 3374 est
763 3320 997 3389 gravior,
1030 3317 1151 3388 plus
1179 3315 1338 3370 habet
1365 3314 1607 3369 materiae
1635 3325 1689 3368 et
1715 3312 1991 3367 alimenti:

401 3412 477 3464 ita
523 3422 577 3465 et
604 3410 705 3465 hoc
750 3409 871 3464 loco
892 3452 907 3477 ,
941 3408 1082 3479 quod
1107 3416 1163 3463 et
1191 3405 1352 3462 Iconii
1384 3404 1582 3461 factum
1616 3414 1736 3471 est,
1770 3414 1825 3460 et
1855 3419 1995 3458 nunc

399 3519 635 3574 quoque.
670 3502 737 3558 Et
767 3503 1038 3574 egreditur
1068 3500 1286 3565 Paulus,
1316 3508 1372 3555 ut
1402 3509 1456 3554 et
1479 3499 1706 3554 aliorum
1739 3498 1993 3568 perniciei

398 3610 591 3666 pinnas
616 3590 762 3650 dent.
792 3594 916 3651 Ideo
942 3592 1156 3650 dicebat
1187 3590 1383 3648 Paulus
1416 3609 1428 3647 :
1462 3590 1860 3646 Prohibentibus
1903 3606 1995 3645 nos

397 3685 543 3757 loqui
567 3685 793 3757 gentibus
823 3685 908 3758 (1.
943 3684 1120 3741 Thess.
1144 3685 1199 3740 2.
1229 3685 1355 3755 16).
1387 3684 1452 3739 Ει
1475 3698 1571 3739 cur
1600 3681 1775 3749 isthic,
1800 3683 1989 3754 inquit,

397 3793 510 3832 non
556 3776 906 3833 manserunt?
953 3791 1053 3831 cur
1099 3791 1207 3830 non
1256 3775 1404 3847 signa
1448 3772 1727 3831 fecerunt?
1769 3773 1901 3828 Nam
1947 3772 1993 3830 si

398 3869 550 3934 illic,
606 3868 696 3923 ubi
749 3867 1017 3939 lapidatus
1072 3875 1196 3936 est,
1246 3867 1444 3922 mansit
1496 3867 1662 3921 multo
1716 3874 1991 3936 tempore;

397 3962 570 4017 multo
595 3961 764 4034 magis
790 3960 878 4016 hic
907 3960 1230 4017 manendum
1261 3969 1398 4015 erat.
1435 3960 1650 4028 Quare?
1690 3958 1808 4015 Non
1848 3974 1994 4014 sem-

397 4071 495 4126 per
527 4055 736 4110 rolebat
758 4053 901 4110 Deus
928 4054 1048 4109 illos
1074 4054 1190 4108 haec
1217 4053 1367 4124 signa
1399 4052 1573 4108 facere
1600 4067 1612 4102 :
1644 4068 1819 4123 neque
1849 4055 1994 4109 enim

396 4146 576 4200 minus
602 4145 811 4216 signum
838 4152 922 4200 est
963 4144 1080 4199 sine
1125 4145 1293 4214 signis
1332 4143 1584 4209 vincere,
1635 4157 1795 4212 quam
1843 4143 1993 4213 signa

395 4237 597 4293 facere.
634 4236 848 4308 Itaque,
882 4237 1020 4291 sicut
1048 4248 1190 4291 nunc
1215 4275 1229 4301 ,
1258 4235 1459 4305 absque
1488 4234 1654 4305 signis
1697 4235 1951 4304 prmvalct
1976 4251 1991 4289 :

394 4329 475 4386 sic
501 4336 557 4385 et
585 4338 712 4384 tunc
740 4343 883 4398 szepe
910 4326 1121 4382 volebat
1144 4328 1379 4381 vincere.
1409 4324 1594 4396 Itaque
1621 4340 1722 4382 nec
1766 4324 1993 4395 apostoli

392 4421 462 4476 ad
492 4422 646 4493 signa
676 4421 1005 4486 currebant,
1038 4429 1096 4473 ut
1122 4429 1177 4473 et
1207 4420 1321 4488 ipse
1350 4419 1425 4472 ait
1457 4435 1470 4471 :
1506 4415 1619 4471 Nos
1642 4427 1808 4472 autem
1856 4434 1993 4488 prte-

396 4515 634 4569 dicamus
663 4509 922 4567 Christum
945 4512 1245 4580 cruci/imum
1276 4511 1296 4580 (
1324 4511 1373 4564 1.
1402 4508 1523 4564 Cor.
1556 4510 1608 4564 1.
1656 4508 1783 4582 25).
1831 4508 1993 4580 Signa

392 4603 765 4678 quaerentibus
793 4612 847 4658 et
887 4603 1241 4674 sapientiam,
1292 4602 1408 4658 haec
1456 4600 1646 4657 damus
1671 4643 1684 4668 ,
1732 4618 1851 4669 quae
1893 4617 1994 4657 nec

395 4711 520 4750 cum
569 4695 738 4764 signis
782 4692 1096 4765 persuaderi
1146 4701 1411 4764 possunt,
1476 4702 1531 4748 et
1581 4693 1987 4763 persuademus.

401 4787 583 4856 Itaque
608 4800 861 4855 magnum
890 4785 1018 4841 illud
1047 4785 1258 4856 signum
1290 4793 1425 4840 erat.
1460 4783 1591 4839 Vide
1616 4800 1743 4854 ergo
1758 4785 1869 4856 jam
1900 4801 1993 4841 ex-

403 4886 557 4934 tensa
606 4878 1028 4949 praadicatione,
1082 4893 1241 4949 quam
1288 4877 1396 4931 cito
1444 4887 1664 4932 currant
1698 4876 1766 4932 ad
1817 4878 1987 4949 signa.

302 5007 311 5015 .
406 4962 695 5038 Oportebat
715 4969 859 5024 enim
876 4967 987 5040 jam
1016 4976 1237 5039 propter
1258 4965 1543 5022 credentes
1571 4967 1723 5036 plura
1750 4980 1871 5023 esse
1918 4968 1991 5023 si-

405 5076 538 5133 gna,
565 5076 713 5131 quam
743 5063 872 5118 alibi
904 5079 917 5116 :
951 5063 1133 5133 itaque
1164 5050 1325 5128 ﬁunt;
1354 5055 1449 5116 sed
1484 5054 1784 5116 recedendo
1813 5070 1867 5117 et
1903 5076 1993 5117 ac-

401 5151 646 5210 cedendo
663 5154 753 5210 illa
780 5152 1067 5211 faciebant.
1094 5152 1386 5208 Emiserunt
1406 5152 1575 5220 illum,
1599 5152 1809 5222 inquit,
1847 5153 1992 5224 quasi

393 5247 470 5301 ad
498 5263 657 5302 mare.
679 5236 904 5316 Quare?
934 5246 1004 5302 Ut
1032 5262 1137 5301 non
1179 5253 1401 5317 possent
1431 5244 1578 5299 illum
1607 5243 1763 5301 facile
1790 5260 1986 5316 appre-

392 5337 660 5395 hendere.
692 5338 844 5394 Adeo
882 5353 976 5409 per
1004 5353 1064 5394 se
1091 5337 1191 5408 ipsi
1235 5351 1487 5407 magnum
1535 5335 1661 5406 quid
1706 5336 1988 5408 praestitis-

389 5436 538 5499 sent,
568 5436 621 5485 et
649 5444 770 5485 cum
793 5428 886 5484 illo
902 5429 1066 5484 multa
1085 5427 1223 5484 bene
1243 5434 1523 5498 gesserunt
1543 5441 1606 5482 ac
1628 5427 1984 5498 perfecerunt.

394 5522 621 5581 Interim
650 5522 801 5579 illum
830 5537 1020 5579 eruere
1046 5521 1317 5578 volebant.

462 5615 524 5672 ὅ.
556 5614 689 5670 Vide
714 5619 915 5686 quanta
944 5612 1191 5684 discipuli
1219 5627 1344 5684 erga
1376 5610 1676 5682 praecipuos
1704 5611 1990 5669 utebantur

385 5714 650 5763 curant
702 5720 807 5762 non
856 5704 993 5761 sicut
1041 5718 1183 5760 nunc
1224 5704 1381 5760 divisi
1428 5718 1652 5769 sumus;
1698 5702 1989 5759 dividimur

387 5811 627 5873 namque
652 5795 805 5868 parvi
828 5803 885 5855 et
909 5794 1087 5867 magni
1117 5812 1131 5849 :
1162 5796 1307 5851 inter
1343 5809 1442 5850 nos
1493 5793 1583 5850 alii
1628 5794 1983 5862 extolluntur,

394 5872 791 5955 aliiinvident;
837 5883 1065 5957 ideoque
1092 5884 1359 5949 invident,
1392 5885 1514 5954 quia
1563 5900 1662 5942 nos
1712 5884 1982 5954 intlamur,

1334 408 1409 497 in
1444 441 1626 499 ACTA
1671 430 2192 494 APOSTOLORUM.
2239 429 2468 487 nosne.
2511 398 2775 487 λάχνη.

3577 424 3679 485 $63

2096 562 2195 601 nec
2248 547 2480 617 patimur
2531 545 2813 617 :nqualitcr
2853 559 3014 617 agere
3062 560 3185 601 cum
3233 542 3357 601 illis.
3405 545 3606 602 Idcirco
3634 548 3684 601 in

2091 651 2322 707 corpore
2367 645 2662 693 concentus
2701 647 2814 704 est,
2852 638 2975 707 quia
3025 652 3130 693 non
3173 648 3256 692 est
3294 638 3498 693 inﬂatio
3529 656 3543 693 :
3579 654 3684 693 non

2092 741 2178 789 est
2202 745 2377 789 autem
2407 734 2617 789 inflatio
2637 776 2653 802 ,
2686 732 2809 803 quia
2838 734 2917 788 sic
2945 734 3185 788 membra
3214 733 3472 805 disposita
3513 744 3638 788 sunt
3668 775 3684 799 ,

2094 832 2151 876 ut
2179 824 2319 877 aliud
2347 822 2454 878 alio
2482 836 2617 893 Opus
2649 823 2842 879 habeat
2870 841 2883 878 ε
2915 833 3073 893 caput
3094 822 3318 895 pedibus
3346 839 3480 895 opus
3504 825 3684 891 habet,

2093 924 2145 967 et
2174 914 2338 984 pedes
2362 914 2559 985 capite.
2586 914 2653 970 Et
2678 915 2783 970 hoc
2810 912 2966 971 nobis
3003 915 3127 971 fecit
3173 916 3345 985 Deus,
3391 933 3565 989 neque
3609 919 3687 974 sic

2073 1001 2418 1062 sustinemus
2451 1025 2464 1061 :
2500 1016 2775 1079 oporteret
2801 1006 2942 1063 enim
2969 1049 2984 1074 ,
3016 1009 3224 1064 etiamsi
3259 1011 3360 1065 hoc
3388 1026 3494 1065 non
3520 1021 3685 1081 esset,

2095 1102 2369 1157 caritatem
2400 1117 2541 1158 esse.
2572 1104 2764 1158 Annon
2796 1102 2993 1157 auditis
3017 1114 3270 1157 externos
3292 1145 3307 1169 ,
3338 1105 3429 1174 qui
3461 1119 3561 1158 nos
3594 1119 3687 1160 ca-

2095 1192 2449 1260 lumniantur,
2483 1193 2699 1264 quando
2725 1193 2912 1248 dicunt
2944 1209 2958 1246 :
3005 1193 3176 1249 Utiles
3216 1196 3504 1250 amicitize?
3541 1195 3686 1250 Laici

2099 1285 2253 1340 nobis
2285 1301 2421 1355 Opus
2450 1286 2681 1352 habent;
2731 1300 2830 1341 nos
2881 1300 3013 1341 vero
3052 1297 3265 1341 rursum
3309 1298 3528 1357 propter
3569 1290 3689 1343 illus

2095 1390 2299 1431 sumus.
2327 1375 2417 1433 Sic
2442 1392 2541 1433 nec
2586 1377 2777 1433 doctor
2820 1392 2921 1432 nec
2968 1378 3218 1447 princeps
3264 1388 3447 1444 esset,
3491 1380 3535 1434 si
3578 1395 3685 1436 non

2095 1467 2346 1524 adessent
2371 1469 2619 1540 discipuli
2644 1477 2699 1524 et
2726 1468 2949 1537 subditi,
2983 1483 3158 1539 neque
3188 1470 3427 1525 lacerent
3450 1486 3571 1542 qua:
3592 1486 3689 1527 sua

2096 1568 2265 1614 sunt:
2298 1575 2405 1615 non
2450 1561 2594 1616 enim
2646 1569 2887 1631 possent.
2934 1559 3397 1628 Quemadmodum
3445 1572 3500 1618 et
3548 1571 3689 1619 terra

2096 1651 2330 1723 agricola
2357 1694 2371 1718 ,
2405 1662 2460 1708 et
2486 1653 2720 1723 agricola
2765 1661 2908 1708 terra
2957 1668 3092 1724 opus
3133 1652 3292 1710 habet
3321 1653 3432 1710 :lta
3484 1666 3536 1712 et
3580 1656 3686 1712 hic.

2096 1742 2267 1811 Quam
2300 1743 2444 1799 enim
2476 1744 2783 1801 mercedem
2808 1745 2968 1801 habet
2994 1745 3185 1802 doctor
3207 1789 3220 1814 ,
3250 1748 3340 1819 qui
3366 1764 3471 1804 non
3516 1760 3692 1821 potest

2102 1836 2389 1892 ostendere
2414 1837 2482 1893 ab
2507 1851 2567 1893 se
2593 1836 2819 1893 edoctos
2843 1839 2867 1892 ?
2895 1853 3053 1908 quam
3082 1840 3115 1894 ii
3148 1842 3236 1910 qui
3269 1841 3533 1897 docentur
3557 1886 3569 1908 ,
3603 1849 3691 1915 qui

2099 1943 2203 1982 non
2232 1929 2435 2000 Optima
2482 1930 2733 1985 fruuntur
2780 1929 3067 1986 doctrina?
3116 1932 3301 2004 Itaque
3335 1936 3471 1991 alter
3522 1938 3693 1994 altero

2098 2036 2233 2091 opus
2259 2020 2543 2089 habemus,
2575 2032 2630 2078 et
2658 2022 2928 2092 principes
2974 2023 3236 2093 subditis,
3287 2035 3342 2082 et
3385 2027 3490 2083 dux
3534 2033 3694 2086 obse-

2098 2113 2389 2184 quentibus
2422 2131 2436 2169 :
2469 2115 2743 2186 principes
2770 2131 3004 2186 namque
3034 2117 3327 2174 multorum
3353 2121 3520 2190 gratia
3545 2135 3690 2180 sunt.

2098 2204 2267 2260 Nemo
2297 2205 2440 2261 enim
2467 2205 2666 2261 sufﬁcit
2693 2222 2789 2277 per
2813 2207 3047 2276 seipsum
3076 2208 3273 2278 aliquid
3299 2213 3511 2278 operari
3535 2257 3550 2279 ,
3581 2215 3694 2271 sive

2097 2302 2349 2358 ordinare
2374 2313 2659 2374 oporteat,
2693 2305 2806 2361 sive
2835 2305 3058 2360 consilia
3090 2317 3145 2363 et
3168 2307 3467 2363 sententias
3502 2308 3692 2378 explo-

2099 2411 2218 2449 rare
2242 2436 2258 2459 ,
2301 2396 2395 2451 sed
2442 2396 2819 2454 honoratiores
2867 2398 2937 2451 illi
2981 2409 3104 2454 sunt
3131 2415 3162 2454 a
3191 2411 3333 2456 coetu
3370 2409 3424 2456 et
3454 2402 3697 2456 multitu-

2097 2486 2245 2543 dine.
2271 2483 2515 2557 Exempli
2542 2490 2733 2559 gratia,
2764 2505 3030 2560 pauperes
3057 2490 3307 2544 dantibus
3336 2501 3529 2562 egent,
3558 2493 3692 2547 dan-

2099 2590 2178 2634 tes
2225 2579 2628 2649 accipientibus.
2688 2578 2785 2635 Vos
2822 2591 2993 2635 mutuo
3038 2582 3445 2651 considerantes,
3497 2586 3689 2655 inquit,

2096 2670 2165 2723 ad
2193 2670 2541 2725 incitationem
2561 2671 2790 2726 caritatis
2819 2682 2867 2726 et
2893 2672 3139 2727 bottorum
3161 2689 3368 2744 operum
3394 2674 3576 2742 (Hebr.
3604 2677 3691 2733 10.

2094 2759 2226 2831 21).
2263 2760 2389 2816 Ideo
2419 2762 2570 2831 plura
2600 2770 2780 2832 potest
2809 2762 3066 2818 Ecclesia:
3092 2775 3303 2831 cmtus;
3333 2767 3552 2837 etquod
3584 2768 3695 2825 sin-

2095 2856 2202 2924 guli
2232 2870 2326 2925 per
2358 2870 2552 2910 senon
2590 2864 2853 2925 possunt,
2906 2872 3025 2910 cum
3072 2857 3199 2913 aliis
3238 2856 3409 2929 juncti
3448 2869 3691 2932 possunt.

2099 2947 2223 3002 Iden
2249 2945 2340 3001 hic
2358 2948 2591 3003 maxime
2615 2949 2935 3004 necessari-.1:
2967 2959 3091 3004 sunt
3136 2966 3325 3021 preces
3375 2967 3473 3023 pro
3518 2954 3651 3010 orbe
3675 2998 3691 3022 ,

2099 3054 2195 3108 pro
2222 3038 2461 3095 Ecclesia
2490 3052 2611 3111 qua:
2638 3041 2691 3094 in
2719 3040 2916 3096 finibus
2946 3050 3032 3096 est
3055 3084 3070 3109 ,
3122 3060 3218 3113 pro
3269 3056 3399 3115 pace
3424 3087 3440 3115 ,
3489 3063 3588 3117 pro
3630 3049 3695 3104 iis

2097 3131 2188 3200 qui
2227 3130 2431 3186 suntin
2456 3130 2782 3186 calamitate.
2816 3131 2880 3187 Et
2929 3132 3032 3187 hoc
3082 3134 3277 3189 Paulus
3324 3137 3561 3205 indicat,
3608 3141 3694 3194 di-

2097 3238 2228 3277 cens
2259 3242 2273 3277 :
2313 3222 2379 3276 Ut
2411 3225 2520 3296 ejus
2539 3264 2557 3292 ,
2588 3240 2703 3296 qua:
2729 3224 2784 3279 in
2811 3226 2954 3279 nobis
2983 3237 3056 3280 est
3075 3269 3089 3295 ,
3144 3229 3433 3284 donationis
3483 3234 3534 3285 in
3579 3250 3697 3303 per-

2097 3317 2234 3368 sonis
2261 3314 2432 3368 multis
2464 3331 2553 3384 per
2580 3316 2769 3370 multos
2798 3318 2979 3388 gratia:
3006 3327 3227 3388 agantur
3273 3338 3366 3391 pro
3415 3319 3558 3378 nobis
3601 3324 3691 3395 (2.

2098 3404 2217 3463 Cor.
2253 3407 2305 3463 1.
2338 3408 2400 3462 11
2427 3408 2470 3479 ).
2505 3406 2617 3463 1100
2646 3416 2746 3475 est,
2781 3419 2837 3462 ut
2868 3410 3051 3464 multis
3078 3412 3246 3480 gratia
3273 3413 3599 3469 conferatur.
3620 3420 3696 3474 Ac

2098 3515 2241 3571 szepe
2271 3501 2483 3555 illorum
2516 3517 2702 3571 preces
2732 3502 2977 3571 requirit.
3011 3501 3145 3558 Vide
3186 3505 3312 3574 quid
3355 3505 3500 3562 dicat
3551 3508 3692 3565 Deus

2097 3603 2153 3649 et
2183 3592 2429 3647 Ninivitis
2460 3611 2473 3647 :
2515 3590 2626 3663 Ego
2647 3609 2764 3646 vero
2793 3610 2893 3647 non
2921 3611 3129 3663 parcam
3160 3596 3287 3661 urbi,
3323 3598 3409 3650 ubi
3435 3609 3552 3653 sunt
3579 3603 3695 3673 plus

2097 3700 2248 3755 quam
2274 3693 2476 3738 centum
2500 3684 2677 3756 viginti
2703 3683 2867 3737 millia
2899 3683 3059 3757 (Jan.
3094 3687 3146 3740 4.
3183 3687 3240 3741 11
3270 3688 3330 3759 )?
3365 3687 3465 3744 Ubi
3493 3690 3594 3745 duo
3617 3693 3701 3749 uel

2098 3785 2226 3841 tres,
2257 3777 2465 3847 inquit,
2495 3777 2786 3847 congregati
2816 3777 3003 3845 fuerint
3025 3778 3078 3831 in
3105 3780 3306 3833 nomine
3332 3798 3461 3847 meo,
3493 3782 3563 3838 ibi
3583 3801 3694 3838 sum
3791 3819 3803 3825 ν

2098 3872 2151 3923 in
2184 3870 2349 3924 medio
2375 3885 2546 3923 eorum
2577 3866 2813 3943 (Matth.
2843 3870 2932 3924 I8.
2963 3867 3091 3942 ΞΟ).
3127 3870 3185 3925 Si
3211 3880 3388 3928 autem
3420 3873 3526 3930 duo
3555 3877 3694 3931 mul-

2102 3970 2210 4017 tmn
2241 3972 2506 4032 possunt,
2536 3971 2736 4033 quanto
2774 3963 2943 4034 magis
2988 3965 3202 4033 plures?
3246 3963 3300 4020 Si
3354 3982 3485 4023 vero
3533 3969 3692 4024 etiam

2100 4068 2237 4108 unus
2269 4052 2471 4122 possit;
2517 4061 2572 4105 at
2617 4068 2721 4107 non
2769 4052 3070 4122 aequaliter.
3111 4053 3220 4109 Cur
3270 4072 3406 4110 unus
3446 4058 3548 4111 es?
3599 4074 3694 4113 cur

2099 4144 2298 4199 multos
2327 4160 2434 4198 non
2461 4143 2638 4198 facis?
2666 4159 2761 4198 cur
2786 4159 2893 4217 non
2946 4160 3004 4200 es
3045 4158 3234 4201 auctor
3272 4150 3512 4204 caritatis
3534 4149 3559 4201 ?
3599 4166 3697 4207 cur

2100 4255 2205 4293 non
2237 4236 2529 4293 amicitiam
2562 4238 2762 4306 paras?
2790 4237 3071 4292 Maximam
3098 4239 3311 4293 virtutis
3337 4240 3546 4296 laudem
3586 4259 3693 4300 non

2100 4328 2290 4385 habes.
2325 4327 2477 4384 Sicut
2505 4327 2649 4383 enim
2678 4341 2801 4383 cum
2827 4342 2891 4381 ex
2921 4336 3076 4398 pacto
3103 4328 3230 4385 mali
3272 4339 3399 4385 sunt
3434 4332 3648 4402 quidam
3674 4376 3690 4403 ,

2102 4417 2274 4489 magis
2303 4418 2520 4474 irritant
2567 4417 2775 4472 Deum:
2811 4417 2889 4472 sic
2932 4418 2984 4471 in
3025 4419 3313 4475 concordia
3356 4420 3527 4478 bonos
3572 4439 3693 4481 esse

2100 4511 2270 4581 magis
2301 4511 2559 4567 oblectat.
2592 4509 2715 4565 Non
2742 4511 2861 4576 eris,
2893 4510 3094 4581 inquit,
3129 4528 3242 4566 cum
3277 4514 3448 4570 multis
3486 4516 3539 4571 in
3585 4534 3692 4573 ma-

2101 4604 2207 4658 lunt
2242 4603 2454 4674 (Exod.
2486 4602 2580 4657 25.
2608 4603 2701 4676 2).
2741 4605 2926 4658 Omnes
2952 4604 3360 4675 declinaverunt,
3392 4607 3544 4665 simul
3573 4612 3692 4667 inu-

2092 4696 2212 4752 tiles
2239 4696 2361 4767 facti
2381 4704 2495 4749 sunt
2525 4692 2709 4763 (Psal.
2743 4695 2829 4749 l3.
2866 4693 2934 4768 5)
2962 4738 2975 4760 ,
3008 4706 3060 4750 et
3087 4696 3212 4751 facti
3243 4707 3369 4753 sunt
3392 4704 3541 4770 quasi
3565 4719 3691 4760 can-

2101 4796 2276 4842 tantes
2306 4787 2358 4840 in
2389 4784 2625 4855 nequitia
2657 4801 2774 4839 sua.
2807 4786 2942 4840 Para
2972 4786 3064 4842 tibi
3114 4788 3315 4843 amicos
3355 4805 3465 4859 pra:
3505 4792 3690 4850 dome-

2099 4878 2271 4941 sticis,
2303 4891 2413 4947 prae
2439 4875 2560 4930 aliis
2587 4876 2856 4932 omnibus.
2889 4874 2943 4932 Si
2978 4876 3251 4946 paciﬁcus,
3283 4888 3367 4936 est
3388 4881 3529 4945 ﬁlius
3554 4885 3646 4942 Dei
3674 4906 3687 4942 :

2098 4979 2299 5040 quanto
2328 4967 2495 5039 magis
2526 4967 2569 5021 is
2592 4967 2679 5039 qui
2708 4968 2974 5022 amicitias
2996 4972 3190 5038 parat?
3217 4971 3261 5025 si
3289 4972 3334 5028 is
3361 4973 3453 5043 qui
3496 4990 3689 5033 recou-

2099 5060 2273 5127 eiliat,
2309 5058 2448 5114 ﬁlius
2492 5057 2585 5113 Dei
2632 5068 2900 5113 vocatur:
2933 5059 3023 5130 qui
3068 5061 3443 5119 reconciliatos
3485 5067 3689 5124 amicos

2100 5150 2254 5218 facit,
2286 5165 2395 5231 quo
2424 5166 2534 5205 non
2560 5151 2663 5205 erit
2691 5149 2883 5221 dignus
2929 5150 3198 5206 munere?
3242 5152 3389 5208 Ilanc
3430 5153 3687 5214 faciamus

2101 5243 2512 5315 negodationem
2545 5261 2558 5297 :
2591 5243 2839 5299 inimicos
2885 5254 3070 5299 mutuo
3114 5246 3316 5302 amicos
3359 5247 3685 5317 reddamus;

2097 5345 2152 5392 et
2173 5350 2267 5392 eos
2287 5334 2381 5405 qui
2404 5350 2503 5391 nec
2532 5333 2733 5391 inimici
2761 5352 2862 5391 nec
2888 5336 3046 5392 amici
3085 5345 3212 5392 sunt
3253 5353 3640 5409 congregemus
3667 5383 3681 5405 ,

2098 5437 2152 5482 et
2196 5436 2321 5481 ante
2346 5440 2534 5481 omnes
2561 5469 2576 5492 ,
2609 5427 2988 5496 nosmetipsos.
3034 5426 3496 5494 Quemadmodum
3541 5432 3687 5486 enim

2096 5520 2184 5590 qui
2211 5519 2356 5575 domi
2383 5519 2712 5575 inimicitiam
2746 5520 2941 5588 habet,
2974 5529 3030 5575 et
3053 5535 3173 5575 cum
3231 5537 3397 5577 uxore
3436 5537 3534 5578 sua
3572 5523 3689 5581 dis-

2096 5610 2266 5676 sidet,
2296 5624 2402 5664 non
2428 5616 2510 5664 est
2536 5608 2638 5664 fide
2683 5609 2876 5679 dignus
2916 5618 2973 5663 ut
3018 5610 3152 5665 alios
3198 5612 3508 5668 reconciliet
3533 5655 3547 5681 ,
3589 5615 3685 5671 sed

2095 5700 2276 5756 audiet
2304 5718 2317 5757 :
2353 5699 2551 5754 Medica
2573 5741 2587 5767 ,
2624 5716 2747 5756 cura
2773 5700 2988 5768 teipsum
3040 5700 3208 5771 (Luc.
3239 5702 3293 5757 «1.
3319 5702 3424 5775 25)
3457 5720 3471 5758 :
3504 5705 3583 5761 sic
3630 5718 3687 5761 et

2096 5794 2198 5849 iste.
2226 5791 2429 5847 audiet.
2455 5790 2583 5859 Qua:
2612 5791 2773 5872 igitur
2798 5790 2955 5847 nobis
2993 5802 3076 5848 est
3118 5793 3435 5851 inimicitia?
3472 5798 3684 5870 Animae

2095 5898 2216 5939 cani
2250 5897 2498 5954 corpore,
2525 5883 2742 5939 malitia:
2761 5897 2881 5939 cum
2914 5884 3131 5942 virtute.
3173 5886 3323 5945 Hanc
3361 5889 3638 5946 solvamus
3666 5930 3683 5957 ,
